4020 6186
474 351 579 411 6‘15

1321 339 1381 395 B.
1422 340 1483 394 F.
1525 339 1748 394 Al.le
1784 337 1916 394 SEU
1956 335 2229 393 ALCUINI
2265 335 2551 398 OPEliUM
2588 334 2768 390 PARS
2805 332 2866 389 Il.

3618 339 3724 395 6T6

475 468 603 540 quia
621 463 868 536 quamvis
888 460 1080 528 aliquis
1098 468 1288 529 potens
1307 457 1572 521 videatur,
1594 465 1650 511 et
1673 456 1888 525 sapiens
1905 455 2048 509 testi-
2075 458 2125 514 Α
2218 451 2383 522 430
2404 452 2560 505 Vsus.
2580 450 2667 504 16.
2690 481 2755 490 —
2784 449 2914 504 ﬂare
2943 466 3145 521 quoque
3166 452 3270 505 uidi
3288 450 3469 505 diebus
3491 456 3733 510 vanitatis

470 566 674 621 metur,
703 554 748 609 si
772 549 1059 605 iractmdus
1085 550 1201 604 sine
1227 549 1437 603 ratione
1454 555 1557 613 est,
1588 547 1847 616 insipiens
1872 546 2051 615 argui-

480 662 586 707 tur.
627 649 703 702 Et
732 646 789 700 in
827 641 1116 712 Evangelia
1145 659 1159 695 :
1206 640 1310 707 Qui
1337 641 1587 695 irascitur
1616 640 1770 710 fratri
1793 655 1909 705 suo,
1960 637 2047 692 illa

474 740 556 795 vel
584 738 687 792 alia
718 734 846 807 ills.
866 731 979 805 illa]
998 732 1352 786 aestimatione
1359 729 1548 800 judicii
1564 728 2045 799 dignuseiﬁcietur.

542 827 707 884 Vens.
741 826 829 880 11.
857 854 930 864 —
957 822 1039 878 Ne
1063 822 1209 877 dicas
1235 838 1252 875 :
1278 819 1418 887 Quid
1444 830 1597 888 putas
1625 835 1785 872 causa
1819 828 1893 872 est
1910 819 2049 889 quod

470 920 650 991 priora
679 927 912 988 tempora
939 914 1157 971 meliora
1181 914 1325 983 fuere
1342 927 1501 983 quam
1530 927 1667 966 nunc
1692 909 2048 964 sunt?'Stulta

468 1012 608 1067 enim
630 1016 705 1066 est
728 1008 1030 1080 hujusmodi
1054 1007 1413 1073 interrogatio.
1438 1004 1516 1059 Ne
1541 1004 1689 1059 dicas
1711 1017 1839 1073 ergo
1863 1002 2047 1056 melio-

470 1118 560 1158 res
586 1101 753 1157 fuisse
777 1101 893 1155 dies
920 1099 1019 1154 sub
1048 1098 1229 1167 Moyse
1254 1105 1308 1151 et
1326 1097 1431 1151 sub
1459 1095 1673 1151 Christo
1699 1110 1858 1164 quam
1888 1093 2046 1151 modo

473 1199 622 1247 sunt.
653 1189 789 1244 Nam
815 1198 871 1243 et
900 1187 993 1242 illo
1018 1194 1261 1255 tempore
1286 1184 1467 1253 plures
1493 1182 1710 1237 fuerunt
1752 1181 2042 1247 increduli,

468 1290 525 1335 et
565 1280 683 1335 dies
707 1293 895 1334 eorum
944 1274 1072 1330 mali
1121 1272 1249 1328 facti
1288 1280 1444 1337 sunt;
1493 1280 1548 1326 et
1574 1286 1719 1326 nunc
1764 1274 2048 1327 credentes

468 1370 627 1425 multi
654 1368 1016 1437 reperiuntur,
1049 1365 1115 1420 de
1135 1364 1332 1433 quibus
1354 1363 1432 1417 ait
1459 1362 1707 1418 Salvator
1731 1378 1745 1417 :
1770 1360 2046 1419 Beatiores

468 1470 612 1528 sunt,
643 1462 734 1531 qui
757 1474 843 1517 me
865 1474 972 1514 non
1000 1458 1270 1521 viderunt,
1299 1464 1352 1512 et
1374 1455 1720 1511 crediderunt
1739 1455 1922 1526 (Joan.
1948 1471 2041 1521 xx,

464 1548 577 1621 29).
608 1549 817 1604 Aliter:
853 1547 1020 1603 debes
1066 1547 1144 1601 sic
1169 1546 1370 1611 vivere,
1397 1553 1460 1598 ut
1497 1556 1710 1614 semper
1751 1551 2044 1612 praesentes

465 1641 581 1696 dies
606 1639 857 1694 meliores
878 1637 976 1692 tibi
1020 1636 1129 1692 sint
1153 1649 1314 1705 quam
1341 1634 1619 1704 praeteriti,
1663 1648 1731 1686 ne
1758 1648 1880 1687 cum
1911 1648 2044 1702 pau-

466 1729 616 1783 latim
661 1729 974 1784 decrescere
1013 1726 1259 1796 coeperis,
1312 1725 1524 1780 dicatur
1555 1725 1653 1779 tibi
1695 1738 1710 1777 :
1743 1722 2044 1778 Currebatis

2150 558 2310 607 mem;
2321 542 2499 612 justus
2518 543 2649 612 perit
2675 542 2729 595 in
2745 542 2958 611 justitia
2983 558 3101 606 sua,
3126 551 3173 595 et
3196 543 3387 612 impius
3412 543 3577 598 multo
3612 547 3736 601 vivit

2149 645 2374 706 tempore
2399 636 2455 688 in
2474 632 2678 686 malitia
2700 648 2817 685 sua.
2843 630 2957 686 Hoc
2986 632 3125 686 idem
3152 640 3209 687 et
3228 632 3499 701 Propheta
3520 634 3575 687 in
3595 650 3737 705 scp-

2150 726 2445 795 tuagesimo
2464 724 2699 780 secundo
2718 722 2928 793 psalmo
2947 723 3263 779 detestanda
3288 725 3517 780 miratus
3539 736 3639 781 est.
3666 728 3737 783 Et

2151 816 2402 871 Habacuc
2444 815 2704 885 propheta
2742 812 2893 885 [λίβη
2926 814 2980 867 in
3006 814 3288 884 prophetia
3324 815 3445 887 sua]
3487 816 3737 886 deplorat

2149 923 2316 977 quare
2345 907 2493 976 impii
2544 904 2722 961 felicia
2767 907 3001 961 habeant
3048 914 3312 976 tempora,
3346 915 3399 962 et
3433 906 3568 975 justi
3611 911 3736 979 plu-

2150 997 2302 1052 rimis
2328 1005 2682 1065 torqueantur
2707 996 2968 1050 adversis.
2999 994 3152 1068 [Sed]
3187 996 3283 1050 Dei
3309 998 3365 1051 in
3396 998 3609 1053 occulto
3636 1014 3736 1068 pa-

2148 1087 2336 1141 tientia
2364 1093 2467 1149 est,
2496 1086 2744 1141 tribulari
2766 1101 2911 1142 nunc
2939 1095 3173 1153 sanctos,
3203 1095 3264 1142 ut
3304 1089 3567 1160 recipiant
3590 1091 3733 1145 mala

2149 1176 2201 1229 in
2231 1176 2341 1230 vita
2388 1192 2507 1241 sua,
2554 1185 2608 1231 et
2637 1186 2953 1247 peccatores
2989 1193 3098 1233 non
3126 1179 3351 1235 visitare
3392 1195 3492 1251 pro
3527 1183 3741 1238 scelere

2150 1280 2250 1320 suo
2271 1265 2326 1318 in
2357 1265 2461 1320 hoc
2488 1265 2685 1321 steculo
2709 1267 2996 1334 praesenti;
3023 1277 3085 1322 ut
3115 1278 3169 1323 et
3192 1267 3297 1323 illis
3327 1269 3498 1338 possit
3529 1278 3733 1327 aeterna

2147 1357 2288 1411 bona
2316 1357 2621 1421 restituere,
2650 1365 2707 1412 et
2751 1357 2838 1412 his
2866 1359 3007 1413 mala
3037 1366 3238 1414 mterna
3268 1360 3421 1431 [Λίδη
3447 1363 3735 1435 perpetua]

2146 1448 2367 1514 inferre,
2398 1449 2539 1503 sicut
2566 1449 2634 1503 de
2658 1448 2867 1505 Lazaro
2887 1457 2945 1505 et
2963 1451 3028 1506 de
3055 1452 3221 1508 divite
3244 1452 3462 1523 legitur.
3503 1454 3650 1510 Unde
3679 1465 3737 1511 et

2145 1537 2401 1607 praefatus
2448 1538 2732 1593 Psalmista
2776 1540 3073 1609 respiciens
3097 1540 3258 1597 linem
3295 1544 3585 1609 malorum,
3634 1548 3735 1615 qui

2145 1630 2235 1685 hic
2281 1629 2510 1685 feliciter
2547 1630 2749 1696 vivunt,
2782 1631 3106 1687 exclamavit
3152 1633 3336 1689 dicens
3386 1653 3400 1688 :
3438 1634 3736 1690 Existima-

2147 1722 2263 1776 bam
2293 1732 2350 1775 ut
2393 1736 2753 1792 cognoscerem
2798 1721 2916 1787 hoc,
2967 1720 3118 1776 labor
3154 1732 3230 1776 est
3286 1733 3409 1777 ante
3430 1740 3530 1788 me,
3563 1724 3732 1778 donec

465 1818 610 1884 bene,
632 1820 748 1889 quis
768 1834 855 1873 vos
879 1817 1141 1887 impedivit
1157 1816 1476 1870 veritatinon
1489 1814 1695 1869 obedire
1711 1812 1854 1886 (Gal.
1876 1830 1929 1880 v,
1952 1813 2046 1886 7)?
2079 1799 2119 1857 Β
2148 1812 2335 1865 intrent
2366 1811 2421 1865 in
2454 1812 2816 1865 sanctuarium
2845 1810 2978 1877 Dei,
3027 1821 3078 1865 et
3109 1810 3401 1882 intelligam
3452 1814 3735 1868 novissima

537 1916 700 1971 Vens.
730 1910 1197 1978 12,15.—Utilior
1221 1919 1295 1964 est
1316 1908 1572 1979 sapientia
1597 1924 1753 1979 quam
1765 1908 1977 1970 divitia,
1995 1916 2043 1961 et

465 2007 630 2077 magis
677 2003 887 2076 prodest
938 2000 1228 2057 videntibus
1255 1999 1436 2054 solem.
1484 1997 1632 2054 Sicut
1664 1999 1801 2051 enim
1825 1996 2044 2067 protegit

466 2098 743 2169 sapientia,
798 2096 874 2149 sic
902 2094 1124 2166 protegit
1173 2092 1416 2163 pecunia.
1470 2087 1586 2144 Hoc
1621 2098 1795 2143 autem
1820 2087 2044 2158 amplius

465 2191 615 2246 habet
640 2188 867 2243 eruditio
895 2196 943 2240 et
984 2186 1260 2256 sapientia,
1284 2197 1423 2254 quoa
1462 2182 1621 2235 vitam
1658 2179 1893 2233 tribuunt
1923 2193 2045 2249 pos-

467 2278 653 2333 sessori
677 2294 793 2330 suo.
822 2274 1040 2343 Maioris
1063 2280 1147 2328 est
1167 2272 1352 2342 gloriae
1383 2270 1643 2339 sapientia
1673 2282 1797 2323 cum
1820 2266 2041 2322 divitiis.

468 2365 573 2420 Alii
594 2366 738 2420 enim
757 2363 1020 2433 sapientia
1035 2362 1293 2432 indigent,
1314 2360 1405 2414 alii
1424 2359 1644 2430 opibus:
1669 2366 1725 2413 et
1740 2357 1932 2412 melior
1941 2362 2043 2421 est,

469 2456 563 2526 qui
586 2463 875 2524 utrumque
896 2459 1366 2524 praestatutroque
1396 2448 1677 2519 indigenti.
1706 2445 1810 2513 Qui
1830 2447 2050 2515 sapiens

465 2553 565 2608 est,
591 2553 777 2601 etnon
797 2545 967 2609 dives,
994 2551 1172 2613 potest
1207 2542 1423 2611 quidem
1453 2540 1648 2595 docere
1667 2537 1810 2608 quod
1843 2536 2045 2592 bonum

467 2644 572 2704 est,
593 2638 686 2692 sed
708 2636 977 2692 interdum
998 2650 1104 2690 non
1127 2641 1306 2705 potest
1326 2640 1615 2702 praestare,
1647 2631 1792 2701 quod
1810 2630 2041 2701 petitur;

466 2728 589 2786 ideo
613 2729 732 2783 ait:
778 2727 1049 2798 quomodo
1082 2727 1317 2797 protegit
1349 2725 1647 2796 sapientia,
1701 2722 1778 2777 ita
1812 2722 2050 2792 protegit

465 2826 523 2874 et
565 2818 794 2889 pecunia
832 2836 845 2871 :
890 2817 984 2872 sed
1024 2816 1079 2871 in
1119 2831 1185 2872 eo
1224 2816 1400 2886 major
1428 2822 1511 2870 est
1538 2813 1801 2883 sapientia
1846 2812 2047 2868 divitiis

463 2910 609 2979 quod
635 2910 838 2978 absque
876 2909 999 2965 ullis
1026 2909 1218 2979 apibus
1260 2907 1423 2978 hujus
1454 2906 1637 2963 saeculi
1659 2907 1827 2961 vitam
1854 2906 2047 2961 tribuit

465 2998 683 3054 babenti
732 3013 872 3054 eam.
935 2998 1227 3053 Sciendum
1280 3006 1364 3053 est
1400 3006 1581 3053 tamen
1630 2997 1775 3066 quod
1828 2997 1933 3052 hoc
1979 2995 2048 3051 de

467 3103 600 3144 vera
613 3089 811 3143 dicitur
838 3089 1124 3158 sapientiai,
1150 3104 1270 3158 qua:
1291 3088 1360 3143 ad
1376 3088 1545 3144 vitam
1569 3088 1740 3143 tendit
1762 3095 2041 3153 aeternam,

465 3187 519 3234 ct
546 3178 762 3234 deducit
786 3180 853 3232 ad
878 3178 1047 3234 solem
1061 3177 1287 3247 justitiae
1306 3186 1619 3247 sequentem
1641 3192 1719 3233 se.
1751 3177 1905 3232 Unde
1926 3176 2002 3230 ait
2027 3193 2040 3229 :

478 3269 782 3325 Videntibus
809 3269 992 3335 solem,
1038 3270 1094 3325 id
1129 3278 1234 3336 est,
1281 3270 1701 3339 intelligentibus
1720 3269 1815 3339 qui
1858 3270 1931 3325 sit
1967 3268 2047 3324 sol

464 3361 711 3433 justitite,
742 3354 797 3417 e't
836 3361 1105 3432 quomodo
1136 3360 1559 3433 perveniendum
1588 3363 1659 3416 sit
1684 3361 1753 3416 ad
1777 3377 1919 3416 eum.

534 3457 698 3513 Vens.
727 3454 815 3509 14.
838 3483 910 3494 -—
935 3453 1223 3509 Considera
1251 3469 1408 3523 opera
1430 3453 1551 3519 Dei,
1582 3452 1722 3523 quod
1762 3469 1910 3507 nemo
1929 3470 2047 3523 pos-

465 3554 535 3608 sit
560 3553 819 3623 corrigere
832 3566 984 3622 quem
1007 3548 1096 3604 ille
1116 3548 1423 3620 despexerit.
1447 3547 1505 3602 In
1528 3548 1632 3603 hoc
1646 3546 1911 3602 versiculo
1921 3561 2046 3616 per-

467 3643 653 3715 spicue
686 3643 755 3700 ad
792 3642 1031 3698 studium
1078 3654 1178 3696 nos
1206 3640 1452 3694 hortatur
1486 3638 1762 3709 sapientiai
1791 3645 1846 3692 et
1876 3638 2047 3693 scien-

467 3734 587 3798 tiaa;
633 3740 695 3786 ut
738 3732 1144 3786 consideremus
1191 3743 1354 3798 opera
1397 3729 1515 3795 Dei,
1546 3743 1706 3799 quam
1753 3744 1947 3799 magna
1994 3734 2050 3782 et

470 3836 634 3891 quam
668 3820 935 3874 mirabilia
963 3820 1089 3883 sint,
1118 3826 1174 3874 et
1194 3820 1465 3889 quomodo
1488 3819 1652 3873 alium
1683 3819 1917 3890 gratuita
1938 3817 2049 3886 pie-

472 3916 585 3965 tate
612 3909 850 3981 elegerit,
886 3909 1048 3963 alium
1069 3909 1443 3980 justojndicio
1466 3910 1790 3980 despexerit,
1824 3910 1964 3965 sicut
1982 3909 2049 3963 de

471 3999 636 4056 Jaoob
677 4007 732 4055 et
772 3999 914 4056 Esau
957 4000 1202 4056 dicitur:
1242 3999 1407 4054 Jacob
1438 3999 1629 4065 dilexi,
1661 4010 1709 4054 et
1754 3999 1900 4054 Esau
1929 4000 2049 4054 odio

472 4088 632 4143 habui
655 4088 833 4161 (Rom.
871 4105 946 4155 ιχ,
974 4090 1085 4161 15).
1115 4090 1323 4144 Dicitur
1348 4099 1403 4143 et
1434 4089 1486 4142 in
1513 4090 1756 4158 psalmo:
1787 4088 2050 4143 Universa:

471 4180 568 4234 vite
587 4187 694 4234 tute
717 4178 1075 4234 misericordia
1102 4189 1150 4232 et
1176 4180 1361 4233 veritas
1387 4177 1556 4249 (Psal.
1588 4193 1736 4244 xxxv,
1768 4177 1874 4248 10).

540 4267 703 4323 Vsus.
734 4266 821 4320 15.
855 4297 927 4308 —-
962 4265 1030 4320 In
1068 4267 1154 4319 die
1182 4265 1316 4320 bona
1354 4265 1528 4334 fruere
1554 4265 1722 4332 bonis,
1769 4274 1818 4318 et
1853 4264 2050 4319 malum

469 4357 609 4413 diem
635 4373 886 4429 prwcave.
944 4355 1093 4412 Sicut
1123 4356 1261 4411 enim
1310 4356 1472 4421 hunc,
1525 4356 1600 4409 sic
1650 4363 1699 4410 et
1745 4354 1894 4410 illum
1930 4356 2050 4425 fecit

2150 1918 2331 1956 eorum
2362 1900 2535 1974 (Psal.
2561 1916 2731 1965 Lxm,
2765 1901 2874 1971 16).

2218 1993 2383 2047 Vens.
2417 1992 2505 2046 17.
2531 2022 2603 2033 -—
2629 1990 2758 2046 Noli
2785 2008 2895 2046 esse
2915 1991 3097 2060 justus
3119 1990 3365 2059 multum,
3398 2010 3492 2049 nec
3509 1993 3629 2065 plus
3644 2012 3739 2049 sa-

2145 2086 2260 2156 pias
2278 2102 2435 2155 quam
2460 2101 2665 2141 necesse
2699 2096 2797 2151 est,
2826 2101 2889 2139 ne
2920 2084 3271 2155 obstupescas.
3297 2085 3401 2152 Qui
3422 2101 3551 2142 vero
3593 2103 3730 2142 nun-

2145 2191 2308 2245 quam
2335 2175 2598 2231 fraternis
2643 2177 2925 2248 ignoscere
2966 2182 3208 2249 peccatis
3246 2182 3384 2249 vuit,
3432 2185 3526 2238 sed
3549 2184 3733 2239 omnia

2144 2266 2419 2322 vindicare
2453 2268 2748 2322 secundum
2778 2268 3015 2325 furorem
3045 2273 3211 2327 animi
3257 2274 3361 2340 sui,
3394 2273 3516 2343 plus
3550 2273 3735 2342 justus

2145 2366 2228 2414 est
2254 2374 2416 2429 quam
2446 2360 2619 2415 decet.
2645 2359 2779 2415 Cum
2803 2363 2946 2416 enim
2974 2362 3225 2419 Salvator
3256 2365 3371 2419 ait:
3424 2363 3607 2420 Nolite
3631 2367 3727 2435 ju-

2147 2450 2345 2516 dicare,
2368 2458 2427 2504 ut
2449 2467 2552 2504 non
2572 2451 2888 2521 judicemini
2918 2450 3069 2524 (Luc.
3101 2469 3172 2519 v1,
3200 2454 3299 2519 37;
3338 2463 3393 2510 et
3421 2471 3436 2508 :
3471 2454 3533 2511 Si
3569 2457 3733 2510 dimi-

2147 2540 2318 2594 seritis
2352 2540 2648 2594 hominibus
2672 2550 2885 2611 peccata
2909 2558 3110 2607 eorum,
3153 2543 3376 2597 dimittet
3399 2544 3539 2599 vobis
3568 2544 3734 2599 Pater

2147 2638 2309 2685 vester
2334 2629 2552 2685 ctelestis
2580 2630 2777 2685 delicta
2807 2640 2975 2686 vestra
3002 2632 3215 2703 (Matth.
3259 2650 3337 2699 vt,
3365 2633 3476 2706 11).
3508 2635 3620 2691 Nec
3646 2635 3735 2691 ni-

2147 2720 2251 2776 mis
2272 2720 2493 2791 rigidus,
2521 2729 2615 2775 aut
2639 2722 2821 2778 animo
2848 2722 2998 2794 [Ms.,
3029 2724 3213 2797 nimis]
3241 2726 3449 2782 solutus
3476 2728 3737 2797 magister

2146 2809 2306 2865 debet
2327 2825 2467 2876 esse,
2494 2810 2590 2865 sed
2615 2811 2703 2865 via
2727 2813 2877 2882 regia
2904 2814 3133 2883 ingredi,
3157 2824 3212 2869 et
3235 2816 3580 2872 considerare
3609 2817 3736 2872 dili-

2148 2908 2338 2973 genter
2364 2900 2494 2970 quid
2540 2901 2628 2955 cui
2676 2904 2963 2958 conveniat
3001 2905 3070 2959 ad
3115 2905 3341 2960 salutem
3366 2906 3562 2962 animae
3598 2922 3731 2963 sum.

2148 2991 2304 3058 Quod
2338 2999 2519 3046 autem
2555 2993 2675 3046 ait:
2716 2992 2845 3048 Noli
2876 3010 3110 3065 quaerere
3153 2996 3401 3068 amplius,
3452 3014 3516 3052 ne
3548 2999 3737 3052 obstu-

2146 3098 2358 3154 pascas;
2406 3092 2647 3140 mentem
2684 3092 2924 3140 nostram
2970 3087 3076 3141 scit
3101 3085 3398 3156 perfectam
3438 3103 3545 3142 non
3571 3101 3734 3156 posse

2149 3175 2607 3245 comprehendere
2636 3176 2978 3244 sapientiam,
3011 3185 3067 3231 et
3093 3191 3402 3232 mensuram
3426 3176 3737 3249 fragilitatis

2145 3274 2345 3322 nostrae
2362 3265 2519 3335 jubet
2543 3281 2642 3321 nos
2668 3267 2810 3321 scire
2837 3267 3054 3323 debere.

2218 3356 2381 3412 Vens.
2411 3357 2498 3412 18.
2529 3386 2602 3397 -—
2635 3356 2719 3410 Ne
2759 3357 2916 3428 impie
2940 3374 3067 3427 agas
3107 3358 3347 3423 multum,
3387 3367 3435 3413 et
3468 3359 3577 3414 noli
3617 3377 3734 3416 esse

2146 3447 2356 3515 stultus,
2381 3466 2445 3503 ne
2464 3450 2710 3503 moriaris
2724 3449 2782 3503 in
2800 3458 3027 3520 tempore
3052 3465 3156 3503 non
3178 3460 3289 3503 tuo.
3314 3450 3448 3505 Cum
3469 3450 3735 3508 Dominus

2147 3541 2435 3610 loquatur:
2481 3541 2616 3596 Nolo
2662 3548 2895 3596 mortem
2928 3542 3252 3610 peccatoris,
3302 3545 3396 3599 sed
3429 3552 3639 3598 tantum
3673 3552 3734 3599 ut

2147 3640 2461 3689 revertatur
2473 3644 2529 3689 et
2551 3637 2695 3688 vivat
2723 3634 2939 3706 (Ezech.
2971 3653 3127 3703 xvtn,
3152 3637 3264 3710 32),
3289 3639 3455 3694 semel
3476 3654 3733 3709 peccasse

2148 3723 2398 3788 sufﬁciat,
2433 3724 2692 3780 debemus
2714 3742 2814 3781 nos
2841 3727 3050 3797 erigere
3076 3737 3199 3799 post
3230 3730 3462 3784 ruinam.
3495 3731 3551 3785 Si
3582 3732 3730 3787 enim

2140 3817 2294 3887 juxta
2340 3833 2436 3873 eos
2460 3818 2551 3888 qui
2577 3818 2645 3873 de
2685 3819 2925 3888 physicis
2970 3819 3267 3889 disputant,
3314 3823 3464 3876 novit
3500 3822 3731 3877 hirundo

2146 3910 2322 3981 pullos
2363 3924 2489 3965 suos
2511 3910 2579 3965 de
2623 3925 2718 3965 sua
2760 3911 2977 3967 oculare
3017 3912 3351 3979 chelidonia;
3395 3914 3728 3969 dictamnum

2149 4014 2356 4068 capreae
2404 4008 2661 4071 appetunt
2700 4002 3029 4069 vulneratae;
3090 4018 3187 4058 cur
3241 4019 3341 4059 nos
3406 4004 3720 4073 ignoremus

2150 4091 2469 4146 medicinam
2497 4091 2825 4161 poenitentiae
2849 4095 3177 4164 propositam
3205 4109 3325 4150 esse
3345 4096 3728 4165 peccantibus?

2150 4182 2302 4249 Quod
2344 4191 2525 4238 autem
2562 4183 2637 4237 ait
2678 4199 2693 4238 :
2741 4184 2823 4240 Ne
2852 4186 3094 4240 moriaris
3138 4188 3192 4240 in
3217 4197 3446 4257 tempore
3475 4206 3577 4243 non
3617 4198 3723 4251 tuo,

2152 4273 2353 4329 scimus
2382 4272 2578 4339 Cbore,
2606 4283 2661 4329 et
2683 4276 2913 4343 Dathan,
2944 4284 3000 4330 ct
3034 4277 3236 4331 Abiron
3273 4287 3499 4348 propter
3517 4278 3730 4333 seditio-

2152 4379 2279 4418 nem
2323 4365 2584 4420 adversus
2636 4364 2857 4436 Moysen
2913 4373 2968 4421 et
3009 4367 3192 4421 Aaron
3241 4369 3522 4437 repentino
3570 4377 3731 4424 terra?

472 4448 632 4513 Deus,
665 4456 850 4503 utnon
876 4446 1103 4503 invadat
1130 4446 1283 4500 homo
1315 4455 1498 4501 contra
1530 4461 1649 4500 eum
1665 4446 1842 4517 justas
1871 4447 2049 4518 queri-
2080 4491 2131 4552 υ
2154 4456 2306 4511 hiatu
2343 4456 2630 4512 devaratos
2664 4456 2854 4529 (Num.
2905 4457 3041 4529 XVI),
3089 4466 3144 4513 et
3191 4459 3259 4512 ad
3298 4459 3729 4514 emendationem

471 4545 696 4598 manias.
732 4541 846 4599 Hoc
873 4542 1019 4599 enim
1047 4544 1144 4611 ait,
1174 4542 1484 4614 significans
1511 4543 1753 4597 omnium
1796 4558 1916 4599 esse
1966 4559 2052 4599 re-

474 4634 818 4689 tributionem
843 4648 858 4687 :
889 4634 1012 4690 ideo
1036 4635 1289 4690 admonet
1314 4650 1433 4701 nos,
1466 4635 1609 4691 diem
1639 4635 1861 4701 malum,
1889 4636 1940 4691 id
1970 4642 2052 4692 est

473 4724 616 4779 diem
658 4724 925 4790 vindictae,
957 4739 1279 4793 praacavere.
1311 4724 1458 4780 Bene
1477 4739 1607 4779 vero
1639 4723 1857 4779 facienti
1878 4726 2052 4781 bonus

474 4824 557 4873 est
589 4817 748 4889 hujus
773 4817 897 4873 vitae
918 4818 1054 4883 dies,
1080 4816 1146 4871 ad
1183 4817 1602 4886 promerendum
1628 4823 1847 4871 aeternae
1885 4817 2053 4873 beati-

475 4911 677 4969 tudinis
704 4911 866 4967 diem.
901 4910 1051 4966 Sicut
1072 4912 1216 4965 enim
1246 4911 1389 4965 Deus
1429 4908 1555 4965 fecit
1598 4908 1781 4974 istum,
1810 4917 1869 4963 ut
1911 4911 2050 4965 bene

476 5006 717 5060 vivamus
752 5004 809 5058 in
838 5018 923 5069 eo,
967 5003 1043 5057 ita
1072 5011 1126 5057 et
1168 5002 1316 5057 illum
1363 5001 1504 5056 male
1531 5000 1853 5056 facientibus
1899 4999 2051 5056 fecit.

475 5097 647 5153 Aliter
675 5114 687 5150 :
724 5096 892 5161 Bona,
923 5093 1118 5165 inquit,
1149 5099 1206 5150 et
1230 5094 1388 5159 mala,
1421 5093 1474 5148 id
1500 5099 1583 5147 est
1600 5106 1858 5162 prospera
1882 5102 1938 5148 et
1957 5095 2048 5150 ad-

476 5204 652 5255 versa,
679 5197 842 5259 prout
864 5188 1110 5243 venerint
1141 5185 1296 5259 [Ms.,
1340 5184 1638 5257 evenerint]
1673 5184 1791 5251 tibi,
1822 5186 2051 5241 viriliter

477 5279 706 5345 sustine,
753 5278 880 5348 quia
908 5284 1137 5347 utraque
1179 5276 1275 5331 Dei
1310 5273 1516 5344 judicio
1543 5275 1793 5330 evenient
1837 5290 2050 5345 semper

471 5366 641 5439 justo,
672 5369 920 5439 quamvis
965 5383 1106 5438 stupe
1130 5367 1360 5423 occulto.
1398 5366 1761 5435 Prohibetque
1780 5366 2052 5436 querimo-

480 5459 598 5515 nias
631 5469 817 5517 contra
864 5461 1058 5527 Deum,
1108 5475 1205 5515 cur
1252 5459 1342 5515 alii
1392 5457 1706 5514 felicitatem
1753 5464 1918 5528 atque
1960 5456 2049 5511 alii

478 5551 753 5609 miseriam
780 5556 835 5610 in
861 5556 965 5611 hoc
990 5554 1225 5610 habeant
1252 5552 1475 5610 saeculo.

549 5660 731 5731 alitro
758 5678 824 5715 ex
867 5663 937 5731 S.
954 5661 1103 5716 Hier.
1133 5662 1208 5715 ita
1235 5660 1530 5731 supplenda
1574 5667 1698 5715 sunt
1723 5676 1736 5713 :
1792 5675 1811 5710 t
1842 5657 2046 5731 Bpnum

480 5738 568 5787 est
584 5729 747 5801 justis
778 5729 1110 5793 benefacere,
1142 5732 1236 5785 sed
1261 5727 1316 5785 ei
1338 5727 1710 5798 peccatoribus
1731 5727 2049 5785 benefacere

2155 4548 2382 4604 aliorum
2413 4558 2538 4604 ante
2567 4550 2709 4605 diem
2729 4550 2919 4620 judicii
2949 4548 3159 4623 [etiam]
3192 4551 3245 4605 in
3274 4552 3377 4606 hac
3411 4551 3522 4605 vita
3560 4551 3731 4621 pluri-

2155 4653 2273 4694 mos
2290 4638 2579 4707 judicatos.
2601 4639 2753 4706 Quod
2779 4656 2908 4713 ergo
2933 4641 3065 4696 dicit
3088 4643 3193 4696 tale
3216 4652 3300 4698 est
3318 4661 3330 4696 :
3349 4641 3466 4698 Noli
3491 4643 3729 4713 peccatis

2154 4732 2385 4803 adjicere
2412 4741 2654 4801 peccata,
2683 4748 2750 4787 ne
2774 4748 3035 4801 provoces
3068 4733 3257 4799 Deum,
3281 4742 3337 4788 et
3361 4734 3450 4790 hic
3474 4735 3567 4790 tibi
3596 4733 3732 4789 infe-

2154 4832 2240 4881 rat
2267 4823 2418 4896 [Ms.,
2448 4823 2611 4879 etiam
2637 4823 2725 4878 hic
2753 4824 2851 4878 tibi
2878 4823 3098 4895 inferre]
3130 4825 3471 4895 supplicium.

2224 4918 2387 4972 Vens.
2414 4916 2500 4971 19.
2528 4945 2600 4955 -—
2637 4915 2845 4969 Bonum
2883 4925 2957 4968 est
2983 4924 3033 4969 te
3052 4924 3343 4969 sustentare
3363 4916 3592 4986 justum,
3634 4913 3727 4969 sed

2154 5004 2331 5061 abillo
2360 5018 2423 5058 ne
2442 5003 2718 5058 subtrahas
2740 5020 2953 5058 manum
2977 5013 3124 5058 tuam
3146 5019 3165 5058 :
3194 5005 3318 5075 quia
3348 5006 3438 5075 qui
3459 5004 3604 5058 timet
3622 5002 3730 5057 Do-

2155 5097 2373 5161 minum,
2404 5094 2534 5150 nihil
2560 5094 2789 5165 negligit.
2814 5095 3022 5151 Bonum
3048 5103 3131 5150 est
3146 5094 3310 5164 justis
3337 5098 3476 5152 bene
3514 5096 3727 5161 facere,

2153 5202 2261 5241 non
2288 5186 2544 5257 injustam
2567 5193 2650 5240 est
2671 5192 2879 5241 tantum
2900 5187 3224 5243 domesticos
3244 5188 3367 5243 ﬁdei
3388 5189 3655 5243 sustinere
3677 5201 3726 5253 ι,

2156 5277 2249 5334 sed
2298 5276 2395 5348 [et]
2426 5277 2572 5332 omni
2607 5278 2809 5344 petenti
2837 5278 3099 5346 tribuere,
3123 5287 3453 5349 praeceptum
3484 5289 3587 5335 est.
3631 5279 3726 5334 Τίο

2156 5383 2309 5423 mens
2330 5368 2527 5436 quippe
2566 5365 2874 5435 Dominum,
2913 5378 2969 5425 et
2994 5370 3234 5426 imitator
3267 5370 3578 5426 Conditoris
3610 5369 3725 5436 sui,

2157 5457 2248 5526 qui
2294 5455 2428 5525 pluit
2456 5471 2618 5527 super
2657 5455 2834 5525 justas
2860 5467 2915 5515 et
2956 5461 3202 5531 injustas,
3235 5462 3440 5531 absque
3478 5469 3726 5530 respectu

2155 5562 2505 5615 personarum
2548 5548 2799 5605 omnibus
2839 5550 3162 5607 benefacere
3205 5552 3444 5607 festinat.
3494 5551 3669 5606 Aliter
3708 5564 3725 5605 :

2154 5672 2259 5713 non
2289 5657 2542 5785 injusltum
2570 5671 2671 5717 est.
2713 5660 2919 5718 Bonum
2960 5672 3045 5719 est
3072 5662 3395 5720 domesticos
3419 5663 3539 5719 fidei
3565 5662 3730 5719 susti-

2154 5745 2305 5785 nere.
2336 5746 2354 5781 ›
2381 5746 2409 5785 e
2435 5746 2483 5785 c.

2154 5745 2305 5796 nere,
2336 5746 2354 5781 ι
2381 5745 2483 5785 etc.
