4020 6186
317 345 422 402 697

1133 338 1543 395 EXEGETICA.
1584 369 1653 379 -
1691 336 2047 394 COMMENT.
2088 336 2154 392 IN
2194 335 2726 394 ECCLESIASTEN.

3462 340 3569 395 698

320 458 460 527 Quia
488 456 599 509 vita
629 453 745 508 hzec
774 452 1094 508 miserabilis
1125 454 1355 509 diversrs
1381 454 1621 523 quotidie
1658 453 1901 507 variatur
1929 458 1971 511 Α
2001 450 2210 505 vincula
2238 460 2358 505 sunt
2404 467 2590 507 manus
2618 449 2762 505 illius
2786 465 2809 504 :
2851 452 2945 519 qui
2963 449 3133 519 placet
3176 448 3415 513 Domino,
3447 454 3582 522 αθη-

321 545 630 611 eventibus,
663 552 774 598 tam
817 542 884 596 ad
912 543 1138 599 adversa
1165 559 1329 613 quam
1366 545 1432 599 ad
1472 559 1729 614 prospera
1768 542 1899 612 justi

323 641 539 696 animus
563 646 919 709 prteparetur,
950 646 1004 692 et
1031 648 1219 705 poscat
1247 637 1340 691 Dei
1370 635 1815 699 misericordiam,
1844 643 1902 688 ut

323 731 682 806 quodcunque
715 730 975 793 evenerit,
1021 730 1189 784 libera
1245 738 1424 784 mente
1468 729 1752 783 sustineat.
1800 726 1900 792 Qui

326 819 519 896 [enim]
552 819 708 873 timet
734 817 1042 881 Dominum,
1073 831 1171 871 nec
1196 817 1468 886 prosperis
1498 814 1694 888 [Edit.,
1726 824 1904 884 poste-

327 911 424 986 ris]
456 912 716 974 elevatur,
741 924 843 964 nec
867 908 1190 979 Opprimitur
1219 906 1479 962 adversis.

397 1005 563 1061 Vens.
600 1002 691 1067 20,
725 1002 815 1055 ‘21.
852 1031 922 1041 —
958 998 1226 1069 Sapientia
1267 998 1576 1067 confortavit
1621 996 1904 1066 sapientem

326 1113 482 1167 super
508 1095 682 1148 decem
711 1093 970 1163 principes
1001 1090 1247 1144 civitatis.
1305 1088 1428 1142 Non
1458 1097 1531 1141 est
1574 1088 1711 1140 enim
1750 1086 1905 1139 homo

327 1187 417 1258 qui
445 1186 604 1255 faciat
636 1183 826 1237 bonum
846 1192 892 1235 et
922 1198 1026 1234 non
1053 1188 1244 1250 peccet.
1276 1177 1551 1246 Sapientia
1582 1191 1730 1240 vero,
1767 1175 1906 1230 sicut

328 1277 435 1332 alio
459 1274 576 1329 loco
600 1273 816 1343 legitur,
862 1270 1051 1325 melior
1078 1277 1159 1323 est
1198 1267 1537 1330 fortitudine,
1579 1281 1739 1335 quam
1776 1265 1907 1319 dicit

329 1367 513 1421 decem
562 1362 899 1433 principibus
943 1375 1062 1415 esse
1108 1357 1385 1412 fortiorem
1416 1357 1469 1411 in
1510 1370 1619 1410 uno
1642 1355 1902 1424 sapiente.

328 1456 542 1510 Aliter:
580 1454 770 1509 decem
819 1452 911 1521 qui
967 1459 1287 1520 potestatem
1340 1448 1541 1503 habent
1573 1455 1629 1503 et
1676 1446 1728 1499 in
1775 1447 1908 1502 urbe

330 1547 654 1610 consistunt,
688 1544 862 1615 angeli
895 1552 1038 1609 sunt,
1066 1543 1156 1612 qui
1197 1545 1263 1596 ad
1295 1543 1597 1611 perfectum
1626 1557 1907 1596 numerum

329 1638 611 1708 pervenire
638 1643 867 1706 possunt
901 1634 1181 1688 denarium
1222 1631 1423 1705 [Hier.,
1470 1647 1752 1686 numerum
1788 1647 1911 1701 per-

331 1742 529 1782 venere
554 1722 880 1796 denarium],
899 1731 954 1777 et
981 1723 1306 1778 auxiliantur
1324 1723 1560 1778 humano
1574 1723 1778 1793 generi.
1805 1722 1909 1777 Sed

330 1817 380 1875 si
406 1817 527 1888 quis
554 1815 860 1871 consideret
885 1815 1067 1869 omnia
1091 1813 1306 1877 auxilia,
1340 1812 1512 1880 majus
1539 1822 1622 1867 est
1648 1811 1905 1869 auxilium
1939 1798 1984 1858 Β

330 1907 632 1978 sapientire,
661 1906 714 1961 id
740 1914 823 1961 est
844 1906 1058 1961 Domini
1083 1905 1253 1960 nostri
1276 1902 1402 1958 Iesu
1422 1903 1643 1970 Christi,
1669 1904 1908 1958 omnium

331 2000 665 2072 angelorum,
714 2000 841 2069 quia
884 1998 1063 2053 nullus
1090 2014 1155 2052 ex
1185 1997 1390 2067 angelis
1427 1997 1696 2052 redimere
1737 1996 1913 2065 potuit

335 2093 633 2147 humanum
660 2104 829 2161 genus
856 2088 1093 2159 peccatis
1121 2088 1433 2142 obnoxium.
1472 2085 1611 2140 Tum
1652 2084 1912 2139 Dominus

333 2181 646 2251 angelorum
678 2176 974 2241 descendit,
1004 2185 1059 2231 et
1082 2192 1361 2246 respersos
1383 2191 1482 2230 nos
1505 2175 1767 2244 sanguine
1791 2190 1909 2235 suo,

333 2271 546 2328 sanavit
577 2271 645 2324 ab
679 2268 826 2323 omni
854 2267 1170 2321 infirmitate
1197 2274 1544 2337 peccatorum
1580 2273 1907 2319 nostrorum.

336 2360 490 2416 Sicut
518 2361 660 2415 enim
710 2373 810 2428 per
854 2373 1019 2412 unum
1064 2357 1337 2412 hominem
1388 2355 1609 2409 intravit
1663 2370 1810 2409 mors
1858 2354 1912 2407 in

334 2451 590 2506 mundum
622 2448 792 2519 (Rom.
824 2464 878 2514 v,
918 2448 1024 2519 12),
1057 2448 1132 2501 ita
1161 2462 1256 2516 per
1284 2463 1473 2512 unum,
1508 2447 1562 2501 id
1592 2454 1695 2511 est,
1727 2445 1912 2500 Jesum

334 2541 628 2604 Christum,
662 2538 958 2607 redemptio
987 2538 1136 2593 venit
1165 2538 1217 2591 in
1246 2538 1523 2592 mundum.

346 2698 353 2704 .
405 2631 568 2685 Vens.
592 2629 684 2695 εἰ,
708 2629 799 2683 25.
824 2660 894 2668 -
916 2626 1019 2683 Sed
1043 2638 1090 2682 et
1113 2628 1309 2682 cunctis
1338 2627 1662 2681 sermonibus
1687 2642 1804 2697 qua:
1827 2626 1912 2679 di—

341 2733 532 2777 cuntur
559 2738 624 2776 ne
657 2719 1014 2775 accommodes
1037 2736 1129 2779 cor
1156 2729 1323 2783 tuum,
1349 2735 1411 2772 ne
1436 2718 1568 2788 forte
1590 2718 1778 2772 audias
1807 2733 1917 2771 ser-

337 2829 457 2868 tum
482 2821 631 2866 tuum
665 2811 1056 2864 maledicentem
1087 2809 1199 2861 tibi.
1231 2807 1340 2862 Scit
1377 2810 1513 2862 enim
1542 2817 1634 2861 tua
1652 2808 1917 2861 conscien-

340 2905 415 2957 tia
437 2904 562 2973 quia
593 2911 639 2955 et
660 2910 715 2954 tu
738 2900 914 2954 crebro
936 2898 1255 2953 muledixisti
1283 2899 1420 2952 aliis.
1461 2899 1624 2952 Docet
1648 2896 1812 2966 igitur
1831 2910 1918 2949 sa-

338 2992 575 3061 pientem
626 2988 1011 3043 maledicorum
1055 2986 1269 3057 linguas
1320 3001 1425 3041 non
1472 2984 1785 3049 auscultari,
1826 2983 1921 3038 sed

341 3080 619 3151 sapientiae
665 3080 864 3134 auxilio
913 3077 1275 3133 eonfortatum
1325 3077 1496 3149 magis
1539 3092 1719 3132 mores
1751 3092 1920 3131 vanos

339 3170 749 3245 parvipcndere,
779 3169 1060 3240 magisque
1089 3168 1430 3224 conscientiae
1457 3166 1614 3238 431
1651 3167 1793 3221 bono
1830 3165 1921 3219 15.8-

346 3262 451 3319 tari
501 3277 662 3332 quam
706 3260 1012 3316 maledictis
1046 3260 1237 3314 alienis
1283 3259 1596 3314 contristari
1641 3275 1653 3310 :
1689 3257 1923 3313 maxime

340 3353 437 3427 qui
482 3354 721 3422 seipsum
750 3352 898 3408 novit
943 3350 1232 3420 aliquoties
1260 3350 1380 3403 aliis
1410 3348 1728 3412 detrahere;
1778 3355 1832 3401 et
1876 3348 1921 3402 si

344 3446 453 3504 sibi
486 3446 587 3517 ipsi
616 3445 818 3516 ignosci
844 3444 1113 3498 desideret
1146 3442 1280 3496 alios
1311 3438 1755 3509 reprehendenti,
1805 3439 1924 3494 aliis

352 3553 567 3609 quoque
597 3552 654 3591 se
683 3534 1201 3606 reprehendentibus
1242 3533 1502 3602 ignoscat.
1553 3529 1611 3584 Si
1639 3529 1783 3583 enim
1823 3544 1922 3584 cn-

347 3629 525 3683 riosus
552 3636 635 3682 est
664 3626 935 3696 quispiam
963 3623 1093 3693 quid
1126 3622 1216 3676 alii
1242 3622 1308 3676 de
1336 3637 1394 3676 se
1443 3620 1731 3690 loquantur
1759 3629 1812 3675 et
1838 3618 1926 3688 ju-

346 3720 540 3784 dicent,
573 3733 787 3789 semper
831 3719 887 3771 in
918 3716 1266 3772 tribulatione
1307 3716 1430 3780 erit,
1454 3715 1579 3784 quia
1622 3713 1926 3768 nullatenus

345 3828 446 3867 nec
473 3827 754 3867 servorum
782 3827 1004 3866 suorum
1038 3810 1445 3865 mussitationes
1470 3822 1812 3877 compescere
1834 3821 1926 3860 va—

347 3901 449 3966 let;
475 3910 529 3955 et
559 3901 718 3957 simul
751 3902 905 3955 docet
933 3915 1039 3954 non
1063 3897 1604 3967 facilejudicandum,
1629 3904 1683 3950 et
1706 3895 1925 3950 habenti

347 3995 554 4047 trabem
580 3993 634 4047 in
660 3992 834 4056 oculo,
861 3993 927 4046 de
955 3991 1160 4046 festuca
1189 3991 1411 4045 alterius
1445 4005 1551 4044 non
1577 3987 1921 4057 loquendum.

419 4082 589 4137 Vens.
622 4082 710 4147 24,
741 4082 831 4136 25.
860 4081 1143 4135 —Cuncta
1164 4081 1357 4135 tentavi
1379 4081 1432 4134 in
1455 4080 1732 4152 sapientia.
1757 4079 1883 4133 Dixi
1906 4095 1924 4133 :

346 4171 568 4245 Sapiens
602 4172 822 4242 efﬁciar,
853 4183 900 4228 et
925 4174 1037 4245 ipsa
1072 4173 1278 4242 longius
1312 4173 1519 4225 recessit
1565 4190 1597 4225 a
1643 4188 1722 4225 me
1763 4170 1925 4224 multo

345 4265 518 4335 magis
546 4281 701 4335 quam
737 4274 891 4331 erat;
927 4274 974 4319 et
1020 4264 1128 4317 alta
1169 4263 1526 4335 profunditas,
1555 4255 1671 4334 quis
1708 4263 1928 4316 inveniet

347 4372 468 4411 eam
491 4355 517 4408 ?
538 4354 677 4410 Dicit
711 4371 789 4422 se,
836 4363 895 4409 ut
924 4355 1233 4426 Regnorum
1257 4368 1472 4422 quoque
1497 4361 1761 4407 testantur
1781 4351 1922 4415 libri,

348 4444 493 4499 ultra
517 4461 705 4501 omnes
742 4446 989 4501 homines
1037 4447 1294 4515 quzesisse
1344 4444 1684 4513 sapientiam,
1733 4451 1929 4496 etten—

349 4545 498 4591 tasse
543 4537 611 4592 ad
669 4537 829 4592 finem
869 4538 1009 4592 illius
1060 4538 1386 4608 pervenire:
1419 4536 1512 4592 sed
1566 4545 1769 4606 quanto
1808 4536 1929 4606 plus

350 4625 646 4698 qumsierit,
670 4610 819 4683 tanto
848 4629 1023 4683 minus
1048 4628 1333 4698 reperisse,
1356 4636 1411 4682 et
1440 4628 1494 4681 in
1522 4628 1694 4682 media
1722 4628 1932 4682 demer-

353 4734 473 4774 sum
504 4719 731 4790 caligine
771 4720 1005 4774 tenebris
1034 4719 1348 4789 ignorantiae
1386 4719 1797 4773 circumdatum.
1819 4718 1929 4771 Ali-

352 4816 439 4864 ter
466 4818 645 4865 autem
678 4828 692 4864 :
741 4811 843 4879 Qui
871 4810 1114 4865 eruditus
1150 4808 1313 4864 fuerit
1338 4811 1390 4864 in
1417 4810 1734 4878 Scripturis,
1760 4826 1931 4880 quan-

353 4909 415 4957 to
449 4900 570 4973 plus
589 4917 808 4972 surgere
858 4900 1056 4973 [IIier.,
1085 4901 1205 4971 plus
1234 4900 1395 4971 scire]
1435 4901 1679 4968 coeperit,
1707 4907 1856 4954 tanto
1878 4899 1929 4954 ei

351 4990 415 5050 in
439 4991 525 5046 bis
545 4994 782 5060 quotidie
801 4994 976 5047 oritur
998 4993 1169 5062 major
1195 4993 1496 5047 obscuritas
1523 5010 1534 5044 :
1570 4993 1695 5061 quia
1726 4993 1779 5045 in
1806 5007 1927 5061 spc-

355 5085 480 5141 cnlo
516 5093 570 5139 et
600 5086 831 5156 imagine
853 5088 1113 5150 videmus,
1142 5086 1315 5141 donec
1340 5084 1541 5149 veniat,
1590 5085 1733 5152 quod
1758 5083 1933 5154 perfe-

354 5187 505 5233 ctum
539 5185 623 5233 est
651 5194 666 5243 ;
699 5178 818 5233 ideo
845 5178 961 5234 haec
998 5178 1261 5248 sapientia
1305 5176 1614 5230 mortalium
1663 5189 1825 5243 parva
1851 5180 1933 5227 est

354 5270 425 5323 ad
449 5269 620 5336 illam,
646 5285 767 5338 quae
801 5268 1001 5323 sanctis
1020 5269 1178 5335 datur
1204 5269 1257 5323 in
1289 5266 1471 5322 futuro
1514 5280 1679 5335 regno
1710 5264 1823 5317 Dei.

430 5360 596 5415 Vens.
624 5358 714 5426 26,
747 5360 837 5414 ‘27.
876 5391 946 5399 —
982 5359 1219 5414 Lustravi
1242 5360 1482 5413 universa
1520 5356 1693 5411 animo
1719 5370 1854 5415 meo,
1879 5364 1933 5407 ut

354 5451 569 5515 scirem,
615 5460 662 5504 et
689 5450 1093 5515 considerarent,
1122 5460 1169 5503 et
1208 5466 1492 5519 qua’rerem
1532 5448 1860 5519 sapientiam,
1889 5454 1936 5498 et

357 5540 639 5605 rationem,
663 5550 710 5594 et
740 5550 794 5593 ut
817 5556 1172 5610 cognoscerem
1195 5540 1507 5609 impietatem
1526 5539 1693 5604 stulti,
1719 5549 1765 5593 et
1798 5555 1938 5595 erro-

358 5647 471 5683 rem
502 5631 921 5701 imprudentum;
946 5640 992 5685 et
1022 5631 1189 5685 inveni
1210 5632 1537 5702 .amariorem
1564 5642 1724 5686 morte
1753 5630 1937 5685 mulie-

359 5714 498 5788 t‘cm,
522 5739 639 5793 qua:
664 5725 878 5797 laqueus
921 5735 1222 5780 venatorum
1251 5734 1343 5788 est,
1389 5732 1433 5777 et
1471 5741 1673 5792 sagemc
1700 5741 1786 5777 cor
1808 5724 1940 5794 ejus,

2002 543 2104 612 giet
2146 558 2306 606 eam;
2355 544 2445 609 qui
2496 552 2672 596 autem
2717 550 2958 611 peccator
3000 550 3095 606 est,
3119 542 3352 611 capietur
3369 542 3434 595 ab
3462 542 3577 597 illa.

2004 633 2137 698 Quia
2167 648 2330 701 supra
2356 632 2710 686 Ecclesiastes
2733 632 2941 686 dixerat
2962 631 3142 687 omnia
3172 645 3230 685 se
3278 631 3331 686 in
3364 632 3580 700 sapien-

2005 724 2076 778 tia
2116 733 2371 789 tentasse,
2407 732 2464 779 et
2489 731 2691 792 quanto
2721 738 2842 777 eam
2890 722 3010 791 plus
3060 723 3384 791 inquisierit,
3429 730 3581 780 tanto

2006 813 2150 867 illam
2176 812 2385 882 longius
2408 811 2670 883 refugisse
2693 829 2711 865 :
2756 826 2898 865 nunc
2944 811 3038 876 ait,
3065 811 3267 864 etiilud
3291 811 3345 865 in
3383 826 3478 866 sua
3502 810 3582 865 in-

2004 902 2219 956 venisse
2252 902 2514 971 sapientia
2560 900 2780 962 malum,
2841 900 2984 968 quod
3034 915 3089 953 m
3125 900 3285 954 rebus
3332 899 3588 955 humanis

2004 992 2185 1047 omnia
2208 991 2450 1045 vinceret
2477 990 2637 1055 mala,
2668 990 2720 1043 id
2754 998 2855 1053 est,
2888 990 3169 1044 mulierem
3199 990 3439 1044 omnium
3466 1006 3586 1044 esse

2006 1082 2270 1137 malorum
2298 1086 2481 1149 caput,
2511 1079 2635 1148 quia
2658 1093 2754 1148 per
2780 1078 2924 1131 illam
2946 1093 3093 1133 mors
3119 1079 3171 1130 in
3198 1080 3387 1131 orbem
3415 1089 3585 1133 terra—

2008 1191 2127 1230 rum
2161 1174 2424 1239 introivit,
2451 1182 2508 1228 et
2532 1173 2800 1243 pretiosas
2827 1171 3035 1224 animas
3077 1171 3316 1224 virorum
3346 1171 3506 1238 capit,
3534 1182 3591 1225 et

2006 1281 2130 1322 cum
2168 1264 2223 1318 in
2276 1271 2512 1318 mentem
2549 1262 2732 1316 miseri
2790 1260 3046 1315 amatoris
3093 1260 3365 1327 inciderit,
3424 1262 3594 1316 trahit

2006 1369 2133 1409 eum
2177 1355 2233 1409 in
2262 1369 2525 1424 prteceps,
2554 1368 2652 1408 nec
2687 1361 2811 1407 ante
2835 1352 3001 1422 pedes
3027 1367 3156 1406 suos
3187 1353 3457 1423 respicere
3488 1369 3580 1424 pa-

2008 1450 2161 1513 titur,
2188 1449 2285 1504 sed
2318 1450 2471 1517 quasi
2499 1448 2721 1517 laqueus
2746 1456 2801 1502 et
2830 1462 3043 1516 sagenze
3094 1463 3191 1502 cor
3225 1448 3588 1506 adolescentis

2010 1540 2254 1595 innectit.
2304 1538 2526 1594 Vincula
2558 1548 2679 1594 sunt
2710 1555 2896 1592 manus
2926 1537 3091 1592 illius.
3141 1539 3201 1594 ld
3223 1548 3327 1605 est,
3358 1541 3589 1597 suadere

2010 1639 2203 1700 potest,
2258 1632 2367 1687 vim
2401 1631 2578 1686 facere
2622 1646 2728 1685 non
2759 1638 2956 1699 potest,
3009 1646 3110 1686 nec
3144 1633 3212 1687 ad
3247 1648 3305 1688 se
3349 1633 3597 1690 nolentes

2012 1725 2352 1795 compellere.
2385 1724 2568 1779 Justus
2615 1725 2706 1793 qui
2738 1724 2904 1780 fuerit
2932 1733 2986 1779 et
3021 1727 3196 1782 bonus
3242 1742 3425 1782 coram
3452 1727 3591 1791 Deo,

2009 1825 2227 1872 eruetur
2272 1817 2340 1871 ab
2365 1830 2471 1870 ea:
2520 1823 2773 1884 peccator
2800 1822 2928 1870 vero
2968 1825 3157 1886 captus
3203 1816 3498 1872 deducetur
3524 1816 3594 1871 ad

2011 1916 2258 1962 mortem.
2285 1906 2400 1960 Non
2424 1914 2676 1975 putemus
2709 1905 2838 1961 hinc
2867 1904 3022 1977 [Ms.,
3053 1905 3217 1977 hanc]
3248 1906 3592 1961 Salomonem

2010 1998 2076 2052 de
2105 1998 2253 2054 omni
2305 2011 2501 2068 genere
2560 1996 2846 2050 mulierum
2897 1996 3187 2065 protulisse
3216 1996 3591 2051 sententiam:

2011 2090 2152 2158 quod
2206 2094 2463 2158 expertus
2508 2096 2593 2142 est
2642 2087 2916 2156 loquitur;
2946 2089 3067 2143 ideo
3122 2088 3318 2158 quippe
3374 2085 3603 2142 offendit

2011 2180 2202 2242 Deum,
2239 2177 2363 2246 quia
2395 2185 2585 2247 captus
2611 2176 2712 2230 fuit
2736 2192 2767 2230 a
2797 2178 3130 2232 mulieribus.
3171 2178 3240 2231 Et
3262 2178 3377 2231 hate
3398 2193 3593 2231 secun-

2014 2273 2140 2329 dum
2202 2271 2459 2335 litteram.
2501 2270 2767 2326 Cmterum
2830 2271 3124 2325 secundum
3187 2270 3603 2341 intelligentiam.

2014 2362 2336 2432 Spit-italem,
2389 2361 2644 2416 haeretica
2673 2360 2914 2430 pravitas
2944 2359 3183 2414 mulieris
3208 2359 3424 2414 nomine
3457 2359 3601 2413 desi-

2014 2463 2227 2525 gnatur,
2265 2468 2386 2523 quae
2420 2452 2671 2507 mollibus
2692 2453 2937 2507 incautos
2985 2467 3128 2521 saepe
3158 2452 3287 2521 ligat
3337 2450 3602 2505 sermoni-

2013 2547 2134 2609 bus,
2164 2547 2289 2614 quia
2320 2546 2474 2614 panis
2508 2545 2856 2599 absconditus
2881 2553 2936 2598 et
2971 2560 3125 2612 aquae
3150 2544 3361 2599 furtivae
3398 2544 3605 2600 dulcio-

2016 2653 2105 2691 res
2138 2636 2519 2705 insipientibus
2549 2635 2724 2689 solent
2762 2649 2901 2691 esse.

2084 2728 2249 2783 Vens.
2306 2726 2491 2782 28-30.
2533 2756 2605 2766 —
2646 2725 2790 2780 Ecce
2822 2725 2920 2779 hoc
2946 2725 3137 2790 inueni,
3175 2723 3302 2780 dicit
3333 2722 3603 2779 Ecclesia-

2015 2829 2137 2883 stes,
2170 2834 2331 2872 unum
2369 2826 2417 2871 et
2448 2816 2692 2882 alterum,
2732 2826 2787 2869 ut
2821 2816 3103 2871 invenirem
3152 2815 3410 2869 rationem
3442 2831 3602 2885 quam

2018 2909 2189 2962 adhuc
2224 2910 2412 2978 queerit
2453 2909 2633 2962 anima
2658 2924 2794 2974 mea,
2822 2916 2871 2962 et
2918 2924 3021 2961 non
3070 2908 3262 2961 inveni.
3330 2904 3509 2961 Virum
3535 2907 3604 2962 de

2018 2998 2161 3052 mille
2188 3015 2348 3052 unum
2380 3000 2566 3069 reperi,
2592 2997 2861 3052 mulierem
2908 3014 2972 3052 ea:
2996 2998 3234 3053 omnibus
3269 3014 3374 3051 non
3399 2999 3593 3052 inueni.

2025 3086 2366 3142 Solummodo
2394 3087 2491 3140 hoc
2528 3087 2721 3152 inveni,
2757 3087 2896 3158 quod
2943 3086 3121 3156 fecerit
3164 3085 3304 3141 Deus
3345 3087 3605 3141 hominem

2026 3187 2242 3242 rectum,
2291 3186 2339 3231 et
2381 3179 2490 3247 ipse
2524 3194 2576 3231 se
2610 3177 2831 3246 inﬁnitis
2884 3179 3149 3232 miscuerit
3210 3177 3605 3249 quastionibus.

2024 3268 2216 3324 Omnia
2268 3270 2551 3340 diligenter
2610 3268 2892 3323 tractando
2948 3268 3307 3333 consideravi,
3346 3277 3409 3322 ut
3438 3267 3605 3322 ratio-

2025 3377 2150 3417 nem
2187 3362 2347 3418 unius
2385 3361 2675 3416 alteriusve
2722 3361 2822 3426 rei,
2875 3361 2930 3415 id
2976 3368 3062 3415 est
3113 3359 3483 3429 cujuscunque
3524 3358 3604 3413 rei

2026 3455 2343 3518 invenirem,
2370 3454 2454 3507 vel
2484 3453 2646 3507 etiam
2694 3453 2836 3507 inter
2868 3454 3116 3508 homines
3161 3467 3455 3521 eorumque
3494 3465 3612 3504 mo-

2025 3562 2116 3602 res
2143 3547 2544 3610 discretionem,
2577 3545 2698 3613 quis
2741 3542 2979 3613 perfecte
3007 3544 3182 3597 bonus
3206 3549 3370 3596 esset.
3412 3538 3517 3594 Sed
3540 3554 3611 3593 ex

2026 3641 2279 3696 omnibus
2305 3639 2436 3692 viris
2464 3652 2629 3690 unmn
2660 3635 2837 3688 inveni
2865 3631 3100 3702 perfecte
3144 3634 3366 3697 bonum,
3401 3630 3452 3684 id
3488 3641 3593 3695 est,

2026 3730 2340 3786 Christum:
2375 3727 2514 3780 sicut
2545 3724 2811 3792 Propheta
2862 3722 3030 3776 dicit:
3068 3721 3191 3776 Non
3220 3732 3293 3775 est
3316 3722 3406 3792 qui
3437 3720 3599 3790 faciat

2028 3819 2237 3881 bonum,
2284 3833 2388 3870 non
2438 3822 2513 3868 est
2562 3828 2725 3882 usque
2777 3812 2845 3866 ad
2900 3829 3064 3866 unum
3095 3809 3414 3883 (Psai.xut,
3447 3810 3496 3876 i,
3528 3809 3610 3880 ὅ).

2030 3905 2190 3961 Solus
2218 3904 2468 3959 Christus
2492 3902 2609 3956 sine
2655 3900 2802 3955 omni
2855 3899 2974 3954 labe
3015 3901 3222 3970 peccati
3253 3901 3501 3955 inventus
3530 3906 3616 3953 est

2028 3999 2218 4053 bonus.
2263 3995 2590 4050 Millenarius
2649 4007 2779 4048 vero
2830 4007 3089 4048 numerus
3134 4008 3232 4060 pro
3292 4000 3605 4047 sanctorum

2028 4089 2354 4143 discretione
2390 4103 2420 4141 a
2445 4086 2843 4155 peccatoribus,
2872 4085 2963 4155 qui
2992 4083 3234 4138 mulieris
3266 4083 3484 4137 nomine
3510 4082 3609 4136 de-

2030 4179 2333 4250 signantur,
2360 4179 2463 4232 hoc
2498 4178 2551 4231 in
2581 4175 2700 4231 loco
2742 4176 2976 4245 ponitur.
3020 4175 3115 4231 V'ir
3138 4173 3301 4245 igitur
3341 4188 3373 4227 a
3415 4171 3616 4227 virtute

2029 4271 2246 4335 dicitur,
2295 4277 2349 4324 et
2378 4269 2573 4324 mulier
2597 4283 2629 4322 a
2664 4267 2904 4323 mollitie.
2944 4266 3127 4322 Potest
3177 4281 3389 4335 quoque
3419 4264 3614 4320 mulier

2030 4378 2129 4432 pro
2152 4362 2460 4417 carnalibus
2488 4360 2660 4431 accipi
2695 4358 2966 4429 Operibus,
3022 4367 3077 4412 et
3103 4357 3207 4422 vir,
3249 4356 3393 4426 quia
3415 4354 3615 4408 virtute

2031 4454 2247 4518 dicitur,
2274 4467 2372 4521 pro
2397 4449 2674 4506 rationalis
2719 4449 2887 4503 animi
2918 4448 3255 4502 excellentia.
3295 4444 3401 4500 Sed
3442 4457 3510 4498 ne
3535 4443 3616 4497 vi-

2031 4545 2249 4599 deretur
2277 4543 2362 4597 his
2382 4542 2722 4597 sermonibus
2752 4554 3091 4595 communem
3132 4537 3353 4593 humani
3400 4535 3617 4607 generis

2031 4639 2281 4686 naturam
2314 4632 2590 4694 damnare,
2618 4637 2673 4683 et
2700 4630 2870 4684 Deum
2916 4637 3192 4683 auctorem
3234 4626 3414 4683 facere
3465 4625 3617 4691 mali,

2032 4722 2158 4777 dum
2185 4720 2371 4774 talium
2398 4720 2646 4775 conditor
2671 4721 2743 4774 sit
2774 4721 2866 4789 qui
2921 4719 3122 4774 nmium
3152 4719 3325 4774 vitare
3357 4734 3463 4773 non
3495 4731 3621 4787 pos-

2032 4821 2175 4879 sunt,
2215 4812 2403 4884 argute
2428 4812 2684 4881 pnecavit
2704 4819 2758 4867 et
2784 4813 2877 4878 ait,
2908 4813 3078 4867 bonos
3110 4826 3210 4865 nos
3238 4810 3437 4865 scimus
3458 4825 3487 4862 a
3508 4807 3619 4863 Deo

2034 4912 2268 4970 creatos,
2307 4903 2403 4959 sed
2436 4902 2564 4972 quia
2596 4902 2767 4957 libero
2792 4917 2978 4956 sumus
3006 4901 3232 4956 arbitrio
3259 4898 3523 4963 derelicti,
3546 4898 3624 4953 vi—

2037 4995 2110 5051 tio
2139 5006 2327 5051 nostro
2362 4996 2428 5050 ad
2452 4993 2636 5065 pejora
2662 4994 2791 5059 labi,
2824 4995 2951 5049 dum
2996 4993 3201 5063 majora
3232 4993 3541 5062 qumrimus,
3565 5000 3627 5047 et

2035 5086 2177 5140 ultra
2201 5087 2345 5142 vires
2387 5096 2603 5141 nostras
2632 5085 2784 5139 varia
2804 5086 3120 5155 cogitamus.

2529 5175 2690 5248 (.32
2715 5175 2942 5231 CAPUT
2973 5175 3103 5231 vm.

2108 5269 2271 5323 Vens.
2302 5269 2352 5322 l.
2391 5300 2463 5309 —
2501 5270 2631 5335 Quis
2661 5270 2782 5323 talis
2822 5278 2877 5322 ut
2930 5270 3135 5340 sapiens
3156 5276 3249 5333 est,
3284 5277 3331 5322 et
3378 5267 3496 5338 quis
3533 5282 3629 5319 co—

2040 5362 2209 5435 gnovit
2243 5360 2555 5416 solutionem
2595 5362 2785 5415 verbi?
2822 5360 3095 5432 Sapientia
3137 5360 3363 5414 hominis
3406 5358 3539 5411 lucet
3564 5358 3626 5411 in.

2040 5451 2183 5506 vultu
2213 5451 2348 5521 ejus,
2380 5460 2428 5504 et
2472 5450 2856 5521 potentissimus
2883 5449 3068 5518 faciem
3105 5449 3219 5519 ejus
3265 5446 3617 5502 commutavit.

2045 5539 2219 5611 Supra
2258 5540 2519 5595 docuerat
2561 5536 2774 5593 difﬁcile
2802 5539 3001 5593 bonum
3048 5538 3317 5593 hominem
3366 5535 3618 5599 inveniri,

2046 5638 2100 5683 et
2130 5630 2431 5684 venientem
2459 5636 2646 5684 contra
2695 5628 2931 5684 eluserat
2970 5630 3319 5698 quaestionem
3350 5628 3557 5689 dicens,
3586 5639 3619 5677 a

2051 5726 2157 5782 Deo
2186 5726 2355 5782 bonos
2380 5725 2625 5782 homines
2651 5722 2914 5791 conditos,
2960 5720 3053 5780 scd
3081 5730 3267 5793 sponte
3296 5736 3391 5777 sua
3422 5720 3473 5773 in
3493 5731 3619 5785 pee-
