4020 6186
471 359 576 418 699

469 485 657 533 catum
681 471 877 540 lapsos.
900 462 1064 517 Nunc
1097 459 1226 529 quid
1254 459 1399 514 bono
1423 454 1627 511 homini
1652 451 1863 507 dederit
1883 449 2045 540 Deus,
2081 453 2125 509 Α

472 566 629 639 quasi
672 538 1053 632 gloriabundus
1105 556 1409 613 enumerat,
1462 543 1780 616 sapientiam
1824 538 2050 639 scilicet,

475 630 742 713 rationem
769 642 1091 718 prudentia),
1120 638 1332 695 occulta
1377 636 1473 692 Dei
1504 648 1661 690 nosse
1690 630 1967 703 mysteria,
1999 636 2056 683 et

473 754 671 799 arcana
690 734 809 806 ejus
836 748 999 791 sensu
1042 730 1219 787 cordis
1247 729 1473 783 intrare.
1530 724 1758 794 Oblique
1784 731 1965 777 autem
1988 720 2055 775 de

471 849 530 889 sc
558 831 799 900 loquitur
824 826 970 898 quod
1009 838 1169 879 nemo
1195 822 1271 876 ita
1306 819 1470 875 fuerit
1493 817 1712 888 sapiens
1737 822 1798 869 ut
1835 814 1967 884 ipse,
1999 820 2057 867 et

471 922 651 980 nullus
671 922 753 978 sic
778 919 943 975 sciret
963 914 1303 987 problemata
1321 919 1377 966 et
1397 909 1728 972 solutiones;
1754 913 1810 961 et
1834 903 2054 973 sapien-

471 1018 547 1075 tia
592 1016 710 1087 ejus
760 1030 792 1069 a
821 1017 1017 1068 cuncto
1043 1007 1260 1062 laudata
1310 1003 1383 1059 sit
1430 1000 1648 1073 populo,
1684 1012 1805 1068 qua:
1833 1010 1939 1050 non
1968 1009 2057 1049 so-

473 1111 586 1166 lum
618 1109 948 1164 intrinsecus
978 1100 1218 1164 latuerit,
1247 1096 1341 1153 sed
1371 1106 1427 1152 et
1454 1096 1510 1150 in
1539 1092 1823 1165 superﬁcie
1866 1104 2058 1159 corpo-

473 1204 553 1258 ris
585 1209 639 1256 ct
663 1198 879 1270 speculo
898 1194 1077 1250 vultus
1101 1191 1354 1254 eluserit,
1397 1188 1644 1257 ultraque
1669 1199 1856 1240 omnes
1884 1184 2059 1238 homi-

475 1308 573 1348 nes
598 1288 940 1361 prudentiam
972 1282 1168 1339 mentis
1194 1282 1248 1334 in
1290 1278 1428 1333 facie
1456 1292 1554 1331 sua
1599 1275 1852 1345 pinxerit.
1904 1272 2057 1326 Multi

471 1387 598 1435 sunt
626 1378 715 1447 qui
736 1375 1058 1445 promittunt
1078 1368 1398 1439 sapientiam
1421 1374 1477 1421 et
1498 1365 1819 1420 solutionem
1838 1376 1895 1417 se
1917 1362 2058 1417 scire

472 1470 666 1525 divinae
719 1464 1035 1534 Scriptura,
1067 1461 1163 1516 sed
1204 1458 1361 1528 pauci
1412 1464 1540 1512 sunt
1585 1457 1676 1526 qui
1708 1470 1889 1509 veram
1914 1454 2060 1508 inve-

473 1559 628 1614 niant
659 1554 983 1611 solutionem
1033 1564 1229 1606 meam.
1273 1546 1381 1602 Sed
1420 1546 1602 1601 ethoc
1645 1543 1923 1599 sciendum
1952 1550 2056 1607 est,

472 1649 619 1721 quod
644 1647 864 1719 sapiens
904 1657 1047 1714 sape
1075 1640 1319 1696 moribus
1358 1636 1671 1707 agnoscitur
1714 1635 1977 1699 honestis,
2005 1642 2061 1689 et

472 1743 593 1797 visu
617 1739 947 1796 discernitur
968 1752 997 1790 a
1027 1733 1210 1791 stulto.

542 1831 707 1887 Vens.
738 1829 849 1883 2-4.
891 1856 961 1868 --
989 1826 1103 1896 Ego
1156 1840 1212 1878 os
1268 1823 1401 1893 regis
1447 1821 1681 1887 observo,
1720 1829 1767 1873 et
1800 1827 2057 1891 pnecepta
2091 1809 2137 1871 Β

466 1921 752 1990 juramenti
776 1919 894 1973 Dei.
940 1916 1023 1971 Ne
1063 1915 1274 1986 festines
1306 1913 1542 1967 recedere
1569 1931 1601 1965 a
1622 1911 1758 1979 facie
1794 1912 1930 1982 ejus,
1965 1926 2058 1964 ne-

468 2030 568 2085 que
596 2028 901 2086 permaneas
928 2011 983 2063 in
1006 2025 1156 2079 opere
1183 2005 1343 2072 malo,
1388 2008 1512 2078 quia
1541 2023 1692 2060 omne
1711 2006 1852 2077 quod
1880 2004 2057 2060 rolue-

470 2106 557 2168 rit,
597 2104 774 2175 faciet,
805 2111 852 2156 et
880 2117 1050 2155 sermo
1091 2098 1235 2152 illius
1279 2107 1528 2169 potestate
1585 2096 1770 2168 plenus
1815 2106 1932 2150 est:
1964 2114 2057 2151 nec

470 2194 643 2247 dicere
665 2193 942 2264 quisquam
979 2197 1166 2260 potest,
1213 2204 1378 2259 quare
1421 2188 1497 2241 ita
1541 2188 1709 2257 facias
1736 2186 1762 2239 ?
1796 2186 1871 2242 De
1895 2201 1960 2241 co
1986 2188 2060 2241 si-

471 2284 687 2353 quidem
716 2283 927 2338 videtur
958 2280 1160 2344 dicere,
1194 2279 1262 2334 dc
1290 2293 1397 2348 quo
1445 2279 1497 2332 in
1522 2276 1735 2333 Psalmo
1761 2285 2014 2332 cantatur
2041 2292 2057 2331 :

475 2375 695 2429 Domine
742 2373 798 2427 in
826 2374 1011 2427 virtute
1067 2379 1159 2425 tua
1191 2368 1456 2424 lwtabitur
1501 2385 1593 2423 rea:
1648 2366 1822 2440 (Psal.
1861 2384 1952 2433 xx,
1988 2370 2057 2440 l).

474 2477 529 2522 et
559 2468 615 2521 in
638 2466 745 2521 alio
774 2465 911 2529 loco,
944 2474 1002 2519 ut
1028 2462 1209 2518 Patris
1258 2475 1314 2518 et
1334 2463 1456 2518 Filii
1500 2479 1723 2534 regnum
1778 2479 1946 2517 unum
1976 2463 2054 2518 si-

472 2559 775 2632 gniﬁcetur,
827 2557 1108 2627 Scriptura
1151 2563 1584 2612 commemorat:
1620 2556 1761 2611 Deus
1793 2557 2060 2628 judicium

471 2661 619 2705 tuum
646 2650 753 2720 regi
806 2647 898 2714 da,
941 2657 989 2703 et
1024 2648 1291 2719 justitiam
1338 2657 1485 2703 tuam
1532 2647 1646 2719 [ilio
1693 2648 1828 2721 regis
1884 2648 2058 2723 (Psal.

471 2757 618 2807 Lxxt,
654 2740 729 2812 ί).
774 2738 898 2795 Non
943 2740 1082 2794 enim
1123 2738 1337 2810 judicat
1377 2738 1546 2794 Pater
1602 2756 1938 2812 quemquam,
1970 2741 2061 2796 sed

472 2849 623 2889 omne
659 2833 928 2905 judicium
977 2830 1123 2887 dedit
1178 2831 1318 2887 Filio
1370 2833 1768 2908 (Joan.v,22).
1832 2834 1935 2902 Qui
1964 2850 2059 2890 rex

475 2926 636 2993 ﬁlius,
685 2925 779 2980 Dei
824 2924 1003 2980 Patris
1038 2925 1183 2995 regis
1206 2933 1290 2980 est
1335 2924 1494 2981 ﬁlius.
1537 2925 1708 2995 Hujus
1754 2927 1939 2998 itaque
1967 2942 2061 2983 cu-

473 3016 752 3072 stodienda
788 3024 915 3071 sunt
948 3024 1240 3086 prmcepta,
1298 3017 1391 3087 qui
1439 3018 1556 3072 ait:
1595 3016 1653 3073 Si
1692 3019 1766 3074 vis
1795 3020 1954 3073 vitam
1978 3021 2062 3073 in-

470 3108 632 3175 gredi,
658 3124 804 3163 serva
825 3106 1078 3162 mandata
1109 3106 1323 3180 (Matth.
1356 3127 1468 3174 xxx,
1500 3110 1608 3183 l7).
1632 3110 1899 3167 Admonet
1927 3127 2063 3182 quo-

474 3166 578 3266 que
610 3166 719 3252 non
748 3212 871 3253 esse
914 3166 1252 3255 discutienda
1303 3166 1582 3271 praecepta,
1616 3202 1732 3268 Dei,
1760 3166 2061 3272 quarelhoc
2085 3166 2136 3231 ο

475 3285 555 3341 vel
576 3284 703 3341 illud
715 3287 1051 3358 praeceperit,
1075 3290 1167 3344 sed
1181 3291 1540 3360 quodcunque
1558 3291 1755 3347 viderit
1772 3309 1893 3349 esse
1914 3310 2065 3348 man-

476 3379 682 3445 datum,
712 3378 817 3433 hoc
842 3378 928 3449 pia
985 3393 1137 3434 mens
1192 3380 1425 3434 hominis
1469 3381 1691 3451 implere
1738 3382 1975 3449 festinet,
2006 3393 2067 3440 ut

476 3472 549 3526 sit
575 3471 631 3526 in
659 3470 777 3543 lege
801 3470 1014 3525 Domini
1042 3469 1291 3525 voluntas
1335 3467 1451 3538 ejus
1480 3470 1568 3526 die
1604 3487 1669 3526 ac
1692 3480 1870 3528 nocte.
1909 3473 2066 3528 Jura-

479 3569 721 3617 mentum
764 3561 858 3618 Dei
886 3562 1084 3617 dicitur
1107 3577 1207 3633 pro
1238 3560 1599 3618 afﬁrmatione
1620 3565 1901 3619 sententiae
1924 3566 2064 3637 ejus,

476 3672 597 3725 quae
631 3654 938 3712 nullatenus
976 3655 1249 3710 immutari
1298 3655 1515 3725 poterit.
1555 3655 1761 3712 Idcirco
1780 3656 2065 3713 consilium

479 3748 572 3801 dat
597 3761 667 3801 ne
715 3754 920 3801 stemus
972 3746 1027 3800 in
1054 3761 1217 3816 opere
1268 3746 1428 3812 malo,
1493 3747 1621 3818 quia
1679 3748 1852 3803 nescit
1904 3748 2067 3805 homo

478 3833 609 3906 quid
633 3841 861 3890 ventura
895 3835 1074 3905 pariat
1102 3836 1235 3891 dies.
1271 3835 1441 3908 Igitur
1475 3839 1760 3907 pmnitenli
1798 3837 1951 3912 [Ms.,
1973 3855 2067 3911 pa-

479 3923 656 3999 tienti]
684 3924 1011 3997 indulgentia
1059 3926 1323 3997 promissa
1356 3937 1461 3995 est,
1508 3931 1780 3986 crastinus
1803 3932 1917 3987 dies
1935 3947 2066 3987 vero

477 4016 680 4074 nemini
708 4024 890 4073 certus
932 4025 1035 4073 est.
1069 4018 1192 4073 ldeo
1233 4018 1365 4073 dicit
1412 4017 1734 4091 Scriptura:
1768 4021 1851 4077 Ne
1889 4023 2065 4078 tardes

477 4111 711 4168 converti
750 4109 821 4165 ad
847 4109 1133 4165 Dominum
1163 4110 1353 4183 (Eccli.
1382 4127 1435 4176 v,
1468 4112 1547 4184 8).

548 4205 710 4262 Vens.
743 4203 798 4260 5.
834 4234 907 4246 —
944 4202 1049 4269 Qui
1078 4202 1381 4257 custodierit
1409 4205 1719 4259 mandatum
1749 4205 1901 4278 [Δίκη
1929 4225 2067 4279 prte-

476 4294 726 4369 ceptum],
772 4311 877 4350 non
902 4295 1197 4367 experietur
1250 4294 1305 4347 in
1335 4293 1513 4362 futuro
1575 4294 1864 4366 quidquam
1913 4296 2061 4352 mali.

476 4388 579 4456 Qui
605 4388 658 4443 in
685 4389 790 4444 hoc
815 4386 1011 4443 saeculo
1034 4393 1361 4459 praeceptum
1405 4385 1621 4440 Domini
1670 4385 1925 4453 custodit,
1957 4403 2064 4443 non

478 4480 787 4552 experietur
806 4479 1098 4551 quidquam
1126 4478 1274 4533 mali.
1323 4469 1548 4550 Tempus
1600 4486 1648 4532 ct
1678 4479 2062 4548 responsionem

481 4591 572 4631 cor
595 4574 845 4647 sapientis
871 4572 1130 4644 intelligit.
1161 4572 1413 4644 Praecipit
1448 4581 1629 4628 autem
1654 4579 1710 4627 et
1736 4571 1878 4643 regis
1898 4572 2065 4642 impc-

485 4666 649 4733 rium,
678 4666 734 4721 id
765 4674 848 4721 est
885 4664 1111 4730 Christi,
1147 4665 1599 4731 conservandum,
1648 4672 1704 4720 et
1732 4665 1874 4721 scire
1914 4665 2065 4736 quid,

483 4765 541 4814 et
564 4772 749 4828 quare,
781 4764 835 4812 et
858 4772 964 4828 quo
991 4765 1234 4828 tempore
1246 4755 1452 4827 iubeat.

555 4848 721 4906 Vens.
749 4847 801 4913 6,
834 4848 887 4903 7.
926 4879 998 4890 —
1037 4846 1193 4902 Omni
1219 4848 1421 4919 negotio
1456 4857 1659 4919 tempus
1681 4857 1775 4912 est,
1802 4857 1851 4903 et
1882 4866 2069 4920 oppor-

485 4941 701 5007 tunitas,
741 4949 789 4994 et
824 4939 988 4994 multa
1027 4939 1255 4993 hominis
1286 4940 1513 5011 afﬂictio,
1553 4939 1680 5010 quia
1707 4940 1913 5010 ignorat
1939 4957 2069 5011 prcr-

485 5032 661 5098 ten'ta,
690 5040 739 5085 et
768 5029 951 5101 futura
975 5028 1120 5084 nullo
1147 5030 1281 5084 scire
1326 5038 1492 5101 potest
1539 5031 1749 5084 nuncio.
1789 5029 1946 5086 Omni
1979 5047 2072 5086 nc-

486 5127 652 5200 gotio,
684 5125 778 5191 ait,
804 5135 1014 5195 tempus
1034 5131 1137 5190 est,
1173 5124 1313 5180 idem
1338 5122 1495 5196 [Ms.,
1523 5123 1577 5178 id
1601 5122 1705 5197 est]
1729 5124 1874 5195 quod
1903 5124 1957 5180 in
1983 5141 2073 5181 su-

486 5219 793 5289 perioribus
815 5218 971 5285 dixit,
985 5217 1168 5275 omnia
1178 5215 1636 5287 opportunitatem
1657 5215 1890 5272 habere:
1908 5233 2074 5289 quon-

489 5308 612 5367 dam
627 5310 730 5367 fuit
743 5318 955 5384 tempus
965 5308 1415 5375 circumcisionis,
1430 5309 1524 5364 sed
1536 5308 1698 5365 modo
1712 5317 1923 5381 tempus
1951 5326 2074 5381 gra-

490 5398 595 5454 tiae.
620 5399 832 5455 Etenim
848 5399 1001 5473 [Hs.,
1018 5409 1101 5457 est
1114 5398 1285 5472 enim]
1303 5414 1494 5470 magna
1510 5397 1728 5454 alllictio
1740 5399 1954 5470 generis
1972 5399 2072 5452 liu-

495 5488 663 5555 mani,
677 5490 801 5561 quia
819 5491 886 5546 ad
901 5490 1144 5547 laborem
1170 5492 1333 5547 homo
1354 5490 1616 5555 nascitur,
1630 5499 1685 5544 ct
1705 5490 1870 5545 variis
1884 5489 2070 5561 allligi-

483 5571 585 5632 ‘tur
604 5578 1062 5647 tribulationibus,
1078 5582 1167 5637 cui
1180 5597 1320 5652 smpe
1344 5582 1487 5637 aliud
1506 5582 1706 5647 evenit,
1723 5590 1777 5636 et
1792 5580 1934 5635 aliud
1951 5595 2070 5650 spc-

494 5674 614 5735 rat;
638 5667 707 5723 ab
728 5669 897 5723 altero
918 5671 1020 5726 sibi
1046 5673 1191 5726 velut
1208 5673 1277 5727 ab
1300 5672 1455 5726 hostc
1476 5679 1649 5736 cavet,
1672 5680 1728 5725 et
1755 5669 1980 5725 alterius
1986 5668 2070 5738 ja-

497 5760 619 5820 culo
628 5759 963 5826 vulneratur,
978 5760 1102 5828 quia
1117 5762 1328 5817 nescius
1339 5769 1421 5815 est
1435 5759 1620 5827 futuri,
1640 5762 1774 5817 sicut
1789 5768 1945 5829 poeta
1960 5761 2062 5816 ait:

1318 344 1377 398 Β.
1416 340 1478 397 F.
1517 336 1745 395 ALBINI
1783 335 1916 393 8Εο
1954 334 2231 392 ALCUINI
2271 330 2558 389 OPERUM
2595 330 2777 387 PARS
2816 330 2878 385 ll.

3625 330 3729 387 700

2336 445 2510 496 Nescia
2532 459 2676 495 mens
2694 444 2902 494 hominis
2927 443 3010 493 fati
3032 445 3275 505 sortisque
3293 442 3490 492 future.

3051 525 3193 577 Vina.
3213 525 3405 576 Eneid.
3442 538 3495 577 ι.

2227 657 2485 726 Quamvis
2529 671 2689 713 nemo
2736 655 2808 712 sit
2857 655 3108 711 conscius
3170 654 3499 719 futurorum,
3559 662 3742 711 tamen

2157 750 2299 806 scire
2324 750 2483 805 debet
2508 748 2690 804 omnia
2716 764 2747 803 a
2769 746 2880 803 Deo
2902 748 2971 803 ad
2991 746 3281 801 utilitatem
3302 745 3581 801 hominum
3602 743 3742 813 ﬁeri,

2156 850 2211 897 et
2238 857 2343 895 non
2388 842 2591 911 absque
2609 836 2725 907 ejus
2750 838 3025 894 voluntate
3050 836 3285 906 disponi,
3323 837 3440 892 sine
3465 835 3617 906 cujus
3637 837 3750 894 dis-

2155 934 2425 1004 positione
2453 947 2555 988 nec
2582 947 2723 987 unus
2755 946 2945 1003 passer
2971 932 3024 986 in
3047 929 3299 1000 laqueum
3326 928 3491 984 cadit.

2233 1022 2393 1078 Vens.
2424 1024 2479 1079 8.
2516 1052 2589 1062 -—
2624 1020 2749 1076 Non
2777 1029 2852 1076 est
2876 1020 2933 1076 in
2960 1021 3186 1076 hominis
3214 1019 3410 1074 ditione
3444 1016 3593 1092 [Ms.,
3623 1034 3748 1075 cou-

2158 1112 2374 1185 ditione]
2389 1111 2658 1183 prohibere
2678 1112 2941 1179 spiritum,
2970 1127 3061 1165 nec
3086 1109 3238 1164 habet
3257 1118 3565 1182 potestatem
3585 1110 3641 1164 in
3663 1110 3752 1167 die

2158 1206 2363 1270 mortis,
2414 1222 2504 1259 nec
2553 1205 2747 1259 sinitur
2790 1204 3054 1275 quiescere
3082 1204 3358 1274 ingruente
3403 1201 3556 1267 bello,
3585 1219 3751 1274 neque

2158 1294 2377 1350 salvabit
2403 1296 2644 1366 impietas
2666 1295 2908 1366 impium.
2949 1292 3069 1349 Non
3098 1301 3181 1349 est
3207 1308 3336 1365 ergo
3382 1292 3673 1363 lugendum
3699 1295 3749 1349 si

2159 1388 2339 1443 l‘utura
2369 1390 2509 1444 scire
2533 1406 2640 1443 non
2678 1404 2986 1458 possumus,
3034 1395 3092 1444 et
3130 1403 3269 1458 saepe
3319 1388 3386 1443 ab
3415 1387 3616 1458 iniquis
3650 1403 3747 1458 po-

2161 1479 2482 1534 tentioribus
2500 1479 2891 1550 opprimamur,
2920 1494 3042 1534 cum
3068 1487 3244 1534 morte
3262 1479 3443 1534 omnia
3466 1477 3748 1545 ﬁniantur,

2130 1606 2135 1611 -
2159 1580 2214 1625 et
2238 1570 2501 1639 superbus
2533 1576 2587 1624 et
2613 1576 2806 1639 potens
2832 1569 2925 1639 qui
2950 1578 3146 1625 cuncta
3190 1569 3480 1641 populatus
3507 1577 3613 1636 est,
3639 1586 3747 1626 non

2160 1659 2302 1716 valet
2327 1661 2565 1716 animam
2596 1674 2749 1716 suam
2799 1662 3057 1726 retinere,
3087 1675 3212 1715 cum
3239 1660 3391 1716 exire
3422 1659 3645 1730 jubetur
3679 1660 3751 1717 de

2163 1767 2427 1822 corpore;
2465 1767 2566 1808 nec
2586 1767 2712 1807 eum
2751 1752 2981 1807 salvabit
3015 1750 3262 1823 impietas
3307 1767 3427 1817 sua,
3452 1752 3547 1807 sed
3576 1752 3748 1822 magis

2164 1835 2418 1913 aggravat
2440 1843 2493 1897 in
2523 1841 2612 1898 die
2642 1842 2822 1899 exitus
2850 1843 2956 1909 sui,
2978 1843 3104 1899 dum
3131 1843 3343 1898 meritis
3362 1842 3587 1912 aequalia
3612 1844 3747 1897 reci-

2160 1933 2239 2003 pit
2266 1932 2400 1997 suis,
2424 1939 2479 1987 et
2507 1919 2790 2004 ingruente
2842 1948 3004 2002 super
3030 1949 3088 1989 se
3111 1934 3253 1989 bello
3292 1934 3525 1989 miserim
3556 1948 3747 2002 pecca-

2166 2029 2346 2076 torum
2373 2038 2614 2089 suorum,
2647 2022 2843 2079 salvari
2870 2040 2978 2079 non
3021 2024 3240 2094 poterit,
3268 2038 3334 2080 eo
3354 2025 3500 2094 quod
3522 2024 3746 2095 negliglt

2163 2108 2319 2182 μη,
2349 2112 2442 2182 qui
2464 2110 2723 2185 neglexit]
2758 2121 2969 2182 tempus
2999 2114 3351 2183 paenitentiae.

2229 2198 2390 2273 433
2434 2201 2597 2257 Vens.
2636 2202 2791 2258 9-H.
2826 2232 2898 2242 —
2934 2200 3125 2257 Omnia
3161 2204 3271 2258 hare
3309 2204 3660 2269 considerari,
3698 2214 3748 2259 et

2159 2292 2280 2347 dedi
2307 2308 2398 2346 cor
2420 2309 2591 2346 meum
2619 2293 2675 2347 in
2705 2295 2906 2349 cunctis
2936 2294 3177 2365 operibus
3198 2311 3315 2366 qua:
3340 2295 3475 2363 ﬁunt
3498 2296 3594 2349 sub
3617 2295 3745 2349 sole.

2162 2381 2437 2436 Interdum
2474 2382 2780 2438 dominatur
2819 2384 2974 2439 homo
3014 2386 3214 2440 homini
3243 2387 3298 2440 in
3336 2386 3535 2442 malum
3574 2404 3746 2442 suum.

2173 2469 2290 2525 l'idi
2328 2473 2515 2543 impios
2550 2472 2803 2545 sepultos,
2832 2477 2924 2545 qui
2952 2476 3111 2529 etiam
3139 2493 3257 2530 cum
3295 2477 3468 2531 adhuc
3505 2479 3748 2547 viverent,

2158 2563 2215 2616 in
2253 2561 2367 2617 loco
2404 2573 2586 2618 sancto
2620 2574 2802 2631 erant,
2832 2576 2881 2620 et
2910 2565 3264 2621 laudabuntur
3288 2568 3346 2622 in
3371 2568 3575 2642 civitate
3598 2585 3751 2640 quast

2151 2652 2421 2722 justorum
2449 2670 2681 2725 operum.
2715 2652 2822 2709 Sed
2844 2664 2893 2709 et
2922 2655 3018 2710 hoc
3039 2657 3242 2711 vanitas
3267 2666 3363 2712 est.
3393 2656 3602 2712 Etenim
3625 2676 3750 2731 quia

2161 2758 2265 2797 non
2310 2742 2576 2813 profertur
2616 2744 2717 2798 cito
2758 2745 3015 2799 sententia
3066 2761 3279 2817 cperam
3331 2758 3514 2802 contra
3562 2749 3747 2815 malos,

2160 2834 2353 2905 absque
2397 2833 2507 2889 ullo
2556 2835 2743 2891 timore
2786 2835 2886 2906 ﬁlii
2929 2838 3200 2892 hominum
3245 2850 3542 2911 perpetrant
3586 2839 3747 2894 mala.

2160 2923 2314 2979 Hanc
2347 2926 2669 2979 sententiam
2704 2925 2895 2981 beatus
2930 2926 3290 2999 Hieronymus
3326 2928 3401 2984 ita
3433 2930 3749 3000 interpreta-

2160 3024 2249 3072 tus
2274 3025 2360 3073 est
2386 3035 2398 3070 :
2429 3016 2581 3081 Dedi,
2613 3017 2818 3087 inquit,
2847 3033 2943 3073 eor
2969 3034 3148 3074 meum
3167 3060 3181 3081 ,
3208 3028 3270 3073 ut
3296 3035 3460 3094 omne
3479 3022 3621 3091 quod
3650 3022 3751 3077 sub

2161 3109 2277 3166 Sole
2318 3108 2523 3180 geritur
2569 3108 2832 3175 intuerer,
2881 3118 2937 3165 et
2980 3111 3085 3165 hoc
3134 3108 3264 3183 [vel]
3311 3111 3563 3176 maxime,
3610 3113 3755 3182 quod

2170 3201 2332 3257 homo
2360 3203 2415 3255 in
2443 3200 2687 3256 homines
2715 3201 2907 3271 accipit
2937 3208 3256 3271 potestatem
3273 3241 3288 3266 ,
3317 3209 3376 3255 ut
3402 3215 3755 3270 quoscunque

2164 3292 2281 3348 vult
2300 3334 2315 3359 ,
2345 3292 2546 3364 aﬂligat
2574 3302 2735 3363 atque
2765 3292 3103 3347 condemnet.
3136 3292 3270 3349 Cum
3297 3293 3471 3362 itaque
3508 3300 3753 3346 mentem

2164 3398 2340 3438 meam
2372 3384 2441 3439 ad
2480 3385 2595 3438 hmo
2630 3384 2884 3438 intuenda
2915 3383 3237 3454 dirigerem,
3265 3383 3370 3439 vidi
3405 3383 3597 3453 impios
3627 3396 3756 3438 cum

2165 3477 2259 3532 tali
2289 3477 2541 3547 opinione
2566 3486 2827 3542 mortuos,
2854 3485 2909 3531 et
2936 3476 3015 3531 sic
3042 3476 3298 3547 sepultos,
3324 3484 3383 3531 ut
3410 3475 3584 3531 sancti
3608 3472 3756 3530 aesti-

2165 3578 2447 3624 marentur
2482 3570 2535 3623 in
2570 3577 2735 3634 terra,
2767 3569 2930 3638 quod,
2972 3584 3095 3623 cum
3127 3569 3394 3634 viverent,
3428 3567 3758 3639 putabantur

2164 3662 2310 3733 digni
2336 3676 2458 3717 esse
2494 3660 2751 3716 Ecclesia:
2788 3661 3081 3731 principes,
3116 3669 3172 3716 et
3211 3661 3411 3732 templo
3439 3658 3569 3723 Dei;
3597 3666 3653 3714 et
3677 3658 3757 3713 iu-

2165 3768 2329 3825 super
2352 3738 2693 3809 ambulantes
2726 3752 2914 3807 tumidi
2955 3752 3315 3809 laudabantur
3340 3753 3396 3807 in
3434 3752 3593 3808 malis
3624 3751 3755 3815 suis,

2164 3846 2308 3902 sicut
2345 3845 2605 3916 scriptum
2643 3852 2771 3900 est:
2805 3843 3081 3900 Laudatur
3114 3855 3357 3917 peccator
3394 3846 3451 3900 in
3488 3844 3756 3900 desideriis

2165 3938 2357 3992 animae
2384 3953 2515 4001 sua,
2544 3943 2592 3991 et
2616 3935 2706 4006 qui
2733 3936 2914 4007 iniqua
2942 3937 3093 4007 gerit,
3127 3921 3448 3991 benedicitur
3473 3934 3647 4007 (Psal.
3680 3952 3755 4001 rx,

2164 4026 2277 4099 2i).
2309 4026 2424 4082 Hoc
2446 4034 2628 4081 autem
2651 4032 2939 4096 propterea
2965 4026 3145 4080 evenit
3171 4027 3316 4095 quod
3343 4039 3503 4080 nemo
3525 4039 3756 4095 peccan—

2164 4118 2309 4173 tibus
2343 4116 2609 4188 episcopis
2636 4117 2800 4172 audet
2833 4116 3236 4182 contradicere;
3277 4129 3380 4171 nec
3406 4115 3587 4170 statim
3617 4114 3758 4169 Deus

2165 4210 2235 4263 ob
2282 4208 2459 4263 scelus
2501 4207 2807 4274 ulciscitur,
2856 4208 2952 4263 sed
2999 4205 3177 4263 dil'l'ert
3218 4221 3455 4276 poenam,
3499 4220 3623 4261 cum
3668 4220 3759 4259 ex-

2165 4307 2372 4369 spectat
2404 4300 2798 4371 pmnitentiam.
2829 4298 3154 4354 Peccatores
3182 4306 3363 4353 autem
3389 4298 3483 4367 qui
3518 4311 3625 4352 non
3653 4304 3759 4350 sta-

2165 4390 2265 4444 tim
2292 4389 2465 4460 arguti
2492 4397 2655 4459 atque
2682 4388 2916 4444 correcti
2946 4396 3098 4455 sunt,
3141 4394 3396 4459 putantes
3420 4400 3756 4456 nequaquam

2168 4479 2409 4535 futurum
2444 4496 2565 4536 esse
2589 4480 2849 4552 judicium
2867 4519 2881 4545 ,
2915 4480 2969 4535 in
3000 4480 3205 4536 scelere
3229 4486 3602 4549 perseverant.
3631 4476 3759 4533 Pos-

2169 4587 2355 4627 sumus
2391 4573 2495 4628 hoc
2529 4572 2893 4628 testimonium
2924 4573 3171 4644 accipere
3197 4573 3456 4630 adversus
3479 4572 3761 4642 episcopos

2169 4665 2262 4735 qui
2304 4671 2630 4735 acceperunt
2670 4662 2724 4718 in
2765 4663 3007 4719 Ecclesia
3050 4671 3396 4734 potestatem,
3439 4671 3496 4719 et
3538 4662 3763 4718 scanda-

2169 4754 2337 4809 lizant
2360 4755 2532 4827 magis
2550 4770 2645 4810 eos
2665 4770 2799 4828 quos
2821 4755 3016 4811 docere
3039 4765 3097 4812 et
3120 4756 3190 4810 ad
3216 4755 3439 4810 meliora
3468 4754 3765 4810 debuerant

2169 4847 2415 4902 incitare.
2465 4846 2531 4901 lli
2581 4845 2893 4917 frequenter
2933 4855 3058 4917 post
3102 4855 3334 4903 mortem
3379 4845 3666 4901 laudantur
3708 4844 3763 4898 in

2170 4936 2408 4992 Ecclesia
2437 4936 2595 5008 [Ms.,
2625 4938 2679 4993 in
2717 4937 2957 5007 sarculo],
3002 4945 3059 4994 et
3098 4937 3241 4993 beati
3283 4937 3338 4992 in
3377 4936 3464 4991 his
3492 4949 3612 5005 quae
3651 4948 3760 4989 non

2174 5030 2526 5101 probabiliter
2572 5029 2814 5087 fecerunt
2858 5030 3072 5102 publice
3117 5031 3231 5085 sive
3277 5044 3309 5084 a
3361 5026 3766 5085 successoribus

2174 5123 2289 5178 sive
2319 5137 2349 5177 a
2390 5122 2601 5192 populis
2641 5124 3022 5194 praedicantur.
3067 5121 3136 5176 Et
3174 5123 3279 5177 hoc
3316 5120 3535 5191 quidem
3564 5131 3762 5174 vanum

2173 5223 2277 5279 est,
2305 5214 2448 5285 quod
2475 5231 2583 5271 non
2610 5215 2751 5269 sicut
2776 5222 3033 5284 egerunt,
3065 5214 3144 5269 sic
3172 5213 3426 5279 audiunt,
3455 5224 3557 5266 nec
3580 5207 3763 5264 statim

2174 5306 2540 5375 corripiuntur
2564 5306 2619 5359 in
2649 5315 2871 5375 peccato
2895 5321 3014 5361 suo.
3051 5305 3220 5361 Nemo
3254 5304 3453 5375 quippe
3481 5301 3649 5358 audet
3675 5313 3764 5353 ac-

2173 5410 2368 5450 cusare
2405 5395 2684 5466 majorem.
2718 5393 3012 5465 Propterea
3043 5397 3200 5467 quasi
3229 5395 3402 5452 sancti
3429 5403 3487 5449 et
3525 5391 3669 5448 beati
3707 5390 3763 5446 in

2173 5485 2454 5556 prmccptis
2480 5484 2691 5540 Domini
2713 5487 3071 5552 ambulantes,
3101 5496 3299 5556 augent
3322 5491 3545 5555 peccata
3572 5494 3766 5552 pecca-

2174 5576 2261 5630 tis.
2290 5575 2527 5631 Dillicilis
2549 5584 2634 5631 est
2656 5579 2928 5634 accusatio
2953 5580 3004 5633 in
3025 5579 3337 5648 episcopum
3364 5593 3377 5629 :
3404 5576 3449 5632 si
3471 5573 3617 5631 enim
3642 5583 3766 5642 pec-

2174 5668 2400 5731 caverit,
2448 5684 2550 5724 non
2598 5670 2865 5737 creditur;
2914 5677 2969 5725 ct
3010 5671 3057 5725 si
3102 5670 3379 5726 convictus
3423 5665 3605 5733 fuerit,
3655 5675 3766 5719 non

2174 5760 2409 5831 ptlnilttl'.
