4020 6186
388 337 490 395 701

1222 345 1632 405 ΕΧΕΟΕΤΙΟΑ.
1673 382 1745 392 ——
1780 352 2132 412 COMMENT.
2175 357 2244 413 IN
2279 358 2813 420 ECCLESIASTEN.

3565 373 3666 430 702

454 457 620 514 Vens.
660 458 746 513 12.
782 487 853 498 -—
889 459 1128 514 Attamen
1162 478 1226 515 ex
1259 479 1320 516 eo
1344 463 1484 533 quod
1513 474 1754 535 peccator
1780 469 1968 522 centies
1997 470 2048 531 Α
2072 483 2192 526 esse
2221 471 2390 526 dixit:
2420 488 2628 528 necnon
2657 475 2957 530 esurientes
2982 485 3036 532 et
3063 479 3311 536 sitientes
3330 481 3521 538 beatos
3546 499 3668 541 esse

384 549 512 618 facit
548 547 770 617 malum,
813 560 861 605 et
902 567 994 621 per
1033 553 1337 622 patientiam
1373 564 1715 625 sustentatur,
1755 575 1848 630 ego
1889 576 1976 614 co-

381 639 536 710 gnovi
572 640 713 710 quod
745 643 843 696 erit
877 642 1068 698 bonum
1103 645 1401 701 timentibus
1431 647 1737 715 Dominum,
1774 651 1864 722 qui
1893 669 1976 707 ue-

383 737 565 784 rentur
610 730 800 800 faciem
840 733 976 804 ejus.
1024 735 1104 788 Ex
1147 750 1211 790 eo
1256 738 1399 806 quod
1441 738 1637 807 impius
1681 741 1972 811 plurimum

381 825 574 888 peccat
609 819 736 890 (hoc
771 821 968 891 quippe
1003 822 1272 894 signiﬁcat
1303 826 1447 894 quod
1484 827 1578 894 ait,
1608 829 1844 900 centies),
1879 830 1975 884 dat

381 906 526 963 Deus
544 906 722 964 locum
743 911 1094 980 poenitentiae,
1118 921 1172 968 et
1194 930 1300 970 non
1327 915 1495 989 [eum]
1525 917 1710 972 statim
1736 919 1891 988 punit
1916 922 1971 975 in

382 998 613 1063 scelere,
657 1000 754 1054 sed
792 1010 1070 1071 exspectat
1109 1011 1171 1058 ut
1205 1006 1653 1062 convertatur'ab
1687 1008 1971 1079 iniquitate

383 1103 480 1143 sua
508 1097 564 1143 et
587 1097 714 1160 agat
739 1091 1110 1160 paenitentiam
1143 1113 1156 1148 :
1187 1097 1312 1164 quia
1341 1095 1525 1170 [Deus]
1556 1114 1662 1154 non
1685 1099 1800 1154 vult
1825 1117 1970 1156 mor-

383 1187 494 1235 tem
520 1183 845 1250 pewatoris,
883 1185 979 1238 sed
1005 1193 1066 1239 ut
1100 1195 1446 1242 convertatur
1472 1196 1528 1243 et
1554 1191 1720 1256 vivat,
1762 1206 1862 1262 ego
1888 1194 1971 1248 in~

383 1269 564 1341 telligo
587 1272 714 1342 quia
737 1273 1002 1344 benignus
1025 1283 1081 1329 et
1106 1275 1413 1332 misericors
1445 1293 1607 1349 super
1634 1295 1728 1336 eos
1756 1279 1968 1337 futurus

379 1361 451 1414 sit
488 1363 633 1416 Deus
672 1363 761 1430 qui
806 1362 1007 1418 habent
1046 1351 1294 1420 timorem
1338 1366 1500 1433 illius,
1540 1376 1596 1424 et
1633 1370 1702 1424 ad
1740 1371 1964 1426 verbum

379 1448 497 1518 ejus
524 1454 969 1520 contremiscunt,
998 1462 1052 1509 et
1092 1459 1656 1536 agunypaenitentiam
1683 1461 1747 1515 de
1773 1469 1967 1530 praete-

380 1543 518 1610 ritis,
545 1551 602 1597 et
626 1543 693 1600 de
718 1544 914 1601 futuris
951 1547 1050 1601 sibi
1087 1561 1281 1603 cavere
1318 1549 1600 1619 incipiunt,
1625 1553 1746 1620 quia
1773 1567 1965 1622 pecca-

380 1645 465 1691 tor
498 1645 621 1705 post
656 1637 1050 1706 pmnitentiam,
1092 1640 1140 1694 si
1177 1648 1479 1696 revertetur
1516 1643 1711 1698 iterum
1745 1645 1813 1698 ad
1840 1660 1965 1715 pec-

376 1733 497 1782 cata
519 1728 725 1796 priora,
749 1729 871 1784 cani
895 1739 1242 1800 comparatur
1267 1734 1360 1802 qui
1391 1735 1680 1789 revertitur
1702 1736 1770 1790 ad
1793 1737 1964 1790 vomi-

379 1829 493 1876 tum
519 1837 694 1877 suum.

445 1912 608 1969 Vsus.
644 1915 732 1969 i5.
760 1943 830 1954 ——
864 1914 986 1970 Non
1015 1915 1082 1970 sit
1109 1915 1299 1971 bonum
1323 1919 1505 1990 impio,
1537 1936 1628 1974 nec
1653 1918 1963 1990 prolongeu»

372 2014 462 2060 tur
489 2006 603 2061 dies
621 2007 758 2077 ejus,
794 2008 884 2063 sed
907 2009 1058 2079 quasi
1096 2010 1280 2064 umbra
1308 2020 1606 2075 transeant,
1645 2013 1734 2084 qui
1762 2029 1868 2066 non
1896 2015 1963 2068 ti-

372 2105 512 2152 ment
531 2097 723 2167 [aciem
747 2098 864 2153 Dei.
891 2099 1225 2170 Imprecatur
1244 2102 1384 2157 male
1405 2103 1490 2157 his
1510 2105 1600 2173 qui
1625 2118 1733 2158 non
1759 2105 1963 2159 habent

373 2185 624 2242 timorem
650 2188 768 2254 Dei,
793 2197 848 2244 et
872 2197 1024 2259 optat
1047 2205 1116 2244 ne
1142 2191 1232 2245 diu
1253 2190 1568 2246 diﬁ'erantur
1596 2208 1625 2245 a
1652 2208 1834 2262 pcena,
1864 2194 1960 2248 sed

371 2280 558 2334 statim
588 2289 760 2336 morte
789 2281 1051 2337 subtracti
1087 2283 1360 2338 cruciatus
1397 2283 1660 2354 recipiant
1685 2299 1820 2354 quos
1847 2299 1962 2339 me-

371 2379 578 2425 rentur.
612 2370 799 2426 Simile
835 2373 963 2442 quid
1003 2380 1057 2428 et
1095 2373 1384 2444 Apostolus
1424 2375 1702 2445 loquitur:
1743 2373 1958 2429 Utinam

368 2460 749 2530 praecidantur,
785 2462 875 2532 qui
913 2479 1006 2516 nos
1043 2460 1192 2534 [Ms.,
1230 2462 1339 2535 vos]
1379 2465 1689 2518 conturbant
1729 2462 1871 2536 (Gal.
1905 2480 1954 2527 v,

372 2548 492 2620 12)!
532 2551 602 2604 Et
633 2550 759 2606 alibi
800 2571 812 2605 :
854 2551 1152 2607 Alexander
1185 2556 1408 2608 terarius
1452 2553 1618 2607 multa
1658 2553 1800 2607 mala
1830 2555 1958 2607 mihi

369 2641 612 2704 ostendit,
635 2642 812 2696 reddet
836 2642 916 2696 illi
933 2643 1075 2697 Deus
1095 2644 1378 2698 secundum
1403 2661 1558 2715 opera
1578 2645 1691 2715 ejus
1714 2643 1803 2715 (II
1821 2644 1953 2698 Tim.

370 2747 447 2797 iv,
473 2730 586 2802 14).
607 2731 676 2786 Et
700 2732 856 2786 maiis
881 2733 1100 2802 quidem
1121 2735 1211 2803 qui
1235 2735 1476 2790 converti
1503 2749 1609 2789 non
1633 2735 1841 2801 velunt,
1863 2737 1958 2790 sed

370 2822 427 2876 in
457 2822 660 2877 malitia
687 2839 782 2878 sua
811 2839 1148 2893 permanere,
1187 2825 1382 2880 melius
1409 2833 1492 2880 est
1516 2826 1654 2880 mori
1683 2841 1847 2895 quam
1871 2826 1956 2880 vi-

369 2926 520 2979 vere,
540 2913 664 2982 quia
693 2922 894 2983 quanto
917 2915 1100 2984 plures
1129 2915 1262 2970 vivit
1288 2917 1421 2979 dies,
1457 2923 1606 2971 tanto
1632 2917 1957 2973 atrociorem

369 3001 472 3058 sibi
497 3012 767 3074 praeparat
796 3020 1032 3074 pinnam.
1067 3006 1220 3062 Unde
1247 3015 1302 3062 et
1327 3007 1566 3062 comicus
1588 3007 1665 3062 ait
1691 3025 1705 3061 :

492 3115 616 3176 Quid
639 3115 749 3166 mali
771 3119 1017 3180 imprecer
1042 3119 1249 3179 homini,
1271 3120 1363 3168 nisi
1390 3127 1444 3170 ut
1467 3122 1549 3170 diu
1573 3121 1734 3173 vivat?

442 3222 600 3277 Vens.
635 3221 722 3274 M.
751 3250 825 3260 —-
852 3221 947 3275 Est
984 3231 1031 3275 et
1061 3221 1167 3276 alia
1194 3223 1394 3276 vanitas
1419 3240 1537 3294 qua:
1561 3224 1623 3293 ﬁt
1657 3241 1814 3294 super
1849 3235 1956 3279 ter-

367 3327 482 3366 ram
506 3327 524 3364 :
550 3319 671 3365 sunt
689 3310 826 3380 justi
850 3311 1036 3380 quibus
1065 3311 1207 3364 mala
1236 3310 1380 3382 [Ms.,
1404 3311 1593 3385 multa]
1623 3315 1950 3384 proveniunt,

364 3403 517 3471 quasi
554 3418 709 3472 opera
747 3402 941 3471 egerint
979 3401 1291 3471 impiorum;
1329 3411 1377 3456 et
1414 3412 1534 3457 sunt
1571 3404 1719 3475 impii
1754 3405 1844 3476 qui
1879 3406 1953 3458 ita

365 3502 491 3546 sunt
519 3495 707 3558 securi,
737 3494 888 3564 quasi
905 3494 1174 3564 justorum
1200 3495 1342 3564 facta
1371 3494 1611 3549 habeant.
1647 3495 1752 3551 Sed
1780 3505 1828 3550 et
1856 3497 1954 3550 hoc

367 3584 704 3639 ranissimum
737 3583 942 3654 judico.
981 3583 1126 3639 Inter
1159 3592 1384 3640 caeteras
1423 3586 1691 3641 vanitates
1737 3602 1856 3656 quae
1898 3587 1952 3640 in

365 3674 567 3729 mundo
591 3675 744 3728 vario
769 3673 1016 3729 feruntur
1043 3682 1259 3742 eventu,
1297 3677 1460 3731 etiam
1497 3678 1600 3732 hoc
1627 3678 1953 3748 deprehendi

364 3764 507 3833 quod
527 3763 688 3834 justis
709 3780 772 3819 ea
794 3763 1105 3833 frequenter
1126 3765 1381 3820 eveniunt
1398 3781 1518 3836 quae
1539 3767 1717 3836 impiis
1737 3767 1954 3822 evenire

362 3855 680 3920 debuerant,
711 3863 766 3909 et
800 3855 950 3925 impii
986 3862 1096 3909 tam
1127 3853 1355 3910 feliciter
1392 3857 1447 3910 in
1487 3857 1590 3911 hoc
1626 3857 1826 3911 mundo
1861 3857 1954 3912 de-

361 3957 492 4015 gant
530 3946 686 4020 [Ms.,
722 3945 968 4020 degunt],
1007 3954 1067 4002 ut
1099 3961 1196 4002 eos
1231 3956 1387 4017 putes
1426 3963 1546 4002 esse
1577 3945 1904 4015 justissimos
1935 3965 1948 4002 :

361 4037 816 4106 quemadmodum
849 4038 914 4092 de
942 4037 1105 4092 divite
1132 4044 1456 4107 purpurato,
1484 4044 1540 4091 et
1567 4036 1774 4090 Lazaro
1803 4051 1954 4090 men-

358 4130 484 4185 dico
523 4129 718 4201 legitur
758 4131 813 4184 in
842 4130 1131 4200 Evangelio
1161 4129 1312 4201 (Luc.
1344 4129 1479 4200 xvi).
1513 4128 1953 4199 Septuagesimus

358 4236 579 4291 quoque
612 4222 878 4277 secundus
917 4221 1157 4292 psalmus
1198 4221 1264 4274 de
1307 4221 1409 4274 hac
1451 4235 1511 4274 re
1556 4221 1811 4288 disputat,
1855 4233 1954 4273 cur

352 4311 523 4380 justis
560 4311 826 4367 interdum
865 4311 1007 4366 mala
1035 4319 1092 4366 et
1129 4310 1309 4380 impiis
1348 4310 1599 4365 eveniant
1637 4309 1796 4364 bona.
1843 4309 1952 4364 Sed

359 4401 574 4456 llebrtei
617 4402 717 4456 hoc
753 4402 820 4456 de
858 4402 983 4457 ﬁliis
1008 4401 1192 4456 Aaron
1232 4400 1553 4470 intelligunt,
1588 4401 1679 4470 qui
1718 4399 1829 4455 Deo
1863 4415 1952 4455 sa-

2079 560 2279 616 ibi-dem
2315 569 2564 618 testatur.
2609 564 2716 618 Sed
2755 565 2947 621 melius
2983 577 3069 623 est
3103 569 3171 624 de
3208 571 3437 639 spiritali
3464 574 3584 628 cibo
3615 585 3670 629 et

2076 663 2204 726 potu
2227 657 2502 726 sapientiae
2522 658 2639 712 ha'c
2659 658 2975 730 intelligere,
3001 664 3066 716 de
3089 663 3283 730 quibus
3304 672 3358 718 et
3380 664 3433 718 in
3457 665 3668 734 psalmo

2075 747 2272 820 legitur
2301 769 2314 804 :
2349 753 2545 807 Vinum
2585 753 2822 809 laetiﬁcat
2850 771 2944 811 cor
2979 759 3232 824 hominis,
3268 770 3323 813 et
3351 761 3504 830 panis
3533 777 3664 817 con-

2077 837 2258 894 ﬁrmat
2305 841 2475 912 (Psal.
2522 859 2639 909 Clli,
2670 844 2778 918 15).
2809 845 2962 912 Quod
2999 856 3179 902 autem
3207 850 3322 906 haec
3349 851 3667 921 spiritaliter

2073 930 2352 985 sentienda
2395 941 2542 998 sunt,
2591 949 2821 1004 sequens
2866 938 3163 993 versiculus
3207 939 3562 1008 demonstrat,
3610 943 3664 997 in

2072 1035 2180 1090 quo
2210 1021 2287 1074 ait
2315 1038 2329 1074 :

2144 1111 2305 1166 Vens.
2324 1109 2412 1177 16,
2427 1111 2660 1165 17.-Εε
2674 1115 2891 1184 apposui
2906 1132 2996 1168 cor
3005 1132 3175 1169 meum
3189 1127 3242 1170 ut
3255 1119 3439 1171 scirem
3453 1121 3665 1189 sapienp

2071 1203 2219 1266 tiam,
2251 1211 2298 1255 et
2321 1201 2661 1272 intelligerem
2687 1202 3062 1258 dissensionem
3097 1203 3242 1277 [Ms.,
3271 1206 3659 1281 distentionem]

2069 1307 2185 1362 qua:
2212 1301 2449 1345 versatur
2476 1292 2531 1345 in
2559 1301 2719 1345 terra.
2749 1292 2844 1347 Est
2873 1295 3050 1360 homo,
3083 1295 3173 1366 qui
3199 1294 3382 1350 diebus
3409 1313 3471 1350 ac
3497 1299 3664 1351 nocti-

2070 1381 2163 1435 bus
2185 1397 2424 1435 somnum
2447 1381 2612 1436 oculis
2635 1397 2737 1435 non
2755 1384 2912 1453 capit,
2931 1393 2976 1437 et
2998 1381 3251 1452 intellexi,
3268 1385 3408 1456 quod
3429 1386 3662 1441 omnium

2067 1491 2280 1544 operum
2315 1474 2413 1528 Dei
2439 1473 2636 1528 nullam
2667 1476 2831 1546 possit
2856 1477 3008 1530 homo
3038 1473 3266 1531 invenire
3292 1477 3548 1531 rationem
3575 1493 3662 1530 eo-

2067 1582 2184 1618 rum
2213 1581 2329 1635 qua:
2356 1565 2491 1634 ﬁunt
2517 1564 2611 1619 sub
2636 1564 2743 1618 sole
2770 1581 2788 1618 :
2814 1575 2860 1619 et
2885 1575 3079 1635 quanto
3105 1564 3222 1635 plus
3250 1565 3561 1620 laboraverit
3589 1566 3660 1619 ad

2065 1653 2422 1727 quazrendum,
2451 1663 2594 1707 tanto
2625 1656 2798 1708 minus
2823 1656 3045 1708 inveniet
3073 1671 3091 1708 :
3120 1655 3324 1709 etiamsi
3351 1655 3540 1709 dixerit
3571 1672 3660 1709 sa—

2067 1749 2213 1818 piens
2240 1764 2294 1800 se
2321 1764 2470 1800 nosse
2489 1787 2503 1812 ,
2545 1764 2648 1801 non
2674 1746 2860 1816 poterit
2894 1748 3136 1816 reperire.
3168 1747 3421 1802 Testatur
3454 1747 3660 1802 scilicet

1995 1817 2038 1874 Β
2068 1838 2258 1894 melius
2281 1853 2401 1894 esse
2435 1839 2488 1892 in
2522 1837 2870 1892 meditatione
2899 1837 3190 1907 Scriptura:
3217 1847 3418 1893 sanetae
3445 1839 3656 1893 versari

2065 1928 2151 1983 die
2175 1943 2239 1983 ac
2265 1937 2451 1994 nocte,
2476 1943 2634 1998 quam
2659 1927 2713 1981 in
2739 1927 2911 1996 epulis
2937 1926 3242 1982 carnalibus
3268 1931 3494 1998 perdere
3519 1938 3656 1984 tem-

2063 2037 2196 2092 pora
2241 2020 2340 2076 sibi
2372 2035 2403 2074 a
2444 2017 2556 2076 Deo
2595 2021 2717 2075 data
2762 2022 2827 2075 ad
2869 2021 3256 2090 proﬁciendum
3287 2024 3339 2076 in
3378 2023 3654 2090 sapientia

2064 2111 2274 2176 studiis,
2299 2118 2360 2165 ut
2385 2118 2674 2182 cognoscat
2709 2111 2977 2165 mirabilia
3002 2110 3117 2177 Dei,
3143 2122 3196 2168 et
3224 2111 3408 2166 laudet
3433 2111 3655 2167 Creato-

2062 2220 2179 2258 rem
2217 2205 2269 2258 in
2306 2204 2562 2273 operibus
2593 2204 2706 2258 suis
2748 2221 2760 2258 :
2804 2205 3050 2273 quamvis
3087 2202 3294 2258 occulta
3333 2213 3459 2259 sunt
3499 2202 3655 2275 [Ms.,

2062 2293 2190 2366 sint]
2225 2294 2427 2362 judicia
2451 2293 2563 2359 Dei,
2594 2302 2774 2349 tamen
2811 2295 3052 2348 miranda
3086 2303 3233 2360 sunt,
3261 2303 3316 2349 et
3340 2293 3568 2349 Creator
3597 2294 3651 2347 in

2061 2385 2140 2440 eis
2178 2383 2476 2440 laudandus
2507 2392 2606 2439 est.
2648 2384 2715 2438 Et
2753 2385 2882 2453 quid
2913 2386 2978 2439 de
3017 2385 3182 2439 stulto
3212 2385 3496 2440 dicendum
3535 2393 3653 2448 est,

2061 2476 2187 2532 dum
2212 2476 2484 2530 studiosus
2511 2477 2790 2546 sapientia:
2813 2475 3086 2531 scrutat‘br
3110 2477 3352 2532 invenire
3381 2492 3485 2530 non
3511 2477 3656 2530 valet

2059 2582 2230 2637 quare
2267 2567 2370 2622 hoc
2398 2565 2483 2621 vel
2511 2566 2642 2620 illud
2670 2564 2872 2620 factum
2905 2567 2992 2631 sit,
3024 2575 3080 2620 et
3108 2582 3278 2635 quare
3305 2567 3535 2620 mundus
3559 2582 3654 2621 va-

2061 2657 2156 2710 riis
2183 2656 2514 2726 gubernetur
2539 2644 2843 2719 eventibus,
2875 2669 2973 2708 cur
3001 2654 3139 2709 alius
3172 2669 3367 2718 ctecus,
3398 2654 3534 2708 alius
3560 2655 3653 2708 de-

2057 2744 2201 2809 bilis,
2243 2743 2382 2798 alius
2415 2743 2604 2798 videns
2633 2751 2688 2797 et
2724 2758 2890 2799 sanus
2917 2752 3174 2798 nascatur
3201 2761 3213 2797 :
3249 2743 3337 2798 hic
3364 2751 3652 2813 pauperta-

2059 2844 2166 2890 tem
2199 2835 2417 2901 habeat,
2459 2835 2548 2890 ille
2584 2836 2831 2902 divitias;
2864 2836 2966 2891 iste
2999 2838 3073 2891 sit
3109 2835 3326 2900 nobilis,
3363 2835 3452 2890 ille
3481 2835 3652 2906 inglo-

2057 2927 2190 2980 rius.
2233 2925 2584 2981 Subostendit
2614 2927 2795 2996 itaque
2831 2928 2916 2981 his
2950 2927 3150 2993 verbis,
3184 2942 3306 2982 esse
3335 2941 3526 2981 causas
3565 2942 3652 2980 re-

2056 3033 2178 3072 rum
2224 3017 2461 3071 omnium
2508 3017 2858 3073 rationabiles
2899 3033 2998 3088 per
3026 3016 3291 3085 justitiam
3336 3015 3432 3071 Dei
3478 3031 3648 3086 quare

2055 3107 2474 3177 unumquodque
2502 3105 2616 3171 ﬁat,
2657 3107 2752 3162 sed
2783 3109 2836 3161 in
2873 3106 3086 3162 occulto
3115 3122 3210 3161 eas
3244 3106 3432 3172 latere,
3460 3117 3513 3160 et
3540 3121 3649 3161 non

2058 3213 2214 3268 posse
2240 3198 2308 3253 ab
2334 3199 2638 3253 hominibus
2664 3199 3068 3275 comprehendi.

2664 3306 2901 3365 CAPUT
2929 3309 3021 3362 1X.

2126 3402 2291 3458 Vens.
2328 3403 2377 3468 1,
2403 3402 2459 3456 2.
2481 3432 2553 3441 ——
2577 3401 2766 3456 Omnia
2796 3403 2908 3456 ha‘c
2933 3404 3153 3456 tractavi
3177 3403 3230 3457 in
3255 3403 3410 3458 ccrde
3431 3420 3566 3468 meo,
3593 3422 3647 3467 ut

2055 3493 2259 3546 curiose
2296 3491 2655 3563 intelligerem.
2696 3490 2832 3548 Sunt
2862 3491 2995 3562 justi
3027 3502 3073 3546 et
3103 3494 3378 3561 sapientes,
3410 3501 3455 3545 et
3494 3509 3648 3560 opera

2054 3600 2242 3658 eorum]
2277 3583 2334 3636 in
2382 3600 2543 3636 manu
2589 3579 2707 3646 Dei,
2755 3591 2804 3634 et
2851 3593 3025 3636 tamen
3072 3583 3229 3635 nescit
3275 3583 3429 3635 homo
3471 3592 3647 3636 utrum

2055 3689 2234 3729 amore
2278 3690 2348 3726 an
2394 3673 2514 3726 odio
2558 3671 2746 3741 dignus
2795 3671 2893 3734 sit,
2941 3671 3031 3724 sed
3077 3673 3255 3725 omnia
3304 3673 3359 3725 in
3408 3671 3648 3742 futurum

2053 3773 2328 3818 servantur
2368 3763 2589 3827 incerta,
2634 3777 2693 3815 eo
2729 3762 2870 3832 quod
2913 3763 3158 3818 universa
3203 3781 3348 3839 irque
3388 3763 3648 3820 eveniant.

2055 3855 2226 3910 Porro
2263 3854 2352 3909 hic
2387 3867 2580 3908 sensus
2609 3860 2691 3908 est
2727 3851 2888 3920 hujus
2921 3855 3202 3910 sententia:
3241 3874 3253 3908 :
3293 3851 3345 3910 in
3384 3857 3488 3910 hoc
3524 3855 3647 3910 dedi

2056 3960 2155 4000 cor
2181 3959 2383 4008 meum,
2414 3951 2470 3998 et
2493 3942 2633 3998 scire
2656 3942 2798 3998 volui
2829 3959 2964 4012 quos
2991 3945 3133 3999 Deus
3156 3946 3403 4015 diligeret
3429 3958 3482 4002 et
3508 3963 3647 4016 quos

2056 4035 2277 4090 odisset.
2314 4034 2496 4088 inveni
2518 4031 2792 4102 justorum
2821 4049 2987 4102 opera”
3009 4035 3064 4088 in
3093 4049 3260 4086 manu
3284 4035 3379 4089 Dei
3406 4052 3562 4102 esse;
3595 4046 3652 4091 et

2057 4136 2239 4182 tamen
2272 4134 2452 4180 utrum
2498 4132 2746 4180 amentur
2774 4141 2806 4180 a
2834 4123 2943 4179 Deo
2972 4139 3040 4178 an
3073 4139 3200 4189 non,
3239 4124 3380 4179 scire
3414 4141 3649 4195 nequeo,

2055 4225 2113 4273 et
2155 4216 2366 4287 ambigo
2409 4214 2675 4271 fluctuans
2714 4215 2770 4270 in
2813 4215 3228 4288 cogitationibus
3266 4215 3424 4280 meis,
3465 4226 3649 4270 utrum

2055 4308 2362 4364 sustineant
2387 4308 2454 4363 ad
2481 4308 2855 4377 probationem
2888 4308 3021 4377 justi
3050 4307 3421 4363 tribulationcs
3462 4308 3516 4362 in
3546 4308 3650 4363 hoc

2055 4400 2273 4463 sazculo,
2305 4400 2446 4454 sicut
2474 4397 2607 4464 Job;
2645 4415 2711 4452 an
2748 4413 2847 4468 per
2873 4399 3077 4462 odium,
3119 4406 3178 4452 ut
3208 4398 3424 4468 plurimi
3456 4414 3652 4469 pecca-

358 4488 668 4544 criﬁeautes
700 4490 1008 4560 perierunt;
1039 4499 1094 4544 et
1130 4490 1197 4545 de
1234 4490 1500 4556 Manassc,
1529 4491 1618 4560 qui
1650 4498 1771 4560 post
1799 4499 1946 4545 tanta
1983 4517 2030 4575 ι)
2056 4501 2220 4548 tores.
2252 4490 2358 4545 Sed
2380 4491 2484 4544 hoc
2506 4503 2650 4544 nunc
2676 4489 2907 4544 lia-betur
2930 4491 3237 4545 omnimodo
3267 4491 3553 4546 incertum.

358 4578 504 4634 mala
532 4579 787 4642 reductus
816 4589 899 4635 est
925 4581 992 4635 de
1021 4581 1350 4650 captivitate,
1385 4587 1440 4634 et
1473 4580 1751 4634 restitutus
1782 4582 1834 4635 in
1866 4596 1950 4636 rc-

355 4689 548 4744 guum,
575 4682 636 4728 ut
662 4674 780 4729 dies
807 4689 934 4728 suos
963 4672 1190 4728 feliciter
1215 4672 1416 4727 ﬁniret.
1697 4683 1710 4692 '

432 4762 596 4836 434
631 4765 795 4820 Vens.
831 4763 916 4817 15.
952 4794 1024 4803 —-
1060 4762 1295 4816 Laudavi
1333 4763 1493 4832 igitur
1528 4763 1786 4829 lwtitiam,
1812 4765 1951 4835 quod

355 4873 468 4913 non
490 4867 619 4911 esset
647 4856 847 4910 homini
872 4855 1060 4910 bonum
1083 4853 1176 4908 sub
1199 4852 1325 4917 sole,
1355 4854 1455 4907 nisi
1476 4854 1615 4923 quod
1641 4853 1950 4919 comederet,

356 4957 407 5001 et
440 4947 659 5012 biberet,
691 4955 846 5017 atque
873 4945 1156 5017 gauderet,
1182 4954 1228 4998 et
1257 4945 1353 4997 hoc
1380 4943 1546 4996 solum
1575 4961 1749 4997 secum
1776 4945 1954 5013 aufer-

360 5048 438 5092 ret
465 5037 530 5093 de
557 5039 733 5092 labore
759 5055 856 5092 suo
881 5039 935 5092 in
956 5038 1136 5092 diebus
1160 5037 1294 5100 vitae,
1317 5052 1444 5106 quos
1466 5035 1606 5089 dedit
1629 5037 1677 5089 ei
1699 5037 1838 5091 Deus
1858 5039 1952 5092 sub

357 5129 490 5185 sole.
514 5129 875 5185 Concionator
896 5139 1099 5194 noster,
1120 5129 1212 5200 qui
1234 5128 1432 5183 multas
1452 5128 1505 5182 in
1528 5142 1588 5181 se
1609 5127 1959 5199 transﬁgurat

317 5235 336 5244 ί
355 5235 648 5291 personas,
680 5220 841 5275 modo
867 5221 1009 5291 vulgi
1039 5222 1204 5277 verba
1235 5219 1456 5292 profert,
1489 5221 1631 5290 quod
1656 5220 1788 5275 nihil
1814 5221 1958 5276 aliud

356 5311 560 5366 bonum
589 5311 854 5375 aestimat,
882 5312 985 5366 nisi
1018 5312 1188 5366 laetari
1219 5312 1592 5368 manducando
1621 5319 1676 5368 et
1701 5311 1958 5377 bibendo,

355 5413 416 5458 et
452 5404 632 5459 saiculi
673 5402 956 5459 serviendo
987 5403 1142 5475 [Ms.,
1172 5405 1396 5478 servire]
1433 5405 1657 5470 deliciis,
1687 5419 1952 5460 summam

355 5497 608 5567 accipere
634 5495 966 5552 felicitatem.
1000 5495 1107 5551 Sed
1133 5496 1247 5550 lucc
1269 5499 1554 5562 sententia,
1584 5498 1628 5553 si
1658 5498 1736 5552 sic
1764 5496 1958 5552 intelli-

353 5586 504 5657 gitur
540 5587 679 5641 sicut
713 5587 915 5656 scripta
954 5593 1068 5648 est,
1112 5587 1338 5640 miseros
1377 5587 1691 5657 approbavit
1729 5602 1862 5656 quos
1902 5587 1956 5640 in

355 5676 653 5746 Evangelia
692 5675 907 5750 (Matth.
951 5676 1004 5746 v)
1048 5677 1306 5731 Dominus
1343 5676 1527 5732 beatos
1569 5681 1763 5733 asserit
1801 5677 1952 5748 [.tls.,

360 5763 545 5838 dixit],
595 5765 647 5822 id
695 5777 778 5826 est
818 5783 1100 5839 pauperes,
1154 5781 1381 5838 quorum
1429 5784 1649 5838 regnum
1697 5771 1956 5828 caelorum

2127 4583 2294 4637 Vsus.
2322 4583 2375 4636 5.
2399 4611 2468 4620 -——
2493 4581 2646 4635 Iusto
2677 4591 2722 4634 et
2753 4582 2932 4651 impio,
2963 4582 3097 4636 bono
3124 4592 3170 4636 et
3199 4581 3361 4647 malo,
3386 4583 3581 4639 mundo
3603 4594 3652 4639 et

2053 4672 2354 4735 immundo,
2403 4671 2693 4724 immolanti
2742 4673 2979 4725 victimas
3020 4681 3069 4726 et
3116 4673 3380 4742 sacriﬁcia
3421 4683 3653 4729 contem-

2057 4769 2219 4822 nenti.
2275 4766 2423 4822 Sicut
2477 4765 2670 4831 bonus,
2719 4766 2796 4819 sic
2844 4775 2891 4820 et
2943 4776 3183 4837 peccator
3230 4783 3248 4820 :
3301 4776 3359 4821 ut
3409 4768 3654 4838 perjurus

2060 4857 2256 4930 [Edit.,
2281 4854 2597 4926 periturus],
2627 4857 2702 4908 ita
2738 4865 2786 4909 et
2826 4854 2916 4909 ille
2944 4857 3034 4926 qui
3071 4872 3249 4909 verum
3283 4855 3502 4924 deierat.
3539 4855 3656 4908 Hoc

2062 4961 2134 5005 est
2175 4950 2454 5019 pessimum
2498 4947 2632 5000 inter
2673 4948 2848 5000 omnia
2889 4965 3006 5018 qua:
3045 4948 3177 5015 ﬁunt
3218 4951 3312 5001 sub
3360 4945 3486 5011 sole,
3531 4947 3656 5016 quia

2065 5040 2244 5094 eadem
2273 5039 2474 5094 cunctis
2502 5039 2762 5092 eveniunt.
2798 5039 2870 5093 Ea
2903 5056 3021 5109 quae
3050 5053 3144 5109 per
3170 5055 3227 5093 se
3256 5054 3354 5092 nec
3381 5037 3520 5093 bona
3558 5053 3657 5091 nec

2066 5128 2207 5183 mala
2238 5137 2382 5193 sunt,
2408 5138 2464 5182 et
2490 5144 2522 5183 a
2551 5130 2883 5200 sapientibus
2909 5131 3067 5201 hujus
3101 5130 3278 5184 smculi
3313 5129 3488 5184 media
3521 5143 3657 5182 nun-

2069 5229 2354 5291 cupantur,
2389 5223 2513 5291 quia
2541 5223 2820 5291 azqualiter
2853 5223 3016 5292 justis
3043 5223 3297 5278 eveniunt
3332 5229 3387 5277 et
3421 5221 3654 5292 injustis,

2071 5312 2342 5382 simplices
2385 5328 2628 5383 quosque
2667 5314 2988 5369 conturbant
3031 5331 3128 5370 cur
3167 5315 3241 5368 ita
3280 5313 3563 5378 eveniant,
3604 5322 3658 5369 et

2060 5412 2347 5477 propterea
2387 5419 2492 5458 non
2534 5412 2726 5474 putant
2769 5421 2888 5460 esse
2935 5404 3208 5472 iudicium,
3255 5421 3377 5461 cum
3417 5405 3659 5460 omnium

2062 5512 2245 5552 rerum
2284 5495 2338 5550 in
2385 5494 2564 5551 futuro
2607 5497 2894 5551 discrimen
2941 5497 3028 5552 sit.
3085 5498 3213 5552 Tale
3251 5498 3380 5569 quid
3421 5493 3560 5570 [ct]
3602 5497 3656 5552 in

2063 5587 2352 5659 Evangelia
2390 5587 2505 5658 ipse
2542 5587 2798 5642 Dominus
2847 5587 2921 5642 ait
2971 5606 2982 5641 :
3037 5587 3213 5643 Estote
3262 5587 3477 5659 perfecti
3524 5588 3657 5642 sicut

2066 5679 2227 5734 Pater
2266 5687 2429 5734 vester
2454 5679 2709 5750 perfectus
2738 5689 2812 5731 est
2833 5719 2846 5743 ,
2883 5679 2973 5750 qui
3000 5677 3157 5734 solem
3186 5696 3339 5733 suum
3369 5679 3499 5732 oriri
3532 5677 3654 5744 facit

2063 5789 2219 5844 super
2265 5771 2422 5828 bonos
2472 5781 2516 5827 ct
2567 5771 2763 5840 malos,
2806 5781 2850 5827 rt
2896 5771 3027 5845 pluit
3071 5789 3224 5843 supcr
3263 5772 3436 5844 justas
3484 5777 3532 5822 ct
3576 5765 3658 5817 ia~
