4020 6186
399 311 504 370 735

1247 316 1305 369 Β.
1349 313 1409 368 Ρ.
1449 313 1678 368 ΑιΒιΝι
1718 313 1850 370 SEU
1889 312 2164 368 ALCUINI
2200 313 2489 370 OPERUM
2525 313 2704 370 PARS
2741 315 2804 370 ll.

3565 321 3664 378 70$

386 431 565 503 justas
606 430 822 502 (Matth.
859 445 911 494 v,
954 428 1044 490 45,
1071 427 1184 498 48).
1225 426 1377 493 Quod
1413 435 1598 482 autem
1625 428 1729 490 ait,
1756 434 1983 482 eventus
2011 429 2058 487 Α
2084 425 2252 488 zelus,
2283 435 2338 480 et
2365 427 2587 491 invidia,
2615 434 2672 481 et
2695 427 2987 491 atmulatio,
3017 443 3180 497 quam
3209 431 3520 488 habuerunt
3545 447 3672 489 eoa-

391 533 480 581 est
506 539 645 580 unus
670 521 940 582 omnibus,
960 519 1111 589 justo
1146 526 1202 572 et
1238 519 1425 588 impio,
1463 520 1578 574 sive
1611 519 1985 590 angustiarum

392 615 508 670 sive
551 612 742 667 mortis
779 609 1052 680 signiﬁcat
1087 617 1357 664 eventum.
1403 609 1526 666 Ideo
1571 625 1672 666 nec
1717 611 1986 665 charitate

391 707 488 762 Dei
507 705 699 775 dignos
721 701 808 756 vel
835 702 960 756 odio
982 702 1189 772 seip-os
1209 717 1328 756 esse
1352 702 1678 772 intelligunt.
1706 701 1819 756 Hoc
1840 701 1985 756 enim

389 795 683 866 pessimum
710 809 833 850 esse
855 795 1095 848 omnium
1125 810 1246 862 quae
1271 793 1371 848 sub
1393 793 1504 848 sole
1530 800 1658 847 sunt
1681 792 1838 857 dixit,
1859 793 1983 860 quia

391 885 536 944 nulla
557 887 816 944 discretio
845 886 934 942 hic
954 901 1076 941 esse
1098 886 1309 940 viletur
1345 886 1486 940 inter
1511 885 1682 941 bonos
1705 893 1762 940 et
1793 884 1984 941 malos.

389 989 448 1036 et
479 981 585 1036 hoc
619 980 760 1050 apud
789 994 883 1034 eos
904 979 994 1047 qui
1023 993 1144 1031 cum
1178 977 1448 1046 Propheta
1485 991 1590 1030 non
1629 976 1905 1031 intrabunt
1933 975 1986 1030 in

391 1072 765 1129 sanctuarium
789 1069 905 1135 Dei,
931 1077 990 1122 ut
1010 1069 1309 1137 intelligant
1331 1067 1624 1122 novissima
1651 1081 1859 1122 eorum.

465 1203 629 1260 Vens.
669 1202 723 1256 4.
760 1233 832 1242 -
874 1198 1023 1254 Unde
1059 1208 1106 1253 et
1138 1199 1296 1263 corda
1325 1197 1560 1266 ﬁliorum
1589 1196 1857 1250 hominum
1885 1197 1986 1249 im-

393 1296 607 1368 plentur
632 1293 835 1350 malitia
873 1303 923 1347 et
951 1300 1245 1362 contemptu
1276 1291 1327 1344 in
1363 1290 1469 1342 vita
1495 1306 1615 1354 sua,
1654 1299 1702 1343 et
1735 1297 1850 1359 post
1879 1288 1989 1342 ha'c

395 1387 466 1443 ad
495 1386 690 1456 inferos
719 1385 1062 1440 deducentur.
1097 1382 1264 1438 Nemo
1294 1394 1368 1436 est
1396 1382 1487 1453 qui
1512 1398 1714 1452 semper
1737 1382 1912 1446 vivat,
1941 1389 1991 1433 et

389 1482 479 1552 qui
505 1479 664 1549 hujus
693 1479 767 1532 rei
803 1477 990 1531 habeat
1019 1476 1293 1547 ﬁduciam.
1323 1475 1586 1530 Eumdem
1633 1489 1850 1530 sensum
1899 1489 1990 1528 re-

391 1571 557 1643 plicat
597 1585 758 1641 quem
804 1578 932 1624 ante
974 1570 1175 1639 posuit,
1223 1569 1348 1636 quia
1377 1581 1690 1622 communes
1729 1565 1990 1635 angustia:

391 1662 553 1736 435
578 1663 755 1734 justas
780 1669 835 1716 et
860 1659 1088 1730 injustos
1127 1667 1402 1730 premunt.
1441 1657 1566 1710 Ideo
1600 1655 1716 1710 sine
1743 1663 1989 1725 respectu

393 1753 644 1808 homines
670 1766 898 1822 peccare
936 1766 1040 1804 non
1074 1756 1348 1814 metuunt,
1379 1747 1506 1818 quia
1534 1748 1585 1801 in
1623 1747 1874 1817 pnesenti
1898 1747 1990 1817 ju-

392 1845 594 1900 (licium
634 1845 728 1899 Dei
770 1857 875 1898 non
911 1842 1097 1896 vident
1124 1856 1287 1912 super
1317 1841 1532 1910 impios,
1570 1840 1659 1910 qui
1694 1838 1872 1892 subito
1901 1854 1990 1892 ra-

393 1936 615 2006 piuntur
651 1949 750 2005 pro
777 1933 1018 2004 peccatis
1042 1932 1110 1986 ad
1140 1930 1362 1995 inferos,
1394 1931 1521 1985 dum
1552 1945 1651 1984 nec
1674 1945 1890 1999 semper
1915 1929 1996 1982 vi-

393 2040 521 2080 vere
559 2031 880 2096 potcstatem
913 2023 1138 2088 habent,
1170 2036 1272 2076 nec
1301 2021 1442 2074 ullus
1473 2029 1582 2073 tam
1610 2029 1800 2090 potens
1827 2028 1910 2074 est
1940 2019 1994 2073 in

393 2117 614 2182 szeculo,
655 2117 746 2186 qui
794 2117 956 2186 hujus
1007 2115 1103 2181 rei,
1156 2115 1206 2168 id
1251 2122 1358 2180 est,
1407 2115 1524 2169 sine
1569 2122 1744 2168 morte
1788 2115 1993 2178 vivere,

395 2207 708 2263 facultatem
750 2207 950 2261 habere
989 2206 1185 2260 valeat.
1219 2205 1370 2260 Unde
1401 2205 1452 2258 in
1484 2205 1834 2274 sequentibus
1866 2217 1994 2258 mox

395 2295 642 2368 adjungit
674 2313 687 2348 :

466 2432 630 2487 Vens.
657 2430 714 2495 5,
743 2430 794 2485 6.
818 2460 890 2470 —
912 2429 1103 2484 Melior
1120 2440 1194 2484 est
1222 2429 1366 2484 canis
1395 2431 1564 2485 vivens
1589 2428 1734 2484 leone
1756 2439 1994 2494 mortuo;

395 2523 618 2577 viventes
658 2523 796 2576 enim
837 2522 1011 2576 sciunt
1056 2537 1110 2575 se
1151 2537 1262 2575 esse
1302 2521 1606 2585 morituros,
1645 2521 1840 2574 mortui
1881 2538 1996 2576 vero

401 2609 536 2666 nihil
565 2620 816 2665 noverunt
860 2609 1102 2681 amplius,
1148 2627 1240 2664 nec
1279 2610 1469 2666 habent
1511 2610 1650 2665 ultra
1689 2611 1992 2673 mercedem,

395 2703 522 2773 quia
559 2701 807 2756 oblivioni
844 2701 973 2756 data
1013 2710 1089 2756 est
1128 2702 1379 2756 memoria
1419 2719 1618 2756 eorum.
1662 2701 1826 2756 Amor
1862 2719 1998 2773 quo-

395 2811 514 2866 quc,
542 2793 813 2857 etodium,
851 2804 899 2848 ct
934 2795 1134 2849 invidia
1171 2793 1330 2849 simul
1362 2796 1648 2866 perierunt,
1681 2811 1772 2848 nec
1808 2795 1997 2850 habent

395 2893 598 2954 partem
636 2884 692 2938 in
728 2883 945 2948 sa’culo,
984 2895 1033 2939 et
1071 2885 1126 2938 in
1162 2901 1316 2956 opere
1341 2885 1481 2956 quod
1518 2884 1612 2938 sub
1641 2884 1749 2939 sole
1775 2885 1994 2955 geritur.

397 2976 552 3043 Quod
599 2983 779 3032 autem
827 2992 992 3047 supra
1027 2977 1274 3042 dixerat,
1314 2993 1411 3032 cor
1447 2977 1682 3032 ﬁliorum
1717 2977 1999 3032 hominum

398 3063 614 3137 impleri
663 3067 868 3121 malitia
917 3077 974 3122 et
1018 3068 1336 3138 iniquitate,
1389 3075 1446 3122 et
1486 3077 1610 3138 post
1654 3068 1770 3123 haec
1815 3069 1998 3123 omnia

2089 525 2173 570 tra
2200 517 2478 572 Christum
2504 526 2560 571 et
2589 517 2879 586 apostolos,
2911 519 3116 588 pariter
3141 520 3318 590 periit.

2159 610 2321 664 Vsus.
2351 609 2402 663 7.
2431 640 2505 651 —
2538 607 2686 664 Vade
2711 625 2833 680 ergo
2859 619 2909 664 ct
2943 611 3153 665 comede
3183 614 3240 665 in
3267 612 3454 668 la'titia
3491 631 3677 686 partem

2087 707 2254 762 tuum,
2281 707 2330 754 ct
2357 699 2471 753 bibe
2498 699 2554 754 in
2581 699 2775 769 gaudio
2798 701 2974 753 vinum
2997 709 3168 766 tuum,
3195 704 3319 768 quia
3343 703 3551 772 placent
3571 705 3680 762 Deo

2088 804 2247 858 opera
2287 797 2400 843 tua.
2437 789 2624 844 Melius
2661 789 2781 844 haec
2817 791 3016 853 omnia,
3065 791 3204 846 sicut
3241 807 3384 863 saepe
3424 794 3678 866 diximus,

2089 878 2406 946 Spiritaliter
2435 878 2809 950 intelliguntur
2829 895 2992 950 quam
3019 882 3328 946 camaliter,
3360 899 3430 938 ne
3459 882 3602 940 forte
3629 886 3680 941 in

2090 967 2308 1036 Epicuri
2354 968 2548 1038 dogma
2589 984 2844 1034 ruamus,
2878 969 2970 1038 qui
3015 969 3230 1024 beatam
3269 973 3561 1027 aestimavit
3605 975 3680 1028 vi-

2093 1065 2220 1120 tam,
2250 1059 2490 1127 corporis
2517 1058 2964 1114 delectationibus
2989 1060 3095 1115 frui
3124 1079 3139 1114 :
3173 1061 3277 1117 nisi
3303 1061 3444 1118 torte
3469 1065 3682 1120 concio-

2091 1146 2298 1200 uatoris
2331 1162 2485 1203 more
2509 1149 2838 1204 mstimemus
2867 1148 3212 1205 Salomonem
3239 1153 3381 1223 vulgi
3411 1154 3601 1220 verba,
3627 1163 3684 1210 et

2093 1250 2286 1290 sensus
2331 1250 2398 1290 ex
2451 1251 2549 1291 sua
2594 1252 2828 1308 persona
2873 1237 3142 1309 proferre.
3198 1241 3453 1300 Dicamus
3506 1245 3686 1300 altiuri

2091 1341 2256 1382 Srnsu
2295 1345 2308 1380 :
2353 1326 2492 1394 Quia
2527 1329 2764 1384 didicisti
2803 1331 2972 1399 priori
3014 1333 3308 1399 sententia,
3341 1337 3486 1404 quod
3515 1345 3688 1393 morte

2092 1418 2274 1472 omnia
2320 1419 2604 1485 ﬁniuntur,
2654 1431 2710 1474 et
2753 1421 2808 1475 in
2849 1420 3059 1478 inferno
3103 1437 3209 1480 non
3256 1425 3328 1480 sit
3369 1429 3686 1496 poenitentia

2093 1507 2408 1573 fructuosa,
2425 1523 2524 1564 nec
2551 1511 2748 1581 aliquis
2775 1511 2992 1566 virtutis
3021 1529 3302 1580 recursus;
3345 1516 3470 1570 dum
3499 1518 3554 1571 in
3585 1519 3688 1575 isto

2093 1600 2290 1656 saccum
2313 1613 2394 1666 es,
2429 1599 2644 1666 festina,
2684 1604 2970 1668 contende,
2997 1619 3097 1673 age
3125 1605 3530 1673 penitentiam;
3561 1608 3690 1662 dum

2096 1691 2263 1746 habes
2299 1701 2534 1762 tempus,
2563 1692 2782 1759 labora;
2825 1693 3058 1749 libenter
3092 1696 3236 1750 enim
3283 1696 3428 1751 Deus
3465 1699 3690 1770 suscipit

2025 1775 2065 1832 Β
2093 1786 2502 1856 pmnitentiam;
2529 1794 2582 1840 et
2607 1786 2830 1841 comede
2849 1801 3044 1856 panem
3079 1789 3383 1854 cbaritatis,
3415 1797 3472 1843 et
3506 1791 3688 1846 vinum

2095 1877 2373 1946 sapientia:
2395 1879 2540 1942 bibe,
2564 1885 2625 1932 ut
2645 1877 2756 1933 Deo
2775 1878 3026 1948 placeant
3045 1895 3208 1950 opera
3232 1874 3350 1945 tua,
3369 1883 3510 1937 sicut
3529 1899 3690 1939 verus

2094 1969 2450 2025 Ecclesiastes
2488 1971 2542 2025 in
2579 1970 2870 2043 Evangelia
2904 1973 3034 2028 dicit
3063 1987 3079 2026 :
3114 1973 3218 2039 Qui
3243 1977 3377 2040 sitit,
3414 1977 3584 2032 veniat
3619 1977 3690 2030 ad

2091 2076 2176 2114 me
2199 2070 2246 2114 et
2273 2059 2413 2114 bibat
2441 2061 2620 2132 (Joan.
2649 2077 2749 2127 vn,
2779 2063 2893 2134 57).
2924 2063 2993 2119 Et
3019 2065 3073 2120 in
3103 2065 3452 2124 Proverbiis:
3487 2066 3686 2134 Venite,

2095 2151 2345 2205 comrdite
2380 2168 2566 2222 panem
2585 2191 2600 2218 ,
2635 2162 2685 2207 et
2725 2153 2880 2208 bibite
2911 2156 3120 2222 vinum,
3149 2157 3289 2228 quod
3327 2159 3516 2214 miscui
3545 2163 3686 2216 vobis

2097 2241 2280 2311 (Prov.
2312 2259 2389 2308 Ix,
2420 2241 2497 2312 5).

2166 2331 2329 2386 Vens.
2360 2333 2413 2387 8.
2441 2362 2514 2372 —
2542 2330 2700 2387 Omni
2723 2341 2950 2404 tempore
2976 2337 3079 2390 sint
3105 2339 3412 2393 vestimenta
3439 2349 3534 2393 tua
3561 2357 3688 2395 can—

2097 2420 2246 2486 dida,
2281 2432 2330 2476 et
2359 2421 2532 2476 oleum
2563 2423 2628 2477 de
2653 2425 2820 2494 capite
2847 2433 2938 2482 tuo
2961 2443 3066 2481 non
3088 2427 3320 2496 deﬁciat.
3350 2428 3574 2492 Habeto,
3607 2431 3690 2485 in-

2096 2515 2234 2583 quit,
2266 2528 2462 2584 corpus
2488 2515 2746 2570 mundum
2775 2525 2832 2571 et
2853 2525 3088 2584 castum,
3113 2523 3167 2573 et
3193 2528 3311 2575 esto
3335 2521 3643 2576 misericors
3671 2540 3688 2575 :

2099 2604 2202 2658 hoc
2241 2612 2344 2669 est,
2389 2605 2534 2675 quod
2575 2605 2631 2660 in
2673 2607 2964 2678 Evangelio
3005 2609 3119 2678 ipsa
3161 2611 3374 2666 Veritas
3409 2613 3533 2666 ait:
3572 2612 3691 2668 Sint

2097 2692 2261 2748 lumbi
2282 2697 2440 2750 vestri
2467 2697 2757 2766 pra'cincti,
2786 2706 2834 2750 et
2864 2696 3091 2752 lucerna:
3113 2699 3355 2754 ardentes
3377 2701 3434 2754 in
3453 2703 3689 2756 manibus

2098 2789 2282 2844 vestris
2310 2787 2464 2861 (Luc.
2487 2805 2588 2854 xu,
2617 2789 2730 2860 55).
2759 2789 2818 2844 In
2843 2791 3132 2860 praecinctu
3159 2792 3466 2848 castitatem
3497 2808 3689 2863 corpo-

2098 2882 2178 2937 ris
2220 2881 2507 2952 signiﬁcat,
2553 2891 2608 2936 et
2653 2883 2707 2936 in
2748 2882 2986 2937 lucernis
3028 2883 3363 2948 ardentibus,
3411 2899 3534 2954 qua:
3572 2883 3691 2940 oleo

2100 2973 2315 3027 alantur
2338 2975 2602 3028 bonorum
2629 2988 2872 3044 operum,
2898 2974 3186 3030 candorem
3213 2983 3268 3032 et
3289 2976 3688 3046 pradicationis

2101 3063 2295 3117 lucem.
2327 3063 2442 3120 Hoc
2466 3064 2586 3120 oleo
2614 3065 2794 3121 vultus
2823 3075 3010 3122 noster
3027 3067 3408 3124 exhilarandus
3437 3075 3522 3124 est
3545 3087 3560 3120 :
3589 3069 3691 3123 hoc

402 3165 577 3210 morte
617 3155 782 3221 ﬁniri,
821 3171 963 3212 nunc
989 3157 1180 3212 eadem
1215 3156 1450 3227 complet
1483 3164 1540 3212 et
1574 3159 1790 3225 repetit,
1827 3157 1997 3212 donec
2027 3150 2070 3174 υ
2091 3150 2400 3224 jvjunantes
2427 3163 2761 3226 unguentum
2799 3157 2852 3210 in
2881 3157 3057 3227 capite
3093 3157 3361 3224 habeant,
3387 3159 3531 3227 quod
3564 3173 3693 3228 pec-

402 3246 588 3301 vivant
609 3247 877 3312 homines,
905 3262 1066 3317 posse
1095 3263 1190 3304 eos
1223 3249 1400 3318 justos
1432 3247 1579 3312 ﬁeri,
1606 3256 1730 3317 post
1763 3257 1997 3303 mortem

399 3350 532 3390 vero
561 3335 766 3390 nullam
802 3335 930 3390 boni
965 3337 1146 3404 operis
1182 3336 1522 3390 occasionem
1557 3337 1696 3390 dari.
1739 3336 2000 3392 Peccator

401 3425 547 3480 enim
587 3425 798 3490 vivens,
836 3438 997 3492 quem
1031 3423 1152 3478 cani
1189 3425 1555 3494 comparavit,
1595 3433 1771 3495 potest
1811 3427 2000 3485 melior

400 3531 522 3573 esse
553 3517 703 3588 justo
731 3521 968 3579 mortuo,
997 3529 1156 3586 quem
1191 3515 1398 3569 leonem
1440 3515 1576 3568 dixit
1608 3533 1620 3568 :
1656 3517 1782 3585 quia
1812 3517 1998 3572 vivens

401 3606 664 3676 proﬁcere
702 3605 899 3678 poterit
937 3605 988 3659 in
1028 3621 1191 3676 opere
1221 3604 1384 3670 bona,
1422 3614 1670 3660 mortuus
1698 3621 1828 3662 vero
1865 3607 1998 3662 nihil

405 3705 587 3767 potest
623 3699 822 3752 addere
851 3696 1058 3750 meritis
1085 3697 1216 3751 suis.
1247 3695 1540 3752 Possumus
1569 3711 1782 3766 quoque
1809 3711 2000 3752 canem

403 3801 698 3860 pauperem
738 3787 944 3856 justum
993 3785 1196 3858 intellig
1215 3803 1290 3842 ire
1336 3788 1644 3854 viventem,
1691 3797 1744 3844 et
1789 3789 2000 3845 leonem

407 3884 681 3936 mortuum
719 3884 992 3948 potentem
1041 3876 1201 3948 hujus
1251 3879 1452 3944 saeculi,
1497 3879 1591 3950 qui
1636 3880 1771 3935 nihil
1815 3895 2000 3936 secum

404 3970 674 4026 bonorum
702 3968 888 4024 exiens
923 3967 990 4023 de
1029 3968 1132 4024 hoc
1169 3968 1369 4023 mundo
1407 3971 1726 4025 meritorum
1759 3970 1996 4026 abstulit.

408 4061 516 4118 Sed
550 4070 606 4117 et
648 4060 864 4116 dilectio
905 4075 1116 4126 eorum,
1158 4069 1213 4114 ct
1255 4059 1460 4126 odium,
1499 4068 1554 4115 et
1591 4061 1910 4129 immolatio,
1947 4070 2004 4116 et

404 4169 567 4216 omne
595 4153 737 4224 quod
764 4153 816 4206 in
848 4151 1042 4206 saeculo
1071 4151 1276 4205 habere
1305 4159 1625 4220 potuerunt,
1656 4155 1848 4208 mortis
1880 4152 2000 4208 ﬁni-

405 4254 496 4302 tur
522 4244 754 4300 advcntu
777 4281 792 4307 ,
831 4255 932 4296 nec
959 4239 1106 4310 juste
1134 4240 1409 4310 quidpiam
1435 4250 1663 4310 possunt
1689 4258 1868 4312 agere,
1900 4257 2002 4298 nec

405 4351 662 4413 peccare;
693 4350 795 4392 nec
821 4334 1050 4388 virtutes
1073 4331 1326 4402 adjicere,
1361 4347 1459 4387 nec
1488 4333 1640 4387 vitia.
1672 4333 2000 4404 Spiritaliter

2097 3253 2312 3300 calores
2331 3245 2536 3300 habere
2555 3259 2660 3300 non
2681 3255 2924 3318 possunt,
2948 3263 3178 3318 quorum
3204 3247 3284 3302 vir
3303 3248 3478 3318 justus
3503 3247 3688 3302 oleum

2097 3338 2419 3404 detestatur,
2453 3337 2542 3393 ubi
2575 3339 2651 3392 ait
2685 3357 2697 3392 :
2736 3336 2920 3393 Oleum
2951 3341 3239 3410 peccatoris
3266 3357 3366 3394 non
3401 3341 3690 3412 impinguct

2098 3441 2252 3500 caput
2278 3447 2449 3484 meum
2482 3429 2655 3502 (Psal.
2685 3447 2807 3495 exn,
2839 3430 2916 3504 5).
2948 3432 3101 3496 Quod
3127 3431 3304 3488 oleum
3327 3432 3569 3488 haeretici
3596 3433 3694 3489 ba-

2098 3517 2228 3574 berc
2253 3522 2448 3583 solent,
2477 3527 2537 3574 ut
2563 3517 2889 3589 perfundant
2913 3521 3090 3591 capita
3115 3521 3480 3593 deceptorum,
3513 3521 3566 3576 id
3588 3531 3688 3586 est,

2098 3610 2261 3680 verba
2291 3608 2498 3673 suavia,
2526 3608 2620 3662 sed
2649 3607 2872 3664 fallacia:
2897 3610 3074 3678 plena.

2169 3700 2332 3756 Vsus.
2361 3699 2415 3754 9.
2443 3728 2516 3738 -——
2545 3697 2826 3766 Perfruere
2852 3700 2959 3753 vita
2985 3715 3104 3752 cum
3129 3715 3292 3754 uxore
3312 3715 3470 3771 quam
3493 3699 3686 3770 diligis,

2099 3791 2296 3845 cunctis
2316 3787 2496 3844 diebus
2522 3788 2640 3842 vita:
2662 3787 3019 3844 instabilitatis
3047 3799 3176 3855 tute,
3196 3789 3286 3855 qui
3310 3789 3420 3842 dati
3448 3799 3567 3844 sunt
3594 3788 3691 3845 tibi

2102 3879 2193 3934 sub
2222 3877 2330 3934 sole
2358 3877 2597 3933 omnibus
2631 3877 2811 3932 diebus
2840 3880 3086 3934 vanitatis
3121 3889 3246 3934 tum.
3291 3878 3423 3934 Παῖς
3451 3891 3525 3934 est
3551 3881 3687 3932 enim

2097 3989 2220 4043 pars
2251 3972 2303 4026 in
2334 3973 2455 4036 vita,
2497 3979 2544 4024 et
2571 3971 2628 4024 in
2655 3968 2830 4024 labore
2871 3981 2982 4036 tuo,
3025 3989 3128 4043 quo
3171 3970 3378 4026 laboras
3423 3970 3518 4026 sub
3560 3969 3686 4024 sole.

2101 4061 2430 4131 Sapientiam
2481 4075 2738 4130 sequere,
2795 4069 2849 4116 et
2902 4061 3187 4117 scientiam
3243 4061 3685 4131 Scripturarum,

2098 4154 2262 4227 436
2302 4163 2356 4209 et
2399 4155 2542 4208 hanc
2584 4152 2679 4208 tibi
2720 4153 2773 4208 in
2809 4153 3115 4225 eoujugium
3155 4155 3366 4224 copula,
3400 4155 3466 4209 de
3493 4168 3596 4223 qua
3637 4153 3688 4206 in

2101 4245 2412 4300 Proverbiis
2437 4263 2450 4299 :
2479 4245 2612 4298 Ama
2643 4243 2789 4299 illum
2815 4254 2862 4298 et
2893 4245 3114 4299 servabit
3141 4255 3208 4311 te,
3235 4244 3534 4316 amplexare
3555 4259 3688 4308 eam,

2100 4344 2146 4388 et
2185 4333 2530 4388 circumdabit
2568 4343 2617 4388 te
2649 4333 2832 4406 (Prov.
2865 4351 2940 4400 iv,
2971 4335 3048 4406 8).
3084 4333 3209 4389 Dies
3237 4335 3380 4390 enim
3411 4333 3564 4406 [Ms.,
3593 4348 3688 4388 au-

406 4433 572 4487 etiam
595 4428 954 4499 intelligamus
975 4423 1336 4482 Chananream
1358 4423 1525 4490 illam,
1549 4425 1634 4480 cui
1657 4426 1858 4482 dictum
1879 4423 1994 4482 eSt:
2025 4456 2074 4517 Ι)
2103 4425 2232 4498 tem]
2259 4426 2533 4492 vanitatis,
2572 4425 2690 4480 dies
2727 4425 2888 4497 hujus
2915 4427 3098 4482 saeculi
3135 4441 3366 4496 nequam
3401 4426 3684 4498 signiﬁcat,

407 4523 569 4578 Fides
596 4531 686 4576 tua
707 4529 756 4575 te
776 4517 975 4574 salvam
1001 4517 1122 4587 fecit
1151 4516 1366 4590 (Matth.
1395 4532 1469 4582 ix,
1495 4515 1612 4588 29.),
1633 4533 1822 4574 canem
1838 4517 1994 4588 juxta

408 4611 754 4683 Evangelium
792 4622 944 4674 esse;
994 4608 1200 4662 leonem
1241 4605 1415 4679 [vero]
1455 4615 1728 4663 mortuum
1763 4608 1996 4665 circum-

405 4699 626 4758 cisionis
652 4697 930 4769 papulum,
961 4695 1100 4750 sicut
1123 4695 1340 4750 Balaam
1368 4697 1628 4766 propheta
1655 4697 1784 4752 dicit
1812 4715 1824 4749 :
1857 4696 1994 4751 Ecce

401 4792 648 4864 populus,
679 4801 734 4844 ut
765 4787 968 4844 catulus
1007 4786 1192 4852 leonis,
1223 4797 1482 4858 exsurget,
1515 4797 1569 4840 ut
1606 4787 1686 4841 leo
1725 4787 1994 4844 exsultans

404 4883 598 4956 (Nam.
629 4899 789 4947 χχιιι,
818 4881 932 4952 24).
963 4879 1127 4936 Canis
1156 4880 1341 4935 vivens
1379 4895 1479 4935 nos
1506 4895 1690 4935 sumus
1715 4896 1782 4934 ex
1819 4881 1998 4936 natio-

405 4975 597 5042 nibus,
634 4974 720 5029 leo
757 4988 884 5028 vero
921 4980 1166 5026 mortuus
1201 4969 1509 5026 Judmorum
1549 4972 1776 5040 populus
1815 4987 1846 5026 a
1885 4971 1998 5028 Deo

405 5065 714 5122 derelictus.
741 5064 808 5118 Et
833 5063 1024 5118 melior
1044 5071 1129 5118 est
1148 5062 1289 5132 apud
1316 5062 1602 5118 Dominum
1627 5061 1779 5136 [Ms.,
1803 5063 1997 5137 Deum]

407 5154 510 5210 iste
547 5155 698 5212 canis
729 5155 940 5220 vivens,
972 5169 1136 5224 quam
1170 5153 1263 5210 ille
1302 5152 1387 5208 leo
1426 5161 1688 5210 mortuus.
1727 5153 1835 5211 Nos
1871 5171 2000 5211 vero

404 5247 648 5306 viventes
675 5249 1051 5322 cognoscimus
1071 5247 1312 5312 Patrem,
1335 5257 1389 5302 et
1418 5245 1630 5312 Filium,
1659 5256 1714 5304 ct
1738 5248 1998 5319 Spiritum

407 5350 680 5410 sanctum,
724 5342 801 5397 illi
831 5358 958 5397 vero
988 5341 1186 5396 mortui
1217 5339 1351 5394 nihil
1377 5340 1574 5406 sciunt,
1603 5356 1702 5396 nec
1726 5341 2000 5396 aestimant

411 5428 647 5502 aliquam
679 5433 1148 5505 repromissionem
1175 5442 1335 5503 atque
1365 5433 1667 5489 mercedem
1685 5472 1701 5497 ,
1735 5433 1829 5488 sed
1852 5448 2000 5488 com-

408 5519 553 5593 pleta
595 5535 679 5582 est
705 5543 891 5584 eorum
932 5527 1188 5582 memoria
1233 5544 1244 5579 :
1288 5541 1463 5596 neque
1503 5526 1864 5580 meminerunt
1899 5525 1998 5594 ipsi

411 5629 532 5686 quae
575 5617 716 5672 scire
759 5619 1077 5682 debuerunt,
1129 5634 1300 5687 neque
1347 5618 1560 5672 illorum
1601 5617 1860 5672 Dominus
1885 5617 1999 5687 jam

416 5707 734 5764 recordatus
756 5715 860 5770 est,
885 5710 975 5774 qui
1007 5709 1282 5775 perierunt
1311 5707 1360 5760 in
1389 5705 1591 5760 scelere
1617 5723 1730 5763 suo.
1762 5707 1999 5772 Quorum

2102 4518 2167 4573 de
2193 4517 2390 4588 quibus
2426 4526 2481 4572 et
2513 4516 2802 4586 Apostolus
2843 4533 2952 4572 non
2993 4526 3152 4572 tacet.
3192 4517 3424 4574 Pulchre
3450 4517 3692 4588 pra:cipit

2100 4617 2162 4663 ut
2193 4609 2246 4663 in
2283 4610 2473 4665 diebus
2499 4609 2754 4665 vanitatis
2791 4619 2989 4666 nostra:
3026 4627 3210 4666 veram
3251 4611 3417 4666 vitam
3445 4625 3568 4664 cum
3603 4625 3690 4666 sa-

2101 4700 2302 4771 pientia
2331 4716 2500 4756 uxore
2522 4717 2828 4771 qumramus
2858 4721 2870 4755 :
2901 4702 3016 4758 hzec
3045 4702 3188 4756 enim
3218 4717 3344 4770 pars
3371 4709 3554 4756 nostra
3579 4707 3688 4763 est,

2101 4802 2156 4847 et
2195 4793 2282 4848 hic
2324 4791 2526 4848 laboris
2567 4791 2795 4858 fructus,
2831 4793 2877 4848 si
2915 4792 2968 4848 in
3011 4794 3114 4847 hac
3140 4793 3251 4848 vita
3288 4791 3562 4848 umbratili
3607 4807 3694 4846 sa-

2101 4883 2358 4953 pientiam
2394 4897 2576 4938 veram
2595 4925 2610 4950 ,
2639 4901 2758 4956 quae
2786 4885 2855 4940 ad
2880 4883 3047 4938 vitam
3085 4898 3184 4940 nos
3212 4884 3375 4940 ducat
3400 4891 3690 4949 mternam,

2106 4973 2351 5030 invenire
2376 4974 2670 5030 valeamus.
2937 5035 2946 5044 ,

2179 5067 2339 5122 Vens.
2376 5066 2460 5121 10.
2492 5096 2563 5105 -
2593 5064 2947 5136 Quodcunque
2975 5064 3149 5134 facere
3171 5075 3335 5136 potest
3366 5082 3554 5120 ntanus
3581 5073 3691 5128 tua,

2105 5159 2361 5213 instanter
2389 5173 2624 5229 operare,
2655 5157 2778 5228 quia
2815 5173 2906 5210 nec
2933 5173 3080 5226 opus,
3111 5173 3202 5212 nec
3232 5159 3390 5226 ratio,
3417 5175 3508 5212 nec
3529 5158 3698 5212 scien-

2105 5253 2200 5316 tia,
2225 5267 2316 5305 nec
2342 5249 2598 5320 sapientia
2625 5255 2776 5302 erunt
2807 5246 2947 5318 apud
2972 5247 3189 5317 inferos,
3212 5265 3314 5320 quo
3340 5257 3397 5302 tu
3424 5263 3694 5320 properas.

2105 5339 2213 5395 Fac
2238 5338 2594 5409 quodcunque
2636 5336 2764 5390 boui
2803 5336 2984 5405 Operis
3023 5336 3234 5402 valeas;
3274 5353 3420 5392 nunc
3445 5335 3697 5393 laboran-

2101 5432 2225 5485 dum
2265 5428 2417 5500 [.lls.,
2450 5424 2658 5496 labora]
2695 5445 2707 5479 :
2751 5427 2920 5484 habes
2959 5435 3168 5497 tempus
3207 5427 3524 5494 laborandi,
3570 5426 3695 5498 quia

2103 5537 2249 5576 mors
2291 5519 2405 5580 tibi,
2451 5532 2570 5587 quin
2609 5517 2807 5573 inferni
2852 5519 3066 5574 nomine
3109 5519 3441 5590 designatur,
3487 5529 3695 5589 tempus

2103 5611 2254 5667 tollet
2271 5608 2602 5680 proﬁciendi,
2622 5607 2892 5680 Propheta
2915 5609 3128 5664 dicente
3153 5627 3166 5664 :
3193 5608 3450 5680 Nunquid
3476 5603 3697 5662 mortuis

2104 5706 2264 5776 facies
2303 5703 2588 5771 mirabilia,
2621 5711 2710 5757 aut
2741 5703 2795 5757 in
2830 5701 3034 5774 inferno
3061 5701 3176 5774 quis
3210 5701 3541 5771 conﬁtebitur
3567 5697 3700 5752 tibi?
