4020 6186
412 326 518 380 703

1236 332 1645 391 EXEGETICA.
1685 367 1754 376 -—
1794 338 2147 395 COMMENT.
2191 341 2257 395 ΙΝ
2299 342 2829 403 ECCLESIASTEN.

3586 362 3687 418 766

414 438 676 511 Nunquid
704 441 972 496 enarrabit
1007 443 1197 515 aliquis
1237 448 1289 500 in
1319 451 1554 519 sepulcro
1589 453 1999 508 misericordiam
2028 463 2074 519 Α
2105 455 2659 525 virtutum’imitatio,
2690 477 2789 532 per
2816 479 2937 533 quae
2977 467 3222 537 laqueum
3253 483 3458 542 ponunt
3484 478 3692 534 anima-

410 537 558 585 tuum
582 530 754 602 (Psal.
782 546 858 597 vr,
884 530 948 597 6;
982 550 1221 601 1.xxxvn,
1252 538 1337 603 11,
1368 538 1490 609 19.)?
1517 539 1705 595 Simile
1730 544 1860 612 quid
1883 545 2000 598 Sal-

408 630 567 676 vator
611 620 665 674 in
705 620 998 691 Evangelio
1037 624 1208 678 dicit:
1245 626 1546 697 Operarnini
1586 631 1710 684 dum
1751 633 1862 685 dies
1899 646 1995 700 est,

405 713 574 767 veniet
602 728 729 777 nox,
754 713 964 783 quando
987 730 1135 767 nemo
1162 718 1348 785 poterit
1377 720 1582 788 operari
1609 720 1788 790 (Joan.
1816 738 1891 785 Ix,
1917 723 1993 794 4).

485 803 643 857 Vens.
674 803 760 855 11.
782 831 853 842 —-
882 801 1024 857 Verti
1050 821 1130 858 me
1153 805 1221 859 ad
1251 806 1420 873 aliud,
1443 820 1491 862 et
1512 812 1617 864 vidi
1646 813 1740 864 sub
1769 813 1876 866 sole
1906 831 1996 867 nec

403 894 657 948 velocium
687 910 796 948 esse
822 911 1053 960 cursum,
1078 913 1167 949 nec
1193 897 1406 965 fortium
1435 898 1645 964 bellum,
1675 919 1764 953 nec
1791 903 1996 971 sapien-

404 984 536 1037 tium
567 999 776 1053 panem,
807 1000 898 1037 nec
927 984 1197 1038 doctorum
1222 986 1449 1052 divitias,
1472 1005 1563 1041 nec
1588 989 1849 1056 artiﬁcum
1873 1006 1995 1060 gra-

406 1074 555 1138 tiam,
579 1073 668 1126 sed
698 1083 897 1144 tempus
921 1091 1199 1145 casumque
1223 1074 1366 1147 [Ms.,
1400 1078 1490 1131 sed
1520 1096 1725 1133 cassum
1764 1079 1990 1152 tempus]

404 1163 461 1216 in
491 1163 745 1217 omnibus.
777 1164 1013 1232 Epistola
1041 1165 1107 1218 ad
1132 1165 1403 1221 Romanos
1430 1168 1555 1221 huic
1577 1167 1692 1221 loco
1721 1170 1987 1232 convenit,

407 1256 494 1309 ubi
530 1256 691 1319 dicit,
724 1272 828 1309 non
857 1273 965 1309 esse
1002 1256 1219 1311 volentis
1256 1275 1417 1329 neque
1455 1261 1731 1324 currentis,
1772 1262 1862 1314 sed
1894 1261 1992 1315 Dei

401 1347 696 1400 miserantis
726 1347 902 1417 (Rom.
943 1364 1019 1414 ix,
1049 1348 1135 1419 16)
1164 1364 1179 1402 :
1209 1351 1335 1419 quia
1377 1352 1492 1406 sine
1529 1353 1698 1421 gratia
1733 1353 1849 1420 Dei,
1894 1370 1991 1412 nec

399 1440 648 1493 voluntas
692 1440 833 1493 bona
872 1441 977 1495 erit
1021 1442 1075 1494 in
1117 1443 1364 1508 homine;
1413 1459 1584 1513 neque
1632 1454 1821 1499 cursus
1862 1446 1988 1503 boni

398 1532 577 1599 operis
604 1532 720 1586 sine
747 1532 858 1587 Deo
888 1531 1003 1587 ﬁeri
1038 1534 1199 1587 valet.
1247 1534 1314 1587 Et
1352 1535 1440 1590 hic
1469 1536 1616 1590 locus
1645 1536 1988 1607 Pelagianam

398 1628 601 1674 sectam
639 1622 842 1690 optime
869 1621 1115 1676 destruit.
1155 1622 1255 1689 Qui
1288 1624 1436 1693 gravi
1473 1633 1816 1694 peccatorum
1848 1642 1984 1696 pon-

399 1711 528 1765 dere
567 1712 847 1780 premitur,
892 1728 999 1766 non
1042 1720 1126 1766 est
1169 1722 1324 1782 aptus
1365 1714 1431 1767 ad
1472 1730 1689 1769 cursum
1731 1715 1881 1769 illum
1919 1715 1985 1770 de

2102 542 2200 596 lius
2237 545 2560 614 simplicium
2580 589 2594 613 ,
2626 559 2686 603 ut
2723 553 2940 622 capiant
2967 571 3077 619 eas,
3120 561 3259 615 sicut
3287 564 3464 633 pisces
3487 580 3687 639 sagena

2098 634 2402 703 capiuntur,
2435 647 2492 693 ct
2519 654 2649 694 aves
2685 642 2896 712 laqueo.
2930 645 3219 705 Sciendum
3249 662 3334 707 cst
3362 634 3687 714 ecclesiasti-

2096 738 2192 778 eos
2219 741 2433 796 quoque
2465 729 2633 796 viros,
2675 734 2766 801 qui
2801 733 2894 788 ﬁlii
2929 737 3207 794 hominum
3243 744 3594 813 appellantur,
3631 760 3690 804 et

2096 821 2224 865 sunt
2245 815 2467 870 modica:
2495 817 2637 881 ﬁdei,
2664 821 2770 874 cito
2792 837 2949 891 posse
2974 841 3249 883 corruere.
3277 831 3685 909 Notandurrqest

2098 899 2252 996 [d!s.,
2285 905 2496 996 etiam],
2529 910 2672 975 quod
2699 927 2797 979 per
2825 922 2994 969 totum
3020 917 3214 974 librum
3234 962 3247 985 ,
3278 899 3586 996 ubicungue
3605 929 3685 983 di-

2095 990 2256 1055 citur,
2281 992 2381 1059 ﬁlii
2410 994 2700 1062 hominum,
2730 1000 2783 1052 in
2807 1000 3032 1059 Hebraeo
3052 1008 3283 1063 habetur
3310 1012 3402 1066 ﬁlii
3429 990 3682 1081 hominis,

2091 1078 2195 1134 hoc
2216 1091 2301 1135 est
2327 1081 2421 1136 ﬁlii
2448 1084 2650 1151 Adam;
2676 1096 2731 1141 et
2749 1091 2927 1145 omnis
2952 1109 3090 1162 pene
3120 1095 3399 1167 Scriptura
3424 1105 3527 1159 hoc
3551 1078 3686 1162 idioe

2080 1181 2237 1227 .mate
2275 1173 2434 1242 plena
2472 1184 2574 1241 est,
2620 1180 2928 1235 universum
2968 1199 3136 1253 genus
3180 1188 3471 1245 humanum
3510 1194 3682 1250 Adam

2091 1261 2230 1317 ﬁlios
2260 1279 2477 1320 vocans.

2159 1351 2323 1446 43—7
2340 1355 2503 1446 linus.
2538 1358 2728 1412 15-15.
2743 1390 2815 1400 -—-
2832 1362 2986 1418 Hanc
3002 1384 3204 1439 quoque
3225 1374 3329 1426 ridi
3346 1377 3678 1446 sapientiam,

2088 1451 2136 1494 et
2156 1444 2370 1511 probavi
2398 1447 2706 1501 maximam.
2729 1449 2925 1506 Civitas
2944 1473 3127 1525 parva,
3146 1470 3194 1512 et
3214 1466 3372 1531 pauci
3389 1444 3487 1518 viri
3511 1468 3566 1520 in
3593 1485 3677 1532 ea,

2086 1538 2134 1582 et
2163 1532 2297 1585 venit
2341 1548 2430 1587 rea:
2463 1545 2648 1589 contra
2695 1554 2811 1592 eam
2856 1557 3095 1612 magnus,
3128 1557 3176 1599 et
3219 1549 3428 1605 vallavit
3454 1571 3590 1620 eam,
3622 1568 3670 1610 et

2084 1622 2343 1675 exstruxit
2379 1624 2691 1679 munitiones
2735 1644 2829 1697 per
2866 1646 3075 1699 gyrum,
3102 1644 3149 1686 et
3188 1638 3418 1706 perfecta
3445 1653 3517 1695 est
3543 1643 3679 1698 obsi-

2085 1707 2193 1773 dio,
2208 1709 2543 1783 inventusque
2566 1725 2640 1768 est
2663 1716 2715 1768 in
2735 1733 2797 1770 ea
2821 1720 2897 1771 vir
2919 1736 3136 1791 pauper,
3162 1736 3209 1777 et
3235 1725 3470 1784 liberavit
3496 1730 3675 1787 urbem

398 1816 507 1870 quo
548 1801 746 1855 dicitur
800 1816 814 1854 :
867 1800 1089 1855 Cursum
1135 1806 1522 1870 consummari,
1580 1805 1737 1875 [idem
1781 1807 1980 1859 servavi

2082 1815 2175 1868 per
2196 1802 2507 1869 sapientiam
2534 1820 2707 1870 suam,
2731 1817 2780 1860 et
2801 1809 2978 1862 nullus
2999 1811 3240 1885 deinceps
3264 1820 3569 1877 recordatus
3599 1836 3674 1878 est

397 1885 480 1958 (It
512 1888 649 1942 Tim.
676 1905 749 1954 ιγ,
777 1889 853 1961 7).
898 1889 998 1956 Qui
1035 1897 1215 1944 autem
1242 1891 1375 1947 levis
1403 1901 1503 1957 est,
1544 1901 1597 1946 et
1633 1894 1809 1949 anima
1840 1895 1982 1949 illius

396 1992 502 2032 non
530 1988 803 2048 gravatur,
849 1981 1194 2035 nihilominus
1230 1992 1284 2036 et
1322 1983 1436 2052 ipse
1475 1984 1675 2052 absque
1714 1984 1981 2054 adjutorio

395 2068 604 2123 Domini
636 2085 741 2124 non
771 2079 945 2140 potest
981 2071 1048 2125 ad
1084 2073 1279 2126 caelum
1307 2074 1611 2142 pervenire,
1650 2090 1775 2143 quia
1804 2091 1978 2144 quan-

395 2160 485 2214 diu
516 2162 726 2216 sarcina
757 2163 935 2217 carnis
960 2165 1137 2217 anima
1164 2173 1504 2235 aggravatur,
1532 2167 1730 2220 bellum
1758 2167 1858 2221 sibi
1886 2169 1980 2221 ad-

392 2267 608 2306 versum
635 2254 809 2308 aerias
832 2263 1000 2309 restat
1032 2265 1327 2325 potestates
1358 2275 1371 2310 :
1403 2258 1526 2313 licet
1549 2260 1691 2312 enim
1722 2260 1792 2314 sit
1820 2257 1972 2331 [Ms.,

392 2357 528 2411 quas
556 2343 681 2397 licet
708 2342 799 2416 sit]
830 2345 1109 2411 robustus,
1133 2349 1367 2417 propriis
1393 2348 1598 2404 viribus
1620 2351 1838 2405 vincere
1868 2367 1976 2405 non

390 2433 615 2501 poterit,
664 2450 764 2488 nec
809 2434 1080 2489 cmlestcm
1126 2446 1180 2492 et
1226 2440 1493 2493 viventem
1539 2456 1730 2510 panem
1774 2442 1975 2495 habere

390 2524 619 2592 poterit,
665 2524 765 2579 nisi
812 2538 909 2593 per
950 2528 1264 2595 sapientiam
1313 2530 1729 2584 cohortantem:
1775 2529 1970 2595 Venite,

389 2612 639 2666 comedite
666 2630 825 2683 panes
852 2631 990 2670 meos
1015 2615 1197 2687 (Prov.
1234 2633 1307 2683 ix,
1339 2618 1416 2689 5).
1449 2618 1737 2673 Sciendum
1761 2635 1973 2689 quoque

387 2709 471 2755 est
490 2701 665 2755 virum
696 2706 1014 2773 prudentem
1039 2707 1253 2762 divitias
1281 2708 1470 2763 salutis
1494 2718 1546 2762 et
1571 2710 1848 2779 sapientia:
1879 2726 1972 2763 na-

386 2790 514 2847 bere
540 2808 645 2846 non
668 2808 848 2862 posse,
884 2796 988 2851 nisi
1016 2812 1107 2852 eas
1132 2812 1162 2851 a
1199 2798 1308 2853 Deo
1338 2800 1624 2871 acceperit,
1661 2801 1814 2870 cujus
1843 2801 1970 2869 ipsa:

385 2880 583 2937 divitlze
626 2895 770 2949 sunt,
812 2885 879 2939 de
922 2887 1115 2955 quibus
1156 2896 1210 2942 et
1250 2888 1375 2943 alibi
1421 2890 1681 2958 scriptum
1708 2898 1831 2944 est:
1866 2889 1969 2944 Re-

383 2970 606 3041 demptio
647 2975 837 3027 anima:
872 2976 971 3029 viri
1011 2979 1237 3047 propria:
1276 2978 1472 3032 divitiru
1502 2979 1684 3049 (Prov.
1727 2996 1848 3045 xui,
1886 2980 1964 3051 8).

381 3058 622 3115 Gratiam
649 3079 881 3134 quoque,
926 3067 1029 3121 nisi
1073 3068 1351 3122 scientiam
1389 3070 1641 3123 comitata
1676 3069 1869 3136 fuerit,
1911 3079 1967 3125 et

2082 1889 2306 1946 hominis
2332 1894 2474 1949 illius
2497 1899 2762 1967 pauperis.
2784 1900 2919 1955 Aliis
2943 1907 3122 1958 omnia
3144 1906 3348 1963 incerta
3371 1912 3673 1970 dicentibus

2082 1990 2137 2034 et
2156 1981 2359 2051 justum
2410 1987 2478 2040 ab
2516 1986 2713 2055 injusto
2758 1992 2988 2059 amplius
3029 1995 3163 2050 nihil
3201 1998 3419 2066 habere,
3452 2018 3551 2071 ego
3579 2020 3669 2059 sa—

2080 2069 2338 2137 pientiam
2366 2074 2419 2127 in
2461 2076 2566 2131 hoc
2592 2079 2884 2134 maximam
2908 2087 3274 2153 comprobavi,
3308 2093 3452 2158 quod
3477 2069 3670 2149 crebro

2081 2163 2282 2227 evenit,
2303 2173 2361 2218 ut
2385 2181 2549 2234 parva
2569 2168 2638 2222 sit
2659 2170 2867 2233 civitas,
2894 2182 2945 2227 et
2970 2176 3301 2233 habitatores
3326 2181 3378 2234 in
3399 2198 3462 2237 ea
3486 2188 3664 2253 pauci,

2079 2264 2134 2308 et
2186 2256 2659 2313 innumerabilium
2710 2262 2947 2318 hostium
2996 2266 3244 2336 cingatur
3290 2276 3569 2341 exercitu,
3616 2288 3670 2333 et

2078 2342 2358 2397 obsidione
2393 2354 2447 2399 et
2476 2346 2617 2402 fame
2644 2350 2872 2417 populus
2900 2352 3046 2409 intus
3066 2365 3317 2424 necetur;
3349 2368 3406 2415 et
3447 2375 3667 2434 repente

2076 2442 2264 2487 contra
2286 2436 2528 2489 omnium
2558 2439 2917 2507 suspicionem
2947 2443 3177 2500 inveniri
3207 2449 3382 2503 virum
3404 2450 3663 2510 humilem

2074 2531 2129 2576 et
2156 2538 2464 2592 pauperem,
2495 2527 2588 2593 qui
2618 2529 2842 2583 haberet
2869 2533 3188 2600 sapientiam
3234 2540 3490 2606 majorem
3524 2561 3661 2599 cun"

2073 2613 2175 2665 ctis
2203 2613 2459 2669 divitibus
2494 2617 2712 2686 magnis
2739 2627 2794 2672 et
2822 2623 3168 2688 potentibus;
3207 2634 3264 2679 et
3309 2632 3555 2698 superLis
3605 2635 3659 2687 in

2073 2702 2309 2770 periculo
2351 2704 2539 2773 positis
2567 2714 2621 2759 et
2648 2706 2981 2763 obsidionem
3011 2716 3351 2782 paventibus,
3382 2720 3586 2791 cogitat
3607 2732 3664 2777 et

2072 2793 2318 2862 inquirit,
2366 2804 2425 2848 ut
2471 2796 2711 2852 inveniat
2754 2803 3025 2867 quomodo
3050 2819 3080 2856 a
3109 2806 3265 2862 malis
3290 2820 3448 2865 eruat
3472 2812 3660 2867 civita-

2071 2892 2199 2937 tem.
2240 2883 2309 2938 Et
2350 2885 2561 2955 ingrata
2586 2887 2862 2943 hominum
2895 2891 3112 2957 oblivio,
3144 2904 3426 2966 postquam
3459 2900 3660 2956 fuerint

2068 2971 2302 3029 libertati
2328 2976 2489 3031 dediti
2517 2985 2571 3030 et
2611 2977 2785 3033 soluta
2823 2980 3124 3049 captivitas,
3155 2993 3211 3038 et
3235 2988 3441 3042 reddita
3469 2992 3657 3058 patria:

2066 3061 2319 3129 libertas,
2364 3079 2523 3119 nemo
2569 3066 2815 3121 meminit
2866 3070 3127 3138 sapientis
3182 3072 3324 3131 illius
3374 3083 3658 3151 pauperis,

381 3165 635 3206 concessa
662 3169 692 3206 a
721 3154 849 3220 Deo,
879 3157 1000 3224 quis
1023 3159 1266 3214 eruditus
1294 3160 1378 3213 vir
1401 3161 1598 3228 poterit
1636 3162 1877 3217 invenire
1902 3163 1964 3216 οἳ

2071 3168 2225 3209 uenio
2250 3156 2471 3225 pauperi
2527 3156 2693 3212 refert
2720 3160 2923 3228 gratias
2950 3177 3048 3231 pro
3088 3164 3283 3233 salute,
3322 3141 3417 3224 se—d
3467 3141 3657 3227 omnes

381 3240 535 3306 Quod
563 3241 757 3297 Paulus
785 3246 979 3312 sciens,
1006 3247 1146 3317 plus,
1177 3248 1381 3316 inquit,
1414 3252 1653 3304 omnibus
1682 3250 1913 3305 laboravi
1943 3269 1961 3306 :

380 3345 487 3385 non
513 3344 688 3387 autem
715 3351 828 3404 ego,
850 3337 941 3391 sed
965 3339 1138 3408 gratia
1157 3339 1274 3406 Dei,
1299 3357 1417 3410 qua:
1442 3358 1642 3396 mecum
1666 3353 1740 3397 est
1764 3343 1816 3415 (I
1836 3344 1957 3399 Cor.

378 3436 471 3489 xv,
495 3424 603 3497 10).
630 3426 698 3480 Ει
723 3428 916 3482 iterum
941 3447 954 3483 :
982 3429 1168 3485 Gratia
1196 3432 1310 3502 ejus
1335 3434 1391 3486 in
1413 3450 1495 3487 me
1518 3451 1681 3488 vacua
1707 3452 1812 3490 non
1836 3435 1956 3505 fuit.

376 3512 448 3569 Et
464 3516 532 3569 ad
554 3524 854 3573 extremum
884 3521 1122 3575 nescitur
1145 3522 1213 3577 ah
1238 3523 1473 3590 homine,
1506 3525 1720 3594 quando
1750 3537 1959 3596 tempus

377 3606 652 3673 adveniat,
694 3610 749 3663 in
792 3624 902 3680 quo
940 3613 1122 3667 varius
1159 3623 1409 3680 eventus,
1458 3625 1513 3672 ct
1555 3616 1678 3672 ﬁnis
1717 3618 1956 3673 omnium

377 3700 753 3770 subsequatur.

447 3792 606 3849 Vens.
649 3795 733 3850 12.
764 3828 837 3838 -
866 3798 1047 3854 Nescit
1085 3802 1237 3856 homo
1280 3803 1438 3871 ﬁnem
1475 3820 1650 3870 suum,
1687 3806 1778 3859 sed
1817 3807 1954 3860 sicut

370 3883 532 3953 pisces
559 3888 840 3956 capiuntur
861 3890 1037 3956 hamo,
1068 3902 1115 3946 et
1145 3894 1280 3946 sicut
1308 3911 1424 3948 aves
1452 3896 1954 3964 comprehenduntur

372 3972 574 4043 laqueo,
602 3977 678 4029 sic
706 3980 984 4047 capiuntur
1017 3981 1251 4036 homines
1280 3991 1505 4053 tempore
1540 3984 1700 4049 malo,
1731 4001 1848 4038 cum
1876 3988 1952 4040 eis

368 4066 621 4136 extemplo
646 4074 1011 4138 supervenerit.
1041 4072 1295 4128 Nesciunt
1322 4074 1585 4140 homines,
1616 4076 1757 4131 sicut
1788 4090 1948 4146 supra

365 4154 572 4208 dictum
614 4166 726 4223 est,
776 4160 1146 4217 tribulationes
1189 4162 1274 4215 vel
1314 4165 1622 4233 repentinas
1668 4166 1945 4229 miserias,

367 4258 490 4310 quae
530 4250 911 4315 superveniunt
952 4252 1033 4306 eis
1061 4254 1268 4309 incerto
1310 4255 1403 4309 Dei
1439 4254 1662 4323 judicio,
1693 4272 1833 4328 saepe
1858 4274 1949 4314 oe-

366 4332 535 4400 culto,
566 4337 660 4390 sed
686 4353 954 4409 nunquam
984 4340 1212 4411 iniusto;
1246 4360 1345 4400 nec
1371 4345 1535 4401 etiam
1563 4347 1733 4415 ipsius
1758 4349 1948 4403 mortis

364 4424 557 4478 horam
578 4441 735 4483 nosse
759 4440 1030 4500 poterunt,
1049 4449 1168 4504 qua:
1191 4437 1332 4492 sicut
1356 4437 1445 4491 fur
1469 4440 1667 4503 veniet,
1689 4448 1751 4494 ut
1771 4449 1947 4495 vastet

2065 3245 2331 3301 honorant
2362 3248 2573 3312 divites,
2605 3250 2697 3319 qui
2726 3251 2780 3305 in
2808 3252 3050 3321 periculo
3080 3255 3214 3310 nihil
3243 3259 3529 3316 subvenire
3554 3278 3653 3332 po-

2065 3342 2259 3388 terant.
2287 3335 2460 3392 Aliter
2488 3352 2503 3391 :
2534 3337 2706 3392 Parva
2734 3340 2944 3405 civitas,
2972 3350 3028 3396 et
3064 3343 3167 3397 viri
3196 3345 3252 3399 in
3281 3362 3344 3401 ea
3375 3350 3556 3417 pauci,
3582 3354 3651 3406 ad

2061 3429 2516 3497 comparationem
2543 3431 2706 3485 totius
2735 3433 2943 3499 mundi,
2974 3434 3213 3491 Ecclesia
3244 3445 3344 3491 est.
3375 3439 3652 3497 Adversus

2059 3533 2180 3573 eam
2206 3536 2347 3590 saepe
2371 3524 2648 3594 consurgit
2678 3538 2772 3579 rex
2818 3541 3045 3597 magnus
3077 3528 3322 3584 diabolus
3351 3531 3478 3603 (non
3504 3537 3649 3602 quod

2059 3624 2288 3680 magnus
2322 3613 2411 3673 sit,
2460 3614 2555 3667 sed
2582 3614 2724 3680 quod
2754 3629 3009 3683 magnum
3058 3632 3116 3670 se
3167 3633 3284 3671 esse
3322 3616 3555 3695 jaetitet)
3597 3634 3651 3679 et

2057 3697 2357 3752 circumdat
2378 3715 2497 3753 eam
2523 3700 2819 3762 obsidione,
2846 3702 2959 3756 sive
2985 3705 3377 3773 persecutione,
3401 3710 3515 3765 sive
3538 3713 3648 3767 alio

2055 3791 2421 3859 angustiarum
2453 3805 2671 3861 genere,
2694 3800 2750 3845 et
2772 3792 2973 3849 invenit
2993 3797 3046 3850 in
3068 3813 3130 3852 ea
3154 3800 3329 3855 virum
3351 3817 3641 3873 pauperem

2053 3890 2110 3934 et
2142 3881 2456 3949 sapientem,
2505 3881 2787 3937 Dominum
2832 3894 3075 3941 nostrum
3131 3887 3314 3945 Jesum
3342 3891 3642 3961 Christum,

2052 3969 2143 4037 qui
2169 3985 2267 4039 pro
2312 3969 2468 4025 nobis
2494 3969 2673 4026 factus
2714 3981 2797 4026 est
2823 3988 3025 4043 pauper
3055 3976 3137 4046 (II
3168 3978 3291 4033 Cor.
3325 3996 3442 4047 vm,
3480 3985 3556 4054 9),
3587 3995 3646 4040 et

2054 4059 2247 4114 liberat
2272 4061 2534 4116 urbemin
2559 4062 2820 4131 sapientia
2842 4079 2958 4118 sua.
2991 4063 3117 4129 Sed,
3146 4069 3283 4135 prob
3306 4070 3488 4125 dolor!
3514 4089 3640 4129 cum

2052 4150 2183 4205 urbs
2223 4166 2322 4220 per
2359 4152 2503 4207 hunc
2530 4167 2822 4224 pauperem
2871 4155 3169 4224 sapientem
3200 4156 3422 4213 liberata
3450 4159 3643 4228 fuerit,

2049 4239 2136 4295 vix
2163 4240 2356 4311 aliquis
2376 4243 2491 4312 ejus
2529 4245 2793 4311 meminit,
2818 4246 2910 4301 vix
2937 4246 3081 4303 illius
3106 4249 3354 4303 mandata
3384 4252 3633 4308 conside-

2050 4340 2160 4397 rat;
2186 4334 2282 4389 sed
2303 4342 2444 4391 totos
2464 4351 2523 4392 se
2548 4336 2774 4393 luxuriae
2795 4347 2850 4394 et
2870 4339 3233 4409 voluptatibus
3255 4344 3636 4412 concedentes,

2047 4436 2296 4495 quierunt
2320 4429 2556 4494 divitias,
2594 4446 2714 4500 quae
2740 4440 2983 4501 tempore
3010 4434 3349 4490 necessitatis
3385 4444 3439 4491 et
3469 4452 3635 4509 angu~

361 4514 580 4569 domum
607 4520 1055 4590 peregrinationis
1087 4535 1304 4582 nostrae.
1347 4528 1499 4584 Sicut
1524 4530 1700 4600 pisces
1726 4531 1946 4601 capiun-
1977 4509 2023 4568 θ
2048 4517 2165 4572 sua?
2193 4534 2298 4572 ηοιι
2326 4519 2558 4574 liberam
2583 4536 2679 4576 80$

361 4614 451 4660 tur
476 4610 609 4675 reti,
639 4611 724 4665 vel
757 4627 884 4668 aves
915 4615 1130 4684 laqueo,
1170 4618 1245 4673 ita
1274 4619 1412 4676 ﬁlios
1448 4621 1725 4677 hominum
1754 4638 1947 4693 repen-

360 4697 486 4753 tinae
515 4699 785 4757 involvent
812 4708 1089 4775 angustiae.
1118 4706 1288 4762 Porro
1311 4713 1601 4765 secundum
1631 4712 1942 4782 allegoriam

356 4791 633 4847 sciendum
674 4804 786 4859 est,
829 4812 1054 4866 regnum
1092 4799 1349 4853 calorum
1382 4802 1555 4855 simile
1582 4817 1703 4857 esse
1730 4818 1942 4867 sagenae

354 4884 535 4940 missa:
583 4887 637 4940 in
681 4902 879 4943 mare:
914 4891 1016 4944 hoc
1052 4899 1161 4957 est,
1205 4893 1512 4963 evangelica
1558 4895 1939 4963 praedicatione

351 4976 520 5032 missa
554 4978 609 5032 in
644 4980 802 5047 hujus
837 4981 1021 5035 mundi
1059 4980 1371 5053 ﬂuctivagus
1401 4992 1763 5054 tempestates,
1795 4991 1939 5044 unde

353 5065 613 5123 Dominus
651 5070 705 5123 in
743 5072 1022 5126 vocatione
1060 5073 1424 5144 apostolorum
1462 5075 1579 5128 ait:
1622 5073 1795 5131 Venite
1823 5088 1937 5148 post

350 5174 463 5223 me,
495 5159 687 5228 faciam
726 5178 816 5215 vos
849 5162 965 5231 ﬁeri
1001 5165 1284 5233 piscatores
1316 5166 1583 5219 hominum
1611 5166 1825 5237 (Matth.
1859 5185 1929 5233 iv,

352 5248 464 5318 19).
505 5250 573 5305 Ει
604 5267 634 5305 e
662 5256 958 5321 contrario,
986 5271 1239 5328 sagenam
1280 5258 1482 5313 habent
1514 5258 1753 5314 haeretici
1782 5261 1936 5315 malae

346 5340 772 5409 pratdicitionis,
803 5360 910 5413 qua
939 5347 1156 5415 capiunt
1183 5348 1393 5403 animas
1425 5348 1739 5402 innocentes
1760 5348 1827 5402 ad
1855 5349 1934 5403 in-

347 5431 589 5486 teritum.
623 5433 833 5504 Sagena
862 5450 1049 5490 eorum
1074 5446 1156 5491 est
1181 5453 1361 5494 sermo
1386 5438 1646 5504 aﬁ‘abilis,
1678 5438 1930 5496 blandum

345 5523 641 5592 eloquium,
664 5527 911 5583 simulata
940 5537 1030 5581 aut
1049 5539 1233 5584 coacta
1257 5529 1479 5601 jejunia,
1503 5535 1671 5589 vestis
1691 5533 1926 5602 humilis,

2117 4627 2282 4681 Vnus.
2314 4625 2399 4680 16.
2424 4656 2493 4667 -—-
2520 4627 2586 4680 Et
2605 4628 2839 4682 dicebam
2866 4646 2976 4699 ego,
3010 4630 3275 4687 meliorem
3296 4650 3405 4689 esse
3424 4639 3635 4709 sapim-

2044 4717 2172 4771 tiam
2220 4718 2545 4788 fortitudine.
2591 4719 2868 4785 Quomodo
2912 4739 3034 4793 ergo
3082 4727 3340 4795 sapientia
3382 4735 3633 4803 pauperis

2043 4819 2330 4882 contempta
2358 4821 2455 4876 est,
2484 4821 2533 4866 et
2555 4813 2705 4867 verba
2731 4813 2846 4883 ejus
2873 4831 2976 4868 non
3006 4825 3126 4870 sunt
3150 4820 3376 4873 audita?
3403 4822 3636 4887 Quando

2043 4902 2219 4958 nullus
2268 4904 2511 4958 meminit
2557 4905 2816 4975 sapientis
2862 4910 3119 4978 pauperis
3162 4911 3324 4978 illius,
3352 4928 3474 4968 cum
3505 4917 3627 4973 laeta

2042 5001 2167 5047 sunt
2204 4995 2406 5056 omnia.
2436 4997 2533 5051 sed
2560 4998 2797 5053 universi
2827 4999 3066 5067 divitias,
3115 5012 3171 5057 et
3210 5006 3503 5073 potentiam
3533 5010 3627 5065 ad-

2041 5084 2307 5140 mirantur
2329 5086 2456 5158 [Με.
2479 5130 2493 5153 ,
2529 5104 2905 5160 quanquam...
2943 5094 3316 5150 meminerit...
3353 5097 3625 5156 admireno

2043 5173 2173 5244 tur.]
2204 5176 2317 5247 Ego
2358 5186 2536 5233 tamen
2580 5193 2678 5249 per
2721 5196 2911 5237 omnes
2953 5199 3114 5253 supra
3156 5186 3624 5257 interpretationes

2041 5264 2212 5332 magis
2241 5266 2446 5323 honoro
2471 5278 2830 5341 contemptam
2866 5274 3206 5344 sapientiam,
3234 5285 3288 5333 et
3319 5281 3480 5336 verba
3501 5299 3622 5354 qua

2038 5355 2213 5411 nullas
2249 5358 2434 5414 audire
2462 5362 2731 5431 dignatur.

2110 5447 2268 5502 Vens.
2304 5449 2387 5503 17.
2420 5481 2489 5489 -
2524 5450 2693 5506 Verba
2721 5455 3034 5523 sapientium
3064 5461 3353 5516 audiuntur
3384 5464 3440 5517 in
3462 5464 3622 5522 silen-

2039 5538 2127 5600 tio,
2158 5538 2273 5608 plus
2318 5556 2474 5610 quam
2523 5541 2723 5596 clamor
2762 5545 3010 5617 principis
3042 5549 3176 5603 inter
3203 5551 3408 5606 stultos.
3443 5553 3620 5613 Verba

420 5676 444 5704 α
487 5664 584 5719 Ms.
617 5674 671 5745 et
698 5665 826 5718 llier
856 5665 1086 5747 {Gratia
1116 5680 1351 5735 quoque,
1383 5666 1481 5722 nisi
1528 5669 1750 5723 scientia
1794 5670 2048 5724 comitata
2101 5670 2280 5739 fuerit,
2312 5680 2363 5727 et
2419 5689 2672 5730 concessa
2706 5693 2737 5731 a
2790 5678 2917 5744 Deo,
2949 5682 3069 5748 quis
3114 5684 3356 5739 eruditus
3386 5686 3469 5739 vir
3496 5700 3614 5739 eam

351 5750 459 5789 non
488 5735 687 5803 poterit
715 5736 955 5791 invenire
969 5740 991 5787 ’ἰ
