4020 6186
409 301 510 357 ’ἱθῖ

1253 301 1311 353 Β.
1355 301 1411 353 F.
1456 299 1676 353 ALBINI
1717 297 1846 354 SEU
1890 295 2162 350 ALCUINI
2202 297 2482 353 OPERUM
2523 297 2700 354 PARS
2734 299 2793 353 ll.

3545 305 3644 359 708

403 424 599 493 quippe
625 421 938 491 sapientium
971 421 1021 472 in
1063 421 1257 488 quiete,
1291 427 1344 470 et
1381 419 1656 473 moderato
1685 418 1975 470 audiuntur
2005 420 2048 475 Α
2077 431 2108 467 a
2145 423 2364 483 peccato
2404 416 2657 478 maximo,
2707 429 2773 468 ne
2818 414 3022 468 scilicet
3069 414 3442 484 cogitationem
3485 432 3648 485 opere

402 511 644 573 silentio;
673 519 727 562 et
752 509 840 576 qui
869 523 971 560 non
1011 515 1258 576 quaerunt
1296 507 1515 575 plausus
1543 507 1778 561 excitare
1807 505 1968 573 vulgi,

401 600 496 654 sed
525 600 746 652 salutem
786 597 1090 652 desiderant
1125 597 1473 651 audientium.
1525 595 1624 662 Qui
1673 611 1802 650 vero
1845 595 1972 649 insi-

401 690 550 758 piens
575 696 676 752 est,
705 688 951 757 quamvis
994 688 1065 741 sit
1088 695 1296 758 potens,
1321 696 1374 740 et
1403 687 1692 740 clamorem
1720 687 1833 739 sive
1861 700 1971 739 sua:

399 779 565 842 vocis,
591 779 703 833 sive
729 778 906 848 populi
933 778 1127 832 habeat
1151 779 1515 843 acclamantis,
1555 779 1695 831 inter
1718 777 1970 845 insipien-

399 877 479 921 tes
503 877 861 938 computatur,
890 869 981 938 qui
1032 870 1132 924 sibi
1179 869 1390 922 laudem
1429 869 1620 937 quierit
1657 868 1964 928 humanam,

397 973 502 1013 non
531 958 828 1028 profectum
873 959 1049 1028 populi
1070 959 1354 1013 audientis.

369 1056 386 1060 ’
465 1051 628 1106 Vens.
659 1052 742 1105 18.
759 1050 1034 1104 —Melior
1051 1060 1122 1103 est
1139 1051 1396 1120 sapientia
1414 1066 1570 1120 quam
1592 1065 1740 1102 arma
1762 1047 1963 1112 bellica,

393 1153 441 1198 et
483 1143 572 1214 qui
617 1144 673 1197 in
715 1160 816 1196 uno
855 1143 1156 1212 peccaverit,
1194 1142 1359 1196 multa
1401 1142 1534 1195 bona
1579 1140 1773 1212 perdet.
1816 1139 1967 1194 Nunc

393 1245 604 1299 quoque
630 1230 945 1300 sapientiam
982 1229 1199 1299 praefert
1239 1228 1569 1294 fortitudini,
1597 1236 1651 1281 et
1692 1229 1821 1282 dicit
1844 1243 1965 1282 eam

393 1320 512 1388 plus
557 1321 738 1374 valere
779 1321 833 1373 in
862 1319 1058 1388 praeliis
1095 1334 1256 1388 quam
1301 1333 1453 1372 arma
1500 1319 1880 1390 pugnantium;
1913 1329 1966 1373 et

391 1413 581 1465 crebro
604 1411 802 1474 evenit,
831 1409 970 1478 quod
1008 1425 1106 1479 per
1127 1409 1287 1464 unius
1315 1409 1672 1480 insipientiam
1694 1423 1824 1479 opes
1851 1426 1966 1464 ma-

390 1516 506 1570 gnae
528 1510 686 1571 atque
732 1502 928 1556 divitiae
967 1508 1210 1571 pereunt.
1257 1499 1410 1567 Quod
1457 1515 1587 1555 vero
1617 1500 1736 1554 ait:
1769 1499 1871 1565 Qui
1908 1502 1964 1554 in

390 1610 493 1648 uno
518 1595 821 1664 peccauerit,
853 1593 1018 1647 multa
1047 1593 1181 1647 bona
1216 1593 1411 1664 perdet.
1443 1593 1628 1648 Simile
1653 1593 1780 1663 quid
1804 1602 1858 1648 et
1873 1593 1964 1648 Ja-

387 1683 554 1738 cobus
596 1682 867 1752 apostolus
909 1683 1080 1752 ponit,
1110 1683 1201 1738 ubi
1232 1683 1308 1737 ait
1337 1703 1350 1736 :
1383 1681 1485 1748 Qui
1517 1682 1739 1756 [autem]
1769 1685 1826 1738 in
1856 1700 1958 1738 uno

2075 504 2438 571 compleamus
2455 521 2466 554 :
2484 503 2608 570 quia
2629 503 2770 556 aliud
2791 511 2874 557 est
2899 503 3218 574 cogitatione
3238 519 3486 573 peccare,
3504 504 3648 562 aliud

2071 609 2252 662 Opere.
2284 594 2359 648 De
2392 610 2498 664 quo
2526 594 2712 664 grandi
2753 605 2968 664 peccato
3003 597 3056 649 in
3088 596 3295 664 psalmo
3323 595 3519 669 legitur
3545 613 3561 652 :
3589 597 3653 652 Si

2071 683 2172 735 mei
2209 700 2308 736 non
2347 683 2539 752 fuerint
2576 685 2850 748 deminuti,
2892 694 3014 738 tunc
3051 685 3420 741 immaculatus
3459 704 3572 754 ero,
3596 697 3651 743 et

2065 773 2390 827 emundabor
2427 793 2459 826 a
2483 774 2668 828 delicto
2706 775 2933 828 maximo
2969 773 3144 845 (Psal.
3183 791 3339 841 xvnt,
3366 775 3474 848 14).

2139 862 2303 916 Vens.
2327 863 2606 917 δελ-ΕΜ
2629 874 2677 916 et
2702 863 2919 927 malum,
2942 864 3080 934 quod
3103 865 3207 918 vidi
3227 867 3319 919 sub
3339 865 3468 932 sole,
3493 867 3651 938 quasi

2064 966 2158 1018 per
2194 967 2422 1006 errorem
2452 953 2715 1022 egrediens
2745 971 2776 1007 a
2805 954 2941 1023 facie
2966 955 3237 1025 principis,
3257 957 3481 1024 positum
3517 957 3644 1010 stul-

2065 1047 2176 1091 tum
2197 1039 2251 1092 in
2271 1041 2520 1109 dignitate
2539 1041 2767 1107 sublimi,
2782 1051 2829 1094 et
2849 1043 3031 1096 divites
3044 1044 3218 1097 sedere
3235 1045 3499 1099 deorsum.
3523 1044 3643 1099 Vidi

2066 1143 2235 1182 servos
2261 1129 2316 1183 in
2361 1131 2522 1198 equis,
2565 1141 2614 1184 et
2641 1133 2895 1202 principes
2923 1135 3073 1202 quasi
3107 1151 3278 1189 servos
3317 1136 3644 1191 ambulantes

2063 1231 2219 1284 super
2257 1225 2470 1270 terram.
2520 1217 2670 1272 Hanc
2708 1233 2837 1288 ergo
2884 1219 3219 1289 iniquitatem
3258 1237 3318 1276 se
3356 1223 3408 1276 in
3446 1224 3645 1277 sarculo

2064 1307 2401 1374 perspexisse
2460 1316 2874 1373 commemorat,
2930 1311 3071 1378 quod
3122 1311 3246 1364 mali
3297 1311 3644 1367 dominantur

2058 1395 2238 1464 justis,
2276 1403 2330 1450 et
2363 1412 2503 1467 saepe
2547 1397 2752 1467 pejores
2801 1400 2891 1468 qui
2939 1409 3083 1465 sunt,
3133 1401 3468 1457 sublimiores
3508 1403 3640 1458 facti

2065 1485 2233 1558 [sunt]
2257 1487 2586 1543 melioribus.
2615 1489 2724 1544 Nec
2747 1490 2920 1544 solum
2942 1490 2994 1544 in
3022 1491 3371 1548 saecularibus
3397 1504 3642 1563 potesta-

2065 1575 2229 1641 tibus,
2260 1577 2355 1631 sed
2384 1587 2439 1631 et
2467 1578 2521 1631 in
2549 1577 2802 1634 Ecclesiae
2845 1579 3101 1649 dignitate
3130 1580 3399 1636 multoties
3427 1583 3640 1654 eligun-

2062 1672 2152 1718 tur
2170 1666 2495 1733 sacerdotes,
2519 1682 2624 1722 non
2648 1683 2713 1722 ex
2733 1668 2993 1722 virtutum
3013 1669 3239 1735 meritis,
3254 1669 3347 1724 sed
3367 1683 3432 1724 ex
3453 1670 3640 1728 favore

386 1749 688 1841 peccaverit,
713 1774 881 1842 factus
904 1749 977 1827 est
1001 1773 1231 1825 omnium
1257 1787 1374 1825 reus
1397 1749 1538 1843 (Jac:
1562 1789 1622 1836 ιι,
1648 1749 1756 1844 10).
1780 1772 1880 1838 Qui
1903 1773 1956 1828 in

2062 1757 2263 1825 p0puli,
2288 1765 2341 1810 et
2368 1757 2668 1827 principum
2702 1758 2993 1824 voluntate,
3021 1768 3336 1831 suggerente
3372 1760 3636 1818 diabolica

386 1864 499 1918 sola
524 1867 824 1935 peccaverit
860 1866 1141 1929 charitate,
1174 1864 1413 1919 omnium
1455 1879 1649 1935 expers
1695 1867 1958 1921 bonorum

383 1955 707 2010 invenietur.

993 2049 1220 2105 CAPUT
1260 2050 1323 2103 Χ.

455 2141 614 2194 Vens.
647 2142 696 2194 ι.
719 2171 790 2180 -
819 2140 1016 2196 Musae
1061 2143 1339 2195 morientes
1390 2141 1611 2211 perdunt
1650 2143 1954 2196 suavitatem

381 2231 670 2299 unguenti:
700 2232 974 2300 pretiosior
994 2240 1071 2284 est
1107 2231 1381 2301 sapientia,
1426 2239 1474 2283 et
1500 2229 1669 2300 gloria
1693 2247 1854 2300 parva
1887 2230 1955 2284 ad

380 2328 578 2388 tempus
600 2319 852 2373 stultitim.
865 2320 1181 2390 Exemplum
1203 2319 1499 2389 superioris
1511 2334 1698 2373 sensus
1713 2319 1874 2383 dedit,
1900 2319 1954 2373 in

382 2425 489 2479 quo
513 2412 605 2476 ait,
628 2427 724 2480 per
745 2427 906 2466 unum
931 2413 1151 2466 stultum
1173 2412 1336 2465 multa
1359 2411 1497 2465 bona
1512 2425 1671 2479 posse
1693 2411 1949 2476 subverti,

379 2502 523 2571 quod
563 2503 640 2555 sic
690 2502 862 2556 malus
891 2503 1089 2556 mixtus
1130 2503 1284 2556 bouis
1309 2502 1635 2556 contaminet
1667 2501 1949 2570 plurimos,

377 2590 645 2660 quomodo
681 2605 878 2644 musca:
908 2591 953 2643 si
984 2591 1284 2643 moriantur
1312 2590 1363 2643 in
1399 2599 1688 2659 unguento,
1720 2590 1951 2660 perdunt

377 2676 476 2751 [et]
499 2679 718 2734 odorem
745 2677 859 2746 ejus
884 2686 938 2732 et
958 2694 1223 2748 saporem.
1263 2679 1329 2732 Et
1352 2679 1477 2748 quia
1506 2694 1648 2748 sazpe
1675 2680 1840 2734 mixta
1869 2688 1952 2734 est

376 2770 650 2841 sapientia:
697 2770 976 2835 calliditas,
1007 2780 1062 2826 et
1107 2772 1405 2840 prudentiae
1438 2772 1666 2838 malitia,
1697 2774 1951 2843 praecepit

375 2874 435 2919 ut
480 2865 793 2934 sapientiam
835 2864 1128 2932 simplicem
1171 2865 1528 2934 requiramus,
1571 2864 1845 2934 mixtaque
1879 2866 1951 2919 sit

374 2970 499 3009 cum
525 2954 826 3010 innocentia
864 2955 1230 3008 columbarum
1277 2955 1559 3024 prudentia
1606 2955 1944 3024 serpentina;

372 3053 430 3100 et
453 3054 512 3100 ut
531 3046 821 3116 prudentes
848 3047 1015 3100 simus
1041 3046 1108 3100 ad
1129 3047 1347 3111 bonum,
1374 3047 1643 3116 simplices
1672 3055 1848 3100 autem
1877 3047 1945 3101 ad

2057 1847 2267 1914 fraude,
2316 1857 2373 1902 et
2417 1849 2511 1903 Dei
2544 1849 2690 1917 justo
2726 1850 2927 1920 judicio
2967 1851 3306 1919 permittente
3344 1853 3413 1907 ob
3440 1853 3638 1908 merita

2057 1939 2264 2008 pepuli;
2300 1947 2357 1992 ut
2382 1939 2579 1994 dicitur
2610 1940 2663 1994 in
2691 1939 2957 2009 Propheta
2985 1958 2997 1992 :
3028 1937 3330 1994 Sacerdotes
3355 1940 3498 2006 mali,
3521 1959 3639 2011 pec-

2055 2039 2172 2083 cata
2188 2029 2384 2100 populi,
2415 2039 2472 2083 ut
2491 2031 2614 2084 caeci
2635 2030 2790 2084 duces
2814 2030 3034 2084 habeant
3061 2047 3222 2084 caecos
3255 2031 3416 2084 donec
3437 2033 3636 2101 pariter

2054 2129 2299 2173 corruant
2324 2121 2378 2174 in
2404 2121 2605 2190 foveam
2644 2121 2967 2190 perditionis.
3001 2121 3055 2174 In
3090 2122 3232 2175 hunc
3257 2136 3469 2176 sensum
3501 2121 3637 2178 facit

2052 2215 2106 2261 et
2135 2209 2263 2262 illud
2294 2211 2436 2278 quod
2476 2211 2718 2280 sequitur
2752 2229 2764 2264 :
2807 2209 2926 2265 Vidi
2951 2228 3121 2265 servos
3161 2230 3315 2283 super
3361 2230 3543 2284 equos,
3583 2225 3633 2268 et

2050 2301 2307 2371 principes
2338 2300 2660 2356 ambulantes
2687 2303 2838 2373 quasi
2863 2320 3033 2356 servos
3059 2321 3212 2373 super
3233 2314 3423 2358 terram
3445 2321 3464 2358 :
3490 2314 3547 2358 ut
3573 2305 3629 2359 hi

2051 2391 2142 2459 qui
2178 2391 2316 2445 servi
2350 2399 2474 2445 sunt
2504 2391 2755 2444 vitiorum
2785 2399 2943 2462 atque
2969 2393 3199 2461 peccati,
3231 2395 3342 2447 sive
3376 2401 3486 2448 tam
3528 2395 3628 2448 hu-

2051 2483 2222 2547 miles,
2256 2490 2316 2536 ut
2355 2483 2492 2536 servi
2535 2484 2603 2537 ab
2630 2483 2935 2538 hominibus
2961 2492 3352 2552 computentur,
3389 2485 3563 2540 subita
3595 2501 3627 2540 a

2050 2574 2260 2629 diabolo
2281 2575 2536 2644 dignitate
2555 2588 2651 2643 per
2679 2571 2876 2644 flagitia
2910 2573 3147 2644 publica,
3167 2574 3452 2628 videantur
3480 2574 3627 2628 exal-

2051 2664 2181 2729 tari;
2213 2671 2266 2716 et
2307 2663 2588 2733 magistros
2613 2663 2780 2716 bonos
2819 2663 3089 2731 Deumque
3118 2663 3367 2718 timentes
3396 2665 3627 2736 opprimi

2047 2764 2101 2810 et
2125 2756 2342 2810 humilia
2372 2754 2524 2825 [Μεη
2557 2755 2851 2821 humiliari)
2878 2755 3055 2810 ofﬁcio
3085 2771 3384 2812 servorum.

2120 2868 2282 2922 Vens.
2315 2868 2367 2922 8.
2394 2897 2464 2906 --
2487 2865 2589 2931 Qui
2624 2866 2756 2935 fodit
2787 2867 3007 2934 foveam,
3048 2868 3155 2938 ipse
3185 2868 3376 2922 incidet
3398 2869 3454 2922 in
3483 2885 3620 2936 eam,

2047 2964 2094 3008 et
2117 2955 2204 3025 qui
2230 2955 2449 3024 dissipat
2479 2970 2668 3024 sepem,
2695 2954 2944 3008 mordebit
2970 2971 3086 3008 eum
3113 2953 3340 3008 coluber.
3367 2955 3446 3009 Ex
3470 2965 3625 3026 parte

2049 3045 2296 3115 simplex,
2320 3054 2374 3098 et
2398 3059 2462 3098 ex
2502 3053 2654 3114 parte
2681 3045 2937 3114 mysticus
2960 3054 3042 3100 est
3071 3045 3393 3100 intellectus.
3425 3046 3483 3101 Si
3506 3048 3624 3117 qui-

373 3095 593 3192 Inalum.
642 3137 814 3192 Aliter
843 3155 856 3190 :
886 3137 1179 3193 Pretiosior
1202 3144 1286 3192 est
1330 3095 1545 3193 humilis
1585 3136 1752 3208 gloria
1783 3152 1944 3206 quam
1971 3095 2019 3158 Ο
2050 3095 2179 3190 deni
2200 3143 2255 3188 et
2283 3135 2406 3189 alibi
2434 3095 2545 3204 ipsre
2587 3095 2837 3190 Salomon
2866 3137 2942 3189 ait
2977 3155 2990 3190 :
3021 3136 3124 3201 Qui
3155 3139 3333 3191 statuit
3358 3095 3620 3208 laqueum,

374 3229 602 3298 superba
646 3228 834 3295 elatio;
866 3238 918 3283 et
944 3229 1010 3283 ad
1046 3237 1258 3299 tempus
1285 3229 1508 3284 stultum
1535 3229 1726 3294 videri,
1759 3229 1812 3284 id
1839 3237 1939 3294 est,

373 3316 691 3386 simplicem,
717 3333 876 3387 quam
909 3318 1201 3388 gloriosum
1227 3325 1282 3372 et
1309 3319 1617 3386 superbum.

440 3407 605 3481 438
633 3409 794 3464 Vens.
825 3409 881 3474 2,
907 3411 961 3463 5.
984 3439 1054 3448 —
1082 3406 1186 3462 Cor
1212 3408 1457 3476 sapientis
1485 3409 1539 3460 in
1561 3407 1772 3462 dextera
1805 3410 1939 3478 ejus,

369 3509 418 3554 et
443 3516 535 3553 cor
552 3499 696 3554 stulti
722 3500 776 3552 in
795 3499 1007 3552 sinistra
1041 3497 1205 3551 illius.
1233 3496 1339 3551 Sed
1362 3498 1415 3551 in
1445 3499 1527 3552 via
1550 3497 1738 3551 stultus
1760 3498 1942 3552 ambu-

368 3589 506 3656 lans,
528 3608 649 3645 cum
673 3591 781 3662 ipse
813 3590 1060 3660 insipiens
1088 3590 1173 3654 sit,
1200 3605 1374 3642 omnes
1398 3588 1580 3643 stultos
1603 3591 1843 3644 restituat.
1874 3589 1941 3644 Et

371 3689 423 3742 in
454 3685 740 3753 Evangelio
778 3683 1105 3751 prtecipitur,
1136 3689 1194 3735 ut
1228 3681 1433 3735 nesciat
1459 3682 1676 3737 sinistra
1704 3682 1830 3751 quid
1861 3681 1929 3737 faa

369 3779 476 3831 ciat
503 3777 720 3829 dextera
749 3773 1002 3840 sapientis
1029 3770 1241 3831 (Matth.
1269 3788 1324 3838 v,
1353 3773 1452 3837 39;
1483 3788 1560 3832 vi,
1585 3771 1659 3844 5).
1685 3772 1750 3826 Et
1771 3789 1938 3841 quan-

369 3867 438 3920 do
477 3864 807 3934 percutimur
836 3863 890 3915 in
934 3861 1203 3916 maxillam
1231 3863 1532 3928 dexteram,
1563 3877 1668 3917 non
1689 3861 1941 3930 iubemur

368 3956 642 4010 sinistram
671 3968 859 4025 genam
887 3953 1202 4022 percutienti
1248 3954 1505 4022 praebere,
1553 3953 1647 4008 sed
1690 3953 1935 4008 alteram.

366 4049 550 4104 Justus
577 4055 754 4102 autem
785 4045 935 4118 [Ms.,
961 4044 1124 4116 enim]
1155 4044 1427 4099 sinistram
1456 4045 1510 4098 in
1538 4059 1596 4098 se
1624 4059 1728 4098 non
1755 4045 1937 4109 habet,

368 4139 462 4194 sed
512 4145 680 4192 totum
735 4137 790 4191 in
843 4151 907 4190 eo
953 4135 1200 4188 dextrum
1235 4145 1334 4188 est.
1377 4133 1478 4200 Qui
1509 4140 1690 4188 autem
1727 4135 1939 4202 sapiens

367 4238 470 4295 est,
503 4243 716 4298 semper
749 4227 814 4282 de
848 4225 1028 4280 futuro
1056 4223 1250 4278 saeculo
1277 4224 1495 4294 cogitat,
1531 4224 1674 4292 quod
1697 4225 1842 4279 ducit
1871 4224 1939 4279 ad

367 4322 640 4386 dextram;
677 4318 768 4388 qui
813 4331 943 4371 vero
972 4315 1226 4384 insipiens
1255 4321 1359 4380 est,
1388 4314 1455 4368 de
1486 4315 1760 4383 praesenti,
1798 4314 1939 4383 quod

2046 3227 2279 3297 capietur
2298 3227 2352 3279 in
2374 3225 2464 3279 illo
2489 3226 2675 3297 (Eccli.
2708 3243 2874 3290 xxvn,
2900 3228 3012 3298 29).
3045 3229 3111 3282 Et
3135 3231 3188 3284 in
3211 3229 3418 3284 Psalmo
3456 3233 3622 3300 septi-

2046 3331 2134 3371 mo
2164 3335 2176 3370 :
2209 3316 2407 3370 Locum
2434 3317 2655 3387 aperuit,
2688 3328 2735 3370 et
2767 3318 2947 3386 e/fodit‘
2978 3335 3113 3383 eum,
3151 3330 3198 3373 et
3223 3319 3398 3373 incidit
3443 3321 3496 3372 in
3537 3321 3618 3389 {o-

2043 3427 2210 3476 veam,
2235 3428 2393 3482 quam
2435 3411 2554 3480 fecit
2589 3411 2759 3482 (Psal.
2787 3428 2882 3475 vn,
2915 3411 3025 3482 16).
3050 3411 3204 3482 Sepis
3223 3421 3396 3468 autem
3425 3414 3623 3468 oonlir-

2042 3502 2207 3556 matio
2257 3500 2410 3572 [Ills.,
2461 3502 2771 3574 inﬁrmatio]
2816 3502 3178 3558 ecclesiastica
3231 3514 3286 3557 et
3329 3504 3620 3573 apostolica

2042 3599 2166 3647 sunt
2191 3593 2461 3662 dogmata,
2487 3609 2605 3662 quae
2625 3594 2716 3662 qui
2735 3593 3057 3657 dissolverit,
3081 3603 3136 3649 et
3151 3595 3381 3651 voluerit
3400 3607 3620 3666 praeter-

2041 3681 2142 3746 ire,
2172 3681 2224 3735 in
2251 3696 2316 3737 eo
2347 3683 2462 3751 ipso
2491 3683 2633 3751 quod
2668 3683 2892 3754 negligit
2919 3692 3228 3739 sanctorum
3279 3694 3477 3742 statuta
3519 3688 3621 3744 Pa-

2041 3783 2201 3840 trum,
2235 3790 2266 3829 a
2295 3784 2540 3844 serpente
2569 3777 2888 3845 percutitur,
2916 3776 2971 3831 id
2991 3786 3095 3842 est,
3126 3793 3155 3831 a
3185 3777 3395 3834 diabolo
3435 3779 3619 3837 vulne-

2040 3875 2208 3920 ratur.
2243 3865 2320 3920 De
2363 3881 2469 3935 quo
2502 3875 2747 3936 serpente
2790 3868 2844 3921 in
2890 3867 3053 3922 Amos
3095 3868 3358 3938 scriptum
3400 3878 3486 3924 est
3514 3889 3527 3924 :
3558 3869 3617 3927 Si

2039 3956 2356 4012 descenderit
2385 3958 2439 4010 in
2462 3956 2746 4026 infernum,
2778 3958 3035 4012 mandabo
3059 3960 3304 4030 serpenti,
3335 3969 3384 4014 et
3408 3961 3615 4018 mortle-

2041 4046 2112 4098 bit
2140 4063 2256 4100 eum
2285 4047 2484 4117 (Amos.
2510 4064 2584 4113 lx,
2611 4047 2687 4108 ὅ).
3177 4101 3187 4108 .

2117 4137 2273 4192 Vens.
2296 4137 2348 4192 9.
2375 4167 2447 4176 —
2476 4137 2579 4203 Qui
2614 4139 2859 4208 transfert
2901 4139 3119 4210 lapides,
3154 4141 3406 4212 afﬂigetur
3427 4143 3481 4197 in
3507 4145 3613 4208 eis;

2039 4238 2087 4282 et
2116 4230 2206 4300 qui
2245 4229 2432 4284 scindit
2456 4229 2617 4300 ligna,
2645 4229 3002 4284 vulnerabitur
3035 4231 3098 4285 ab
3124 4232 3216 4285 eis.
3244 4232 3541 4288 Volvuntur
3562 4243 3615 4288 et

2041 4321 2095 4374 in
2111 4321 2369 4378 Zacharia
2392 4323 2561 4377 sancti
2579 4323 2782 4392 lapides
2801 4338 2959 4393 super
2981 4334 3175 4380 terram
3190 4323 3373 4393 (lactt.
3391 4341 3468 4391 ix,
3493 4323 3610 4394 {6);

367 4412 599 4480 positum
622 4418 704 4466 est
728 4410 781 4464 in
805 4408 1042 4472 sinistra,
1074 4421 1285 4476 semper
1306 4407 1547 4476 inquirit.
1580 4405 1821 4476 Sequens
1843 4422 1939 4462 au-
1967 4435 2018 4495 Β
2041 4428 2147 4468 non
2173 4414 2315 4468 enim
2345 4413 2498 4468 ﬁrma
2543 4413 2754 4468 ratione
2799 4415 3116 4479 consistunt,
3145 4415 3238 4471 sed
3264 4423 3608 4484 praetereunt,

366 4511 474 4556 tem
501 4501 795 4557 versiculus
839 4501 893 4554 in
919 4515 1025 4571 quo
1053 4499 1128 4554 ait
1155 4513 1168 4552 :
1203 4496 1306 4554 Sed
1333 4499 1386 4552 in
1425 4501 1506 4552 via
1533 4498 1723 4553 stultus
1753 4500 1934 4553 ambu-

365 4593 502 4660 lans,
529 4609 648 4648 cum
691 4593 798 4662 ipse
839 4591 1084 4661 insipiens
1124 4590 1212 4655 sit,
1257 4606 1430 4644 omnes
1455 4588 1638 4644 stultos
1677 4591 1931 4654 restituat;

365 4684 510 4739 hunc
545 4697 763 4739 sensum
807 4683 1009 4737 habet:
1043 4681 1254 4747 stultus,
1300 4687 1357 4734 ut
1384 4680 1496 4747 ipse
1521 4692 1722 4749 peccat,
1753 4691 1935 4752 sperat

362 4787 552 4828 omnes
576 4786 800 4843 peccare
845 4770 1108 4835 similiter,
1155 4779 1317 4841 atque
1344 4786 1412 4827 ex
1449 4786 1546 4826 suo
1575 4771 1788 4842 ingenio
1814 4772 1930 4826 uni-

363 4879 548 4922 versos
570 4863 801 4934 judicat.

433 4955 595 5010 Vsus.
617 4953 672 5007 4.
699 4983 771 4994 -·
798 4951 856 5008 Si
884 4953 1098 5022 spiritus
1121 4962 1421 5024 potestatem
1442 4954 1676 5008 [tabentis
1705 4953 1934 5007 ascendit

363 5044 510 5115 [Ms.,
539 5042 852 5116 ascenderit]
889 5060 1046 5114 super
1070 5051 1140 5108 te,
1179 5043 1346 5097 locum
1373 5053 1519 5096 tuum
1546 5060 1609 5097 ne
1651 5043 1933 5110 dimiseris,

359 5137 481 5206 quia
507 5137 707 5190 curatio
729 5152 929 5189 cessare
949 5134 1101 5204 faciet
1124 5143 1334 5205 peccata
1359 5134 1605 5188 maxima.
1629 5133 1934 5204 Principem

361 5227 542 5282 mundi
573 5227 746 5292 istius,
775 5234 828 5281 et
855 5235 1115 5281 rectorem
1138 5225 1479 5279 tenebrarum
1506 5225 1720 5292 harum,
1741 5233 1796 5280 et
1816 5241 1938 5295 ope-

361 5325 565 5373 rantem
595 5320 649 5374 in
673 5319 795 5374 ﬁliis
815 5317 1124 5374 difﬁdentia:
1143 5359 1158 5384 ,
1189 5316 1341 5385 cujus
1359 5325 1414 5372 et
1436 5317 1722 5388 Apostolus
1745 5320 1935 5375 memi-

359 5405 466 5470 nit,
506 5423 648 5464 nunc
672 5409 952 5478 Scriptura
995 5408 1260 5479 signiﬁcat
1293 5427 1305 5461 :
1340 5409 1480 5478 quod
1521 5410 1567 5464 si
1606 5411 1662 5465 in
1703 5425 1796 5466 cor
1839 5427 1934 5466 no-

360 5505 533 5552 stmm
547 5502 866 5567 ascenderit,
895 5509 949 5556 et
970 5503 1183 5557 animus
1198 5502 1353 5558 malae
1372 5502 1716 5574 cogitationis
1738 5501 1932 5556 vulnus

359 5590 645 5657 acceperit,
691 5605 794 5644 non
841 5593 1095 5646 debemus
1146 5592 1320 5647 locum
1360 5591 1499 5646 ultro
1543 5591 1797 5654 tribuere,
1838 5589 1931 5644 sed

359 5689 596 5750 pugnare
625 5685 812 5730 contra
858 5681 1230 5747 cogitationem
1275 5681 1582 5747 pessimam,
1613 5687 1666 5733 et
1713 5678 1929 5732 liberari

2039 4511 2094 4560 ct
2121 4518 2333 4574 semper
2357 4505 2424 4560 ad
2465 4504 2654 4558 altiora
2701 4505 2953 4568 nitentes,
2990 4505 3114 4560 hinc
3152 4505 3300 4560 abire
3339 4504 3606 4560 festinant.

2039 4595 2114 4649 De
2142 4595 2227 4650 his
2246 4594 2382 4649 vivis
2411 4595 2692 4665 lapidibus,
2715 4603 2771 4650 et
2795 4596 2848 4650 in
2871 4595 3189 4666 Apocalypsi
3218 4597 3348 4651 urbs
3373 4595 3610 4650 Salvato-

2038 4685 2114 4739 ris
2138 4685 2432 4740 exstruitur
2461 4684 2640 4756 (Apoc.
2672 4702 2784 4750 nl,
2817 4684 2928 4756 l8),
2957 4694 3013 4740 et
3037 4685 3332 4740 Ecclesium
3357 4685 3608 4740 tedilicari

2035 4776 2323 4844 Apostolus
2351 4777 2596 4831 meminit
2621 4774 2776 4848 [Ms.,
2800 4792 2905 4832 non
2928 4776 3108 4848 tacet].
3137 4775 3238 4842 Qui
3255 4790 3386 4831 vero
3407 4776 3506 4831 hos
3536 4776 3609 4830 la—

2033 4867 2186 4937 pides
2215 4867 2363 4922 vivos
2395 4867 2462 4922 de
2509 4867 2860 4922 aedificatione
2899 4865 3050 4938 [Ms.,
3078 4863 3329 4938 aedilicio]
3358 4865 3608 4921 Ecclesia:

2034 4957 2292 5013 transfert
2332 4958 2582 5013 haeretica
2630 4957 2867 5027 qualibet
2893 4956 3172 5026 pravitate,
3196 4962 3399 5010 aeterno
3426 4954 3608 5009 dolore

2033 5048 2297 5119 allligetur
2323 5063 2422 5118 pro
2459 5049 2558 5113 eis,
2585 5048 2726 5118 ligna
2763 5060 2976 5116 quoque
3004 5045 3256 5100 scindens
3281 5042 3608 5115 periclitabi-

2035 5149 2123 5194 tur
2148 5139 2203 5194 in
2223 5139 2321 5195 eis.
2351 5137 2599 5195 Hmretiei
2635 5138 2776 5208 ligna
2817 5135 3144 5190 infructuosa
3170 5141 3315 5199 sunt,
3346 5141 3403 5189 et
3441 5133 3609 5188 saltus

2037 5231 2239 5298 absque
2278 5229 2508 5284 utilitate
2531 5243 2845 5296 pomorum;
2875 5241 2975 5295 pro
2999 5240 3228 5295 quorum
3261 5224 3604 5279 sehismatica

2033 5319 2294 5373 divisione
2338 5317 2600 5386 prudens,
2654 5325 2709 5370 et
2751 5315 3148 5370 ecclesiasticus
3186 5313 3375 5368 doctor
3427 5313 3608 5367 animo

2030 5408 2420 5470 vulnerabitur,
2447 5405 2700 5474 Apostolo
2740 5406 2950 5460 dicente
2978 5423 2990 5458 :
3023 5403 3152 5470 Quis
3187 5401 3604 5466 scandalizatur,

2029 5504 2077 5548 et
2099 5511 2190 5565 ego
2220 5511 2324 5549 non
2353 5509 2479 5547 uror
2503 5493 2588 5564 (II
2618 5493 2740 5549 Cor.
2777 5510 2857 5561 χι,
2877 5495 3004 5565 29)?

2100 5585 2262 5639 Vens.
2297 5585 2382 5639 l0.
2407 5615 2478 5626 —
2511 5583 2568 5640 Si
2598 5594 2823 5640 retusum
2863 5586 3020 5656 fuerit
3050 5583 3269 5653 ferrum,
3296 5593 3344 5636 et
3378 5584 3476 5636 hoc
3500 5598 3606 5638 non

2031 5687 2084 5730 ut
2109 5679 2278 5748 prius,
2301 5679 2390 5733 sed
2413 5679 2706 5734 hebetatam
2733 5680 2851 5746 erit,
2883 5677 3044 5732 multo
3076 5677 3250 5733 labore
3275 5685 3559 5732 exacuetur
3579 5687 3604 5731 .'
