4020 6186
313 299 417 356 709

1122 295 1536 352 EXEGETICA.
1576 325 1643 335 --
1680 295 2033 351 COMMENT.
2076 294 2142 349 IN
2185 295 2714 352 ECCLESIASTEN.

3473 298 3576 351 7m

307 428 356 472 et
381 424 492 486 post
543 411 861 466 industriam
911 419 1152 480 sequetur
1185 409 1458 479 sapientia.
1492 407 1548 461 Si
1581 423 1658 472 se,
1694 409 1886 477 inquit,
1919 416 1964 469 Α
1997 418 2126 473 tem,
2158 409 2202 462 si
2248 410 2410 463 verba
2458 409 2791 477 multiplicct.
2825 409 3007 463 Potest
3053 410 3154 464 hoc
3199 412 3264 464 de
3310 411 3578 466 luereticis

307 505 502 577 aliquis
540 502 735 557 viderit
778 507 996 570 propter
1039 499 1415 569 negligentiam
1469 499 1776 569 Scripturas
1812 500 1892 554 di-

305 594 491 652 scendi
547 600 786 656 sanctas,
833 591 1082 644 obtusum
1113 590 1309 643 habere
1334 603 1574 654 sensum,
1609 597 1664 642 et
1691 604 1894 658 nequa-

306 702 470 759 quam
517 684 679 738 talem
721 698 780 738 se
806 681 1114 755 [mansisse]
1155 682 1497 747 intellexerit,
1548 681 1723 752 qualis
1765 692 1892 736 ante

309 777 429 842 fuit,
460 776 586 831 dum
613 774 884 845 spiritales
902 773 1186 844 diligenter
1209 771 1373 844 439
1397 787 1588 828 sensus
1613 773 1668 826 in
1697 773 1892 828 divinis

311 869 459 925 libris
483 875 802 925 consecutus
831 874 914 921 est
942 883 955 919 :
985 866 1111 935 quia
1145 866 1324 920 evenit
1367 867 1634 920 interdum
1678 874 1738 919 ut
1769 882 1890 921 cum

307 957 575 1014 modicum
628 954 904 1024 sapientia:
949 954 1072 1023 quis
1108 954 1376 1019 habuerit,
1401 954 1578 1009 elatus
1607 955 1661 1008 in
1699 970 1890 1024 super-

306 1048 451 1104 biam
477 1047 686 1102 discere
709 1044 970 1108 desistat;
1010 1053 1265 1114 pautatim
1310 1059 1440 1098 vero
1484 1045 1626 1114 quod
1667 1045 1888 1109 sciebat,

307 1155 376 1195 ex
402 1155 466 1195 eo
492 1139 635 1210 quod
663 1136 798 1192 nihil
825 1137 873 1191 ei
899 1137 1134 1200 additur,
1159 1134 1484 1201 detrahitur,
1513 1146 1566 1189 et
1595 1151 1819 1191 vacuum
1840 1137 1890 1191 ei

307 1229 604 1300 disciplinis
623 1237 810 1298 pectus
838 1232 1109 1290 remanet;
1135 1224 1337 1279 ferrum
1365 1224 1509 1294 quod
1535 1233 1751 1279 acutum
1780 1223 1890 1279 fue-

309 1329 414 1385 rat,
438 1319 723 1374 hebetatur
748 1318 889 1381 otio;
917 1324 972 1372 et
995 1315 1222 1379 desidia,
1249 1316 1402 1385 quasi
1425 1316 1712 1384 quamdam
1739 1315 1890 1370 rubi-

309 1413 484 1484 ginem
515 1409 792 1480 sapientiae
823 1409 1047 1478 patitur.
1095 1406 1150 1461 Si
1195 1408 1360 1478 igitur
1399 1409 1502 1462 hoc
1547 1408 1667 1476 quis
1698 1422 1891 1476 passus

308 1501 490 1565 fuerit,
533 1515 640 1554 non
682 1499 929 1568 desperet
958 1497 1254 1552 remedium
1301 1497 1568 1561 sanitatis,
1600 1498 1694 1552 sed
1731 1499 1894 1551 vadat

307 1594 377 1650 ad
403 1592 746 1664 magistrum,
790 1598 846 1646 et
885 1605 1101 1645 rursum
1146 1589 1447 1644 instruatur
1481 1591 1550 1644 ab
1576 1605 1662 1654 eo,
1691 1598 1746 1644 et
1771 1599 1894 1660 post

308 1683 545 1738 laborem
574 1690 629 1736 et
658 1681 977 1736 industriam
1026 1680 1224 1735 sudore
1251 1680 1418 1734 nimio
1453 1680 1652 1735 valebit
1679 1681 1893 1751 sapien-

309 1776 436 1830 tiam
459 1775 700 1845 recipere
725 1788 886 1842 quam
917 1772 1189 1826 amiserat.

378 1866 539 1921 Vens.
568 1865 653 1918 ll.
674 1895 746 1905 —
767 1862 824 1918 Si
853 1863 1088 1918 mordeat
1110 1879 1318 1934 serpens
1344 1863 1399 1917 in
1426 1862 1651 1926 silentio,
1680 1862 1810 1916 nihil
1831 1879 1890 1916 eo

308 1959 481 2013 minus
509 1955 682 2020 habet,
707 1955 797 2026 qui
826 1953 1024 2008 occulte
1051 1953 1298 2006 detrahit.
1323 1952 1563 2022 Simplex
1592 1954 1680 2008 hic
1702 1968 1892 2009 sensus

306 2058 408 2105 est.
441 2048 677 2118 Serpens
706 2055 760 2102 et
784 2048 1056 2101 detractor
1096 2047 1331 2115 :equales
1361 2035 1505 2101 sunt.
1537 2046 1689 2114 Quod
1732 2049 1892 2102 modo

304 2141 450 2196 enim
477 2139 569 2194 ille
608 2139 816 2193 occulte
857 2137 1109 2192 mordens
1145 2152 1410 2191 venenum
1442 2137 1650 2201 inserit,
1679 2137 1758 2193 sic
1791 2138 1893 2192 iste

307 2232 444 2288 clam
487 2231 795 2293 detrahens,
834 2229 983 2284 virus
1027 2229 1263 2298 pectoris
1296 2228 1380 2282 sui
1423 2227 1657 2283 infundit
1701 2229 1756 2282 iu
1784 2227 1893 2282 fra-

305 2331 464 2388 trem,
489 2330 544 2376 et
579 2321 713 2376 nihil
760 2320 922 2375 habet
963 2336 994 2375 a
1036 2329 1289 2388 serpente
1331 2319 1527 2374 minus.
1567 2319 1703 2375 Cum
1747 2320 1890 2374 enim

306 2413 484 2482 lingua
532 2411 766 2466 hominis
795 2411 862 2464 ad
892 2409 1340 2474 benedicendum,
1383 2417 1439 2464 et
1479 2409 1890 2464 :edilieationem

305 2501 534 2572 proximi
565 2502 634 2556 sit
663 2509 864 2562 creata,
896 2500 983 2554 ille
1020 2515 1138 2553 eam
1169 2499 1431 2568 aequalem
1470 2499 1708 2568 serpenti
1738 2499 1886 2563 facit,

306 2595 435 2648 dum
462 2592 750 2646 virtutibus
794 2590 910 2659 ejus
950 2591 1004 2644 in
1034 2604 1348 2659 perversum
1385 2590 1643 2644 abutitur.
1673 2588 1885 2643 Aliter:

304 2682 365 2740 Si
393 2698 551 2752 quem
579 2697 804 2751 serpens
830 2681 1074 2736 diabolus
1099 2681 1152 2733 in
1181 2679 1396 2735 occulto
1425 2679 1802 2744 momorderit,
1834 2688 1891 2734 et

303 2775 452 2830 nullo
500 2773 716 2830 conscio
762 2788 885 2827 eum
932 2774 1140 2842 peccati
1171 2788 1376 2827 veneno
1406 2771 1684 2837 infecerit;
1717 2772 1760 2826 si
1813 2779 1890 2826 ta-

303 2867 478 2922 cuerit
504 2865 595 2934 qui
623 2878 910 2934 percussus
935 2871 1036 2928 est,
1065 2871 1118 2916 et
1147 2878 1253 2917 non
1283 2863 1456 2932 egerit
1491 2863 1885 2931 ptenitentiam,

303 2971 407 3012 nec
449 2954 642 3010 vulnus
670 2969 825 3009 suum
856 2954 1118 3023 magistro
1148 2954 1380 3008 voluerit
1417 2953 1683 3018 conﬁteri,
1711 2953 1882 3024 magi~

300 3055 440 3113 ster,
464 3047 558 3115 qui
583 3046 821 3115 linguam
849 3045 1014 3100 habet
1036 3045 1103 3100 ad
1129 3045 1447 3111 curandum,
1474 3044 1632 3100 facile
1653 3045 1702 3100 ei
1727 3047 1888 3115 prod-

300 3153 422 3192 esse
447 3152 552 3192 non
576 3135 792 3206 poterit.

374 3228 538 3282 Vens.
565 3225 742 3280 li-
784 3223 946 3279 Verba
994 3227 1102 3280 oris
1148 3227 1399 3296 sapientis
1439 3238 1630 3297 gratia,
1667 3233 1717 3280 et
1745 3223 1887 3278 labia

298 3324 590 3394 insipientis
633 3319 1030 3393 prtecipitabunt
1057 3335 1194 3373 eum.
1241 3317 1504 3385 Stultitia,
1530 3319 1576 3373 si
1604 3334 1700 3373 sua
1743 3325 1888 3374 esset

299 3417 602 3472 rusucitate
647 3422 925 3478 contenta,
976 3414 1156 3468 minus
1193 3415 1395 3483 aliquid
1447 3414 1670 3469 haberet
1716 3415 1883 3469 mali:

298 3522 444 3561 nunc
467 3515 645 3562 autem
671 3513 860 3561 contra
890 3505 1206 3574 sapientiam
1235 3505 1437 3560 bellum
1463 3507 1624 3575 gerit,
1651 3513 1705 3560 et
1732 3507 1887 3577 quid-

299 3598 430 3666 quid
457 3597 754 3666 prudentiae
795 3597 849 3650 in
878 3597 1037 3651 docto
1063 3597 1180 3650 viro
1206 3595 1424 3661 viderit,
1453 3596 1567 3650 zelo
1612 3597 1884 3651 stimulata

301 3704 409 3744 non
448 3689 656 3758 recipit.
688 3687 953 3756 Loquitur
977 3687 1122 3742 enim
1155 3687 1240 3741 vir
1264 3688 1479 3758 sapiens
1503 3689 1667 3742 verba
1712 3689 1887 3743 scien-

298 3781 410 3843 tiae,
447 3779 608 3834 verba
639 3779 846 3850 gratim,
889 3793 1010 3847 qua:
1047 3779 1334 3832 utilitatem
1375 3787 1600 3847 possunt
1642 3780 1886 3848 praebere

297 3867 672 3939 audientibus;
707 3874 763 3922 et
793 3881 952 3921 aures
980 3866 1128 3921 stulti
1160 3883 1265 3921 non
1294 3868 1368 3921 ita
1401 3869 1628 3923 audiunt
1656 3883 1777 3936 qua:
1805 3868 1887 3921 di-

295 3965 518 4022 cuntur,
555 3967 614 4012 ut
657 3957 800 4013 dicta
845 3965 995 4019 sunt,
1028 3957 1121 4012 sed
1165 3973 1196 4012 e
1229 3958 1503 4012 contrario
1549 3957 1723 4011 virum
1761 3954 1886 4027 pru-

296 4048 521 4104 dentem
547 4049 893 4118 supplantare
936 4048 1131 4102 stultus
1175 4057 1422 4112 conatur,
1455 4057 1512 4102 et
1541 4048 1624 4103 sui
1654 4048 1884 4103 similem

294 4139 500 4195 facere.
532 4141 602 4195 Et
645 4156 829 4197 revera
874 4143 1242 4212 praecipitatur
1281 4141 1366 4196 vir
1404 4142 1639 4212 sapiens,
1673 4143 1886 4210 quando

295 4234 354 4288 in
386 4247 574 4286 aurem
601 4232 836 4302 loquitur
866 4233 1241 4303 imprudentis,
1265 4239 1321 4286 et
1344 4233 1508 4287 verba
1539 4230 1654 4301 ejus
1679 4233 1732 4286 in
1762 4247 1888 4300 pro-

296 4321 469 4376 fundo
501 4319 580 4392 (ut
599 4321 672 4376 ita
697 4322 893 4395 dicam)
911 4324 1122 4393 gurgite
1141 4330 1387 4392 pereunt.
1415 4321 1567 4378 Unde
1589 4322 1779 4376 beatus
1799 4320 1887 4376 ille

295 4419 402 4478 est,
426 4410 518 4480 qui
536 4412 591 4465 in
618 4427 802 4467 aurem
825 4413 1090 4467 audientis
1106 4411 1256 4484 [Ms.,
1284 4411 1881 4484 audientem]loquitur.

369 4503 534 4559 Vsus.
559 4504 646 4569 15,
679 4504 763 4558 id.
787 4535 856 4543 —
879 4503 1101 4560 Initium
1126 4505 1397 4560 verborum
1423 4506 1537 4576 ejus
1562 4504 1812 4570 stultitia,
1837 4516 1885 4559 et

298 4596 637 4650 novissimum
683 4598 789 4651 oris
832 4595 974 4651 illius
1011 4614 1160 4652 error
1184 4599 1456 4667 pessimus.
1491 4596 1696 4653 Stultus
1733 4597 1884 4650 verba

297 4688 631 4761 multiplicat.
658 4689 875 4761 Ignorat
904 4692 1058 4747 homo
1077 4693 1203 4762 quid
1233 4701 1352 4746 ante
1379 4710 1433 4748 se
1464 4692 1654 4762 fuerit;
1683 4702 1731 4747 et
1759 4693 1884 4764 quid

293 4787 413 4850 post
440 4796 496 4834 se
523 4779 760 4850 futurum
788 4782 876 4847 sit,
902 4782 1019 4852 quis
1062 4781 1110 4834 ei
1156 4783 1344 4851 poterit
1389 4782 1664 4837 indicare?
1694 4783 1884 4839 Adhuc

295 4867 347 4924 ei
377 4869 444 4925 de
470 4870 634 4924 stulto
673 4869 966 4940 disputatio
1005 4879 1110 4936 est,
1153 4870 1308 4940 cujus
1356 4871 1499 4926 labia
1544 4873 1886 4942 praecipitant

295 4961 617 5032 sapientem.
646 4961 771 5018 Sive
791 4962 945 5032 juxta
975 4964 1139 5019 aliam
1179 4964 1702 5032 interpretationem,
1746 4966 1882 5021 stul-

293 5062 414 5109 tum
441 5055 616 5123 ipsum
641 5071 900 5110 corruere
925 5054 1150 5120 faciunt,
1181 5063 1236 5110 et
1264 5055 1478 5110 initium
1517 5056 1784 5110 sermonis
1825 5056 1886 5109 il-

294 5149 404 5204 lius
431 5158 488 5204 et
520 5149 643 5205 linis
664 5150 888 5206 stultitia
917 5159 1019 5216 est,
1047 5159 1102 5206 et
1123 5167 1280 5206 error
1300 5150 1586 5220 pessimus,
1619 5149 1746 5204 dum
1773 5150 1887 5218 ipse

292 5238 496 5294 stultus
516 5256 625 5295 non
648 5247 830 5295 manet
853 5240 907 5294 in
932 5243 1195 5297 sententia
1221 5241 1587 5313 prudentium,
1616 5240 1708 5296 sed
1732 5248 1892 5311 putat

291 5329 352 5384 in
383 5329 832 5401 multiplicatione
857 5331 1145 5386 verborum
1173 5349 1230 5386 se
1259 5333 1474 5388 doctum
1497 5345 1636 5395 esse,
1673 5337 1731 5384 et
1753 5327 1888 5384 ell'u-

289 5432 425 5489 gere
451 5435 611 5488 posse
653 5430 955 5490 peceatum.
987 5420 1120 5476 Cum
1149 5424 1293 5477 enim
1342 5439 1444 5478 nec
1488 5421 1886 5493 praeteritorum

289 5509 544 5564 meminit
589 5509 741 5583 [Ms.,
773 5511 1146 5584 meminerit],
1195 5528 1295 5568 nec
1338 5512 1519 5569 futura
1562 5521 1882 5584 cognoscat,

292 5598 616 5670 ignorantiae
645 5603 886 5658 tenebris
920 5604 1209 5669 involutus,
1243 5604 1417 5659 solum
1463 5606 1566 5659 sibi
1603 5605 1883 5660 scientiam

289 5692 699 5762 repromittens,
731 5695 786 5750 in
817 5711 882 5752 eo
908 5712 966 5755 se
997 5699 1215 5755 doctum
1245 5713 1364 5755 esse
1392 5708 1544 5770 putat
1571 5709 1626 5757 et
1673 5702 1886 5774 sapien-

1914 4463 1963 4522 D

1995 499 2185 568 accipi,
2209 499 2301 566 qui
2344 499 2688 567 prudentium
2718 500 2957 554 virorum
2986 500 3128 554 dicta
3174 516 3281 554 non
3325 501 3577 570 capiunt,

1994 591 2088 645 sed
2112 605 2169 645 se
2186 590 2252 644 ad
2277 591 2665 660 disputationes
2689 591 2987 645 contrarias
3005 598 3390 660 prmparantes,
3404 599 3460 644 et
3479 591 3580 646 ini-

1994 681 2147 746 tium,
2173 690 2228 735 et
2251 681 2413 736 linem
2439 681 2691 749 loquendi
2717 682 3029 745 vanitatem,
3052 697 3173 736 cum
3200 681 3368 736 multo
3392 697 3582 738 errore

1993 773 2288 838 cumulant,
2312 780 2367 826 et
2391 787 2513 826 cum
2537 771 2671 826 nihil
2696 773 2892 837 sciant,
2921 773 3213 841 loquuntur
3236 773 3392 842 plura
3415 787 3578 841 quam

1994 871 2208 918 norunt.

2063 954 2228 1008 Vens.
2260 953 2345 1006 l5.
2373 984 2444 993 —
2469 952 2643 1008 Labor
2665 952 2946 1007 stultorum
2984 954 3171 1024 afﬂiget
3216 970 3302 1007 eos
3347 954 3438 1024 qui
3485 969 3577 1008 ne-

1991 1046 2161 1100 sciunt
2186 1045 2242 1098 in
2271 1043 2452 1098 urbem
2477 1061 2706 1114 pergere.
2744 1044 2854 1098 Hos
2879 1044 3041 1098 etiam
3069 1044 3364 1098 versiculos
3391 1043 3578 1113 junge,

1993 1139 2181 1202 lector,
2214 1153 2336 1191 cum
2367 1137 2759 1206 superioribus.
2797 1135 2905 1190 Aut
2931 1135 3258 1206 generaliter
3304 1136 3369 1190 de
3410 1138 3583 1190 omni-

1991 1229 2093 1283 bus
2129 1227 2310 1282 stultis
2336 1228 2427 1296 qui
2457 1228 2706 1296 ignorant
2736 1227 2926 1289 Deum,
2953 1233 3008 1279 et
3036 1226 3285 1280 nesciunt
3313 1223 3368 1278 in
3395 1225 3583 1278 civita-

1993 1327 2101 1372 tem
2129 1318 2405 1373 catholicae
2435 1319 2584 1388 pacis
2624 1331 2880 1388 pergere;
2915 1325 3004 1370 aut
3033 1316 3345 1386 specialiter
3369 1316 3437 1372 de
3467 1317 3580 1371 hie-

1993 1412 2177 1466 rcticis
2221 1410 2618 1480 disputantibus
2662 1410 2921 1481 intellige,
2949 1410 3041 1480 qui
3069 1410 3316 1464 exierunt
3355 1410 3422 1464 de
3450 1409 3582 1464 civi-

1994 1511 2104 1557 tate
2135 1502 2230 1556 Dei
2259 1503 2310 1556 in
2336 1517 2621 1572 perversas
2649 1501 2997 1566 munitiones,
3043 1515 3273 1570 quarum
3303 1500 3579 1556 civitatem

1986 1593 2140 1663 juxta
2187 1592 2487 1647 Psalmistaa
2518 1607 2702 1648 vocem
2733 1593 2994 1647 Dominus
3030 1593 3273 1648 destruit.
3308 1593 3410 1658 Qui
3435 1592 3581 1646 enim

1993 1683 2185 1755 legerit
2210 1699 2377 1739 vanos
2401 1684 2844 1754 philosophorum
2869 1683 3104 1750 labores,
3131 1684 3363 1755 probare
3384 1685 3581 1755 poterit

1918 1769 1966 1828 Β
1993 1791 2180 1830 verum
2217 1789 2335 1830 esse
2379 1776 2524 1845 quod
2573 1776 2770 1830 dicitur
2811 1775 3026 1830 :Labor
3072 1775 3349 1830 stultorum
3395 1777 3582 1848 afﬂiget

1993 1883 2100 1920 eos.
2130 1865 2427 1920 Veritatem
2474 1866 2688 1935 quidem
2721 1865 2795 1921 illi
2828 1866 2976 1920 omni
3019 1866 3196 1920 studio
3227 1867 3578 1934 quzcsicrunt,

1993 1958 2090 2013 sed
2118 1958 2244 2026 quia
2275 1972 2383 2012 non
2411 1957 2716 2011 habuerunt
2743 1957 2955 2020 ducem,
2982 1964 3037 2010 et
3063 1956 3321 2025 praevium
3348 1955 3578 2017 itineris,

1991 2057 2049 2102 et
2084 2048 2338 2103 humanis
2365 2049 2616 2103 sensibus
2656 2048 2757 2101 rati
2790 2045 2980 2119 [sunt],
3024 2061 3082 2101 se
3123 2046 3582 2117 comprehendere

1991 2153 2152 2209 posse
2197 2139 2475 2208 sapientiae
2521 2138 2886 2201 altitudinem,
2933 2136 2999 2190 ad
3029 2137 3302 2190 civitatem
3334 2135 3432 2190 Dei
3475 2136 3578 2189 mi-

1991 2230 2138 2286 nime
2182 2237 2568 2300 pervenerunt.
2602 2229 2678 2283 De
2707 2243 2812 2297 qua
2838 2240 2894 2282 et
2935 2228 3002 2282 de
3041 2227 3239 2297 quibus
3276 2228 3329 2281 in
3376 2227 3583 2298 psalmo

1991 2321 2285 2377 scribitur:
2319 2321 2542 2376 Domine
2569 2321 2623 2374 in
2653 2320 2860 2373 civitate
2889 2329 2980 2372 tua
3020 2319 3274 2388 imagines
3302 2335 3485 2372 eorum
3512 2318 3582 2371 ad

1991 2411 2216 2465 nihilum
2263 2411 2463 2480 rediges
2505 2407 2678 2480 (Psal.
2706 2424 2878 2473 1.xxu,
2908 2407 3020 2479 20).
3049 2409 3123 2462 De
3174 2408 3278 2462 hac
3321 2414 3379 2462 et
3414 2406 3585 2462 Isaias

1989 2495 2256 2577 propheta
2284 2521 2296 2556 :
2329 2503 2444 2573 Ego
2473 2502 2652 2555 civitas
2684 2500 2862 2568 ﬁrma,
2894 2499 3076 2552 civitas
3103 2515 3220 2568 qum
3252 2508 3585 2568 oppugnatur

1991 2595 2136 2668 [Ms.,
2161 2611 2278 2666 qua:
2303 2610 2405 2648 non
2435 2588 2788 2664 Oppugnatur]
2822 2587 2976 2658 (Isni.
2995 2603 3160 2648 xxvu,
3185 2586 3237 2651 5,
3260 2602 3364 2639 sec.
3384 2583 3578 2656 LXX).

1990 2688 2268 2757 Siquidem
2308 2685 2450 2739 hanc
2479 2681 2723 2736 veritatis
2747 2688 2804 2733 et
2830 2677 3107 2748 sapientia:
3134 2676 3432 2740 civitatem,
3458 2689 3580 2728 cum

1987 2780 2144 2834 ﬁrma
2183 2778 2255 2833 sit
2272 2785 2329 2832 et
2356 2775 2596 2838 robusta,
2621 2786 2808 2826 omnes
2846 2769 3118 2840 sapientes
3146 2765 3346 2831 s:eculi,
3375 2774 3431 2820 et
3463 2766 3575 2820 bte-

1990 2871 2145 2926 retiei
2188 2869 2503 2939 impugnare
2542 2870 2942 2935 cognoscuntur
2972 2857 3303 2932 [conantur].
3347 2857 3414 2911 Et
3436 2857 3580 2926 quod

1989 2961 2054 3017 de
2081 2957 2413 3031 philosophis
2441 2955 2696 3017 diximus,
2728 2954 2832 3007 hoc
2873 2952 3014 3006 idem
3043 2951 3110 3005 de
3156 2948 3426 3004 haereticis
3457 2962 3578 3002 sen-

1990 3053 2175 3116 timus,
2207 3048 2350 3118 quod
2397 3047 2600 3101 frustra
2631 3045 2879 3100 laborent
2913 3051 2968 3099 et
3010 3041 3319 3113 aliligantur
3362 3041 3418 3095 in
3464 3048 3580 3095 stu-

1915 3112 1962 3177 c
1991 3144 2080 3199 dio
2107 3142 2535 3213 Seripturarum,
2573 3155 2698 3196 cum
2739 3138 3020 3194 veritatem
3062 3137 3306 3191 invenire
3350 3150 3456 3190 non
3485 3151 3581 3189 va-

1987 3237 2155 3292 leant.

2058 3328 2223 3402 M0
2263 3330 2426 3384 Vens.
2471 3328 2557 3392 16,
2590 3328 2676 3381 l7.
2701 3358 2772 3366 —
2803 3325 2896 3382 Va:
2939 3327 3066 3391 tibi,
3099 3325 3438 3395 terra,cujus
3488 3339 3582 3378 rex

1986 3437 2116 3493 puer
2141 3429 2236 3486 est,
2279 3429 2328 3474 et
2382 3419 2533 3488 cuius
2582 3419 2842 3490 principes
2890 3434 3041 3471 mane
3087 3415 3381 3470 comedunt.
3412 3413 3577 3467 Beata

1988 3523 2150 3578 terra,
2183 3512 2335 3583 cujus
2360 3529 2451 3567 rea:
2473 3511 2661 3566 nobilis
2700 3522 2798 3574 est,
2827 3521 2876 3565 et
2908 3511 3060 3580 cujus
3086 3509 3342 3579 principes
3366 3521 3581 3560 vescun-

1988 3613 2074 3657 tur
2099 3605 2157 3657 in
2197 3613 2424 3673 tempore
2467 3619 2562 3655 suo
2609 3601 2678 3652 ad
2722 3599 3078 3666 reﬁciendum,
3109 3606 3156 3650 et
3187 3612 3290 3649 non
3329 3594 3399 3647 ad
3424 3591 3579 3648 lua‘u-

1989 3695 2144 3748 riam.
2177 3693 2404 3748 Videtur
2435 3690 2650 3759 quidem
2693 3688 2984 3756 reprobare
3014 3684 3274 3754 juvenum
3304 3683 3577 3755 principa-

1989 3796 2122 3852 tum,
2150 3794 2207 3839 et
2249 3785 2554 3839 luxuriosos
2576 3779 2787 3848 judices
2815 3780 3196 3844 condemnare,
3241 3778 3387 3848 quod
3416 3777 3471 3831 in
3503 3775 3581 3829 al-

1991 3889 2106 3932 tero
2131 3889 2229 3945 per
2255 3881 2471 3928 aetatem
2513 3872 2726 3926 inﬁrma
2763 3871 2834 3924 sit
2865 3871 3150 3940 sapientia,
3183 3877 3240 3923 et
3270 3868 3391 3923 aliis
3422 3866 3576 3939 [Ms.,

1990 3974 2045 4020 et
2074 3966 2126 4019 in
2155 3965 2273 4018 aliis
2298 3962 2487 4034 etiam]
2522 3970 2730 4017 matura
2756 3969 2888 4015 aetas
2933 3959 3139 4014 deliciis
3172 3967 3488 4021 enervetur;
3522 3966 3572 4012 et

1989 4072 2020 4111 e
2041 4056 2317 4111 contrario
2339 4053 2572 4125 probare
2595 4053 2894 4123 principem
2922 4049 3078 4105 bonis
3102 4049 3358 4118 operibus
3380 4047 3578 4100 libera-

1989 4147 2112 4200 liter
2137 4145 2474 4211 institutum;
2501 4153 2556 4202 et
2583 4160 2676 4200 eos
2691 4142 2903 4213 judices
2929 4140 3226 4212 praedicare
3253 4138 3345 4209 qui
3374 4151 3580 4206 nequa-

1991 4256 2154 4312 quam
2173 4239 2400 4310 negotiis
2421 4239 2620 4294 civium
2639 4236 2971 4291 voluntatem
2992 4231 3198 4306 [Forte,
3222 4226 3573 4301 voluptatem]

1990 4334 2301 4405 prteferaut,
2330 4333 2424 4388 sed
2468 4337 2589 4402 post
2619 4328 2846 4384 multum
2884 4327 3124 4382 laborem
3151 4333 3206 4380 et
3232 4322 3580 4378 administra-

1993 4427 2192 4480 tionem
2235 4422 2540 4492 reipublicaa
2583 4421 2762 4474 cibum
2805 4430 3019 4486 capere,
3053 4415 3208 4484 quasi
3251 4412 3578 4468 necessitate

1991 4522 2236 4584 cogente,
2269 4527 2376 4566 non
2420 4509 2634 4563 luxuria
2677 4506 2986 4577 instigante.
3014 4503 3226 4558 Aliter:
3261 4503 3353 4558 Vae
3393 4510 3573 4566 terrm,

1991 4607 2046 4662 id
2079 4613 2184 4671 est,
2210 4602 2413 4660 carnali
2445 4601 2678 4665 homini,
2708 4597 2862 4666 cujus
2896 4596 3138 4653 diabolus
3168 4612 3285 4663 rex,
3315 4596 3407 4666 qui
3435 4611 3580 4651 sem-

1990 4713 2089 4769 per
2116 4711 2294 4751 rerum
2323 4708 2584 4748 novarum
2612 4691 2838 4762 cupidus
2862 4697 2966 4755 est,
2996 4688 3089 4760 qui
3110 4687 3321 4759 judin
3347 4697 3404 4744 et
3429 4689 3577 4759 prin-

1992 4792 2141 4861 cipes
2175 4787 2336 4844 habet
2375 4802 2469 4842 eos
2512 4786 2604 4856 qui
2633 4791 2819 4840 amant
2844 4781 3004 4851 hujus
3044 4780 3223 4836 saeculi
3251 4781 3575 4851 voluptates,

1993 4883 2086 4952 qui
2115 4879 2287 4936 solent
2314 4879 2493 4934 dicere
2519 4875 2626 4949 [vel
2650 4876 2812 4931 etiam
2838 4888 3002 4944 opere
3024 4871 3270 4946 implere]
3301 4891 3314 4926 :
3348 4871 3579 4928 Mandu-

1987 4989 2164 5027 ce-mus
2201 4981 2249 5026 et
2296 4971 2554 5034 bibamus,
2594 4985 2713 5023 cras
2752 4969 2891 5022 enim
2935 4967 3193 5020 morimur
3241 4963 3392 5039 (Sap.
3415 4981 3478 5032 ll,
3509 4965 3576 5033 6;

1989 5061 2120 5116 Isai.
2150 5077 2296 5126 χιιι,
2333 5060 2436 5134 15).
2465 5061 2509 5114 Ε
2535 5069 2744 5126 contra,
2792 5058 2951 5114 beata
2998 5057 3240 5112 Ecclesia
3277 5062 3390 5122 est,
3423 5057 3580 5127 cujus

1990 5167 2083 5205 rex
2109 5151 2358 5206 Christus
2401 5159 2516 5217 est,
2559 5150 2699 5205 [ilius
2741 5149 3000 5204 nobilium
3035 5155 3092 5204 et
3132 5155 3444 5203 sanctorum
3483 5163 3580 5219 pa-

1990 5249 2219 5304 rentum,
2249 5240 2524 5297 Abraham
2569 5242 2840 5308 videlicet,
2870 5243 3040 5307 Isaac,
3071 5250 3127 5296 et
3169 5240 3360 5308 Iacob,
3409 5243 3580 5300 David

1989 5335 2158 5404 stirpe
2194 5333 2551 5401 descendens,
2597 5335 2650 5388 in
2681 5335 2875 5404 quibus
2916 5343 3196 5404 peccatum
3243 5352 3352 5391 non
3405 5337 3580 5394 fuerat

1990 5432 2340 5496 dominatum,
2367 5440 2422 5486 et
2447 5430 2517 5486 ob
2543 5431 2597 5485 id
2626 5447 2756 5487 vere
2797 5430 3018 5487 luerunt
3055 5431 3212 5488 liberi
3254 5440 3312 5489 et
3339 5433 3576 5502 nobiles;

1988 5539 2053 5580 ex
2083 5524 2275 5596 quibus
2297 5531 2424 5579 nata
2453 5531 2540 5579 est
2565 5521 2724 5579 beata
2751 5525 2902 5596 virgo
2926 5523 3114 5592 Maria,
3139 5525 3345 5580 nullum
3373 5526 3578 5581 habens

1989 5615 2254 5678 fruticem,
2288 5613 2490 5668 nullum
2541 5629 2762 5685 germen
2803 5629 2869 5670 ex
2915 5615 3108 5681 latere,
3155 5616 3249 5671 sed
3281 5623 3426 5670 totus
3462 5615 3579 5682 ejus

1989 5705 2196 5764 fructus
2225 5705 2402 5778 erupit
2431 5707 2483 5762 in
2513 5704 2697 5763 llorem
2736 5705 3038 5779 loquentem
3061 5707 3114 5763 in
3138 5705 3362 5764 Cantico
3391 5705 3573 5762 Canti-
