4020 6186
434 307 465 357 7
478 307 535 361 η

1276 304 1335 358 Β.
1374 303 1438 357 F.
1481 300 1704 358 ALBINI
1743 301 1876 358 SEU
1915 302 2194 359 ALCUINI
2231 300 2518 360 OPERUM
2555 301 2736 359 PARS
2772 301 2837 358 ll.

3587 304 3696 360 ἨΞ

426 431 618 474 corum
646 434 659 470 :
693 415 806 486 Ego
831 415 928 484 ﬂos
961 413 1158 482 campi,
1182 422 1230 466 et
1257 412 1428 466 lilium
1469 411 1786 467 convallium
1821 411 1997 484 (Cant.
2028 416 2081 474 Α
2105 429 2255 468 mere
2300 414 2652 484 loquendum,
2689 429 2878 469 verum
2915 413 3079 469 etiam
3119 415 3176 469 in
3224 417 3440 472 arcanis
3489 419 3690 482 cordis,

427 524 495 576 It,
521 509 594 582 i).
621 507 898 576 Principes
922 520 1136 575 quoque
1161 506 1278 576 ejus
1305 515 1432 560 sunt
1457 505 1703 574 apostoli,
1735 514 1792 560 et
1818 519 2006 559 omnes

427 599 628 661 salicti,
657 597 745 666 qui
795 611 974 665 regem
1007 596 1213 651 habent
1257 596 1426 652 tilium
1453 595 1732 662 nobilium,
1777 595 2008 649 Abrahae

425 687 651 753 scilicet,
679 702 786 742 non
815 687 882 742 de
915 688 1108 744 ancilla
1135 688 1300 760 Agar,
1331 689 1426 744 sed
1459 690 1525 746 de
1555 688 1690 744 Sara
1718 688 1884 744 libera
1917 704 2008 760 ge-

425 779 602 832 nitum
633 777 798 850 [Ms.,
826 777 974 834 Sara:
1007 779 1256 834 libertate
1286 778 1623 851 generatum]
1654 798 1667 834 :
1700 795 1801 834 nec
1831 794 2010 834 come-

425 867 560 922 dunt
587 883 768 935 mane,
798 885 897 924 nec
916 869 1199 934 velociter;
1231 885 1332 925 nec
1359 870 1505 924 enim
1534 870 1588 924 in
1617 869 1868 939 praesenti
1909 883 2009 922 sae-

423 961 548 1016 culo
583 960 918 1015 voluntatem
947 970 1216 1031 quaerunt,
1261 962 1354 1017 sed
1384 970 1626 1030 tempore
1657 975 1756 1016 suo
1785 961 2009 1016 mandu-

424 1055 640 1120 cabunt,
673 1071 797 1112 cum
825 1055 1195 1112 retributionis
1237 1065 1450 1127 tempus
1477 1056 1773 1120 advenerit,
1801 1055 1866 1110 de
1891 1055 2010 1125 qui-

422 1149 527 1203 bus
549 1157 604 1202 et
633 1147 750 1217 ipse
780 1146 1026 1205 Salvator
1049 1147 1124 1202 ait
1149 1147 1200 1201 in
1229 1147 1516 1217 Evangeiio
1541 1164 1554 1200 :
1578 1146 1647 1200 Et
1670 1163 1762 1216 ego
1791 1146 2009 1216 dispono

423 1237 563 1295 vobis
588 1253 823 1308 regnum,
857 1247 911 1290 ut
935 1237 1101 1290 edatis
1121 1247 1168 1290 et
1195 1237 1382 1290 bibatis
1409 1252 1564 1306 super
1582 1251 1812 1290 mensam
1841 1251 2010 1289 meam

421 1327 478 1380 in
505 1343 664 1396 regno
694 1342 808 1380 meo
835 1325 984 1396 (Luc.
1011 1341 1146 1388 xxu,
1171 1326 1262 1391 29,
1286 1326 1398 1398 ὅθ).

497 1417 653 1472 Vens.
678 1416 764 1470 l8.
780 1414 928 1469 —1n
953 1416 1178 1486 pigritiis
1205 1415 1574 1469 humiliabitur
1595 1416 1932 1485 contignatio,
1961 1424 2009 1470 et

417 1510 474 1563 in
504 1509 811 1578 inﬁrmitate
837 1526 1088 1564 manuum
1113 1509 1423 1580 perstillabit
1453 1510 1659 1564 domus.
1690 1510 1891 1563 Domus
1917 1524 2010 1563 no—

419 1611 534 1656 stra
562 1617 682 1671 qua:
708 1616 830 1656 cum
857 1611 1002 1657 statu
1029 1603 1264 1658 hominis
1292 1610 1471 1656 creata
1498 1609 1602 1666 est,
1633 1608 1726 1655 aut
1752 1601 2009 1655 habitatio

419 1709 582 1762 quam
633 1693 894 1750 habemus
935 1694 990 1748 in
1039 1694 1210 1759 caelis,
1256 1693 1382 1762 quia
1428 1693 1567 1764 pigri
1606 1706 1810 1753 sumus,
1840 1697 1898 1745 et
1939 1690 2008 1744 ad

2108 509 2351 574 quamvis
2425 509 2589 560 variis
2647 514 2988 560 coarctamur
3033 505 3501 574 tribulationibus,
3561 511 3695 568 nihil

2108 595 2500 665 blasphemum,
2533 596 2666 650 nihil
2709 597 2932 666 impium
2962 597 3302 652 sentiendum
3345 599 3432 654 sit.
3463 600 3534 655 Et
3566 602 3694 671 quia

2108 684 2445 740 dilectionem
2492 701 2654 755 quam
2695 686 2914 742 Christo
2956 688 3295 754 exhibemus,
3333 689 3491 762 44],
3535 691 3697 748 debe-

2107 793 2228 831 mus
2253 783 2308 831 et
2329 777 2606 846 proximo;
2635 776 2809 847 Dilige
2836 779 3034 848 quippe
3059 777 3345 834 Dominum
3383 780 3574 847 Deum,
3601 786 3699 840 sed

2105 874 2164 920 et
2187 867 2485 936 proximum
2513 874 2662 920 tuum
2683 875 2933 937 tanquam
2959 877 3007 920 te
3034 868 3204 938 ipsum
3229 885 3249 932 ;
3285 876 3342 924 et
3364 883 3510 922 nunc
3537 869 3691 941 [Hs.,

2106 957 2272 1010 etiam
2299 956 2462 1030 nunc]
2487 955 2642 1025 jubet
2665 972 2736 1012 ne
2762 963 2885 1027 post
2926 973 3110 1029 regem
3139 959 3205 1014 de
3248 961 3455 1016 sanctis
3479 977 3696 1034 quoque

2107 1045 2264 1104 facile
2293 1049 2661 1116 detrahamus,
2693 1059 2747 1105 et
2771 1050 2852 1105 eis
2893 1066 3030 1120 quos
3067 1053 3363 1109 viderimus
3409 1055 3690 1124 sapientia,

2107 1141 2336 1196 scientia
2370 1141 2764 1211 virtutibusque
2803 1142 3019 1208 ditatus,
3052 1143 3233 1215 lingua
3269 1147 3510 1202 mordaci
3539 1145 3693 1219 μὴ,

2109 1229 2302 1300 linguae
2347 1231 2724 1304 mordacitate]
2769 1233 3112 1304 derogemus,
3158 1236 3297 1304 quod
3350 1237 3551 1306 angeli,
3601 1240 3696 1310 qui

2111 1329 2310 1376 terram
2339 1322 2695 1387 circumeunt,
2720 1331 2776 1378 et
2803 1331 2930 1378 sunt
2957 1325 3422 1382 administratores
3441 1329 3693 1398 spiritus,

2107 1417 2165 1463 et
2203 1411 2258 1464 in
2292 1410 2552 1466 Zacharia
2596 1411 2904 1481 loquuntur,
2936 1415 3270 1469 circuivimtts
3318 1423 3544 1481 terram,
3575 1433 3698 1474 ecce

2109 1500 2277 1554 omnis
2301 1509 2441 1554 terra
2463 1500 2748 1567 habitatur,
2778 1512 2826 1556 et
2855 1503 2972 1558 silet
3001 1503 3184 1575 (Zach.
3207 1521 3248 1571 ι,
3275 1507 3386 1579 ll),
3417 1509 3486 1564 ad
3516 1509 3696 1564 instar

2109 1589 2286 1644 avium
2316 1591 2382 1646 ad
2417 1591 2613 1646 cerium
2659 1602 2842 1647 nostra
2873 1595 3032 1650 verba
3081 1596 3373 1666 perferant,
3405 1606 3460 1653 et
3485 1601 3698 1667 cogita-

2113 1679 2306 1744 tiones,
2332 1688 2388 1736 et
2415 1682 2558 1750 quod
2587 1682 2727 1738 clam
2755 1685 3074 1756 cogitamus,
3112 1687 3393 1743 scientiam
3442 1689 3538 1744 Dei
3587 1705 3695 1745 non

417 1785 559 1839 bona
605 1799 768 1854 opera
797 1785 1062 1838 tardiores
1081 1823 1096 1848 ,
1127 1762 1530 1848 humiliabitur;
1577 1791 1634 1836 et
1666 1781 1844 1837 omnis
1872 1795 2004 1835 con-
2041 1762 2087 1824 Β
2113 1769 2300 1825 latere-

417 1874 660 1944 tiguatio,
689 1889 808 1942 quae
836 1875 994 1929 debet
1029 1873 1240 1928 culmen
1283 1886 1499 1944 portare
1543 1875 1600 1928 in
1644 1873 1891 1937 sublime,
1939 1873 2007 1927 ad

417 1976 622 2021 terram
651 1980 911 2021 corruens
954 1966 1315 2021 habitatorem
1357 1981 1512 2022 suum
1549 1963 1833 2034 Opprimit;
1862 1977 2008 2017 cum-

415 2071 523 2126 que
551 2057 812 2112 auxilium
839 2073 1094 2111 manuum
1118 2058 1485 2126 virtutumque
1508 2057 1794 2126 torpuerit,
1819 2067 2009 2108 omnes

417 2151 651 2218 desuper
671 2157 966 2218 potestates
1003 2156 1058 2202 et
1102 2148 1408 2202 nimborum
1433 2147 1503 2202 ad
1527 2162 1625 2201 nos
1651 2146 1809 2200 turbo
1829 2159 2008 2199 erum-

415 2239 516 2310 pit.
548 2239 717 2292 Porro
747 2238 892 2308 quod
926 2238 981 2291 in
1019 2253 1127 2292 uno
1167 2238 1383 2291 homine
1418 2235 1755 2306 interpretati
1799 2249 2003 2299 sumus,

417 2329 610 2383 melius
635 2336 815 2398 potest
855 2343 1018 2397 super
1043 2327 1341 2382 Ecclesium
1379 2327 1570 2395 accipi,
1608 2326 1752 2395 quod
1789 2339 1887 2396 per
1914 2340 2010 2379 ne-

417 2418 723 2489 gligentiam
751 2419 1054 2489 principum
1075 2419 1254 2474 omnis
1279 2419 1396 2489 ejus
1420 2425 1644 2472 corruat
1669 2416 1925 2480 altitudo;
1953 2425 2010 2470 et

416 2507 491 2561 ibi
535 2507 789 2562 vitiorum
838 2507 1101 2563 illecebrae
1147 2517 1306 2576 sunt,
1343 2508 1436 2564 ubi
1477 2517 1688 2580 tegmen
1733 2505 2010 2577 potabitur

417 2595 569 2670 [Hs.,
594 2596 908 2669 putabatur]
931 2611 1053 2654 esse
1081 2598 1365 2653 virtutum.

486 2687 650 2743 Vens.
677 2689 764 2742 l9.
786 2717 859 2729 —-
885 2687 954 2742 In
987 2689 1101 2742 risu
1144 2688 1344 2758 faciunt
1379 2705 1566 2760 panem
1600 2705 1664 2742 ac
1701 2691 1908 2754 uinum,
1952 2695 2009 2742 ut

415 2777 694 2849 spatientur
738 2779 964 2835 bibentes
990 2797 1010 2834 :
1039 2789 1089 2835 et
1125 2783 1360 2851 pecunia;
1399 2781 1644 2835 obediunt
1687 2781 1884 2835 omnia.
1930 2777 2010 2835 De

414 2869 786 2938 superioribus
814 2873 974 2944 hujus
1012 2873 1293 2928 sententia:
1335 2873 1534 2943 pendet
1580 2872 1903 2928 intellectus.
1949 2873 2009 2928 in

419 2960 640 3031 pigritia
661 2962 804 3016 enim
829 2962 966 3017 dixit
987 2970 1043 3017 et
1063 2963 1311 3018 socordia
1330 2963 1713 3034 magistrorum
1732 2963 2010 3019 humiliari

419 3051 742 3118 Ecelesiam,
783 3062 842 3108 et
867 3053 1080 3109 culmen
1108 3055 1226 3126 ejus
1261 3056 1564 3120 concidere,
1606 3062 1663 3110 et
1698 3056 1846 3126 tigna
1885 3072 2012 3126 per-

2719 1907 2945 1965 CAPUT
2973 1911 3060 1964 XI.

2173 2036 2334 2090 Vens.
2355 2035 2537 2089 1.-Μ
2541 2038 2632 2092 itte
2642 2054 2830 2108 panem
2843 2049 2990 2094 tuum
3001 2057 3155 2112 super
3165 2051 3494 2098 transeuntes
3507 2064 3694 2117 aquas,

2105 2127 2229 2196 quia
2255 2135 2370 2195 post
2395 2125 2561 2179 multa
2589 2135 2823 2197 tempora
2843 2129 3068 2184 invenies
3095 2129 3266 2185 illum.
3293 2133 3374 2187 Ad
3399 2135 3700 2208 elcemosy-

2105 2227 2230 2268 nam
2258 2214 2598 2281 cohortatur,
2638 2217 2782 2284 quod
2826 2219 2974 2272 omni
3010 2221 3214 2288 petenti
3260 2223 3332 2276 sit
3354 2223 3612 2292 dandum,
3640 2238 3698 2281 et

2106 2303 2395 2360 indiscrete
2423 2303 2844 2380 [Ms.,discrete]
2869 2309 3172 2366 faciendum
3205 2313 3360 2384 bene.
3390 2314 3510 2382 Quo
3538 2318 3699 2376 modo

2105 2394 2249 2450 enim
2293 2394 2385 2464 qui
2431 2410 2592 2464 super
2621 2397 2822 2468 irrigua
2867 2401 3120 2467 seminat,
3153 2400 3390 2458 fructum
3433 2409 3694 2464 sementis

2107 2494 2404 2554 exspectat,
2439 2486 2514 2541 ita
2563 2489 2654 2556 qui
2697 2488 2928 2559 largitur
2969 2493 3270 2563 egentibus,
3320 2511 3429 2550 non
3463 2511 3694 2566 granum

2108 2583 2354 2649 seminis,
2409 2583 2506 2639 sed
2555 2583 2732 2652 ipsum
2779 2601 2972 2655 panem
3020 2588 3174 2653 serit,
3229 2587 3416 2645 fenore
3465 2585 3696 2661 quodam

2106 2673 2608 2744 multiplicationem
2639 2676 2783 2732 illius
2807 2679 3151 2748 praestolans,
3184 2687 3238 2734 et
3265 2696 3390 2736 cum
3413 2682 3532 2738 dies
3552 2681 3698 2752 judi-

2109 2765 2182 2822 cii
2206 2767 2434 2832 venerit,
2465 2766 2635 2822 multo
2663 2768 2894 2838 amplius
2917 2784 3078 2838 quam
3113 2771 3334 2826 dederat
3357 2783 3694 2843 recepturus.

2107 2856 2283 2914 Aliter
2310 2874 2322 2910 :
2353 2855 2412 2912 In
2439 2873 2760 2928 quocunque
2789 2859 3006 2916 homine
3041 2861 3190 2916 illam
3235 2878 3433 2933 aquam
3467 2865 3695 2931 videris,

2111 2948 2178 3004 de
2207 2963 2315 3017 qua
2347 2947 2548 3004 dicitur
2574 2963 2590 3003 :
2625 2948 2880 3005 Flumina
2925 2951 2991 3006 de
3017 2961 3189 3008 uentre
3215 2953 3331 3024 ejus
3358 2956 3526 3024 ﬂuent
3548 2973 3698 3028 aqua

2111 3041 2236 3096 vim
2261 3039 2445 3113 (Joan.
2476 3057 2574 3108 vn,
2601 3042 2714 3116 58),
2743 3057 2812 3096 ne
2842 3051 2895 3098 te
2928 3045 3105 3114 pigeat
3137 3061 3335 3114 panem
3380 3048 3696 3117 sapientiae,

418 3141 588 3198 ﬂuere
611 3141 765 3214 [Ms.,
788 3142 1002 3216 perﬂui]
1029 3101 1297 3215 praedixit.
1322 3144 1477 3202 Nunc
1501 3154 1682 3200 autem
1709 3101 1774 3202 αξ
1803 3101 2007 3202 eisdem

2115 3144 2304 3198 panem
2337 3101 2710 3186 rationabilem
2753 3143 3016 3202 praestare
3043 3137 3328 3190 sermonis.
3365 3101 3524 3192 Exin
3563 3139 3700 3192 mut-

422 3231 700 3301 magistris
732 3231 990 3302 loquitur,
1031 3248 1297 3289 accusans
1338 3247 1434 3289 eos
1476 3233 1684 3289 deliciis
1729 3233 1908 3296 saeculi
1955 3241 2013 3290 ct

419 3321 671 3388 luxuria,
717 3322 1000 3392 epulisque
1042 3324 1216 3394 magis
1261 3324 1470 3378 servire
1512 3337 1675 3392 quam
1721 3323 1912 3390 saluti,
1955 3324 2008 3378 in

425 3413 814 3482 praedicatione
852 3415 1000 3469 verbi
1031 3415 1157 3479 Dei,
1187 3415 1366 3484 gregis
1392 3415 1494 3470 sibi
1536 3416 1841 3480 commissi,
1883 3417 2010 3471 dum

419 3503 662 3574 episcopi
691 3511 748 3558 et
772 3503 1074 3575 presbyteri
1105 3519 1215 3558 non
1259 3503 1506 3560 laborant
1533 3504 1585 3558 in
1613 3503 1856 3562 Ecclesia
1883 3521 2013 3563 con-

413 3593 595 3648 stituti
623 3593 679 3648 in
706 3607 957 3649 sermone
995 3601 1052 3649 et
1075 3594 1353 3662 doctrina;
1385 3594 1471 3650 vel
1496 3594 1662 3648 etiam
1687 3610 1754 3650 ea
1793 3595 2009 3662 docent,

419 3697 541 3752 quae
567 3684 677 3738 sint
701 3684 898 3752 populo
943 3685 1284 3741 delectabilia
1309 3686 1520 3750 audire,
1551 3692 1614 3740 ut
1653 3686 1885 3756 gratiam
1914 3687 2012 3742 ha-

420 3771 586 3826 beant
631 3773 963 3828 audientium
993 3775 1164 3846 magis
1205 3791 1370 3844 quam
1411 3775 1626 3832 illorum
1667 3774 2008 3846 profectum:

420 3865 505 3920 sic
543 3863 600 3920 in
629 3865 742 3920 risu
769 3865 894 3920 vita:
938 3873 1153 3922 aeterna:
1194 3883 1412 3938 panem,
1437 3875 1493 3923 et
1527 3868 1714 3925 vinum
1738 3868 2015 3938 sapientia:

424 3958 624 4030 populo
644 3959 973 4026 ministrant,
998 3973 1106 4014 non
1129 3961 1200 4015 ad
1220 3960 1470 4026 salutem,
1493 3960 1588 4016 sed
1607 3959 1676 4014 ad
1697 3960 2011 4030 perniciem.

425 4049 518 4108 Sic
547 4050 649 4121 ipsi
669 4050 764 4120 qui
789 4050 1006 4117 docent,
1034 4050 1254 4106 divitias
1279 4058 1336 4106 et
1359 4065 1512 4122 opes,
1539 4057 1597 4106 et
1620 4051 1771 4106 cibos
1797 4066 1896 4120 per
1923 4051 2016 4106 de-

424 4141 694 4198 lectabilia
719 4142 986 4212 promissa
1009 4141 1356 4210 conquirunt,
1381 4149 1439 4196 et
1471 4140 1540 4195 ad
1568 4141 1804 4197 honores
1825 4157 2017 4210 perve-

424 4234 582 4288 niunt
597 4229 904 4295 saeculares,
918 4223 1116 4298 quibus
1129 4229 1354 4298 subjecti
1372 4227 1524 4300 [δίδη
1537 4237 1592 4283 et
1611 4229 1860 4301 subjecti]
1875 4246 2017 4301 saepe

425 4329 660 4404 perdunt
681 4325 954 4383 caelestes.

2111 3221 2335 3276 titudine
2357 3222 2562 3278 dierum
2587 3225 2814 3279 inuenies
2839 3224 3018 3292 illum,
3041 3227 3093 3282 id
3123 3237 3226 3293 est,
3258 3229 3500 3284 invenies
3525 3231 3703 3300 longi-

2113 3311 2358 3368 tudinem
2385 3312 2596 3368 dierum
2624 3313 2751 3368 vitae
2797 3323 3012 3370 aeternae
3042 3316 3099 3370 in
3143 3318 3493 3373 retributione
3523 3319 3702 3375 etule-

2115 3401 2206 3456 sti.
2239 3401 2298 3457 Si
2341 3404 2490 3458 enim
2515 3405 2620 3460 hoc
2649 3404 2844 3462 feceris
2882 3405 3214 3478 frequenter,
3239 3409 3480 3464 invenies
3502 3417 3558 3466 te
3585 3425 3702 3468 non

2113 3492 2386 3551 incassum
2421 3495 2791 3551 doctrinarum
2811 3495 3010 3566 jecisse
3038 3507 3353 3554 sementem.
3398 3499 3529 3555 Tale
3569 3499 3701 3570 quid

2115 3580 2171 3635 in
2214 3581 2351 3637 lsaia
2397 3583 2601 3639 dictum
2651 3593 2782 3654 puto
2821 3599 2837 3639 :
2893 3586 3088 3640 Beatus
3131 3589 3222 3658 qui
3273 3589 3501 3644 seminat
3545 3605 3702 3660 super

2115 3695 2306 3749 aquam
2354 3678 2444 3732 ubi
2492 3679 2582 3734 bos
2611 3689 2662 3734 et
2709 3681 2892 3735 asinus
2919 3681 3128 3736 calcant
3159 3683 3318 3756 (Isai.
3369 3699 3545 3750 xxxu,
3579 3685 3697 3758 20).

2116 3767 2271 3834 Quod
2295 3768 2384 3823 ille
2432 3769 2690 3840 magister
2721 3771 3055 3826 beatitudine
3075 3773 3269 3844 dignus
3297 3774 3583 3840 habeatur,
3606 3776 3698 3845 qui

2116 3872 2280 3926 super
2325 3857 2588 3927 irriguum
2608 3868 2798 3928 peetus
2821 3861 3052 3916 seminat
3087 3862 3444 3929 audientium,
3483 3872 3595 3921 tam
3632 3881 3698 3933 ex

2117 3944 2318 4002 Judmis
2351 3962 2516 4016 quam
2542 3963 2610 4003 ex
2637 3949 2890 4017 gentibus
2914 3949 3114 4020 populo
3141 3960 3489 4022 congregato.

2189 4058 2352 4114 Vens.
2377 4057 2431 4113 2.
2457 4087 2530 4100 --
2551 4059 2635 4114 Da
2653 4069 2827 4130 partes
2851 4071 3064 4132 septem,
3096 4080 3294 4118 necnon
3316 4074 3364 4118 et
3385 4075 3526 4129 octo,
3571 4067 3697 4136 quia

2116 4151 2330 4220 ignoras
2367 4149 2494 4222 quid
2527 4150 2760 4220 futurum
2809 4153 2876 4206 sit
2902 4151 3032 4208 mali
3057 4171 3213 4225 super
3241 4163 3457 4210 terram.
3498 4156 3695 4212 Praeci-

2117 4242 2197 4312 pit
2216 4257 2347 4313 ergo
2371 4249 2661 4312 utrumque
2689 4242 3114 4310 Testamentum,
3147 4246 3198 4300 id
3229 4255 3313 4301 est
3345 4247 3534 4314 Vetus,
3556 4249 3696 4318 quod

2121 4331 2428 4400 septenario
2455 4345 2682 4386 numero
2707 4331 3034 4402 designatur,
3083 4340 3139 4387 et
3180 4333 3412 4400 Novum,
3449 4335 3594 4404 quod
3641 4335 3696 4388 in

502 4421 668 4476 Vnus.
693 4417 784 4474 20.
801 4445 876 4458 —-—
894 4416 962 4472 In
987 4417 1298 4487 cogitatione
1327 4425 1420 4470 tua
1447 4417 1642 4487 regine
1669 4417 1934 4484 detrahas,
1969 4430 2018 4474 et
2048 4441 2096 4500 ι)
2123 4425 2401 4480 octonario
2429 4422 2770 4494 intelligitur,
2801 4424 2960 4494 digna
2989 4425 3338 4481 veneratione
3362 4426 3550 4480 haberi
3568 4441 3694 4482 san-

423 4511 484 4568 in
515 4521 714 4568 secreto
743 4510 931 4566 cubitis
956 4511 1034 4567 tui
1075 4527 1139 4566 ne
1163 4511 1498 4567 maledixeris
1523 4511 1692 4578 diuiti,
1729 4513 1858 4584 quia
1896 4531 2014 4570 aves

425 4603 546 4661 coeli
573 4602 856 4676 portabunt
897 4617 1074 4660 vocem
1100 4612 1266 4667 tuam,
1300 4611 1349 4658 et
1383 4603 1473 4674 qui
1509 4601 1660 4660 habet
1695 4620 1895 4675 pennas
1919 4621 2015 4659 an-

429 4694 693 4752 nuntiabat
742 4696 1074 4750 sententiam.
1120 4692 1362 4764 Simplex
1412 4703 1742 4764 praeceptum
1787 4694 2018 4753 aediﬁcat

427 4784 715 4844 audientes
742 4799 812 4840 ne
840 4784 919 4839 ira
945 4791 1002 4840 et
1025 4781 1208 4839 lurore
1251 4784 1493 4854 superati
1511 4783 1568 4838 in
1591 4782 1935 4838 maledictum
1959 4789 2018 4838 et

430 4875 487 4934 in
528 4873 922 4932 detractionem
966 4889 1154 4943 regum
1199 4883 1256 4928 et
1283 4873 1587 4944 principum
1637 4887 2012 4942 erumpamus;

430 4969 560 5042 quia
585 4975 777 5024 contra
820 4980 972 5035 spem
1001 4966 1270 5020 interdum
1301 4965 1500 5030 evenit,
1529 4974 1590 5020 ut
1632 4965 1678 5019 si
1707 4965 1794 5022 his
1823 4965 2018 5034 quibus

432 5057 804 5116 maledicimus
851 5055 1166 5120 nuntietur,
1220 5055 1562 5110 incurramus
1604 5053 1904 5125 periculum
1962 5055 2017 5110 in

432 5146 882 5206 immoderatione
925 5145 1138 5216 linguai.
1171 5144 1325 5212 Quod
1363 5153 1545 5202 autem
1582 5146 1696 5200 ait:
1727 5147 1858 5201 Aves
1903 5146 2018 5202 coeli

433 5239 672 5311 auferent
695 5254 889 5304 vocem,
913 5246 961 5292 et
991 5235 1186 5292 habens
1201 5252 1402 5308 pennas
1424 5235 1755 5292 annuntiabit
1784 5237 2014 5302 verbum,

435 5329 777 5403 hyperbolice
802 5327 1206 5401 intelligendum
1229 5335 1335 5384 est.
1362 5326 1518 5383 Modo
1547 5326 1702 5400 [Ms.,
1726 5328 2016 5399 quomodo]

435 5420 671 5481 solemus
709 5419 912 5486 dicere,
953 5420 1119 5476 etiam
1154 5419 1300 5492 ipsos
1346 5419 1604 5491 parietes,
1654 5419 1850 5490 quibus
1891 5435 2019 5476 con—

436 5510 564 5566 sciis
610 5508 897 5580 loquimur,
925 5524 1046 5579 quae
1094 5509 1379 5566 audierunt
1432 5524 1538 5566 non
1583 5509 1854 5564 celaturos
1883 5526 1896 5561 :
1924 5509 2020 5563 sed

439 5599 630 5656 melius
647 5601 832 5655 estsic
861 5601 1043 5655 audire
1067 5608 1415 5672 praeceptum,
1441 5609 1500 5656 ut
1522 5600 1758 5656 sciamus
1785 5613 1906 5652 esse
1931 5614 2022 5652 no-

441 5693 525 5746 bis
553 5689 884 5754 mandatum,
927 5705 1038 5744 non
1064 5692 1238 5746 solum
1262 5700 1448 5745 contra
1478 5691 1749 5746 Christum
1783 5689 1911 5745 nihil
1943 5699 2020 5745 tc-

2121 4518 2444 4573 etissimum.
2473 4515 2644 4572 Judmi
2671 4517 2932 4572 dederunt
2954 4526 3137 4588 partes
3161 4527 3388 4588 septem,
3417 4521 3696 4575 credentes

2122 4609 2437 4673 sabbatum;
2482 4608 2576 4662 sed
2613 4621 2720 4662 non
2749 4608 3013 4662 dederunt
3056 4616 3200 4675 octo,
3245 4611 3695 4666 resurrectionem

2123 4699 2210 4754 die
2239 4699 2517 4754 Dominico
2545 4697 2696 4771 [Hs.,
2715 4699 2819 4754 dici
2849 4699 3166 4772 Dominicm]
3199 4701 3252 4754 in
3287 4699 3508 4756 Christo
3536 4703 3698 4756 dene-

2121 4797 2329 4857 gantes.
2361 4790 2406 4844 E
2431 4791 2706 4846 contrario
2731 4791 2970 4846 haeretici
3000 4791 3235 4847 Marcion
3271 4799 3324 4846 et
3353 4791 3690 4856 Manichacus,

2121 4888 2178 4934 et
2206 4895 2394 4936 omnes
2419 4881 2512 4950 qui
2544 4889 2780 4936 veterem
2827 4881 2998 4951 legem
3049 4882 3242 4936 rabido
3286 4897 3382 4937 ore
3419 4882 3706 4944 dilaniant,

2122 4971 2252 5026 dant
2275 4981 2457 5040 partes
2479 4980 2624 5036 octo,
2656 4971 3011 5040 suscipientes
3029 4971 3414 5040 Evangelium;
3445 4972 3537 5026 sed
3555 4986 3702 5026 eam-

2122 5065 2240 5117 dem
2261 5063 2567 5132 septenario
2595 5075 2820 5117 numero
2841 5075 2946 5117 non
2976 5061 3237 5125 tribuunt,
3265 5070 3503 5117 veterem
3531 5061 3700 5132 legem

2123 5161 2455 5226 respuentes.
2483 5153 2593 5210 Nos
2619 5168 2750 5208 vero
2774 5160 3022 5223 utraque,
3051 5169 3171 5222 quae
3195 5154 3364 5222 ponit,
3393 5154 3698 5214 credamus,

2121 5252 2177 5300 et
2204 5252 2494 5315 utrumque
2535 5256 2876 5298 veneremur.
2927 5241 3043 5297 Non
3092 5243 3235 5297 enim
3261 5257 3550 5313 possumus
3581 5257 3706 5296 cru-

2121 5335 2296 5389 ciatus
2319 5333 2644 5402 dignamque
2671 5347 2884 5400 pinnam
2923 5331 3036 5401 jam
3079 5348 3224 5388 nunc
3248 5340 3432 5388 mente
3459 5345 3708 5402 compre-

2119 5423 2374 5486 hendere,
2399 5436 2521 5490 qum
2545 5422 2780 5490 reposita
2809 5431 2893 5478 est
2918 5423 3004 5478 his
3030 5424 3122 5490 qui
3151 5431 3442 5478 versantur
3459 5423 3517 5478 in
3555 5431 3718 5478 terra

2119 5510 2474 5574 inﬁdelitatis,
2527 5507 2726 5566 Judaeis
2755 5512 2961 5567 scilicet
3007 5521 3063 5568 et
3095 5512 3384 5577 haereticis,
3419 5528 3450 5568 e
3491 5511 3706 5568 duobus

2117 5603 2347 5656 alterum
2377 5602 2786 5673 denegantihus.
2821 5602 3029 5658 Hebraei
3063 5603 3245 5672 itaque
3292 5601 3443 5674 μίση
3492 5602 3702 5657 Hebraei

2118 5691 2215 5764 ita]
2246 5691 2382 5748 hunc
2413 5693 2585 5748 locum
2615 5692 2958 5765 intelligunt:
2995 5693 3060 5748 Et
3085 5693 3368 5748 sabbatum
3389 5700 3445 5747 et
3467 5691 3696 5746 cireum~
