4020 6186
279 338 380 394 Ἱίό

1091 333 1498 390 EXEGETICA.
1541 365 1607 374 -—
1637 335 1992 392 COMMENT.
2039 337 2103 391 iN
2144 335 2675 395 ECCLESIASTEN.

3449 349 3554 408 7H

277 454 538 509 (-iaionem
584 463 804 504 servare
852 446 1006 518 [Λίδη
1039 447 1240 519 serva],
1269 463 1335 502 ne
1365 448 1412 502 si
1451 448 1552 503 hoc
1598 449 1735 504 forte
1768 466 1873 504 non
1903 457 1953 516 Α
1979 466 2138 520 supra
2172 452 2425 517 diximus,
2468 454 2839 522 iudicandum,
2895 471 3018 510 cum
3068 473 3166 514 suo
3219 470 3463 535 tempore
3503 480 3557 524 et

277 541 492 605 feceris,
524 537 858 608 inopinatum
886 538 981 592 tibi
1006 538 1349 608 superveniat
1375 538 1597 592 malum.

347 630 513 685 Vm.
541 628 598 682 ὅ.
625 655 696 664 -
719 623 777 679 Si
805 624 1010 695 repleta:
1033 625 1230 694 fuerint
1257 626 1437 691 nubes,
1459 627 1676 681 imbrem
1697 629 1870 698 e/funL

279 723 401 775 dent
449 732 608 787 super
633 725 849 768 terram.
893 713 952 770 Si
1000 716 1246 770 ceciderit
1280 716 1479 787 lignum
1527 719 1597 772 ad
1628 730 1869 774 austrum

281 823 371 869 aut
397 811 467 866 ad
491 807 820 880 Aquilonem,
835 809 891 861 in
915 825 1221 880 quocunque
1247 809 1360 864 loco
1381 810 1641 875 ceciderit,
1659 809 1732 864 ibi
1749 813 1868 864 erit.

283 903 449 959 Serva
463 900 715 956 mandata
728 915 847 968 qua:
866 900 963 953 tibi
981 900 1231 970 superius
1251 908 1376 955 sunt
1387 909 1676 970 praecepta,
1691 910 1751 955 ut
1772 917 1871 956 nu-

282 995 380 1049 bes
391 1007 551 1061 super
565 997 616 1045 te
627 989 857 1044 fundant
873 990 926 1043 in
939 989 1316 1046 benedictione
1332 991 1427 1046 Dei
1443 992 1671 1047 imbrem
1687 1007 1866 1046 suum.

287 1085 604 1153 Ubicunque
629 1082 776 1136 enim
804 1082 902 1136 tibi
941 1081 1118 1137 locum
1141 1084 1551 1151 praeparaveris,
1593 1083 1871 1138 futuram-

286 1190 390 1246 que
431 1175 634 1235 sedem,
663 1173 776 1227 sive
803 1173 870 1228 ad
901 1181 1166 1238 austrum,
1203 1174 1316 1228 sive
1345 1175 1412 1230 ad
1436 1175 1764 1244 aquilonem,
1796 1177 1870 1232 ibi

287 1281 411 1321 cum
437 1272 684 1318 mortuus
725 1262 910 1326 fueris,
940 1264 1300 1332 permanebis.
1339 1265 1550 1320 Aliter:
1577 1266 1872 1336 Propterea

289 1371 450 1424 supra
467 1355 701 1408 diximus
722 1372 734 1406 :
761 1352 910 1407 Mitte
927 1370 1114 1423 panem
1139 1363 1286 1409 tuum
1307 1372 1464 1425 super
1486 1354 1676 1425 faciem
1697 1375 1870 1424 aqum,

289 1453 346 1500 et
373 1444 520 1499 omni
566 1443 768 1513 petenti
815 1443 1011 1507 tribue,
1058 1443 1182 1511 quia
1222 1453 1278 1498 et
1321 1446 1492 1500 nubes
1533 1462 1657 1501 eum
1700 1447 1872 1515 plence

289 1534 512 1600 fuerint,
539 1534 755 1589 divitias
796 1548 922 1588 suas
964 1532 1284 1589 mortalibus
1308 1535 1626 1605 largiuntur.
1658 1536 1724 1590 Et
1766 1536 1869 1608 [tu]

291 1628 448 1699 quasi
501 1627 704 1697 lignum
749 1626 1110 1693 fructuosum,
1142 1629 1391 1698 quamvis
1437 1629 1706 1700 longaevus
1753 1631 1868 1696 sis,

295 1735 402 1777 non
437 1720 547 1775 eris
589 1706 647 1774 in
689 1728 1029 1788 perpetuum,
1060 1721 1153 1775 sed
1179 1721 1360 1776 subita
1399 1722 1450 1776 vi
1476 1731 1755 1777 ventorum
1795 1724 1872 1778 ita

1973 557 2133 596 cursu
2183 541 2377 597 debeat
2428 553 2578 598 sator
2619 560 2892 615 spargere,
2934 556 2989 603 et
3030 561 3282 608 eventum
3339 556 3557 615 Domini

1971 633 2251 687 sententiae
2304 648 2604 690 reservare.
2659 634 2783 690 Non
2825 648 2902 692 est
2934 640 3071 693 enim
3111 642 3354 710 volentis,
3396 666 3556 721 neque

1971 722 2248 800 currentis,
2270 723 2361 775 sed
2382 724 2680 777 miserantis
2708 724 2806 779 Dei
2834 726 3012 798 (Rom.
3045 745 3120 794 ut,
3149 731 3257 804 16).

2043 809 2204 866 Vens.
2231 810 2346 867 6-8.
2375 841 2449 851 —-
2472 811 2630 868 Mane
2658 817 2858 869 semina
2883 833 3057 872 semen
3081 829 3248 888 tuum,
3277 833 3325 878 et
3354 843 3556 898 vespere

1972 917 2076 956 non
2097 910 2258 956 cesset
2285 919 2477 959 manus
2505 914 2614 970 tua,
2647 908 2770 977 quia
2806 911 2969 962 nescis
2991 912 3116 979 quid
3143 917 3310 984 magis
3335 921 3556 983 oriatur,

1971 991 2067 1045 hoc
2096 1008 2166 1046 an
2185 991 2321 1046 illud
2346 1011 2364 1048 :
2397 1004 2445 1049 et
2473 995 2519 1050 si
2543 1006 2820 1068 utrumque
2846 999 3020 1062 simul,
3048 1002 3234 1057 melius
3254 1008 3371 1060 erit.
3396 1009 3561 1064 Dulce

1971 1083 2168 1150 lumen,
2191 1093 2241 1140 et
2267 1085 2573 1142 delectabile
2601 1098 2678 1143 est
2718 1089 2884 1144 oculis
2911 1090 3085 1146 videre
3106 1093 3288 1148 solem.
3319 1095 3378 1151 Si
3410 1103 3561 1154 annis

1973 1176 2151 1231 multis
2172 1179 2364 1232 vixerit
2403 1180 2578 1244 homo,
2609 1190 2656 1234 et
2676 1181 2732 1234 in
2776 1182 2858 1236 his
2886 1184 3122 1238 omnibus
3146 1184 3355 1242 lwtatus
3379 1189 3559 1258 fuerit,

1974 1269 2268 1323 meminisse
2295 1270 2441 1324 debet
2468 1271 2723 1326 tenebrosi
2746 1275 3010 1343 temporis,
3052 1285 3101 1329 et
3129 1267 3344 1332 dierum
3370 1280 3562 1336 mullo—

1975 1375 2089 1411 rum
2116 1373 2134 1413 :
2160 1360 2250 1430 qui
2271 1376 2390 1413 cum
2420 1362 2669 1428 venerint,
2697 1364 2941 1417 vanitatis
2961 1376 3252 1435 urguentur
3273 1372 3559 1439 prwterita.

1976 1449 2233 1504 Hortatur
2264 1452 2516 1507 omnibus
2546 1451 2886 1518 benefacere,
2917 1468 3016 1509 nec
3047 1455 3246 1526 eligere
3274 1473 3562 1526 personam

1977 1541 2085 1612 [cui
2129 1542 2487 1615 benefacias],
2534 1551 2630 1597 aut
2662 1550 2874 1614 tempus
2902 1545 2954 1600 in
2996 1562 3103 1615 quo
3137 1546 3560 1625 [tantummodo]

1973 1630 2302 1698 lienefaeias,
2329 1647 2609 1702 nunquam
2639 1632 2782 1688 enim
2823 1643 2875 1689 te
2899 1635 3012 1690 vult
3037 1652 3067 1690 a
3104 1638 3248 1694 bono
3277 1655 3439 1710 opere
3471 1643 3562 1697 de-

1973 1720 2200 1786 sistere;
2231 1725 2327 1778 sed
2356 1725 2679 1779 matutinam
2700 1724 2970 1793 justitiam
2995 1743 3188 1798 vesper
3215 1730 3470 1795 inveniat,
3507 1740 3562 1786 et

294 1811 487 1867 mortis
527 1817 846 1879 tempestate
877 1810 1188 1876 subversus,
1239 1811 1546 1881 ubicunque
1571 1812 1866 1878 cecideris,
1898 1820 1945 1880 Β
1976 1812 2214 1880 vesperis
2240 1813 2670 1869 misericordiam
2697 1815 2828 1870 solis
2853 1823 3006 1872 ortus
3037 1819 3357 1873 accumulet.
3389 1819 3557 1874 Incer-

293 1904 366 1958 ibi
392 1901 594 1973 iugiter
617 1901 960 1971 permanebis
995 1920 1006 1954 :
1043 1902 1156 1956 sive
1183 1910 1237 1957 te
1273 1901 1506 1972 rigidum
1538 1911 1593 1957 et
1615 1911 1826 1958 trucem
1847 1944 1862 1969 ,

293 1996 406 2049 sive
431 1995 750 2049 clementem
778 2001 831 2047 et
860 1993 1269 2049 misericordem
1310 1994 1561 2048 ultimum
1606 1995 1873 2050 invenerit

293 2095 522 2155 tempus.
559 2083 726 2139 Aliter
769 2084 993 2139 :Nubes
1033 2086 1300 2154 siquidem
1341 2094 1467 2140 sunt
1493 2088 1771 2155 prophetae
1816 2097 1872 2142 et

292 2179 574 2240 doctores,
654 2178 743 2246 qui
808 2191 932 2231 cum
1006 2177 1204 2231 multas
1269 2179 1507 2234 habeant
1581 2179 1636 2232 in
1711 2181 1874 2234 corde

293 2288 460 2326 sacra:
505 2270 796 2340 Scriptum:
824 2271 1061 2325 rationes
1090 2312 1104 2336 ,
1141 2279 1271 2326 tunc
1313 2272 1564 2327 valebunt
1602 2256 1872 2342 praicepta

293 2363 478 2432 pluere
524 2361 914 2426 doctrinarum,
963 2369 1019 2415 et
1061 2360 1241 2416 dicere
1282 2379 1296 2415 :
1335 2363 1692 2432 Exspectetur
1735 2365 1876 2418 sicut

293 2452 471 2522 pluvia
532 2451 805 2521 eloquium
870 2466 1050 2506 meum
1099 2451 1279 2522 (Deut.
1356 2469 1539 2516 xxx",
1588 2453 1665 2522 Ξ).
1717 2451 1871 2518 Quod

296 2557 426 2597 vero
455 2542 530 2594 ait
559 2560 570 2594 :
602 2543 706 2596 sive
731 2542 800 2595 ad
829 2542 1224 2608 Austrum,sive
1250 2543 1319 2596 ad
1342 2542 1648 2612 Aquilonem
1675 2542 1873 2612 lignum

291 2631 555 2695 ceciderit,
577 2640 838 2700 quantum
863 2633 1090 2697 aestimo,
1121 2647 1334 2701 semper
1361 2633 1416 2686 in
1438 2633 1635 2687 bonam
1665 2643 1875 2702 partem

291 2720 556 2789 accipitur
583 2720 798 2786 Auster,
832 2729 886 2775 et
903 2721 1098 2790 Aquilo
1124 2722 1179 2775 in
1213 2722 1429 2777 malam.
1458 2723 1611 2778 Unde
1642 2723 1696 2776 in
1737 2723 1877 2777 Can-

294 2812 402 2865 tico
428 2813 762 2866 canticorum
791 2813 987 2867 dicitur
1006 2832 1018 2866 :
1036 2813 1299 2884 Exsurge,
1320 2812 1526 2884 Aquilo,
1555 2815 1659 2869 hoc
1680 2821 1763 2869 est
1785 2829 1875 2868 re-

293 2903 426 2956 cede
451 2911 506 2956 et
525 2903 632 2966 abi,
660 2915 706 2956 et
735 2904 846 2957 veni
869 2903 1060 2957 Auster
1083 2902 1258 2974 (Cant.
1287 2919 1363 2969 IV,
1391 2902 1501 2973 l6).
1536 2902 1648 2958 Nec
1669 2910 1754 2958 est
1773 2903 1876 2956 ali—

293 2993 440 3063 quod
468 2992 668 3064 lignum
701 2993 843 3061 quod
871 2992 954 3045 vel
984 2991 1051 3045 ad
1089 2991 1410 3060 Aquilonem
1457 3007 1563 3046 non
1601 2991 1673 3047 sit
1705 2991 1787 3046 vel
1810 2990 1879 3062 ad

293 3086 578 3148 Austrum,
623 3085 746 3154 quia
794 3081 970 3140 omnis
1013 3085 1174 3140 homo
1215 3085 1389 3139 malus
1433 3084 1513 3138 vel
1538 3086 1712 3140 bonus
1753 3100 1874 3140 mo-

295 3177 488 3231 rietnr.

365 3267 526 3339 442
562 3268 720 3323 Vens.
751 3268 804 3320 4.
844 3299 912 3308 -
937 3268 1040 3333 Qui
1065 3269 1300 3323 observat
1341 3280 1565 3336 ventum,
1595 3288 1700 3326 non
1725 3272 1878 3325 semi-

294 3369 412 3422 nat,
438 3369 482 3411 et
506 3360 594 3428 qui
617 3359 912 3412 considerat
938 3360 1117 3423 nubes,
1153 3377 1419 3430 nunquam
1440 3362 1601 3414 metit.
1629 3361 1730 3428 Qui
1753 3377 1879 3417 con-

291 3448 497 3502 siderat
522 3448 606 3502 eui
632 3448 968 3513 benefaciat,
1013 3459 1068 3504 et
1109 3465 1216 3504 non
1244 3451 1390 3505 omni
1421 3452 1626 3519 petenti
1658 3452 1874 3515 tribuit,

293 3553 438 3607 saepe
466 3539 704 3607 przeterit
727 3555 850 3594 cum
875 3541 966 3609 qui
998 3551 1236 3596 meretur
1259 3543 1529 3612 accipere,
1555 3543 1638 3598 vel
1661 3545 1876 3598 miseri-

293 3629 495 3683 cordia:
529 3630 797 3695 solatium,
829 3631 910 3684 vel
954 3633 1101 3687 verbi
1135 3633 1227 3686 Dei
1255 3649 1460 3688 semen.
1494 3635 1550 3688 ln
1575 3635 1704 3703 ipsis
1732 3635 1876 3688 enim

293 3723 588 3790 prosperis,
626 3723 750 3777 dum
778 3725 1070 3791 nescimus,
1099 3727 1324 3781 adversa
1348 3737 1697 3798 consurgunt.
1736 3728 1880 3794 Qua-

295 3824 520 3883 propter
566 3823 870 3885 opportuno
917 3816 999 3870 vel
1049 3817 1356 3887 importuno
1405 3829 1646 3889 tempore
1679 3822 1877 3888 prmdi—

296 3904 502 3958 candus
529 3913 609 3958 est
641 3920 818 3958 sermo
845 3905 958 3971 Dei,
989 3922 1090 3961 nec
1115 3907 1288 3962 bonus
1311 3909 1606 3964 seminator
1627 3910 1879 3964 adversa-

299 3995 505 4049 riordm
530 4005 690 4052 vento
713 3998 957 4063 territus,
981 3999 1063 4053 vel
1096 4000 1327 4054 nubibus
1351 4000 1743 4055 blandientium
1784 4001 1880 4055 ob-

298 4083 602 4149 umbratus,
653 4099 865 4139 cessare
914 4103 942 4139 a
1001 4088 1400 4155 prmdicalionis
1450 4089 1654 4143 semine
1695 4090 1874 4144 debet.

295 4173 518 4242 Absque
546 4175 973 4230 consideratione
998 4193 1127 4245 ergo
1159 4178 1382 4232 nubium
1413 4187 1467 4232 et
1498 4187 1779 4234 ventorum
1808 4181 1876 4234 ti-

298 4277 454 4316 more
483 4262 536 4314 in
565 4263 754 4317 mediis
787 4267 1194 4334 tempestatibus
1223 4265 1598 4321 seminandum
1632 4275 1748 4332 est;
1783 4284 1880 4322 nec

296 4349 590 4405 dicendum
617 4367 628 4402 :
661 4350 791 4407 lllnd
820 4360 1028 4421 tempus
1051 4355 1386 4409 commodum
1413 4363 1515 4419 est,
1548 4356 1648 4409 hoc
1670 4355 1876 4421 inutile,

298 4458 424 4495 cum
463 4443 772 4511 ignoremus
799 4459 914 4511 qua:
942 4446 1025 4496 via
1057 4453 1111 4497 ct
1142 4445 1390 4499 voluntas
1419 4446 1488 4500 sit
1515 4446 1736 4514 spiritus
1762 4446 1878 4499 uni-

300 4548 457 4586 versa
484 4533 862 4602 dispensantis.
896 4534 1046 4587 Unde
1077 4536 1320 4604 sequitur
1348 4554 1358 4587 :

377 4624 536 4677 Vens.
569 4622 622 4675 5.
651 4654 721 4662 —-
754 4623 1025 4688 Quomodo
1055 4626 1264 4694 ignoras
1287 4643 1403 4695 quae
1441 4628 1506 4680 sit
1539 4629 1620 4681 ria
1644 4629 1876 4698 spiritus,

299 4723 349 4765 et
371 4731 472 4783 qua
497 4715 695 4767 ratione
717 4717 1115 4785 compingantur
1132 4733 1248 4768 ossa
1270 4717 1324 4769 in
1349 4728 1521 4770 ventre
1540 4723 1877 4788 praegnantis,

301 4805 380 4856 sic
406 4803 570 4856 nescis
597 4821 752 4873 opera
777 4804 888 4868 Dei,
915 4806 1005 4874 qui
1030 4804 1344 4874 gubernator
1366 4814 1439 4858 est
1463 4807 1712 4858 omnium.
1764 4806 1880 4861 Sic-

299 4907 364 4950 ut
405 4896 579 4949 nescis
619 4897 761 4948 viam
809 4897 1050 4964 spiritus,
1095 4903 1148 4949 ct
1192 4895 1385 4948 animze
1433 4895 1782 4963 ingredientis
1823 4897 1878 4949 in

298 4987 606 5058 parvulum,
641 4995 694 5041 et
721 4988 936 5054 ignoras
982 4988 1186 5041 ossium
1215 4994 1268 5040 et
1306 5001 1564 5039 venarum
1601 4988 1885 5042 varietates

304 5078 362 5131 in
399 5084 589 5130 ventre
638 5078 988 5146 przegnantis,
1047 5077 1316 5148 quomodo
1359 5092 1424 5130 ex
1472 5077 1564 5131 vili
1621 5077 1886 5132 elemento

304 5183 504 5236 corpus
520 5167 754 5222 hominis
780 5169 831 5222 in
863 5169 1104 5224 diversas
1127 5170 1327 5238 elligies
1349 5177 1604 5238 artusque
1628 5171 1884 5235 varietur,

303 5267 362 5312 et
403 5259 470 5311 de
504 5259 692 5313 eodem
740 5260 946 5314 semine
999 5260 1141 5314 aliud
1193 5261 1470 5316 mollescat
1514 5261 1567 5315 in
1615 5260 1886 5323 carnibus,

303 5351 455 5405 aliud
501 5351 782 5406 induretur
827 5352 881 5405 in
915 5352 1147 5417 ossibus,
1181 5353 1325 5406 aliud
1353 5353 1408 5406 in
1437 5353 1590 5407 venis
1640 5352 1886 5422 palpitet,

305 5443 454 5497 aliud
486 5442 683 5513 ligetur
709 5445 762 5498 in
789 5443 1008 5498 nervis:
1037 5444 1110 5496 ita
1157 5442 1249 5496 Dei
1276 5458 1439 5513 opera
1465 5447 1604 5500 seire
1645 5461 1750 5499 non
1795 5459 1891 5512 po-

305 5536 469 5600 teris,
495 5536 586 5604 qui
613 5535 783 5591 factor
809 5547 888 5590 est
909 5536 1169 5590 omnium.
1197 5535 1278 5588 Ex
1305 5551 1411 5604 quo
1433 5538 1588 5592 docet
1619 5537 1888 5592 contraria

305 5645 416 5682 non
446 5629 703 5692 timenda,
731 5644 830 5682 nec
855 5636 1057 5683 temere
1089 5627 1154 5682 de
1186 5628 1357 5682 ventis
1386 5635 1439 5681 et
1469 5630 1720 5693 nubibus,
1756 5643 1890 5695 quas

379 5751 404 5776 ι
437 5735 586 5791 Finis
615 5738 817 5792 codicis
846 5753 948 5790 ms.

758 5831 1031 5890 Pnaor.
1078 5829 1120 5890 C

1977 1907 2090 1954 tum
2129 1910 2211 1956 est
2241 1904 2384 1971 quod
2412 1905 2629 1973 quidem
2657 1906 2829 1976 magis
2855 1906 3066 1976 placeat
3089 1923 3243 1976 opus,
3275 1918 3330 1963 et
3365 1923 3431 1964 ex
3455 1924 3560 1978 quo

1975 1992 2071 2046 tibi
2092 1991 2301 2047 fructus
2319 1993 2543 2063 justitiae
2562 2004 2917 2064 prazparetur.
2943 1996 3128 2052 Potest
3149 2006 3327 2053 autem
3354 1998 3471 2053 ﬁeri
3501 2011 3562 2054 ut

1974 2097 2082 2136 non
2125 2098 2311 2148 unum,
2343 2083 2437 2138 sed
2483 2093 2772 2154 utrumque
2800 2085 3010 2155 placeat
3047 2087 3178 2144 Deo.
3220 2087 3393 2142 Aliter
3435 2106 3448 2142 :
3492 2089 3561 2144 de

1974 2179 2132 2228 aetate
2162 2174 2396 2229 hominis
2440 2176 2666 2247 intelligi
2695 2179 2914 2247 poterit,
2955 2187 3017 2232 ut
3054 2179 3334 2248 aequaliter
3362 2180 3474 2236 sive
3502 2181 3555 2236 in

1975 2263 2363 2330 adolescentia,
2393 2265 2507 2320 sive
2532 2266 2695 2320 etiam
2723 2267 2777 2320 in
2809 2275 3089 2323 senectute
3111 2269 3252 2323 bona
3273 2267 3559 2333 faciamus,

1975 2355 2101 2423 quia
2141 2356 2320 2410 nescis
2345 2365 2524 2410 utrum
2555 2357 2608 2410 in
2630 2357 2931 2426 juventute,
2956 2375 3023 2412 an
3054 2361 3109 2413 in
3139 2367 3296 2433 :etate
3319 2361 3560 2433 longaeva

1976 2444 2149 2513 magis
2179 2445 2396 2512 placeas
2425 2446 2554 2498 Deo.
2583 2445 2693 2499 Nec
2730 2449 2951 2514 prodest
2981 2427 3356 2505 adolescentia:
3379 2427 3560 2507 ‘Vfl'u-

1975 2536 2181 2605 galitas,
2216 2536 2261 2589 si
2294 2545 2508 2591 senecta
2536 2538 2766 2591 ducatur
2792 2538 2847 2590 in
2878 2537 3120 2603 luxuria;
3151 2555 3256 2609 qua
3285 2543 3431 2596 enim
3471 2544 3559 2598 die

1969 2623 2148 2692 justus
2171 2627 2455 2691 erraverit,
2494 2635 2704 2682 veteres
2737 2643 2861 2682 eum
2882 2625 3107 2695 iustitiae
3137 2645 3167 2683 a
3205 2639 3379 2686 morte
3422 2632 3557 2688 libe-

1977 2731 2098 2770 rare
2126 2734 2231 2772 non
2255 2725 2527 2786 poterunt.
2553 2717 2705 2784 Quod
2731 2719 2776 2773 si
2801 2719 2956 2790 juxta
2977 2727 3263 2791 utramque
3291 2723 3555 2795 interpre-

1979 2807 2234 2861 tationem
2263 2822 2476 2875 semper
2512 2806 2867 2874 benefeceris,
2907 2817 2962 2863 et
2997 2812 3142 2864 omni
3187 2819 3346 2866 aetate
3371 2829 3554 2883 arqua-

1978 2896 2081 2950 lem
2109 2913 2328 2951 cursum
2364 2893 2637 2962 habueris,
2672 2898 2880 2952 videbis
2916 2899 3083 2953 Deum
3121 2899 3336 2955 Patrem
3364 2902 3559 2957 dulcis-

1980 2990 2173 3044 simum
2236 2989 2453 3050 lumen,
2518 2989 2724 3043 videbis
2772 2988 3045 3045 Christum
3096 2991 3264 3046 solem
3306 2989 3558 3058 iustitia).

1981 3078 2152 3132 Porro
2199 3078 2323 3132 etsi
2372 3079 2528 3132 annis
2571 3078 2754 3133 multis
2797 3079 3017 3144 vixeris,
3073 3087 3128 3135 et
3175 3082 3357 3136 omnia
3416 3083 3557 3138 bona

1902 3161 1948 3222 C
1980 3169 2254 3233 habueris,
2305 3169 2388 3222 vel
2435 3170 2576 3224 bona
2619 3184 2784 3240 opera
2824 3170 3122 3240 peregeris,
3169 3180 3224 3225 et
3273 3173 3463 3228 scieris
3511 3182 3562 3226 te

1980 3277 2194 3332 semper
2222 3263 2564 3328 moriturum,
2596 3270 2650 3316 et
2678 3270 2800 3316 ante
2840 3262 3023 3316 oculos
3052 3272 3170 3318 tuos
3195 3263 3560 3330 tenebrarum,

1978 3353 2032 3407 id
2060 3361 2144 3407 est
2168 3355 2379 3420 mortis,
2427 3369 2642 3424 semper
2668 3361 2919 3408 versetur
2953 3354 3234 3421 adventus,
3265 3356 3558 3425 praesentia

1978 3445 2134 3513 quasi
2163 3444 2327 3510 ﬂuxa,
2361 3452 2414 3498 et
2443 3443 2676 3515 fragilia,
2709 3454 2764 3498 et
2791 3445 2989 3499 caduca
3018 3454 3364 3508 contemncs;
3390 3453 3444 3498 et
3466 3447 3558 3513 qui

1976 3536 2079 3591 hoc
2126 3535 2336 3600 fecerit,
2381 3536 2586 3590 videbit
2613 3534 2887 3588 Christum
2937 3535 3104 3587 solem
3150 3535 3376 3602 justitiaa
3411 3551 3559 3590 sem-

1978 3641 2073 3694 per
2121 3628 2174 3681 in
2225 3635 2505 3680 aeternum.
2552 3623 2725 3675 Aliter
2767 3640 2778 3674 :
2828 3622 2918 3674 lux
2946 3629 3028 3676 est
3056 3621 3300 3677 doctrina
3341 3626 3556 3693 sapien-

1979 3717 2066 3769 tiae
2089 3716 2324 3770 caelestis
2348 3732 2360 3766 :
2389 3722 2444 3767 et
2469 3713 2669 3766 bonum
2698 3711 2868 3766 oculis
2916 3712 3100 3768 videre
3131 3713 3320 3779 solem,
3348 3715 3401 3770 id
3437 3726 3520 3770 est
3540 3760 3553 3781 ,

1979 3808 2224 3863 sensibus
2252 3805 2431 3860 cordis
2456 3804 2639 3858 videre
2665 3802 2956 3856 Christum.

2051 3900 2209 3952 Vsus.
2240 3897 2388 3950 9-10.
2421 3925 2492 3933 -—
2517 3894 2718 3947 Lcetare
2747 3910 2890 3962 ergo,
2910 3893 3136 3962 juvenis,
3169 3896 3223 3948 in
3256 3886 3555 3951 adolescen-

1980 3991 2053 4042 tia
2080 3999 2192 4052 tua,
2216 3997 2262 4040 et
2290 3989 2342 4040 in
2366 3986 2496 4038 bono
2521 3985 2584 4038 sit
2617 4002 2709 4037 cor
2733 3995 2897 4036 tuum.
2923 3983 3004 4037 Ab
3033 3983 3133 4038 hoc
3165 3984 3280 4039 loco
3305 4002 3474 4055 usque
3505 3989 3554 4041 in

1980 4080 2142 4133 ﬁnem
2168 4077 2332 4132 libelli
2353 4077 2533 4131 varias
2559 4078 2807 4131 doctores
2833 4083 3036 4145 ponunt
3060 4076 3553 4146 interpretationes.

1983 4169 2191 4225 Hebraei
2205 4170 2268 4222 ad
2282 4168 2444 4223 lsrael
2459 4167 2709 4237 populum
2722 4167 2814 4221 Dei
2828 4176 3017 4236 putant
3031 4167 3172 4221 dicta
3183 4183 3319 4233 esse,
3333 4169 3416 4223 cui
3430 4183 3560 4237 pre-

1980 4263 2176 4332 eipitnr
2205 4269 2264 4314 ut
2297 4260 2506 4315 fruatur
2553 4259 2772 4322 divitiis,
2805 4266 3095 4327 antequam
3122 4259 3201 4313 eis
3226 4259 3556 4329 captivitatis

1984 4363 2192 4422 tempus
2231 4353 2499 4416 adveniat,
2544 4355 2625 4404 vel
2665 4350 3080 4404 adolescentiam
3113 4359 3386 4406 senectute
3409 4367 3556 4406 com-

1984 4454 2180 4511 mutet;
2215 4445 2286 4498 ita
2314 4453 2510 4504 tamen,
2541 4451 2600 4496 ut
2624 4442 2677 4494 in
2705 4443 2864 4505 tono,
2894 4442 2944 4518 id
2973 4450 3055 4496 est
3083 4442 3199 4512 lege
3230 4443 3344 4509 Dei,
3373 4444 3444 4498 sit
3464 4459 3559 4498 cor

1909 4510 1959 4568 Β
1985 4539 2118 4606 ejus.
2166 4510 2432 4590 Admonet
2455 4548 2687 4602 quoque,
2729 4541 2788 4586 ut
2816 4533 2868 4586 in
2899 4515 3087 4588 diebus
3112 4510 3484 4603 prosperitatis
3511 4545 3566 4590 et

1989 4628 2195 4691 salutis,
2220 4627 2276 4679 in
2314 4624 2410 4679 viis
2437 4624 2607 4677 cordis
2633 4625 2735 4688 sui,
2760 4633 2808 4677 et
2842 4625 3035 4678 intuitu
3063 4624 3352 4691 oculorum,
3376 4627 3430 4681 id
3457 4635 3562 4694 est,

1988 4715 2416 4773 consideratione
2477 4713 2854 4768 mandatorum
2917 4715 3011 4768 Dei
3074 4715 3328 4779 ambulet,
3385 4719 3559 4787 magis

1988 4825 2148 4880 quam
2173 4810 2225 4862 in
2277 4807 2584 4862 carnalibus
2613 4807 2924 4871 desideriis;
2976 4816 3028 4862 et
3067 4816 3125 4860 ut
3173 4807 3308 4861 sciat
3359 4823 3417 4862 se
3457 4824 3557 4877 pro

1988 4900 2238 4954 omnibus
2282 4915 2401 4968 qua:
2431 4899 2676 4968 gesserit,
2712 4899 2826 4951 sive
2853 4899 3054 4952 bonum
3085 4898 3198 4952 sive
3230 4897 3426 4950 malum
3467 4899 3556 4961 sit,

1987 5011 2016 5047 a
2044 4994 2151 5047 Deo
2175 5007 2294 5048 esse
2301 4991 2678 5060 judicandum;
2712 4998 2766 5044 et
2789 5001 2844 5043 ut
2869 4990 3074 5060 auferat
3096 4990 3229 5042 iram
3261 5006 3293 5041 a
3317 4989 3489 5052 corde,
3514 4997 3563 5041 et

1991 5083 2215 5137 malitias
2257 5100 2289 5135 a
2313 5099 2468 5136 carne
2509 5099 2626 5146 sua,
2657 5082 2709 5136 id
2737 5089 2840 5146 est,
2890 5081 3241 5151 cogitationes
3287 5078 3476 5142 malas,
3507 5088 3562 5132 et

1989 5174 2237 5229 libidines
2263 5174 2442 5226 carnis
2471 5188 2582 5227 suae
2610 5191 2622 5225 :
2661 5173 2786 5241 quia
2836 5171 3103 5225 desideria
3134 5170 3333 5232 carnis,
3378 5167 3562 5223 adole--

1991 5265 2229 5327 scentite,
2247 5264 2687 5332 voluptatumque
2709 5262 3004 5318 carnalium
3031 5276 3168 5315 vana
3196 5270 3356 5314 sunt:
3384 5274 3566 5315 recor-

1992 5357 2251 5422 deturque
2274 5368 2486 5422 semper
2507 5352 2781 5407 Creatoris
2808 5352 2912 5416 sui,
2942 5359 3226 5420 antequam
3248 5351 3430 5404 veniat
3449 5350 3566 5406 dies

1995 5445 2373 5508 tribulationis,
2408 5443 2460 5498 id
2488 5451 2592 5509 est,
2625 5444 2960 5514 Babylonica:
2988 5442 3074 5496 vel
3104 5441 3359 5496 Romanae
3396 5441 3567 5511 capti-

1992 5537 2172 5591 vitatis
2201 5535 2363 5608 443
2393 5535 2630 5600 miseria,
2658 5534 2852 5604 quibus
2877 5549 2982 5588 non
3011 5533 3210 5602 poterit
3235 5531 3438 5586 habere
3470 5545 3567 5585 vo-

1993 5627 2270 5680 luntatem.
2319 5626 2384 5678 Et
2414 5633 2582 5679 totum
2631 5627 2772 5679 hunc
2817 5624 2994 5678 locum
3025 5623 3076 5676 in
3102 5636 3210 5691 quo
3249 5621 3362 5675 ait:
3409 5621 3568 5674 Αηιθη

3122 5821 3196 5875 2;}
