4020 6186
478 361 583 426 τιέἱ

1320 366 1379 419 Β.
1417 366 1479 419 F.
1515 364 1741 420 ALBlNl
1781 363 1913 419 εει]
1953 360 2231 418 Αιουιιιει
2266 360 2549 419 OP'EBUM
2587 355 2764 417 PARS
2802 358 2864 416 ﬂ.

3633 353 3744 410 τιὸ

400 482 421 503 ⁸
478 502 634 554 quam
685 478 1034 538 tenebrarum
1065 474 1165 541 sol,
1196 486 1243 530 et
1276 475 1424 543 luna,
1456 487 1507 530 et
1555 474 1740 541 stella,
1771 488 1943 544 usque
1991 473 2058 529 ad
2088 481 2130 535 Λ
2162 488 2437 539 exercere,
2469 490 2574 529 non
2605 475 2659 528 in
2686 472 2846 528 male.
2880 471 2949 527 Et
2993 473 3047 525 in
3098 471 3231 525 bona
3278 471 3345 523 sit
3385 485 3476 524 rer
3501 479 3648 525 tuum
3688 475 3747 527 in

478 592 601 631 cum
628 574 829 635 locum,
853 568 906 624 iu
933 580 1041 636 quo
1071 564 1354 636 Scriptum
1385 572 1814 620 commemorat:
1845 561 1913 616 Et
1938 578 2064 615 con-

476 675 701 721 uertetur
724 658 893 731 patinis
921 658 977 711 in
1006 665 1199 710 terram
1230 656 1367 710 unde
1392 665 1526 721 erat,
1564 664 1610 709 et
1653 655 1867 725 spiritus
1896 668 2064 706 rever-

475 767 613 810 tetur
633 751 701 806 ad
727 749 899 804 Deum
937 748 1025 818 qui
1056 746 1199 800 dedit
1231 745 1384 799 illum
1414 745 1615 817 (Eccle.
1644 761 1743 808 xu,
1782 744 1839 809 2,
1863 743 1941 813 Ἰ),
1974 757 2065 796 su-

476 861 572 917 per
598 852 742 899 statu
773 856 887 896 suae
908 838 1238 895 conditionis
1264 838 1577 909 explanant,
1625 845 1680 891 et
1706 837 1875 900 aiunt,
1912 832 2065 888 Salo-

477 949 689 991 monem
719 931 1005 1002 diligenter
1030 928 1239 983 hortari
1270 927 1525 998 pepulum
1554 926 1671 990 Dei,
1718 933 1777 978 ut
1808 925 1924 979 hrec
1949 938 2064 976 om-

477 1026 564 1080 nia
590 1023 811 1088 faciant,
838 1029 1131 1087 antequam
1156 1017 1373 1071 tollatur
1400 1016 1469 1070 ab
1493 1017 1574 1071 eis
1600 1014 1780 1070 omnis
1808 1014 1982 1067 honor
2010 1019 2066 1064 et

477 1118 664 1180 decus,
695 1115 860 1170 duces
888 1120 945 1168 et
962 1111 1196 1183 iudices,
1243 1118 1301 1164 et
1338 1110 1669 1173 sacerdotes,
1714 1105 1972 1176 templum
2010 1110 2065 1156 et

476 1203 767 1268 sacriﬁcia,
784 1209 1026 1272 potestas
1045 1207 1100 1254 et
1117 1214 1365 1270 regnum,
1396 1206 1453 1252 et
1470 1198 1664 1261 sancti,
1687 1211 1825 1265 quos
1845 1196 1899 1248 in
1928 1193 2062 1255 sole,

483 1304 537 1347 et
565 1293 714 1356 luna,
759 1299 817 1345 et
843 1288 1015 1344 stellis
1044 1287 1269 1357 intelligi
1296 1286 1503 1351 volunt,
1535 1284 1854 1340 auferantur
1881 1283 1947 1337 ab
1976 1297 2063 1345 eo,

478 1392 767 1451 antequam
798 1379 980 1433 veniat
1005 1375 1522 1440 Nabuchodonosor,
1546 1377 1660 1430 sive
1687 1375 1845 1429 Titus
1863 1373 2067 1442 Vespa-

479 1474 619 1529 siani
650 1470 810 1534 ﬁlius,
849 1468 1054 1523 accitus
1083 1482 1113 1521 a
1159 1468 1458 1537 prophetis,
1493 1477 1553 1520 ut
1589 1481 1777 1521 eorum
1813 1464 2068 1518 vaticinia

479 1561 884 1632 compleantur;
918 1558 973 1612 in
1017 1558 1106 1612 die
1131 1572 1236 1626 qua
1265 1557 1439 1627 angeli
1473 1555 1655 1626 templi
1696 1554 1953 1625 praesides
1982 1568 2067 1607 re—

480 1654 695 1716 cedent,
725 1659 782 1706 et
824 1649 1197 1704 curvabuntur
1224 1646 1585 1702 robustissimi
1616 1645 1707 1714 qui
1744 1645 1798 1698 in
1824 1642 2069 1698 exercitu

484 1756 574 1799 tuo
620 1749 767 1806 sunt,
814 1748 869 1795 et
896 1739 1071 1794 otiosa
1116 1748 1278 1792 erunt
1320 1737 1533 1807 eloquia
1563 1735 1969 1806 magistrorum,
2014 1741 2072 1787 et

2163 564 2343 617 diebus
2381 564 2670 633 juventntis
2724 574 2847 617 tute.
2901 561 3030 617 Vult
3061 575 3194 616 vero
3217 559 3498 616 ﬂorentem
3528 569 3747 617 aetatem

2164 655 2355 710 ﬂorere
2377 656 2636 711 virtutum
2658 656 2883 720 decore;
2907 663 2964 710 et
2984 654 3039 707 in
3066 654 3247 709 cordis
3273 652 3745 724 contemplatione,

2165 747 2217 802 id
2249 756 2351 814 est,
2379 749 2678 819 sapientiai,
2714 761 2876 817 quam
2903 745 3189 801 oculorum
3232 745 3452 800 nomine
3478 743 3754 814 designat,

2165 840 2343 908 potius
2369 839 2649 894 ambulare
2692 852 2857 908 quam
2882 836 3064 892 carnis
3090 835 3356 891 desideria
3402 834 3581 903 sequi,
3623 835 3752 904 quia

2164 946 2287 983 caro
2315 929 2633 999 concupiscit
2662 928 2912 981 adversus
2938 925 3203 996 spiritum,
3232 933 3280 978 et
3307 924 3531 995 spiritus
3567 923 3749 977 adrer-

2164 1036 2253 1073 sus
2266 1036 2475 1074 carnem
2494 1018 2694 1089 (Galat.
2715 1034 2767 1085 v,
2786 1019 2895 1090 l7),
2919 1032 3152 1088 quorum
3169 1031 3334 1086 opera
3359 1015 3650 1084 Apostolus
3669 1015 3750 1070 di-

2165 1110 2386 1164 screvit.
2418 1109 2485 1164 Et
2514 1110 2631 1164 inec
2658 1111 2861 1180 agenda
2889 1109 3141 1163 admonet
3167 1121 3308 1172 esse,
3340 1115 3633 1176 antequam
3670 1105 3751 1160 inv

2166 1209 2325 1273 gruat
2346 1215 2450 1255 nos
2469 1208 2685 1255 aeternae
2709 1201 2924 1266 mortis,
2953 1200 3005 1254 in
3022 1215 3130 1269 qua
3159 1198 3294 1253 nihil
3318 1198 3533 1268 operari
3555 1199 3753 1269 poterit

2166 1290 2351 1345 homo.
2398 1287 2491 1343 Sic
2518 1288 2574 1342 in
2600 1289 2891 1358 Evangelia
2921 1290 3037 1359 ipsa
3062 1289 3277 1344 Veritas
3303 1290 3379 1341 ait
3404 1304 3418 1339 :
3453 1287 3751 1353 Ambulate,

2166 1379 2293 1432 dum
2339 1376 2510 1431 lucem
2559 1377 2779 1441 habetis,
2811 1393 2873 1431 ne
2921 1376 3145 1431 tenebrae
3178 1393 3265 1431 eos
3313 1375 3755 1447 comprehendant

2169 1466 2350 1538 (Jun.
2380 1483 2478 1531 sn,
2509 1466 2621 1540 '55).
2661 1466 2928 1521 Admonet
2957 1482 3057 1522 nos
3083 1466 3365 1536 Scriptura
3392 1466 3448 1520 in
3493 1466 3599 1521 hoc
3638 1466 3756 1521 loco

2169 1575 2401 1629 semper,
2432 1560 2559 1615 dum
2588 1559 2841 1623 vivimus,
2873 1559 2939 1615 de
2967 1558 3149 1614 futuro
3175 1558 3415 1628 cogitare
3455 1557 3666 1627 judicio
3701 1558 3757 1612 in

2170 1669 2281 1723 quo
2299 1653 2478 1707 omnia
2508 1668 2629 1722 qua:
2656 1650 3367 1722 gessimus,judicabuntur.

2244 1746 2405 1800 Vens.
2443 1744 2528 1797 10.
2555 1774 2621 1784 —
2652 1741 2863 1814 Repelfe
2902 1744 3039 1796 iram
3070 1759 3102 1795 a
3128 1740 3283 1795 corde
3330 1749 3451 1806 tuo,
3506 1750 3555 1794 et
3606 1740 3763 1807 aufer

481 1835 757 1905 propheta
785 1831 877 1901 qui
903 1830 968 1885 de
990 1829 1144 1884 caelis
1173 1828 1419 1885 solebant
1451 1828 1719 1883 visionum
1748 1839 1972 1881 suarum
1994 1823 2069 1878 lu-

2183 1834 2428 1890 malitiam
2453 1852 2485 1887 a
2516 1851 2674 1887 carne
2720 1842 2843 1898 tua,
2876 1833 2998 1902 quia
3040 1831 3391 1885 adolescentia
3434 1839 3487 1884 et
3523 1827 3762 1898 voluptas

484 1941 604 1981 mea
636 1922 902 1993 accipere,
945 1920 1458 1985 eontenebrescent;
1491 1918 1706 1987 quando
1749 1916 2070 1971 claudentur

485 2015 669 2088 templi
708 2015 911 2086 ianuae,
960 2020 1016 2068 et
1043 2011 1419 2068 humiliahitur
1461 2009 1785 2074 Jerusalem,
1822 2016 1879 2064 et
1913 2004 2073 2061 Chal-

484 2114 634 2165 daeus
656 2105 861 2170 veniet,
895 2102 1052 2174 quasi
1080 2111 1239 2157 cantu
1267 2101 1515 2167 volucris,
1548 2102 1624 2156 ita
1649 2098 1901 2155 Ieremia:
1928 2095 2074 2151 voci-

486 2200 587 2254 bus
612 2196 998 2269 pr0phetatus;
1031 2202 1088 2248 et
1114 2193 1457 2247 conticescent
1481 2191 1609 2261 ﬁlia:
1634 2190 1842 2245 Cantici
1862 2190 1916 2243 in
1939 2196 2074 2242 tem-

484 2289 593 2359 plo,
622 2294 678 2342 et
701 2285 1046 2357 psallentium
1073 2284 1254 2349 chori;
1290 2282 1381 2337 illo
1411 2291 1653 2352 tempore
1677 2280 1894 2351 quando
1915 2278 2076 2334 adve-

488 2381 697 2432 olentes
724 2372 1158 2444 Hierosolymam
1184 2372 1285 2442 ipsi
1308 2386 1523 2442 quoque
1539 2372 1724 2426 hostes
1748 2368 1844 2423 Dei
1871 2367 2076 2438 magni—

490 2469 730 2525 tudinem
780 2465 1187 2536 pertimescent,
1236 2471 1292 2518 et
1331 2465 1387 2518 in
1435 2464 1524 2518 via
1570 2461 1940 2517 formidabunt
1981 2474 2078 2531 au-

485 2566 695 2618 dientes
722 2556 1003 2613 interitum
1036 2554 1410 2611 Sennacherib
1448 2554 1596 2625 regis
1635 2552 1982 2623 Assyriorum
2022 2556 2078 2604 et

487 2648 763 2707 exercitus
792 2644 875 2701 sui
906 2642 1063 2717 (Isai.
1107 2643 1340 2716 xxxvn).
1384 2642 1499 2698 Hoc
1545 2641 1692 2697 enim
1735 2640 1942 2695 dictum
1978 2653 2078 2708 pu-

491 2750 645 2797 tant:
675 2739 752 2794 Ab
776 2733 1000 2802 excelso,
1025 2735 1082 2791 id
1102 2743 1206 2803 est,
1233 2751 1265 2790 a
1299 2734 1410 2790 Deo
1434 2734 1785 2790 Hebraeorum
1815 2730 2076 2803 formida-

486 2840 634 2889 bunt.
669 2831 731 2886 1n
759 2828 864 2885 illis
892 2827 1082 2884 diebus
1108 2826 1312 2899 ﬂorebit
1334 2824 1694 2898 amygdalum,
1736 2823 1825 2878 ille
1854 2821 2079 2877 baculus

485 2936 543 2982 et
589 2925 760 2996 virga,
812 2936 978 2992 quam
1023 2918 1290 2977 Jeremias
1332 2919 1388 2974 in
1442 2917 1743 2990 pr0phetiae
1792 2930 1904 2971 sua:
1942 2912 2081 2968 vidit

488 3018 713 3075 exordio
740 3016 958 3088 (Jerem.
984 3031 1026 3080 ι,
1056 3013 1167 3086 ll).
1198 3012 1262 3068 Et
1287 3011 1703 3085 impinguabitur
1731 3008 1956 3073 locusta,
1974 3005 2079 3060 Na-

491 3109 907 3166 buchodonosor
933 3121 1055 3162 cum
1084 3120 1184 3161 suo
1208 3104 1475 3160 exercitu.
1504 3100 1862 3172 Dissipabitur
1888 3114 2081 3168 cappa-

489 3204 583 3268 ris,
613 3199 850 3257 amicitia
870 3198 966 3254 Dei
993 3213 1115 3253 cum
1140 3196 1329 3253 Israel.
1358 3194 1473 3251 Hoc
1496 3162 1676 3249 autem
1700 3199 1873 3247 totum
1901 3187 2082 3244 evenit
2108 3162 2155 3224 ε

490 3294 686 3359 Israel;
715 3292 844 3363 quia
870 3290 1001 3345 abiit
1016 3290 1174 3344 homo
1194 3291 1251 3343 in
1274 3288 1490 3342 domum
1518 3284 1831 3341 azternitatis
1850 3298 1961 3337 sua:
1980 3321 1995 3346 ,
2033 3287 2089 3334 et

493 3382 746 3455 praesidio
776 3380 873 3435 Dei
896 3379 964 3434 ad
984 3378 1234 3434 coelestia
1255 3392 1509 3431 reversus
1529 3383 1634 3430 est.
1664 3375 1781 3440 Quo
1807 3372 2087 3428 habitante

488 3474 548 3530 in
576 3469 929 3529 tabernaculo
969 3482 1089 3533 suo,
1121 3464 1414 3521 circuibunt
1462 3466 1520 3517 in
1562 3462 1738 3534 platea
1785 3460 2087 3532 plangentes

493 3577 658 3638 atque
703 3562 915 3625 ﬁentes,
948 3566 1005 3615 et
1044 3557 1286 3613 hostium
1314 3554 1597 3610 obsidione
1635 3551 1839 3607 vallati.
1876 3549 2087 3605 Luctare

468 3672 626 3730 .ergo
646 3654 817 3713 Israel
841 3653 896 3708 in
912 3651 1199 3723 juventute
1225 3644 1615 3718 prosperitatis
1634 3651 1763 3708 tum,
1804 3651 2085 3710 antequam

461 3728 773 3817 -:ruinpatur
799 3740 1068 3811 funiculus
1094 3747 1409 3809 argenteus;
1441 3736 1546 3791 hoc
1569 3741 1677 3799 est,
1711 3733 1883 3788 donec
1916 3728 2088 3800 gloria

461 3844 676 3894 .vestra
701 3832 982 3889 vobiscum
1010 3837 1114 3886 est.
1156 3831 1449 3901 Antequam
1479 3833 1714 3881 recurrat
1737 3823 1866 3877 uitta
1891 3835 2052 3874 aurea
2069 3857 2084 3881 ,

455 3954 459 3960 -
495 3925 683 3992 iilcest,
726 3929 1019 3993 antequam
1044 3934 1171 3977 arca
1201 3916 1513 3975 testamenti
1552 3912 1853 3970 auferatur.
1900 3910 2090 3965 Prius-

464 4033 652 4085 ,«quam
680 4013 873 4087 hydria
891 4019 1195 4068 conteratur
1213 4008 1283 4064 ad
1310 4006 1528 4077 fontem,
1544 4016 1591 4060 et
1617 4002 1952 4059 convolvatur
1974 4008 2089 4054 rota

462 4157 468 4163 .
492 4126 648 4184 super
673 4110 869 4174 lacum,
897 4107 953 4163 id
978 4113 1085 4171 est,
1114 4104 1286 4159 donec
1306 4102 1361 4156 in
1390 4101 1590 4156 Sancto
1607 4097 1930 4153 Sanctorum
1952 4108 2095 4165 prm-

492 4209 649 4275 cepta
678 4199 832 4271 legis,
882 4204 939 4255 et
982 4194 1157 4254 sancti
1206 4190 1446 4263 Spiritus
1493 4188 1665 4259 gratia
1695 4196 1800 4251 est,
1837 4193 1894 4240 et
1937 4194 2093 4239 ante-

493 4274 655 4369 quam
686 4289 983 4349 revertaris
1008 4288 1061 4346 in
1103 4284 1454 4356 Babylonem,
1489 4280 1631 4335 unde
1666 4292 1919 4349 egressus
1938 4290 2000 4331 es
2035 4274 2090 4328 in

494 4366 691 4444 lumbis
715 4383 980 4448 Abrahte;
1012 4389 1068 4438 et
1090 4378 1321 4450 incipias
1349 4376 1405 4431 in
1437 4369 1826 4442 Mesopotamia
1855 4366 2089 4431 conteri,

495 4480 637 4536 unde
679 4474 960 4547 quondam
1008 4469 1288 4544 profectus
1315 4483 1395 4534 es,
1437 4463 1726 4533 omnisque
1761 4462 1936 4530 gratia
1964 4473 2089 4529 pro-

493 4572 693 4643 phetia:
712 4585 821 4643 qua
836 4567 1116 4640 quondam
1136 4563 1319 4622 fueras
1345 4561 1658 4633 inspiratus,
1692 4560 2000 4610 revertatur
2021 4551 2091 4605 ad

495 4642 745 4718 datorem
768 4674 947 4716 suum.
972 4656 1082 4713 Nos
1104 4670 1235 4711 vero
1255 4652 1468 4717 melius,
1496 4650 1566 4705 ad
1591 4645 1889 4719 superioris
1908 4642 2090 4712 dispu-

497 4753 755 4809 tationem
785 4748 1378 4809 ordinis.revertentes,
1409 4741 1622 4812 singula
1647 4736 1965 4793 conabimur
1993 4747 2089 4787 ex-

484 4849 736 4923 planare.
781 4843 944 4901 Juxta
992 4838 1350 4911 tropologiam
1374 4875 1390 4901 ,
1440 4834 1509 4890 ad
1548 4830 1828 4923 superiora
1866 4823 2087 4911 respicit

493 4919 656 5011 huius
685 4935 909 5007 capituli
952 4946 1167 4996 sensus,
1196 4929 1290 4985 ubi
1314 4929 1393 4983 ait
1427 4944 1441 4983 :
1481 4923 1640 4979 Mane
1669 4919 1870 5011 semina
1894 4930 2084 5011 semen

492 5006 663 5096 tuum,
707 5006 987 5097 etiaespere
1030 5040 1093 5078 ne
1120 5031 1279 5076 cesset
1328 5034 1518 5074 manus
1560 5024 1673 5069 tua.
1699 5008 1855 5078 Quod
1892 5006 2085 5063 intelli-

491 5122 725 5193 gendum
766 5117 937 5175 estin
965 5113 1113 5171 omni
1137 5119 1295 5169 :etate
1320 5111 1461 5166 bene
1486 5119 1611 5163 esse
1654 5099 1983 5165 faciendum,
2026 5104 2084 5154 et

492 5192 547 5269 in
573 5209 825 5268 omnibus
851 5206 1107 5280 operibus
1131 5203 1332 5260 nostris
1350 5199 1447 5256 Dei
1466 5213 1587 5255 esse
1602 5195 1862 5270 judicium
1887 5192 2083 5248 timen-

491 5308 641 5360 dum.
658 5302 799 5358 Dicit
819 5300 966 5358 enim
993 5298 1084 5355 hic
1107 5316 1120 5351 :
1143 5294 1371 5362 Ltetare,
1386 5292 1617 5365 juvenis,
1649 5291 1705 5344 in
1730 5283 2079 5343 adolescentia

491 5406 626 5459 tua;
672 5401 878 5452 etmox
904 5389 1151 5447 addidit:
1195 5386 1264 5442 Et
1302 5386 1361 5442 in
1390 5384 1523 5440 bono
1569 5383 1634 5438 sit
1679 5397 1770 5436 cor
1797 5389 1966 5441 tuum,
2010 5390 2079 5431 ne

494 5499 592 5541 nos
620 5484 687 5541 ad
730 5482 1001 5538 luxuriam
1039 5478 1222 5535 carnis
1265 5476 1475 5533 hortari
1521 5473 1817 5529 videretur.
1849 5468 1981 5523 Tale
2023 5473 2082 5519 et

492 5573 778 5640 Apostolus
822 5572 900 5627 ait
936 5586 951 5624 :
981 5567 1217 5625 Gaudete
1265 5566 1318 5620 in
1353 5565 1574 5618 Domino
1604 5576 1804 5630 semper
1840 5574 1858 5612 :
1889 5558 2076 5609 iterum

489 5664 610 5716 dico
660 5661 880 5729 gaudete
923 5659 1147 5728 (Philip,
1198 5673 1270 5720 iv,
1300 5655 1378 5725 ι).
1424 5654 1572 5710 Felix
1606 5654 1769 5708 homo
1815 5653 1905 5722 qui
1954 5652 2076 5707 lauto

490 5769 674 5817 animo
723 5752 923 5807 bonum
971 5750 1118 5813 facit,
1163 5758 1218 5802 et
1259 5749 1457 5818 gaudet
1490 5750 1544 5803 in
1589 5749 1729 5801 bono
1777 5764 1873 5802 cor
1917 5763 2074 5805 suum

2170 1941 2303 1978 uana
2331 1933 2473 1977 sunt.
2513 1923 2569 1977 In
2606 1923 2685 1976 ira
2732 1936 2921 1976 omnes
2947 1920 3381 1991 perturbationes
3424 1919 3593 1973 animi
3619 1934 3765 1972 con;-

2172 2018 2477 2087 prehcndit,
2506 2018 2558 2071 in
2589 2016 2771 2072 carnis
2799 2016 3004 2071 malitia
3033 2016 3317 2070 universas
3346 2012 3616 2085 signiﬁcat
3641 2026 3763 2066 cor-

2174 2113 2324 2183 poris
2354 2111 2676 2179 voluptates,
2708 2110 2941 2181 relinqui
2989 2108 3223 2166 suadens
3252 2107 3552 2179 juventutis
3593 2106 3764 2170 vitia,

2174 2202 2298 2270 quia
2323 2199 2580 2269 juventus
2601 2199 2926 2269 insipientia:
2955 2199 3204 2267 copulata
3233 2205 3336 2264 est,
3364 2204 3422 2252 et
3457 2198 3652 2252 noxias
3672 2209 3760 2269 ge-

2176 2308 2370 2347 nerare
2401 2291 2537 2346 solet
2554 2290 2877 2359 voluptates.

2778 2381 3005 2438 CAPUT
3042 2381 3155 2436 Xll.

2247 2474 2585 2548 Μήνης.
2618 2473 2731 2528 1-5.
2761 2503 2833 2513 --
2857 2470 3125 2525 Memento
3137 2469 3387 2524 creatoris
3407 2470 3487 2523 tui
3508 2470 3561 2523 in
3585 2469 3765 2525 diebus

2168 2566 2458 2636 juventutis
2492 2573 2597 2619 ture
2620 2603 2636 2629 ,
2681 2573 2959 2634 antequam
2988 2561 3159 2615 veniat
3220 2568 3425 2630 tempus
3474 2559 3764 2630 afﬂictio’nis

2177 2667 2302 2721 tute,
2327 2665 2375 2709 et
2402 2655 2811 2725 appropinquent
2833 2652 2959 2706 anni
2981 2651 3047 2705 de
3078 2650 3265 2721 quibus
3291 2650 3438 2703 dicas
3456 2665 3479 2704 :
3502 2648 3623 2703 Non
3640 2649 3765 2703 milii

2177 2745 2415 2817 placent;
2433 2754 2711 2815 antequam
2735 2742 3087 2798 tenebrcscant
3105 2740 3206 2807 sol,
3222 2750 3271 2795 et
3295 2740 3493 2805 lumen,
3509 2749 3555 2792 et
3578 2738 3765 2805 stelltc,

2179 2850 2226 2894 et
2254 2837 2382 2893 luna
2407 2879 2419 2901 ,
2466 2847 2513 2892 et
2551 2847 2873 2892 revertantur
2909 2836 3069 2891 nubes
3096 2844 3211 2907 post
3254 2835 3519 2907 pluviam;
3559 2835 3764 2905 quando

2181 2930 2633 2985 commovebuntur
2656 2930 2895 2984 custodes
2922 2929 3108 2984 domus
3132 2968 3148 2994 ,
3196 2939 3245 2983 et
3274 2929 3622 2982 mutabuntur
3672 2927 3766 2981 eiri

2183 3024 2474 3095 fortissimi,
2498 3033 2544 3078 et
2578 3026 2759 3079 otiosa:
2778 3033 2927 3079 erant
2954 3024 3203 3079 molentes
3228 3025 3287 3079 in
3298 3026 3499 3077 minuto
3530 3039 3767 3086 numero,

2183 3126 2228 3170 et
2257 3115 2602 3170 tenebrescent
2650 3116 2877 3170 ridentes
2921 3133 3010 3186 per
3054 3115 3338 3187 foramina.
3386 3114 3612 3185 Semper
3658 3128 3769 3168 me~

2186 3220 2369 3267 mento
2407 3211 2669 3268 creatoris
2694 3212 2790 3275 tui,
2815 3219 2872 3265 et
2899 3212 2977 3266 sic
3027 3210 3397 3265 adolescentia:
3442 3208 3581 3261 viam
3638 3222 3768 3279 gra-

2186 3303 2334 3366 dere,
2367 3310 2425 3355 ut
2454 3302 2753 3357 recorderis
2800 3301 2940 3356 viam
2974 3310 3119 3355 tuam
3186 3308 3353 3354 morte
3401 3313 3520 3353 esse
3577 3298 3775 3354 ﬁnien-

2186 3393 2333 3459 dam,
2365 3401 2421 3447 et
2472 3394 2653 3447 omnia
2707 3408 2826 3461 qua:
2873 3393 3125 3463 gesseris,
3156 3390 3461 3460 iudicanda.
3520 3388 3603 3444 Tu
3642 3406 3774 3446 veru

2185 3492 2458 3538 memento
2486 3482 2751 3538 creatoris
2780 3482 2875 3546 tui,
2909 3492 3196 3551 antequam
3238 3481 3334 3535 tibi
3368 3478 3621 3535 adveniat
3645 3489 3773 3533 tem-

2185 3588 2285 3644 pus
2321 3573 2555 3627 tristitire
2604 3581 2660 3627 et
2690 3574 3003 3638 senectutis,
3030 3581 3085 3628 et
3110 3573 3235 3627 anni
3265 3573 3356 3642 qui
3386 3572 3483 3626 tibi
3509 3588 3616 3626 non
3662 3571 3774 3640 pla-

2186 3664 2404 3718 cebunt.
2434 3662 2726 3733 Antequam
2773 3663 3089 3717 tenebresmt
3114 3661 3212 3726 sal,
3244 3673 3292 3715 et
3320 3662 3517 3727 lumen,
3542 3672 3590 3716 et
3613 3660 3771 3723 luna,

2185 3761 2235 3807 et
2261 3751 2454 3818 stellw,
2512 3762 2561 3806 et
2605 3762 2929 3808 revertantur
2962 3753 3121 3806 nubes
3172 3762 3289 3824 post
3337 3752 3589 3823 pluvia”.
3638 3750 3775 3808 Sunt

2186 3844 2331 3899 enim
2351 3844 2443 3913 qui
2467 3843 2657 3908 solem,
2678 3843 2858 3898 lunam
2902 3853 2956 3898 et
2984 3842 3166 3898 stellas
3193 3843 3262 3898 ad
3290 3841 3475 3898 oculos
3511 3855 3776 3910 auresque

2187 3941 2245 3989 et
2281 3933 2474 4004 capitis
2508 3949 2698 3989 sensus
2743 3943 2999 4005 coaptant
3022 3974 3037 4001 ,
3099 3949 3219 4004 quae
3255 3934 3437 3988 omnia
3483 3931 3776 3987 senectutis

2188 4027 2435 4082 molestia
2468 4027 2835 4094 debilitantur,
2867 4029 2993 4099 quia
3049 4028 3276 4083 inferius
3303 4029 3553 4083 videntur
3579 4027 3646 4083 de
3670 4027 3767 4081 bu-

2189 4118 2334 4174 mani
2356 4119 2600 4189 corporis
2626 4120 2884 4174 membris
2922 4120 3038 4175 haec
3082 4120 3258 4175 omnia
3290 4120 3425 4186 dici;
3453 4128 3511 4175 et
3537 4119 3779 4175 custodes

2188 4209 2377 4263 domus
2429 4217 2611 4264 costas
2638 4210 2946 4281 signiﬁcare
2980 4219 3205 4281 putant,
3249 4211 3392 4279 quod
3437 4210 3507 4264 ab
3537 4210 3668 4280 ipsis
3698 4211 3781 4265 in-

2191 4299 2388 4354 testina
2414 4299 2700 4366 vallentur,
2738 4310 2795 4354 et
2818 4308 2930 4354 tota
2958 4301 3164 4356 ventris
3185 4300 3464 4356 mollitudo
3496 4308 3777 4365 servetur;

2192 4391 2327 4445 uiros
2374 4405 2510 4446 vero
2558 4391 2723 4461 fortes
2750 4406 2908 4446 crura
2941 4392 3231 4447 testimant.
3276 4392 3429 4460 Quod
3487 4408 3614 4447 vero
3660 4393 3776 4453 ait:

2194 4479 2392 4535 Otiose?
2419 4491 2569 4536 erunt
2596 4481 2844 4537 molentes
2880 4483 3082 4538 minuto
3112 4498 3326 4538 numero
3354 4524 3369 4547 ,
3420 4483 3490 4538 ad
3537 4482 3780 4538 dentium

2194 4571 2501 4626 referuntur
2523 4571 2722 4638 ofﬁcia,
2764 4573 2907 4643 quod
2954 4589 3080 4629 cum
3108 4585 3354 4630 extrema
3398 4583 3650 4630 senectus
3685 4575 3782 4629 ad-

2190 4660 2421 4726 venerit,
2449 4658 2640 4715 dentes
2667 4669 2761 4716 aut
2787 4662 3109 4717 deteruntur
3135 4704 3150 4729 ,
3204 4673 3298 4718 aut
3345 4663 3706 4732 dejiciuntur,
3746 4679 3778 4717 a

2189 4751 2386 4820 quibus
2409 4753 2682 4823 permoliti
2726 4754 2829 4808 cibi
2874 4754 2929 4808 in
2958 4753 3134 4809 alvum
3163 4756 3635 4819 transmittuntur;
3686 4754 3780 4830 qui

2188 4848 2316 4895 sunt
2361 4841 2541 4908 otiosi,
2575 4843 2699 4912 quia
2735 4841 3107 4898 fortitudinem
3133 4843 3348 4915 corpori
3379 4858 3486 4899 non
3515 4843 3781 4899 submini-

2187 4941 2379 5000 strant,
2403 4935 2496 4991 sed
2534 4937 2903 4993 tantummodo
2955 4939 3023 4992 ad
3071 4939 3261 4994 horam
3313 4939 3423 4995 cito
3476 4938 3781 5009 perituram

2191 5026 2463 5097 paululum
2516 5036 2821 5085 sustentare
2858 5030 3110 5086 videntur
3162 5032 3347 5087 vitam.
3377 5032 3782 5089 Tenebrescere
3818 5044 3853 5091 ι,

2191 5127 2371 5175 autem
2397 5120 2641 5178 videntes
2680 5122 2736 5177 in
2763 5122 3113 5179 foraminibus
3157 5132 3350 5193 putant
3398 5125 3606 5192 oculos,
3633 5126 3781 5197 quod

2188 5210 2354 5265 nimia
2382 5221 2659 5269 senectute
2686 5213 2848 5269 nullis
2873 5213 3096 5283 dubium
3124 5222 3208 5270 est
3237 5215 3475 5288 caligare
3498 5216 3647 5272 acies
3666 5257 3683 5283 ,
3722 5225 3780 5270 et

2187 5304 2461 5361 contuitus
2489 5306 2790 5361 obscurari.

2254 5395 2416 5450 Vens.
2447 5395 2503 5461 4,
2532 5394 2586 5448 5.
2616 5425 2689 5435 -
2719 5395 2790 5450 Et
2842 5395 3083 5452 claudent
3121 5399 3257 5453 ostia
3294 5399 3349 5453 in
3373 5395 3550 5470 platea
3582 5399 3640 5453 in
3676 5399 3769 5452 Itu-

2184 5482 2404 5537 militate
2428 5486 2565 5540 vocis
2589 5485 2851 5554 meientis,
2895 5496 2946 5543 et
2966 5498 3278 5560 consurgent
3326 5488 3397 5543 ad
3421 5505 3598 5546 mem
3623 5489 3780 5545 volu-

2183 5572 2318 5636 cris,
2368 5581 2418 5626 et
2455 5574 2803 5633 obmutescent
2854 5594 3031 5633 omnes
3079 5578 3209 5648 ﬁlire
3246 5580 3536 5635 carminis:
3566 5580 3781 5635 excelsa

2182 5680 2386 5735 quoque
2427 5668 2677 5724 timebunt
2700 5681 2747 5725 et
2788 5670 3148 5740 formidabant
3197 5672 3252 5726 in
3287 5673 3388 5727 ria.
3441 5671 3670 5727 Clausus
3718 5673 3781 5725 in

2179 5755 2372 5828 plateis
2400 5756 2595 5828 januas
2622 5777 2718 5831 pro
2761 5761 2992 5817 inﬁrmis
3039 5776 3227 5817 senum
3275 5765 3550 5834 gressibus
3595 5763 3778 5832 accipi
