4022 6194
386 316 486 371 717

1202 312 1611 370 EX'EGETICA.
1654 341 1724 352 -—-
1762 311 2116 368 COMMENT.
2163 313 2226 367 ΙΝ
2266 305 2790 368 ECCLESIASTEN.

3529 314 3634 374 718

383 426 587 491 volunt,
618 425 762 494 quod
794 439 1006 494 semper
1037 425 1280 489 sedeam,
1309 435 1364 479 et
1396 425 1670 478 ambulare
1708 441 1812 478 non
1835 440 1962 494 pos-
1987 433 2038 490 Α
2063 439 2128 478 ex
2155 427 2331 495 puteis
2358 426 2599 481 levantur
2619 441 2789 494 aquae,
2823 427 2866 478 si
2896 425 3167 480 confracta
3195 427 3353 482 fuerit
3383 471 3396 492 ,
3450 417 3672 486 earum.

383 515 513 579 sint,
544 530 644 569 nec
667 513 1038 585 congaudeant
1087 513 1226 568 ludis
1245 513 1525 580 iuvenum,
1553 514 1643 582 qui
1692 514 1744 566 in
1771 513 1961 582 plateis

383 605 560 660 solent
583 619 724 669 esse,
751 604 845 658 sed
885 603 1064 658 clauso
1101 606 1238 658 ostio
1277 604 1397 658 illos
1430 602 1634 674 fugiant
1671 605 1868 658 videre.
1903 603 1961 657 In

385 692 685 747 humilitate
713 700 892 746 autem
922 693 1070 747 vocis
1098 693 1366 757 inolentis,
1398 693 1464 746 de
1486 693 1733 746 manibus
1760 691 1960 762 [Hier.,

384 781 450 836 de
481 779 824 852 mandibulis]
878 781 1334 849 interpretantur,
1369 785 1512 850 quod
1547 782 1723 835 cibum
1782 781 1964 836 labore

382 870 603 940 proprio
628 869 865 923 invenire
887 885 995 924 non
1007 869 1240 936 valeant,
1264 878 1317 923 et
1331 870 1520 938 spiritu
1541 880 1835 934 coarctato,
1859 886 1963 925 vox

384 962 441 1016 in
472 961 623 1015 senili
653 975 878 1029 corpore
904 961 993 1014 vix
1027 962 1202 1017 tenuis
1227 963 1493 1016 audiatur.
1544 963 1712 1016 Porro
1740 979 1964 1018 consur-

384 1065 512 1124 gere
529 1066 652 1106 eum
669 1051 738 1104 ad
757 1065 943 1104 vocem
958 1051 1189 1105 volucris
1211 1052 1465 1115 ostendit,
1480 1053 1622 1121 quod
1642 1051 1962 1120 frigesceute

385 1141 646 1213 sanguine
669 1148 724 1195 et
751 1143 977 1196 humore
1007 1143 1229 1207 siccato,
1266 1143 1463 1211 quibus
1494 1144 1719 1196 materia
1754 1145 1964 1213 soporis

386 1236 549 1289 alitur
575 1234 775 1306 [Hier.,
803 1235 997 1304 quibus
1022 1235 1260 1288 materiis
1281 1249 1442 1303 sopor
1465 1233 1670 1305 alitur],
1697 1236 1762 1288 ad
1790 1235 1961 1289 levem

386 1328 620 1382 sonitum
647 1326 881 1395 evigilet,
911 1327 1190 1394 noctisque
1211 1325 1420 1389 medio,
1471 1341 1592 1379 cum
1620 1325 1790 1396 gallus
1819 1327 1961 1380 ceci~

387 1418 550 1482 nerit,
573 1416 799 1471 festinus
823 1424 1098 1485 exsurgat,
1136 1430 1471 1484 nequaquam
1499 1415 1684 1469 valens
1712 1415 1764 1468 in
1793 1422 1962 1469 strato

388 1510 581 1580 smpius
634 1509 876 1563 membra
909 1516 1245 1562 convertere.
1307 1506 1668 1560 Obmutescere
1709 1519 1958 1574 quoque,

388 1599 501 1653 sive
529 1604 587 1650 ut
613 1597 804 1650 melius
848 1595 1077 1651 habetur
1100 1596 1154 1648 in
1185 1594 1436 1659 Hebraeo,
1483 1594 1781 1648 surdescere
1821 1593 1961 1662 ﬁlias

388 1685 658 1748 carminis,
687 1699 844 1738 aures
877 1683 1160 1753 signiﬁcat,
1192 1683 1332 1752 quod
1367 1683 1582 1752 gravior
1610 1683 1723 1737 seni
1747 1683 1962 1736 auditus

2065 531 2196 570 usus
2225 517 2564 586 intercipitur
2591 531 2604 568 :
2637 517 2710 569 ita
2745 526 2800 570 et
2833 531 2952 569 cum
2993 515 3262 572 funiculus
3291 519 3500 586 argenti
3522 519 3640 576 fue-

2067 605 2138 657 rit
2161 606 2511 675 interruptus,
2538 615 2592 660 et
2613 607 2804 659 animas
2833 608 2980 661 rivus
3025 610 3255 663 recurrit
3293 609 3359 663 ad
3399 610 3596 666 fontem
3624 653 3642 677 ,

2065 692 2303 749 interibit
2339 696 2519 758 homo,
2546 703 2712 762 utque
2753 695 3091 750 manifestius
3137 699 3399 765 sequitur,
3426 715 3640 754 conver-

2065 795 2199 840 tetur
2224 786 2392 855 pulvis
2415 789 2470 840 in
2500 797 2694 839 terram
2737 803 2885 838 suam
2913 788 3048 842 unde
3073 801 3307 858 sumptus
3335 799 3431 853 est,
3457 801 3503 844 et
3537 794 3644 861 spi-

2065 877 2198 928 ritus
2227 885 2510 930 revertetur
2535 876 2603 928 ad
2640 875 2923 928 Dominum
2952 879 3040 944 qui
3067 879 3206 930 dedit
3238 879 3406 932 illum.
3435 881 3511 933 Ex
3537 896 3644 948 quo

2065 963 2199 1017 satis
2222 964 2427 1017 ridendi
2453 972 2577 1018 sunt
2607 965 2694 1030 qui
2717 971 2906 1030 putant
2944 965 3152 1019 animas
3179 983 3300 1020 cum
3331 970 3644 1035 corporibus

2067 1055 2196 1118 seri,
2229 1063 2284 1107 et
2307 1071 2415 1108 non
2437 1071 2467 1109 a
2504 1056 2632 1116 Deo,
2657 1056 2750 1110 sed
2775 1071 2804 1108 a
2827 1071 3110 1124 corporum
3132 1060 3441 1125 parentibus
3478 1076 3642 1129 gene-

2064 1146 2175 1198 rari
2200 1163 2214 1198 -ε
2253 1162 2374 1200 cum
2399 1147 2542 1199 enim
2567 1161 2694 1200 caro
2726 1155 3027 1201 revertatur
3057 1149 3110 1201 in
3135 1159 3334 1202 terram
3370 1166 3513 1204 suam
3539 1192 3552 1216 ,
3592 1162 3647 1204 et

2065 1235 2288 1301 spiritus
2314 1236 2499 1290 redeat
2518 1237 2585 1289 ad
2608 1235 2796 1301 Deum,
2821 1239 2912 1306 qui
2932 1237 3076 1292 dedit
3104 1239 3270 1301 illum,
3302 1240 3643 1295 manifestum

2064 1333 2148 1376 est
2181 1323 2467 1378 Dominum
2509 1334 2716 1394 patrem
2749 1327 3048 1380 animarum
3074 1343 3216 1393 esse,
3242 1346 3346 1383 non
3378 1331 3642 1385 homines.

2064 1411 2193 1466 Post
2219 1414 2637 1483 descriptionem
2664 1423 2841 1469 autem
2874 1416 3126 1472 interitus
3154 1419 3397 1482 humani,
3424 1419 3646 1487 pulchre

2065 1501 2346 1555 exordium
2375 1503 2499 1556 libri
2524 1505 2608 1557 sui
2634 1514 2900 1573 repetens,
2929 1508 3006 1560 ait
3034 1525 3046 1561 :
3085 1506 3300 1564 Vanitas
3337 1513 3644 1578 vanitatum,

2064 1588 2198 1640 dixit
2221 1588 2582 1655 Ecclesiastes,
2606 1595 2778 1646 omnia
2820 1597 3041 1649 vanitas.
3075 1595 3207 1651 Cum
3247 1600 3390 1652 enim
3421 1611 3648 1656 cunctus

2065 1679 2370 1733 mortalium
2394 1680 2563 1746 labor,
2592 1683 2658 1736 de
2677 1699 2782 1752 quo
2811 1685 2993 1739 intoto
3016 1687 3284 1744 volumine
3312 1691 3645 1759 disputatum

390 1774 502 1838 ﬁat,
530 1784 584 1828 et
611 1774 758 1827 nulla
795 1773 936 1828 inter
954 1788 1114 1828 voces
1141 1773 1280 1827 scire
1306 1772 1482 1827 valeat
1503 1773 1834 1835 discrimina,
1861 1788 1959 1827 nec

2075 1777 2163 1836 est,
2194 1771 2298 1826 huc
2339 1774 2639 1840 perveniat,
2665 1783 2725 1828 ut
2781 1784 3080 1830 revertatur
3127 1779 3302 1848 pulvis
3341 1782 3394 1834 in
3447 1790 3645 1836 terram

367 1883 422 1948 ,ι
443 1868 769 1921 carminibus
803 1865 1079 1920 delectari.
1107 1863 1330 1918 Excelsa
1364 1865 1614 1917 timebunt
1640 1875 1687 1918 et
1715 1864 1965 1933 formida-

388 1958 514 2011 bant
552 1959 606 2010 in
637 1957 738 2021 via,
770 1955 824 2010 id
848 1964 949 2017 est.
981 1956 1147 2009 ardua
1203 1955 1411 2025 ingredi
1458 1971 1564 2009 non
1597 1955 1882 2018 valebunt,
1911 1963 1967 2008 et

388 2048 546 2102 lassis
566 2047 853 2116 poplitibus
899 2060 964 2100 ac
1010 2053 1362 2099 tremescentc
1411 2045 1636 2113 vestigio
1692 2044 1854 2097 etiam
1908 2043 1965 2096 in

390 2138 548 2207 plano
595 2138 786 2191 itinere
822 2135 1178 2200 ﬂuctuantes,
1228 2133 1429 2189 olTensa
1475 2149 1716 2203 gressum
1763 2131 1962 2204 [IIier.,

389 2228 645 2282 ollensam
676 2224 974 2296 gressuum]
1013 2224 1396 2279 formidabant.

462 2319 690 2374 Florebit
718 2319 1071 2389 amygdalum,
1101 2319 1512 2390 impinguabitur
1541 2318 1763 2383 locusta,
1788 2327 1835 2370 et
1859 2317 1968 2374 dis-

391 2411 646 2482 sipabitur
667 2410 1189 2480 capparis,quoniam
1217 2410 1308 2462 ibit
1334 2409 1487 2462 homo
1514 2411 1567 2461 in
1584 2409 1795 2461 domum
1818 2417 1969 2460 wter—

395 2501 572 2554 nitatis
611 2515 742 2564 sum,
774 2507 820 2552 et
867 2499 1155 2553 circuibunt
1183 2500 1234 2552 in
1280 2498 1453 2568 platea
1495 2498 1814 2568 plangentes.
1865 2497 1971 2552 Per

395 2598 764 2668 metaphoram
792 2598 954 2651 etiam
977 2612 1120 2651 nunc
1145 2596 1212 2650 de
1250 2596 1505 2649 membris
1548 2595 1748 2648 nostris
1786 2593 1971 2648 Eccle-

395 2689 574 2743 siastis
595 2703 772 2744 sermo
799 2696 918 2751 est,
967 2688 1106 2757 quod
1135 2703 1257 2742 cum
1285 2693 1535 2742 senectus
1560 2686 1854 2750 advenerit,
1879 2701 1969 2740 ca-

394 2778 550 2849 pillus
584 2777 920 2844 incanuerit,
973 2778 1323 2832 intumuerint
1351 2778 1550 2848 pedes,
1599 2777 1761 2831 libido
1814 2775 1971 2831 refri-

395 2870 587 2938 guerit,
609 2876 662 2922 et
688 2869 848 2923 homo
885 2867 1047 2923 fuerit
1083 2867 1393 2932 dissolutus,
1427 2877 1553 2922 tunc
1583 2875 1883 2922 revertatur
1915 2869 1970 2921 in

398 2971 596 3016 terram
625 2977 775 3016 suam
801 2961 1115 3016 aeternitatis
1156 2977 1287 3026 suae,
1320 2963 1384 3016 ad
1416 2962 1718 3032 sepulcrum
1743 3001 1758 3024 ,
1816 2976 1970 3015 exse-

397 3051 537 3119 quiis
566 3050 666 3104 rite
687 3049 970 3105 celebratis
993 3058 1150 3119 atque
1179 3051 1362 3114 finitis,
1393 3051 1757 3121 plangentium
1781 3051 1834 3104 in
1855 3049 1970 3118 pla-

399 3111 483 3193 tea
524 3141 665 3194 circa
711 3139 1014 3208 sepulcrum
1065 3111 1221 3193 turba
1282 3111 1637 3208 prmcetlehte.
1679 3139 1806 3193 llaec
1841 3111 2042 3193 veroc

400 3228 632 3292 nomina,
668 3227 1022 3298 amygdalum,
1055 3227 1275 3291 locusta,
1309 3235 1364 3280 et
1413 3228 1676 3297 capparis,
1706 3241 1802 3297 per
1828 3226 1968 3297 ﬁgu-

400 3333 514 3371 ram
535 3317 648 3371 seni
677 3317 1026 3382 conveniunt;
1071 3317 1407 3387 amygdalum
1456 3334 1551 3387 pro
1574 3317 1790 3382 canitie,
1818 3317 1969 3372 locu-

399 3417 481 3463 sta
509 3423 607 3476 pro
637 3423 848 3463 crurum
876 3409 1060 3464 dolore
1087 3425 1149 3464 ac
1170 3411 1363 3478 pedum
1391 3419 1619 3475 tumore,
1651 3420 1704 3465 et
1726 3414 1972 3481 capparis

399 3511 498 3567 pro
525 3497 842 3568 l'rigescente
875 3500 1113 3565 libidine,
1141 3504 1432 3556 secundum
1462 3503 1838 3573 etymologiam
1869 3504 1973 3558 He-

401 3589 595 3644 hraicae
619 3591 1089 3660 interpretationis,
1121 3598 1181 3644 ut
1206 3591 1460 3656 diximus,
1481 3593 1595 3647 seni
1624 3595 1969 3648 conveniunt.

403 3678 669 3736 Hactenus
713 3681 1064 3737 Ecclesiastes
1088 3683 1318 3752 plurima
1345 3685 1639 3739 senectutis
1667 3685 1808 3738 mala
1843 3701 1971 3754 pro-

400 3779 635 3836 secutus,
667 3773 731 3827 de
759 3773 863 3828 line
888 3774 1304 3844 uniuscujusque
1339 3776 1572 3830 hominis
1594 3777 1669 3828 ait
1692 3793 1705 3829 :

472 3859 632 3914 Vens.
658 3861 769 3915 6-8.
797 3890 867 3900 —-
896 3863 1184 3932 Antequam
1220 3874 1492 3934 rumpatur
1514 3864 1656 3931 funis
1679 3873 1971 3932 argenteus,

397 3957 447 4000 et
476 3957 709 4000 recurrat
728 3948 850 4000 vitta
877 3965 1057 4013 aurea,
1080 3959 1127 4003 et
1154 3961 1453 4004 conteratur
1472 3951 1659 4020 hydria
1681 3968 1835 4021 super
1859 3953 1976 4021 fon-

399 4047 522 4100 tem,
553 4046 600 4089 et
631 4035 990 4106 confringatur
1015 4046 1127 4090 rota
1180 4056 1334 4108 super
1379 4039 1572 4104 lacum,
1603 4050 1649 4093 et
1693 4051 1980 4095 revertatur

401 4129 569 4200 pulvis
593 4130 647 4182 in
675 4139 866 4182 terram
892 4144 1040 4182 suam
1070 4130 1202 4183 sicut
1225 4139 1356 4194 erat,
1383 4141 1430 4183 et
1455 4132 1667 4200 spiritus
1690 4133 1862 4185 redeat
1909 4132 1978 4185 ad

403 4220 684 4275 Dominum
708 4220 796 4290 qui
837 4221 976 4275 dedit
1002 4220 1171 4276 illum.
1220 4219 1435 4275 Vanitas
1463 4222 1747 4275 vanitatum
1773 4264 1786 4285 ,
1846 4223 1978 4278 dixit

406 4306 780 4373 Ecclesiastes,
828 4309 1064 4364 universa
1095 4310 1314 4363 vanitas.
1362 4306 1670 4364 “evertitur
1699 4312 1765 4366 ad
1818 4327 1978 4381 supe-

407 4399 571 4463 riora,
597 4405 652 4452 et
684 4404 805 4468 post
831 4399 1032 4468 grande
1075 4399 1406 4468 hyperbaton
1436 4397 1599 4469 (quod
1636 4399 1704 4454 ab
1743 4415 1808 4456 eo
1860 4401 1977 4456 loco

406 4490 762 4559 interiecerat,
793 4491 846 4544 in
878 4504 985 4559 quo
1035 4488 1148 4543 ait:
1185 4485 1444 4542 Memento
1491 4489 1740 4543 creatoris
1790 4491 1867 4543 tui
1922 4491 1976 4543 in

405 4579 584 4634 diebus
600 4579 886 4650 juventutis
909 4588 1035 4642 ture,
1067 4589 1340 4648 antequam
1358 4579 1562 4632 veniant
1591 4578 1700 4634 dies
1728 4579 1976 4644 malitia’,

407 4684 454 4726 et
483 4683 755 4743 antequam
785 4671 1132 4726 tenebreseant
1169 4669 1246 4722 sol
1280 4681 1325 4724 et
1356 4667 1516 4742 M5
1544 4669 1692 4737 luna,
1715 4682 1760 4725 et
1790 4671 1976 4736 stellae,

410 4772 538 4827 etc.,
564 4763 616 4815 in
640 4763 723 4816 die
757 4777 858 4832 qua
901 4760 1234 4816 movebuntur
1257 4761 1492 4813 custodes
1535 4759 1740 4831 domus)
1766 4803 1780 4825 ,
1839 4777 1983 4816 nunc

418 4861 647 4924 cceptam
693 4851 1014 4908 sententiam
1066 4851 1228 4908 simili
1290 4851 1393 4905 line
1439 4849 1705 4906 concludit
1752 4853 1979 4907 dicens:

421 4944 708 5012 Antequam
735 4951 1004 5012 rumpatur
1049 4941 1318 5011 funiculus
1342 4944 1560 5012 argenti,
1595 4941 1696 4996 hoc
1722 4941 1805 4996 vel
1859 4942 1988 4996 illud

411 5033 524 5086 ﬂat.
569 5032 857 5089 Funirulus
899 5040 1078 5086 autem
1097 5030 1323 5102 argenti,
1354 5030 1635 5086 candidam
1665 5031 1805 5085 hanc
1825 5031 1987 5084 vitam

412 5129 466 5174 et
494 5121 782 5190 spiramen,
808 5121 952 5190 quod
981 5122 1134 5175 nobis
1154 5138 1185 5176 e
1208 5120 1342 5176 caelo
1374 5119 1626 5175 tribuitur
1650 5158 1666 5184 ,
1712 5120 1946 5174 ostendit
1974 5138 1985 5171 :

417 5228 652 5265 recursus
690 5226 903 5280 quoque
950 5213 1090 5268 vitta
1140 5227 1314 5266 aurea:
1339 5250 1354 5276 ,
1403 5210 1639 5264 animam
1675 5207 1946 5280 signiﬁcat
1973 5247 1988 5272 ,

413 5315 534 5369 quae
565 5301 690 5355 illuc
719 5301 949 5356 recurrit
981 5301 1121 5355 unde
1155 5301 1523 5356 descenderat.
1552 5300 1722 5354 Porro
1750 5299 1856 5353 duo
1900 5315 1988 5353 rc-

413 5388 561 5458 liqua
590 5405 708 5458 qua:
742 5399 1059 5460 sequuntur,
1089 5390 1338 5444 contritio
1361 5391 1562 5460 hydria:
1577 5405 1738 5460 super
1766 5388 1990 5454 fontem,

414 5487 470 5534 et
495 5479 791 5535 contractio
840 5488 970 5535 rotae
1000 5495 1164 5549 super
1209 5479 1382 5533 lacum
1411 5519 1425 5543 ,
1472 5497 1567 5548 per
1622 5481 1992 5550 metaphoram

417 5571 608 5624 mortis
627 5571 912 5640 aenigmata
943 5578 1065 5625 sunt
1099 5588 1110 5622 :
1159 5584 1264 5638 quo
1299 5570 1456 5622 modo
1483 5571 1624 5624 enim
1651 5573 1841 5641 hydria
1875 5589 1994 5642 qum.

417 5660 716 5713 conteritur
744 5671 920 5716 cessat
947 5661 1190 5724 haurire;
1233 5668 1285 5711 ct
1312 5666 1446 5717 rota,
1466 5673 1562 5726 per
1593 5675 1751 5726 quam
1782 5662 1848 5714 de
1878 5663 1993 5716 lacu

2063 1876 2236 1926 suam,
2267 1871 2321 1915 et
2345 1864 2520 1917 anima
2548 1865 2674 1919 illuc
2701 1865 2886 1920 redeat
2910 1868 3051 1920 unde
3098 1880 3371 1939 assumpta
3396 1882 3500 1936 est,
3533 1889 3648 1926 ma-

2064 1971 2181 2025 gna:
2206 1958 2459 2011 vanitatis
2504 1972 2590 2012 res
2625 1973 2742 2013 esse
2766 1959 3000 2024 videtur,
3034 1961 3088 2014 in
3115 1961 3293 2016 δωρειιὶ
3322 1963 3527 2018 deliciis
3563 1973 3646 2018 at-

2063 2060 2168 2113 que
2200 2046 2429 2100 luxuriis
2461 2049 2642 2102 carnis
2683 2056 2794 2101 tota
2833 2049 3081 2104 laborare
3138 2052 3437 2107 intentione
3461 2095 3474 2118 ,
3527 2071 3649 2123 qua:

2065 2135 2324 2189 citissima
2353 2143 2526 2189 morte
2552 2136 2842 2199 liniuntur;
2881 2145 2936 2192 et
2965 2139 3126 2192 homo
3165 2141 3232 2194 ad
3279 2139 3542 2209 judicium
3571 2143 3652 2197 fe-

2066 2221 2229 2275 stinat
2257 2237 2354 2290 pro
2374 2223 2623 2277 omnibus
2645 2224 2897 2279 vanitatis
2924 2241 3035 2280 sua:
3069 2229 3286 2282 erratis.
3315 2228 3390 2284 De
3423 2246 3481 2286 se
3531 2232 3648 2302 ipso

2066 2325 2278 2378 quoque
2307 2309 2602 2378 subjunxit,
2636 2314 2758 2383 quis
2783 2321 2948 2378 esset,
2974 2316 3194 2370 dicens:

2139 2401 2299 2454 Vens.
2334 2401 2498 2465 9,10.
2522 2402 2840 2472 —-Cumque
2897 2404 3238 2460 Ecclesiastes
3276 2418 3404 2463 esset
3441 2413 3649 2482 sapiens

2067 2490 2329 2553 tissimus,
2375 2490 2551 2542 docuit
2577 2491 2824 2560 populum
2849 2531 2864 2556 ,
2905 2502 2953 2544 et
2991 2496 3252 2547 enarravit
3280 2513 3396 2565 quin
3418 2499 3648 2566 fecerat;

2068 2587 2115 2631 et
2145 2580 2460 2648 investigans
2485 2581 2769 2648 composuit
2808 2579 3087 2649 parabolas
3130 2582 3322 2636 multas
3347 2624 3362 2648 ,
3410 2590 3651 2655 qua’sivit

2069 2667 2222 2721 verba
2263 2667 2414 2721 utilia
2438 2708 2453 2732 ,
2505 2678 2554 2721 et
2593 2671 2895 2738 conscripsit
2937 2687 3196 2725 sermones
3236 2676 3546 2731 rectissimos
3587 2697 3650 2732 ac

2070 2760 2280 2812 veritate
2299 2759 2497 2830 plenos.
2540 2760 2694 2815 Nunc
2737 2762 2900 2814 etiam
2949 2763 3034 2818 his
3075 2767 3250 2820 verbis
3291 2780 3548 2837 provocat
3575 2773 3652 2826 le-

2072 2858 2279 2903 ctorem
2306 2889 2321 2914 ,
2377 2850 2690 2920 allegoriam
2732 2867 2973 2920 quaerere
3021 2854 3075 2907 in
3122 2855 3272 2910 libris
3321 2859 3433 2913 suis
3479 2863 3650 2932 magis

2071 2958 2232 3012 quam
2288 2943 2588 3014 simplicem
2633 2945 2953 2999 historiam:
2997 2953 3049 3000 et
3116 2947 3413 3004 doctrinam
3454 2954 3650 3023 populo

2071 3038 2327 3107 prodesse
2357 3052 2531 3101 suam,
2556 3037 2601 3090 si
2641 3037 2866 3107 mystice
2894 3038 3317 3108 intelligereutur
3345 3046 3649 3111 proverbia,

2074 3129 2218 3183 aliud
2247 3130 2504 3184 habentes
2533 3130 2586 3182 in
2618 3129 2847 3183 medulla
2866 3168 2880 3193 ,
2909 3130 3052 3184 aliud
3089 3133 3369 3200 superﬁcie
3397 3135 3652 3203 pollicen-

2073 3234 2174 3276 tes.
2211 3222 2502 3276 Proverbia
2550 3221 2747 3290 quippe
2791 3236 2896 3274 non
2938 3222 3041 3276 hoc
3093 3237 3283 3276 sonare
3334 3225 3474 3293 quod
3519 3227 3654 3280 scrin

2073 3321 2222 3380 ptum
2246 3320 2349 3378 est,
2383 3320 2437 3366 et
2463 3312 2514 3364 in
2544 3310 2835 3380 Evangelia
2863 3312 3151 3366 edocemur
3170 3353 3184 3378 ,
3224 3314 3363 3382 quod
3396 3314 3654 3369 Dominus

2072 3403 2268 3472 populo
2292 3403 2345 3456 in
2373 3402 2646 3472 parabolis
2686 3410 2740 3455 et
2787 3403 2840 3456 in
2866 3403 3162 3471 proverbiis
3201 3405 3270 3457 sit
3305 3403 3530 3469 locutus,
3562 3421 3650 3460 se-

2074 3501 2224 3548 creto
2249 3501 2426 3546 autem
2455 3491 2714 3562 apostolis
2735 3493 3037 3545 dissolverit
3062 3506 3124 3544 ea
3155 3491 3366 3562 (Matth.
3393 3509 3513 3559 xm,
3538 3495 3648 3568 15).

2075 3587 2153 3640 Ex
2179 3602 2284 3657 quo
2313 3586 2658 3640 manifestum
2682 3592 2768 3637 est
2789 3593 2844 3638 et
2868 3585 3270 3652 proverbiorum
3297 3586 3491 3642 librum
3517 3574 3649 3655 non,

2073 3684 2134 3728 ut
2157 3675 2426 3742 simplices
2451 3676 2815 3738 arbitrantur,
2863 3675 3098 3742 patentia
3127 3675 3326 3730 habere
3363 3690 3649 3751 praecepta,

2076 3768 2170 3821 sed
2194 3766 2347 3833 quasi
2377 3766 2428 3818 in
2458 3774 2600 3819 terra
2631 3780 2844 3829 aurum,
2868 3766 2920 3819 in
2949 3782 3085 3822 nuce
3109 3769 3329 3824 nucleus
3349 3809 3363 3836 ,
3391 3772 3444 3825 in
3473 3773 3651 3828 hirsu-

2078 3857 2147 3909 tis
2176 3863 2551 3909 castanearum
2578 3855 2848 3923 operculis
2869 3855 3214 3912 absconditus
3239 3859 3444 3914 fructus
3471 3863 3649 3931 inqui-

2079 3945 2239 4006 ritur,
2270 3943 2343 3995 ita
2374 3943 2429 3996 in
2478 3943 2558 3997 cis
2601 3943 2839 3996 divinum
2885 3958 3099 3996 sensum
3129 3943 3288 3999 altius
3311 3959 3652 4014 perscrutan-

2078 4032 2224 4088 dum.
2263 4032 2392 4085 Post
2435 4032 2547 4086 haec
2574 4031 2778 4086 addidit
2802 4032 2966 4086 etiam
3000 4046 3189 4086 causas
3214 4041 3540 4104 naturasque
3569 4053 3654 4091 re-

2081 4138 2238 4186 rum,
2284 4131 2338 4176 et
2364 4122 2459 4176 Dei
2505 4121 2929 4191 dispositionem,
2977 4130 3030 4178 et
3071 4123 3434 4192 prudentiam,
3483 4141 3651 4194 quare

2080 4213 2516 4283 unumquodque,
2554 4212 2634 4267 vel
2664 4227 2769 4280 quo
2798 4214 2956 4268 modo
2984 4212 3183 4268 factum
3209 4215 3300 4281 sit,
3332 4230 3390 4270 se
3418 4216 3652 4271 voluisse

2082 4318 2428 4374 cognoscere.

2151 4399 2313 4451 Vnus.
2359 4396 2442 4448 ll.
2471 4426 2541 4435 —
2585 4393 2746 4449 Verba
2774 4395 3084 4465 sapientium
3111 4406 3165 4450 ut
3187 4397 3406 4464 stimuli,
3433 4409 3479 4453 et
3502 4404 3654 4470 quasi

2082 4486 2210 4540 clavi
2237 4487 2292 4538 in
2315 4483 2480 4537 altum
2505 4483 2686 4552 deﬁxi,
2726 4499 2843 4553 quae
2873 4501 2962 4553 per
2986 4485 3352 4554 magistrorum
3378 4490 3658 4545 consilium

2083 4573 2208 4626 data
2251 4581 2372 4625 sunt
2401 4589 2435 4624 a
2462 4580 2668 4642 pastore
2714 4587 2837 4625 uno.
2905 4571 2982 4626 Ne
3026 4573 3299 4630 videretur
3332 4586 3456 4646 post
3485 4578 3660 4650 legem

2087 4661 2181 4714 Dei
2204 4661 2526 4715 temerarius
2569 4660 2744 4715 subito
2794 4662 2848 4714 in
2897 4671 3222 4732 prmeeptum
3273 4679 3573 4736 erumpere,
3610 4679 3666 4722 et

2087 4752 2189 4805 sibi
2227 4751 2502 4805 vindicare
2532 4750 2852 4816 doctrinam,
2899 4753 3040 4820 quod
3070 4751 3269 4823 [Hier.,
3298 4754 3482 4828 quam]
3511 4756 3661 4826 Moy-

2088 4855 2173 4895 ses
2215 4856 2320 4895 non
2351 4850 2460 4894 tam
2509 4856 2606 4894 sua
2641 4850 2832 4910 sponte
2861 4856 3021 4910 quam
3069 4857 3101 4894 a
3138 4843 3266 4908 Deo,
3303 4844 3526 4914 jubente
3553 4845 3665 4916 pri-

2089 4945 2235 4983 mum
2263 4929 2458 4984 dehinc
2485 4929 2801 4999 inspirante,
2830 4940 3171 4998 susceperat,
3203 4934 3332 4988 dicit
3357 4950 3455 4990 sua
3496 4935 3662 4990 verba

2088 5034 2215 5074 vere
2243 5035 2365 5076 esse
2395 5021 2739 5090 sapientium,
2770 5036 2889 5090 quae
2910 5023 2962 5075 in
2987 5023 3386 5082 similitudinem
3412 5028 3659 5082 stimulo-

2089 5127 2209 5164 rum
2253 5113 2528 5183 corrigant
2577 5111 2987 5182 delinquentes,
3035 5122 3090 5166 et
3126 5115 3306 5183 pigros
3353 5116 3661 5171 mortalium

2090 5214 2308 5270 gressus
2351 5201 2536 5254 aculeo
2578 5209 2848 5270 pungente
2889 5211 3298 5268 oommoveant,
3342 5206 3526 5275 sicque
3551 5208 3667 5260 sint

2093 5291 2257 5354 ﬁrmi,
2284 5292 2435 5360 quasi
2467 5289 2650 5362 [clavi]
2683 5292 2735 5344 in
2769 5291 2936 5345 altum
2977 5291 3311 5364 solidumque
3340 5295 3497 5351 defixi
3518 5338 3532 5362 ,
3564 5312 3665 5352 nec

2094 5383 2412 5436 auctoritate
2439 5383 2598 5435 unius
2623 5421 2637 5444 ,
2688 5382 2780 5435 sed
2815 5382 3038 5436 consilio
3074 5391 3234 5452 atque
3261 5400 3522 5441 consensu
3553 5402 3668 5442 ma-

2092 5477 2380 5546 gistrorum
2423 5473 2658 5528 omnium
2697 5472 3065 5543 proferantur;
3113 5484 3170 5530 et
3204 5492 3270 5530 ne
3297 5487 3668 5535 contemnere-

2096 5577 2182 5621 tur
2207 5567 2479 5621 hominum
2506 5564 2752 5627 scientia,
2783 5565 2874 5627 ait,
2907 5580 3026 5618 eam
3066 5567 3134 5620 ab
3169 5582 3275 5621 uno
3300 5577 3516 5639 pastore
3537 5584 3668 5625 οοη.

2097 5676 2304 5715 cassam
2338 5680 2348 5712 :
2380 5660 2429 5714 id
2460 5665 2562 5722 est,
2589 5671 2708 5717 cum
2739 5656 2950 5726 plurimi
2981 5657 3244 5732 doceant,
3267 5671 3444 5717 tamen
3467 5661 3668 5718 doctrie
