4020 6186
349 413 363 449 t

408 363 510 417 719

1273 354 1333 407 Β.
1376 353 1437 409 F.
1479 352 1702 408 ALBlNl
1741 352 1872 409 SEU
1911 353 2184 410 ALCL’INI
2222 352 2507 410 OPEBUM
2541 354 2721 410 PARS
2756 350 2819 410 ll.

3565 358 3664 413 720

353 463 367 494 ⁴
393 456 485 529 ita:
520 471 679 541 hujus
715 476 902 523 auctor
928 466 1023 520 est
1044 464 1321 520 Dominus.
1387 465 1665 535 Simulque
1694 467 1987 521 notandum
2019 475 2060 530 Α
2090 464 2268 521 cibum
2294 473 2497 529 autem,
2527 474 2582 520 et
2603 475 2810 535 potum,
2837 472 2893 520 et
2917 464 3137 521 delicias
3165 471 3506 524 transeuntes
3530 483 3671 539 pra:-

399 560 657 633 estquod
702 558 953 614 dicantur
1001 556 1166 611 verba
1208 556 1532 626 sapientium
1558 570 1828 627 pungere,
1877 571 1984 611 non

399 653 649 726 palpare,
682 662 784 704 nec
815 646 961 701 melli
1002 661 1170 701 manu
1218 646 1490 701 attrahere
1529 644 1803 701 lasciviam
1828 688 1844 711 ,
1890 646 1987 701 sed

400 742 706 805 errantibus
724 747 780 795 et
809 738 889 812 (ut
911 753 1083 810 supra
1131 737 1384 809 diximus)
1420 737 1622 802 tardis,
1658 737 1988 807 pmnitentim

399 838 613 894 dolores
661 843 718 892 et
760 833 1266 905 vulnusinﬂigere.
1333 834 1391 889 Si
1438 833 1591 903 cujus
1613 835 1776 906 igitur
1806 850 1986 890 sermo

398 946 505 987 non
528 930 740 1002 pungit,
772 929 867 984 sed
891 927 1307 983 oblectationem
1336 925 1467 980 facit
1488 925 1851 990 audientibus,
1881 926 1986 980 iste

398 1037 505 1077 non
530 1030 617 1077 est
640 1034 821 1076 sermo
843 1018 1121 1087 sapientis.
1158 1016 1322 1071 Verba
1347 1017 1658 1087 sapientium
1684 1026 1740 1070 ut
1764 1015 1984 1079 stimuli,

398 1111 653 1181 quoniam
683 1110 752 1164 ad
791 1108 1199 1164 conversionem
1232 1114 1530 1177 provocant
1567 1107 1984 1175 delinquentcm,

399 1208 454 1253 et
482 1197 695 1252 ﬁrmata
719 1204 864 1262 sunt,
896 1204 951 1251 et
977 1211 1008 1249 a
1034 1195 1260 1250 consilio
1290 1202 1599 1248 sanctorum
1626 1193 1751 1247 data
1771 1232 1784 1257 ,
1826 1200 1986 1261 atque

400 1292 470 1345 ab
495 1305 602 1345 uno
622 1296 842 1360 pastore
866 1301 1154 1350 concessa,
1182 1293 1239 1339 et
1261 1284 1429 1340 solida
1459 1285 1642 1339 radice
1670 1282 1911 1338 fundata.

471 1378 633 1433 Vnus.
660 1376 746 1429 12.
762 1404 830 1415 —
846 1373 946 1428 His
971 1372 1217 1445 amplius,
1231 1372 1309 1441 ﬁli
1324 1374 1417 1438 mi,
1436 1390 1499 1427 ne
1515 1374 1769 1443 requiras,
1791 1373 1988 1441 facien-

398 1474 453 1525 di
475 1470 650 1542 plures
678 1468 837 1524 libros
860 1468 1034 1524 nullus
1060 1478 1133 1523 est
1156 1469 1300 1537 ﬁnis,
1330 1469 1669 1540 frequensque
1691 1468 1985 1533 meditatio,

399 1562 574 1616 carnis
604 1560 825 1631 afﬂictio
854 1569 949 1614 est.
994 1559 1250 1629 Exceptis
1281 1559 1367 1614 his
1401 1558 1583 1613 verbis
1628 1573 1749 1628 qum
1788 1559 1856 1613 ab
1879 1573 1986 1612 uno

398 1660 617 1720 pastore
629 1659 755 1705 sunt
773 1652 921 1715 data,
942 1656 998 1703 et
1019 1664 1047 1702 a
1063 1649 1288 1703 consilio
1312 1657 1473 1717 atque
1495 1663 1760 1704 consensu
1778 1649 1987 1717 sapien-

401 1744 555 1808 tium,
594 1741 726 1797 nihil
750 1740 939 1805 facias,
969 1739 1103 1794 nihil
1126 1739 1219 1793 tibi
1239 1740 1510 1805 vindices;
1541 1739 1987 1811 majorumm

2089 552 2255 609 ferret
2282 554 2551 619 omnibus,
2581 570 2647 609 ex
2682 570 2790 609 uno
2825 554 3060 624 capitulo
3087 557 3354 612 meruis-re
3381 560 3675 615 auctorita-

2085 652 2194 700 tem
2220 653 2282 699 ut
2323 645 2376 698 in
2412 645 2715 699 divinorum
2745 643 3076 699 voluminum
3102 659 3330 699 numero
3358 656 3670 716 poneretur,

2085 738 2229 809 quod
2255 745 2424 793 totam
2464 738 2885 808 disputationem
2930 751 3083 791 suam
3104 777 3119 802 ,
3148 744 3206 791 et
3228 751 3444 792 omnem
3468 740 3673 796 catalo—

2086 845 2213 901 gum
2238 828 2339 885 sub
2380 829 2485 883 hac
2536 826 2979 897 recapitulatione
3005 825 3326 882 brevissima
3358 838 3672 884 coarctave-

2086 920 2177 984 rit,
2208 927 2264 974 et
2288 918 2486 974 dixerit
2511 958 2527 983 ,
2570 932 2785 973 omnem
2829 931 3137 972 sermonum
3177 931 3398 972 suorum
3427 920 3670 974 auditum

2086 1022 2205 1063 esse
2229 1008 2689 1078 promptissimum
2713 1047 2727 1069 ,
2764 1021 2865 1062 nec
2891 1007 3095 1077 aliquid
3124 1008 3178 1062 in
3208 1023 3268 1063 se
3300 1008 3503 1065 habere
3532 1010 3671 1065 difﬁ-

2085 1098 2207 1163 cile,
2239 1106 2299 1152 ut
2330 1098 2535 1153 scilicet
2574 1098 2741 1151 Deum
2787 1098 3108 1162 timeamus,
3141 1105 3198 1151 et
3244 1095 3363 1166 ejus
3401 1109 3672 1169 praecepta

2085 1189 2367 1243 faciamus.
2407 1188 2490 1242 Ad
2535 1188 2638 1243 hoc
2680 1187 2825 1241 enim
2847 1202 2968 1242 esse
3008 1187 3281 1242 hominem
3325 1196 3568 1243 creatum
3593 1197 3671 1251 ut,

2085 1276 2398 1332 Creatorem
2430 1293 2587 1332 suum
2618 1277 2941 1348 intelligens,
2988 1284 3281 1333 veneretur
3326 1292 3451 1333 eum
3501 1288 3673 1343 metu,

2086 1375 2141 1421 et
2165 1368 2406 1430 honore,
2458 1374 2513 1421 et
2555 1381 2721 1436 opere
2763 1366 3164 1423 mandatorum.
3223 1366 3502 1437 Siquidem
3550 1382 3674 1423 cum

2077 1460 2265 1529 judicii
2294 1469 2507 1530 tempus
2536 1460 2853 1526 advenerit,
2890 1460 3153 1529 quidquid
3201 1474 3233 1513 a
3276 1459 3431 1515 nobis
3458 1468 3674 1531 gestum

2085 1559 2188 1615 est,
2216 1558 2363 1605 stare
2391 1549 2493 1604 sub
2512 1548 2711 1618 judice,
2738 1558 2794 1603 et
2813 1550 3104 1619 ancipitem
3125 1550 3334 1604 Domini
3358 1558 3677 1620 exspectare

2085 1641 2409 1695 sententiam
2436 1680 2449 1705 ,
2492 1648 2549 1693 et
2598 1653 3036 1709 unumquemque
3084 1640 3324 1709 recipere
3363 1655 3463 1710 pro
3510 1654 3676 1709 opere

2086 1746 2203 1796 suo,
2236 1730 2351 1784 sive
2383 1729 2511 1784 mali
2538 1729 2666 1798 quid
2704 1729 2960 1799 gesserit,
2992 1729 3103 1784 sive
3124 1729 3271 1795 boni,
3299 1729 3487 1797 judicii
3507 1729 3677 1798 requi-

397 1849 624 1905 sequere
634 1834 859 1902 vestigia
881 1834 1023 1888 etab
1040 1848 1227 1888 eorum
1256 1834 1579 1889 auctoritate
1599 1850 1665 1889 ne
1689 1834 1982 1903 discrepes,

2091 1832 2203 1879 tate
2235 1836 2589 1893 permansura
2618 1822 2670 1875 in
2695 1829 2958 1876 aeternum
2987 1834 3036 1873 ει.

398 1925 635 1995 alioquin
684 1923 948 1995 quaarenti
966 1923 1160 1987 multa,
1185 1922 1426 1978 infinitus
1447 1923 1706 1978 librorum
1729 1937 1986 1977 numerus

397 2023 678 2081 occurret,
709 2015 802 2085 qui
843 2022 895 2069 te
924 2014 1207 2084 pertrahat
1255 2014 1322 2068 ad
1367 2029 1611 2068 errorem
1636 2023 1691 2068 et
1722 2014 1986 2083 legentem

376 2107 599 2162 frustra
640 2106 804 2160 faciat
854 2104 1121 2159 laborare.
1165 2104 1261 2158 Vel
1312 2100 1459 2158 certe
1504 2105 1661 2159 docet
1704 2102 1986 2158 brevitatis

396 2199 632 2254 studium
659 2237 674 2262 ,
723 2204 780 2251 et
817 2210 1039 2251 sensum
1090 2194 1264 2265 magis
1307 2193 1621 2248 sectandum
1672 2207 1795 2248 esse
1823 2208 1984 2262 quam

358 2310 361 2315 ·
395 2288 561 2343 verba
596 2287 857 2342 adversus
882 2285 1228 2355 philosophos
1255 2292 1311 2338 et
1345 2285 1528 2338 saeculi
1558 2283 1717 2353 hujus
1748 2293 1988 2339 rectores

397 2378 600 2451 [ωιτη
632 2374 943 2447 doctores],
995 2374 1085 2444 qui
1118 2388 1343 2429 suorum
1372 2374 1684 2444 dogmatum
1722 2373 1988 2429 falsitates

395 2478 664 2525 conantur
688 2481 937 2523 asserere
983 2466 1244 2520 varietate
1293 2479 1357 2518 ac
1403 2464 1741 2519 multitudine
1781 2479 1989 2519 sermo-

399 2574 548 2614 num.
633 2556 703 2611 Et
755 2562 968 2619 contra,
1020 2552 1305 2623 Scriptura
1358 2552 1538 2606 divina
1586 2552 1735 2613 brevi
1786 2552 1988 2607 circulo

399 2654 675 2705 coarctata
702 2654 807 2711 est,
836 2653 892 2699 et
918 2651 1179 2714 quantum
1217 2643 1473 2697 dilatatur
1499 2643 1553 2696 in
1575 2643 1843 2707 sensibus,
1869 2650 1990 2696 tan-

394 2752 510 2797 tum
556 2740 611 2795 in
652 2752 903 2796 sermone
932 2735 1352 2806 constringitur,
1384 2735 1527 2804 quod
1557 2742 1989 2790 consummatum

392 2834 804 2903 breviatumque
855 2844 1161 2886 sermonem
1204 2827 1370 2883 faciat
1410 2828 1668 2883 Dominus
1693 2843 1857 2897 super
1885 2835 1989 2881 ter-

351 2950 358 2955 ·
395 2942 547 2991 ram,
603 2932 660 2980 et
695 2923 920 2978 verbum
963 2920 1079 2989 ejus
1118 2918 1275 2987 juxta
1310 2928 1396 2975 est
1429 2921 1484 2975 in
1514 2935 1608 2975 ore
1635 2928 1823 2975 nostro
1856 2928 1911 2974 et
1934 2920 1987 2973 in

397 3014 563 3071 corde
612 3020 801 3067 nostro
833 3009 1007 3080 (Deut.
1040 3024 1169 3074 xxx,
1202 3008 1312 3080 14).
1369 3009 1523 3064 llunc
1563 3010 1729 3080 igitur
1766 3025 1988 3065 sensum

395 3104 638 3159 arbitror
661 3114 805 3156 nunc
836 3106 1182 3169 przeceptum,
1208 3114 1275 3155 ne
1296 3100 1479 3170 plures
1496 3100 1618 3154 libri
1643 3100 1777 3155 ﬁant
1799 3119 1811 3154 :
1832 3101 1989 3170 quid-

394 3195 528 3265 quid
560 3192 704 3248 enim
737 3191 959 3257 dixeris,
994 3191 1042 3245 si
1073 3192 1140 3246 ad
1168 3207 1291 3246 eum
1322 3190 1592 3247 referatur
1626 3198 1718 3262 qui
1758 3194 1815 3247 in
1841 3194 1987 3264 prin-

398 3287 535 3356 cipio
563 3293 676 3339 erat
711 3284 931 3338 Verbum
958 3283 1098 3354 apud
1140 3284 1307 3337 Deum
1330 3324 1344 3348 ,
1374 3293 1421 3337 et
1446 3284 1587 3338 Deus
1616 3294 1729 3338 erat
1764 3282 1987 3339 Verbum

400 3374 585 3445 (Joan.
619 3390 662 3438 ι,
694 3373 791 3448 ,1);
819 3387 987 3426 unum
1028 3371 1280 3426 volumen
1312 3379 1428 3436 est,
1480 3372 1899 3428 innumerabiles
1925 3374 1989 3427 li-

397 3465 518 3531 bri;
562 3478 669 3519 una
696 3462 805 3527 lex,
834 3475 1003 3516 unum
1031 3458 1384 3530 Evangelium
1414 3461 1739 3515 nominatur.
1770 3462 1922 3528 Quod
1943 3465 1987 3518 si

394 3555 607 3611 diversa
659 3559 716 3607 et
759 3549 1122 3619 discrepantia
1151 3548 1542 3618 disputaveris,
1594 3557 1650 3604 et
1675 3549 1988 3605 curiositate

397 3645 565 3700 nimia
593 3646 703 3700 huc
728 3649 890 3711 atque
917 3640 1044 3694 illuc
1075 3639 1313 3694 animum
1338 3638 1625 3694 adduxeris
1645 3680 1659 3704 ,
1703 3648 1758 3695 et
1784 3639 1984 3712 [Hier.,

395 3731 584 3802 etiam]
642 3731 697 3784 in
722 3743 832 3783 uno
858 3728 997 3784 libro
1042 3728 1197 3784 multi
1229 3728 1351 3784 libri
1384 3736 1549 3794 sunt,
1598 3728 1738 3785 unde
1785 3731 1986 3786 dictum

395 3828 528 3875 est:
575 3819 661 3873 Ex
704 3816 1037 3889 multiloquio
1067 3833 1171 3872 non
1226 3819 1441 3890 e/Iugies
1485 3832 1753 3891 peccatum
1803 3821 1983 3894 (Prov.

392 3927 454 3977 ι,
496 3909 609 3981 19).
652 3908 872 3965 Talibus
918 3909 1085 3980 igitur
1132 3905 1286 3965 libris
1334 3926 1441 3966 non
1471 3921 1556 3967 est
1584 3912 1706 3968 ﬂnis
1741 3932 1753 3966 :
1785 3913 1987 3969 bonum

354 4036 357 4039 -
394 4000 541 4057 enim
565 3998 816 4055 etomnis
846 3999 1050 4055 veritas
1071 4007 1223 4055 certo
1251 3999 1357 4056 ﬂne
1386 4002 1746 4069 concluditur,
1779 4005 1986 4060 malitia

397 4099 559 4160 atque
583 4089 927 4146 mendacium
957 4089 1075 4144 sine
1098 4088 1205 4144 fine
1233 4098 1390 4155 sunt;
1428 4091 1550 4146 talis
1579 4092 1844 4161 siquidem
1873 4109 1987 4149 me-

372 4181 582 4239 ditatio
605 4182 787 4238 carnis
806 4189 891 4236 est
915 4180 1156 4246 afﬂictio,
1181 4182 1236 4236 id
1262 4190 1345 4237 est
1364 4184 1598 4237 carnalis
1637 4201 1850 4252 sensus,
1880 4203 1984 4242 non

387 4276 679 4350 spiritalis.

463 4369 627 4424 Vnus.
687 4366 774 4431 15,
825 4365 1006 4419 M.—
1048 4363 1237 4418 Finem
1275 4364 1517 4435 loquendi
1567 4382 1743 4421 omnes
1790 4370 1988 4438 pariter

372 4459 672 4515 :audiamus
700 4474 718 4513 :
746 4458 917 4512 Deum
938 4459 1082 4522 time,
1112 4466 1158 4512 et
1183 4457 1435 4512 mandata
1468 4459 1583 4529 ejus
1610 4460 1823 4515 observa
1848 4477 1866 4516 :
1888 4462 1984 4517 hoc

368 4565 468 4609 est
493 4550 663 4605 omnis
691 4550 846 4604 homo
877 4564 893 4602 :
922 4559 968 4603 et
992 4558 1180 4603 cuncta
1215 4565 1333 4620 qua:
1360 4549 1493 4618 ﬁunt
1521 4544 1744 4605 adducet
1764 4550 1905 4607 Deus
1929 4554 1983 4608 in

387 4639 647 4696 iudicium
675 4655 771 4709 pro
810 4640 957 4693 omni
1007 4648 1205 4704 errato,
1251 4640 1358 4695 sive
1402 4640 1610 4706 bonum,
1660 4643 1765 4698 sive
1785 4643 1981 4698 malum

383 4731 477 4786 sit.
515 4729 685 4786 Aiunt
709 4730 940 4795 Hebrrei,
970 4745 1093 4786 cum
1120 4732 1262 4787 inter
1284 4740 1480 4788 caetera
1506 4735 1707 4805 scripta
1736 4734 1983 4791 Salomo-

395 4822 483 4877 nis
512 4836 634 4892 qua:
660 4822 942 4893 antiquata
966 4829 1094 4876 sunt
1122 4837 1223 4877 nec
1261 4823 1315 4877 in
1341 4825 1598 4878 memoria
1630 4825 1979 4892 duraverunt,

387 4919 447 4966 et
473 4912 564 4967 hic
600 4910 739 4966 liber
781 4911 1172 4966 oblitterandus
1208 4913 1503 4977 videretur,
1551 4928 1617 4968 eo
1644 4916 1784 4983 quod
1814 4930 1982 4972 vanas

387 5010 661 5060 assereret
707 5003 802 5057 Dei
833 5014 1148 5067 creaturas,
1191 5010 1246 5057 et
1273 5011 1443 5057 totum
1474 5017 1594 5057 esse
1631 5019 1730 5074 pro
1768 5004 1975 5071 nihilo;

458 5189 486 5218 ι
527 5178 986 5233 Animadvertent
1010 5174 1178 5231 lector
1199 5175 1445 5232 eruditus
1465 5176 1608 5245 quod
1629 5174 1887 5232 Alcuinus
1920 5180 1975 5234 in

389 5247 615 5330 liac‘sua
644 5245 1480 5330 Expositionecornmentarium
1498 5246 1555 5300 S.
1585 5245 1897 5330 Hieronymi
1920 5250 1976 5305 in

388 5315 752 5400 Ecclesiasten
801 5315 914 5371 fere
942 5317 1011 5371 ad
1033 5317 1282 5400 verbum.
1307 5317 1656 5400 descripserit
1690 5326 1756 5400 et.
1783 5315 1839 5400 in
1878 5335 1977 5400 sua

389 5387 756 5461 transtulerit,
783 5401 905 5461 raro
932 5387 1527 5461 veroadmodumsuis
1557 5389 1798 5461 propriis
1818 5388 1976 5445 lumi-

391 5453 549 5528 nibus
575 5472 705 5513 usus
732 5456 913 5528 fuerit.
975 5456 1083 5528 Sed
1123 5458 1211 5513 hic
1239 5458 1354 5511 mos
1382 5457 1484 5512 fuit
1512 5453 1594 5513 sui
1623 5453 1803 5514 saeculi
1822 5499 1836 5522 ,
1867 5474 1975 5528 quo

390 5523 627 5594 studium
658 5541 830 5581 sacrae
885 5525 1206 5594 Scripturae,
1259 5535 1319 5580 ut
1347 5528 1573 5581 aliarum
1603 5523 1972 5593 scientiarum,

392 5592 613 5664 quidem
667 5595 952 5648 reformari
1005 5592 1201 5664 erepit,
1261 5597 1496 5650 nondum
1542 5607 1718 5652 tamen
1749 5597 1816 5650 ad
1852 5592 1973 5652 eam

391 5660 782 5733 perfectionem
815 5660 1178 5733 pervenit,fut
1204 5665 1518 5733 virigdocti,
1553 5667 1605 5719 in
1636 5666 1806 5721 sacris
1826 5666 1976 5721 libris

393 5728 742 5803 Exponendis,
777 5728 1007 5798 propria:
1034 5731 1272 5787 scientiae
1309 5731 1463 5784 facile
1491 5748 1551 5785 se
1578 5734 1973 5802 permitterent,

2258 1912 2431 1967 Albini
2455 1914 2511 1965 in
2537 1910 2890 1965 Ecclesiasten
2909 1912 3322 1966 commentarioli
3342 1913 3487 1981 finis.

2440 2024 2751 2081 EIUSDEM
2788 2025 2880 2079 AD
2918 2026 3308 2082 LECTOREM.

2085 2118 2189 2173 Iste
2217 2118 2353 2173 liber
2378 2118 2530 2172 vario
2565 2132 2754 2172 sensus
2783 2132 3032 2173 sermone
3066 2120 3297 2189 patescit

2157 2208 2410 2263 Diversos
2434 2209 2733 2275 hominum,
2759 2210 2885 2279 quid
2909 2211 3123 2266 cuinam
3152 2212 3384 2282 placeat.

2086 2297 2257 2364 Quem
2287 2307 2432 2363 tuus,
2459 2314 2492 2353 ο
2511 2297 2726 2367 juvenis
2752 2303 2765 2353 !
2801 2308 2954 2355 tanto
2984 2302 3353 2358 moderamine
3381 2318 3577 2359 sensus

2156 2388 2423 2459 Perlegat,
2456 2389 2672 2459 Epicuri
2700 2404 2768 2443 ne
2797 2399 2919 2444 ruat
2944 2391 2997 2445 in
3027 2391 3257 2446 foveam.

2086 2479 2310 2535 Albinus
2333 2480 2557 2535 Patrum
2580 2482 2835 2552 gradiens
2858 2498 2956 2552 per
2984 2491 3139 2553 prata
3164 2485 3399 2555 piorum,

2157 2570 2419 2641 Carperet
2438 2579 2499 2626 ut
2519 2570 2697 2636 ﬂores,
2724 2588 2822 2642 per
2848 2573 2938 2642 pia
2967 2589 3092 2628 rura
3120 2589 3305 2630 sacros
3328 2614 3345 2641 ,

2087 2663 2315 2734 Fingere
2361 2661 2478 2734 [F.,
2508 2662 2757 2735 Cingere]
2800 2674 2945 2720 serta
2992 2667 3175 2723 volens
3218 2683 3509 2740 puerorum
3542 2683 3674 2724 cet;-

3211 2755 3369 2831 [grua
3397 2758 3599 2828 fronte,

2158 2842 2396 2899 Grandia
2420 2860 2651 2914 quorum
2677 2854 2809 2901 aetas
2834 2847 3074 2917 pondera
3102 2847 3246 2903 ferre
3273 2850 3480 2920 nequit.

2087 2934 2248 3007 M7
2278 2935 2388 2989 llas
2414 2951 2543 3007 rogo
2572 2937 2839 2993 litterulas
2877 2940 3049 2994 nostri
3077 2940 3368 3010 perdiscite
3395 2940 3508 2995 nati
3533 2980 3552 3006 ,

2158 3026 2227 3080 Et
2256 3034 2365 3081 tota
2393 3036 2625 3082 aeternos
2655 3036 2834 3084 mente
2859 3037 3037 3085 tenete
3059 3031 3193 3085 dies.

2091 3117 2280 3172 Omnia
2306 3115 2446 3171 ﬂuxa
2472 3117 2643 3172 ﬂuunt
2664 3119 2930 3174 seclorum
2954 3121 3149 3192 gaudia
3170 3121 3346 3193 longe,

2163 3207 2274 3262 Nec
2298 3207 2528 3262 redeunt
2552 3209 2767 3274 iterum,
2795 3224 2948 3264 more
2976 3208 3191 3265 ﬂuentis
3220 3226 3388 3281 aqum.

2090 3299 2316 3354 Pectora
2349 3314 2449 3353 nec
2478 3299 2701 3353 nimium
2730 3301 2882 3356 vanis
2908 3301 3162 3356 incessite
3189 3302 3342 3356 rebus
3365 3340 3380 3366 ,

2163 3388 2269 3444 Sed
2292 3389 2608 3444 conﬁrmate
2639 3406 2852 3460 semper
2880 3407 3063 3447 amore
3092 3393 3207 3448 Dei.

2089 3479 2235 3535 Mors
2253 3488 2506 3549 properat
2541 3481 2694 3536 horis
2725 3496 2849 3535 mox
2885 3483 3136 3537 omnibus
3173 3491 3336 3553 atque
3361 3495 3595 3539 moment
3623 3500 3671 3552 ε,

2164 3573 2235 3628 Ut
2268 3574 2445 3643 rapiat
2471 3582 2701 3639 nosmet,
2729 3573 2928 3642 judicis
2959 3576 3026 3630 ad
3054 3574 3264 3630 faciem.

2090 3664 2207 3732 Quo
2232 3672 2445 3719 constat
2477 3665 2698 3732 nostris,
2730 3674 2880 3720 certo
2907 3667 3240 3731 discrimine,
3270 3666 3424 3722 factis

2160 3755 2429 3811 Iudicium
2456 3757 2685 3822 cunctis,
2717 3764 2778 3811 ut
2799 3757 2935 3812 liber
2964 3758 3067 3812 iste
3094 3758 3259 3812 canit.

2089 3846 2241 3913 Quod
2268 3848 2455 3901 timeat
2482 3846 2649 3911 dives,
2680 3862 2904 3917 pauper,
2932 3845 3270 3916 iuvenisque,
3305 3862 3598 3919 senexque,

2161 3938 2297 3992 Tum
2325 3938 2516 4008 recipit
2544 3938 2753 3992 meritis
2786 3938 3007 4008 praemia
3031 3940 3258 4008 quisque
3293 3940 3425 4005 suis,

2090 4028 2318 4082 Prrcmia
2346 4028 2619 4098 perpetuis
2649 4044 2862 4099 semper
2887 4044 3143 4084 mansura
3165 4029 3372 4084 diebus.

2161 4119 2282 4174 Mox
2304 4120 2445 4174 bona
2460 4120 2689 4189 quisque
2701 4120 2896 4185 bonus,
2914 4134 3039 4175 mox
3060 4120 3201 4173 mala
3216 4121 3443 4190 quisque
3464 4117 3640 4175 malus
3654 4134 3674 4174 :

2088 4209 2287 4280 Impius
2310 4210 2363 4263 in
2393 4209 2646 4264 tenebras
2673 4225 2795 4264 cum
2824 4210 3068 4264 dtemone
3092 4209 3309 4280 pellitur
3331 4218 3503 4277 atras,

2158 4301 2294 4357 Cum
2322 4301 2540 4357 Christo
2567 4309 2758 4372 regnat
2779 4301 2915 4357 lucis
2949 4302 3005 4356 in
3032 4317 3158 4356 arce
3184 4301 3376 4357 bonus.

2087 4391 2327 4462 Accipite
2356 4393 2471 4447 hmc
2489 4393 2682 4447 animis
2700 4392 2974 4462 paschalia
3000 4407 3225 4448 munera
3250 4392 3388 4449 lactis
3404 4433 3421 4458 ,

2160 4487 2418 4542 Mittentis
2442 4500 2707 4542 memores
2732 4487 2869 4551 sitis,
2910 4494 2965 4541 et
2985 4502 3080 4543 ore
3103 4487 3212 4557 pio.

2089 4577 2201 4633 Hoc
2223 4593 2379 4648 opus,
2408 4578 2511 4631 hoc
2537 4577 2765 4633 crudum
2793 4577 2973 4647 rapuit
2991 4585 3238 4648 portator
3266 4575 3335 4631 ab
3355 4577 3501 4647 igne,

2158 4669 2429 4739 lgnivomo
2459 4680 2671 4723 coctum
2700 4683 2800 4723 nec
2827 4668 2963 4724 bene
2989 4668 3088 4723 sub
3121 4668 3353 4723 camino.

2087 4757 2300 4821 Vestra,
2328 4771 2543 4827 precor,
2571 4755 2668 4821 illi,
2696 4757 2872 4826 pietas
2900 4764 3084 4811 errata
3112 4764 3389 4828 repurget,

2158 4850 2299 4903 Dens
2327 4847 2455 4903 illud
2483 4838 2732 4919 putridus
2765 4848 2956 4903 rodere
2984 4862 3085 4903 nec
3107 4848 3317 4914 valeat;

2085 4941 2192 4994 Aut
2213 4939 2399 4995 oculus
2421 4940 2577 5010 nigro
2604 4937 2839 4993 suﬂ‘usus
2870 4938 3009 5005 felle,
3035 4954 3134 5008 per
3159 4954 3324 4995 auras

2149 5029 2451 5085 Contendat
2470 5029 2708 5101 patulas,
2736 5044 2988 5101 spargere
3009 5044 3159 5085 more
3180 5044 3298 5083 suo.

2079 5182 2457 5267 sedﬁdo‘ctrinis
2497 5192 2553 5236 et
2592 5182 3029 5267 expositionibus.
3053 5184 3403 5267 antiquorum
3444 5183 3663 5267 Patrum

2083 5254 2135 5307 in
2158 5252 2398 5306 Ecclesia
2437 5252 2853 5321 approbatorum
2889 5254 3061 5322 magis
3102 5252 3355 5310 insistere
3390 5255 3663 5316 volebant,

2078 5332 2140 5377 ut
2164 5322 2254 5375 tali
2279 5324 2486 5376 ratione
2511 5336 2670 5394 omne
2690 5324 2987 5394 periculum
3013 5325 3265 5379 novitatis
3282 5364 3298 5389 ,
3340 5340 3462 5394 qum
3488 5322 3668 5379 Eccle—

2081 5394 2174 5447 siae
2200 5405 2414 5459 semper
2442 5392 2743 5460 perniciosa
2775 5392 2893 5459 fuit,
2931 5395 3219 5449 evitarent.
3278 5392 3548 5450 Caiterum
3575 5394 3667 5445 do—

2081 5460 2354 5537 ctissimus
2382 5459 2694 5537 vallarsius,
2735 5463 2977 5537 Operurn
3000 5464 3059 5537 _S.
3088 5462 3664 5537 llieronymi_novissi-

2082 5543 2202 5584 mus
2230 5528 2432 5604 editor,
2470 5539 2599 5604 tom.
2633 5532 2719 5604 lll,
2751 5528 2873 5603 pag.
2920 5534 3018 5589 38l
3042 5574 3056 5598 ,
3092 5542 3206 5589 not.
3228 5575 3242 5597 ,
3291 5528 3579 5604 profitetur
3612 5544 3670 5586 se

2082 5600 2530 5671 commentarium
2565 5602 2721 5671 hujus
2750 5600 2809 5658 S.
2828 5600 3016 5658 'Patris
3051 5604 3104 5659 in
3130 5600 3517 5666 Ecclesiasten,
3549 5616 3672 5657 cum

2084 5667 2423 5748 hocAlcuini
2452 5685 2517 5748 ex
2545 5667 2756 5744 integro
2802 5674 3127 5748 contulisse,
3156 5676 3391 5748 huicque
3416 5674 3675 5730 meliores

2084 5737 2339 5793 lectiones
2362 5743 2563 5809 passim
2591 5737 2842 5813 acceptas
2872 5742 3064 5798 referri
3082 5737 3314 5799 'dcbcrcl
