4020 6186
364 346 461 403 7?!

804 448 1058 510 ORATIO
1097 448 1543 517 sawuoms,

394 583 542 638 quau
582 583 779 623 unum”
821 581 873 619 Ix
912 578 1269 618 DEDICA‘I’IONE
1311 579 1505 618 rsum
1538 561 1639 635 (II
1664 562 1795 617 Par.
1838 579 1913 628 γι,

1041 656 1108 711 I4
1132 655 1284 727 ηιμ).

437 776 664 832 Domine
703 773 847 827 Deus
896 769 1094 834 Israel,
1152 783 1257 823 non
1298 776 1383 824 est
1408 768 1600 824 similis
1624 769 1700 823 tui
1724 768 1866 823 Deus
1896 768 1950 822 in

369 869 505 925 c0310
535 868 786 936 desuper,
814 873 871 919 et
890 879 1052 934 super
1079 870 1280 917 terram
1316 860 1601 928 deorsum;
1643 863 1737 933 qui
1773 869 1955 918 custo-

368 962 455 1016 dis
478 966 694 1030 pactum
720 965 778 1011 et
812 953 1237 1011 misericordiam
1268 953 1438 1006 servis
1464 953 1569 1007 tuis
1587 992 1602 1017 ,
1646 952 1737 1021 qui
1768 952 1954 1007 ambu-

371 1051 486 1107 lant
510 1065 695 1106 coram
726 1057 778 1102 te
805 1048 861 1102 in
896 1055 1010 1102 toto
1030 1046 1193 1101 corde
1212 1061 1340 1113 suo;
1365 1046 1458 1116 qui
1488 1047 1770 1103 custodisti
1798 1061 1955 1101 servo

374 1152 469 1200 tuo
497 1141 689 1204 David,
718 1139 861 1209 patri
895 1152 1038 1202 meo,
1061 1152 1180 1207 qua:
1201 1138 1410 1193 locutus
1434 1153 1494 1193 es
1522 1139 1592 1193 ei.
1620 1137 1726 1193 Ore
1746 1137 1957 1193 locutus

372 1248 452 1295 es,
484 1240 540 1287 et
559 1229 808 1285 manibus
832 1226 1106 1298 perfecisti
1124 1267 1139 1293 ,
1181 1235 1243 1281 ut
1266 1228 1384 1283 haec
1404 1229 1521 1284 dies
1550 1228 1763 1298 probat.
1804 1226 1958 1282 Nunc

372 1325 554 1396 igitur,
576 1321 803 1377 Domine
821 1319 966 1375 Deus
996 1319 1181 1386 Israel,
1213 1334 1474 1377 conserva
1497 1321 1699 1376 famulo
1730 1330 1823 1378 tuo
1847 1323 1957 1377 Da-

374 1415 462 1470 vid
495 1413 636 1483 patri
670 1426 792 1467 meo
832 1425 952 1480 quae
981 1411 1195 1465 locutus
1226 1425 1287 1466 es
1314 1411 1388 1477 ei,
1413 1411 1633 1467 dicens:
1663 1413 1781 1468 Non
1807 1414 1959 1470 aufe-

376 1512 525 1559 retur
549 1502 619 1558 de
648 1511 701 1557 te
726 1503 812 1555 vir
839 1516 1026 1555 coram
1043 1516 1151 1567 me,
1180 1501 1273 1570 qui
1300 1502 1487 1557 sedeat
1505 1518 1669 1573 super
1702 1505 1957 1560 thronum

375 1596 560 1662 Israel,
590 1596 664 1650 ita
694 1600 895 1660 tamen,
926 1594 973 1649 si
998 1594 1354 1649 custodierint
1382 1593 1477 1648 ﬁlii
1499 1595 1576 1649 tui
1606 1595 1748 1649 viam
1778 1611 1956 1661 suam,

377 1697 438 1744 ut
465 1686 743 1744 ambulent
782 1701 967 1742 coram
1015 1694 1122 1752 me,
1174 1686 1315 1742 sicut
1339 1693 1393 1740 tu
1428 1686 1712 1742 ambulasti
1740 1687 1795 1741 in
1831 1703 1961 1743 con-

1210 337 1619 397 EXEGETICA.
1661 370 1730 381 -—
1768 337 2121 396 COMMENT.
2163 336 2232 391 IN
2271 327 2802 390 ECCLESIASTEN.

1981 460 2023 513 Α
2056 449 2242 520 rubigo
2263 487 2277 510 ,
2321 453 2376 500 et
2405 443 2659 498 afﬁixerit
2699 457 2822 496 eum
2870 437 3116 494 inimicus
3147 438 3263 505 ejus
3288 447 3472 509 portas
3495 426 3641 494 οὺςὶἶ
3679 464 3683 467 Α

2053 541 2205 604 dens,
2232 538 2409 592 omnis
2429 535 2607 606 plaga,
2653 533 2905 588 universa
2953 530 3272 595 inﬁrmitas,
3323 538 3518 584 cuncta
3547 528 3647 583 de-

2050 630 2217 694 votio,
2261 635 2316 682 et
2360 625 2697 696 imprecatio,
2734 638 2854 692 qua:
2891 620 3152 676 acciderit
3178 620 3323 676 omni
3348 618 3553 674 homini
3572 617 3679 675 de'

2051 718 2250 790 populo
2294 724 2385 771 tuo
2423 714 2612 778 Israel,
2643 714 2690 768 si
2716 714 2838 783 quis
2877 712 3186 782 cognoverit
3211 710 3424 780 plagam
3462 708 3645 765 cordis

2053 809 2156 873 sui,
2180 816 2237 862 et
2258 807 2576 877 expanderit
2603 820 2795 860 manus
2820 817 2950 858 suas
2980 804 3034 857 in
3056 803 3217 857 domo
3246 803 3368 867 hac,
3394 809 3450 855 tu
3472 816 3640 856 exau-

2053 900 2168 954 dies
2191 898 2246 951 in
2264 896 2422 960 coelo,
2455 896 2508 949 in
2540 895 2659 949 loco
2686 893 3035 947 habitationis
3064 900 3199 955 tuae,
3229 898 3286 944 et
3322 889 3644 959 repropitiao

2052 990 2217 1053 beris,
2249 995 2305 1043 et
2322 986 2489 1042 facies
2510 1027 2527 1052 ,
2569 993 2630 1040 ut
2669 987 2765 1040 des
2801 984 3090 1050 unicuique
3126 982 3422 1036 secundum
3454 996 3644 1035 omnes

2053 1082 2172 1137 vias
2199 1094 2345 1142 suas,
2371 1077 2513 1131 sicut
2541 1075 2740 1131 videris
2768 1088 2863 1128 cor
2887 1071 3006 1141 ejus
3028 1111 3041 1135 ,
3089 1072 3215 1141 quia
3246 1077 3305 1123 tu
3330 1070 3473 1123 nosti
3498 1068 3646 1123 solus
3664 1096 3677 1104 -

2054 1186 2150 1226 eor
2187 1169 2428 1224 omnium
2470 1165 2700 1219 ﬁliorum
2730 1163 3040 1225 hominum,
3072 1168 3134 1215 ut
3166 1160 3393 1214 timeant
3429 1166 3482 1212 te
3515 1172 3641 1211 cun-

2055 1260 2158 1313 ctis
2184 1256 2373 1312 diebus
2408 1254 2602 1323 quibus
2640 1253 2827 1304 vivunt
2859 1264 3023 1318 super
3061 1247 3252 1302 faciem
3274 1254 3452 1310 terrae,
3483 1244 3653 1313 quam

2058 1349 2254 1405 dedisti
2293 1346 2540 1417 patribus
2584 1341 2804 1397 nostris.
2846 1340 3070 1409 Insuper
3116 1345 3171 1392 et
3200 1337 3519 1406 alienigena,
3557 1333 3651 1402 qui

2059 1454 2166 1494 non
2216 1444 2298 1491 est
2337 1435 2403 1490 de
2430 1420 2626 1504 popqu
2664 1439 2756 1485 tuo
2794 1428 2983 1494 Israel,
3013 1443 3133 1483 cum
3170 1426 3380 1481 venerit
3406 1425 3473 1480 de
3502 1432 3645 1477 terra

2058 1530 2350 1600 longinqua
2378 1532 2599 1596 propter
2648 1536 2843 1576 nomen
2897 1527 3045 1573 tuum
3073 1517 3355 1589 (audietur
3377 1514 3521 1568 enim
3552 1525 3651 1565 no—

2061 1599 2185 1674 men
2212 1625 2362 1671 tuum
2382 1627 2655 1684 magnum,
2672 1617 2729 1664 et
2745 1622 2941 1663 manus
2961 1614 3050 1661 tua
3082 1604 3260 1668 fortis,
3289 1611 3346 1658 et
3366 1599 3649 1656 brachium

2063 1719 2214 1764 tuum
2240 1712 2518 1761 extentum
2548 1698 2799 1769 ubique),
2854 1712 2976 1752 cum
3007 1695 3217 1751 venerit
3238 1707 3385 1762 ergo,
3420 1697 3477 1745 et
3517 1701 3645 1743 ora-

376 1788 560 1850 δΡεαυ
587 1791 728 1832 ωθοο
766 1777 835 1831 Et
862 1792 1025 1841 “uno,
1048 1777 1273 1831 Domine
1296 1776 1439 1831 Deus
1458 1776 1645 1843 Ῐ⁵τ³θ¹ν
1674 1776 1960 1832 "meum"
1991 1797 2033 1854 B
2067 1801 2204 1857 verit
2231 1801 2285 1853 in
2308 1799 2414 1852 hoc
2437 1795 2574 1857 loco,
2600 1800 2658 1846 tu
2686 1790 2943 1846 exaudies
2972 1788 3026 1842 in
3050 1786 3208 1850 coelo,
3241 1786 3294 1838 in
3330 1783 3647 1837 firmamen-

380 1869 545 1925 verba
572 1877 665 1923 tua
694 1881 812 1937 quae
830 1867 1040 1923 locutus
1059 1882 1118 1921 es
1141 1882 1297 1922 servo
1326 1875 1418 1921 tuo
1447 1866 1617 1923 David
1644 1870 1785 1938 patri
1814 1885 1956 1924 meo.

380 1961 590 2033 Ergone
614 1960 909 2031 putandum
958 1967 1045 2014 est
1076 1960 1220 2030 quod
1245 1975 1369 2015 vere
1394 1960 1535 2015 Deus
1566 1962 1772 2017 habitet
1799 1976 1964 2032 super

381 2053 619 2108 terram?
647 2050 705 2106 Si
733 2052 874 2105 enim
915 2050 1111 2105 coelum
1145 2059 1201 2105 et
1233 2051 1353 2106 coeli
1393 2052 1650 2107 caelorum
1681 2060 1734 2107 te
1767 2069 1963 2123 capere

383 2158 487 2199 non
513 2148 764 2213 possunt,
790 2141 992 2210 quanto
1013 2141 1185 2211 magis
1213 2141 1404 2195 domus
1430 2141 1565 2206 haec,
1601 2156 1763 2211 quam
1793 2141 1963 2196 aediﬁ-

380 2234 537 2291 cavi?
565 2233 671 2288 Sed
694 2233 902 2302 respice
923 2232 990 2285 ad
1024 2232 1325 2286 orationem
1364 2233 1505 2286 servi
1530 2232 1639 2299 tui,
1667 2240 1723 2289 et
1750 2233 1817 2288 ad
1844 2248 1965 2303 pre-

380 2340 475 2380 ces
510 2323 649 2392 ejus,
681 2322 907 2377 Domine
933 2322 1075 2376 Deus
1095 2336 1267 2376 meus.
1306 2322 1444 2376 Audi
1467 2323 1726 2395 hymnum
1766 2331 1822 2379 et
1844 2339 1969 2378 ora-

385 2418 586 2472 tionem
614 2456 628 2480 ,
677 2429 840 2483 quam
882 2428 1071 2468 servus
1101 2422 1222 2468 tuus
1248 2423 1371 2468 orat
1398 2429 1581 2469 coram
1623 2423 1674 2470 te
1697 2415 1877 2480 hodie,
1910 2422 1969 2470 ut

385 2505 651 2562 sintoculi
678 2506 753 2560 tui
784 2506 956 2576 aperti
992 2521 1153 2575 super
1175 2505 1393 2560 domum
1422 2507 1561 2561 hanc
1589 2506 1675 2562 die
1701 2521 1765 2562 ac
1788 2516 1967 2572 nocte,

386 2613 550 2668 super
576 2597 825 2661 domum,
869 2596 934 2651 de
971 2612 1077 2666 qua
1119 2596 1338 2652 dixisti:
1369 2597 1489 2651 Erit
1541 2613 1738 2653 nomen
1787 2613 1970 2654 meum

390 2688 461 2743 ibi
501 2707 513 2741 :
557 2695 617 2742 ut
661 2688 915 2742 exaudias
963 2688 1262 2742 orationem
1300 2703 1464 2759 quam
1509 2697 1631 2744 orat
1663 2689 1733 2743 ad
1770 2696 1822 2745 te
1852 2704 1971 2744 ser-

387 2795 489 2836 vus
536 2787 660 2834 tuus
717 2779 771 2832 in
819 2778 937 2834 loco
999 2779 1134 2845 isto,
1195 2787 1256 2833 ut
1318 2780 1580 2836 exaudias
1639 2782 1974 2852 deprecatio-

389 2884 514 2924 nem
560 2870 701 2924 servi
762 2869 876 2935 tui,
926 2877 983 2925 et
1024 2870 1202 2941 populi
1244 2871 1321 2925 tui
1365 2872 1562 2937 Israel,
1620 2875 1975 2945 quodcunque

389 2960 663 3015 oraveriut
707 2961 762 3015 in
805 2959 923 3016 loco
974 2961 1117 3027 isto,
1168 2969 1222 3016 et
1257 2963 1513 3019 exaudies
1548 2964 1601 3018 in
1630 2964 1747 3021 loco
1766 2965 1976 3020 habita-

391 3050 501 3105 culi
527 3051 605 3106 tui
630 3052 685 3107 in
710 3053 847 3108 caelo
864 3094 881 3119 ,
921 3062 978 3109 et
1002 3068 1124 3108 eum
1148 3054 1383 3110 audieris
1401 3096 1415 3121 ,
1452 3056 1718 3127 propitius
1744 3058 1873 3113 eris.
1916 3058 1974 3112 Si

2067 1900 2122 1947 to
2146 1886 2437 1946 habitaculi
2469 1884 2567 1950 tui,
2597 1888 2651 1938 et
2681 1881 2845 1936 facies
2869 1879 3048 1935 omnia
3078 1892 3177 1946 pro
3204 1875 3396 1944 quibus
3430 1873 3650 1927 invoca—

2063 1981 2203 2036 verit
2229 1986 2282 2032 te
2312 1975 2611 2045 alienigena
2633 2012 2646 2036 ,
2679 1978 2740 2025 ut
2764 1971 2975 2025 discant
2999 1966 3237 2021 universi
3266 1961 3447 2034 populi
3477 1968 3653 2015 terra-

2066 2088 2187 2128 rum
2226 2082 2421 2124 nomen
2465 2073 2612 2121 tuum
2643 2063 2837 2118 timere
2863 2060 3004 2114 sicut
3039 2054 3266 2128 populus
3306 2061 3431 2106 tuus
3465 2049 3653 2111 Israel,

2065 2172 2122 2219 et
2159 2160 2389 2233 probent
2430 2156 2556 2227 quia
2602 2167 2799 2208 nomen
2850 2160 3000 2205 tuum
3047 2148 3355 2202 invocatum
3391 2148 3476 2196 est
3497 2154 3661 2209 super

2067 2232 2286 2310 domum
2318 2250 2459 2304 hanc
2482 2260 2644 2316 quam
2667 2242 2951 2299 mdiﬁcavi.
2990 2238 3049 2294 Si
3080 2250 3333 2309 egressus
3367 2232 3529 2287 fuerit
3560 2245 3660 2300 po-

2067 2346 2224 2417 pulus
2248 2352 2375 2396 tuus
2405 2340 2472 2393 ad
2492 2336 2693 2392 bellum
2719 2342 2907 2389 contra
2929 2328 3179 2386 inimicos
3202 2340 3350 2388 suos,
3366 2338 3465 2395 per
3492 2321 3661 2388 viam,

2070 2414 2387 2505 quocunque
2433 2428 2646 2483 miseris
2690 2440 2806 2488 eos,
2856 2431 2911 2478 et
2956 2420 3188 2476 orabunt
3225 2426 3279 2473 te
3302 2426 3489 2471 contra
3518 2414 3662 2469 viam

2072 2503 2305 2579 civitatis
2325 2534 2490 2589 quam
2516 2516 2748 2586 elegisti,
2772 2522 2825 2568 et
2846 2519 3036 2566 contra
3065 2510 3283 2564 domum
3325 2519 3487 2575 quam
3533 2503 3665 2559 tedi-

2073 2613 2227 2670 ﬁcavi
2258 2609 2459 2666 nomini
2492 2615 2615 2670 tuo,
2660 2613 2718 2658 tu
2745 2601 3000 2657 exaudies
3027 2600 3083 2653 in
3112 2596 3247 2651 coelo
3271 2595 3544 2649 orationes
3568 2605 3662 2645 eo-

2075 2720 2213 2769 rum,
2269 2710 2326 2756 et
2368 2712 2561 2771 preces
2605 2708 2831 2758 eorum,
2885 2698 2940 2746 et
2967 2689 3134 2743 facies
3154 2685 3418 2756 judicium
3445 2695 3656 2737 eorum.

2075 2797 2228 2865 Quod
2257 2795 2303 2850 si
2340 2789 2683 2863 peccaverint
2726 2784 2823 2840 tibi
2875 2782 3003 2856 (non
3049 2789 3148 2864 est,
3180 2778 3323 2834 enim
3370 2777 3532 2831 homo
3570 2770 3662 2840 qui

2075 2862 2182 2948 non
2213 2886 2419 2960 peccet)
2448 2925 2464 2952 ,
2520 2890 2578 2938 et
2621 2882 2794 2936 iratus
2825 2874 3114 2932 tradideris
3145 2862 3242 2927 eos
3269 2866 3500 2925 inimicis
3528 2863 3666 2924 suis,

2076 2990 2133 3038 et
2150 2954 2346 3050 captivi
2377 2954 2524 3032 ducti
2553 2971 2756 3027 fuerint
2780 2969 2835 3024 in
2879 2976 3082 3022 terram
3122 2961 3461 3017 inimicorum
3503 2954 3659 3023 longe

2079 3072 2163 3129 vel
2183 3048 2381 3143 prope,
2427 3074 2482 3121 et
2517 3063 2725 3136 egerint
2757 3057 3134 3130 paenitentiam
3177 3055 3230 3109 iu
3276 3048 3437 3107 corde
3465 3058 3585 3108 suo,
3609 3057 3669 3143 in

393 3144 704 3213 Ρεοωνεΐίῑ
744 3144 905 3201 homo
946 3147 1000 3201 in
1041 3147 1345 3217 PI'OXimum
1391 3150 1573 3216 suum;
1626 3158 1682 3206 ει
1724 3151 1976 3206 habuerit
2000 3134 2047 3197 ο
2077 3133 2203 3218 loco
2224 3133 2574 3229 captivitatis,
2611 3160 2667 3207 et
2686 3148 2933 3205 conversi
2979 3156 3033 3201 te
3079 3139 3354 3212 deprecati
3380 3136 3585 3191 fuerint
3613 3133 3668 3187 in

396 3233 612 3307 aliquod
633 3234 1000 3305 juramentum
1023 3254 1131 3308 quo
1153 3246 1401 3295 teneatur
1435 3241 1708 3306 astrictus,
1740 3249 1796 3296 et
1814 3256 1976 3296 vene-

2081 3222 2397 3323 captivitate
2447 3260 2543 3301 sua
2593 3243 2878 3298 dicentes:
2938 3232 3324 3292 Peccavimus,
3352 3227 3536 3295 inique
3560 3222 3670 3292 egi-

395 3325 472 3382 rit
494 3325 1095 3398 propterjuramentum
1117 3344 1302 3385 coram
1332 3330 1491 3385 altari
1528 3338 1619 3386 tuo
1662 3332 1715 3386 in
1755 3333 1975 3388 domum

2080 3314 2223 3407 mus,
2247 3341 2411 3411 impie
2443 3336 2740 3408 gessimus;
2769 3340 2824 3384 et
2848 3326 3054 3383 reversi
3083 3321 3285 3377 fuerint
3306 3318 3372 3372 ad
3395 3325 3448 3370 te
3471 3315 3527 3369 in
3549 3314 3669 3368 uni-

399 3427 570 3486 mam.
631 3428 687 3474 ιιι
732 3421 988 3476 “audies
1016 3421 1071 3475 in
1100 3421 1257 3486 00810.
1311 3430 1367 3477 ει
1409 3421 1596 3488 Γδοίθδ»
1621 3431 1678 3480 ει
1709 3422 1978 3491 iudicabis
2078 3406 2241 3493 verso
2261 3406 2424 3488 corde
2443 3406 2557 3491 suo,
2583 3435 2638 3480 et
2664 3431 2776 3479 tota
2804 3421 2983 3476 anima
3012 3431 3110 3473 sua
3128 3455 3144 3480 ,
3178 3414 3233 3468 in
3254 3421 3400 3466 terra
3426 3406 3672 3463 inimico—

399 3524 587 3565 servos
621 3518 774 3576 tuos,
818 3511 1184 3567 condemnans
1212 3512 1468 3582 impium,
1498 3521 1553 3568 et
1577 3514 1810 3570 reddens
1835 3515 1979 3570 viam
2081 3540 2203 3584 mm
2232 3537 2453 3580 suorum
2497 3518 2565 3572 ad
2608 3528 2772 3585 quam
2798 3509 2993 3578 captivi
3036 3505 3183 3559 ducti
3209 3500 3430 3562 Ῡιιετίηῐν
3473 3503 3529 3551 et
3545 3509 3672 3549 0'3-

402 3615 558 3657 suam
611 3615 774 3670 super
809 3608 968 3671 caput
1013 3600 1167 3671 ejus,
1207 3602 1621 3673 justiﬁcansque
1658 3603 1896 3674 justum,
1927 3614 1981 3660 et
2082 3583 2260 3674 θετίιιι
2314 3621 2367 3667 ιθ
2412 3616 2602 3665 contra
2630 3583 2795 3656 'viam
2848 3605 3008 3651 terrae
3055 3607 3208 3656 suae,
3265 3602 3427 3658 quam
3478 3583 3677 3640 dedisti

403 3690 709 3747 retribuens
736 3693 785 3748 ei
824 3694 1119 3748 secundum
1151 3693 1419 3763 justitiam
1462 3711 1636 3751 suam.
1698 3697 1756 3752 Si
1785 3697 1984 3770 fugerit

401 3782 629 3854 populus
671 3790 796 3839 tuus
839 3782 1005 3839 Israel
1051 3785 1295 3841 inimicos
1324 3802 1481 3854 suos,
1514 3789 1640 3858 quia
1662 3798 1984 3859 peccaturus

403 3881 489 3928 est
510 3874 637 3939 tibi;
667 3883 724 3929 et
763 3881 982 3945 agentes
1010 3877 1384 3945 paenitentiam
1402 3917 1417 3942 ,
1455 3886 1510 3933 et
1534 3878 1855 3935 conﬁtentes
1882 3894 1981 3934 no-

406 3963 540 4017 mini
572 3973 663 4019 tuo
708 3965 981 4031 venerint,
1030 3973 1086 4020 et
1126 3967 1502 4034 adoraverint,
1548 3976 1604 4024 et
1630 3969 1903 4039 deprecati
1933 3978 1988 4027 te

406 4055 608 4110 fuerint
636 4056 690 4110 in
717 4056 876 4112 domo
904 4058 1024 4123 hac,
1056 4057 1251 4113 exaudi
1280 4059 1334 4112 in
1361 4059 1517 4125 ctelo,
1544 4067 1600 4115 et
1625 4060 1835 4117 dimitte
1856 4077 1987 4132 pec-

407 4155 595 4202 catum
621 4148 802 4218 populi
852 4149 928 4204 tui
979 4149 1163 4216 Israel,
1204 4158 1259 4204 et
1300 4151 1524 4206 reduces
1570 4167 1663 4208 cos
1704 4154 1759 4208 in
1787 4162 1989 4210 terram

409 4251 575 4306 quam
605 4238 797 4293 dedisti
825 4240 1068 4309 patribus
1088 4255 1299 4296 eorum.
1343 4239 1399 4295 Si
1425 4241 1666 4296 clausum
1693 4241 1857 4298 fuerit
1883 4258 1992 4300 caa-

411 4326 549 4391 lum,
579 4334 634 4382 et
655 4343 759 4383 non
799 4329 996 4400 pluerit
1016 4340 1236 4402 propter
1260 4340 1481 4401 peccata
1507 4348 1715 4405 eorum,
1748 4343 1805 4389 et
1827 4350 1991 4389 oran-

414 4429 499 4475 tes
523 4419 577 4473 in
606 4420 723 4474 loco
748 4420 853 4476 isto
872 4422 1240 4491 paenitentiam
1269 4423 1477 4492 egerint
1504 4425 1706 4479 nomini
1736 4434 1851 4490 tuo,
1878 4433 1932 4479 et
1962 4440 1993 4479 a

414 4513 650 4581 peccatis
701 4513 814 4567 suis
860 4514 1100 4569 conversi
1152 4513 1352 4570 fuerint
1395 4527 1612 4587 propter
1650 4518 1992 4574 afflictionem

415 4618 592 4674 suam,
622 4604 816 4658 exaudi
844 4620 937 4659 eos
957 4606 1010 4659 iu
1039 4606 1195 4671 caelo,
1226 4615 1280 4660 et
1303 4608 1512 4663 dimitte
1547 4618 1769 4678 peccata
1809 4624 1995 4665 servo-

420 4709 542 4748 rum
575 4704 788 4750 tuorum
814 4736 828 4761 ,
876 4705 931 4750 et
950 4696 1132 4766 populi
1164 4697 1239 4750 tui
1266 4697 1462 4762 Israel,
1492 4697 1659 4770 M8
1691 4710 1747 4754 et
1771 4699 1997 4754 ostende

417 4785 499 4841 cis
526 4786 669 4841 viam
696 4785 915 4853 bonam,
941 4801 1038 4857 per
1064 4801 1225 4856 quam
1254 4778 1556 4853 ambulent,
1593 4796 1649 4842 et
1674 4789 1741 4843 da
1763 4789 1997 4859 pluviam

421 4891 584 4947 super
608 4887 833 4943 terram,
861 4893 1021 4946 quam
1052 4877 1241 4933 dedisti
1274 4877 1469 4947 populo
1496 4886 1586 4934 tuo
1614 4880 1667 4933 in
1701 4881 2002 4950 possessio-

426 4983 568 5022 nem.
611 4969 802 5024 Fames
846 4968 893 5022 si
916 4968 1108 5024 oborta
1134 4967 1297 5022 fuerit
1330 4968 1383 5023 in
1423 4976 1596 5035 terra,
1630 4978 1724 5024 aut
1752 4972 2005 5042 pestilen-

424 5065 524 5129 tia,
555 5074 646 5120 aut
671 5069 958 5135 corruptus
1000 5079 1114 5131 aer,
1164 5071 1256 5119 aut
1302 5078 1486 5135 crugo,
1519 5072 1613 5121 aut
1648 5064 1852 5123 locusta
1875 5106 1890 5131 ,
1922 5066 2005 5120 vel

2082 3672 2329 3778 patribus
2355 3710 2562 3757 eorum,
2599 3700 2653 3746 et
2681 3689 2895 3752 civitas,
2934 3698 3097 3756 quam
3123 3679 3355 3751 elegisti,
3380 3685 3434 3778 et
3463 3672 3674 3778 templi,

2085 3761 2229 3864 quod
2254 3783 2514 3843 aediﬁcavi
2541 3778 2743 3835 nomini
2770 3783 2879 3837 tuo,
2931 3772 3189 3829 exaudies
3227 3770 3283 3824 in
3319 3767 3477 3832 caelo,
3502 3765 3557 3820 in
3582 3761 3678 3817 ﬁr-

2086 3890 2360 3939 mamento
2411 3873 2533 3930 solii
2582 3870 2659 3926 tui
2709 3867 2982 3924 orationes
3010 3877 3198 3919 eorum
3222 3902 3236 3926 ,
3276 3867 3332 3915 et
3363 3872 3553 3929 preces
3586 3869 3679 3910 eo—

2088 3985 2238 4034 rum;
2300 3975 2356 4022 et
2399 3962 2565 4019 facies
2608 3956 2871 4028 judicium
2923 3966 3112 4009 eorum
3132 3989 3147 4014 ,
3193 3956 3249 4003 et
3298 3943 3682 4015 pmpitiaberis

2088 4032 2284 4133 populo
2307 4064 2433 4120 tuo,
2472 4051 2565 4122 qui
2592 4046 2838 4121 peccavit
2856 4044 2971 4109 tibi,
3007 4048 3064 4096 et
3085 4037 3336 4094 omnibus
3378 4032 3678 4133 iniquitati.-

2090 4122 2192 4208 bus
2234 4161 2422 4204 eorum
2461 4143 2657 4213 quibus
2700 4133 3038 4210 praevaricati
3078 4137 3205 4187 sunt
3246 4129 3299 4183 in
3329 4133 3405 4191 te,
3444 4131 3499 4180 et
3525 4122 3680 4213 dabis

2092 4212 2518 4294 misericordiam
2544 4244 2727 4286 coram
2755 4228 2833 4283 eis
2868 4225 2960 4296 qui
2980 4238 3074 4280 eos
3100 4220 3342 4292 captivos
3371 4212 3700 4276 habuerint,.

2094 4337 2156 4383 ut
2180 4327 2545 4384 misereantur
2565 4323 2664 4377 eis.
2713 4318 2949 4388 Populus
2969 4316 3115 4371 enim
3141 4321 3266 4367 tuus
3294 4317 3400 4374 est,
3427 4315 3484 4363 et
3507 4307 3678 4360 haere—

2097 4422 2235 4475 ditas
2265 4427 2379 4483 tua,
2404 4430 2540 4486 quos
2569 4411 2798 4469 eduxisti
2829 4409 2896 4463 de
2942 4416 3087 4461 terra
3118 4402 3359 4475 Egypli,
3415 4399 3483 4454 de
3505 4394 3677 4451 medio

2104 4509 2338 4566 fornacis
2378 4505 2588 4567 ferrem,
2628 4509 2689 4555 ut
2716 4501 2823 4553 sint
2846 4497 2986 4553 oculi
3030 4495 3109 4549 tui
3139 4491 3311 4563 aperti
3336 4490 3405 4545 ad
3426 4489 3677 4558 depretia-

2105 4598 2306 4654 tionem
2334 4593 2475 4649 servi
2503 4590 2602 4657 tui,
2626 4598 2681 4645 et
2701 4588 2884 4658 populi
2906 4586 2982 4641 tui
3011 4582 3203 4648 Israel,
3234 4589 3290 4637 et
3309 4579 3567 4636 exaudies
3586 4590 3678 4631 eos

2102 4690 2158 4744 in
2204 4684 2470 4741 universis
2504 4696 2604 4752 pro
2644 4679 2838 4749 quibus
2878 4675 3250 4732 invocaverint
3290 4680 3361 4726 te.
3431 4671 3509 4724 Tu
3538 4666 3680 4721 enim

2105 4774 2370 4847 separasti
2394 4787 2488 4828 eos
2511 4770 2604 4825 tibi
2634 4770 2685 4824 in
2710 4768 3079 4823 hazreditatem
3112 4767 3178 4821 de
3216 4762 3481 4819 universis
3505 4773 3680 4829 popu-

2105 4870 2172 4925 lis
2199 4876 2378 4931 teme,
2409 4866 2547 4921 sicut
2573 4862 2785 4918 locutus
2804 4874 2864 4916 es
2890 4868 2987 4930 per
3014 4858 3231 4929 Moysen
3263 4868 3478 4911 servum
3509 4860 3682 4910 tuum,

2110 4950 2326 5028 quando
2365 4953 2632 5010 adduxisti
2689 4950 2877 5005 Patres
2930 4957 3143 5004 nostros
3183 4948 3249 5002 de
3295 4943 3549 5014 Egypto,
3580 4937 3703 4991 Do-r

2112 5047 2256 5100 mine
2286 5045 2446 5098 Deus.
