4020 6186
398 333 502 395 723
1154 334 1561 400 EXECETICA.
1607 376 1675 385 —
1708 340 2122 403 lNTERPRET.
2163 342 2485 406 NOMINUM
2520 346 2847 406 liEBRXlC.

3548 368 3682 426 735"

396 478 3646 522 “www.—

1302 603 1536 663 LIBER
1576 603 2171 667 GENERATIONIS
2215 607 2398 669 IESU
2441 606 2767 670 CHRISTI

1417 740 1570 795 FlLlI
1606 741 1844 807 DAVID,
1884 743 2040 798 FlLil
2076 743 2444 809 ABRAHAM,
2486 745 2635 801 ETC.

452 946 509 1023 [ι
537 947 734 1002 Beatus
759 944 1043 999 Matthreus
1073 941 1425 1013 evangelista,
1456 941 1790 998 dilectissimi
1816 982 1830 1005 ,
1859 953 1967 995 non
1996 940 2045 1001 Α
2072 940 2306 1010 generis,
2340 948 2395 995 et
2418 956 2545 995 vasa
2573 940 2689 1009 ejus
2717 941 2958 1013 diripuit.
2995 944 3058 999 In
3082 944 3219 1002 Iuda
3248 944 3535 1013 confessio,
3568 950 3658 1018 qui

381 1038 680 1102 inaruerito,
709 1037 857 1090 inter
897 1044 1096 1091 cmtera
1142 1032 1447 1090 caelestium
1493 1039 1825 1088 secretorum
1854 1031 1972 1085 aui-

377 1124 567 1189 malia,
593 1121 730 1178 facie
766 1122 1003 1178 hominis
1031 1120 1397 1177 describitur:
1428 1120 1554 1189 quia
1586 1119 1744 1190 longe
1777 1120 1845 1174 ab
1874 1134 1971 1173 an-

381 1215 549 1284 tiquis
573 1211 827 1268 Patribus
861 1213 1145 1267 exordium
1169 1211 1445 1282 Evangelii
1476 1227 1713 1278 sumens,
1738 1212 1971 1269 lucidius

377 1306 595 1362 ceteris
620 1305 994 1377 genealogiam
1036 1303 1329 1358 Dominicaz
1368 1302 1720 1359 humanitatis
1758 1319 1970 1374 prterm-

382 1398 538 1451 tavit.
559 1396 666 1452 Sed
686 1397 965 1451 sciendum
997 1403 1080 1450 est
1106 1394 1233 1466 quia
1262 1396 1458 1450 horum
1481 1394 1724 1450 omnium
1750 1395 1969 1450 nomina

2074 1031 2209 1087 dixit
2237 1029 2430 1103 [Edit.,
2452 1032 2579 1102 quia
2605 1033 2718 1102 ipse
2739 1034 2895 1107 dixit]
2922 1053 2935 1089 :
2962 1034 3260 1107 Conﬁtebor
3283 1039 3396 1105 tibi,
3415 1039 3657 1104 Domine,

2074 1122 2239 1177 Pater
2263 1121 2376 1177 caeli
2404 1132 2451 1178 et
2482 1132 2637 1178 teme
2671 1122 2886 1196 (Matth.
2917 1142 2973 1180 xt
2993 1167 3007 1193 ,
3047 1125 3158 1201 25).
3187 1127 3245 1182 In
3266 1129 3485 1184 Phares
3520 1130 3659 1184 divi-

2073 1212 2174 1278 sio,
2211 1213 2305 1283 qui
2340 1221 2588 1284 segregat
2625 1230 2754 1269 oves
2787 1214 2854 1270 ab
2902 1215 3070 1271 lnedis
3103 1212 3322 1287 (Matth.
3363 1230 3490 1281 xxv,
3536 1216 3658 1288 '53),

2073 1302 2150 1375 [id
2179 1312 2280 1368 est,
2311 1305 2485 1359 bonos
2521 1320 2550 1357 a
2582 1304 2759 1370 malis,
2785 1304 2987 1360 electos
3025 1320 3054 1359 a
3092 1304 3379 1378 reprobis].
3422 1305 3481 1360 In
3523 1305 3665 1360 Zara

2069 1393 2251 1449 oriens
2288 1395 2357 1449 ad
2397 1404 2640 1450 nostram
2688 1396 2943 1461 salutem,
2981 1397 3121 1451 sicut
3165 1397 3368 1452 dictum
3419 1404 3502 1453 est
3532 1414 3547 1452 :
3581 1394 3662 1451 Ti-

380 1485 657 1558 allegarici
686 1495 740 1541 ct
765 1485 984 1541 moralis
1007 1500 1200 1540 sensus
1227 1484 1459 1554 pleniter
1486 1485 1540 1539 in
1578 1500 1639 1540 se
1660 1485 1973 1543 contineant
2070 1483 2328 1537 mentibus
2377 1499 2563 1539 nomen
2608 1484 2820 1538 Domini
2856 1487 3053 1539 orietur
3097 1484 3176 1540 sol
3203 1486 3431 1556 justitiaz
3464 1484 3661 1557 [Edit.,

300 1644 305 1649 δ
378 1576 732 1651 intellectus]

665 1688 1223 1745 INTERPRETATIO
1258 1688 1684 1746 LITTERALIS.

449 1800 724 1855 Abraham
749 1842 763 1866 ,
791 1809 946 1872 pater
974 1801 1266 1856 multarum
1299 1800 1605 1876 [gentium].
1636 1803 1805 1868 Isaac,
1837 1820 1967 1875 gau-

378 1892 546 1948 dium.
578 1892 775 1958 Iaeob,
808 1893 1203 1964 supplantator.
1256 1893 1421 1949 Iudas
1467 1893 1735 1951 confessio
1767 1894 1966 1967 [inter-

376 1986 669 2059 pretatur].
729 1986 937 2043 Phares
991 1988 1203 2045 divisio.
1253 1988 1410 2054 Zara,
1461 1991 1661 2046 oriens.
1722 1991 1913 2047 Esrom
1948 2031 1962 2055 ,

375 2077 632 2147 sagittam
668 2077 876 2134 videns.
920 2077 1187 2145 Thamar,
1229 2079 1407 2149 palma
1447 2078 1714 2153 [dicitur].
1758 2081 1961 2145 Aram,

373 2167 599 2223 electus.
621 2167 927 2224 Aminadab
949 2210 965 2233 ,
994 2169 1227 2240 populus
1277 2181 1624 2240 spontaneus.
1675 2171 1918 2227 Naasson
1943 2212 1959 2237 ,

374 2274 550 2327 augur
578 2258 752 2314 fortis.
787 2258 1029 2326 Salmon,
1053 2260 1327 2317 sensibilis
1354 2261 1685 2336 [accipitur].
1713 2263 1880 2328 Booz,
1904 2264 1958 2318 iu
1994 2296 2032 2354 Β

373 2348 493 2417 ipso
517 2348 798 2405 fortitudo.
827 2349 999 2417 Raab,
1032 2351 1277 2407 latitudo.
1309 2354 1478 2419 Obed,
1506 2354 1766 2410 serviens.
1792 2355 1957 2420 Ruth,

372 2439 637 2495 festinans
667 2438 1051 2514 [subauditur].
1082 2442 1233 2499 Iesse
1255 2485 1270 2510 ,
1320 2446 1601 2502 incensum
1651 2447 1850 2519 [Edit.,
1880 2448 1955 2502 in-

365 2529 668 2601 cenlium].
704 2531 892 2597 David,
940 2547 1102 2587 manu
1128 2532 1307 2600 fortis,
1333 2534 1419 2590 vel
1448 2536 1842 2592 desiderabilis.
1868 2537 1961 2592 Sa—

371 2614 553 2675 lomon
576 2660 590 2685 ,
624 2620 899 2689 paciﬁcus.
934 2620 1131 2689 Urias,
1178 2623 1270 2677 lux
1317 2639 1438 2680 mea
1470 2624 1632 2681 Deus.
1661 2626 1954 2693 Bersabee,

373 2707 515 2764 ﬁlius
553 2708 852 2776 jurameuti
903 2710 1391 2785 [subintelligitur].
1424 2713 1664 2769 Roboam
1686 2756 1700 2780 ,
1732 2715 1959 2772 latitudo

371 2800 575 2870 populi.
623 2800 792 2867 Abiu,
822 2799 984 2856 Pater
1015 2803 1293 2858 Dominus.
1325 2804 1431 2861 Asa
1454 2846 1467 2869 ,
1497 2806 1768 2861 attollens.
1808 2805 1960 2863 Iosa-

371 2891 521 2960 phat,
551 2892 811 2948 Dominus
832 2894 1099 2981 judicavit
1135 2893 1524 2970 [exprimitur].
1549 2896 1752 2965 Joram,
1782 2898 1961 2954 excel-

370 2999 482 3039 sus.
532 2983 823 3052 Amasias,
866 2986 1096 3056 populus
1145 2987 1385 3045 elevatus
1434 2988 1584 3061 [Ed.
1644 3007 1748 3045 om.
1796 2991 1961 3045 Ama-

370 3078 504 3144 sias,
550 3077 696 3151 etc.].
744 3078 934 3146 Ozias,
966 3081 1222 3137 robustus
1258 3082 1493 3137 Domini.
1547 3080 1799 3149 Ioathan,
1837 3099 1961 3153 per-

372 3168 564 3224 fectus.
595 3170 779 3226 Achaz
808 3211 824 3237 ,
877 3173 1247 3243 apprehensus
1289 3172 1482 3245 [Beda,
1527 3174 1957 3248 apprehendens]

371 3260 635 3335 [dicitur].
667 3264 949 3329 Ezechias,
977 3264 1130 3321 fortis
1159 3266 1435 3322 Dominus.
1470 3267 1743 3323 Manasses
1764 3309 1778 3332 ,
1825 3267 1962 3324 obli-

371 3357 575 3412 viosus.
603 3358 802 3425 Annon,
851 3358 1044 3415 fidelis.
1093 3358 1241 3415 Iosia
1270 3401 1285 3426 ,
1324 3361 1471 3416 salus
1522 3361 1735 3416 Domini
1770 3361 1962 3434 [inter-

369 3448 660 3521 pretatur].
692 3447 1003 3516 Iechonias,
1034 3454 1358 3522 prteparatio
1390 3453 1624 3508 Domini.
1658 3452 1917 3509 Salathiel
1944 3495 1958 3520 ,

372 3540 561 3610 petitio
584 3555 703 3595 mea
729 3541 888 3596 Deus.
921 3541 1217 3598 Zorobabel
1238 3584 1252 3608 ,
1295 3544 1397 3598 iste
1424 3545 1699 3615 magister.
1727 3544 1956 3611 Abiuth,

371 3639 527 3701 pater
555 3647 705 3688 meus
735 3634 837 3689 iste
863 3633 1251 3709 [subauditur].
1281 3637 1547 3693 Eliacbim
1567 3680 1582 3704 ,
1635 3639 1728 3695 Dei
1780 3654 1961 3696 resur-
1983 3630 2031 3693 ο
2063 3630 2084 3709 ξ

369 3724 560 3779 rectio.
601 3724 758 3790 Azor,
800 3725 1033 3795 adjutus.
1081 3727 1287 3794 Sadoc,
1330 3729 1527 3799 justus.
1570 3729 1781 3785 Jochim
1807 3729 1955 3802 [Leg.

372 3813 608 3887 Achim],
638 3814 808 3872 frater
842 3832 995 3872 meus
1025 3817 1512 3893 [subintelligitur].
1556 3820 1793 3884 Heliuth,
1818 3821 1964 3876 Deus

372 3918 550 3960 meus.
583 3905 829 3972 Eleazar,
860 3907 1003 3963 Deus
1022 3924 1175 3964 meus
1202 3907 1433 3978 adjutor.
1466 3908 1709 3975 Mathan,
1740 3910 1960 3963 donum.

370 3992 541 4050 Iacob
569 3998 943 4067 subplantator
964 3998 1349 4073 [exprimitur].
1381 3999 1577 4071 Ioseph
1597 4042 1610 4066 ,
1642 4002 1921 4073 appositus
1945 4041 1961 4068 ,

371 4085 491 4141 sive
520 4097 732 4144 auctus.
764 4088 933 4145 Maria
959 4131 973 4156 ,
1005 4091 1355 4146 illuminatrix
1390 4133 1404 4157 ,
1449 4093 1565 4149 sive
1590 4093 1745 4149 stella
1775 4092 1960 4149 maris.

366 4176 553 4246 Iesus,
585 4180 852 4237 Salvator.
883 4182 1157 4251 Christus,
1180 4191 1377 4239 unctus
1400 4182 1856 4257 [interpretatur].

547 4291 703 4364 45],
745 4295 1299 4354 INTERPRETATIO
1331 4297 1791 4354 ALLEGORICA.

447 4401 552 4457 Per
579 4404 677 4459 hos
704 4406 850 4460 enim
889 4404 1080 4478 [Edit.,
1119 4406 1307 4481 igitur]
1350 4408 1692 4478 patriarchas
1717 4406 1966 4464 Christus

372 4489 659 4563 [Dominus
686 4494 832 4552 Deus
860 4496 1066 4570 noster]
1095 4498 1349 4554 veniebat
1378 4498 1431 4553 in
1460 4498 1752 4564 mundum;
1785 4505 1840 4553 et
1865 4498 1966 4552 ho-

371 4599 495 4638 rum
524 4586 766 4641 omnium
791 4587 845 4641 iu
893 4589 1071 4659 seipso
1114 4589 1405 4662 allegorice
1434 4589 1659 4661 gerebat
1693 4589 1963 4653 ofﬁcium;

367 4683 432 4729 et
458 4675 512 4729 in
543 4675 740 4731 horum
775 4677 1217 4749 interpretatione
1243 4680 1523 4735 nominum
1550 4687 1792 4736 nostram
1828 4677 1971 4733 desi-

368 4779 544 4835 gnare
566 4766 736 4822 voluit
769 4767 1017 4823 salutem.
1044 4767 1103 4823 In
1136 4767 1414 4823 Abraham
1442 4767 1532 4822 ille
1552 4775 1707 4837 pater
1735 4774 1819 4822 est
1852 4780 1968 4822 om-

374 4856 525 4910 nium
556 4857 890 4914 credentium
905 4900 920 4924 ,
944 4858 1012 4914 ad
1037 4873 1198 4929 quem
1222 4858 1475 4914 omnibus
1501 4858 1734 4913 clamare
1762 4857 1967 4912 licitum

374 4954 481 5012 est,
508 4955 564 5002 et
593 4948 772 5005 dicere
804 4966 819 5004 :
848 4948 994 5004 Abba
1026 4947 1185 5002 Pater
1212 4946 1389 5021 (Rom.
1420 4962 1540 5013 vm,
1582 4945 1701 5019 15)!
1732 4946 1790 5002 ln
1820 4946 1970 5001 lsaac

375 5038 630 5107 gaudium
659 5039 900 5095 omnium
930 5039 1196 5105 ﬁdelium,
1227 5039 1293 5095 de
1320 5052 1429 5109 quo
1466 5037 1689 5108 angelus
1726 5037 1923 5093 cecinit
1950 5050 1964 5090 :

376 5129 516 5185 Ecce
540 5134 797 5187 annuntio
823 5132 967 5189 vobis
986 5133 1240 5205 gaudium
1260 5147 1529 5203 magnum,
1547 5130 1687 5202 quod
1706 5131 1804 5185 erit
1824 5130 1967 5184 omni

374 5219 570 5289 popqu
600 5220 751 5294 (Luc.
776 5240 836 5289 ιι,
862 5224 972 5298 10).
1000 5223 1060 5279 ln
1089 5223 1258 5281 Iacob
1286 5222 1674 5295 supplantator,
1703 5221 1829 5291 quia
1855 5220 1968 5290 ipse

375 5309 728 5368 subnervavit
747 5323 802 5371 et
823 5316 1077 5371 contrivit
1095 5315 1366 5372 diabolum
1394 5320 1720 5370 vastatorem
1746 5310 1966 5381 humani

451 5478 478 5506 ι
510 5467 586 5523 Ex
637 5470 862 5525 humilia
888 5471 955 5527 dc
982 5469 1275 5526 Nativitate
1298 5472 1466 5528 beata.I
1510 5470 1689 5525 Μαι-ἱεῖς
1718 5466 1964 5538 virginis,

379 5538 523 5608 apud
555 5553 677 5595 ven.
709 5540 929 5608 Bedam.

440 5608 484 5689 ,ιι
523 5609 704 5693 Ερίιτέ
731 5611 843 5693 ιλιι
868 5610 1009 5667 Booz
1040 5610 1296 5693 fortitudo
1316 5611 1368 5665 in
1400 5611 1649 5693 ipsoest,
1672 5609 1794 5693 quia
1819 5620 1849 5661 a
1874 5622 1967 5693 uc—

379 5678 527 5736 mine
556 5680 929 5740 fortitudinem
959 5680 1197 5753 accepit,
1245 5681 1311 5736 de
1345 5678 1452 5749 quo
1480 5681 1677 5736 dictum
1692 5678 1785 5735 est
1811 5697 1824 5733 :
1867 5678 1968 5732 1)οο

2069 1574 2202 1629 sicut
2229 1576 2479 1644 scriptum
2507 1584 2583 1629 est
2610 1590 2629 1628 :
2668 1573 2907 1629 Visitavit
2935 1592 3028 1629 nos
3058 1576 3229 1630 oriens
3263 1591 3328 1629 ea:
3355 1573 3487 1647 alto]
3520 1573 3660 1647 (Ma-

2066 1666 2206 1722 lach.
2245 1682 2317 1732 ιν,
2356 1666 2432 1738 2).
2472 1667 2530 1721 In
2559 1666 2751 1721 Esrom
2794 1668 2990 1738 sagitta
3028 1666 3216 1722 salutis
3254 1666 3490 1731 Domini,
3522 1667 3664 1721 sicut

2067 1756 2272 1812 dictum
2315 1764 2398 1810 est
2445 1774 2457 1809 :
2489 1755 2712 1826 Sagitta:
2740 1757 2963 1827 potentis
3000 1766 3168 1811 acuta:
3204 1754 3376 1828 (Psal.
3408 1770 3554 1821 cxxx,
3576 1756 3657 1827 4).

2065 1847 2124 1901 In
2154 1848 2391 1902 Thamar
2420 1848 2599 1918 palma
2627 1848 2898 1914 victoriae,
2929 1845 3093 1920 [sicut
3127 1847 3240 1918 ipse
3270 1848 3405 1903 dixit
3439 1866 3451 1901 :
3483 1846 3660 1917 Con/i-

2065 1936 2190 2003 dite,
2221 1954 2314 2008 ego
2343 1939 2439 1992 vici
2466 1938 2719 1992 mundum
2747 1938 2951 2012 (Joan.,
2982 1955 3095 2005 xvt,
3126 1937 3338 2011 33)].ln
3355 1937 3520 1993 Aram
3551 1939 3660 1994 ele—

2065 2033 2204 2090 ctus,
2237 2026 2303 2080 de
2328 2041 2434 2095 quo
2459 2025 2623 2081 Pater
2649 2026 2891 2097 loquitur
2924 2046 2935 2080 :
2972 2027 3108 2082 Ecce
3130 2044 3261 2098 puer
3297 2044 3465 2094 meus,
3504 2044 3656 2099 quem

2063 2114 2224 2185 elegi,
2254 2114 2444 2170 electus
2485 2133 2631 2171 meus
2652 2157 2665 2181 ,
2708 2117 2829 2171 dedi
2864 2118 3105 2188 spiritum
3141 2133 3312 2172 meum
3354 2133 3508 2187 super
3539 2133 3701 2171 eam.

2066 2203 2223 2275 (Isai.
2245 2221 2378 2271 xm,
2406 2204 2478 2277 1).
2505 2205 2564 2260 In
2587 2206 2888 2284 Aminadab
2909 2207 3136 2277 populus
3158 2216 3505 2278 spontaneus,
3528 2208 3659 2277 quia

2064 2306 2257 2368 sponte
2292 2299 2471 2367 posuit
2506 2300 2746 2354 animam
2784 2315 2936 2354 suam
2976 2316 3075 2370 pro
3113 2300 3284 2355 salute
3329 2309 3513 2355 nostra
3537 2340 3551 2365 ,
3601 2307 3660 2352 ut

2065 2405 2163 2445 nos
2190 2389 2435 2445 efﬁceret
2466 2390 2567 2444 sibi
2597 2391 2852 2462 populum
2883 2400 3270 2461 spontaneum,
3311 2390 3535 2460 Deoque
3565 2403 3658 2443 ac—

2063 2479 2402 2551 ccptabilem.
2425 2478 2483 2532 In
2513 2481 2758 2535 Naasson
2784 2496 2977 2551 augur,
3006 2482 3061 2536 id
3096 2489 3200 2546 est,
3231 2480 3519 2551 propheta;
3541 2477 3655 2534 for-

2063 2575 2151 2640 tis,
2166 2588 2289 2629 cum
2303 2573 2434 2628 dicit
2456 2590 2469 2626 :
2492 2570 2625 2627 Cum
2650 2574 2843 2627 venerit
2863 2571 3038 2627 Filius
3058 2574 3283 2627 hominis
3304 2574 3359 2626 in
3380 2573 3654 2642 majestate

2061 2682 2157 2720 sua
2173 2682 2192 2730 ;
2246 2674 2369 2719 tunc
2415 2664 2610 2719 sedebit
2657 2665 2714 2718 in
2760 2664 2881 2717 sede
2930 2664 3220 2733 majestatis
3271 2680 3385 2718 sua:
3434 2661 3653 2735 (Matth.

2061 2773 2188 2823 xxv,
2217 2755 2332 2830 51),
2381 2764 2440 2810 ιιι
2462 2754 2666 2824 judicct
2692 2753 2877 2809 orbem
2908 2753 2963 2808 in
2991 2752 3265 2823 equitate.
3292 2752 3350 2806 In
3398 2750 3654 2806 Sa‘lmonc

2061 2847 2351 2912 sensibilis,
2394 2846 2448 2901 id
2473 2853 2556 2901 est
2580 2843 2979 2909 intellectualis,
3006 2842 3094 2916 [de
3119 2858 3226 2913 quo
3248 2842 3505 2912 scriptum
3528 2849 3613 2896 est
3634 2858 3659 2895 τη

2060 2936 2183 3009 Ipse
2209 2947 2403 3006 autem,
2435 2948 2492 2992 ut
2522 2938 2647 2993 vidit
2677 2938 3017 3009 cogitationes
3045 2953 3224 2992 eorum
3253 2934 3404 3008 (Luc.
3436 2932 3652 3004 111,17),
3698 2976 3711 2986 ρ

2061 3036 2117 3083 et
2138 3028 2332 3083 iterum
2358 3045 2370 3081 :
2393 3027 2649 3082 Dominus
2670 3028 2808 3081 novit
2832 3027 3168 3097 cogitationes
3188 3025 3457 3079 hominum
3477 3019 3651 3096 (Psat.

2062 3135 2216 3186 xcm,
2245 3119 2356 3191 11).
2389 3119 2457 3173 Et
2488 3138 2500 3171 :
2536 3118 2792 3174 Scrutans
2822 3118 2983 3172 corda
3003 3159 3017 3184 ,
3045 3126 3094 3172 et
3124 3133 3271 3171 renes
3301 3116 3443 3170 Deus
3474 3111 3649 3187 (Psal.
3696 3158 3703 3165 .

2062 3226 2161 3276 vn,
2191 3208 2340 3281 10)].
2371 3210 2471 3276 Qui
2504 3209 2640 3264 dixit
2664 3206 2865 3264 Iudicis
2895 3226 2908 3261 :
2939 3206 3095 3274 Quid‘
3121 3204 3359 3276 cogitatis
3396 3204 3453 3257 in
3482 3202 3628 3256 cordi
3640 3232 3659 3240 ο

2063 3300 2156 3355 bus
2183 3302 2360 3355 vestris
2389 3298 2539 3372 (Luc.
2573 3316 2627 3363 v,
2658 3299 2783 3372 22);
2828 3299 2918 3370 qui
2958 3298 3233 3369 prmt'erita
3275 3304 3333 3352 et
3363 3294 3564 3360 futura,
3596 3303 3671 3348 ut~
3702 3330 3706 3335 -

2061 3394 2345 3464 praesentia
2383 3393 2644 3464 agnoscit.
2686 3393 2743 3447 In
2782 3392 2924 3448 Βοοι
2969 3392 3136 3446 robur
3160 3390 3380 3444 virtutis
3412 3388 3528 3457 ejus
3561 3401 3655 3440 exs-

2060 3487 2333 3557 primitur,
2364 3492 2423 3540 ut
2452 3485 2527 3539 ait
2554 3504 2566 3539 :
2594 3483 2786 3540 Omnia
2812 3485 3018 3539 traham
3052 3481 3121 3536 ad
3166 3475 3652 3550 meipsum‘UO‘an.

2063 3595 2161 3645 xu,
2188 3578 2278 3650 22)
2311 3579 2359 3631 b.
2393 3577 2448 3631 In
2479 3577 2629 3632 Raab
2660 3577 2887 3631 latitudo
2916 3574 3128 3644 imperii
3158 3571 3213 3627 in
3242 3565 3669 3625 ECclcsia'desi‘.

2061 3672 2259 3740 gnatur
2287 3679 2333 3722 °.
2365 3667 2423 3721 In
2465 3667 2638 3722 Obcth
2683 3666 2947 3723 serviens.
2990 3662 3115 3732 quia
3160 3675 3266 3714 non
3302 3658 3466 3714 venit'
3497 3655 3655 3711 mini—

2063 3759 2245 3822 strari,
2281 3757 2375 3811 sed
2402 3757 2734 3820 ministrare,
2775 3753 2913 3809 sicut
2948 3752 3233 3824 Apostolus
3267 3751 3403 3808 dixit
3450 3766 3469 3806 :
3514 3745 3657 3801 For—

2064 3864 2204 3902 mam
2244 3846 2376 3901 servi
2414 3845 2694 3914 accipiens.
2747 3842 2802 3897 In
2842 3842 2989 3897 Ruth
3030 3840 3294 3898 festinans
3319 3840 3387 3895 ad
3423 3836 3668 3894 salutem.

2065 3945 2305 3993 nostram
2339 3934 2454 4008 [qui
2486 3934 2806 3991 festinanter
2841 3933 2954 3988 vult
2980 3948 3169 3987 omnes
3196 3933 3441 3987 homines
3476 3930 3660 3985 salvos

2066 4027 2217 4093 ﬁeri,
2254 4037 2310 4082 et
2359 4026 2427 4081 ad
2475 4025 2806 4098 agnitionem
2847 4022 3094 4078 veritatis
3136 4022 3345 4084 venire,
3374 4021 3561 4075 dicens
3601 4020 3655 4073 in

2066 4116 2354 4189 Evangelio
2385 4135 2397 4170 :
2432 4114 2798 4170 Paenitentiam
2823 4114 2992 4184 agite,
3037 4109 3470 4182 appropinquabit
3517 4109 3655 4161 enim

2068 4223 2285 4278 regnum
2308 4205 2554 4261 caelorum
2585 4204 2801 4277 (Matth.
2831 4219 2907 4271 tv,
2934 4201 3019 4274 17)
3042 4201 3084 4276 ].
3113 4201 3171 4256 In
3197 4198 3347 4256 Iesse
3374 4198 3653 4253 incensum

2069 4296 2264 4370 [Edit.,
2298 4294 2626 4370 incendium]
2667 4297 2995 4367 agnoscitur,
3023 4294 3116 4366 qui
3145 4295 3222 4349 ait
3262 4310 3294 4362 ε.
3320 4290 3500 4363 Ignem
3540 4290 3655 4344 veni

2066 4389 2267 4443 mittere
2304 4388 2360 4442 in
2386 4397 2579 4442 terram
2622 4386 2695 4459 [et
2734 4385 2860 4457 quid
2895 4383 3006 4439 volo
3026 4425 3040 4449 ,
3072 4384 3172 4438 nisi
3202 4391 3255 4436 nt
3285 4381 3467 4435 ardeat
3499 4376 3652 4451 (Luc.

2068 4495 2167 4543 xu,
2198 4477 2365 4549 49)]?
2392 4477 2459 4530 Et
2486 4477 2614 4530 item
2639 4475 2874 4530 Ioannes
2902 4474 3037 4528 dixit
3060 4471 3126 4526 de
3152 4487 3217 4526 co
3251 4488 3263 4523 :
3301 4468 3420 4539 Ipse
3445 4483 3534 4522 vos
3563 4467 3655 4521 ba-

2066 4568 2282 4639 ptizabit
2311 4567 2367 4619 in
2409 4564 2609 4636 Spiritu
2637 4574 2817 4619 sancto
2846 4574 2893 4618 et
2933 4564 3040 4633 igni
3072 4560 3287 4635 (Matth.
3331 4575 3414 4625 ιιι,
3453 4557 3562 4631 11).
3597 4557 3653 4614 In

2068 4658 2239 4713 David
2259 4655 2651 4722 desiderabilis,
2672 4656 2797 4725 quia
2818 4655 3021 4710 dictum
3043 4661 3158 4710 est:
3185 4651 3460 4723 Speciosus
3484 4651 3656 4719 {arma

2067 4772 2177 4826 pra:
2208 4753 2334 4824 ﬁliis
2359 4753 2627 4808 hominum
2658 4750 2829 4825 (Psal.
2871 4768 3015 4818 xuv,
3045 4750 3122 4825 5).
3163 4750 3243 4823 [In
3271 4751 3459 4805 eodem
3492 4765 3652 4803 manu

2069 4845 2244 4911 fortis,
2269 4844 2483 4916 quando
2511 4842 2778 4915 ﬂagellum
2804 4843 2870 4899 de
2889 4841 3141 4897 funiculis
3170 4842 3222 4895 in
3251 4854 3413 4894 manu
3442 4846 3650 4892 tem-nu.

2070 4937 2390 4992 immensam
2435 4934 2783 4989 vendentium
2829 4939 2883 4988 et
2921 4931 3212 4987 ementium
3256 4925 3689 4982 multitudinem.

2071 5028 2231 5100 ejccit
2251 5028 2316 5083 de
2346 5027 2544 5097 templo
2567 5024 2748 5100 (Ioan.
2780 5041 2839 5091 ιι,
2873 5023 3008 5097 15)].
3051 5023 3182 5079 Item
3215 5019 3370 5075 fortis
3402 5015 3651 5078 bellator,
3688 5073 3695 5078 ,

2074 5121 2201 5175 dum
2226 5117 2495 5174 diabolum
2524 5116 2797 5181 vincebat,
2815 5122 2870 5169 et
2894 5112 3195 5169 humiliavit
3223 5109 3417 5181 [Edit.,
3445 5106 3577 5162 vicit
3601 5118 3656 5160 et

2074 5208 2352 5282 contrivit]
2381 5208 2824 5264 calumniatorem
2850 5214 3110 5260 nostrum.
3141 5203 3196 5258 In
3236 5201 3522 5257 Salomone
3560 5215 3652 5273 pa-

2075 5302 2293 5365 ciﬁcus,
2348 5300 2488 5355 sicut
2524 5299 2659 5354 dixit
2704 5316 2717 5352 :
2748 5295 2939 5351 Pacem
2968 5310 3135 5351 meam
3170 5293 3237 5346 do
3267 5290 3441 5354 vobis,
3472 5304 3651 5360 pacem

2070 5456 2241 5509 minus
2264 5454 2413 5523 {ortis
2435 5462 2481 5506 et
2502 5462 2710 5523 potens;
2738 5451 2988 5507 Dominus
3008 5458 3185 5520 potens
3206 5447 3260 5501 in
3281 5445 3460 5517 prtelio
3479 5441 3651 5517 (Psaf.

2071 5526 2390 5650 ἐ
2422 5612 2439 5643 ι
2468 5569 2527 5646 In
2549 5592 2697 5646 Raab
2727 5586 3227 5666 lati_tudo_potentize
3250 5584 3370 5666 ejus
3396 5584 3659 5666 exprimi--

2073 5678 2178 5749 tur,
2203 5679 2365 5789 autem
2406 5671 2549 5719 totus
2576 5677 2680 5718 non
2716 5660 2869 5731 capit.
2893 5654 3066 5723 orbis,
3099 5668 3152 5714 ct
3182 5654 3334 5726 cujus
3373 5654 3522 5727 regni
3549 5666 3694 5707 amas.

2072 5747 2171 5793 erit
2241 5753 2341 5791 ms.
2380 5754 2425 5788 ι.
