4020 6186
427 327 528 388 727

1260 329 1320 382 Β.
1361 327 1424 380 F.
1459 324 1684 380 ALBINI
1724 324 1856 380 SEU
1896 321 2172 379 ALCUINI
2209 320 2496 377 OPERUM
2533 319 2711 374 PARS
2747 320 2812 374 II.

3587 321 3690 381 73.3

428 464 598 505 meam
627 449 859 518 relinquo
899 446 1038 498 vobis
1075 443 1256 514 (Joan.
1291 457 1402 506 le,
1433 439 1545 514 27).
1586 441 1826 508 Itemque
1861 437 2005 506 Apo-
2033 443 2081 498 Α
2110 437 2415 490 resurrectio
2445 445 2492 489 et
2521 435 2670 508 vita,]
2695 437 2784 507 qui
2811 439 2972 491 credit
3009 439 3064 492 in
3099 456 3210 504 me,
3239 456 3344 493 non
3368 441 3621 495 morietur
3644 445 3700 497 in

429 540 598 595 stolus
621 537 790 606 inquit
819 553 833 588 :
860 533 980 604 Ipse
1005 543 1079 586 est
1117 548 1222 602 paa:
1266 540 1472 596 nostra,
1499 531 1589 600 qui
1629 530 1752 599 fecit
1795 537 2012 597 utraque
2115 537 2400 591 internum;
2437 527 2527 580 sed
2572 545 2664 598 ego
2703 529 3018 584 resuscitabo
3057 548 3175 585 eum
3215 531 3270 584 in
3305 532 3582 586 novissimo
3619 533 3700 590 die

429 643 592 683 unum
623 625 837 696 (Ephes.
879 639 941 688 ιι,
969 622 1078 694 ii).
1111 622 1169 676 In
1195 621 1515 686 Bethsabea,
1541 620 1682 674 ﬁlius
1699 617 2010 690 juramenti,

430 717 499 770 dc
524 728 631 784 quo
659 714 860 774 dictum
890 719 974 766 est
1005 731 1017 765 :
1048 710 1257 765 Juravit
1288 709 1569 773 Dominus,
1593 718 1640 763 et
1670 724 1774 762 non
1798 707 2014 778 panite-

429 807 502 859 bit
527 819 678 868 eum;
707 813 763 856 tu
787 819 840 856 es
863 802 1108 856 sacerdos
1137 802 1193 854 in
1213 814 1465 854 aeternum
1495 797 1667 871 (Psal.
1706 814 1816 864 Ctx,
1850 797 1928 868 4).
1958 796 2015 850 In

429 893 670 950 Roboam
709 893 937 948 latitudo
968 891 1139 946 ﬁdelis
1169 890 1372 962 populi,
1409 905 1531 946 cum
1579 889 1657 944 ait
1697 906 1710 942 :
1755 887 1910 941 Multi
1952 887 2016 942 ab

430 983 627 1038 oriente
655 992 704 1037 et
732 981 994 1037 occidente
1025 981 1260 1046 venient,
1290 989 1338 1034 et
1379 978 1672 1033 recumbent
1701 993 1820 1030 cum
1852 975 2020 1028 Abra-

428 1073 574 1138 ham,
605 1069 761 1126 Isaac
788 1080 836 1124 et
863 1068 1029 1124 Iacob
1064 1071 1120 1123 in
1159 1086 1316 1140 regno
1357 1067 1604 1122 castorum
1637 1065 1851 1138 (Matth.
1898 1081 2016 1128 vm,

430 1160 542 1232 tl).
575 1159 634 1214 In
660 1159 798 1216 Abia
821 1159 985 1215 Pater
1023 1159 1312 1224 Dominus,
1345 1157 1436 1226 qui
1475 1157 1550 1211 ait
1583 1175 1594 1210 :
1631 1154 1810 1210 Nolite
1839 1170 2020 1209 vocare

430 1250 572 1306 vobis
617 1259 817 1321 patrem
863 1251 920 1304 in
964 1261 1137 1314 terra;
1185 1265 1321 1302 unus
1365 1248 1503 1301 enim
1538 1255 1612 1300 est
1658 1242 1820 1298 Pater
1849 1254 2022 1322 noster

433 1340 621 1412 [Edit.,
659 1337 876 1410 vester],
906 1339 996 1408 qui
1032 1355 1087 1392 tn
1113 1337 1251 1392 caelis
1293 1346 1368 1390 est
1409 1334 1622 1406 (Matth.
1660 1349 1825 1396 χχιιι,
1857 1330 1932 1402 9).
1962 1332 2019 1386 In

427 1437 541 1489 Aea
563 1431 835 1495 attollens,
867 1432 934 1486 de
959 1445 1066 1500 quo
1087 1429 1326 1484 Joannes
1365 1445 1378 1480 :
1422 1425 1556 1479 Ecce
1584 1424 1762 1494 Agnus
1792 1423 1911 1487 Dei,
1943 1423 2023 1476 in-

429 1523 568 1594 quit,
594 1523 684 1592 qui
727 1520 860 1575 tollit
904 1529 1115 1591 peccata
1145 1517 1328 1572 mundi
1357 1515 1539 1586 (Joan.
1568 1531 1616 1578 ι,
1647 1512 1758 1582 29).
1790 1512 1848 1566 In
1876 1509 2024 1565 Josa-

429 1614 562 1683 phat
581 1611 771 1680 iudex,
803 1611 930 1682 quia
956 1611 1066 1682 ipse
1086 1609 1350 1679 judicabit
1388 1607 1562 1660 orbem
1591 1615 1744 1659 terra:
1774 1604 1828 1658 in
1856 1603 2021 1674 (cqui—

431 1711 537 1758 tate
575 1699 748 1774 (Psal.
788 1715 920 1766 xcv,
964 1699 1050 1770 15)
1089 1698 1165 1770 [et
1204 1699 1318 1767 ipse
1357 1702 1439 1750 est
1477 1693 1643 1762 judex
1686 1693 1930 1746 vivorum
1969 1699 2024 1744 et

2117 620 2296 692 (Joan.
2331 639 2408 686 ιιι,
2444 621 2558 692 25).
2588 621 2646 675 In
2674 621 2820 676 Azur
2849 619 3034 693 [Azor]
3065 623 3300 692 adjutus,
3334 629 3394 676 ut
3419 623 3498 676 ait
3531 641 3544 675 :
3579 622 3702 678 Non

2115 729 2232 766 sum
2256 710 2417 776 solus,
2445 713 2569 782 quia
2595 710 2758 766 Pater
2781 728 2983 766 mecum
3002 721 3076 765 est
3099 711 3280 783 (Joan.
3315 728 3434 778 vm,
3465 712 3553 779 16,
3575 714 3696 785 29);

2118 801 2232 869 ipse
2255 807 2338 856 est
2367 798 2580 867 adjutor
2605 801 2844 854 omnium
2881 801 3227 870 Sperantium.
3271 801 3362 874 [Et
3391 819 3405 855 :
3437 801 3541 868 Qui
3565 804 3703 856 misit

2118 907 2216 954 me,
2247 905 2446 944 mecum
2475 898 2572 956 est,
2597 902 2643 944 et
2666 906 2769 944 non
2793 889 2998 960 reliquit
3023 906 3104 944 me
3133 889 3346 962 solum].
3377 891 3446 945 Et
3466 892 3658 946 iterum
3684 910 3697 946 :

2119 980 2295 1049 Opera
2319 997 2440 1051 qua:
2459 997 2559 1054 ego
2581 981 2742 1046 facio,
2771 996 2802 1035 a
2828 981 3033 1052 meipso
3065 996 3171 1036 non
3203 981 3378 1049 facio;
3408 983 3500 1036 sed
3526 980 3700 1046 Pater,

2119 1071 2208 1140 qui
2250 1087 2450 1126 mecum
2495 1080 2590 1136 est,
2615 1071 2724 1142 ipse
2757 1070 2884 1140 facit
2923 1087 3080 1142 opera
3125 1069 3306 1142 (Joan.
3349 1089 3462 1138 xw,
3500 1071 3608 1144 I0).
3647 1071 3701 1127 In

2121 1159 2332 1214 Sadoch
2349 1157 2550 1227 justus,
2577 1161 2718 1215 sicut
2743 1161 3003 1231 scriptum
3033 1169 3116 1216 est
3140 1175 3154 1214 :
3187 1160 3254 1216 Ut
3277 1164 3344 1216 sit
3373 1164 3480 1234 ipse
3500 1163 3704 1233 justus,

2120 1259 2166 1300 et
2181 1248 2485 1317 justiﬁcans
2504 1267 2590 1304 eos
2609 1251 2696 1320 qui
2719 1249 2886 1319 infide
2907 1261 3025 1304 sunt
3050 1249 3274 1305 Abrahae
3297 1251 3475 1324 (Rom.
3494 1253 3703 1325 tu,‘26).

2121 1335 2178 1389 In
2207 1334 2415 1391 Jocbim
2447 1336 2594 1409 [Leg.
2620 1338 2832 1411 Achim]
2856 1339 3026 1395 frater
3052 1357 3222 1407 meus,
3249 1351 3308 1396 ut
3329 1343 3409 1397 ait
3435 1362 3448 1396 :
3476 1342 3710 1409 Quicun-

2121 1442 2220 1494 que
2247 1425 2425 1494 fecerit
2448 1425 2760 1482 voluntatem
2785 1427 2962 1483 Patris
2985 1431 3104 1495 mei,
3132 1430 3240 1500 ipse
3260 1442 3334 1486 est
3358 1433 3524 1501 frater
3535 1451 3703 1501 meus,

2123 1525 2170 1568 et
2193 1526 2358 1568 mater
2378 1532 2510 1579 mea,
2538 1524 2586 1570 et
2611 1533 2760 1571 soror
2782 1535 2896 1572 mea
2927 1519 3138 1590 (Matth.
3167 1537 3266 1586 xu,
3296 1521 3408 1594 50).
3436 1522 3494 1578 In
3526 1524 3705 1580 Eliuth

2131 1605 2265 1660 Deus
2286 1621 2458 1670 meus,
2477 1606 2567 1675 qui
2589 1622 2652 1661 ex
2675 1615 2858 1662 nostra
2883 1607 3194 1664 inﬁrmitate
3213 1611 3348 1666 dixit
3365 1612 3432 1666 ad
3451 1613 3666 1670 Patrem
3692 1635 3707 1670 :

2127 1691 2266 1746 Deus
2292 1691 2434 1747 Deus
2462 1709 2624 1756 meus,
2653 1695 2722 1748 ad
2750 1705 2799 1748 te
2825 1695 2890 1750 de
2917 1694 3030 1750 luce
3066 1697 3239 1768 vigilo,
3261 1707 3318 1752 ut
3347 1700 3414 1754 ad
3438 1709 3489 1756 te
3528 1717 3710 1758 resur-

431 1771 810 1862 mortuorum].
841 1791 1082 1860 Itemque
1111 1789 1186 1842 ait
1219 1806 1230 1840 :
1275 1787 1434 1840 Pater
1469 1803 1572 1840 non
1601 1785 1810 1855 judicat
1839 1799 2018 1854 quem-
2049 1771 2095 1831 Β
2120 1796 2240 1850 3am
2263 1783 2312 1835 ι).
2345 1783 2403 1836 In
2431 1782 2655 1838 Eleazar
2696 1785 2837 1840 Deus
2875 1801 3028 1841 meus
3053 1787 3286 1858 adjutor,
3308 1798 3364 1844 et
3387 1793 3629 1847 omnium
3655 1795 3708 1849 in

431 1901 608 1954 quam,
635 1887 728 1937 sed
766 1899 914 1938 omne
945 1881 1208 1952 judicium
1249 1879 1389 1933 dedit
1437 1875 1580 1930 Filio
1627 1893 1722 1930 suo
1757 1873 1938 1946 (Joan.
1970 1889 2022 1939 v,

432 1975 545 2048 22).
571 1975 628 2029 In
653 1973 840 2029 Joram
867 1973 1132 2037 excelsus,
1158 1971 1285 2041 quia
1315 1969 1428 2039 ipse
1455 1967 1702 2022 ascendit
1730 1979 1890 2034 super
1913 1978 2024 2018 ca:-

433 2065 514 2120 los
539 2064 800 2121 cmlorum
842 2062 1036 2135 [Edit.,
1078 2074 1240 2130 super
1272 2072 1460 2114 omnes
1497 2052 1706 2125 caelos],
1748 2053 1830 2126 [ut
1857 2054 2026 2108 adim-

435 2154 608 2226 pleret
629 2154 812 2210 omnia
839 2168 854 2206 :
879 2161 934 2207 et
961 2151 1102 2206 sicut
1123 2149 1411 2204 Psalmista
1437 2146 1568 2202 dicit
1606 2164 1618 2198 :
1649 2143 1904 2198 Excelsus
1931 2159 2024 2196 su-

437 2259 530 2314 per
562 2259 737 2297 omnes
777 2252 951 2313 gentes
993 2251 1039 2296 et
1082 2256 1237 2310 super
1283 2237 1436 2292 cmlos
1476 2237 1645 2308 gloria
1685 2235 1802 2306 ejus
1851 2231 2021 2305 (Psal.

440 2349 571 2398 cxn,
587 2331 688 2404 4)].
707 2345 732 2373 α
762 2332 820 2388 In
847 2331 1068 2386 Amasia
1093 2328 1320 2399 populus
1343 2327 1604 2391 elevatus,
1634 2325 1761 2395 quia
1787 2338 1884 2394 per
1901 2337 2026 2377 eum

441 2423 678 2480 Ecclesia
708 2422 805 2478 Dei
831 2423 1038 2478 elevata
1067 2429 1173 2485 est,
1202 2419 1290 2475 cui
1309 2416 1458 2472 dedit
1480 2422 1800 2486 potestatem
1825 2409 2024 2484 ligandi

437 2517 602 2590 452
637 2517 1005 2586 solvendique.
1043 2513 1102 2570 In
1140 2513 1270 2570 Ozia
1309 2511 1562 2567 robustus
1606 2510 1853 2575 Domini,
1900 2509 2026 2578 quia

439 2609 709 2680 captivum
737 2607 1030 2662 humanum
1054 2619 1224 2676 genus
1248 2601 1326 2674 [in
1349 2602 1568 2656 robusta
1587 2597 1774 2671 manu]
1805 2597 2029 2668 captivi-

441 2707 552 2754 tate
582 2697 780 2771 [Edit.,
815 2695 1183 2767 captivitatem
1223 2693 1444 2749 humani
1485 2690 1720 2763 generis]
1759 2689 2025 2753 liberavit,

440 2797 500 2845 ct
524 2789 580 2844 in
617 2788 726 2844 alta
759 2787 1020 2843 calorum
1049 2783 1292 2840 deduxit.
1331 2782 1390 2837 lu
1430 2780 1690 2846 Joathan,
1732 2777 2026 2851 perfectus,

440 2881 582 2939 sicut
603 2881 658 2936 in
683 2879 974 2950 Evangelio
999 2877 1130 2931 dicit
1157 2895 1169 2929 :
1203 2875 1318 2930 Nos
1346 2876 1482 2928 enim
1511 2874 1653 2928 decet
1681 2870 1893 2944 implere
1920 2887 2032 2926 om-

441 2986 560 3027 nem
586 2969 856 3040 justitiam
883 2964 1096 3039 (Matth.
1130 2979 1215 3032 ιιι,
1245 2963 1354 3036 15).
1401 2965 1458 3017 In
1497 2963 1698 3028 Achaz,
1729 2961 2032 3033 apprehen-

2127 1886 2185 1926 se
2209 1871 2544 1928 credentium
2572 1882 2862 1942 protector,
2896 1875 2988 1942 qui
3017 1875 3150 1930 dixit
3174 1894 3187 1929 :
3213 1875 3316 1942 Qui
3338 1879 3478 1933 misit
3502 1897 3582 1934 me
3602 1879 3714 1936 Pc-

2125 1973 2206 2016 ter
2231 1979 2430 2018 mecum
2459 1974 2566 2029 est,
2603 1975 2650 2018 et
2687 1980 2790 2018 non
2833 1963 3074 2036 relinquit
3103 1951 3194 2020 me
3237 1967 3404 2021 solum
3449 1979 3472 2010 α
3521 1968 3706 2040 (Joan.

2125 2071 2242 2121 vui,
2265 2055 2378 2126 29).
2411 2057 2468 2110 1η
2496 2056 2712 2112 Mathan
2737 2057 2956 2124 donum,
2981 2059 3105 2127 quia
3125 2074 3224 2128 per
3245 2060 3420 2130 ipsum
3448 2063 3588 2118 Deus
3604 2064 3710 2119 Pa-

2127 2151 2210 2198 ter
2232 2144 2414 2200 omnia
2441 2145 2618 2201 debita
2643 2145 2962 2216 perdonavit
2985 2149 3166 2215 nobis;
3198 2159 3255 2205 et
3287 2152 3400 2220 ipse
3426 2154 3710 2208 ascendens

2124 2235 2179 2288 in
2208 2233 2372 2289 altum
2408 2234 2685 2307 [captiuam
2723 2237 2873 2291 duxit
2893 2239 3263 2313 captiritatem]
3289 2243 3433 2296 dedit
3456 2243 3600 2298 dona
3619 2245 3712 2298 ho-

2126 2322 2350 2376 minibus
2381 2321 2551 2395 (Psal.
2585 2341 2754 2390 uvu,
2795 2325 2891 2392 I9;
2941 2326 3133 2397 Ephes.
3177 2345 3248 2392 IV,
3291 2330 3368 2402 8).
3418 2330 3476 2385 In
3521 2331 3707 2396 Iacob,

2126 2414 2269 2482 quod
2304 2423 2464 2470 antea
2504 2415 2638 2482 dixi,
2668 2419 3038 2486 supplantator
3061 2420 3267 2490 antiqui
3305 2422 3474 2477 hostis
3507 2423 3708 2483 nostri;

2126 2505 2251 2576 quia
2296 2507 2408 2562 suis
2443 2506 2688 2563 ﬁdelibus
2729 2507 2875 2562 dedit
2908 2516 3229 2580 potestatem
3271 2511 3510 2567 calcandi
3556 2529 3710 2584 super

2126 2606 2404 2669 serpentes,
2435 2608 2481 2652 et
2513 2600 2830 2670 scorpiones,
2858 2609 2907 2654 et
2931 2617 3085 2671 super
3111 2618 3314 2657 omnem
3343 2605 3579 2659 uirtutem
3605 2606 3708 2660 ini-

2127 2687 2250 2740 mici
2279 2685 2430 2758 (Luc.
2463 2704 2518 2753 χ,
2551 2686 2658 2759 19).
2684 2687 2742 2742 In
2766 2685 2964 2758 Ioseph
2993 2698 3204 2755 auctus,
3246 2689 3357 2762 [cui
3380 2693 3526 2748 dedit
3553 2693 3706 2750 Pater

2127 2787 2298 2852 gentes
2323 2779 2379 2833 in
2405 2778 2760 2832 hwreditatem
2787 2795 2961 2844 suam,
2997 2789 3044 2834 et
3078 2781 3133 2836 in
3159 2783 3533 2852 possessionem
3559 2800 3708 2839 suam

2128 2871 2376 2925 terminos
2423 2880 2576 2926 terra:
2615 2868 2787 2944 (Psal.
2833 2888 2894 2937 ιι,
2940 2871 3028 2945 8)]
3071 2873 3176 2938 vel,
3213 2883 3560 2946 augmentum
3588 2875 3710 2930 vita

2128 2970 2366 3026 aeternae,
2391 2971 2450 3016 ut
2479 2963 2594 3033 ipse
2620 2963 2754 3018 dixit
2782 2977 2796 3017 :
2827 2961 2942 3034 Ego
2965 2966 3098 3029 veni,
3123 2948 3180 3018 ἷιι
3209 2967 3372 3020 vitam
3397 2967 3641 3034 habeant,
3660 2978 3708 3022 et

444 3061 597 3124 deus,
625 3056 717 3130 qui
756 3055 940 3111 caelum
977 3053 1151 3124 palmo
1179 3053 1484 3124 ponderavit
1525 3052 1680 3125 (Isai.
1713 3070 1804 3118 ιιι..
1837 3051 1946 3123 12),
1977 3057 2033 3106 et
2073 3127 2102 3130 _
2130 3051 2483 3106 abundantius
2505 3049 2727 3106 habeant
2751 3050 2934 3124 (Joan.
2957 3068 3014 3119 ι,
3038 3051 3147 3124 10).
3172 3054 3228 3109 In
3253 3064 3436 3111 sancta
3458 3064 3635 3111 autem
3655 3065 3709 3112 et

445 3127 648 3202 terram
671 3145 874 3214 pugillo
911 3143 1182 3200 concludit
1224 3141 1418 3215 [Edit.,
1453 3141 1757 3215 conclusit].
1799 3142 1858 3196 In
1899 3142 2032 3198 Eze—
2057 3127 2106 3192 (ἶ
2134 3151 2393 3212 perpetua
2433 3143 2640 3213 virgine
2665 3141 2854 3208 Maria,
2881 3143 2946 3198 de
2969 3159 3074 3214 qua
3104 3154 3260 3202 natus
3292 3154 3392 3213 est,
3423 3146 3574 3202 stella
3599 3162 3710 3202 ma-

444 3235 587 3301 chia,
603 3235 724 3291 forti
735 3237 860 3292 tudo
890 3234 1124 3301 Domini,
1147 3235 1236 3305 qui
1262 3232 1798 3304 ait:Conﬁdite,qaia
1818 3247 1911 3303 ego
1935 3231 2033 3286 vici

443 3325 698 3384 mundum
741 3324 924 3396 (Joan.
973 3306 1086 3392 xvi,
1134 3324 1246 3395 55).
1293 3323 1428 3376 Item
1467 3323 1620 3392 juxta
1659 3322 1969 3392 Apostolum
2015 3339 2028 3372 :

446 3415 689 3474 Christus
717 3429 795 3475 est
817 3417 916 3473 Dei
941 3419 1124 3482 uirtus,
1147 3425 1196 3470 et
1213 3415 1311 3470 Dei
1336 3415 1594 3485 sapientia
1624 3413 1675 3483 (Ι
1703 3413 1825 3468 Cor.
1855 3431 1894 3480 ι,
1917 3414 2028 3487 24).

436 3511 494 3567 In
547 3512 789 3569 Manasse
833 3509 1124 3566 obliviosos
1160 3507 1460 3578 iniquitatis
1505 3513 1739 3572 nostrm,
1791 3507 1928 3562 sicut
1977 3508 2031 3561 in

445 3601 698 3660 Ezechiel
737 3602 934 3672 legitur
971 3616 987 3654 :
1031 3598 1094 3654 In
1119 3614 1424 3670 quacunque
1455 3596 1541 3651 die
1567 3612 1845 3651 conversus
1874 3597 2030 3666 fuerit

441 3703 683 3760 peccator
703 3691 767 3745 ab
790 3691 1049 3761 injustitia
1075 3707 1172 3744 sua
1191 3729 1205 3754 ,
1235 3704 1410 3742 omnes
1439 3687 1737 3758 iniquitates
1760 3687 1874 3757 ejus
1902 3685 2032 3740 obli-

449 3781 589 3835 vioni
614 3784 886 3836 tradentur
912 3778 1101 3851 [Edit.,
1143 3779 1376 3833 omniunt
1414 3777 1748 3848 iniquitatum
1786 3776 1898 3847 ejus
1927 3792 2031 3830 non

451 3863 783 3945 recordabar]
813 3865 1028 3941 (Ezech.
1067 3884 1221 3934 xvm,
1261 3867 1350 3932 21,
1385 3867 1497 3938 22).
1531 3866 1590 3921 ιιι
1625 3866 1800 3922 Αιιιοιι
1835 3865 2027 3930 ﬁdelis,

448 3955 540 4026 qui
593 3959 670 4015 ait
705 3974 718 4009 :
757 3954 925 4014 Petite
981 3967 1030 4013 et
1070 3959 1284 4013 dabitur
1322 3959 1482 4012 vobis.
1530 3957 1663 4012 Item
1697 3957 1894 4013 Pa’ulus
1929 3976 1941 4012 :
1972 3965 2034 4012 ut

446 4047 752 4105 misericors
781 4047 952 4114 ﬁeret,
981 4057 1038 4104 et
1081 4047 1256 4104 ﬁdelis
1275 4047 1517 4118 pontifex
1545 4048 1611 4102 ad
1647 4048 1816 4104 Deum
1841 4046 2026 4120 (Hebr.

444 4134 544 4211 Ix).
570 4136 704 4193 Item
734 4137 970 4194 Joannes
1001 4157 1014 4192 :
1047 4135 1150 4202 Qui
1177 4137 1321 4192 testis
1357 4145 1432 4190 est
1469 4137 1639 4206 ﬁdelis
1667 4135 1850 4208 (Apoc.
1878 4153 1918 4203 ι,
1949 4137 2026 4209 5).

443 4225 501 4286 In
529 4225 678 4284 Josia
705 4229 851 4283 salus
892 4227 1125 4292 Domini,
1152 4226 1276 4296 quia
1311 4227 1478 4280 omnis
1505 4227 1797 4298 quicunque
1821 4229 2032 4282 inuoca-

445 4318 572 4372 uerit
598 4333 784 4374 nomen
811 4316 1053 4382 Domini,
1078 4315 1254 4373 salvus
1286 4317 1404 4371 erit.
1442 4317 1502 4370 In
1534 4315 1790 4372 .lechonia
1821 4333 2030 4390 praepa-

2136 3233 2234 3298 ris,
2263 3241 2317 3288 et
2338 3233 2426 3288 lux
2457 3231 2616 3302 hujus
2641 3233 2820 3289 saiculi
2851 3233 2990 3306 [ipse
3019 3245 3120 3302 est,
3149 3238 3287 3293 sicut
3311 3239 3422 3308 ipse
3447 3238 3523 3292 ait
3549 3255 3564 3291 :
3595 3237 3711 3308 Ego

2131 3341 2248 3380 sum
2269 3324 2362 3379 tua:
2387 3325 2568 3379 mundi
2593 3323 2774 3397 (Joan.
2805 3342 2924 3392 vui,
2958 3326 3078 3399 12)]
3101 3328 3192 3398 qui
3218 3326 3473 3381 illuminat
3502 3343 3712 3382 omnem

2131 3417 2393 3472 hominem
2419 3418 2702 3473 venientem
2725 3417 2779 3472 in
2815 3418 2952 3472 hunc
2983 3419 3234 3473 mundum
3266 3417 3444 3491 (Joan.
3472 3436 3513 3486 ι,
3545 3417 3624 3491 9).
3652 3420 3712 3476 In

2131 3509 2349 3578 proprio
2379 3509 2595 3564 nomine
2620 3507 2747 3564 Iesu
2772 3509 3024 3566 salutaris
3050 3511 3133 3565 vel
3174 3510 3424 3566 Salvator
3463 3519 3579 3577 est,
3618 3527 3713 3567 an.

2131 3597 2252 3668 gelo
2269 3607 2589 3668 exponente,
2611 3600 2702 3668 qui
2728 3601 2804 3656 ait
2831 3595 2846 3654 ε’
2870 3599 2990 3672 Ipse
3021 3602 3159 3656 enim
3191 3601 3394 3658 salvum
3431 3602 3588 3673 faciet
3621 3619 3710 3674 po-

2129 3686 2311 3758 pulant
2347 3705 2500 3743 suum
2537 3706 2571 3744 a
2609 3690 2832 3760 peccatis
2871 3707 3051 3745 eorum
3089 3690 3304 3762 (Matth.
3347 3711 3390 3761 ι,
3417 3693 3531 3767 21).
3567 3692 3709 3750 Idem

2132 3791 2260 3830 vero
2303 3776 2582 3843 Christus,
2621 3778 2675 3834 id
2707 3787 2792 3834 est
2827 3787 3052 3847 unctus,
3085 3783 3383 3852 appellatus
3407 3795 3528 3852 est,
3553 3799 3708 3856 quem

2130 3867 2282 3922 unxit
2323 3867 2462 3924 Deus
2496 3869 2550 3924 in
2589 3869 2922 3926 humanitate
2959 3872 3078 3929 oleo
3119 3873 3340 3942 laetitia,
3383 3876 3438 3932 id
3474 3885 3578 3944 est,
3619 3893 3708 3932 un-

2131 3960 2310 4014 ctione
2337 3961 2512 4015 sancti
2541 3959 2799 4031 Spiritus,
2820 3962 2875 4016 in
2903 3963 3260 4031 sacerdotem,
3283 3975 3339 4022 et
3367 3981 3546 4038 regem
3573 3983 3710 4023 sem-

2129 4050 2402 4118 piternum
2441 4069 2452 4104 :
2485 4059 2752 4120 quatenus
2777 4051 3133 4120 Christianos,
3159 4068 3224 4110 ex
3253 4070 3349 4110 suo
3377 4056 3595 4112 nomine
3621 4071 3708 4110 vo-

2130 4148 2302 4204 catos,
2325 4155 2422 4210 per
2459 4141 2512 4195 id
2541 4142 2685 4210 quod
2711 4141 2958 4198 Salvator
2980 4151 3082 4210 est,
3122 4159 3154 4199 a
3182 4146 3418 4216 peccatis
3441 4147 3705 4212 salvaret;

2130 4243 2227 4298 per
2247 4228 2297 4282 id
2320 4229 2461 4300 quod
2483 4231 2738 4286 sacerdos
2759 4240 2862 4298 est,
2886 4233 2996 4288 Deo
3017 4232 3166 4288 Patri
3189 4235 3593 4302 reconciliaret;
3616 4251 3706 4306 per

2130 4317 2184 4372 id
2207 4319 2349 4388 quod
2384 4335 2479 4373 rex
2505 4327 2610 4385 est,
2637 4320 2690 4374 in
2718 4336 2941 4392 regnum
2964 4324 3350 4395 sempiternum
3397 4324 3700 4381 collocaret.

445 4409 587 4465 ratio
613 4409 850 4474 Domini,
882 4408 974 4480 qui
997 4409 1073 4470 ait
1108 4423 1122 4464 :
1156 4407 1218 4464 Si
1253 4408 1451 4475 abiero,
1478 4417 1527 4463 et
1553 4424 1914 4479 praeparavero
1940 4425 2030 4464 vo-
2051 4457 2106 4518 Β
2129 4407 2249 4518 Ipse
2275 4407 2422 4480 [Ipse
2448 4410 2606 4474 enim,
2631 4419 2686 4464 et
2707 4418 2926 4477 caetera,
2965 4427 3136 4484 usque
3167 4432 3178 4468 :
3209 4413 3396 4480 Amen,
3424 4415 3624 4470 omissa
3652 4414 3700 4468 in

443 4499 522 4556 bis
565 4499 738 4557 locum
784 4499 969 4571 (Joan.
1016 4516 1129 4566 xw,
1169 4499 1246 4573 5).
1285 4499 1345 4560 In
1385 4497 1643 4555 Salathiel
1689 4499 1876 4568 petitio
1908 4515 2026 4556 mea
2051 4497 2104 4518 "
2131 4497 2274 4552 Edit.
2319 4499 2541 4572 Querc.]
2567 4501 2709 4556 enim
2735 4517 2834 4572 per
2856 4501 2990 4558 istas
3015 4505 3370 4576 quadraginta
3397 4506 3532 4562 duas
3559 4521 3704 4561 man-

443 4591 608 4656 Deus,
635 4591 727 4659 qui
761 4591 837 4646 ait
871 4609 884 4645 :
927 4588 1090 4646 Pater
1127 4600 1303 4646 sancte
1343 4607 1491 4646 serva
1530 4607 1647 4656 eos,
1672 4606 1802 4662 quos
1837 4590 2027 4646 dedisti

446 4679 572 4740 mihi
601 4678 781 4752 (Joan.
812 4696 944 4746 xvu,
972 4680 1080 4753 11).
1103 4681 1160 4740 In
1189 4680 1484 4738 Zorobabel
1505 4681 1760 4752 magister
1780 4690 2026 4750 peccato-

445 4786 567 4826 rum
600 4779 655 4828 et
680 4773 1088 4844 publicanorum
1107 4815 1121 4838 ,
1151 4783 1210 4828 ut
1244 4789 1338 4831 eos
1375 4771 1444 4828 ab
1469 4786 1654 4826 errore
1677 4772 1801 4826 vitae
1828 4769 2022 4844 [Edit.,

445 4864 570 4939 viae]
599 4881 711 4922 suae
737 4873 1034 4925 revocaret.
1065 4865 1152 4938 [Et
1173 4865 1314 4924 sicut
1339 4865 1453 4936 ipse
1481 4863 1558 4918 ait
1585 4880 1598 4916 :
1637 4861 1748 4916 Nec
1775 4862 2024 4916 vocemini

445 4955 701 5025 magistri,
715 4957 840 5026 quia
853 4955 1102 5026 magister
1120 4963 1280 5009 vester
1300 4969 1436 5013 unus
1456 4961 1530 5006 est
1552 4951 1788 5006 Christus
1810 4949 2024 5021 (Matth.

447 5062 602 5114 uin,
635 5046 723 5118 10)
745 5047 787 5120 ].
815 5046 874 5106 In
911 5045 1112 5103 Ahluth
1151 5053 1306 5114 pater
1343 5057 1498 5098 meus
1531 5042 1661 5107 iste,
1691 5041 1818 5112 quia
1844 5040 2026 5096 dixit:

443 5134 558 5203 Ego
577 5145 625 5190 et
641 5133 806 5191 Pater
826 5150 988 5190 unum
1008 5149 1189 5188 sumus
1213 5131 1395 5204 (Ioan.
1415 5147 1470 5196 Χ,
1494 5129 1582 5204 50)
1603 5146 1618 5196 ;
1640 5139 1694 5184 et
1719 5130 1810 5212 qui
1828 5129 2020 5202 [Edit.,

443 5226 569 5297 quia
595 5226 732 5300 ipse]
762 5235 844 5284 est
881 5226 1042 5282 Pater
1087 5234 1143 5280 et
1184 5230 1346 5296 caput
1381 5223 1621 5278 omnium
1667 5221 2020 5278 credentium.

441 5315 501 5372 In
529 5317 790 5378 Eliachim
820 5318 1034 5378 Domini
1077 5314 1438 5382 resurrectio,
1479 5321 1539 5371 ut
1579 5313 1654 5370 ait
1685 5331 1698 5380 ς
1733 5311 1869 5384 [Ego
1903 5328 2016 5370 sum

515 5486 540 5551 ξ
754 5490 890 5551 om._,
921 5473 1339 5551 I_n__Amq_sia.....
1366 5469 1713 5551 soloendique.

517 5541 546 5582 δ
583 5542 724 5618 ῌάἰι.
764 5562 829 5618 τ’(
939 5544 1093 5618 Eliud
1125 5543 1266 5598 Deus
1288 5553 1462 5618 meus,
1486 5536 1619 5618 quia
1640 5539 1752 5608 ipse
1771 5545 1858 5618 est
1879 5536 2021 5618 Deus

445 5613 836 5681 essubstantia
862 5611 1040 5681 Patris
1067 5621 1192 5667 ante
1216 5609 1412 5667 saecula
1437 5607 1673 5681 genitus,
1695 5607 1784 5678 qui
1811 5607 1862 5660 in
1883 5607 2022 5681 pati-

449 5627 512 5668 ex
535 5620 842 5692 substantia
863 5620 1040 5692 lfatris
1057 5621 1193 5694 ante
1216 5620 1412 5667 smeula
1437 5620 1668 5681 genitus,
1695 5622 1784 5678 qm
1811 5623 1862 5660 In
1883 5620 1924 5730 Β

449 5679 573 5743 bula
594 5693 769 5738 Cl'lICIS
795 5681 928 5736 dum
955 5698 965 5729 :
992 5680 1092 5744 EIt,
1117 5681 1217 5746 Eli,
1242 5681 1346 5736 hoc
1371 5687 1454 5734 est
1481 5697 1492 5732 :
1517 5678 1657 5736 Deus
1683 5692 1854 5740 meus,

2130 4587 2310 4644 siones
2331 4589 2480 4644 venit
2510 4591 2563 4644 in
2597 4590 2872 4656 mundum,
2902 4599 2962 4647 ut
2993 4608 3093 4649 nos
3119 4609 3217 4664 per
3245 4596 3374 4651 istas
3399 4611 3612 4667 quoque
3651 4595 3703 4652 in

2127 4685 2329 4733 terram
2357 4679 2650 4735 viventium
2669 4720 2684 4747 ,
2713 4689 2928 4738 aeterna:
2964 4684 3336 4754 promissionis
3365 4686 3701 4752 introdueat;

2128 4769 2218 4824 ubi
2243 4769 2299 4825 in
2329 4769 2534 4826 caelesti
2559 4770 2916 4838 Hierusalem,
2943 4782 3200 4844 perpetua
3228 4791 3360 4846 pace
3391 4779 3702 4848 gaudentes,

2127 4861 2400 4930 regnaturi
2429 4863 2629 4916 erimus
2654 4861 2710 4916 in
2732 4863 2923 4918 sarcula
2953 4864 3292 4920 seculorum.
3312 4866 3505 4922 Amen.

2379 4993 2539 5070 553
2577 4995 3128 5054 INTERPRETATIO
3166 4997 3483 5056 MORALIS.

2201 5127 2476 5184 Moraliter
2517 5129 2602 5184 ha:
2643 5144 2858 5200 quoque
2912 5129 3380 5200 interpretationes
3420 5131 3698 5188 nominum

2131 5221 2197 5274 ad
2241 5228 2480 5274 nostram
2509 5219 2916 5275 aediﬁcationem
2942 5220 3274 5276 multimodis
3301 5222 3578 5292 pertinere
3606 5236 3701 5278 no—

2129 5322 2374 5366 scuntur.
2427 5310 2580 5365 Sicut
2631 5309 2882 5366 Christus
2907 5310 3106 5382 ubique
3155 5319 3358 5369 nostrai
3393 5313 3590 5371 salutis
3612 5327 3699 5384 ge

2124 5478 2278 5524 meus
2305 5461 2738 5533 (Matth._xirvu).
2771 5482 2791 5516 ι

2197 5543 2220 5603 9
2263 5531 2402 5603 Edit.
2431 5549 2444 5584 :
2473 5549 2492 5582 ι
2517 5531 2574 5585 In
2596 5530 2814 5603 Eleasar
2835 5533 3152 5603 Deusmeus
3174 5530 3407 5603 adiutor,
3431 5535 3559 5603 quia
3586 5536 3696 5602 ipse

2125 5601 2336 5671 adiutor
2360 5601 2412 5677 in
2437 5601 2944 5677 opportunitatibus,
2977 5601 3030 5655 in
3055 5601 3419 5677 tribulatione,
3447 5601 3500 5660 et
3519 5601 3695 5677 prote-

1927 5688 2021 5728 eus
2125 5669 2242 5730 ctor
2263 5669 2858 5746 omniumsperantinm
2886 5671 2939 5726 iu
2967 5686 3024 5727 se
3055 5669 3226 5742 (Psal.
3259 5673 3358 5746 ix).
3391 5693 3410 5726 ι
