4020 6186
289 302 392 356 729

1032 303 1545 389 EXEGETICA.A~
1585 308 1996 366 lNTERPRET.
2042 315 2357 372 NOMINUM
2396 310 2712 374 liEBRAlC.

3439 329 3545 384 730

284 415 440 469 rchat
467 414 809 505 causamaita
837 420 891 466 et
910 414 1341 482 patriarcharum
1375 417 1589 472 nomina
1625 429 1871 474 nostrum
1901 425 1948 482 A
1976 431 2030 477 et
2076 426 2303 481 viriliter
2337 444 2579 499 agamus,
2606 429 2657 484 in
2690 429 2905 487 Christo
2948 435 3338 505 triumphantes
3362 454 3548 495 aereas

283 503 570 573 designant
603 499 927 571 profectum.
977 502 1032 556 lu
1061 502 1353 570 Abraham,
1403 513 1461 559 ut
1492 517 1673 576 patres
1701 509 1869 564 simus

281 591 577 647 multarum
628 593 922 657 virtutum;
975 601 1028 646 et
1067 592 1395 648 hmreditatis
1429 595 1552 665 jure
1607 597 1866 667 multipli-

282 683 553 740 cationem
601 683 867 737 honorum
916 698 1139 752 operum
1184 685 1572 753 possideamus.
1622 687 1677 740 In
1721 687 1868 743 Isaac

283 774 536 845 gaudium
564 773 859 828 habeamus
888 773 942 827 in
970 773 1197 828 Domino
1241 774 1317 847 [et
1350 792 1453 830 non
1480 777 1535 829 in
1565 777 1668 831 hoc
1714 793 1868 832 mun-

282 866 372 928 do,
413 865 571 936 juxta
600 864 721 930 hoc,
778 864 919 933 quod
950 865 1064 934 ipse
1106 864 1244 920 dixit
1274 884 1288 920 :
1317 865 1571 934 Gaudete,
1614 869 1753 939 quod
1776 887 1870 923 no-

282 957 427 1009 mina
469 964 633 1009 vestra
687 956 881 1026 scripta
930 964 1051 1009 sunt
1100 957 1154 1010 in
1199 956 1324 1010 caelo
1365 957 1514 1028 (Luc.
1554 975 1607 1023 χ,
1634 958 1771 1031 20)].
1802 962 1868 1014 Et

278 1043 434 1112 juxta
460 1043 778 1115 Apostolum
802 1062 815 1097 :
844 1042 1079 1099 Gaudete
1102 1047 1157 1100 in
1176 1046 1399 1101 Domino
1419 1066 1649 1119 semper;
1676 1051 1865 1104 iterum

280 1137 400 1190 dico
444 1136 664 1206 gaudete
687 1134 909 1207 (Philip.
945 1153 1018 1203 IV,
1068 1137 1146 1208 4).
1189 1138 1246 1192 In
1289 1138 1472 1205 Jacob,
1523 1150 1581 1195 ut
1615 1142 1866 1212 supplan-

280 1232 484 1278 tatores
509 1223 678 1277 simus
708 1224 962 1278 vitiorum
992 1235 1323 1293 nostrorum,
1365 1237 1419 1283 et
1452 1231 1748 1285 carnalium
1777 1232 1867 1286 de-

280 1313 632 1379 sideriorum;
673 1322 728 1369 et
755 1314 954 1371 diaboli
990 1324 1312 1386 potestatem
1341 1320 1548 1376 victrici
1586 1323 1721 1392 pede
1748 1323 1862 1377 cal-

281 1419 466 1457 cemus
515 1401 709 1474 [Edit.,
749 1411 805 1458 et
849 1405 1068 1459 carnale
1106 1406 1434 1463 desiderium
1460 1409 1633 1464 vivaci
1656 1414 1791 1481 pede
1830 1427 1860 1465 a

278 1494 476 1550 diaboli
520 1502 788 1565 potestate
841 1495 1153 1570 calcemus].
1185 1498 1244 1552 In
1271 1496 1408 1555 Juda
1449 1508 1508 1554 ut
1544 1499 1860 1573 [secundum

277 1585 662 1658 Psalmistam],
695 1587 1086 1656 praeveniamus
1110 1587 1300 1645 faciem
1331 1591 1545 1647 Domini
1573 1593 1627 1648 in
1649 1594 1862 1650 confes-

275 1679 449 1743 sione,
473 1687 527 1733 et
540 1678 898 1734 eonfiteamur
920 1682 1322 1739 nominisancto
1349 1682 1487 1752 ejus,
1513 1695 1566 1741 et
1581 1687 1861 1743 laudemus

1973 523 2268 583 potestates
2318 530 2341 557 ιι
2387 516 2466 589 [In
2522 519 2734 587 Rahab,
2786 530 2844 576 ut
2872 522 3039 577 latum
3081 526 3391 581 mandatum
3440 526 3547 583 Do-

1972 604 2103 658 mini
2136 607 2297 662 nimis
2326 608 2611 679 diligenter
2634 611 3007 679 observantes,
3058 615 3342 672 Dominum
3373 617 3541 677 Deum

1970 710 2036 749 ex
2077 706 2187 751 toto
2207 700 2389 764 corde,
2440 709 2551 756 tota
2593 705 2790 770 anima,
2844 714 2956 761 tota
3009 709 3207 764 virtute
3240 709 3541 782 diligamus,

1970 796 2024 839 et
2063 790 2369 855 proximum
2430 792 2571 846 sicut
2598 797 2958 865 nosmetipsos
3005 799 3439 873 amplectamur].
3481 802 3539 856 In

1970 875 2162 944 Obeth,
2206 888 2267 933 ut
2298 882 2597 939 serviamus
2635 885 2689 939 in
2713 885 2899 941 lmtitia
2928 904 3025 957 per
3048 890 3295 959 spiritum
3318 892 3541 957 amoris,

1968 976 2024 1023 et
2058 968 2344 1024 dilectione
2378 981 2566 1027 sancta
2600 974 2630 1013 ι’
2666 974 2747 1046 [In
2787 976 2955 1042 Ruth,
2994 988 3053 1033 ut
3104 979 3418 1035 festinantes
3466 982 3545 1035 in-

1968 1059 2118 1128 gredi
2145 1062 2198 1112 in
2230 1060 2374 1114 illam
2399 1062 2663 1132 requiem,
2704 1063 2757 1118 id
2780 1074 2882 1127 est,
2927 1068 2981 1120 in
3008 1067 3283 1123 cmlestem
3330 1068 3546 1124 Jerusa-

1967 1150 2092 1212 lem,
2118 1151 2242 1203 dum
2265 1160 2465 1223 tempus
2484 1153 2751 1220 habemus,
2777 1172 3047 1225 aperemur
3069 1156 3257 1211 bonum
3280 1159 3349 1212 ad
3368 1175 3545 1213 omnes

1968 1240 2111 1311 (Gal.
2158 1259 2234 1305 vt,
2278 1242 2366 1313 10)
2395 1259 2409 1297 :
2437 1246 2562 1314 quia
2604 1263 2707 1300 non
2726 1247 2975 1302 habemus
3000 1249 3085 1302 hic
3110 1258 3403 1303 manentem
3430 1251 3540 1304 ciri-

1965 1341 2146 1396 tatcm,
2194 1332 2285 1385 sed
2306 1331 2542 1401 futuram
2590 1334 2900 1405 inquirimus
2931 1334 3117 1409 (Hebr.
3151 1355 3270 1402 xm,
3317 1339 3453 1412 14)].
3485 1340 3542 1395 In

1963 1419 2137 1485 Jsssc,
2198 1432 2254 1476 ut
2307 1423 2587 1478 incensum
2630 1429 2937 1481 orationum
2993 1435 3306 1484 nostrarum
3358 1431 3413 1484 in
3448 1447 3543 1485 ara

1964 1512 2143 1565 cordis
2182 1512 2353 1567 nostri
2383 1511 2459 1584 [in
2491 1513 2683 1584 spiritu
2711 1516 3097 1582 contribulato,
3139 1526 3196 1572 et
3233 1518 3538 1591 humiliato]

1961 1599 2250 1656 offeramus
2300 1601 2429 1666 Deo,
2469 1602 2679 1658 dicente
2710 1603 2980 1675 Propheta
3014 1606 3207 1678 [Edit.,
3235 1622 3357 1662 cuin
3385 1609 3540 1664 Psal-

1964 1692 2125 1745 mista
2159 1690 2422 1763 dicentes]
2459 1710 2470 1745 :
2506 1692 2788 1764 Dirigatur
2828 1697 2997 1750 oratio
3024 1712 3139 1750 mea
3188 1698 3321 1750 sicut
3365 1697 3543 1751 iacens

274 1784 398 1822 cum
426 1770 477 1824 in
506 1771 702 1826 saecula
727 1773 1043 1828 sazculorum
1069 1774 1239 1845 (Psal.
1268 1792 1411 1844 χειν,
1441 1776 1518 1849 ‘2).
1548 1779 1604 1834 In
1630 1781 1857 1847 Phares,
1894 1774 1937 1832 Β
1962 1801 2076 1836 sum
2108 1783 2161 1836 in
2184 1792 2456 1853 conspectu
2507 1793 2596 1837 tuo
2628 1782 2800 1854 (Psal.
2851 1801 2973 1851 CXL,
3014 1785 3091 1858 2).
3147 1787 3203 1841 ln
3244 1787 3436 1854 David,
3482 1796 3540 1843 ut

274 1865 333 1911 ut
371 1858 672 1914 dividamus
723 1876 822 1915 nos
874 1862 941 1917 ab
984 1863 1184 1932 impiis,
1231 1874 1289 1919 ut
1338 1876 1492 1923 actus
1543 1881 1760 1926 nostros
1788 1873 1855 1927 ab

271 1965 460 2004 eorum
521 1952 780 2007 societate
818 1967 1167 2010 secernamus
1219 1954 1297 2028 [et
1347 1958 1731 2016 abstrahamus
1787 1961 1855 2016 ab

270 2043 419 2097 omni
462 2041 629 2099 fratre
648 2045 954 2100 ambulante
984 2046 1037 2100 in
1065 2046 1272 2115 quiete;
1305 2057 1359 2102 et
1396 2065 1502 2105 non
1558 2052 1856 2106 communi-

270 2151 457 2193 cemus
492 2141 745 2208 operibus
769 2141 885 2211 ejus
927 2142 1126 2214 malis].
1172 2143 1232 2198 Ia
1259 2143 1418 2208 Zara,
1446 2152 1508 2198 ut
1527 2143 1744 2199 Lucifer
1766 2160 1855 2199 ve-

271 2245 365 2285 rus
407 2231 618 2287 oriatur
669 2233 722 2286 in
776 2235 1031 2289 cordibus
1095 2235 1315 2302 nostris,
1379 2245 1435 2290 et
1495 2234 1588 2291 Sol
1628 2235 1853 2305 justitia:

268 2321 547 2392 splendeat
574 2323 772 2393 ubique
796 2326 848 2379 in
879 2325 1132 2381 cordibus
1175 2328 1374 2383 nostris
1409 2327 1604 2399 [Edit.,
1653 2330 1853 2398 ubique

269 2411 322 2464 in
354 2410 552 2483 nobis],
606 2411 674 2483 [et
722 2413 891 2467 luceat
947 2414 1039 2468 luat
1096 2425 1274 2470 nostra
1315 2434 1491 2470 coram
1529 2418 1850 2483 hominibus,

269 2510 323 2553 ut
351 2502 555 2556 videant
582 2521 739 2574 opera
763 2514 941 2559 nostra
969 2506 1102 2560 bona
1127 2516 1175 2560 et
1202 2506 1491 2576 gloriﬁcent
1521 2507 1734 2562 Patrem
1759 2527 1851 2563 no-

265 2601 435 2646 strum
463 2596 551 2664 qui
581 2596 635 2649 in
657 2596 797 2650 caelis
824 2608 896 2650 est
930 2594 1142 2668 (Matth.
1185 2614 1237 2662 ν,
1270 2598 1405 2670 16)].
1438 2598 1498 2655 In
1548 2600 1761 2663 Esrom,
1791 2610 1850 2655 ttt

266 2683 478 2753 sagitta:
508 2684 676 2740 simus
705 2686 894 2740 Salutis
913 2685 1148 2751 Domini,
1192 2697 1252 2741 ut
1276 2687 1343 2742 de
1382 2688 1538 2743 nobis
1591 2689 1694 2744 dici
1726 2706 1848 2759 pos-

267 2772 339 2828 sit
367 2787 382 2827 :
413 2772 632 2844 Sagitta:
655 2778 875 2847 potentis
894 2788 1061 2831 acuta:
1092 2776 1264 2850 (Psal.
1311 2794 1460 2845 cxrx,
1484 2779 1561 2852 4).
1595 2778 1676 2851 [In
1703 2780 1846 2834 Tha-

267 2877 410 2927 mar,
450 2872 509 2917 ut
535 2880 657 2919 cum
682 2865 859 2934 palma
885 2866 1123 2921 victoriae
1149 2881 1374 2938 pompas
1399 2868 1618 2935 diaboli,
1641 2877 1696 2924 et
1719 2886 1845 2924 con-

267 2955 631 3025 eupiscentias
680 2957 868 3012 mundi
922 2974 1258 3028 superemus,
1296 2968 1517 3030 propter
1544 2976 1688 3027 eum,
1753 2963 1844 3032 qui

267 3034 458 3102 dilexit
488 3047 632 3120 nos.]
688 3046 742 3102 ln
789 3047 976 3114 Aram,
1011 3057 1070 3102 ιιι
1098 3049 1252 3104 electi
1298 3051 1390 3105 Dei
1438 3051 1627 3118 simus,
1683 3061 1733 3106 et
1769 3053 1844 3106 si-

1959 1872 2342 1928 desiderahiles
2394 1871 2691 1928 elliciamur
2736 1875 2848 1931 Deo
2891 1884 3110 1942 nostro;
3169 1885 3223 1931 et
3266 1876 3435 1934 fortes
3470 1878 3542 1935 si—

1957 1977 2078 2016 mus
2108 1976 2272 2015 manu
2322 1970 2509 2018 contra
2544 1961 2753 2017 Goliam
2791 1964 3090 2034 spiritalem
3132 1975 3435 2037 pugnantes
3484 1978 3536 2022 α.

1955 2050 2013 2108 In
2039 2052 2347 2119 Salomone,
2390 2060 2470 2118 ut,
2521 2060 2780 2123 quantum
2818 2070 2885 2110 ex
2909 2055 3065 2111 nobis
3117 2064 3219 2122 est,
3273 2071 3394 2111 cum
3422 2072 3539 2111 om-

1958 2145 2118 2198 nibus
2166 2142 2476 2199 hominibus
2533 2159 2723 2212 pacem
2769 2144 3067 2200 habeamus
3098 2144 3252 2216 [illud
3304 2145 3535 2200 domini-

1955 2231 2486 2305 cumintendentes],
2538 2232 2664 2302 quia
2703 2233 2839 2287 beati
2885 2234 3116 2305 paciﬁci,
3160 2234 3409 2305 quoniam
3439 2234 3539 2304 ﬁlii

1953 2323 2052 2378 Dei
2100 2325 2426 2378 vocabuntur
2469 2319 2685 2397 (Matth.
2744 2340 2798 2390 v,
2848 2323 2924 2396 9).
2967 2322 3047 2396 [In
3086 2323 3421 2390 Bethsabee,
3478 2334 3541 2379 ut

1945 2416 2314 2486 juramentum
2358 2416 2682 2471 omnimodis
2723 2417 3110 2483 custodiamus,
3173 2433 3243 2474 ne
3291 2416 3536 2488 perjurio

1952 2506 2253 2563 incidamus
2285 2507 2336 2561 in
2385 2507 2637 2577 laqueum
2674 2506 2896 2562 diaboli.
2945 2507 3003 2562 lu
3033 2507 3183 2573 Uria,
3224 2515 3283 2562 ut
3306 2508 3395 2562 lux
3429 2523 3526 2562 no-

1953 2606 2062 2652 stra
2088 2596 2229 2651 Deus
2268 2596 2358 2661 sit,
2408 2594 2677 2660 videlicet,
2724 2603 2785 2650 ut
2804 2609 2926 2651 eum
2956 2604 3247 2666 sequentes
3280 2611 3389 2651 non
3421 2611 3538 2649 am-

1952 2689 2197 2743 bulenms
2232 2688 2285 2740 in
2323 2687 2560 2742 tenebris
2601 2688 2810 2752 mortis,
2852 2687 2947 2742 sed
3001 2688 3301 2743 habeamus
3355 2687 3537 2741 lumen

1951 2776 2114 2850 vitae].
2140 2776 2199 2830 In
2216 2777 2475 2842 Roboam,
2493 2784 2549 2829 ut
2568 2762 3028 2831 latumcharitatis
3090 2775 3258 2848 454
3309 2776 3534 2831 aranda—

1951 2879 2063 2925 tum
2112 2869 2478 2938 complentes,
2555 2868 2610 2922 in
2664 2867 2947 2923 latitudine
2996 2868 3320 2938 spiritalium
3367 2868 3535 2922 dono-

1951 2976 2069 3015 rum
2116 2959 2445 3030 gaudeamus
2482 2957 2531 3011 δ.
2574 2957 2631 3012 ln
2669 2957 2827 3022 Ahia,
2874 2966 2934 3013 ut
2978 2957 3176 3013 fratres
3205 2957 3395 3023 simus,
3437 2958 3535 3012 ha-

1950 3050 2141 3107 bentes
2190 3050 2407 3105 Patrem
2458 3048 2660 3115 Deum;
2711 3057 2765 3104 et
2795 3048 3038 3104 hazredes
3086 3049 3256 3105 simus
3280 3048 3395 3116 Dei,
3437 3064 3533 3105 eo-

264 3156 382 3194 mus
422 3157 583 3210 genus
606 3137 823 3194 electum
868 3138 1014 3211 [gens
1039 3152 1247 3205 sancta,
1295 3141 1516 3213 populus
1542 3144 1847 3214 acquisitio-
1873 3123 1921 3185 ο
1957 3141 2199 3197 haeredes
2244 3140 2462 3211 quidem
2498 3138 2698 3195 Christi
2750 3151 2795 3194 ε.
2855 3139 2914 3195 In
2940 3138 3124 3210 Asaph
3164 3137 3337 3211 [Leg.,
3377 3139 3531 3213 Asa],

263 3230 382 3292 nis;
428 3238 476 3283 et
518 3231 886 3284 annuntiemus
935 3230 1145 3284 virtutes
1207 3230 1343 3300 ejus,
1382 3233 1471 3301 qui
1521 3232 1585 3286 de
1625 3231 1849 3286 tenebris

264 3337 360 3375 nos
386 3321 581 3375 vacavit
612 3321 668 3374 in
696 3319 1007 3374 admirabile
1037 3319 1214 3374 lumen
1237 3337 1391 3375 suum
1419 3320 1471 3393 (I
1490 3322 1635 3376 Petr.
1660 3339 1720 3386 ιι,
1745 3318 1843 3394 9)];

262 3412 449 3485 regale
497 3412 861 3469 sacerdotium
892 3412 1151 3475 Christo;
1206 3419 1261 3466 et
1287 3412 1485 3467 excelsi
1531 3413 1699 3468 simus
1736 3427 1850 3467 mc—

263 3502 407 3556 ritis.
457 3501 513 3555 lu
538 3501 859 3565 Aminadab,
914 3508 973 3555 ut
1012 3509 1340 3570 spontaneos
1372 3501 1583 3555 Domini
1621 3499 1850 3571 populus

261 3594 456 3659 simus,
479 3596 535 3648 in
581 3593 934 3649 mdiiicatione
968 3592 1213 3661 corporis
1259 3592 1341 3647 sui
1369 3592 1562 3663 [Edit.,
1602 3593 1849 3662 corporis

260 3685 513 3757 Christi].
566 3686 624 3740 In
667 3685 928 3750 Naasson,
989 3691 1049 3737 ut
1093 3684 1380 3738 mundanis
1430 3683 1670 3754 auguriis
1722 3699 1850 3753 gen-

266 3780 443 3835 tilium
463 3778 757 3843 derelictis,
781 3774 1273 3848 promissisdivinis
1291 3775 1448 3831 fidem
1471 3774 1844 3830 adhibeamus.

260 3868 325 3926 In
377 3868 618 3932 Salmon,
663 3876 725 3922 ut
762 3866 1066 3930 sensibiles,
1118 3865 1292 3930 idest,
1332 3864 1720 3919 intellectuales
1758 3881 1849 3920 ve-

263 3961 445 4019 ritatis
488 3960 606 4029 Dei,
638 3968 694 4016 et
735 3959 993 4016 docibiles
1035 3958 1113 4030 [et
1161 3956 1416 4030 factores]
1458 3958 1843 4014 inveniamur:

263 4054 413 4128 [quia
440 4071 543 4109 non
572 4053 836 4108 auditores
865 4051 1012 4121 legis,
1064 4050 1156 4106 sed
1203 4050 1428 4120 factores
1470 4050 1849 4120 justiﬁcabun-

262 4157 353 4199 tur
393 4144 574 4216 (Rom.
606 4160 667 4210 ιι,
706 4142 841 4216 15)].
890 4142 951 4197 In
996 4142 1162 4207 Booz,
1203 4149 1263 4197 ut
1305 4140 1664 4197 confiteamur
1713 4142 1846 4208 Deo,

337 4269 367 4299 ι
418 4256 563 4311 Edit.
597 4275 610 4310 :
647 4274 665 4307 ι
705 4256 763 4312 1η
791 4256 954 4320 Boos,
974 4262 1031 4310 ut
1052 4253 1206 4322 juxta
1225 4252 1541 4323 Apostolum
1570 4253 1847 4309 conferte-

264 4345 393 4384 mur
431 4327 486 4382 in
511 4327 755 4394 Domino,
789 4336 843 4382 et
874 4328 929 4380 in
971 4325 1212 4395 potentia
1257 4324 1475 4379 virtutis
1514 4323 1658 4395 ejus;
1700 4340 1844 4395 Asue-

264 4398 432 4455 cincti
463 4396 673 4454 lumbos
701 4393 916 4453 uestros
942 4393 995 4450 in
1026 4395 1286 4460 veritate;
1318 4395 1489 4450 induti
1517 4394 1680 4450 lorica
1690 4393 1850 4464 justi-

1952 3240 2014 3286 ιιι
2042 3231 2288 3286 tollamus
2314 3229 2664 3284 intentionem
2690 3238 2930 3286 nostram
2956 3246 2986 3284 a
3012 3230 3161 3285 vitiis
3181 3230 3250 3284 ad
3276 3229 3535 3295 virtutes;

1953 3338 1981 3375 a
2021 3321 2251 3375 terrenis
2289 3320 2353 3375 ad
2388 3320 2629 3375 cmlestia
2664 3318 2708 3373 τ.
2746 3320 2805 3376 In
2833 3319 3111 3392 Josaphat,
3163 3327 3222 3375 ut
3259 3327 3403 3375 recte
3440 3318 3532 3389 ju-

1953 3415 2192 3469 dicemus
2228 3411 2377 3467 omni
2417 3426 2662 3483 personae
2711 3410 2875 3489 [sicut
2907 3412 3168 3482 scriptum
3204 3418 3290 3467 est
3325 3428 3339 3466 :
3378 3410 3536 3465 Recte

1953 3505 2182 3569 iudicate
2192 3502 2291 3573 ﬁlii
2316 3502 2586 3559 hominum
2606 3502 2780 3574 (Psal.
2808 3519 2937 3566 LVII,
2954 3501 3035 3574 2)]
3056 3520 3071 3568 ;
3094 3510 3151 3556 et
3173 3500 3534 3571 quodcunque

1953 3597 2221 3661 volumus,
2268 3603 2329 3650 ut
2373 3593 2574 3649 faciant
2630 3594 2786 3648 nobis
2840 3592 3121 3655 homines,
3174 3591 3438 3646 faciamus
3478 3599 3536 3645 et

1952 3688 2057 3743 illis
2112 3686 2379 3750 similiter,
2441 3685 2674 3739 scientes
2723 3682 2847 3752 quia
2901 3695 3154 3736 mensura
3204 3696 3310 3751 qua
3359 3681 3533 3735 mensi

1952 3776 2233 3839 fuerimus,
2261 3772 2576 3827 remetietur
2596 3770 2753 3825 nobis
2778 3768 2994 3841 (.llatth.
3019 3786 3117 3836 vn,
3146 3769 3223 3842 2).
3249 3770 3307 3826 In
3325 3767 3530 3834 Joram,

1951 3873 2009 3917 ut
2038 3875 2270 3932 superna
2308 3859 2600 3929 sapiamus,
2656 3857 2834 3914 eifecti
2885 3859 2943 3913 in
2989 3858 3219 3915 Domino
3246 3859 3530 3924 sublimes,

1952 3960 2193 4007 nostram
2241 3950 2708 4006 conversationem
2765 3949 3029 4004 habentes
3079 3950 3135 4003 in
3180 3950 3334 4005 ctelis
3367 3953 3414 4003 ε.
3476 3950 3532 4004 In

1950 4044 2105 4109 Ozia,
2158 4055 2219 4099 ut
2275 4041 2647 4098 coufortemur
2685 4042 2739 4097 in
2782 4040 3035 4108 Domino,
3081 4049 3138 4096 et
3185 4041 3239 4095 in
3292 4042 3534 4112 potentia

1950 4135 2170 4192 virtutis
2189 4135 2308 4206 ejus
2349 4135 2401 4188 1³.
2450 4132 2511 4189 In
2557 4131 2810 4198 Joathan,
2854 4139 2917 4188 ut
2956 4129 3200 4204 perfecta
3235 4127 3400 4201 opei'a
3443 4131 3530 4186 fa-

1949 4253 2121 4314 cmlis.
2172 4252 2265 4323 qui
2310 4267 2407 4307 nos
2458 4250 2763 4323 voluntarie
2809 4247 2994 4321 genuit
3034 4248 3221 4323 verba
3259 4243 3529 4323 veritatis,

1950 4333 2012 4380 ut
2037 4313 2208 4379 simus
2228 4323 2442 4377 initium
2476 4320 2695 4392 aliquod
2720 4313 2985 4392 creaturae
3002 4317 3120 4392 ejus
3165 4315 3307 4389 (Jac.
3332 4313 3490 4392 t,_l8_)
3514 4331 3526 4367 :

1952 4404 2008 4451 et
2037 4393 2469 4450 benedictionem
2495 4384 2813 4447 haireditate
2840 4384 3310 4458 possideamu's.e_t
3342 4384 3531 4458 glorie-

266 4454 381 4534 tiae,
406 4477 684 4525 sumentes
703 4476 916 4523 scutum
935 4465 1079 4530 ﬁdei,
1107 4472 1163 4519 et
1195 4454 1631 4536 gal'eamsalutis,
1656 4454 1711 4520 et
1734 4465 1844 4536 gla-
1875 4468 1926 4528 D
1948 4465 2153 4536 muria
2162 4479 2267 4536 spe
2289 4463 2475 4536 gloria;
2502 4461 2732 4517 filiorum
2757 4454 2860 4536 Dei
2891 4478 2910 4512 ι
2948 4456 3193 4536 (Rom._v,
3226 4454 3338 4527 12).

265 4541 417 4600 dium
444 4541 684 4609 spiritus,
704 4536 957 4609 quodest
983 4536 1206 4590 verbum
1229 4536 1323 4609 Dei
1352 4556 1370 4587 ι
1398 4534 1612 4609 (Ep/tes.
1628 4552 1703 4609 vl,
1734 4534 1843 4606 10).

341 4611 371 4651 Β
402 4606 547 4665 Edit.
585 4627 598 4662 :
636 4628 654 4659 ι
700 4606 974 4677 anbeth,
1030 4613 1091 4677 ut
1129 4606 1430 4660 serviamus
1472 4606 1713 4661 Domino
1751 4622 1849 4677 per

267 4682 517 4764 φίτίειιεη
547 4679 760 4764 timoris
785 4675 1403 4764 e‘.di_l_°‘i“_9'.‘3_§f‘“?§az
1425 4761 1440 4764 -
1460 4687 1727 4764 aqua???
1752 4675 1849 4764 ita:

268 4746 525 4808 tionabile
545 4750 616 4807 sit
640 4748 956 4817 obsequium
995 4754 1267 4811 nostrum,
1298 4754 1354 4800 et
1382 4747 1710 4815 acccptabile
1757 4746 1851 4801 fiat

264 4821 594 4880 sacrificium
615 4831 880 4875 nostrum.
914 4837 932 4870 ι

342 4904 365 4931 ο
405 4891 549 4946 Edit.
601 4906 615 4944 :
675 4908 693 4940 ι
732 4888 791 4947 In
850 4887 1053 4952 David,
1115 4893 1176 4939 ut
1235 4899 1396 4938 manu
1442 4884 1610 4940 fortes
1660 4895 1850 4941 contra

265 4963 478 5019 Goliam
506 4959 839 5031 spiritualem
863 4963 1188 5031 pugnantes,
1211 4960 1265 5011 et
1285 4955 1603 5031 exhibentes
1622 4972 1850 5025 corpora

263 5041 453 5089 nostra
480 5024 714 5087 hostiam
750 5024 1041 5091 vive'ntém,
1093 5033 1358 5096 sanctam,
1397 5024 1521 5096 Deo
1542 5024 1847 5096 placentem

263 5103 443 5174 (Rom.
472 5118 571 5168 xu,
596 5102 671 5173 1),
696 5098 1051 5159 desiderabile
1077 5095 1337 5169 templum
1356 5094 1652 5151 efﬁciamur
1677 5094 1849 5165 Spiri-

262 5175 343 5228 tui
370 5184 577 5230 sancto.
617 5193 635 5225 ι

340 5242 367 5283 ἀ
396 5245 579 5302 Edit.:
615 5262 634 5295 ι
667 5243 724 5298 ln
753 5242 1015 5304 Roboam,
1080 5247 1141 5293 ιιι
1185 5238 1342 5309 longe
1384 5234 1597 5309 lateque
1643 5251 1845 5309 peror-

260 5316 392 5372 bem
434 5323 700 5370 terrarum
737 5311 963 5383 populus
985 5307 1298 5383 dispersus,
1321 5307 1583 5362 unitatem
1618 5307 1843 5383 spiritus

264 5388 323 5440 in
352 5386 566 5441 vinculo
604 5378 754 5456 pacis
780 5378 835 5456 et
861 5378 1143 5437 charitatis
1172 5380 1499 5456 habeamus;
1557 5393 1719 5456 unum
1744 5378 1845 5431 Do—

265 5456 501 5518 minum,
552 5446 715 5510 unam
745 5454 926 5515 fidem,
985 5464 1148 5504 unum
1196 5449 1458 5518 baptisma
1497 5446 1849 5516 profiteamin-

265 5527 339 5580 de
394 5528 558 5596 corde
618 5542 775 5596 puro,
827 5520 1234 5579 ctconscicntia
1282 5520 1441 5583 bona,
1489 5525 1542 5572 et
1585 5518 1689 5574 fide
1741 5536 1846 5573 non

266 5595 860 5670 licta__r(Ephes:tv_)3_
1097 5661 1109 5670 _
1357 5657 1378 5670 ,,
1441 5664 1451 5670 ,
1619 5660 1629 5670 .
1712 5660 1723 5669 .

345 5680 368 5707 ⁸
394 5657 585 5724 Εάἷι.’;
627 5687 644 5718 ι
678 5668 736 5723 In
764 5657 922 5725 Abiu.
966 5670 1025 5717 ut
1064 5659 1326 5716 charitate
1354 5657 1589 5711 fraterna
1617 5660 1844 5712 invicem

266 5738 557 5811 diligentes
611 5755 776 5799 unum
827 5736 1039 5792 Patrem
1093 5732 1405 5794 habeamus,
1458 5725 1742 5784 Dominum
1793 5729 1846 5785 in

1886 5616 1889 5619 -
1955 5588 2100 5643 horis
2132 5594 2185 5639 ct
2240 5579 2512 5654 patientia}
2563 5579 2888 5654 prophetas,

2025 4535 2046 4572 τ
2077 4523 2220 4589 Εάἰιῖ
2248 4548 2263 4587 :
2289 4523 2319 4584 ἶ
2348 4533 2407 4586 In
2435 4530 2565 4596 Asa,
2612 4538 2673 4584 ut
2697 4523 2967 4584 tollamus'
2985 4526 3225 4582 membra
3253 4523 3437 4580 nostra
3467 4523 3533 4596 de

1950 4606 2079 4669 luto,
2112 4613 2168 4658 et
2192 4601 2534 4671 sterquilinio
2553 4594 2836 4671 vitiorum,
2882 4611 2950 4652 ne
2986 4596 3225 4671 serviant
3248 4594 3534 4671 immundi.

1953 4665 2135 4747 tiatpet
2160 4665 2429 4747 iniqui-tati
2480 4671 2548 4747 ad
2570 4669 2942 4747 iniquitatem;
2977 4666 3069 4722 sed
3090 4665 3383 4747 justititejn
3406 4679 3529 4747 san-

1953 4735 2337 4801 ctificatiouém
2378 4762 2390 4797 :
2425 4742 2553 4801 quia
2594 4735 2705 4796 non
2754 4738 2970 4794 vocavit
3013 4735 3112 4792 nos
3156 4736 3299 4791 Deus
3324 4735 3380 4790 in
3434 4735 3530 4788 im-

1955 4815 2297 4879 munditiam,
2327 4813 2421 4869 sed
2443 4803 2497 4867 in
2530 4808 3014 4879 sanctificationem
3039 4827 3057 4858 ι
3096 4804 3268 4879 (Rom.
3304 4820 3381 4869 vi,
3417 4803 3529 4879 lg).

2030 4889 2054 4926 Β
2084 4886 2228 4940 Edit.
2260 4872 2294 4939 τ’
2318 4904 2337 4935 ι
2391 4884 2446 4937 ιιι
2480 4880 2683 4943 Joram,
2714 4889 2774 4935 ut
2821 4877 3019 4934 excelsi
3047 4872 3113 4931 θι
3127 4875 3383 4931 sublimes
3403 4872 3532 4928 ell‘e-

1959 4958 2053 5022 cti,
2092 4972 2216 5026 qua:
2241 4970 2455 5026 sursum
2483 4959 2627 5026 sunt,
2674 4963 3001 5020 quaeramus,
3039 4946 3131 5001 ubi
3170 4943 3421 5026 Christus
3447 4949 3533 4997 est

1958 5027 2011 5082 in
2033 5015 2257 5083 destera
2298 5025 2393 5080 Dei
2429 5023 2650 5085 sedens;
2680 5015 2799 5083 quae
2828 5033 3042 5074 sursum
3088 5023 3214 5072 sunt
3234 5015 3530 5085 sapiamus,

1956 5112 2063 5176 non
2088 5112 2207 5165 qua:
2231 5111 2395 5176 super
2434 5102 2634 5176 terram
2662 5089 2797 5176 (Col.
2825 5105 2918 5176 ιιι,Δ
2935 5086 3530 5176 γξ-(ιιιιιιιιξιιΑιιιΑ-ιιιιιιιις

1953 5150 2139 5221 datum
2196 5150 2495 5233 optimum,
2542 5171 2597 5217 et
2646 5150 2836 5233 omne_
2857 5150 3058 5233 donum
3081 5150 3397 5233 "perfectum
3415 5222 3435 5233 -
3459 5150 3529 5206 de

1952 5251 2169 5293 sursum
2207 5222 2308 5299 est,
2345 5222 2675 5290 descendens
2724 5246 2757 5285 a
2804 5229 2964 5284 Patre
3002 5222 3266 5282 luuiinum
3307 5244 3327 5277 υ
3379 5222 3524 5295 (Jac.

1951 5306 2121 5362 1.17).

1976 5305 2232 5430 dividit.
2283 5391 2312 5446 ΔεΔ
2349 5391 2367 5423 ι
2422 5371 2480 5426 In
2510 5370 2662 5433 Ozia,
2693 5376 2756 5446 ut
2784 5366 3003 5446 robusti
3045 5357 3533 5446 i_n.Domino._el_fo-

1951 5447 2042 5509 cti,
2076 5443 2401 5500 in’omnibus
2436 5430 2903 5511 persecutionibus
2952 5435 3169 5511 nostris,
3191 5445 3275 5511 _e_t
3304 5430 3532 5511 tribula-

1954 5500 2189 5572 tionibus
2222 5528 2356 5584 quas
2382 5500 2728 5584 sustinemus,
2759 5506 3062 5584 exemplum
3087 5504 3427 5584 accipiamus
3458 5500 3533 5584 la-

2948 5575 3039 5645 qui
3087 5575 3252 5630 locuti
3308 5581 3433 5629 sunt
3474 5575 3531 5627 in

1957 5659 2172 5714 notuine
2218 5646 2432 5712 Domini
2484 5646 2610 5707 Jesu
2665 5646 2685 5703 3
2750 5648 2889 5721 (Jac.
2933 5663 2986 5713 v,
3024 5646 3125 5719 10).
