4020 6186
441 357 540 417 73f

1277 353 1337 409 Β.
1380 348 1442 408 1³.
1481 352 1706 407 ΑΙιΒΙΧΙ
1748 350 1877 409 SEU
1919 349 2192 408 ALCUINI
2232 350 2517 411 OPERUM
2542 350 2737 411 PARS
2774 350 2836 409 11.

3597 354 3713 415 ’ἴῧῖ

439 476 664 537 cientes,
682 472 838 541 juxta
864 465 1209 535 Evangelium
1239 483 1253 518 :
1284 464 1460 520 Estote
1480 463 1717 536 perfecti,
1747 463 1880 518 sicut
1908 463 2014 518 Pa-
2044 471 2087 528 Α
2117 481 2208 535 per
2232 480 2288 519 0s
2318 474 2496 532 tuum;
2524 476 2578 520 tu
2610 483 2725 521 vero
2770 467 2929 521 odisti
2956 468 3313 540 disciplinam,
3347 478 3395 525 et
3441 474 3715 544 projeeisti

440 580 521 620 ter
544 574 706 618 vester
752 556 969 613 ctrlestis
1027 557 1285 628 perfectus
1331 565 1424 623 est.
1456 555 1671 630 (Matth.
1701 571 1756 622 ν,
1804 553 1896 626 48)
1939 555 2019 628 [in

440 654 691 710 omnibus
720 649 969 719 nosipsos
1036 648 1342 719 exemplum
1365 650 1689 720 prmbentes,
1738 655 1792 704 et
1826 649 2021 703 docen-

443 756 527 798 tes
555 756 768 796 omnem
796 740 1067 795 hominem
1095 740 1149 794 in
1181 740 1327 796 omni
1365 740 1644 810 sapientia,
1675 745 1733 794 ut
1760 737 2021 795 exhibea-

440 850 563 889 mus
619 848 832 887 omnem
855 833 1126 887 hominem
1153 830 1496 905 perfectum].
1530 830 1589 885 In
1614 830 1819 896 Achaz,
1846 837 1905 885 ut
1925 846 2022 900 ap-

440 923 841 993 prehendamus
904 924 1045 977 viam
1095 922 1282 979 salutis
1334 931 1553 988 nostrze,
1602 938 1721 991 quae
1749 930 1833 977 est
1870 921 2026 977 Chri—

441 1024 579 1077 stus,
640 1015 733 1083 qui
790 1013 969 1068 dixit:
1014 1013 1127 1084 Ego
1190 1030 1306 1067 sum
1354 1012 1460 1077 via,
1507 1014 1698 1066 veritas
1754 1021 1803 1067 et
1852 1012 1957 1065 vita
1998 1023 2025 1052 ι

445 1103 632 1173 (Joan.
676 1119 787 1168 xiv,
814 1102 888 1175 6).
917 1102 975 1155 In
1004 1102 1256 1167 Ezechia,
1278 1112 1338 1157 ut
1357 1102 1636 1156 laudemus
1656 1100 2027 1156 fortitudinem

445 1194 658 1248 Domini
684 1194 971 1264 pugnantis
999 1209 1095 1264 pro
1146 1195 1333 1259 nobis;
1389 1202 1444 1248 et
1489 1205 1549 1247 ut
1576 1194 1665 1248 ille
1690 1210 1787 1248 nos
1815 1192 2030 1249 confor-

447 1293 526 1338 tet
578 1282 880 1353 flagitcmus
928 1283 976 1336 δ.
1029 1283 1086 1337 ln
1143 1283 1406 1348 Manasse,
1454 1292 1513 1338 ut
1558 1284 1809 1339 obliviost
1858 1285 2029 1340 simus

446 1372 763 1442 iniuriarum
809 1383 1115 1429 nostrarum
1145 1384 1166 1413 ε
1197 1381 1251 1428 et
1290 1375 1567 1445 praeterita
1626 1376 2026 1441 obliviscentes,

447 1482 661 1537 semper
696 1465 750 1520 in
788 1474 945 1520 antea
971 1465 1283 1521 tendamus.)
1315 1465 1373 1520 In
1407 1465 1603 1533 Amon,
1636 1474 1695 1521 ut
1717 1475 1922 1523 stemus
1974 1469 2029 1524 in

448 1561 572 1624 fide,
627 1559 682 1613 in
720 1576 827 1630 qua
870 1559 1140 1629 possimus
1167 1559 1347 1613 omnia
1383 1558 1488 1613 tela
1527 1559 1696 1627 ignita
1752 1558 2031 1614 diabolica:

448 1648 656 1705 fraudis
679 1649 994 1719 extinguere
1020 1647 1069 1702 δ.
1098 1649 1156 1702 In
1204 1647 1370 1714 Josia,
1406 1656 1467 1703 ιιι
1522 1648 1750 1703 salutem
1793 1647 2027 1716 Domini,

448 1754 609 1809 quam
644 1739 733 1794 ille
761 1738 917 1793 nobis
945 1747 1204 1807 praestare
1232 1736 1483 1808 dignatus
1527 1744 1629 1804 est,
1669 1746 1783 1794 tota
1831 1739 2030 1794 virtute

2123 570 2385 609 sermones
2435 571 2572 611 meos
2615 566 2899 612 retrorsum
2930 557 3103 631 (Psal.
3155 575 3305 627 χιιι,
3351 560 3439 629 16,
3468 560 3714 638 17)].1ιι

2121 643 2341 708 Abiuth,
2384 645 2534 700 utsit
2567 647 2727 702 nobis
2774 646 2919 704 Deus
2964 649 3019 703 in
3047 649 3288 718 Patrem,
3341 660 3397 708 et
3418 669 3521 710 nos
3541 656 3619 711 illi
3658 660 3716 712 in

2123 733 2261 789 ﬁlios
2286 742 2341 788 et
2394 734 2532 791 filias
2551 777 2565 801 ,
2595 735 2862 809 [habentes
2882 740 3126 810 spiritum
3174 741 3491 813 adoptionis,
3525 746 3579 801 in
3606 765 3717 819 quo

2122 820 2431 889 clamamus,
2460 823 2605 878 Abba
2638 823 2842 880 Pater!
2896 824 2956 881 Si
2979 838 3154 882 autem
3189 829 3309 899 ﬁlii.
3357 841 3406 886 et
3435 832 3717 902 hteredes;

2124 910 2354 966 hteredes
2389 913 2597 983 quidem
2618 913 2744 979 Dei,
2776 914 3069 972 cohwredes
3107 927 3283 974 autem
3312 918 3510 976 Christi
3536 923 3710 994 (Rom.

2125 1017 2245 1067 VIII,
2286 1002 2374 1069 15,
2406 1002 2541 1076 17)].
2569 1004 2628 1059 lu
2666 1004 2949 1071 Eliachim,
3000 1016 3058 1062 ut
3094 1024 3450 1083 resurgamus
3478 1030 3509 1068 a
3536 1027 3729 1070 morte.

2127 1093 2352 1161 peccati,
2405 1102 2459 1147 et
2516 1094 2762 1150 vivamus
2797 1095 2909 1152 Deo
2955 1096 3012 1152 in
3064 1097 3270 1168 Spiritu
3325 1111 3515 1159 sancto
3563 1107 3608 1159 ⁸.
3654 1106 3713 1161 ιιι

2126 1183 2293 1251 Azur,
2323 1194 2383 1241 ut
2411 1186 2700 1255 adjuvaute
2726 1188 2837 1243 Deo
2864 1189 3113 1247 inimicos
3149 1192 3342 1249 salutis
3360 1204 3562 1252 nostra:
3600 1198 3719 1254 vin-

2129 1291 2315 1330 camus
2352 1276 2401 1328 h.
2451 1276 2507 1329 In
2531 1273 2761 1343 Sadoch,
2799 1286 2859 1333 ut
2879 1277 3165 1347 justificari
3195 1297 3503 1338 mereamur
3527 1286 3595 1342 ab
3625 1302 3718 1353 eo,

2129 1367 2219 1436 qui
2249 1364 2508 1433 justilicat
2530 1368 2753 1437 impium
2784 1369 2827 1421 ί.
2852 1369 2912 1423 ἰιι
2950 1369 3219 1439 Joachim,
3245 1380 3304 1426 ut
3331 1372 3529 1430 fratres
3552 1376 3718 1433 Chri-

2131 1457 2220 1521 sti,
2251 1465 2454 1512 matres
2478 1465 2533 1512 et
2566 1472 2782 1514 sorores
2817 1460 3004 1524 simus,
3036 1461 3091 1515 in
3127 1477 3193 1517 eo
3214 1469 3274 1517 ut
3308 1460 3570 1520 faciamus
3600 1464 3723 1534 ejus

2130 1548 2459 1603 voluntatem
2484 1546 2530 1602 i.
2563 1549 2621 1603 In
2646 1550 2850 1615 Eliuth,
2888 1558 2948 1604 ut
2969 1550 3171 1605 nullum
3201 1553 3495 1609 habeamus
3520 1555 3718 1621 Deum,

2133 1639 2235 1692 nisi
2273 1638 2556 1692 Dominum
2600 1637 2783 1694 Jesum
2821 1639 3122 1708 Christum,
3152 1640 3263 1714 [cui
3286 1659 3437 1699 omne
3464 1663 3602 1716 genu
3627 1649 3725 1718 ﬂe-

2134 1731 2310 1796 ctitur,
2339 1739 2386 1784 et
2416 1731 2582 1785 onmis
2614 1730 2795 1801 lingua
2820 1732 3099 1801 conﬁtetur
3125 1732 3344 1805 (Philip.
3375 1751 3435 1801 ιι,
3464 1736 3551 1803 10,
3586 1739 3679 1811 11)
3705 1758 3719 1804 ;

447 1836 504 1884 ει
544 1828 859 1884 fortitudine
902 1844 1192 1898 sequamur
1227 1840 1272 1882 ο,
1319 1827 1378 1883 lu
1429 1826 1706 1896 Jechonia,
1765 1838 1826 1885 ιιι
1859 1831 1912 1885 in
1939 1832 2033 1885 ad.
2066 1814 2108 1873 Β
2134 1830 2185 1874 ct
2213 1830 2267 1875 ut
2293 1822 2393 1892 ipsi
2434 1820 2530 1876 soli
2562 1821 2888 1876 sacrificium
2920 1821 3094 1877 laudis
3123 1822 3483 1892 immolemus,
3513 1834 3569 1880 et
3592 1837 3721 1883 vota

449 1927 612 1975 ventu
665 1920 878 1974 Domini
923 1919 1207 1993 [secundo]
1252 1922 1427 1991 parati
1477 1919 1673 1992 [Edit.,
1713 1922 2027 1995 prteparati]

450 2010 645 2077 simus,
682 2009 968 2080 vigilantes
994 2019 1047 2065 et
1082 2009 1244 2082 455
1273 2019 1509 2075 orantes,
1552 2027 1621 2065 ne
1647 2012 1951 2067 incidamus
1978 2014 2032 2066 in

453 2102 807 2157 tentationem
847 2100 965 2173 [sed
1010 2116 1130 2156 cum
1167 2101 1271 2155 illis
1308 2101 1514 2157 intrare
1560 2102 1626 2155 ad
1656 2103 1870 2171 nuptias
1923 2119 2037 2158 me-

452 2211 692 2260 reamur,
712 2197 777 2250 de
792 2196 989 2264 quibus
1012 2194 1124 2263 ipse
1139 2193 1271 2248 dicit
1295 2209 1307 2247 :
1325 2194 1475 2248 Beati
1486 2204 1606 2248 sunt
1621 2196 1756 2248 servi
1769 2194 1866 2260 illi,
1883 2212 2031 2266 quos,

454 2302 576 2338 cum
620 2286 814 2339 venerit
858 2283 1136 2351 Dominus,
1174 2284 1428 2338 invenerit
1453 2284 1725 2355 vigilantes
1757 2282 1907 2357 (Luc.
1957 2302 2035 2340 xu

452 2374 593 2447 57)].
644 2376 701 2429 In
731 2375 1013 2440 Salathiel,
1060 2384 1120 2429 ut
1141 2390 1301 2429 unam
1333 2375 1645 2444 petitionem
1685 2383 1952 2446 petamus,
1983 2375 2037 2430 id

450 2478 556 2532 est,
590 2477 647 2522 ut
671 2468 1038 2522 inhabitemus
1065 2467 1119 2520 in
1143 2467 1303 2523 domo
1329 2467 1538 2521 Domini
1563 2469 1814 2522 omnibus
1842 2468 2036 2523 diebus

450 2561 577 2613 vita:
608 2567 804 2613 nostra:
832 2557 874 2610 ί.
937 2556 995 2610 In
1040 2556 1361 2621 Zorobabel,
1391 2565 1452 2610 ut
1473 2556 1645 2611 simus
1674 2557 1921 2628 magistri
1951 2571 2038 2611 ve-

453 2652 662 2716 ritatis,
709 2648 1059 2720 prohibentes
1130 2647 1473 2718 magisteria,
1530 2655 1583 2702 et
1659 2647 2036 2702 haereticorum

449 2741 792 2796 confusiones
866 2737 941 2809 [et
1014 2752 1135 2806 quae
1195 2736 1376 2791 verbis
1428 2737 1717 2802 docemus,
1777 2737 2037 2807 exemplis

449 2829 911 2894 commendemus,
941 2844 1009 2882 ne
1038 2829 1103 2883 de
1135 2828 1292 2882 nobis
1321 2829 1465 2883 dicat
1517 2821 1708 2884 Deus':
1751 2827 1929 2894 Quare
1980 2839 2037 2883 tu

450 2940 669 2979 enarras
683 2921 926 2992 justitias
956 2936 1117 2984 meas,
1141 2928 1188 2973 et
1217 2920 1440 2972 assumis
1466 2928 1827 2974 testamentum
1865 2938 2035 2974 meum

527 3049 549 3075 τι
585 3034 724 3088 Edit.
769 3047 783 3085 :
831 3049 850 3081 ι
892 3030 949 3083 In
976 3028 1182 3093 Achaz,
1216 3037 1277 3083 ut
1300 3030 1768 3098 apprehendamus
1796 3029 2036 3098 discipli-

453 3120 602 3167 nam,
632 3117 697 3155 ne.
718 3100 933 3167 quando
962 3099 1231 3153 irascatur
1262 3100 1538 3161 Dominus,
1569 3108 1623 3153 et
1656 3114 1938 3167 pereamus
1965 3100 2031 3154 de

2133 1921 2316 1969 nostra
2354 1914 2664 1978 reddamus,
2695 1913 2977 1982 ipsumque
3003 1914 3175 1968 solum
3223 1915 3529 1982 adoremus,
3553 1933 3719 1987 quem

2132 2013 2347 2074 Oportet
2375 2003 2590 2059 adorari
2626 2003 2680 2057 in
2718 2003 2907 2074 spiritu
2935 2015 2982 2057 et
3011 2003 3223 2058 veritate
3254 2005 3437 2076 (Joan.
3473 2024 3550 2073 tv,
3573 2007 3722 2081 23)].

2134 2093 2191 2149 In
2243 2095 2505 2161 Eleazar,
2560 2105 2620 2149 ut
2665 2092 3038 2161 confiteantur,
3094 2096 3324 2152 salutem
3371 2111 3616 2154 nostram
3668 2103 3721 2156 in

2136 2188 2364 2243 Domino
2418 2187 2544 2243 Jesu
2583 2188 2955 2243 tantummodo
3001 2197 3252 2245 constare
3283 2190 3331 2243 ιι.
3374 2191 3430 2246 In
3476 2192 3715 2254 Mathan.

2136 2289 2197 2335 ut
2249 2282 2445 2335 donum
2491 2281 2663 2335 sancti
2711 2280 2947 2350 Spiritus
2991 2282 3348 2352 accipientes,
3403 2300 3509 2338 non
3553 2286 3723 2339 simus

2137 2373 2581 2441 concupiscentcs
2608 2373 2892 2437 malorum,
2940 2374 3079 2427 sicut
3097 2384 3284 2444 gentes
3337 2375 3378 2430 ι.
3422 2376 3481 2430 In
3532 2375 3719 2441 Jacob,

2136 2474 2194 2517 ιιι
2232 2472 2470 2517 rectores
2520 2464 2861 2517 tenebrarum
2913 2463 3124 2528 harum,
3180 2481 3301 2519 cum
3345 2466 3491 2521 vitiis
3520 2470 3725 2523 nostris

2137 2558 2400 2628 spirituali
2438 2557 2751 2612 fortitudine
2797 2557 3200 2627 supplantemus
3229 2572 3291 2617 ω.
3338 2560 3395 2614 1η
3422 2559 3638 2631 Ioseph,
3664 2574 3723 2617 ut

2138 2647 2421 2702 deficiente
2486 2647 2756 2701 exteriore
2802 2647 3022 2701 homine
3074 2647 3299 2703 interior
3346 2662 3611 2720 augeatur
3657 2653 3724 2706 de

2136 2736 2301 2809 456
2323 2737 2408 2791 die
2431 2738 2485 2791 in
2507 2737 2670 2801 diem,
2699 2738 2867 2793 donec
2890 2738 3244 2806 spiritualiter
3269 2741 3323 2794 iu
3350 2742 3506 2797 nobis
3526 2743 3723 2797 Confir-

2136 2836 2314 2881 metur
2341 2826 2590 2882 Christus
2624 2837 2672 2892 ιι,
2701 2834 2755 2881 et
2779 2842 2877 2896 per
2900 2826 3146 2893 Mariam,
3180 2829 3232 2882 id
3258 2839 3361 2895 est,
3385 2829 3567 2886 lumen
3596 2832 3718 2886 fidei

2136 2926 2191 2972 et
2215 2916 2409 2972 divinm
2435 2917 2639 2986 gratiae,
2682 2916 2942 2972 ducamur
2984 2918 3053 2972 ad
3103 2918 3431 2975 ineffabilem
3477 2923 3724 2992 omnipo-

2138 3045 2266 3084 num
2315 3027 2614 3095 adjutorem
2660 3036 2906 3083 nostrum
2949 3045 3073 3084 cum
3123 3028 3408 3085 Psalmista
3451 3033 3724 3089 collaude—

2138 3115 2259 3171 mus
2281 3140 2294 3163 ,
2339 3100 2580 3153 dicentes
2605 3116 2631 3171 _:
2671 3098 2930 3152 Dominus
2953 3098 3170 3171 adjutor
3192 3110 3243 3153 et
3268 3111 3533 3171 protector
3553 3120 3726 3171 meus,

452 3176 538 3243 via
562 3158 707 3239 justa
736 3158 908 3243 (Psal.
940 3184 1002 3243 ιι,
1042 3169 1150 3241 ιε),
1188 3184 1307 3243 qua:
1327 3158 1578 3223 Christus
1600 3158 1703 3234 est,
1732 3169 1822 3237 qui
1848 3168 1985 3223 dixit
2011 3188 2023 3222 :
2058 3158 2102 3219 C
2135 3179 2181 3223 et
2202 3170 2256 3221 in
2277 3158 2387 3243 ipso
2414 3169 2635 3239 speravit
2663 3184 2754 3221 cor
2778 3183 2971 3234 meum,
2994 3158 3043 3223 e't
3068 3158 3284 3239 adjutui
3320 3187 3435 3224 sum
3471 3191 3491 3224 ι
3532 3171 3552 3243 (
3570 3158 3722 3227 Ρεαιί

457 3241 569 3310 Ego
595 3256 709 3310 sum
735 3240 835 3302 via,
864 3240 1051 3310 veritas
1078 3250 1127 3310 et
1151 3240 1279 3310 (vita.
1321 3258 1339 3289 ι

527 3311 554 3350 δ
594 3309 734 3364 Edit.
772 3326 786 3363 :
822 3329 840 3359 ι
877 3308 934 3363 ln
967 3309 1217 3371 Ezechia,
1266 3318 1324 3360 ut
1356 3308 1520 3363 fortes
1549 3309 1757 3363 Domini
1814 3310 2033 3363 resista-

454 3396 576 3436 mus
601 3380 909 3434 adversario
935 3387 1119 3431 nostro
1146 3377 1389 3447 diabolo,
1412 3378 1503 3447 qui
1532 3386 1786 3447 tanquam
1823 3378 1906 3430 leo
1944 3395 2034 3432 ru-

455 3451 609 3520 giens
626 3449 890 3520 circumit,
918 3460 1343 3520 qumrensquem
1361 3446 1612 3520 devoret;
1639 3446 1745 3520 non
1770 3447 1822 3499 in
1847 3456 2033 3501 nostra

455 3514 654 3574 virtute
682 3514 1032 3578 confidentes,
1084 3514 1178 3569 sed
1228 3514 1439 3569 Domini
1489 3514 1859 3570 fortitudinem
1909 3532 2033 3571 cum

453 3590 738 3645 Psalmista
766 3587 1133 3643 collaudantes
1174 3602 1186 3638 :
1241 3583 1520 3639 Fortitudo
1555 3601 1670 3638 mea
1693 3594 1740 3638 et
1765 3584 1881 3640 laus
1918 3603 2034 3640 mea

455 3660 742 3721 Dominus,
785 3667 832 3712 et
881 3657 1053 3728 factus
1100 3664 1177 3708 est
1218 3654 1344 3718 mihi
1392 3655 1446 3708 in
1502 3653 1724 3708 salutem
1786 3674 1804 3706 ι
1857 3654 2030 3725 (Psal.

455 3745 621 3788 cxvn,
665 3729 774 3788 14).

530 3728 1081 3865 ἒεωιῖἰιιιίἒ)ξιιξιοίςιιιιιει
1112 3801 1167 3865 et
1193 3793 1273 3849 eis
1323 3795 1413 3863 qui
1468 3802 1795 3865 contranos
1845 3803 2029 3863 agunt.

456 3875 678 3936 propter
700 3863 891 3919 nomen
914 3864 1121 3936 Domini
1152 3865 1558 3936 ignoscamus_:_
1576 3878 1642 3936 ne
1662 3863 1790 3919 illud
1814 3865 2034 3936 maledi-

457 3933 605 3991 ctum
638 3936 1010 3990 incurramus:
1042 3934 1255 3987 Dimitte
1278 3933 1424 3988 nobis
1475 3933 1648 3987 debita
1689 3944 1868 3988 nostra
1898 3935 2032 3988 sicut

455 4015 504 4061 et
527 4021 619 4059 nos
636 4005 944 4058 dimittimus
969 4002 1288 4058 debitoribus
1315 4004 1527 4057 nostris.
1569 4024 1587 4054 ι

526 4073 552 4113 ἀ
591 4075 734 4129 Edit.
770 4091 783 4128 :
822 4091 840 4124 ι
883 4073 940 4127 ln
972 4074 1223 4135 Ammon,
1261 4081 1320 4126 ut
1344 4071 1562 4137 fideles,
1602 4073 1656 4125 in
1678 4071 1783 4126 fide
1809 4074 2033 4129 radicati

457 4153 512 4199 et
560 4143 788 4207 fundati,
842 4144 895 4196 in
930 4144 1183 4198 omnibus
1235 4157 1511 4196 sumamus
1561 4151 1772 4196 scutum
1804 4143 1949 4209 fidei,
1980 4144 2034 4197 in

455 4212 1019 4355 qu’possimusi63ela
1072 4211 1384 4279 nequissimi
1416 4212 1568 4281 ignea
1613 4213 1957 4280 exstinguere
2010 4234 2026 4265 ι

531 4300 673 4355 ptes.
728 4300 798 4347 vt,
876 4351 895 4355 _
942 4320 991 4355 ._
1062 4351 1072 4355 Α
1303 4350 1316 4355 _
1488 4349 1520 4355 _
1626 4349 1696 4355 __
1903 4351 1913 4355 _

487 4283 673 4347 Ephes.
728 4300 798 4347 v1,
847 4283 954 4347 16).

531 4281 673 4353 phes.
728 4300 798 4347 v1,
847 4281 954 4353 16).

533 4365 556 4394 ο
586 4354 727 4408 Edit.
765 4371 777 4406 :
822 4370 840 4403 ι
876 4351 934 4406 ln
964 4350 1131 4415 Josia,
1163 4358 1222 4404 ut
1241 4350 1470 4405 salutem
1488 4349 1720 4414 Domini,
1745 4358 1801 4404 et
1828 4351 2035 4406 anima-

457 4438 579 4476 rum
614 4438 828 4492 semper
851 4423 1222 4491 deposcamus,
1258 4436 1323 4476 ne
1351 4421 1687 4492 obcaecemur
1719 4419 1773 4473 in
1801 4420 2032 4492 infideli-

460 4502 600 4558 tate;
658 4489 1109 4549 neclaudicemus
1140 4492 1193 4546 in
1222 4492 1325 4545 viis
1370 4490 1744 4545 mandatorum
1769 4489 1912 4559 ejus;
1966 4507 2033 4546 ne

458 4564 609 4617 surdi
640 4564 706 4617 ad
723 4562 1045 4618 audiendum
1074 4563 1297 4616 verbum
1328 4562 1423 4616 Dei
1469 4559 1794 4627 efﬁciamur;
1828 4577 1896 4616 ne
1918 4576 2034 4615 mo-

457 4633 665 4686 riamur
693 4632 745 4686 in
785 4633 1058 4702 peccatis:
1088 4632 1183 4687 sed
1228 4642 1287 4687 ut
1314 4646 1528 4702 semper
1562 4631 1835 4686 salvemur
1873 4632 1941 4687 ab
1966 4646 2032 4686 eo

458 4650 665 4686 rtamur
693 4650 745 4686 in
802 4650 1020 4687 ieceaus
1045 4650 1058 4685 :
1088 4650 1183 4687 seu
1228 4650 1287 4687 ιιι
1314 4650 1528 4702 semper
1562 4650 1776 4686 salveml

458 4701 752 4782 quis-alvos
778 4650 1211 4782 iacit_spe!antes
1232 4703 1286 4782 iu
1322 4718 1399 4757 se.
1435 4720 1453 4782 ι

535 4770 734 4843 f_Edit.
770 4791 781 4826 :
829 4791 848 4823 ι
906 4770 974 4826 In
1010 4771 1298 4843 Salathiel,
1324 4779 1589 4843 quatenus
1627 4771 1813 4841 petitio
1851 4780 2033 4843 nostra

459 4841 525 4913 ad
550 4839 717 4896 Deum
746 4857 961 4911 semper
977 4842 1265 4913 dirigatur,
1298 4839 1356 4896 ut
1381 4839 1643 4911 gaudium
1682 4847 1925 4913 nostrum
1964 4842 2035 4913 sit

458 4910 717 4991 plenum;
754 4929 861 4991 nou
896 4911 1056 4991 hujus
1081 4910 1260 4991 saeculi
1291 4910 1525 4965 interere
1566 4911 1912 4991 permixtum,
1938 4911 2031 4964 sed

460 4978 668 5051 infinita
704 4978 1035 5037 beatitudine
1080 4984 1527 5051 sempiternum;
1559 4989 1613 5034 et
1667 4979 1770 5032 hoc
1825 4978 1877 5051 in
1931 4994 2032 5051 no-

459 5052 604 5106 mine
639 5050 954 5117 Salvatoris,
986 5059 1047 5105 ut
1074 5049 1365 5121 impetrare
1388 5050 1687 5121 possimus,
1717 5050 1858 5119 quod
1895 5049 2037 5120 peti-

460 5135 601 5175 IINIS.
640 5141 658 5174 ι

534 5194 558 5231 ε
596 5190 784 5262 Edit.:
836 5210 854 5241 ι
902 5192 956 5246 In
988 5190 1271 5262 Eliachim,
1299 5199 1357 5245 nt
1391 5206 1738 5262 resurgamus
1783 5207 1812 5245 a
1860 5199 2039 5246 tumu-

459 5259 527 5313 lis
558 5261 811 5317 vitiorum
856 5262 924 5317 ad
960 5260 1334 5318 celsitudinem
1382 5259 1664 5327 virtutum,
1693 5262 1781 5327 dq
1807 5262 2037 5316 terrenis

459 5277 527 5313 ns
558 5277 811 5317 vitiorum
856 5277 924 5317 aa
960 5277 1334 5318 cetsnuotnem
1382 5277 1664 5327 νιηιιιιιιιι,
1693 5277 1724 5316 ιι
1807 5277 2037 5316 terrenis

459 5329 527 5384 ad
561 5332 824 5399 calcatis,
851 5333 918 5388 de
956 5340 1131 5388 morte
1168 5330 1235 5385 ad
1276 5333 1465 5398 vitam,
1499 5332 1566 5388 de
1597 5277 1840 5457 Caua!
1890 5331 2037 5386 Gali-

459 5395 639 5457 laeam.
680 5402 736 5456 id
779 5410 882 5457 est.
914 5403 980 5457 de
1025 5402 1237 5457 inferno
1275 5403 1343 5457 ad
1376 5411 1634 5457 azternam
1680 5413 1762 5457 tra
1818 5402 2034 5457 'misrra-

459 5395 639 5469 laeam,
680 5402 736 5456 id
779 5395 882 5463 est,
914 5403 980 5458 de
1025 5402 1237 5457 inferno
1275 5403 1343 5457 ad
1376 5395 1634 5457 teternam
1680 5395 2034 5469 tra'rhsmigra-

461 5468 696 5538 tionem,
746 5473 837 5526 ubi
893 5474 1064 5527 sancti
1120 5472 1265 5526 ibunt
1312 5473 1376 5526 de
1429 5474 1616 5527 virtute
1663 5475 1719 5527 in
1773 5468 2029 5535 virtutem,

460 5537 625 5593 duties
683 5537 947 5613 videbitur
994 5542 1135 5596 Deus
1194 5541 1412 5596 deorum
1460 5544 1516 5596 in
1569 5543 1699 5598 Sion
1760 5563 1778 5595 ι
1834 5539 2028 5613 (Psal.

460 5618 687 5664 Lxxxm.
712 5615 789 5664 8).

832 5696 849 5727 ι
882 5679 1130 5754 ln_A1.or_.
1153 5688 1214 5734 ut
1240 5681 1405 5750 adjuti
1436 5680 1613 5735 divina
1644 5684 1813 5752 gratia
1847 5693 2037 5754 cuncta

460 5743 616 5800 nobis
647 5743 982 5799 adversantia
1012 5743 1278 5816 patienter
1304 5743 1721 5817 'supportemus,
1755 5760 1806 5805 et
1851 5751 2035 5809 Donni-

2133 3254 2305 3302 xxvu,
2339 3239 2415 3302 7).

2495 3327 2512 3358 ι
2541 3308 2597 3362 In
2639 3308 2873 3373 Sadoch,
2919 3316 2979 3380 ut
3017 3308 3148 3376 justi
3187 3324 3539 3380 appareamus
3591 3327 3730 3368 ante

2132 3378 2322 3442 Deum,
2346 3379 2656 3433 incedentes
2695 3380 2747 3433 in
2789 3379 3041 3434 omnibus
3069 3378 3331 3435 mandatis
3356 3390 3412 3435 et
3452 3379 3730 3447 iustifica—

2134 3449 2370 3503 tionibus
2410 3449 2622 3502 Domini
2665 3450 2781 3519 sine
2808 3448 3143 3519 qiierela,_ut
3174 3466 3295 3505 cum
3321 3450 3484 3519 justis
3519 3466 3669 3508 mere
3690 3475 3729 3506 ιο

2134 3534 2259 3571 mur
2286 3519 2476 3573 audire
2501 3534 2689 3572 vocem
2718 3518 2949 3573 dicentis
2976 3536 2989 3572 :
3033 3517 3227 3583 Venite,
3266 3517 3522 3574 benedicti
3545 3521 3729 3577 Patris

2133 3590 2257 3650 mei,
2288 3589 2533 3657 percipite
2582 3605 2798 3658 regnum
2823 3588 2963 3658 quod
2997 3589 3137 3642 vobis
3166 3599 3408 3658 paratum
3438 3601 3513 3645 est
3542 3607 3573 3644 ιι
3599 3608 3729 3647 con-

2133 3606 2257 3650 mei,
2288 3606 2533 3657 percipue
2582 3606 2798 3657 regnum
2823 3606 2961 3658 quoa
2997 3606 3137 3642 voms
3201 3622 3203 3639 .

2132 3658 2402 3737 stitutione
2430 3656 2613 3709 mundi
2645 3677 2662 3709 ι
2682 3656 2908 3778 (Matth.
2935 3674 3059 3719 xxv,
3090 3606 3203 3730 54f.

2208 3737 2221 3775 ι
2273 3727 2415 3778 Ειίιι.
2449 3740 2463 3778 :
2501 3744 2518 3775 ι
2573 3726 2629 3778 In
2716 3728 2948 3778 oaelnm.
2987 3736 3048 3778 ιιι
3097 3729 3203 3778 frat

2208 3725 2221 3775 ι
2273 3727 2415 3780 Edit.
2449 3740 2463 3778 :
2501 3744 2518 3775 ι
2573 3726 2629 3779 In
2682 3725 2948 3793 Joaehim,
2987 3736 3048 3781 ut
3097 3725 3295 3784 fratres
3347 3727 3475 3784 Jesu
3520 3729 3726 3786 Christi

2134 3811 2440 3868 mereamur
2473 3796 2731 3868 appellari
2755 3813 2798 3868 ;_7
2815 3812 2920 3868 non
2961 3811 3060 3866 per
3102 3799 3475 3868 cognationem
3516 3802 3725 3866 carnis,

2135 3866 2228 3938 sed
2275 3882 2372 3935 per
2414 3867 2724 3938 unctionem
2771 3866 3006 3938 Spiritus
3056 3866 3270 3933 sancti,
3316 3885 3476 3938 quem
3535 3870 3727 3924 effudit

2137 3936 2207 4009 in
2243 3952 2340 4009 nos
2389 3936 2599 4009 abunde
2658 3950 2671 3988 :
2724 3945 2782 3990 ut
2833 3935 3094 4009 facientes
3134 3935 3480 4009 voluntatem
3531 3941 3722 4009 ipsius,

2135 4007 2349 4070 sobrie,
2390 4015 2443 4060 et
2490 4005 2634 4073 justc
2662 4046 2675 4070 ,
2721 4013 2777 4059 et
2819 4006 2908 4075 pie
2954 4007 3182 4061 vivendo
3228 4009 3281 4063 in
3339 4010 3441 4063 hoc
3482 4005 3676 4064 surcido
3706 4052 3722 4073 ,

2136 4076 2203 4130 ad
2256 4075 2471 4130 Patrem
2520 4089 2710 4139 suum,
2750 4083 2806 4129 et
2848 4075 3063 4131 Patrem
3110 4087 3391 4143 nostrum;
3448 4088 3504 4132 et
3551 4079 3721 4133 Deum

2135 4161 2291 4268 unum
2340 4153 2395 4201 et
2445 4144 2614 4200 Deum
2669 4154 2914 4200 nostrum
2975 4148 3271 4205 ascendere
3324 4150 3598 4218 possimus
3664 4152 3722 4203 in

2162 4225 2338 4268 uturo.
2390 4235 2408 4266 ι

2162 4225 2338 4270 uturo.
2390 4235 2408 4266 ι

2210 4288 2231 4324 ιε
2264 4285 2408 4359 Edit.
2436 4301 2458 4359 :_
2487 4305 2518 4359 ι
2541 4285 2598 4340 ln
2625 4285 2870 4359 Eleazar,
2897 4296 2956 4342 ut
2985 4288 3191 4359 nullum
3227 4304 3537 4359 quaeramus
3567 4290 3727 4359 adju-

2138 4365 2332 4419 torem,
2358 4356 2463 4410 nisi
2489 4356 2773 4429 Dominum
2808 4366 3053 4412 nostrum
3086 4356 3268 4413 ,ἰοειιηὶ
3298 4358 3570 4413 Christum
3590 4400 3604 4423 ,
3627 4356 3724 4429 qui

2136 4436 2326 4498 potens
2359 4434 2443 4498 est
2479 4426 2659 4498 omnia
2688 4424 2868 4482 facere
2894 4429 3411 4498 superabundanter,
3439 4444 3601 4497 quam
3634 4424 3730 4498 pe-

2139 4494 2303 4568 timus
2326 4503 2383 4549 et
2409 4494 2759 4568 intelligimus
2788 4515 2799 4550 :
2830 4494 2976 4568 etut
2999 4500 3357 4568 quodcunque
3405 4494 3648 4553 facimus
3666 4500 3725 4553 in

2138 4566 2450 4635 verbo,_aut
2477 4566 2531 4620 in
2560 4580 2754 4635 opere,
2781 4567 2961 4622 omnia
2987 4566 3041 4621 in
3072 4566 3287 4623 nomine
3313 4567 3524 4623 Domini
3554 4567 3719 4623 facia-

2140 4651 2259 4708 mus
2298 4633 2520 4706 (Coloss.
2548 4633 2632 4708 ιιι,
2653 4635 2765 4707 17),
2789 4637 3031 4708 dicentes
3057 4653 3179 4692 eum
3206 4637 3477 4706 Propheta
3506 4657 3518 4692 :
3550 4639 3720 4708 Adju-

2136 4707 2331 4759 torium
2359 4715 2593 4779 nostrum
2615 4706 2671 4759 in
2700 4708 2907 4779 nomine
2935 4706 3169 4774 Domini,
3193 4709 3284 4779 qui
3311 4707 3432 4777 fecit
3462 4706 3643 4762 malum
3672 4718 3721 4763 ιι

2138 4786 2376 4848 terram}
2406 4774 2577 4848 (Psal.
2601 4792 2789 4848 c_x_xllt,
2824 4777 2900 4848 8).

2218 4843 2515 4920 1_Edit.‘:_‘t
2546 4845 2604 4900 1n
2632 4843 2869 4920 Matlian‘,’
2890 4855 2950 4901 ut
2975 4848 3174 4920 donum
3222 4864 3467 4918 superna:
3509 4850 3722 4920 gratim,

2140 4914 2379 4987 spiritum
2402 4915 2609 4987 scilicet
2630 4918 2900 4987 sapientia:
2920 4927 2966 4972 et
2989 4914 3315 4983 intellectus}
3340 4914 3583 4987 spiritum
3599 4935 3733 4972 eon-

2140 4984 2247 5039 silii
2271 4994 2318 5037 et
2338 4984 2701 5060 fortitudinis;
2726 4988 2967 5060 spiritum
2991 4990 3223 5060 scientia}
3245 4998 3295 5043 et
3317 4984 3546 5060 pietatis.
3570 4989 3732 5060 spiri-

2141 5065 2352 5129 tumque
2377 5057 2580 5129 tim_oris
2601 5056 2812 5129 Domini
2843 5058 3137 5129 retinentes
3163 5056 3413 5129 (Isai.‘.\jt,
3436 5058 3494 5122 Ξ,
3522 5056 3733 5129 5),ἰΙὶς·

2141 5127 2436 5181 cretionem
2463 5125 2759 5198 habeamus
2782 5128 2925 5182 inter
2956 5128 3155 5182 bonum
3173 5125 3232 5182 ὀι
3260 5128 3481 5195 malum,
3498 5125 3620 5198 quae
3639 5139 3732 5183 est

2142 5206 2316 5252 mater
2335 5196 2575 5250 omnium
2603 5197 2885 5251 virtutum.
2922 5215 2941 5248 ι

2211 5278 2254 5338 m_
2288 5266 2430 5338 Edit.
2467 5283 2479 5320 :
2517 5285 2536 5318 ι
2574 5267 2629 5321 ln
2668 5266 2857 5338 Jacob,
2884 5275 2945 5321 ut
2975 5267 3378 5338 supplantcmus
3406 5286 3436 5324 a
3462 5269 3620 5324 nobis
3646 5269 3735 5323 ei-

2139 5336 2293 5390 zania
2329 5337 2605 5401 vitiorum,
2633 5346 2688 5390 et
2706 5336 3008 5406 plantemus
3030 5336 3091 5391 in
3110 5339 3266 5393 nobis
3285 5348 3528 5394 aromata
3555 5341 3733 5392 virtu-

2139 5415 2254 5459 tum
2287 5423 2300 5457 :
2339 5414 2400 5459 ut
2423 5406 2562 5459 sicut
2587 5406 2988 5462 cinnamomum
3022 5416 3076 5462 et
3121 5407 3417 5464 balsamum
3467 5410 3736 5465 aromati-

2140 5490 2305 5548 zans,
2346 5482 2413 5548 Act
2451 5476 2604 5548 quasi
2641 5478 2862 5548 myrrha
2899 5477 3086 5548 electa
3134 5479 3354 5533 odorem
3399 5480 3621 5541 demus;
3673 5487 3736 5531 et

2140 5543 2360 5667 [gantati
2392 5545 2445 5598 in
2467 5543 2625 5600 domo
2654 5543 2864 5602 Domini
2887 5547 3173 5603 floreamus
3211 5549 3263 5602 in
3304 5557 3567 5605 mternum
3600 5559 3738 5603 ante

2192 5628 2452 5667 omnium.
2492 5635 2510 5667 ι

2192 5628 2452 5669 omnium.
2492 5635 2510 5667 υ

2218 5693 2242 5721 η
2267 5683 2430 5739 Edita
2455 5707 2473 5734 ι
2495 5686 2548 5741 1η
2572 5684 2788 5758 Joscph,
2817 5695 2877 5739 ut
2898 5688 2963 5742 de
2986 5688 3072 5741 die
3100 5689 3151 5742 in
3175 5689 3316 5743 diem
3336 5689 3523 5743 virtuti
3554 5688 3741 5743 virtu-

2146 5761 2270 5819 tem,
2290 5758 2700 5814 sanetilicatieni
2732 5759 3214 5815 sanetilivalionem
3241 5767 3740 5830 apponentts,mo-
