4020 6186
259 307 360 364 737

892 309 1299 365 EXEGETICA.
1340 342 1408 351 —-
1445 310 1800 368 COMMENT.
1842 314 1845 365 J

1951 303 2134 366 JOAN.
2172 336 2246 347 -—
2281 315 2497 372 EPIST.
2539 313 2843 375 ΡΠΑΞΥΙᾸΞ

3434 332 3541 390 758

256 421 535 502 mittatur;
566 425 626 474 ut
652 417 705 474 in
735 419 862 502 ﬁne,
887 436 1003 489 seu,
1026 430 1088 504 ut
1112 423 1554 504 interpretamur,
1580 424 1847 504 iri-ultima
1877 431 1925 490 Α
1952 441 2127 493 tuens,
2151 428 2275 498 quia
2309 444 2416 484 nou
2446 429 2548 484 fuit
2576 433 2666 502 qui
2693 433 2955 489 excitaret
2982 449 3127 504 eum,
3160 440 3330 497 donec
3359 453 3539 500 vestra

254 489 376 558 ejus
403 489 780 563 commentarii
799 499 978 563 parte,
1001 492 1204 563 aliquid
1232 489 1460 547 addatur
1481 494 1622 563 quod
1648 494 1700 547 in
1727 494 1848 550 aliis

254 506 376 558 ejus
403 506 780 546 commentam
799 506 978 612 parte,
1001 506 1204 562 anqum
1232 506 1460 547 auuatur
1481 506 1622 563 quoa
1648 511 1700 547 in
1727 506 1848 550 atus

252 561 533 642 opusculis
558 558 646 615 vel
837 569 1043 643 atrum,
1074 562 1236 643 veluin
1265 563 1355 643 bis
1377 563 1697 643 ipsisautea
1721 565 1853 643 mis-

253 628 355 698 sis,
381 646 487 702 non
516 630 809 702 invenitur.
837 628 1073 685 Pronum
1096 631 1259 702 igitur
1278 639 1361 686 est
1380 628 1648 700 conjicere
1671 633 1852 688 Alcui~

256 700 575 771 numgalteri
611 700 696 771 sui
724 702 1098 771 commentarii
1128 700 1281 771 parti
1304 717 1499 757 novam
1539 718 1723 757 curam
1751 704 1849 757 ad-

254 769 520 842 hibuisse,
543 777 599 842 et
621 768 676 823 in
705 784 832 838 eam.
851 770 1077 825 formam
1109 768 1486 842 transfudisse,
1508 772 1684 842 qualis
1710 772 1852 828 inter

255 839 431 920 Opera
451 838 638 924 ‘Beda
655 848 1116 924 Arepragsentatur:
1151 841 1221 923 Et
1243 838 1624 924 .hac_quidem
1662 852 1848 898 nostra

257 908 570 981 cordectupa
590 917 757 964 estex
779 908 1027 981 allegatis
1047 910 1258 965 Alcuini
1282 908 1462 981 verbis
1481 919 1637 966 enata
1655 928 1669 976 ;
1685 927 1849 981 quam

256 987 440 1051 tamen
465 979 706 1051 virorum
731 979 1063 1035 eruditorum
1093 980 1348 1036 limatiori
1372 980 1574 1051 judicio
1597 979 1850 1037 lubenter

259 1049 650 1106 submittimus.

329 1116 603 1190 Caeterum
639 1115 910 1190 ‘Alcuinus
943 1119 1187 1190 ipsemet.
1226 1135 1325 1190 pro
1363 1135 1461 1176 suo
1497 1120 1754 1190 candore,
1794 1120 1851 1175 in

255 1188 416 1259 epist.
456 1189 523 1242 ad
544 1185 745 1260 Gislam
769 1195 823 1242 et
850 1185 1204 1260 Richtrudem
1230 1185 1460 1260 ingenue
1486 1189 1771 1259 proﬁtetur
1792 1206 1851 1246 se

256 1257 364 1338 non
385 1272 453 1311 ex
472 1258 692 1338 prOprio
710 1265 868 1339 prato
888 1257 1046 1339 ﬂores
1065 1257 1657 1339 proferré,,sed,_utsua
1679 1261 1852 1339 tenni-

261 1327 387 1381 tatis
417 1327 688 1399 conscius,
720 1327 1116 1399 sinegpericulo
1149 1330 1232 1399 sui
1272 1330 1527 1395 nominis,
1573 1331 1855 1399 praJicta-

257 1411 380 1449 rum
410 1396 677 1465 virginum
708 1395 1047 1452 satisfaceret
1083 1398 1367 1462 voluntati,
1409 1395 1701 1454 multorum
1747 1398 1850 1453 Pa-

260 1475 403 1519 trum
429 1464 769 1538 ﬂoridarura
799 1467 1157 1538 peragrando,
1185 1468 1308 1523 inde
1330 1466 1494 1523 flores
1518 1470 1746 1538 sparsim
1776 1469 1852 1523 ibi

257 1542 505 1609 repertos
543 1533 850 1609 collegisse,
897 1554 915 1587 ‹
938 1533 1295 1609 'medicorum
1331 1533 1599 1609 exemplo,
1638 1539 1730 1609 qui
1765 1554 1852 1593 so-

258 1604 391 1678 lent,
423 1604 701 1672 inquiner
723 1604 1015 1678 multorum
1044 1606 1324 1678 speciebus
1347 1604 1764 1678 pigmentorum,
1796 1609 1850 1661 in

258 1672 491 1728 salutem
524 1674 799 1746 poscentis
825 1672 1094 1746 quoddam
1120 1672 1498 1731 medicamenti
1526 1672 1851 1746 componere

294 1757 448 1807 enus,
476 1756 577 1815 nec
618 1743 825 1815 seipsos
857 1744 1013 1799 fateri
1043 1755 1376 1815 prasumunt
1412 1743 1685 1802 creatures
1724 1749 1847 1801 ber-

294 1759 448 1807 enus,
476 1759 577 1796 nec
618 1759 825 1813 seipsos
857 1759 1013 1799 lateri
1043 1759 1376 1815 prasumunt
1412 1759 1685 1802 creatures
1725 1759 1847 1801 ner-

256 1759 450 1887 ﬁarum
484 1811 569 1887 vel
595 1811 820 1887 aliarum
848 1815 1182 1887 specierum,
1221 1830 1288 1869 ex
1323 1831 1551 1887 quarum
1582 1818 1848 1887 composi-

260 1881 844 1954 tione__salusefﬁcitur
867 1881 1275 1954 agrotantium;
1302 1881 1396 1939 sed
1426 1881 1852 1943 ministros'esse

259 1952 312 2025 in
341 1949 660 2025 colligendo,
703 1961 759 2006 et
783 1953 851 2025 in
888 1949 1052 2009 unum
1074 1949 1453 2025 pigmentaria
1483 1972 1643 2011 manu
1679 1957 1850 2013 conli-

257 2020 448 2097 ciendo
475 2020 717 2097 corpus.
735 2042 752 2073 ι
783 2021 976 2097 Postea
1013 2020 1180 2097 etiam
1203 2025 1377 2097 fontes
1403 2027 1648 2096 designat
1672 2044 1704 2083 e
1730 2028 1852 2097 qui-

256 2091 360 2160 bus
392 2104 530 2160 pene
574 2090 755 2145 omnia
801 2106 895 2146 sua
942 2094 1141 2160 hausit,
1181 2096 1440 2150 nimirum
1482 2090 1847 2152 tractatus-8.

256 2159 577 2232 Augustini,
596 2160 846 2232 homiilias
873 2162 930 2216 S.
956 2159 1201 2232 Gregorii
1222 2174 1277 2220 et
1299 2165 1456 2221 Beda
1477 2167 1846 2232 Venerabilis;

256 2228 515 2308 opuscula
633 2229 926 2308 Ambrosii,
955 2240 1011 2287 et
1037 2228 1264 2308 aliorum
1288 2234 1388 2291 SS.
1402 2236 1653 2308 Patrum,
1685 2255 1704 2288 ι
1734 2228 1851 2308 ωτι-ἒ

257 2298 372 2369 gis,
415 2298 697 2368 inquiens,
740 2300 931 2356 borum
981 2305 1223 2360 omnium
1270 2306 1520 2362 sensibus
1563 2298 1851 2362 et'verbis

256 2375 434 2433 utens,
461 2383 630 2442 quam
650 2371 1090 2442 meaquidpiam
1128 2375 1561 2442 praesumptionis
1600 2377 1851 2432 commit-

260 2445 410 2527 teps;
440 2437 586 2527 velut
617 2437 906 2527 legentidm
934 2437 1223 2527 curiositas
1252 2437 1409 2500 facile
1436 2446 1666 2527 probare
1693 2456 1847 2527 pote-

259 2506 363 2569 n’t;
410 2506 726 2584 cautissimo
763 2510 887 2565 stilo
915 2513 1219 2584 praevidens
1254 2528 1321 2567 ne
1360 2506 1491 2584 quid
1511 2506 1845 2570 contrarium

257 2585 573 2654 sanctorum
619 2577 853 2654 Patrum
885 2577 1132 2654 sensibus
1166 2577 1443 2654 ponerem.
1485 2606 1504 2637 ι
1560 2584 1686 2641 Hac
1727 2586 1849 2641 ideo

258 2646 614 2722 ascripsimus
654 2661 723 2701 ne
766 2649 1052 2722 quispiam,
1102 2646 1477 2722 perlustrando
1513 2654 1656 2710 hunc
1703 2671 1850 2711 com-

259 2716 604 2781 mentarium,
633 2733 678 2792 a_
689 2718 865 2788 capite
889 2716 975 2792 ad,
995 2716 1197 2778 calcem
1225 2738 1362 2792 pene
1387 2738 1455 2778 ex
1487 2724 1716 2779 aliorum
1744 2725 1849 2779 Pa-

261 2794 401 2862 trum
429 2787 711 2862 sententiis
746 2787 801 2843 et
831 2788 1013 2846 verbis
1044 2787 1415 2862 compilatum,
1442 2794 1717 2850 existimet
1756 2794 1840 2849 Al-

257 2853 483 2933 cuiuum
513 2854 687 2933 alien_a
722 2871 821 2926 pro
847 2862 1091 2933 propriis
1122 2853 1452 2933 venditasse.
1487 2864 1600 2919 Nos
1635 2879 1756 2933 qua
1778 2880 1846 2920 ex

255 2922 591 3005 augustino,
635 2922 897 2998 Gregorio
940 2922 996 2985 et
1026 2931 1167 2988 Beda
1201 2933 1517 3004 deprompta
1549 2922 1698 2999 sunt,
1734 2937 1848 2991 suis

257 2990 393 3047 locis
413 2990 758 3051 adnotamus.

889 3110 1221 3167 EI’ISTOLA

705 3215 772 3252 AD
808 3214 1050 3257 δοκοιιειι
1084 3218 1154 3256 ΕΤ
1192 3219 1394 3258 Ριιιεω.

881 3310 1060 3382 (Anno
1081 3311 1232 3383 800.)

564 3416 648 3471 Ex
672 3418 849 3472 codice
878 3419 1197 3475 bibliotheca:
1220 3419 1547 3477 Harleiana'.

328 3525 705 3584 Dilectissimis
723 3531 777 3584 in
801 3531 1016 3587 Christo
1032 3535 1280 3602 personis
1298 3533 1479 3590 Lucia
1499 3544 1553 3589 et
1573 3535 1845 3595 Columba

261 3618 485 3675 Albinus
509 3619 674 3676 frater
700 3630 755 3677 et
775 3631 949 3691 pater,
977 3624 1029 3678 in
1061 3626 1254 3681 solatio
1282 3627 1456 3683 sancti
1480 3628 1732 3698 Spiritus,
1757 3647 1844 3684 sa-

257 3704 445 3760 lutem.

327 3795 531 3852 Memor
572 3799 856 3868 petitionis
910 3811 1104 3859 vestra
1154 3815 1210 3860 et
1256 3808 1634 3876 promissionis
1674 3823 1841 3873 mea,

256 3885 504 3952 quamvis
530 3888 737 3943 tardius
764 3890 1041 3960 implerem
1070 3903 1289 3964 propter
1314 3898 1694 3965 occupationes
1728 3898 1846 3966 plu-

258 3975 442 4040 rimas,
474 3983 653 4034 tamen
677 3980 982 4036 nullatenus
1004 3983 1365 4039 obliviscebar
1400 3986 1541 4055 quod
1568 4000 1654 4040 me
1683 4001 1846 4056 spon-

253 4065 383 4120 dere
409 4067 756 4123 recordabar.
795 4069 942 4141 Opus
983 4072 1210 4127 arduum
1247 4081 1303 4129 et
1336 4074 1585 4140 difﬁcile,
1622 4084 1677 4131 et
1710 4091 1845 4131 mea

252 4155 512 4225 parvitati
556 4162 1028 4230 praesumptiosum
1074 4162 1401 4231 injunxistis,
1450 4167 1543 4222 sed
1590 4166 1844 4222 cbaritati

248 4243 392 4299 nihil
422 4258 620 4314 negare
660 4256 835 4305 ratum
864 4252 1014 4318 duxi,
1058 4253 1184 4323 quia
1218 4254 1354 4309 nihil
1403 4256 1735 4324 impossibile
1777 4271 1844 4312 eo

251 4332 373 4406 [F.,
415 4335 472 4388 in
511 4335 598 4408 eo]
635 4339 727 4408 qui
761 4348 846 4395 est
877 4342 1118 4398 charitas
1148 4357 1297 4409 vera,
1340 4345 1541 4415 optime
1583 4346 1839 4403 sciebam.

254 4427 490 4481 Devotus
514 4437 821 4485 sanctorum
848 4431 1071 4489 Patrum
1101 4435 1319 4490 cellaria
1346 4451 1661 4506 peragrans,
1686 4438 1840 4507 quid—

250 4517 381 4586 quid
403 4517 457 4571 in
479 4518 558 4573 eis
580 4518 821 4577 invenire
849 4524 1016 4591 valui,
1040 4526 1193 4582 vobis
1217 4526 1284 4581 ad
1309 4528 1631 4597 gustandum
1652 4528 1835 4595 attuli;

249 4615 311 4661 ut
336 4609 598 4677 probetis,
630 4612 677 4666 si
699 4627 946 4682 saporem
967 4615 1163 4672 habeat
1182 4618 1528 4683 catholicum,
1554 4618 1638 4673 vel
1661 4634 1837 4687 secus,

249 4696 395 4765 quod
421 4697 582 4753 absit.
607 4699 761 4766 Quod
786 4702 1047 4773 legebam,
1069 4705 1226 4774 plena
1250 4706 1377 4772 fide,
1399 4708 1695 4763 secundum
1721 4724 1837 4763 me-

250 4786 439 4842 moria:
464 4788 850 4861 integritatem,
885 4794 1113 4862 protuli;
1159 4811 1476 4865 prapouens
1512 4799 1672 4852 etiam
1713 4800 1840 4855 huic

246 4874 402 4942 operi
444 4876 729 4944 epistolam
777 4880 1052 4947 petitionis
1099 4891 1305 4946 vestra,
1347 4894 1407 4938 ut
1460 4886 1513 4939 in
1561 4896 1838 4955 posterum

247 4974 606 5033 agnoscerent
650 4968 892 5037 legentes
939 4979 1132 5027 vestra
1171 4972 1472 5029 devotionis
1513 4978 1744 5032 studium
1786 4986 1843 5033 et

246 5066 385 5106 mea
409 5053 729 5112 obedientia
766 5060 1129 5116 occasionem.
1160 5061 1326 5133 5.60
1348 5062 1583 5131 Adjunxi
1624 5076 1847 5136 quoque

243 5140 552 5209 epistolam,
581 5154 909 5204 annuentem
946 5151 1204 5207 voluntati
1241 5161 1455 5218 vestra,
1487 5169 1647 5223 quam
1676 5155 1837 5210 etiam

242 5229 401 5297 quasi
417 5232 703 5304 prologum
726 5241 1006 5309 anteposui
1027 5242 1287 5311 opusculo
1305 5250 1523 5310 nostro;
1548 5244 1841 5299 rationem-

242 5334 353 5388 que
375 5324 738 5394 evangelista,
765 5343 870 5397 qua
894 5332 1211 5389 necessitate
1246 5334 1554 5403 compulsus
1592 5332 1837 5404 Evange-

242 5406 377 5462 lium
420 5412 703 5480 scriberet,
735 5425 791 5470 et
827 5426 1022 5473 eatera
1058 5422 1260 5489 quain
1299 5437 1362 5477 ea
1400 5423 1624 5494 epistola
1660 5423 1840 5493 legere

240 5501 474 5567 potestis
495 5512 550 5557 et
574 5520 887 5575 agnoscere,
911 5524 1071 5578 quam
1093 5512 1398 5567 necessaria
1423 5529 1544 5569 esse
1564 5514 1834 5569 videatur.

238 5587 448 5644 Fateor
466 5592 752 5662 siquidem,
776 5598 1159 5665 propemodum
1184 5608 1310 5654 ante
1325 5615 1494 5656 annos
1509 5603 1728 5672 triginta
1751 5617 1837 5657 me

243 5678 582 5738 voluntatem
610 5685 769 5753 hujus
794 5687 992 5743 habere
1012 5690 1221 5758 operis;
1249 5691 1341 5745 sed
1365 5693 1566 5760 quievit
1596 5695 1837 5748 calamus

1872 4488 1922 4547 Ι)

1953 519 2093 572 bona
2123 520 2351 575 intentio
2390 521 2540 576 illum
2569 526 2845 580 revocavit
2876 526 2945 581 ad
2981 529 3217 585 studium
3249 534 3541 591 scribendi.

1955 607 2011 662 Si
2041 610 2171 679 quid
2208 611 2427 682 dignum
2463 627 2584 669 meo
2627 615 2824 670 sudore
2861 616 3193 674 elaboratum
3234 621 3545 692 inveniatis,

1951 698 2074 752 date
2100 699 2327 770 gloriam
2350 701 2483 767 Deo,
2507 705 2601 773 qui
2622 703 2784 769 dedit,
2811 704 3072 776 vobisque
3093 711 3398 766 mercedem
3422 727 3546 787 spe«

1952 797 2087 855 rate,
2131 790 2223 860 qui
2274 792 2566 862 impulistis
2611 801 2834 865 torpens
2876 797 3170 868 ingenium,
3209 810 3269 856 ut
3307 804 3545 860 mitteret

1950 894 2171 935 manum
2217 881 2272 936 in
2317 884 2761 954 gazophylacium
2804 886 3040 954 Christi;
3081 900 3141 946 ut
3181 893 3381 963 aliquid
3418 896 3543 951 inde

1949 970 2266 1038 protulisset
2304 972 2359 1026 in
2394 972 2587 1028 solatio
2623 974 2946 1030 famularum
2977 993 3219 1035 suarum.
3246 983 3372 1037 Scio
3394 984 3543 1039 omni

1952 1060 2168 1115 habenti
2202 1076 2323 1116 esse
2366 1062 2632 1128 dandum;
2680 1064 2830 1130 item,
2871 1067 2963 1134 qui
3015 1069 3178 1123 habet
3221 1070 3543 1127 desiderium

1951 1149 2213 1216 eiscendi,
2244 1151 2462 1207 dabitur
2479 1153 2530 1207 ei
2555 1153 2731 1223 gratia
2751 1154 3079 1226 intelligendi
3110 1171 3124 1210 :
3158 1159 3254 1214 sed
3279 1168 3403 1213 sunt
3421 1162 3544 1230 qui-

1949 1240 2075 1294 dam
2100 1240 2276 1312 magis
2295 1243 2542 1297 mordere
2560 1242 2790 1298 aliorum
2815 1244 2958 1299 dicta
2979 1247 3173 1316 parati,
3189 1263 3352 1317 quam
3373 1264 3471 1305 sua
3490 1251 3546 1305 in

1948 1331 2221 1401 publicum
2251 1332 2525 1402 proferre;
2554 1349 2786 1404 quorum
2821 1336 3011 1393 dentes
3035 1338 3243 1394 vitandi
3278 1349 3423 1407 sunt,
3462 1343 3549 1398 vel

1951 1422 2111 1477 etiam
2134 1423 2289 1491 parvi
2317 1424 2604 1493 peudendi.
2643 1424 2824 1481 Facile
2856 1426 3002 1482 enim
3028 1428 3333 1485 columbina
3362 1433 3544 1488 chari-

1951 1520 2036 1568 tas
2058 1514 2429 1583 serpentiuum
2455 1529 2560 1569 non
2583 1523 2739 1571 curat
2762 1515 2998 1572 dentem.
3032 1517 3186 1590 Sape
3204 1522 3348 1577 unde
3367 1523 3550 1579 chari—

1952 1612 2036 1660 tas
2061 1604 2297 1676 proﬁcit,
2326 1606 2452 1662 inde
2495 1607 2696 1663 invidia
2730 1608 2978 1677 labescit;
3018 1619 3068 1666 el
3109 1611 3335 1669 lacteam
3366 1615 3546 1672 dulw

1951 1696 2129 1753 dinem
2157 1699 2312 1771 nigro
2342 1700 2514 1756 inﬁcit
2539 1716 2749 1757 veneno
2778 1720 2791 1757 :
2822 1718 2957 1773 quos
2982 1712 3162 1761 vestra
3188 1708 3544 1779 parvipendat

1881 1787 1923 1844 Β
1949 1792 2260 1862 prudentia,
2300 1795 2473 1868 magis
2513 1794 2776 1867 prolicere
2812 1797 3109 1863 studentes,
3149 1810 3312 1867 quam
3350 1814 3547 1856 curare

1950 1885 2274 1942 invidentes.

2019 1977 2256 2035 Obsecro
2282 1988 2340 2035 ut
2365 1980 2630 2050 iubeatis,
2672 1984 2719 2039 si
2748 1984 2970 2055 dignum
3010 1986 3241 2053 dueatis,
3280 1990 3544 2044 transcri-

1947 2070 2076 2125 bere
2103 2071 2246 2125 hanc
2278 2079 2487 2141 partem
2515 2088 2677 2142 quam
2713 2076 2873 2129 modo
2901 2076 3056 2130 vobis
3090 2076 3283 2144 direxi,
3317 2086 3373 2133 et
3396 2080 3544 2150 capi-

1948 2160 2057 2214 tula
2085 2160 2312 2231 singulis
2345 2163 2618 2231 periocbis
2644 2179 2766 2218 cum
2805 2180 3031 2220 numero
3070 2167 3347 2232 adnotare,
3375 2168 3545 2226 libro-

1948 2267 2175 2324 rumque
2220 2253 2374 2308 initia
2421 2254 2707 2326 diligenter
2762 2256 3121 2329 distinguere,
3174 2261 3543 2333 scriptamque
3572 2254 3587 2267 ’

1947 2344 2109 2400 citius
2148 2344 2422 2401 remittere
2460 2347 2623 2414 mihi;
2653 2348 2814 2403 simul
2860 2360 2915 2405 et
2957 2368 3076 2407 eam
3113 2363 3340 2423 partem,
3383 2371 3546 2426 quam

1946 2434 2102 2490 vobis
2136 2450 2278 2491 anno
2308 2445 2581 2493 transacto
2607 2439 2799 2505 direxi,
2830 2449 2890 2494 ut
2923 2443 3205 2500 ordinetur
3236 2461 3336 2516 per
3359 2463 3545 2504 nume-

1946 2537 2039 2577 ros
2065 2532 2119 2577 et
2147 2524 2403 2593 capitula,
2431 2533 2488 2580 et
2513 2525 2774 2582 librorum
2805 2528 2957 2584 initia
2989 2547 3003 2583 :
3032 2540 3087 2586 et
3113 2533 3159 2587 si
3189 2535 3315 2602 quid
3340 2537 3546 2592 adden-

1947 2614 2075 2669 dum
2102 2614 2175 2669 sit
2199 2615 2253 2670 in
2287 2616 2414 2684 ﬁne,
2440 2626 2501 2672 ut
2521 2618 2811 2689 impleatur
2834 2639 2847 2674 :
2874 2624 3105 2693 cogitavi
3137 2626 3338 2698 aliquid
3364 2631 3541 2686 adhuc

1948 2704 2146 2761 addere
2175 2708 2318 2778 quod
2343 2709 2434 2763 vix
2460 2710 2513 2764 in
2545 2710 2667 2766 aliis
2696 2712 2968 2771 invenitur
2993 2718 3286 2786 opusculis.

2017 2795 2252 2852 Litteras
2288 2812 2416 2853 vero
2459 2815 2595 2872 quas
2627 2802 2869 2858 direxisti
2910 2804 3023 2878 [F.,
3058 2808 3353 2884 direxistis]
3385 2814 3543 2877 mihi,

1945 2883 2176 2954 benigne
2203 2888 2436 2957 suscepi,
2460 2889 2664 2958 gratias
2684 2906 2853 2961 agens
2879 2891 2992 2948 Deo
3014 2894 3080 2949 de
3104 2883 3429 2955 exultatione
3448 2916 3543 2956 ex-

1947 2974 2313 3030 cellentissimi
2356 2978 2559 3034 domini
2599 2981 2707 3035 mei
2750 2983 2945 3049 David;
2990 2994 3045 3040 et
3083 2987 3149 3041 de
3188 2993 3544 3062 prosperitate

1948 3064 2227 3131 apostolici
2255 3066 2392 3133 viri;
2424 3077 2480 3123 et
2504 3069 2570 3125 de
2595 3070 2861 3143 legatione
2887 3074 3111 3132 honesta
3135 3090 3334 3137 sancta
3359 3084 3545 3142 civita-

1874 3136 1921 3198 (ἶ
1953 3156 2040 3220 tis,
2072 3157 2125 3211 in
2152 3173 2258 3227 qua
2282 3158 2533 3217 Salvator
2560 3172 2744 3220 noster
2766 3167 3024 3222 mundum
3054 3184 3152 3224 suo
3177 3175 3435 3245 sanguine
3455 3194 3545 3234 re-

1947 3244 2164 3303 demere
2195 3247 2312 3321 [pro
2342 3252 2631 3328 redimere]
2660 3257 2910 3327 dignatus
2934 3267 3035 3327 est,
3064 3271 3118 3316 et
3149 3244 3318 3335 gloria
3349 3282 3538 3324 resur-

1950 3339 2207 3394 rectionis
2249 3342 2687 3413 ascensionisque
2743 3350 2993 3404 coronari
3037 3360 3093 3405 et
3134 3353 3379 3411 exaltari.
3432 3360 3543 3417 Vos

1946 3443 2096 3495 vero,
2132 3428 2257 3486 lilia
2287 3432 2638 3500 charissima,
2670 3435 2813 3492 illius
2840 3454 3055 3511 semper
3078 3442 3272 3500 habete
3300 3449 3540 3506 charita-

1946 3528 2056 3574 tem
2098 3521 2151 3575 in
2196 3522 2375 3588 corde,
2418 3524 2629 3581 laudem
2677 3528 2731 3581 in
2770 3544 2865 3585 ore
2904 3539 2960 3586 et
3002 3548 3136 3602 Opus
3173 3537 3228 3590 in
3269 3540 3538 3596 manibus.

1946 3611 2255 3682 Praparate
2281 3617 2437 3670 vobis
2468 3618 2648 3672 sedem
2686 3619 2826 3673 inter
2860 3636 3083 3689 sponsas
3112 3625 3347 3694 ejusdem
3377 3631 3540 3704 Regis

1945 3702 2154 3766 atemi,
2182 3712 2240 3756 ut
2267 3704 2520 3773 dignetur
2541 3706 2693 3761 vobis
2719 3708 2952 3777 seipsum
2980 3717 3286 3785 ostendere,
3308 3722 3399 3790 qui
3427 3702 3541 3779 suis

1945 3790 2280 3844 amatoribus
2315 3791 2553 3859 seipsum
2582 3795 2832 3862 promisit
2861 3801 3253 3862 ostendendum
3283 3823 3406 3867 esse
3439 3829 3452 3867 :
3483 3814 3539 3868 in

1945 3882 2100 3951 cujus
2143 3883 2346 3937 visione
2383 3883 2540 3938 beata
2583 3893 2668 3941 est
2710 3891 3003 3959 aternitas,
3036 3904 3089 3949 et
3129 3908 3325 3956 aterna
3367 3903 3541 3961 beati-

1943 3974 2102 4039 tudo;
2134 3975 2349 4045 meique
2374 3991 2643 4033 memores
2668 3987 2840 4035 estote
2871 3982 3014 4037 inter
3049 4000 3234 4044 sacras
3262 3998 3538 4053 orationes

1944 4073 2151 4119 vestras
2177 4064 2612 4138 famularumque
2639 4068 2841 4127 Christi
2885 4075 3161 4132 vobiscum
3203 4079 3315 4136 Deo
3350 4084 3539 4140 deser—

1943 4155 2223 4223 vientium,
2264 4165 2326 4212 ut
2371 4159 2678 4217 benedictio
2722 4162 2939 4234 Domini
2974 4170 3143 4224 nostri
3179 4168 3305 4227 Jesn
3333 4173 3536 4233 Christi

1944 4260 2031 4300 me
2057 4246 2315 4302 famulum
2342 4264 2499 4304 suum
2531 4251 2795 4321 proﬁcere
2817 4254 2981 4311 faciat
3001 4257 3054 4312 in
3078 4259 3239 4317 domo
3265 4279 3385 4328 sua,
3410 4283 3539 4337 pec-

1943 4344 2297 4408 catorumque
2328 4355 2575 4397 meorum
2610 4343 2997 4415 indulgentiam
3023 4350 3326 4419 perdonare
3355 4355 3537 4425 digne-

1946 4435 2052 4480 tur.
2078 4427 2299 4483 Florere
2321 4444 2416 4483 vos
2437 4429 2600 4486 faciat
2618 4440 2671 4486 et
2693 4433 2875 4502 vigere
2896 4436 3072 4491 divina
3094 4440 3287 4507 pietas,
3313 4443 3365 4503 in
3388 4446 3535 4502 omni

1945 4518 2124 4573 studio
2150 4520 2477 4585 sanctitatis,
2504 4528 2561 4574 et
2583 4522 2859 4590 sapientia
2884 4526 3150 4593 sensibus,
3178 4532 3346 4588 multo
3365 4518 3546 4593 felici?

1949 4617 2030 4662 ter
2055 4616 2317 4677 tempore,
2350 4609 2492 4664 Deus
2525 4608 2618 4664 Dei
2648 4609 2837 4678 Filius,
2887 4612 3044 4671 Jesus
3080 4616 3327 4679 Christus
3357 4624 3536 4682 Domi-

1947 4712 2048 4753 nus
2073 4707 2275 4765 noster,
2305 4700 2641 4755 charissima
2664 4701 2805 4757 ﬁlia.

2577 4809 2907 4867 EPISTOLA
3264 4846 3274 4875 κ

1948 4916 2159 4955 CHRISTI
2188 4917 2508 4956 FAMULARCM
2536 4917 2700 4956 οιδιΑε
2735 4920 2908 4967 ATQUE
2948 4922 3242 4964 BECTRUD£
3278 4928 3347 4967 AD
3384 4929 3533 4972 Διει·

2489 4988 2598 5027 Νωι
2638 4988 2968 5031 IMGISTRUM.

2013 5063 2333 5119 Venerando
2386 5064 2533 5119 Patri
2588 5065 2851 5137 nobisque
2903 5084 3023 5123 cum
3064 5086 3274 5128 summo
3322 5074 3530 5134 honore

1942 5150 2073 5223 [Al.,
2106 5153 2308 5225 studio]
2354 5155 2730 5223 amplectendo
2777 5158 2971 5215 Albino
3018 5164 3294 5233 magistro,
3338 5166 3529 5223 humil-

1938 5242 2081 5296 lima
2101 5243 2304 5298 Christi
2325 5243 2538 5301 famula
2561 5246 2706 5302 Gisla
2732 5257 2786 5303 et
2807 5247 3074 5306 Rectruda
3098 5252 3249 5324 [Ms.,
3275 5256 3543 5315 Richtrue"

1942 5333 2032 5405 da]
2057 5344 2331 5405 perpetua
2360 5338 2707 5396 beatitudinis
2736 5341 2981 5396 salutem.

2014 5422 2326 5494 Postquam,
2357 5428 2664 5483 venerande
2700 5431 2976 5499 magister,
3026 5433 3225 5505 aliquid
3250 5437 3319 5494 de
3346 5441 3522 5498 melli-

1942 5512 2048 5570 llua
2079 5523 2278 5570 sancta
2328 5515 2621 5586 Scriptura
2653 5519 2987 5588 cognitione,
3022 5532 3200 5579 vestra
3232 5531 3525 5600 sagacitate

1941 5614 2263 5674 exponente,
2296 5605 2591 5671 hausimus,
2624 5608 2848 5663 ardebat
2887 5611 3060 5676 nobis,
3093 5623 3152 5668 ut
3177 5614 3432 5686 fatemur,
3457 5620 3524 5676 de

1944 5696 2029 5751 die
2056 5695 2107 5749 in
2135 5695 2275 5751 dien
2292 5695 2816 5769 desideriumrhujus
2843 5702 3221 5760 sacratissima
3251 5706 3517 5771 lectionis,
