4020 6186
490 290 594 347 739

1353 292 1413 347 Β.
1453 290 1513 345 F.
1554 291 1779 347 ALBINI
1819 291 1949 348 ΞΕΙῖ
1989 291 2262 351 ALCUINI
2301 294 2585 354 OPERUM
2619 299 2798 355 PARS
2834 297 2899 354 ll.

3650 306 3766 366 7‘0

486 402 543 459 in
563 415 672 472 qua
700 399 1001 472 puriﬁcatio
1037 408 1117 453 cst
1167 398 1359 453 animae
1382 442 1397 464 ,
1439 401 1692 456 solatium
1726 403 2070 459 mortalitatis
2096 407 2145 464 Δ
2171 404 2284 459 Rex
2336 408 2389 460 in
2418 405 2632 463 cellaria
2661 427 2777 474 sua,
2810 410 3187 466 exsultabimus
3208 423 3257 467 et
3282 410 3582 471 ltrtabimur
3612 422 3667 475 in
3700 440 3769 479 eo

488 504 716 553 nostrae,
747 501 801 544 et
826 506 951 559 spes
981 498 1255 560 perpetuae
1280 489 1648 548 beatitudinis.
1676 494 1731 547 ln
1762 509 1866 562 qua
1883 494 2073 548 beatus

484 584 589 647 vir,
610 583 766 651 juxta
796 580 1170 646 Psalmistanl,
1224 583 1541 653 quotidiana
1588 586 1826 655 seipsum
1855 593 2075 640 exercet

483 672 837 728 meditatione
902 690 915 727 ε
973 672 1279 743 intelligens
1327 660 1582 730 om'nibus
1636 676 1816 730 saeculi
1874 674 2075 731 divitiis

483 758 643 831 huius
663 776 783 817 esse
803 761 1133 833 agnitionem
1162 762 1316 834 [Ms.,
1351 764 1738 837 cognitionem]
1783 765 2076 833 praeferen-

481 852 642 919 dam;
677 867 851 924 neque
888 853 1048 908 aliam
1074 869 1195 909 esse
1223 870 1411 909 veram
1439 855 1759 925 sapientiam
1780 895 1794 919 ,
1825 856 1928 910 nisi
1953 870 2074 924 quae

482 942 720 998 humano
741 943 929 1013 generi
955 944 1250 998 secundum
1273 944 1731 1013 dispensationem
1752 942 1910 1015 [ιθ]
1939 944 2077 998 divi-

481 1050 566 1090 na:
605 1035 957 1106 providentiae
976 1075 993 1099 ,
1045 1035 1283 1089 caelestis
1310 1034 1482 1102 gratia
1513 1035 1932 1089 administravit.
1960 1034 2075 1089 Hoc

478 1134 564 1185 est
590 1141 814 1191 manna,
842 1126 985 1195 quod
1012 1124 1169 1197 [Μδ.,
1199 1124 1340 1197 quae]
1363 1126 1480 1180 sine
1505 1124 1722 1180 fastidio
1745 1127 1935 1190 satiat,
1957 1127 2074 1180 sine

480 1215 693 1274 defectu
719 1218 980 1287 pascitur.
1013 1215 1140 1270 Haec
1165 1224 1291 1270 sunt
1304 1216 1496 1270 ditium
1516 1217 1714 1286 segetis
1737 1232 1929 1285 grana,
1954 1231 2074 1285 quae

480 1310 790 1381 apostolicis
826 1308 1017 1364 fricata
1048 1307 1320 1372 manibus,
1354 1316 1514 1376 atque
1543 1323 1640 1377 per
1686 1323 1782 1362 eos
1832 1307 2072 1362 fidelium

478 1401 653 1471 epulis
671 1401 976 1454 animarum
1006 1398 1250 1468 apposita
1273 1407 1420 1452 sunt.
1455 1396 1561 1452 Sed
1602 1397 1709 1450 duo
1737 1397 1891 1452 valde
1916 1396 2076 1451 nobis

478 1493 751 1548 contraria
772 1492 1086 1561 quotidiana
1118 1492 1339 1547 tristitia
1368 1490 1655 1560 parvitatis
1681 1500 1883 1544 nostra:
1919 1504 2073 1542 men-

481 1593 589 1638 tem
610 1583 857 1656 fatigant.
893 1582 1093 1647 Unum,
1116 1584 1259 1653 quod
1299 1583 1508 1638 tardius
1536 1581 1697 1650 hujus
1736 1581 1921 1651 optimi
1953 1587 2070 1635 stu-

2175 494 2352 567 (Cant.
2379 512 2417 560 ι,
2451 497 2528 568 5).
2566 498 2833 553 Memento
2860 499 3222 556 clarissimum
3248 504 3303 558 in
3345 516 3533 561 sancta
3572 507 3768 568 Eccle-

2171 586 2251 640 sia
2283 586 2474 642 divinae
2506 587 2800 658 Scriptura:
2835 590 3132 658 doctorem,
3180 593 3552 652 beatissimum
3594 599 3771 670 siqui-

2172 675 2293 730 dem
2331 675 2742 748 Hieronymum,
2772 680 3034 735 nobilium
3060 682 3368 739 nullatenus
3395 701 3654 755 spernere
3685 691 3767 746 fe-

2173 764 2441 818 minarum
2463 781 2673 835 preces,
2715 768 2808 821 sed
2833 768 3066 839 plurima
3094 773 3404 828 nominibus
3434 775 3651 832 illarum
3705 779 3767 836 in

2171 856 2511 924 propheticus
2545 858 2906 942 obscuritates
2927 860 3202 918 dedicasse
3228 867 3513 934 opuscula,
3540 871 3766 939 saepius-

2173 958 2277 1014 que
2304 944 2371 997 de
2398 944 2714 1000 Betlllehem
2763 949 2986 1004 castello
3016 991 3031 1016 ,
3084 951 3287 1008 Christi
3339 955 3552 1011 Domini
3594 964 3766 1017 nostri

2172 1035 2439 1088 nativitati
2484 1045 2800 1092 consecrato
2822 1079 2835 1101 ,
2878 1040 2946 1094 ad
2975 1041 3246 1098 Romanas
3270 1059 3426 1100 arces
3463 1049 3770 1117 epistolari-

2173 1127 2276 1181 bus
2327 1127 2515 1182 iisdem
2560 1130 2870 1197 petentibus
2896 1131 3081 1187 volare
3120 1135 3382 1191 chartulis
3409 1136 3539 1209 [Al.,
3565 1142 3771 1210 episto-

2172 1216 2317 1272 lares
2360 1257 2374 1270 .
2411 1257 2425 1270 .
2463 1258 2477 1271 .
2509 1220 2832 1292 chartulas],
2880 1237 2982 1277 nec
3031 1231 3300 1282 terrarum
3347 1228 3769 1299 longinquitate,

2171 1305 2258 1360 vel
2296 1307 2613 1376 procellosis
2650 1309 2912 1366 Adriatici
2956 1314 3122 1367 maris
3174 1315 3426 1372 ﬂuctibus
3472 1322 3723 1377 territum
3748 1364 3766 1390 ,

2173 1410 2282 1464 quo
2304 1397 2481 1453 minus
2495 1408 2802 1455 sanctarum
2815 1402 3086 1473 virginum
3109 1407 3465 1475 petitionibus
3479 1426 3766 1471 annueret.

2176 1488 2368 1544 Minori
2396 1492 2656 1547 vadosum
2682 1493 2861 1563 Ligeri
2882 1494 3101 1564 ﬂumen,
3129 1514 3292 1568 quam
3314 1502 3583 1571 Tyrrheni
3601 1509 3771 1562 maris

2174 1581 2422 1648 latitudo,
2453 1585 2695 1653 periculo
2730 1587 3030 1655 navigatur.
3063 1590 3130 1644 Et
3155 1592 3324 1646 multo
3352 1592 3565 1651 facilius
3603 1599 3769 1653 char-

479 1676 552 1732 dii
573 1675 903 1747 diligentiam
933 1675 1246 1740 habuimus;
1279 1673 1444 1737 aliud,
1469 1673 1611 1742 quod
1635 1672 1797 1727 modo
1821 1686 2072 1739 magnam
2103 1748 2139 1753 λ
2172 1680 2350 1727 tarum
2399 1682 2644 1744 portator
2674 1675 2829 1749 [Ms.,
2860 1680 3112 1753 portitor]
3172 1690 3389 1739 tuarum
3436 1687 3503 1742 de
3532 1688 3771 1745 Turonis

480 1765 805 1822 habentibus
833 1763 1173 1819 devotionem
1198 1803 1212 1827 ,
1242 1769 1423 1818 vestra
1463 1761 1828 1832 longinquitas
1855 1760 2069 1815 deside-
2103 1748 2148 1807 Β
2174 1764 2498 1833 parisiacam
2524 1748 2819 1836 civitatem,
2843 1785 3005 1840 quam
3030 1748 3172 1827 illius
3199 1773 3266 1829 de
3297 1774 3617 1834 Bethlehem
3653 1781 3768 1836 Ro.

478 1859 563 1913 rio
590 1865 778 1913 nostro
812 1856 945 1911 satis
990 1855 1223 1910 obsistit.
1277 1853 1382 1909 Sed
1424 1862 1658 1908 vestram
1685 1894 1699 1917 ,
1754 1850 2076 1906 cllarissime

478 1951 688 2015 doctor,
725 1951 1084 2019 deprecamur
1134 1948 1389 2018 pietatem
1416 1987 1432 2012 ,
1493 1961 1559 2000 ne
1616 1961 1714 2000 nos
1768 1944 2075 1998 litterarum

480 2050 696 2095 tuarum
726 2039 919 2095 solatio
944 2038 1181 2093 deseras.
1222 2037 1435 2092 Poteris
1478 2037 1708 2105 teipsnm
1748 2034 1904 2088 nobis
1930 2046 2078 2101 quae-

478 2132 723 2186 rentibus
771 2143 868 2200 per
894 2128 1201 2183 litterarum
1228 2126 1402 2181 otIicia
1429 2125 1739 2187 ostendere,
1769 2131 1830 2177 ut
1870 2120 2076 2175 intelli-

480 2228 640 2289 gatur
666 2234 766 2273 vox
795 2226 887 2272 tua
913 2219 965 2272 in
993 2232 1194 2273 arcano
1216 2217 1396 2273 cordis
1424 2216 1597 2271 nostri
1625 2214 1917 2269 desiderio.
1939 2213 2075 2267 Nam

480 2311 622 2365 sicut
647 2309 916 2379 loquentis
943 2307 1125 2379 lingua
1156 2309 1211 2362 in
1247 2321 1379 2361 aure
1405 2306 1693 2371 audientis,
1726 2305 1802 2359 ita
1833 2302 2077 2359 scriben-

481 2402 553 2458 tis
575 2401 819 2456 calamus
845 2399 1058 2470 prolicit
1083 2399 1135 2453 in
1162 2397 1318 2453 oculo
1340 2397 1566 2469 legentis
1598 2414 1610 2448 :
1652 2403 1707 2451 et
1728 2396 1793 2449 ad
1816 2395 2074 2449 interiora

478 2491 658 2547 cordis
683 2490 930 2561 pervenit
980 2503 1170 2543 sensus
1227 2487 1538 2557 dirigentis,
1595 2486 1735 2541 sicut
1777 2485 1942 2539 verba
1993 2483 2077 2539 in-

478 2582 761 2638 struentis.
787 2579 1145 2649 Quapropter,
1172 2578 1486 2632 beatissime
1501 2575 1687 2639 Pater,
1712 2575 1877 2629 nolite
1899 2575 2074 2644 ipsum

478 2672 635 2728 nobis
654 2686 874 2743 negare.
899 2669 1069 2741 lrriga
1113 2668 1378 2725 salutiferi
1419 2667 1552 2741 [Al.,
1597 2665 1876 2738 salutaris]
1911 2665 2075 2719 fontis

480 2766 645 2832 unda,
672 2772 891 2835 pectora
912 2770 1112 2817 nostrae
1136 2760 1421 2833 parvitatis
1444 2760 1674 2817 arentia.
1704 2758 1919 2817 Scimus
1947 2760 1999 2813 in
2022 2766 2075 2813 te

481 2871 606 2912 esse
647 2856 852 2911 fontem
881 2853 1112 2908 viventis
1138 2867 1312 2921 aquae,
1336 2867 1456 2922 quae
1492 2850 1647 2923 μὴ..
1676 2849 1817 2921 qui],
1846 2849 2075 2904 Domino

483 2946 737 3010 dicente,
783 2943 941 2999 saliet
979 2942 1034 2996 in
1071 2942 1238 2995 vitam
1286 2950 1546 2997 aeternam
1598 2940 1779 3012 (Joan.
1834 2956 1908 3004 lv,
1960 2938 2070 3010 14).

479 3036 741 3094 Nolumus
793 3034 907 3108 [ut]
948 3035 1015 3088 ad
1060 3042 1114 3090 te
1143 3034 1414 3105 pertineat
1440 3034 1585 3104 quod
1628 3032 1881 3089 Salomon
1904 3034 1979 3087 ait
2006 3032 2075 3087 de

2178 1869 2321 1908 mam
2347 1857 2630 1925 pervenire
2650 1861 2852 1929 poterit
2895 1873 2944 1915 ει.
2984 1862 3103 1917 Noli
3137 1872 3241 1918 tua:
3266 1864 3572 1923 devotionis
3608 1872 3771 1928 nobis

2178 1945 2497 2000 subtrahere
2525 1949 2807 2004 scientiam
2831 1992 2846 2016 ,
2874 1952 2982 2007 noli
3003 1968 3285 2009 accensam
3333 1956 3389 2009 in
3415 1965 3469 2011 te
3491 1957 3771 2019 lucernam

2177 2034 2360 2089 modio
2394 2050 2698 2106 supponere
2723 2040 2938 2111 (Matth.
2967 2059 3016 2109 v,
3050 2044 3157 2115 15),
3187 2046 3270 2100 vel
3297 2051 3561 2118 torpentis
3588 2052 3771 2110 lectuli

2177 2125 2361 2194 quiete
2403 2127 2772 2197 abscondere;
2836 2133 2929 2188 sed
2979 2134 3242 2203 praecelso
3289 2151 3597 2209 superpone
3649 2158 3766 2199 eam

2177 2214 2521 2280 candelabro,
2542 2226 2602 2272 ut
2625 2218 2804 2274 luceat
2825 2223 3075 2278 omnibus
3100 2226 3191 2294 qui
3223 2225 3277 2279 in
3307 2227 3466 2283 domo
3495 2229 3592 2284 Dei
3614 2242 3761 2286 sunt.

2176 2304 2322 2359 Intra
2369 2318 2682 2363 sanctorum
2708 2311 3091 2383 gazophylacia
3132 2315 3411 2371 doctorum
3440 2357 3456 2382 ,
3484 2325 3539 2371 et
3584 2319 3771 2388 profer

2177 2398 2351 2463 nobis,
2394 2399 2562 2454 veluti
2585 2401 2931 2459 doctissimus
2953 2405 3157 2469 scriba,
3183 2414 3238 2461 et
3258 2422 3289 2460 a
3320 2406 3554 2463 Domino
3575 2410 3760 2465 lauda-

2180 2496 2267 2543 tus
2313 2504 2452 2544 nova
2488 2498 2544 2544 et
2584 2501 2770 2547 vetera
2802 2492 3016 2564 (Matth.
3045 2510 3167 2560 ml,
3195 2495 3308 2568 52).
3336 2497 3527 2552 Aderit
3570 2501 3665 2553 tibi
3711 2502 3765 2555 in

2178 2580 2376 2635 itinere
2402 2581 2560 2652 hujus
2590 2583 2791 2638 laboris
2828 2584 2973 2639 illius
3006 2586 3215 2655 gratia;
3248 2587 3339 2656 qui
3372 2588 3581 2643 duobus
3606 2590 3767 2645 disci-

2175 2670 2317 2740 pulis
2338 2673 2589 2727 euntibus
2609 2673 2661 2727 in
2693 2674 2799 2739 via,
2832 2675 3049 2730 tertium
3071 2691 3129 2730 se
3152 2676 3358 2731 socium
3384 2678 3612 2745 addidit,
3636 2680 3770 2736 illis.

2176 2777 2282 2831 que
2320 2778 2513 2818 sensus
2538 2767 2768 2834 aperuit,
2800 2773 2858 2821 ut
2885 2775 3102 2823 sanctas
3127 2768 3487 2839 intelligerent
3516 2768 3764 2838 Scriptu-

2184 2867 2294 2907 ras.
2327 2854 2606 2921 Quomodo
2629 2857 2833 2924 poteris
2877 2858 3109 2928 teipsum
3140 2874 3170 2911 a
3195 2858 3353 2927 culpa
3384 2860 3768 2917 taciturnitatis

2176 2944 2320 3011 apud
2348 2958 2471 2998 eum
2493 2960 2755 3000 excusare
2776 2947 2867 3015 qui
2895 2947 2971 3001 ait
2997 2964 3012 3002 :
3040 2946 3196 3001 Omni
3218 2950 3407 3018 petenti
3431 2959 3480 3005 te
3506 2950 3578 3003 da
3609 2947 3762 3022 (Late.

2176 3051 2328 3101 xnv,
2355 3036 2427 3092 32
2444 3035 2599 3110 δρψ),
2628 3040 2864 3094 maxime
2889 3039 3016 3094 dum
3038 3039 3343 3095 nullatenus
3368 3042 3466 3096 tibi
3492 3042 3765 3098 minuetur

483 3131 570 3186 his
604 3129 696 3199 qui
750 3105 903 3182 suam
935 3125 1111 3182 solent
1136 3124 1313 3181 celare
1368 3125 1690 3195 sapientiam
1725 3143 1738 3178 :
1774 3124 2072 3177 Thesaurus
2099 3105 2146 3169 (ἶ
2178 3127 2323 3198 quod
2366 3105 2617 3194 dederis,
2658 3131 2751 3184 sed
2795 3131 2981 3184 datum
3030 3132 3202 3202 magis
3226 3134 3484 3203 augetur?
3527 3132 3767 3202 Spiritus

477 3218 804 3283 occultatus,
852 3226 904 3272 et
954 3218 1216 3289 sapientia
1251 3217 1556 3271 abscondita
1582 3256 1597 3280 ,
1627 3231 1745 3286 qua:
1779 3214 1979 3269 utilitas
2018 3215 2076 3268 in

480 3309 714 3380 utrisque
736 3306 926 3380 (Eccli.
960 3323 1072 3371 xu,
1107 3307 1234 3378 l7)?
1262 3305 1368 3362 Sed
1398 3307 1571 3377 magis
1612 3306 1840 3360 Domino
1864 3305 2076 3360 dicente

480 3420 579 3476 per
626 3403 955 3473 Prophetam
985 3418 998 3453 :
1031 3401 1190 3471 Aperi
1239 3416 1297 3454 os
1327 3407 1495 3462 tuum,
1551 3407 1599 3451 et
1649 3413 1741 3467 ego
1780 3394 2076 3465 adimplebo

481 3493 618 3548 illud
656 3490 830 3564 (Psal.
856 3505 1018 3554 Lxxx,
1054 3488 1163 3560 ll).
1204 3488 1367 3559 Aperi
1396 3486 1732 3542 confidenter
1753 3500 1816 3540 os
1848 3492 1998 3538 tuum
2022 3484 2078 3538 in

483 3583 951 3647 sacratissimum,
1011 3579 1217 3651 Spiritu
1293 3586 1483 3633 sancto
1537 3576 1877 3647 inspirante,
1932 3574 2078 3631 beati

479 3674 704 3731 Joannis
747 3673 1092 3746 evangelista:
1129 3672 1523 3744 expositionem
1554 3711 1569 3735 ,
1630 3679 1687 3724 et
1741 3668 2079 3724 venerabiles

483 3774 797 3821 sanctorum
820 3764 1041 3817 Patrum
1068 3765 1246 3832 pande
1274 3761 1431 3818 nobis
1477 3776 1690 3817 sensus.
1717 3758 1922 3831 Collige
1948 3759 2082 3814 mul-

483 3863 668 3910 torum
725 3853 1049 3925 margaritas
1097 3853 1151 3908 ill
1201 3853 1460 3923 spiritalis
1505 3851 1749 3907 thesauri
1793 3849 1996 3915 cubili,
2025 3856 2082 3904 et

483 3963 645 4020 pasce
665 3963 731 4003 ex
757 3963 823 4002 eo
844 3961 1110 4018 pauperes
1132 3945 1355 4001 Christi.
1381 3944 1501 4000 Noli
1526 3959 1624 3999 nos
1637 3941 1852 4013 jejunas
1890 3941 2079 3998 dimit-

485 4046 631 4105 tere,
662 4054 733 4094 ne
758 4037 1074 4094 deficiamus
1114 4035 1168 4090 ill
1201 4036 1310 4090 via.
1356 4034 1629 4090 Habemus
1672 4032 1939 4102 siquidem
1970 4031 2080 4086 cla-

482 4130 683 4186 rissimi
708 4127 1248 4201 doctorisAugustini
1274 4126 1622 4183 homeliatieo
1639 4124 1749 4196 [Αι.
1761 4166 1776 4189 ,
1790 4121 2076 4195 omeliaco]

487 4239 740 4281 sermone
760 4221 1172 4293 explanationes
1193 4221 1248 4273 in
1268 4218 1519 4273 eumdem
1548 4216 1955 4287 evangelistam,
1985 4215 2079 4271 sed

486 4314 813 4387 quibusdam
868 4312 924 4367 in
963 4310 1096 4366 locis
1148 4309 1319 4365 multo
1362 4309 1735 4372 obscuriores,
1782 4307 2082 4378 maiorique

482 4403 962 4461 circumlocutione
991 4401 1295 4465 decoratas,
1354 4414 1517 4469 quam
1569 4406 1771 4454 nostrae
1796 4397 2082 4469 parvitatis

2174 3218 2469 3289 paraclitus
2500 3220 2645 3274 omni
2671 3220 2920 3275 veritatis
2953 3221 3199 3276 doctrina
3227 3232 3280 3277 et
3302 3222 3551 3292 perfectae
3573 3224 3767 3279 chari-

2177 3313 2305 3368 tatis
2332 3314 2554 3369 scientia
2586 3323 2762 3369 vestra
2795 3315 3015 3384 impleat
3039 3324 3257 3385 pectora
3278 3358 3292 3381 ,
3341 3316 3602 3387 magister
3646 3316 3770 3371 dul-

2179 3407 2418 3463 cissime.

2701 3501 2864 3573 m2
2903 3501 3236 3558 EPISTOLA

2312 3606 2490 3646 ALBINI
2530 3607 2781 3647 IACISTBI
2821 3609 2890 3647 AD
2926 3608 3114 3649 GISLAII
3156 3609 3224 3647 ET
3265 3606 3633 3648 ιιιοιιτιιυυα.

2251 3680 2613 3737 Nobilissimis
2658 3684 2710 3737 ill
2740 3683 3063 3740 Christianae
3093 3685 3368 3754 religionis
3399 3684 3691 3740 sanctitate
3711 3691 3768 3738 et

2180 3772 2237 3827 in
2262 3772 2539 3842 sapientiae
2568 3774 2763 3830 studiis
2792 3776 3176 3842 devotissimis,
3206 3778 3423 3846 Deoque
3444 3776 3640 3831 dicatis
3660 3775 3771 3830 vir-

2181 3863 2417 3933 ginibus,
2449 3863 2611 3920 Cislae
2642 3866 2839 3930 sorori,
2864 3875 2921 3921 et
2950 3867 3261 3921 Riclltrudte
3290 3867 3414 3921 filiae
3442 3865 3576 3938 [Al.,
3604 3865 3767 3921 Gislae

2182 3961 2237 4007 et
2266 3954 2581 4010 Richtrudae
2610 3955 2867 4028 filiabus],
2898 3957 3118 4012 humilis
3140 3956 3310 4011 frater
3341 3967 3397 4011 et
3425 3966 3581 4026 pater
3617 3956 3771 4013 Albi-

2181 4061 2304 4109 nus,
2333 4052 2606 4115 perpetuae
2625 4047 2976 4103 beatitudinis
2999 4048 3246 4103 salutem.
3296 4094 3297 4097 η

2253 4135 2525 4202 Quantum
2551 4136 2607 4191 in
2636 4138 2979 4194 sanctissimo
3005 4139 3283 4209 sapientiae
3307 4139 3487 4194 studio
3507 4140 3768 4210 optimam

2183 4229 2237 4284 in
2269 4228 2421 4283 vobis
2444 4227 2602 4283 laudo
2630 4227 2991 4293 devotionem,
3021 4239 3227 4284 tantum
3246 4245 3418 4285 meam
3458 4228 3611 4301 [Ms.,
3638 4224 3769 4301 mei]

2183 4318 2353 4387 ipsius
2395 4318 2590 4388 plango
2632 4318 2996 4388 imperitiam;
3037 4335 3230 4390 meque
3275 4320 3450 4388 ipsum
3481 4318 3637 4389 longe
3665 4318 3772 4371 im-

2183 4423 2367 4478 parem
2415 4414 2611 4463 vestrae
2655 4407 2911 4463 laudabili
2969 4409 3238 4464 devotioni
3292 4422 3546 4480 agnosco.
3594 4407 3771 4475 Atque

484 4497 814 4569 lngeniolum
837 4495 1045 4550 intrare
1059 4494 1259 4549 valeat.
1287 4490 1495 4548 Sullicit
1514 4492 1672 4547 nobis
1689 4500 1887 4547 vestra:
1912 4491 2075 4546 devo-
2101 4471 2152 4530 Ῑ)
2178 4471 2388 4554 utinam
2414 4507 2564 4553 tanta
2586 4506 2731 4555 esset
2756 4500 2808 4555 in
2835 4515 2957 4556 meo
2982 4507 3202 4570 pectore
3225 4471 3456 4555 facdllas
3476 4471 3770 4560 scribendi,

485 4588 653 4643 tionis
679 4585 814 4659 [Αι.,
839 4584 1047 4650 melius,
1078 4583 1277 4640 suﬂicit
1299 4598 1430 4639 vero
1457 4591 1656 4639 nostrae
1688 4580 1983 4655 devotioni]
2006 4579 2075 4636 de

487 4676 678 4732 rivulis
710 4674 1039 4731 dulcissimae
1075 4689 1231 4743 aquae
1253 4681 1472 4742 potare,
1502 4689 1608 4728 non
1637 4671 2076 4743 profundissimis

486 4766 762 4840 gurgitum
793 4764 1105 4821 ﬂuminibus
1131 4773 1349 4819 nostras
1371 4764 1663 4819 immittere
1692 4764 1926 4818 carinas.
1955 4762 2075 4818 Scis

486 4858 631 4916 enim
657 4857 878 4929 optime,
906 4855 1089 4928 parvis
1108 4870 1275 4926 parva
1303 4854 1567 4919 sullicere,
1599 4869 1701 4909 nec
1733 4853 1801 4909 ad
1830 4869 2075 4909 mensam

490 4956 867 5021 magnatorum
901 4960 1193 5017 pauperem
1233 4946 1444 5001 turbam
1470 4943 1730 4999 accedere
1755 4957 1934 5012 posse.
1967 4943 2078 4999 Nec

489 5051 732 5101 nostrum
752 5048 857 5106 est,
873 5040 1135 5096 altissima
1154 5038 1444 5096 eedrorum
1465 5036 1746 5094 cacumina
1761 5037 2076 5101 ascendere,

491 5134 587 5189 sed
611 5148 736 5189 eum
760 5130 1009 5196 Zachaeo,
1061 5143 1160 5200 pro
1192 5129 1459 5186 brevitate
1501 5136 1724 5184 staturae
1771 5136 1990 5195 nostra,
2022 5129 2077 5184 in

490 5236 775 5297 syeomoro
787 5230 954 5287 stare,
980 5219 1274 5292 Jesumque
1292 5234 1517 5277 cernere
1539 5227 1906 5276 transeuntem
1924 5217 2077 5292 (Luc.

489 5327 605 5378 xu,
635 5312 713 5386 ι),
749 5312 1127 5382 eontinuisque
1155 5311 1438 5382 deplorare
1455 5309 1708 5381 precibus
1733 5321 1795 5365 ut
1833 5325 1934 5366 nos
1963 5310 2078 5364 suis

491 5402 681 5473 dignas
704 5401 902 5459 eiiciat
949 5403 1212 5459 conviviis
1232 5444 1249 5470 ,
1286 5402 1677 5471 vobiscumque
1705 5402 2074 5458 dulcissimum

491 5494 824 5563 epithalamii
876 5496 1190 5567 paradigma
1228 5497 1518 5552 decantare
1564 5511 1578 5549 :
1635 5494 1937 5549 Introduxit
1984 5511 2076 5548 nos

538 5742 541 5747 ν
565 5698 590 5728 ⁸
633 5682 733 5738 llic
760 5681 944 5736 ﬁnitur
962 5687 1081 5738 cod.
1110 5686 1315 5751 Vatia,
1364 5688 1580 5741 omissis
1602 5701 1722 5754 qxue
1752 5694 2054 5754 sequuntur

2180 4596 2439 4658 quantum
2462 4586 2619 4662 [Ms.,
2642 4588 2870 4663 quanta]
2898 4598 2984 4645 est
3009 4591 3064 4644 in
3095 4591 3248 4646 vobis
3261 4589 3509 4645 voluntas
3534 4585 3773 4659 legendi.

2178 4677 2411 4734 Proinde
2448 4678 2657 4735 duabus
2688 4688 2938 4735 coarctor
2987 4680 3253 4751 angustiis
3302 4698 3313 4732 :
3365 4680 3491 4735 hinc
3518 4676 3777 4734 charitati

2181 4768 2473 4841 quidquam
2497 4784 2718 4841 negare,
2744 4770 2831 4824 cui
2862 4771 3046 4825 omnia
3086 4779 3343 4841 praestare
3366 4769 3578 4825 debitor
3612 4781 3771 4831 sum;

2184 4861 2333 4916 illinc
2371 4861 2563 4917 altiora
2607 4870 2811 4932 petere,
2870 4863 3254 4934 modulumque
3303 4878 3439 4918 meae
3489 4859 3777 4932 parvitatis

2180 4952 2587 5018 transcendere,
2619 4953 2831 5008 dicente
2858 4952 3139 5023 Scriptura
3178 4972 3192 5008 :
3224 4953 3429 5009 Altiora
3451 4962 3500 5007 te
3523 4971 3588 5008 ne
3614 4969 3772 5024 quie-

2179 5042 2329 5095 sieris
2348 5038 2539 5112 (Eccli.
2569 5058 2654 5106 ιιι,
2679 5042 2792 5115 22).
2818 5042 2933 5098 Nisi
2953 5042 3095 5099 forte
3116 5044 3170 5098 in
3184 5043 3338 5098 vobis
3355 5043 3620 5114 sitculpa,
3645 5042 3775 5112 quia

2181 5131 2416 5189 difﬁcilia
2446 5135 2680 5203 petistis,
2713 5144 2768 5189 et
2800 5135 2854 5190 in
2899 5151 2987 5191 me
3012 5136 3153 5191 ratio
3197 5137 3358 5207 justas
3381 5135 3776 5199 excusationis,

2182 5223 2274 5293 qui
2306 5223 2652 5280 inﬁrmitates
2678 5240 2827 5281 meas
2852 5226 3232 5292 considerans,
3281 5225 3608 5281 altissimum
3653 5240 3781 5281 meo

2186 5312 2342 5385 [δίδη
2396 5314 2661 5369 altissimo
2714 5314 2926 5389 meum]
2973 5331 3135 5386 opere
3181 5316 3452 5372 calamum
3502 5315 3783 5370 abstinere

2184 5405 2419 5460 decrevi.
2447 5405 2599 5460 Scire
2616 5407 2824 5464 debetis
2848 5410 3100 5465 omnibus
3126 5408 3323 5463 divinae
3354 5408 3656 5478 Scriptura:
3675 5421 3777 5477 pa-

2183 5493 2323 5562 ginis
2374 5493 2567 5548 merito
2607 5498 2971 5566 evangelicam
3021 5497 3286 5554 excellere
3347 5496 3730 5552 auctoritatem
3761 5535 3778 5558 ,
