  <div class='ocr_page' id='page_1' title='image "/cluster/home/n/w/nwhite01/storage/ocr_20150623/100/hvd.32044052819521/376.png"; bbox 0 0 4022 6194; ppageno 0'>
   <div class='ocr_carea' id='block_1_1' title="bbox 342 336 437 391">
    <p class='ocr_par' dir='ltr' id='par_1_1' title="bbox 342 336 437 391">
     <span class='ocr_line' id='line_1_1' title="bbox 342 336 437 391; baseline -0.021 0"><span class='ocrx_word' id='word_1_1' title='bbox 342 336 437 391; x_wconf 73' lang='lat' dir='ltr'><strong>7H</strong></span> 
     </span>
    </p>
   </div>
   <div class='ocr_carea' id='block_1_2' title="bbox 976 320 1929 386">
    <p class='ocr_par' dir='ltr' id='par_1_2' title="bbox 976 325 1929 386">
     <span class='ocr_line' id='line_1_2' title="bbox 976 325 1929 386; baseline -0.008 0"><span class='ocrx_word' id='word_1_2' title='bbox 976 328 1385 386; x_wconf 75' lang='lat' dir='ltr'><strong>EXEGETICA-</strong></span> <span class='ocrx_word' id='word_1_3' title='bbox 1425 356 1494 368; x_wconf 91' lang='lat'><strong>--</strong></span> <span class='ocrx_word' id='word_1_4' title='bbox 1530 325 1883 383; x_wconf 69' lang='lat' dir='ltr'><strong>COMMENT.</strong></span> <span class='ocrx_word' id='word_1_5' title='bbox 1923 325 1929 378; x_wconf 80' lang='grc'><strong>1</strong></span> 
     </span>
    </p>
   </div>
   <div class='ocr_carea' id='block_1_3' title="bbox 2028 320 2947 386">
    <p class='ocr_par' dir='ltr' id='par_1_3' title="bbox 2028 320 2947 382">
     <span class='ocr_line' id='line_1_3' title="bbox 2028 320 2947 382; baseline -0.003 -3"><span class='ocrx_word' id='word_1_6' title='bbox 2028 322 2219 381; x_wconf 76' lang='lat' dir='ltr'><strong>JOAN.</strong></span> <span class='ocrx_word' id='word_1_7' title='bbox 2256 355 2325 364; x_wconf 89' lang='lat'>—</span> <span class='ocrx_word' id='word_1_8' title='bbox 2362 322 2579 382; x_wconf 80' lang='lat' dir='ltr'><strong>EPIST.</strong></span> <span class='ocrx_word' id='word_1_9' title='bbox 2618 320 2947 378; x_wconf 67' lang='lat' dir='ltr'><strong>PR/EVIIE.</strong></span> 
     </span>
    </p>
   </div>
   <div class='ocr_carea' id='block_1_4' title="bbox 3495 322 3606 379">
    <p class='ocr_par' dir='ltr' id='par_1_4' title="bbox 3495 322 3606 379">
     <span class='ocr_line' id='line_1_4' title="bbox 3495 322 3606 379; baseline 0.018 -2"><span class='ocrx_word' id='word_1_10' title='bbox 3495 322 3606 379; x_wconf 63' lang='grc' dir='ltr'><strong>ἨΞ</strong></span> 
     </span>
    </p>
   </div>
   <div class='ocr_carea' id='block_1_5' title="bbox 335 428 3605 517">
    <p class='ocr_par' dir='ltr' id='par_1_5' title="bbox 335 428 3605 517">
     <span class='ocr_line' id='line_1_5' title="bbox 335 428 3605 517; baseline -0.004 -18"><span class='ocrx_word' id='word_1_11' title='bbox 335 447 484 517; x_wconf 83' lang='lat' dir='ltr'><strong>quia,</strong></span> <span class='ocrx_word' id='word_1_12' title='bbox 500 441 643 512; x_wconf 90' lang='lat' dir='ltr'><strong>quod</strong></span> <span class='ocrx_word' id='word_1_13' title='bbox 668 442 749 496; x_wconf 77' lang='lat' dir='ltr'><strong>lex</strong></span> <span class='ocrx_word' id='word_1_14' title='bbox 767 449 820 496; x_wconf 90' lang='lat' dir='ltr'><strong>et</strong></span> <span class='ocrx_word' id='word_1_15' title='bbox 839 430 1114 510; x_wconf 67' lang='lat' dir='ltr'><strong>propheta:</strong></span> <span class='ocrx_word' id='word_1_16' title='bbox 1132 439 1366 494; x_wconf 84' lang='lat' dir='ltr'><strong>futurum</strong></span> <span class='ocrx_word' id='word_1_17' title='bbox 1390 436 1909 507; x_wconf 72' lang='lat' dir='ltr'><strong>przenuntiaverunt,</strong></span> <span class='ocrx_word' id='word_1_18' title='bbox 1942 441 1984 498; x_wconf 81' lang='grc' dir='ltr'><strong>Α</strong></span> <span class='ocrx_word' id='word_1_19' title='bbox 2013 451 2098 501; x_wconf 87' lang='lat' dir='ltr'><strong>ea,</strong></span> <span class='ocrx_word' id='word_1_20' title='bbox 2123 449 2241 504; x_wconf 71' lang='lat' dir='ltr'><strong>qure</strong></span> <span class='ocrx_word' id='word_1_21' title='bbox 2264 433 2637 505; x_wconf 71' lang='lat' dir='ltr'><strong>prteterierant</strong></span> <span class='ocrx_word' id='word_1_22' title='bbox 2662 431 2893 502; x_wconf 83' lang='lat' dir='ltr'><strong>priores,</strong></span> <span class='ocrx_word' id='word_1_23' title='bbox 2922 436 3048 485; x_wconf 91' lang='lat' dir='ltr'><strong>ante</strong></span> <span class='ocrx_word' id='word_1_24' title='bbox 3073 428 3416 486; x_wconf 90' lang='lat' dir='ltr'><strong>traditionem</strong></span> <span class='ocrx_word' id='word_1_25' title='bbox 3435 428 3605 487; x_wconf 84' lang='lat' dir='ltr'><strong>Joan-</strong></span> 
     </span>
    </p>
   </div>
   <div class='ocr_carea' id='block_1_6' title="bbox 337 528 1920 603">
    <p class='ocr_par' dir='ltr' id='par_1_6' title="bbox 337 528 1920 603">
     <span class='ocr_line' id='line_1_6' title="bbox 337 528 1920 603; baseline -0.01 -8"><span class='ocrx_word' id='word_1_26' title='bbox 337 543 442 595; x_wconf 82' lang='lat' dir='ltr'><strong>hoc</strong></span> <span class='ocrx_word' id='word_1_27' title='bbox 468 536 736 592; x_wconf 84' lang='lat' dir='ltr'><strong>redditum</strong></span> <span class='ocrx_word' id='word_1_28' title='bbox 761 542 923 603; x_wconf 88' lang='lat' dir='ltr'><strong>atque</strong></span> <span class='ocrx_word' id='word_1_29' title='bbox 948 532 1272 601; x_wconf 87' lang='lat' dir='ltr'><strong>completum</strong></span> <span class='ocrx_word' id='word_1_30' title='bbox 1305 531 1360 584; x_wconf 92' lang='lat' dir='ltr'><strong>in</strong></span> <span class='ocrx_word' id='word_1_31' title='bbox 1383 528 1673 599; x_wconf 82' lang='lat' dir='ltr'><strong>Evangelio</strong></span> <span class='ocrx_word' id='word_1_32' title='bbox 1699 528 1920 582; x_wconf 84' lang='lat' dir='ltr'><strong>demon-</strong></span> 
     </span>
    </p>
   </div>
   <div class='ocr_carea' id='block_1_7' title="bbox 346 616 1922 696">
    <p class='ocr_par' dir='ltr' id='par_1_7' title="bbox 346 616 1922 696">
     <span class='ocr_line' id='line_1_7' title="bbox 346 616 1922 696; baseline -0.01 -12"><span class='ocrx_word' id='word_1_33' title='bbox 346 636 547 684; x_wconf 81' lang='lat' dir='ltr'><strong>ttratur</strong></span> <span class='ocrx_word' id='word_1_34' title='bbox 595 621 732 696; x_wconf 82' lang='grc' dir='ltr'><strong>[Αι.,</strong></span> <span class='ocrx_word' id='word_1_35' title='bbox 760 622 1106 692; x_wconf 83' lang='lat' dir='ltr'><strong>Evangelium</strong></span> <span class='ocrx_word' id='word_1_36' title='bbox 1147 616 1528 691; x_wconf 82' lang='lat' dir='ltr'><strong>demonstrat].</strong></span> <span class='ocrx_word' id='word_1_37' title='bbox 1578 616 1753 687; x_wconf 87' lang='lat' dir='ltr'><strong>Atque</strong></span> <span class='ocrx_word' id='word_1_38' title='bbox 1778 616 1922 670; x_wconf 87' lang='lat' dir='ltr'><strong>inter</strong></span> 
     </span>
    </p>
   </div>
   <div class='ocr_carea' id='block_1_8' title="bbox 340 705 1917 790">
    <p class='ocr_par' dir='ltr' id='par_1_8' title="bbox 340 705 1917 790">
     <span class='ocr_line' id='line_1_8' title="bbox 340 705 1917 790; baseline -0.009 -16"><span class='ocrx_word' id='word_1_39' title='bbox 340 719 488 790; x_wconf 89' lang='lat' dir='ltr'><strong>ipsos</strong></span> <span class='ocrx_word' id='word_1_40' title='bbox 505 712 921 786; x_wconf 80' lang='lat' dir='ltr'><strong>Evangeliorum</strong></span> <span class='ocrx_word' id='word_1_41' title='bbox 941 712 1231 781; x_wconf 88' lang='lat' dir='ltr'><strong>scriptores</strong></span> <span class='ocrx_word' id='word_1_42' title='bbox 1242 709 1395 764; x_wconf 91' lang='lat' dir='ltr'><strong>valde</strong></span> <span class='ocrx_word' id='word_1_43' title='bbox 1409 709 1625 765; x_wconf 89' lang='lat' dir='ltr'><strong>beatum</strong></span> <span class='ocrx_word' id='word_1_44' title='bbox 1637 705 1917 770; x_wconf 87' lang='lat' dir='ltr'><strong>Joannem,</strong></span> 
     </span>
    </p>
   </div>
   <div class='ocr_carea' id='block_1_9' title="bbox 339 793 1919 872">
    <p class='ocr_par' dir='ltr' id='par_1_9' title="bbox 339 793 1919 872">
     <span class='ocr_line' id='line_1_9' title="bbox 339 793 1919 872; baseline -0.01 -10"><span class='ocrx_word' id='word_1_45' title='bbox 339 810 393 862; x_wconf 92' lang='lat' dir='ltr'><strong>in</strong></span> <span class='ocrx_word' id='word_1_46' title='bbox 408 806 714 862; x_wconf 89' lang='lat' dir='ltr'><strong>divinorum</strong></span> <span class='ocrx_word' id='word_1_47' title='bbox 728 801 1094 872; x_wconf 77' lang='lat' dir='ltr'><strong>profunditate</strong></span> <span class='ocrx_word' id='word_1_48' title='bbox 1113 798 1490 870; x_wconf 83' lang='lat' dir='ltr'><strong>mysteriorum</strong></span> <span class='ocrx_word' id='word_1_49' title='bbox 1508 793 1919 850; x_wconf 84' lang='lat' dir='ltr'><strong>eminentiorem</strong></span> 
     </span>
    </p>
   </div>
   <div class='ocr_carea' id='block_1_10' title="bbox 338 886 1922 966">
    <p class='ocr_par' dir='ltr' id='par_1_10' title="bbox 338 886 1922 966">
     <span class='ocr_line' id='line_1_10' title="bbox 338 886 1922 966; baseline -0.009 -13"><span class='ocrx_word' id='word_1_50' title='bbox 338 913 460 953; x_wconf 82' lang='lat' dir='ltr'><strong>esse</strong></span> <span class='ocrx_word' id='word_1_51' title='bbox 485 915 499 952; x_wconf 90' lang='lat'><strong>:</strong></span> <span class='ocrx_word' id='word_1_52' title='bbox 529 911 691 966; x_wconf 86' lang='lat' dir='ltr'><strong>quem</strong></span> <span class='ocrx_word' id='word_1_53' title='bbox 714 895 876 949; x_wconf 88' lang='lat' dir='ltr'><strong>etiam</strong></span> <span class='ocrx_word' id='word_1_54' title='bbox 906 894 1126 949; x_wconf 89' lang='lat' dir='ltr'><strong>tradunt</strong></span> <span class='ocrx_word' id='word_1_55' title='bbox 1150 932 1164 956; x_wconf 96' lang='lat'><strong>,</strong></span> <span class='ocrx_word' id='word_1_56' title='bbox 1205 892 1345 947; x_wconf 87' lang='lat' dir='ltr'><strong>sicut</strong></span> <span class='ocrx_word' id='word_1_57' title='bbox 1369 890 1567 961; x_wconf 89' lang='lat' dir='ltr'><strong>legitur</strong></span> <span class='ocrx_word' id='word_1_58' title='bbox 1589 888 1643 942; x_wconf 93' lang='lat' dir='ltr'><strong>in</strong></span> <span class='ocrx_word' id='word_1_59' title='bbox 1664 886 1922 941; x_wconf 90' lang='lat' dir='ltr'><strong>ecclesia-</strong></span> 
     </span>
    </p>
   </div>
   <div class='ocr_carea' id='block_1_11' title="bbox 337 979 1921 1054">
    <p class='ocr_par' dir='ltr' id='par_1_11' title="bbox 337 979 1921 1054">
     <span class='ocr_line' id='line_1_11' title="bbox 337 979 1921 1054; baseline -0.009 -10"><span class='ocrx_word' id='word_1_60' title='bbox 337 990 475 1044; x_wconf 85' lang='lat' dir='ltr'><strong>stica</strong></span> <span class='ocrx_word' id='word_1_61' title='bbox 497 985 744 1050; x_wconf 85' lang='lat' dir='ltr'><strong>historia,</strong></span> <span class='ocrx_word' id='word_1_62' title='bbox 772 996 945 1054; x_wconf 89' lang='lat' dir='ltr'><strong>usque</strong></span> <span class='ocrx_word' id='word_1_63' title='bbox 971 983 1038 1038; x_wconf 91' lang='lat' dir='ltr'><strong>ad</strong></span> <span class='ocrx_word' id='word_1_64' title='bbox 1060 982 1308 1036; x_wconf 88' lang='lat' dir='ltr'><strong>ultimum</strong></span> <span class='ocrx_word' id='word_1_65' title='bbox 1331 994 1468 1050; x_wconf 90' lang='lat' dir='ltr'><strong>pene</strong></span> <span class='ocrx_word' id='word_1_66' title='bbox 1498 979 1622 1033; x_wconf 66' lang='lat' dir='ltr'><strong>vitae</strong></span> <span class='ocrx_word' id='word_1_67' title='bbox 1647 992 1758 1031; x_wconf 70' lang='lat' dir='ltr'><strong>sua:</strong></span> <span class='ocrx_word' id='word_1_68' title='bbox 1780 984 1921 1031; x_wconf 88' lang='lat' dir='ltr'><strong>tem-</strong></span> 
     </span>
    </p>
   </div>
   <div class='ocr_carea' id='block_1_12' title="bbox 338 1067 1924 1151">
    <p class='ocr_par' dir='ltr' id='par_1_12' title="bbox 338 1067 1924 1151">
     <span class='ocr_line' id='line_1_12' title="bbox 338 1067 1924 1151; baseline -0.01 -15"><span class='ocrx_word' id='word_1_69' title='bbox 338 1097 459 1151; x_wconf 84' lang='lat' dir='ltr'><strong>pus,</strong></span> <span class='ocrx_word' id='word_1_70' title='bbox 489 1080 694 1146; x_wconf 84' lang='lat' dir='ltr'><strong>absque</strong></span> <span class='ocrx_word' id='word_1_71' title='bbox 742 1074 903 1130; x_wconf 85' lang='lat' dir='ltr'><strong>ullius</strong></span> <span class='ocrx_word' id='word_1_72' title='bbox 950 1073 1245 1144; x_wconf 62' lang='lat' dir='ltr'><strong>Scriptura:</strong></span> <span class='ocrx_word' id='word_1_73' title='bbox 1293 1070 1527 1135; x_wconf 89' lang='lat' dir='ltr'><strong>indiciis,</strong></span> <span class='ocrx_word' id='word_1_74' title='bbox 1574 1067 1924 1139; x_wconf 89' lang='lat' dir='ltr'><strong>Evangelium</strong></span> 
     </span>
    </p>
   </div>
   <div class='ocr_carea' id='block_1_13' title="bbox 338 1159 1925 1244">
    <p class='ocr_par' dir='ltr' id='par_1_13' title="bbox 338 1159 1925 1244">
     <span class='ocr_line' id='line_1_13' title="bbox 338 1159 1925 1244; baseline -0.006 -20"><span class='ocrx_word' id='word_1_75' title='bbox 338 1189 476 1244; x_wconf 76' lang='lat' dir='ltr'><strong>puro</strong></span> <span class='ocrx_word' id='word_1_76' title='bbox 524 1184 777 1226; x_wconf 85' lang='lat' dir='ltr'><strong>sermone</strong></span> <span class='ocrx_word' id='word_1_77' title='bbox 811 1167 1153 1238; x_wconf 67' lang='lat' dir='ltr'><strong>praedicasse.</strong></span> <span class='ocrx_word' id='word_1_78' title='bbox 1186 1164 1464 1233; x_wconf 88' lang='lat' dir='ltr'><strong>Siquidem</strong></span> <span class='ocrx_word' id='word_1_79' title='bbox 1497 1178 1528 1217; x_wconf 92' lang='lat' dir='ltr'><strong>a</strong></span> <span class='ocrx_word' id='word_1_80' title='bbox 1554 1169 1795 1232; x_wconf 87' lang='lat' dir='ltr'><strong>tempore</strong></span> <span class='ocrx_word' id='word_1_81' title='bbox 1819 1159 1925 1215; x_wconf 91' lang='lat' dir='ltr'><strong>Do-</strong></span> 
     </span>
    </p>
   </div>
   <div class='ocr_carea' id='block_1_14' title="bbox 348 1252 1926 1331">
    <p class='ocr_par' dir='ltr' id='par_1_14' title="bbox 348 1252 1926 1331">
     <span class='ocr_line' id='line_1_14' title="bbox 348 1252 1926 1331; baseline -0.007 -15"><span class='ocrx_word' id='word_1_82' title='bbox 348 1263 558 1317; x_wconf 73' lang='lat' dir='ltr'><strong>minicse</strong></span> <span class='ocrx_word' id='word_1_83' title='bbox 587 1258 881 1331; x_wconf 81' lang='lat' dir='ltr'><strong>passionis,</strong></span> <span class='ocrx_word' id='word_1_84' title='bbox 912 1256 1327 1313; x_wconf 85' lang='lat' dir='ltr'><strong>resurrectionis</strong></span> <span class='ocrx_word' id='word_1_85' title='bbox 1357 1264 1412 1309; x_wconf 90' lang='lat' dir='ltr'><strong>et</strong></span> <span class='ocrx_word' id='word_1_86' title='bbox 1449 1252 1804 1317; x_wconf 85' lang='lat' dir='ltr'><strong>ascensionis,</strong></span> <span class='ocrx_word' id='word_1_87' title='bbox 1834 1266 1926 1307; x_wconf 86' lang='lat' dir='ltr'><strong>us-</strong></span> 
     </span>
    </p>
   </div>
   <div class='ocr_carea' id='block_1_15' title="bbox 347 1346 1927 1422">
    <p class='ocr_par' dir='ltr' id='par_1_15' title="bbox 347 1346 1927 1422">
     <span class='ocr_line' id='line_1_15' title="bbox 347 1346 1927 1422; baseline -0.008 -15"><span class='ocrx_word' id='word_1_88' title='bbox 347 1366 450 1422; x_wconf 91' lang='lat' dir='ltr'><strong>que</strong></span> <span class='ocrx_word' id='word_1_89' title='bbox 495 1350 563 1405; x_wconf 84' lang='lat' dir='ltr'><strong>ad</strong></span> <span class='ocrx_word' id='word_1_90' title='bbox 591 1349 781 1404; x_wconf 89' lang='lat' dir='ltr'><strong>ultima</strong></span> <span class='ocrx_word' id='word_1_91' title='bbox 808 1347 1097 1403; x_wconf 88' lang='lat' dir='ltr'><strong>Domitiani</strong></span> <span class='ocrx_word' id='word_1_92' title='bbox 1125 1346 1386 1415; x_wconf 90' lang='lat' dir='ltr'><strong>principis</strong></span> <span class='ocrx_word' id='word_1_93' title='bbox 1412 1353 1673 1413; x_wconf 89' lang='lat' dir='ltr'><strong>tempora,</strong></span> <span class='ocrx_word' id='word_1_94' title='bbox 1704 1358 1802 1412; x_wconf 88' lang='lat' dir='ltr'><strong>per</strong></span> <span class='ocrx_word' id='word_1_95' title='bbox 1831 1357 1927 1396; x_wconf 83' lang='lat' dir='ltr'><strong>an-</strong></span> 
     </span>
    </p>
   </div>
   <div class='ocr_carea' id='block_1_16' title="bbox 343 1431 1928 1508">
    <p class='ocr_par' dir='ltr' id='par_1_16' title="bbox 343 1431 1928 1508">
     <span class='ocr_line' id='line_1_16' title="bbox 343 1431 1928 1508; baseline -0.007 -13"><span class='ocrx_word' id='word_1_96' title='bbox 343 1457 442 1496; x_wconf 91' lang='lat' dir='ltr'><strong>nos</strong></span> <span class='ocrx_word' id='word_1_97' title='bbox 470 1440 687 1496; x_wconf 87' lang='lat' dir='ltr'><strong>circiter</strong></span> <span class='ocrx_word' id='word_1_98' title='bbox 711 1436 991 1508; x_wconf 75' lang='lat' dir='ltr'><strong>sexaginta</strong></span> <span class='ocrx_word' id='word_1_99' title='bbox 1034 1442 1087 1491; x_wconf 90' lang='lat' dir='ltr'><strong>et</strong></span> <span class='ocrx_word' id='word_1_100' title='bbox 1117 1436 1384 1505; x_wconf 89' lang='lat' dir='ltr'><strong>quinque,</strong></span> <span class='ocrx_word' id='word_1_101' title='bbox 1416 1433 1618 1503; x_wconf 90' lang='lat' dir='ltr'><strong>absque</strong></span> <span class='ocrx_word' id='word_1_102' title='bbox 1660 1432 1768 1486; x_wconf 92' lang='lat' dir='ltr'><strong>ullo</strong></span> <span class='ocrx_word' id='word_1_103' title='bbox 1797 1431 1928 1486; x_wconf 91' lang='lat' dir='ltr'><strong>scri-</strong></span> 
     </span>
    </p>
   </div>
   <div class='ocr_carea' id='block_1_17' title="bbox 342 1519 1925 1594">
    <p class='ocr_par' dir='ltr' id='par_1_17' title="bbox 342 1519 1925 1594">
     <span class='ocr_line' id='line_1_17' title="bbox 342 1519 1925 1594; baseline -0.008 -8"><span class='ocrx_word' id='word_1_104' title='bbox 342 1531 500 1586; x_wconf 86' lang='lat' dir='ltr'><strong>bendi</strong></span> <span class='ocrx_word' id='word_1_105' title='bbox 523 1526 871 1591; x_wconf 88' lang='lat' dir='ltr'><strong>adminiculo,</strong></span> <span class='ocrx_word' id='word_1_106' title='bbox 901 1526 1124 1581; x_wconf 86' lang='lat' dir='ltr'><strong>verbum</strong></span> <span class='ocrx_word' id='word_1_107' title='bbox 1152 1524 1248 1579; x_wconf 89' lang='lat' dir='ltr'><strong>Dei</strong></span> <span class='ocrx_word' id='word_1_108' title='bbox 1289 1523 1635 1594; x_wconf 68' lang='lat' dir='ltr'><strong>prtedicabat.</strong></span> <span class='ocrx_word' id='word_1_109' title='bbox 1683 1520 1751 1573; x_wconf 81' lang='lat' dir='ltr'><strong>At</strong></span> <span class='ocrx_word' id='word_1_110' title='bbox 1773 1519 1865 1574; x_wconf 90' lang='lat' dir='ltr'><strong>ubi</strong></span> <span class='ocrx_word' id='word_1_111' title='bbox 1894 1535 1925 1574; x_wconf 92' lang='lat' dir='ltr'><strong>a</strong></span> 
     </span>
    </p>
   </div>
   <div class='ocr_carea' id='block_1_18' title="bbox 341 1611 1925 1689">
    <p class='ocr_par' dir='ltr' id='par_1_18' title="bbox 341 1611 1925 1689">
     <span class='ocr_line' id='line_1_18' title="bbox 341 1611 1925 1689; baseline -0.009 -12"><span class='ocrx_word' id='word_1_112' title='bbox 341 1622 646 1677; x_wconf 91' lang='lat' dir='ltr'><strong>Domitiano</strong></span> <span class='ocrx_word' id='word_1_113' title='bbox 669 1660 683 1681; x_wconf 91' lang='lat'><strong>,</strong></span> <span class='ocrx_word' id='word_1_114' title='bbox 729 1618 822 1689; x_wconf 88' lang='lat' dir='ltr'><strong>qui</strong></span> <span class='ocrx_word' id='word_1_115' title='bbox 850 1616 1117 1672; x_wconf 91' lang='lat' dir='ltr'><strong>secundus</strong></span> <span class='ocrx_word' id='word_1_116' title='bbox 1140 1625 1262 1684; x_wconf 92' lang='lat' dir='ltr'><strong>post</strong></span> <span class='ocrx_word' id='word_1_117' title='bbox 1290 1613 1557 1668; x_wconf 85' lang='lat' dir='ltr'><strong>Neronem</strong></span> <span class='ocrx_word' id='word_1_118' title='bbox 1585 1611 1925 1667; x_wconf 87' lang='lat' dir='ltr'><strong>Christiano-</strong></span> 
     </span>
    </p>
   </div>
   <div class='ocr_carea' id='block_1_19' title="bbox 338 1702 1925 1784">
    <p class='ocr_par' dir='ltr' id='par_1_19' title="bbox 338 1702 1925 1784">
     <span class='ocr_line' id='line_1_19' title="bbox 338 1702 1925 1784; baseline -0.008 -12"><span class='ocrx_word' id='word_1_119' title='bbox 338 1731 461 1772; x_wconf 87' lang='lat' dir='ltr'><strong>rum</strong></span> <span class='ocrx_word' id='word_1_120' title='bbox 487 1723 802 1784; x_wconf 89' lang='lat' dir='ltr'><strong>persecutor</strong></span> <span class='ocrx_word' id='word_1_121' title='bbox 827 1711 1054 1775; x_wconf 82' lang='lat' dir='ltr'><strong>exstitit,</strong></span> <span class='ocrx_word' id='word_1_122' title='bbox 1111 1709 1165 1763; x_wconf 89' lang='lat' dir='ltr'><strong>in</strong></span> <span class='ocrx_word' id='word_1_123' title='bbox 1215 1708 1404 1763; x_wconf 82' lang='lat' dir='ltr'><strong>exsilio</strong></span> <span class='ocrx_word' id='word_1_124' title='bbox 1431 1705 1687 1760; x_wconf 88' lang='lat' dir='ltr'><strong>Pathmos</strong></span> <span class='ocrx_word' id='word_1_125' title='bbox 1733 1702 1925 1776; x_wconf 84' lang='lat' dir='ltr'><strong>[Beda,</strong></span> 
     </span>
    </p>
   </div>
   <div class='ocr_carea' id='block_1_20' title="bbox 2023 518 3611 591">
    <p class='ocr_par' dir='ltr' id='par_1_20' title="bbox 2023 518 3611 591">
     <span class='ocr_line' id='line_1_20' title="bbox 2023 518 3611 591; baseline 0.003 -18"><span class='ocrx_word' id='word_1_126' title='bbox 2023 520 2108 573; x_wconf 89' lang='lat' dir='ltr'><strong>nis</strong></span> <span class='ocrx_word' id='word_1_127' title='bbox 2137 519 2434 576; x_wconf 90' lang='lat' dir='ltr'><strong>Salvatoris</strong></span> <span class='ocrx_word' id='word_1_128' title='bbox 2485 528 2638 591; x_wconf 85' lang='lat' dir='ltr'><strong>gesta</strong></span> <span class='ocrx_word' id='word_1_129' title='bbox 2683 520 3034 576; x_wconf 82' lang='lat' dir='ltr'><strong>describeret.</strong></span> <span class='ocrx_word' id='word_1_130' title='bbox 3092 518 3160 574; x_wconf 90' lang='lat' dir='ltr'><strong>Et</strong></span> <span class='ocrx_word' id='word_1_131' title='bbox 3208 520 3329 574; x_wconf 86' lang='lat' dir='ltr'><strong>ideo</strong></span> <span class='ocrx_word' id='word_1_132' title='bbox 3371 521 3502 577; x_wconf 86' lang='lat' dir='ltr'><strong>dicit</strong></span> <span class='ocrx_word' id='word_1_133' title='bbox 3551 525 3611 577; x_wconf 87' lang='lat' dir='ltr'><strong>in</strong></span> 
     </span>
    </p>
   </div>
   <div class='ocr_carea' id='block_1_21' title="bbox 2021 608 3608 681">
    <p class='ocr_par' dir='ltr' id='par_1_21' title="bbox 2021 608 3608 681">
     <span class='ocr_line' id='line_1_21' title="bbox 2021 608 3608 681; baseline 0.003 -18"><span class='ocrx_word' id='word_1_134' title='bbox 2021 610 2311 681; x_wconf 86' lang='lat' dir='ltr'><strong>Evangelia</strong></span> <span class='ocrx_word' id='word_1_135' title='bbox 2340 625 2440 665; x_wconf 89' lang='lat' dir='ltr'><strong>suo</strong></span> <span class='ocrx_word' id='word_1_136' title='bbox 2469 628 2481 663; x_wconf 92' lang='lat'><strong>:</strong></span> <span class='ocrx_word' id='word_1_137' title='bbox 2529 609 2643 663; x_wconf 81' lang='lat' dir='ltr'><strong>Hoc</strong></span> <span class='ocrx_word' id='word_1_138' title='bbox 2675 608 2795 679; x_wconf 81' lang='lat' dir='ltr'><strong>fecit</strong></span> <span class='ocrx_word' id='word_1_139' title='bbox 2824 610 3033 664; x_wconf 86' lang='lat' dir='ltr'><strong>initium</strong></span> <span class='ocrx_word' id='word_1_140' title='bbox 3076 609 3345 678; x_wconf 84' lang='lat' dir='ltr'><strong>signorum</strong></span> <span class='ocrx_word' id='word_1_141' title='bbox 3389 627 3608 667; x_wconf 80' lang='lat' dir='ltr'><strong>suorum</strong></span> 
     </span>
    </p>
   </div>
   <div class='ocr_carea' id='block_1_22' title="bbox 2020 698 3607 774">
    <p class='ocr_par' dir='ltr' id='par_1_22' title="bbox 2020 698 3607 774">
     <span class='ocr_line' id='line_1_22' title="bbox 2020 698 3607 774; baseline 0.002 -23"><span class='ocrx_word' id='word_1_142' title='bbox 2020 698 2175 754; x_wconf 86' lang='lat' dir='ltr'><strong>Jcsus</strong></span> <span class='ocrx_word' id='word_1_143' title='bbox 2200 699 2383 771; x_wconf 90' lang='lat' dir='ltr'><strong>(Joan.</strong></span> <span class='ocrx_word' id='word_1_144' title='bbox 2409 716 2468 764; x_wconf 87' lang='grc' dir='ltr'>ιι,</span> <span class='ocrx_word' id='word_1_145' title='bbox 2497 698 2606 771; x_wconf 77' lang='lat' dir='ltr'><strong>ll).</strong></span> <span class='ocrx_word' id='word_1_146' title='bbox 2636 699 2706 753; x_wconf 85' lang='lat' dir='ltr'><strong>Et</strong></span> <span class='ocrx_word' id='word_1_147' title='bbox 2731 700 2927 753; x_wconf 86' lang='lat' dir='ltr'><strong>iterum</strong></span> <span class='ocrx_word' id='word_1_148' title='bbox 2948 699 3003 753; x_wconf 90' lang='lat' dir='ltr'><strong>in</strong></span> <span class='ocrx_word' id='word_1_149' title='bbox 3029 698 3135 754; x_wconf 89' lang='lat' dir='ltr'><strong>alio</strong></span> <span class='ocrx_word' id='word_1_150' title='bbox 3158 699 3278 755; x_wconf 91' lang='lat' dir='ltr'><strong>loco</strong></span> <span class='ocrx_word' id='word_1_151' title='bbox 3304 699 3508 756; x_wconf 86' lang='lat' dir='ltr'><strong>indicat</strong></span> <span class='ocrx_word' id='word_1_152' title='bbox 3525 702 3607 774; x_wconf 79' lang='lat' dir='ltr'><strong>di-</strong></span> 
     </span>
    </p>
   </div>
   <div class='ocr_carea' id='block_1_23' title="bbox 2021 790 3607 847">
    <p class='ocr_par' dir='ltr' id='par_1_23' title="bbox 2021 790 3607 847">
     <span class='ocr_line' id='line_1_23' title="bbox 2021 790 3607 847; baseline 0.003 -4"><span class='ocrx_word' id='word_1_153' title='bbox 2021 805 2151 845; x_wconf 88' lang='lat' dir='ltr'><strong>cens</strong></span> <span class='ocrx_word' id='word_1_154' title='bbox 2178 809 2191 843; x_wconf 89' lang='lat'><strong>:</strong></span> <span class='ocrx_word' id='word_1_155' title='bbox 2220 790 2470 844; x_wconf 86' lang='lat' dir='ltr'><strong>Nondum</strong></span> <span class='ocrx_word' id='word_1_156' title='bbox 2496 791 2635 845; x_wconf 86' lang='lat' dir='ltr'><strong>enim</strong></span> <span class='ocrx_word' id='word_1_157' title='bbox 2658 790 2890 845; x_wconf 81' lang='lat' dir='ltr'><strong>Joannes</strong></span> <span class='ocrx_word' id='word_1_158' title='bbox 2912 800 3024 844; x_wconf 85' lang='lat' dir='ltr'><strong>erat</strong></span> <span class='ocrx_word' id='word_1_159' title='bbox 3052 791 3240 845; x_wconf 86' lang='lat' dir='ltr'><strong>missus</strong></span> <span class='ocrx_word' id='word_1_160' title='bbox 3265 792 3319 845; x_wconf 88' lang='lat' dir='ltr'><strong>in</strong></span> <span class='ocrx_word' id='word_1_161' title='bbox 3346 808 3607 847; x_wconf 74' lang='lat' dir='ltr'><strong>carcereos</strong></span> 
     </span>
    </p>
   </div>
   <div class='ocr_carea' id='block_1_24' title="bbox 2024 878 3609 951">
    <p class='ocr_par' dir='ltr' id='par_1_24' title="bbox 2024 878 3609 951">
     <span class='ocr_line' id='line_1_24' title="bbox 2024 878 3609 951; baseline 0.003 -19"><span class='ocrx_word' id='word_1_162' title='bbox 2024 878 2207 951; x_wconf 88' lang='lat' dir='ltr'><strong>(Joan.</strong></span> <span class='ocrx_word' id='word_1_163' title='bbox 2239 895 2324 944; x_wconf 86' lang='grc' dir='ltr'>ιιι,</span> <span class='ocrx_word' id='word_1_164' title='bbox 2350 878 2465 950; x_wconf 76' lang='grc'><strong>24).</strong></span> <span class='ocrx_word' id='word_1_165' title='bbox 2499 879 2579 933; x_wconf 79' lang='lat' dir='ltr'><strong>Ex</strong></span> <span class='ocrx_word' id='word_1_166' title='bbox 2628 879 2824 950; x_wconf 89' lang='lat' dir='ltr'><strong>quibus</strong></span> <span class='ocrx_word' id='word_1_167' title='bbox 2849 887 3065 935; x_wconf 82' lang='lat' dir='ltr'><strong>constat</strong></span> <span class='ocrx_word' id='word_1_168' title='bbox 3094 881 3237 949; x_wconf 90' lang='lat' dir='ltr'><strong>quod</strong></span> <span class='ocrx_word' id='word_1_169' title='bbox 3272 896 3339 936; x_wconf 87' lang='lat' dir='ltr'><strong>ea</strong></span> <span class='ocrx_word' id='word_1_170' title='bbox 3366 896 3486 950; x_wconf 63' lang='lat' dir='ltr'><strong>qua:</strong></span> <span class='ocrx_word' id='word_1_171' title='bbox 3511 898 3609 937; x_wconf 83' lang='lat' dir='ltr'><strong>an-</strong></span> 
     </span>
    </p>
   </div>
   <div class='ocr_carea' id='block_1_25' title="bbox 2022 967 3616 1043">
    <p class='ocr_par' dir='ltr' id='par_1_25' title="bbox 2022 967 3616 1043">
     <span class='ocr_line' id='line_1_25' title="bbox 2022 967 3616 1043; baseline 0.004 -19"><span class='ocrx_word' id='word_1_172' title='bbox 2022 978 2241 1040; x_wconf 88' lang='lat' dir='ltr'><strong>tequam</strong></span> <span class='ocrx_word' id='word_1_173' title='bbox 2266 967 2503 1024; x_wconf 84' lang='lat' dir='ltr'><strong>Joannes</strong></span> <span class='ocrx_word' id='word_1_174' title='bbox 2555 971 2879 1036; x_wconf 85' lang='lat' dir='ltr'><strong>traderetur,</strong></span> <span class='ocrx_word' id='word_1_175' title='bbox 2931 970 3001 1024; x_wconf 87' lang='lat' dir='ltr'><strong>ab</strong></span> <span class='ocrx_word' id='word_1_176' title='bbox 3031 970 3158 1026; x_wconf 88' lang='lat' dir='ltr'><strong>Jesu</strong></span> <span class='ocrx_word' id='word_1_177' title='bbox 3186 971 3406 1027; x_wconf 81' lang='lat' dir='ltr'><strong>fuerant</strong></span> <span class='ocrx_word' id='word_1_178' title='bbox 3431 984 3616 1043; x_wconf 77' lang='lat' dir='ltr'><strong>gesta,</strong></span> 
     </span>
    </p>
   </div>
   <div class='ocr_carea' id='block_1_26' title="bbox 2023 1059 3612 1131">
    <p class='ocr_par' dir='ltr' id='par_1_26' title="bbox 2023 1059 3612 1131">
     <span class='ocr_line' id='line_1_26' title="bbox 2023 1059 3612 1131; baseline 0.004 -15"><span class='ocrx_word' id='word_1_179' title='bbox 2023 1061 2300 1116; x_wconf 85' lang='lat' dir='ltr'><strong>describit.</strong></span> <span class='ocrx_word' id='word_1_180' title='bbox 2329 1059 2437 1115; x_wconf 87' lang='lat' dir='ltr'><strong>Sed</strong></span> <span class='ocrx_word' id='word_1_181' title='bbox 2459 1061 2647 1131; x_wconf 91' lang='lat' dir='ltr'><strong>procul</strong></span> <span class='ocrx_word' id='word_1_182' title='bbox 2673 1060 2835 1115; x_wconf 91' lang='lat' dir='ltr'><strong>dubio</strong></span> <span class='ocrx_word' id='word_1_183' title='bbox 2862 1062 3097 1116; x_wconf 83' lang='lat' dir='ltr'><strong>maxime</strong></span> <span class='ocrx_word' id='word_1_184' title='bbox 3119 1063 3459 1119; x_wconf 84' lang='lat' dir='ltr'><strong>divinitatem</strong></span> <span class='ocrx_word' id='word_1_185' title='bbox 3504 1068 3612 1122; x_wconf 83' lang='lat' dir='ltr'><strong>Do-</strong></span> 
     </span>
    </p>
   </div>
   <div class='ocr_carea' id='block_1_27' title="bbox 2023 1152 3618 1225">
    <p class='ocr_par' dir='ltr' id='par_1_27' title="bbox 2023 1152 3618 1225">
     <span class='ocr_line' id='line_1_27' title="bbox 2023 1152 3618 1225; baseline 0.002 -18"><span class='ocrx_word' id='word_1_186' title='bbox 2023 1152 2156 1207; x_wconf 88' lang='lat' dir='ltr'><strong>mini</strong></span> <span class='ocrx_word' id='word_1_187' title='bbox 2181 1153 2354 1208; x_wconf 87' lang='lat' dir='ltr'><strong>nostri</strong></span> <span class='ocrx_word' id='word_1_188' title='bbox 2375 1153 2506 1207; x_wconf 87' lang='lat' dir='ltr'><strong>Jesu</strong></span> <span class='ocrx_word' id='word_1_189' title='bbox 2532 1152 2757 1217; x_wconf 85' lang='lat' dir='ltr'><strong>Christi,</strong></span> <span class='ocrx_word' id='word_1_190' title='bbox 2792 1168 2897 1222; x_wconf 90' lang='lat' dir='ltr'><strong>qua</strong></span> <span class='ocrx_word' id='word_1_191' title='bbox 2921 1152 3071 1207; x_wconf 89' lang='lat' dir='ltr'><strong>Patri</strong></span> <span class='ocrx_word' id='word_1_192' title='bbox 3113 1162 3199 1209; x_wconf 90' lang='lat' dir='ltr'><strong>est</strong></span> <span class='ocrx_word' id='word_1_193' title='bbox 3237 1155 3461 1225; x_wconf 61' lang='lat' dir='ltr'><strong>aequalis</strong></span> <span class='ocrx_word' id='word_1_194' title='bbox 3488 1196 3503 1221; x_wconf 94' lang='lat'><strong>,</strong></span> <span class='ocrx_word' id='word_1_195' title='bbox 3532 1158 3618 1212; x_wconf 89' lang='lat' dir='ltr'><strong>in-</strong></span> 
     </span>
    </p>
   </div>
   <div class='ocr_carea' id='block_1_28' title="bbox 2026 1244 3611 1318">
    <p class='ocr_par' dir='ltr' id='par_1_28' title="bbox 2026 1244 3611 1318">
     <span class='ocr_line' id='line_1_28' title="bbox 2026 1244 3611 1318; baseline 0.002 -19"><span class='ocrx_word' id='word_1_196' title='bbox 2026 1244 2198 1299; x_wconf 87' lang='lat' dir='ltr'><strong>tendit</strong></span> <span class='ocrx_word' id='word_1_197' title='bbox 2244 1244 2522 1300; x_wconf 84' lang='lat' dir='ltr'><strong>declarare</strong></span> <span class='ocrx_word' id='word_1_198' title='bbox 2546 1285 2562 1310; x_wconf 95' lang='lat'><strong>,</strong></span> <span class='ocrx_word' id='word_1_199' title='bbox 2588 1260 2815 1314; x_wconf 88' lang='lat' dir='ltr'><strong>eamque</strong></span> <span class='ocrx_word' id='word_1_200' title='bbox 2843 1245 3111 1315; x_wconf 68' lang='lat' dir='ltr'><strong>praecipue</strong></span> <span class='ocrx_word' id='word_1_201' title='bbox 3161 1261 3258 1300; x_wconf 91' lang='lat' dir='ltr'><strong>suo</strong></span> <span class='ocrx_word' id='word_1_202' title='bbox 3300 1247 3611 1318; x_wconf 79' lang='lat' dir='ltr'><strong>Evangelia,</strong></span> 
     </span>
    </p>
   </div>
   <div class='ocr_carea' id='block_1_29' title="bbox 2026 1335 3618 1404">
    <p class='ocr_par' dir='ltr' id='par_1_29' title="bbox 2026 1335 3618 1404">
     <span class='ocr_line' id='line_1_29' title="bbox 2026 1335 3618 1404; baseline 0.003 -17"><span class='ocrx_word' id='word_1_203' title='bbox 2026 1343 2287 1404; x_wconf 89' lang='lat' dir='ltr'><strong>quantum</strong></span> <span class='ocrx_word' id='word_1_204' title='bbox 2320 1336 2461 1390; x_wconf 91' lang='lat' dir='ltr'><strong>inter</strong></span> <span class='ocrx_word' id='word_1_205' title='bbox 2482 1336 2730 1391; x_wconf 88' lang='lat' dir='ltr'><strong>homines</strong></span> <span class='ocrx_word' id='word_1_206' title='bbox 2751 1335 2999 1390; x_wconf 76' lang='lat' dir='ltr'><strong>sufﬁcere</strong></span> <span class='ocrx_word' id='word_1_207' title='bbox 3041 1336 3289 1403; x_wconf 88' lang='lat' dir='ltr'><strong>credidit,</strong></span> <span class='ocrx_word' id='word_1_208' title='bbox 3342 1353 3618 1393; x_wconf 88' lang='lat' dir='ltr'><strong>commen-</strong></span> 
     </span>
    </p>
   </div>
   <div class='ocr_carea' id='block_1_30' title="bbox 2026 1414 3616 1496">
    <p class='ocr_par' dir='ltr' id='par_1_30' title="bbox 2026 1414 3616 1496">
     <span class='ocr_line' id='line_1_30' title="bbox 2026 1414 3616 1496; baseline 0.004 -19"><span class='ocrx_word' id='word_1_209' title='bbox 2026 1424 2156 1478; x_wconf 84' lang='lat' dir='ltr'><strong>dare</strong></span> <span class='ocrx_word' id='word_1_210' title='bbox 2210 1425 2439 1478; x_wconf 82' lang='lat' dir='ltr'><strong>curavit.</strong></span> <span class='ocrx_word' id='word_1_211' title='bbox 2494 1424 2682 1494; x_wconf 88' lang='lat' dir='ltr'><strong>ltaque</strong></span> <span class='ocrx_word' id='word_1_212' title='bbox 2737 1414 2896 1493; x_wconf 73' lang='lat' dir='ltr'><strong>longe</strong></span> <span class='ocrx_word' id='word_1_213' title='bbox 2938 1440 2968 1478; x_wconf 93' lang='lat' dir='ltr'><strong>a</strong></span> <span class='ocrx_word' id='word_1_214' title='bbox 3018 1426 3191 1481; x_wconf 91' lang='lat' dir='ltr'><strong>tribus</strong></span> <span class='ocrx_word' id='word_1_215' title='bbox 3242 1428 3616 1496; x_wconf 68' lang='lat' dir='ltr'><strong>superioribus</strong></span> 
     </span>
    </p>
   </div>
   <div class='ocr_carea' id='block_1_31' title="bbox 2026 1517 3620 1589">
    <p class='ocr_par' dir='ltr' id='par_1_31' title="bbox 2026 1517 3620 1589">
     <span class='ocr_line' id='line_1_31' title="bbox 2026 1517 3620 1589; baseline 0.001 -17"><span class='ocrx_word' id='word_1_216' title='bbox 2026 1517 2366 1587; x_wconf 83' lang='lat' dir='ltr'><strong>evangelistis</strong></span> <span class='ocrx_word' id='word_1_217' title='bbox 2381 1518 2663 1573; x_wconf 87' lang='lat' dir='ltr'><strong>sublimius</strong></span> <span class='ocrx_word' id='word_1_218' title='bbox 2682 1518 2921 1573; x_wconf 81' lang='lat' dir='ltr'><strong>elevatus</strong></span> <span class='ocrx_word' id='word_1_219' title='bbox 2938 1527 3014 1573; x_wconf 79' lang='lat' dir='ltr'><strong>est</strong></span> <span class='ocrx_word' id='word_1_220' title='bbox 3028 1558 3042 1582; x_wconf 94' lang='lat'><strong>,</strong></span> <span class='ocrx_word' id='word_1_221' title='bbox 3068 1518 3139 1572; x_wconf 82' lang='lat' dir='ltr'><strong>ita</strong></span> <span class='ocrx_word' id='word_1_222' title='bbox 3162 1527 3220 1572; x_wconf 90' lang='lat' dir='ltr'><strong>ut</strong></span> <span class='ocrx_word' id='word_1_223' title='bbox 3240 1533 3336 1574; x_wconf 88' lang='lat' dir='ltr'><strong>eos</strong></span> <span class='ocrx_word' id='word_1_224' title='bbox 3354 1521 3620 1589; x_wconf 79' lang='lat' dir='ltr'><strong>quodam-</strong></span> 
     </span>
    </p>
   </div>
   <div class='ocr_carea' id='block_1_32' title="bbox 2027 1606 3623 1665">
    <p class='ocr_par' dir='ltr' id='par_1_32' title="bbox 2027 1606 3623 1665">
     <span class='ocr_line' id='line_1_32' title="bbox 2027 1606 3623 1665; baseline 0.001 -4"><span class='ocrx_word' id='word_1_225' title='bbox 2027 1608 2187 1662; x_wconf 88' lang='lat' dir='ltr'><strong>modo</strong></span> <span class='ocrx_word' id='word_1_226' title='bbox 2216 1608 2399 1663; x_wconf 85' lang='lat' dir='ltr'><strong>videas</strong></span> <span class='ocrx_word' id='word_1_227' title='bbox 2430 1609 2485 1662; x_wconf 91' lang='lat' dir='ltr'><strong>in</strong></span> <span class='ocrx_word' id='word_1_228' title='bbox 2521 1616 2664 1663; x_wconf 87' lang='lat' dir='ltr'><strong>terra</strong></span> <span class='ocrx_word' id='word_1_229' title='bbox 2695 1624 2817 1663; x_wconf 90' lang='lat' dir='ltr'><strong>cum</strong></span> <span class='ocrx_word' id='word_1_230' title='bbox 2849 1606 3067 1664; x_wconf 87' lang='lat' dir='ltr'><strong>Christo</strong></span> <span class='ocrx_word' id='word_1_231' title='bbox 3116 1609 3335 1665; x_wconf 82' lang='lat' dir='ltr'><strong>homine</strong></span> <span class='ocrx_word' id='word_1_232' title='bbox 3390 1625 3623 1665; x_wconf 53' lang='lat' dir='ltr'><strong>conver-</strong></span> 
     </span>
    </p>
   </div>
   <div class='ocr_carea' id='block_1_33' title="bbox 2029 1698 3620 1773">
    <p class='ocr_par' dir='ltr' id='par_1_33' title="bbox 2029 1698 3620 1773">
     <span class='ocr_line' id='line_1_33' title="bbox 2029 1698 3620 1773; baseline 0.003 -21"><span class='ocrx_word' id='word_1_233' title='bbox 2029 1699 2157 1763; x_wconf 89' lang='lat' dir='ltr'><strong>sari,</strong></span> <span class='ocrx_word' id='word_1_234' title='bbox 2188 1698 2338 1753; x_wconf 86' lang='lat' dir='ltr'><strong>ilium</strong></span> <span class='ocrx_word' id='word_1_235' title='bbox 2364 1707 2547 1754; x_wconf 88' lang='lat' dir='ltr'><strong>autem</strong></span> <span class='ocrx_word' id='word_1_236' title='bbox 2569 1700 2967 1755; x_wconf 89' lang='lat' dir='ltr'><strong>transcendisse</strong></span> <span class='ocrx_word' id='word_1_237' title='bbox 2996 1700 3246 1754; x_wconf 85' lang='lat' dir='ltr'><strong>nebulam</strong></span> <span class='ocrx_word' id='word_1_238' title='bbox 3280 1717 3388 1771; x_wconf 87' lang='lat' dir='ltr'><strong>qua</strong></span> <span class='ocrx_word' id='word_1_239' title='bbox 3420 1703 3620 1773; x_wconf 80' lang='lat' dir='ltr'><strong>tegitur</strong></span> 
     </span>
    </p>
   </div>
   <div class='ocr_carea' id='block_1_34' title="bbox 339 1789 3618 1875">
    <p class='ocr_par' dir='ltr' id='par_1_34' title="bbox 339 1789 3618 1875">
     <span class='ocr_line' id='line_1_34' title="bbox 339 1789 3618 1875; baseline -0.004 -13"><span class='ocrx_word' id='word_1_240' title='bbox 339 1806 494 1864; x_wconf 78' lang='lat' dir='ltr'><strong>exsul</strong></span> <span class='ocrx_word' id='word_1_241' title='bbox 515 1807 571 1860; x_wconf 90' lang='lat' dir='ltr'><strong>in</strong></span> <span class='ocrx_word' id='word_1_242' title='bbox 597 1802 873 1875; x_wconf 86' lang='lat' dir='ltr'><strong>Pathmos]</strong></span> <span class='ocrx_word' id='word_1_243' title='bbox 897 1802 1094 1857; x_wconf 87' lang='lat' dir='ltr'><strong>missus</strong></span> <span class='ocrx_word' id='word_1_244' title='bbox 1118 1808 1238 1865; x_wconf 89' lang='lat' dir='ltr'><strong>est;</strong></span> <span class='ocrx_word' id='word_1_245' title='bbox 1280 1808 1437 1853; x_wconf 88' lang='lat' dir='ltr'><strong>nacta</strong></span> <span class='ocrx_word' id='word_1_246' title='bbox 1472 1796 1757 1853; x_wconf 87' lang='lat' dir='ltr'><strong>occasione</strong></span> <span class='ocrx_word' id='word_1_247' title='bbox 1783 1795 1929 1850; x_wconf 88' lang='lat' dir='ltr'><strong>illius</strong></span> <span class='ocrx_word' id='word_1_248' title='bbox 1963 1789 2002 1847; x_wconf 81' lang='grc' dir='ltr'><strong>Β</strong></span> <span class='ocrx_word' id='word_1_249' title='bbox 2028 1792 2207 1846; x_wconf 92' lang='lat' dir='ltr'><strong>omnis</strong></span> <span class='ocrx_word' id='word_1_250' title='bbox 2228 1799 2371 1846; x_wconf 89' lang='lat' dir='ltr'><strong>terra</strong></span> <span class='ocrx_word' id='word_1_251' title='bbox 2391 1831 2406 1856; x_wconf 88' lang='lat'><strong>,</strong></span> <span class='ocrx_word' id='word_1_252' title='bbox 2436 1800 2490 1847; x_wconf 87' lang='lat' dir='ltr'><strong>et</strong></span> <span class='ocrx_word' id='word_1_253' title='bbox 2520 1793 2830 1862; x_wconf 87' lang='lat' dir='ltr'><strong>pervenisse</strong></span> <span class='ocrx_word' id='word_1_254' title='bbox 2859 1793 2926 1847; x_wconf 90' lang='lat' dir='ltr'><strong>ad</strong></span> <span class='ocrx_word' id='word_1_255' title='bbox 2959 1793 3219 1862; x_wconf 75' lang='lat' dir='ltr'><strong>liquidum</strong></span> <span class='ocrx_word' id='word_1_256' title='bbox 3254 1794 3375 1850; x_wconf 72' lang='grc' dir='ltr'><strong>ραςιί</strong></span> <span class='ocrx_word' id='word_1_257' title='bbox 3412 1794 3618 1856; x_wconf 81' lang='lat' dir='ltr'><strong>lumen.</strong></span> 
     </span>
    </p>
   </div>
   <div class='ocr_carea' id='block_1_35' title="bbox 341 1887 1931 1967">
    <p class='ocr_par' dir='ltr' id='par_1_35' title="bbox 341 1887 1931 1967">
     <span class='ocr_line' id='line_1_35' title="bbox 341 1887 1931 1967; baseline -0.007 -16"><span class='ocrx_word' id='word_1_258' title='bbox 341 1896 412 1967; x_wconf 85' lang='lat' dir='ltr'><strong>pi-i</strong></span> <span class='ocrx_word' id='word_1_259' title='bbox 442 1894 621 1949; x_wconf 85' lang='lat' dir='ltr'><strong>Patris</strong></span> <span class='ocrx_word' id='word_1_260' title='bbox 642 1892 911 1957; x_wconf 87' lang='lat' dir='ltr'><strong>absentia,</strong></span> <span class='ocrx_word' id='word_1_261' title='bbox 942 1891 1303 1960; x_wconf 88' lang='lat' dir='ltr'><strong>irrumpentes</strong></span> <span class='ocrx_word' id='word_1_262' title='bbox 1330 1889 1384 1943; x_wconf 93' lang='lat' dir='ltr'><strong>in</strong></span> <span class='ocrx_word' id='word_1_263' title='bbox 1411 1887 1709 1943; x_wconf 89' lang='lat' dir='ltr'><strong>Ecclesiam</strong></span> <span class='ocrx_word' id='word_1_264' title='bbox 1754 1888 1931 1941; x_wconf 64' lang='lat' dir='ltr'><strong>baare-</strong></span> 
     </span>
    </p>
   </div>
   <div class='ocr_carea' id='block_1_36' title="bbox 342 1977 1931 2057">
    <p class='ocr_par' dir='ltr' id='par_1_36' title="bbox 342 1977 1931 2057">
     <span class='ocr_line' id='line_1_36' title="bbox 342 1977 1931 2057; baseline -0.006 -15"><span class='ocrx_word' id='word_1_265' title='bbox 342 1988 452 2050; x_wconf 90' lang='lat' dir='ltr'><strong>tici,</strong></span> <span class='ocrx_word' id='word_1_266' title='bbox 485 1985 638 2057; x_wconf 89' lang='lat' dir='ltr'><strong>quasi</strong></span> <span class='ocrx_word' id='word_1_267' title='bbox 666 1985 721 2038; x_wconf 92' lang='lat' dir='ltr'><strong>in</strong></span> <span class='ocrx_word' id='word_1_268' title='bbox 747 1983 1003 2039; x_wconf 88' lang='lat' dir='ltr'><strong>destituta</strong></span> <span class='ocrx_word' id='word_1_269' title='bbox 1042 1981 1278 2052; x_wconf 90' lang='lat' dir='ltr'><strong>pastoris</strong></span> <span class='ocrx_word' id='word_1_270' title='bbox 1318 1978 1510 2052; x_wconf 85' lang='lat' dir='ltr'><strong>[Beda,</strong></span> <span class='ocrx_word' id='word_1_271' title='bbox 1550 1977 1793 2050; x_wconf 87' lang='lat' dir='ltr'><strong>pastore]</strong></span> <span class='ocrx_word' id='word_1_272' title='bbox 1814 1978 1931 2033; x_wconf 92' lang='lat' dir='ltr'><strong>ovi-</strong></span> 
     </span>
    </p>
   </div>
   <div class='ocr_carea' id='block_1_37' title="bbox 336 2070 1930 2147">
    <p class='ocr_par' dir='ltr' id='par_1_37' title="bbox 336 2070 1930 2147">
     <span class='ocr_line' id='line_1_37' title="bbox 336 2070 1930 2147; baseline -0.004 -16"><span class='ocrx_word' id='word_1_273' title='bbox 336 2079 407 2131; x_wconf 90' lang='lat' dir='ltr'><strong>lia</strong></span> <span class='ocrx_word' id='word_1_274' title='bbox 452 2078 562 2147; x_wconf 87' lang='lat' dir='ltr'><strong>lupi</strong></span> <span class='ocrx_word' id='word_1_275' title='bbox 586 2116 602 2142; x_wconf 91' lang='lat'><strong>,</strong></span> <span class='ocrx_word' id='word_1_276' title='bbox 632 2075 889 2137; x_wconf 83' lang='lat' dir='ltr'><strong>Marcion,</strong></span> <span class='ocrx_word' id='word_1_277' title='bbox 925 2073 1253 2129; x_wconf 88' lang='lat' dir='ltr'><strong>Cherintbus</strong></span> <span class='ocrx_word' id='word_1_278' title='bbox 1280 2080 1337 2126; x_wconf 92' lang='lat' dir='ltr'><strong>et</strong></span> <span class='ocrx_word' id='word_1_279' title='bbox 1368 2072 1594 2137; x_wconf 83' lang='lat' dir='ltr'><strong>Hebion,</strong></span> <span class='ocrx_word' id='word_1_280' title='bbox 1643 2070 1930 2140; x_wconf 74' lang='lat' dir='ltr'><strong>cazterique</strong></span> 
     </span>
    </p>
   </div>
   <div class='ocr_carea' id='block_1_38' title="bbox 342 2163 1931 2236">
    <p class='ocr_par' dir='ltr' id='par_1_38' title="bbox 342 2163 1931 2236">
     <span class='ocr_line' id='line_1_38' title="bbox 342 2163 1931 2236; baseline -0.005 -13"><span class='ocrx_word' id='word_1_281' title='bbox 342 2167 686 2234; x_wconf 81' lang='lat' dir='ltr'><strong>Antichristi,</strong></span> <span class='ocrx_word' id='word_1_282' title='bbox 711 2166 805 2236; x_wconf 91' lang='lat' dir='ltr'><strong>qui</strong></span> <span class='ocrx_word' id='word_1_283' title='bbox 824 2165 1100 2222; x_wconf 90' lang='lat' dir='ltr'><strong>Christum</strong></span> <span class='ocrx_word' id='word_1_284' title='bbox 1127 2164 1293 2218; x_wconf 82' lang='lat' dir='ltr'><strong>fuisse</strong></span> <span class='ocrx_word' id='word_1_285' title='bbox 1320 2172 1446 2220; x_wconf 87' lang='lat' dir='ltr'><strong>ante</strong></span> <span class='ocrx_word' id='word_1_286' title='bbox 1493 2163 1719 2218; x_wconf 83' lang='lat' dir='ltr'><strong>Mariam</strong></span> <span class='ocrx_word' id='word_1_287' title='bbox 1767 2177 1931 2232; x_wconf 84' lang='lat' dir='ltr'><strong>nega-</strong></span> 
     </span>
    </p>
   </div>
   <div class='ocr_carea' id='block_1_39' title="bbox 337 2245 1930 2326">
    <p class='ocr_par' dir='ltr' id='par_1_39' title="bbox 337 2245 1930 2326">
     <span class='ocr_line' id='line_1_39' title="bbox 337 2245 1930 2326; baseline -0.004 -14"><span class='ocrx_word' id='word_1_288' title='bbox 337 2259 486 2323; x_wconf 85' lang='lat' dir='ltr'><strong>bant,</strong></span> <span class='ocrx_word' id='word_1_289' title='bbox 517 2255 921 2326; x_wconf 87' lang='lat' dir='ltr'><strong>simplicitatem</strong></span> <span class='ocrx_word' id='word_1_290' title='bbox 942 2254 1069 2309; x_wconf 86' lang='lat' dir='ltr'><strong>tidei</strong></span> <span class='ocrx_word' id='word_1_291' title='bbox 1093 2254 1418 2325; x_wconf 76' lang='lat' dir='ltr'><strong>evangelicae</strong></span> <span class='ocrx_word' id='word_1_292' title='bbox 1458 2245 1715 2324; x_wconf 85' lang='lat' dir='ltr'><strong>perversa</strong></span> <span class='ocrx_word' id='word_1_293' title='bbox 1746 2268 1930 2307; x_wconf 86' lang='lat' dir='ltr'><strong>macu-</strong></span> 
     </span>
    </p>
   </div>
   <div class='ocr_carea' id='block_1_40' title="bbox 337 2342 1927 2415">
    <p class='ocr_par' dir='ltr' id='par_1_40' title="bbox 337 2342 1927 2415">
     <span class='ocr_line' id='line_1_40' title="bbox 337 2342 1927 2415; baseline -0.004 -14"><span class='ocrx_word' id='word_1_294' title='bbox 337 2347 519 2402; x_wconf 83' lang='lat' dir='ltr'><strong>lavere</strong></span> <span class='ocrx_word' id='word_1_295' title='bbox 533 2344 797 2402; x_wconf 87' lang='lat' dir='ltr'><strong>doctrina.</strong></span> <span class='ocrx_word' id='word_1_296' title='bbox 815 2343 923 2401; x_wconf 90' lang='lat' dir='ltr'><strong>Sed</strong></span> <span class='ocrx_word' id='word_1_297' title='bbox 944 2345 1073 2400; x_wconf 90' lang='lat' dir='ltr'><strong>dum</strong></span> <span class='ocrx_word' id='word_1_298' title='bbox 1095 2344 1209 2415; x_wconf 91' lang='lat' dir='ltr'><strong>ipse</strong></span> <span class='ocrx_word' id='word_1_299' title='bbox 1231 2352 1351 2412; x_wconf 89' lang='lat' dir='ltr'><strong>post</strong></span> <span class='ocrx_word' id='word_1_300' title='bbox 1374 2343 1702 2400; x_wconf 81' lang='lat' dir='ltr'><strong>occisionem</strong></span> <span class='ocrx_word' id='word_1_301' title='bbox 1727 2342 1927 2415; x_wconf 79' lang='lat' dir='ltr'><strong>[Edit.,</strong></span> 
     </span>
    </p>
   </div>
   <div class='ocr_carea' id='block_1_41' title="bbox 337 2434 1929 2508">
    <p class='ocr_par' dir='ltr' id='par_1_41' title="bbox 337 2434 1929 2508">
     <span class='ocr_line' id='line_1_41' title="bbox 337 2434 1929 2508; baseline -0.004 -14"><span class='ocrx_word' id='word_1_302' title='bbox 337 2434 714 2508; x_wconf 68' lang='lat' dir='ltr'><strong>mensionem]</strong></span> <span class='ocrx_word' id='word_1_303' title='bbox 766 2436 1096 2500; x_wconf 88' lang='lat' dir='ltr'><strong>Domitiani,</strong></span> <span class='ocrx_word' id='word_1_304' title='bbox 1144 2436 1489 2505; x_wconf 84' lang='lat' dir='ltr'><strong>permittente</strong></span> <span class='ocrx_word' id='word_1_305' title='bbox 1535 2435 1626 2503; x_wconf 92' lang='lat' dir='ltr'><strong>pio</strong></span> <span class='ocrx_word' id='word_1_306' title='bbox 1687 2434 1929 2503; x_wconf 88' lang='lat' dir='ltr'><strong>principe</strong></span> 
     </span>
    </p>
   </div>
   <div class='ocr_carea' id='block_1_42' title="bbox 342 2523 1930 2596">
    <p class='ocr_par' dir='ltr' id='par_1_42' title="bbox 342 2523 1930 2596">
     <span class='ocr_line' id='line_1_42' title="bbox 342 2523 1930 2596; baseline -0.003 -15"><span class='ocrx_word' id='word_1_307' title='bbox 342 2527 543 2593; x_wconf 83' lang='lat' dir='ltr'><strong>Nerva,</strong></span> <span class='ocrx_word' id='word_1_308' title='bbox 570 2527 772 2582; x_wconf 89' lang='lat' dir='ltr'><strong>rediret</strong></span> <span class='ocrx_word' id='word_1_309' title='bbox 802 2526 1101 2596; x_wconf 85' lang='lat' dir='ltr'><strong>Ephesum,</strong></span> <span class='ocrx_word' id='word_1_310' title='bbox 1125 2525 1437 2595; x_wconf 90' lang='lat' dir='ltr'><strong>compulsus</strong></span> <span class='ocrx_word' id='word_1_311' title='bbox 1460 2532 1544 2577; x_wconf 89' lang='lat' dir='ltr'><strong>est</strong></span> <span class='ocrx_word' id='word_1_312' title='bbox 1569 2523 1636 2576; x_wconf 89' lang='lat' dir='ltr'><strong>ab</strong></span> <span class='ocrx_word' id='word_1_313' title='bbox 1678 2523 1930 2577; x_wconf 90' lang='lat' dir='ltr'><strong>omnibus</strong></span> 
     </span>
    </p>
   </div>
   <div class='ocr_carea' id='block_1_43' title="bbox 338 2611 1929 2686">
    <p class='ocr_par' dir='ltr' id='par_1_43' title="bbox 338 2611 1929 2686">
     <span class='ocr_line' id='line_1_43' title="bbox 338 2611 1929 2686; baseline -0.004 -15"><span class='ocrx_word' id='word_1_314' title='bbox 338 2631 477 2686; x_wconf 83' lang='lat' dir='ltr'><strong>pene</strong></span> <span class='ocrx_word' id='word_1_315' title='bbox 505 2623 633 2671; x_wconf 89' lang='lat' dir='ltr'><strong>tunc</strong></span> <span class='ocrx_word' id='word_1_316' title='bbox 652 2614 796 2669; x_wconf 76' lang='lat' dir='ltr'><strong>Asia:</strong></span> <span class='ocrx_word' id='word_1_317' title='bbox 817 2613 1106 2684; x_wconf 90' lang='lat' dir='ltr'><strong>episcopis,</strong></span> <span class='ocrx_word' id='word_1_318' title='bbox 1149 2620 1204 2668; x_wconf 88' lang='lat' dir='ltr'><strong>et</strong></span> <span class='ocrx_word' id='word_1_319' title='bbox 1246 2612 1539 2667; x_wconf 87' lang='lat' dir='ltr'><strong>multarum</strong></span> <span class='ocrx_word' id='word_1_320' title='bbox 1564 2611 1929 2665; x_wconf 87' lang='lat' dir='ltr'><strong>Ecclesiarum</strong></span> 
     </span>
    </p>
   </div>
   <div class='ocr_carea' id='block_1_44' title="bbox 339 2702 1932 2779">
    <p class='ocr_par' dir='ltr' id='par_1_44' title="bbox 339 2702 1932 2779">
     <span class='ocr_line' id='line_1_44' title="bbox 339 2702 1932 2779; baseline -0.003 -18"><span class='ocrx_word' id='word_1_321' title='bbox 339 2707 722 2779; x_wconf 82' lang='lat' dir='ltr'><strong>legationibus,</strong></span> <span class='ocrx_word' id='word_1_322' title='bbox 750 2707 815 2762; x_wconf 89' lang='lat' dir='ltr'><strong>de</strong></span> <span class='ocrx_word' id='word_1_323' title='bbox 836 2717 1104 2761; x_wconf 68' lang='lat' dir='ltr'><strong>coaeterna</strong></span> <span class='ocrx_word' id='word_1_324' title='bbox 1126 2704 1274 2759; x_wconf 83' lang='lat' dir='ltr'><strong>Patri</strong></span> <span class='ocrx_word' id='word_1_325' title='bbox 1320 2704 1598 2759; x_wconf 85' lang='lat' dir='ltr'><strong>divinitate</strong></span> <span class='ocrx_word' id='word_1_326' title='bbox 1627 2702 1829 2758; x_wconf 89' lang='lat' dir='ltr'><strong>Christi</strong></span> <span class='ocrx_word' id='word_1_327' title='bbox 1856 2702 1932 2757; x_wconf 82' lang='lat' dir='ltr'><strong>al-</strong></span> 
     </span>
    </p>
   </div>
   <div class='ocr_carea' id='block_1_45' title="bbox 343 2792 1931 2865">
    <p class='ocr_par' dir='ltr' id='par_1_45' title="bbox 343 2792 1931 2865">
     <span class='ocr_line' id='line_1_45' title="bbox 343 2792 1931 2865; baseline -0.003 -14"><span class='ocrx_word' id='word_1_328' title='bbox 343 2798 450 2853; x_wconf 79' lang='lat' dir='ltr'><strong>tius</strong></span> <span class='ocrx_word' id='word_1_329' title='bbox 485 2796 665 2853; x_wconf 80' lang='lat' dir='ltr'><strong>facere</strong></span> <span class='ocrx_word' id='word_1_330' title='bbox 694 2811 998 2851; x_wconf 84' lang='lat' dir='ltr'><strong>sermonem</strong></span> <span class='ocrx_word' id='word_1_331' title='bbox 1022 2835 1039 2861; x_wconf 97' lang='lat'><strong>,</strong></span> <span class='ocrx_word' id='word_1_332' title='bbox 1077 2810 1143 2850; x_wconf 91' lang='lat' dir='ltr'><strong>eo</strong></span> <span class='ocrx_word' id='word_1_333' title='bbox 1172 2794 1315 2865; x_wconf 89' lang='lat' dir='ltr'><strong>quod</strong></span> <span class='ocrx_word' id='word_1_334' title='bbox 1366 2794 1420 2847; x_wconf 91' lang='lat' dir='ltr'><strong>in</strong></span> <span class='ocrx_word' id='word_1_335' title='bbox 1451 2794 1613 2849; x_wconf 89' lang='lat' dir='ltr'><strong>trium</strong></span> <span class='ocrx_word' id='word_1_336' title='bbox 1660 2792 1931 2863; x_wconf 83' lang='lat' dir='ltr'><strong>evangeli-</strong></span> 
     </span>
    </p>
   </div>
   <div class='ocr_carea' id='block_1_46' title="bbox 339 2884 1927 2958">
    <p class='ocr_par' dir='ltr' id='par_1_46' title="bbox 339 2884 1927 2958">
     <span class='ocr_line' id='line_1_46' title="bbox 339 2884 1927 2958; baseline -0.003 -15"><span class='ocrx_word' id='word_1_337' title='bbox 339 2900 546 2945; x_wconf 85' lang='lat' dir='ltr'><strong>starum</strong></span> <span class='ocrx_word' id='word_1_338' title='bbox 587 2889 825 2958; x_wconf 87' lang='lat' dir='ltr'><strong>scriptis,</strong></span> <span class='ocrx_word' id='word_1_339' title='bbox 876 2887 1111 2941; x_wconf 74' lang='lat' dir='ltr'><strong>Matthmi</strong></span> <span class='ocrx_word' id='word_1_340' title='bbox 1134 2886 1410 2948; x_wconf 88' lang='lat' dir='ltr'><strong>videlicet,</strong></span> <span class='ocrx_word' id='word_1_341' title='bbox 1445 2884 1610 2941; x_wconf 87' lang='lat' dir='ltr'><strong>Marci</strong></span> <span class='ocrx_word' id='word_1_342' title='bbox 1654 2893 1709 2938; x_wconf 82' lang='lat' dir='ltr'><strong>et</strong></span> <span class='ocrx_word' id='word_1_343' title='bbox 1747 2884 1927 2949; x_wconf 76' lang='lat' dir='ltr'><strong>Lucae,</strong></span> 
     </span>
    </p>
   </div>
   <div class='ocr_carea' id='block_1_47' title="bbox 339 2976 1930 3050">
    <p class='ocr_par' dir='ltr' id='par_1_47' title="bbox 339 2976 1930 3050">
     <span class='ocr_line' id='line_1_47' title="bbox 339 2976 1930 3050; baseline -0.001 -17"><span class='ocrx_word' id='word_1_344' title='bbox 339 2981 408 3035; x_wconf 85' lang='lat' dir='ltr'><strong>de</strong></span> <span class='ocrx_word' id='word_1_345' title='bbox 438 2980 737 3035; x_wconf 79' lang='lat' dir='ltr'><strong>humilitate.</strong></span> <span class='ocrx_word' id='word_1_346' title='bbox 766 2977 919 3050; x_wconf 62' lang='grc' dir='ltr'><strong>[Μεη</strong></span> <span class='ocrx_word' id='word_1_347' title='bbox 945 2976 1305 3048; x_wconf 88' lang='lat' dir='ltr'><strong>humanitate]</strong></span> <span class='ocrx_word' id='word_1_348' title='bbox 1332 2976 1469 3046; x_wconf 86' lang='lat' dir='ltr'><strong>ejus,</strong></span> <span class='ocrx_word' id='word_1_349' title='bbox 1498 2992 1562 3030; x_wconf 91' lang='lat' dir='ltr'><strong>ac</strong></span> <span class='ocrx_word' id='word_1_350' title='bbox 1590 2976 1656 3031; x_wconf 90' lang='lat' dir='ltr'><strong>de</strong></span> <span class='ocrx_word' id='word_1_351' title='bbox 1700 2976 1786 3031; x_wconf 80' lang='lat' dir='ltr'><strong>his</strong></span> <span class='ocrx_word' id='word_1_352' title='bbox 1809 2992 1930 3046; x_wconf 74' lang='lat' dir='ltr'><strong>qua:</strong></span> 
     </span>
    </p>
   </div>
   <div class='ocr_carea' id='block_1_48' title="bbox 342 3066 1931 3139">
    <p class='ocr_par' dir='ltr' id='par_1_48' title="bbox 342 3066 1931 3139">
     <span class='ocr_line' id='line_1_48' title="bbox 342 3066 1931 3139; baseline -0.001 -18"><span class='ocrx_word' id='word_1_353' title='bbox 342 3085 443 3137; x_wconf 82' lang='lat' dir='ltr'><strong>per</strong></span> <span class='ocrx_word' id='word_1_354' title='bbox 489 3070 760 3124; x_wconf 88' lang='lat' dir='ltr'><strong>hominem</strong></span> <span class='ocrx_word' id='word_1_355' title='bbox 801 3068 1006 3139; x_wconf 86' lang='lat' dir='ltr'><strong>gessit,</strong></span> <span class='ocrx_word' id='word_1_356' title='bbox 1046 3067 1317 3123; x_wconf 85' lang='lat' dir='ltr'><strong>sntIiciens</strong></span> <span class='ocrx_word' id='word_1_357' title='bbox 1347 3067 1446 3122; x_wconf 90' lang='lat' dir='ltr'><strong>sibi</strong></span> <span class='ocrx_word' id='word_1_358' title='bbox 1478 3066 1789 3121; x_wconf 82' lang='lat' dir='ltr'><strong>viderentur</strong></span> <span class='ocrx_word' id='word_1_359' title='bbox 1833 3066 1931 3120; x_wconf 88' lang='lat' dir='ltr'><strong>ha-</strong></span> 
     </span>
    </p>
   </div>
   <div class='ocr_carea' id='block_1_49' title="bbox 340 3157 1930 3225">
    <p class='ocr_par' dir='ltr' id='par_1_49' title="bbox 340 3157 1930 3225">
     <span class='ocr_line' id='line_1_49' title="bbox 340 3157 1930 3225; baseline -0.001 -13"><span class='ocrx_word' id='word_1_360' title='bbox 340 3161 472 3214; x_wconf 82' lang='lat' dir='ltr'><strong>bere</strong></span> <span class='ocrx_word' id='word_1_361' title='bbox 508 3158 895 3215; x_wconf 88' lang='lat' dir='ltr'><strong>testimonium.</strong></span> <span class='ocrx_word' id='word_1_362' title='bbox 940 3158 1095 3225; x_wconf 85' lang='lat' dir='ltr'><strong>Quod</strong></span> <span class='ocrx_word' id='word_1_363' title='bbox 1125 3157 1212 3213; x_wconf 88' lang='lat' dir='ltr'><strong>ille</strong></span> <span class='ocrx_word' id='word_1_364' title='bbox 1238 3172 1297 3214; x_wconf 89' lang='lat' dir='ltr'><strong>se</strong></span> <span class='ocrx_word' id='word_1_365' title='bbox 1335 3172 1443 3211; x_wconf 90' lang='lat' dir='ltr'><strong>non</strong></span> <span class='ocrx_word' id='word_1_366' title='bbox 1472 3157 1631 3211; x_wconf 84' lang='lat' dir='ltr'><strong>aliter</strong></span> <span class='ocrx_word' id='word_1_367' title='bbox 1680 3165 1930 3211; x_wconf 87' lang='lat' dir='ltr'><strong>acturum</strong></span> 
     </span>
    </p>
   </div>
   <div class='ocr_carea' id='block_1_50' title="bbox 342 3248 1930 3324">
    <p class='ocr_par' dir='ltr' id='par_1_50' title="bbox 342 3248 1930 3324">
     <span class='ocr_line' id='line_1_50' title="bbox 342 3248 1930 3324; baseline -0.001 -19"><span class='ocrx_word' id='word_1_368' title='bbox 342 3253 647 3324; x_wconf 78' lang='lat' dir='ltr'><strong>respondit,</strong></span> <span class='ocrx_word' id='word_1_369' title='bbox 676 3252 781 3307; x_wconf 90' lang='lat' dir='ltr'><strong>nisi</strong></span> <span class='ocrx_word' id='word_1_370' title='bbox 831 3251 1032 3307; x_wconf 90' lang='lat' dir='ltr'><strong>indicto</strong></span> <span class='ocrx_word' id='word_1_371' title='bbox 1053 3248 1260 3319; x_wconf 86' lang='lat' dir='ltr'><strong>jejunio</strong></span> <span class='ocrx_word' id='word_1_372' title='bbox 1307 3265 1496 3306; x_wconf 90' lang='lat' dir='ltr'><strong>omnes</strong></span> <span class='ocrx_word' id='word_1_373' title='bbox 1541 3250 1598 3304; x_wconf 94' lang='lat' dir='ltr'><strong>in</strong></span> <span class='ocrx_word' id='word_1_374' title='bbox 1646 3263 1930 3305; x_wconf 90' lang='lat' dir='ltr'><strong>commune</strong></span> 
     </span>
    </p>
   </div>
   <div class='ocr_carea' id='block_1_51' title="bbox 349 3338 1930 3414">
    <p class='ocr_par' dir='ltr' id='par_1_51' title="bbox 349 3338 1930 3414">
     <span class='ocr_line' id='line_1_51' title="bbox 349 3338 1930 3414; baseline -0.003 -17"><span class='ocrx_word' id='word_1_375' title='bbox 349 3345 636 3399; x_wconf 69' lang='lat' dir='ltr'><strong>hominum</strong></span> <span class='ocrx_word' id='word_1_376' title='bbox 684 3351 1041 3414; x_wconf 83' lang='lat' dir='ltr'><strong>precarentur</strong></span> <span class='ocrx_word' id='word_1_377' title='bbox 1082 3341 1211 3414; x_wconf 75' lang='grc' dir='ltr'><strong>[Μδ.</strong></span> <span class='ocrx_word' id='word_1_378' title='bbox 1261 3338 1725 3411; x_wconf 88' lang='lat' dir='ltr'><strong>deprecarentur],</strong></span> <span class='ocrx_word' id='word_1_379' title='bbox 1756 3346 1817 3392; x_wconf 89' lang='lat' dir='ltr'><strong>ut</strong></span> <span class='ocrx_word' id='word_1_380' title='bbox 1838 3338 1930 3393; x_wconf 92' lang='lat' dir='ltr'><strong>illo</strong></span> 
     </span>
    </p>
   </div>
   <div class='ocr_carea' id='block_1_52' title="bbox 340 3432 1931 3508">
    <p class='ocr_par' dir='ltr' id='par_1_52' title="bbox 340 3432 1931 3508">
     <span class='ocr_line' id='line_1_52' title="bbox 340 3432 1931 3508; baseline -0.003 -18"><span class='ocrx_word' id='word_1_381' title='bbox 340 3440 583 3495; x_wconf 65' lang='lat' dir='ltr'><strong>donante</strong></span> <span class='ocrx_word' id='word_1_382' title='bbox 605 3439 761 3508; x_wconf 84' lang='lat' dir='ltr'><strong>digna</strong></span> <span class='ocrx_word' id='word_1_383' title='bbox 790 3438 1031 3492; x_wconf 88' lang='lat' dir='ltr'><strong>scribere</strong></span> <span class='ocrx_word' id='word_1_384' title='bbox 1052 3443 1254 3506; x_wconf 87' lang='lat' dir='ltr'><strong>posset.</strong></span> <span class='ocrx_word' id='word_1_385' title='bbox 1274 3436 1343 3489; x_wconf 88' lang='lat' dir='ltr'><strong>Et</strong></span> <span class='ocrx_word' id='word_1_386' title='bbox 1364 3435 1466 3489; x_wconf 90' lang='lat' dir='ltr'><strong>hoc</strong></span> <span class='ocrx_word' id='word_1_387' title='bbox 1487 3434 1560 3489; x_wconf 88' lang='lat' dir='ltr'><strong>ita</strong></span> <span class='ocrx_word' id='word_1_388' title='bbox 1590 3441 1824 3504; x_wconf 91' lang='lat' dir='ltr'><strong>patrato,</strong></span> <span class='ocrx_word' id='word_1_389' title='bbox 1848 3432 1931 3487; x_wconf 89' lang='lat' dir='ltr'><strong>in-</strong></span> 
     </span>
    </p>
   </div>
   <div class='ocr_carea' id='block_1_53' title="bbox 341 3521 1930 3592">
    <p class='ocr_par' dir='ltr' id='par_1_53' title="bbox 341 3521 1930 3592">
     <span class='ocr_line' id='line_1_53' title="bbox 341 3521 1930 3592; baseline -0.005 -9"><span class='ocrx_word' id='word_1_390' title='bbox 341 3535 583 3584; x_wconf 76' lang='lat' dir='ltr'><strong>structus</strong></span> <span class='ocrx_word' id='word_1_391' title='bbox 610 3528 936 3583; x_wconf 85' lang='lat' dir='ltr'><strong>revelatione</strong></span> <span class='ocrx_word' id='word_1_392' title='bbox 961 3525 1172 3582; x_wconf 74' lang='lat' dir='ltr'><strong>ctelesti</strong></span> <span class='ocrx_word' id='word_1_393' title='bbox 1199 3566 1214 3591; x_wconf 94' lang='lat'><strong>,</strong></span> <span class='ocrx_word' id='word_1_394' title='bbox 1255 3540 1320 3581; x_wconf 91' lang='lat' dir='ltr'><strong>ac</strong></span> <span class='ocrx_word' id='word_1_395' title='bbox 1347 3523 1521 3580; x_wconf 89' lang='lat' dir='ltr'><strong>sancti</strong></span> <span class='ocrx_word' id='word_1_396' title='bbox 1546 3521 1782 3592; x_wconf 90' lang='lat' dir='ltr'><strong>Spiritus</strong></span> <span class='ocrx_word' id='word_1_397' title='bbox 1807 3536 1930 3592; x_wconf 84' lang='lat' dir='ltr'><strong>gra-</strong></span> 
     </span>
    </p>
   </div>
   <div class='ocr_carea' id='block_1_54' title="bbox 343 3617 1932 3686">
    <p class='ocr_par' dir='ltr' id='par_1_54' title="bbox 343 3617 1932 3686">
     <span class='ocr_line' id='line_1_54' title="bbox 343 3617 1932 3686; baseline -0.002 -14"><span class='ocrx_word' id='word_1_398' title='bbox 343 3621 418 3673; x_wconf 86' lang='lat' dir='ltr'><strong>tia</strong></span> <span class='ocrx_word' id='word_1_399' title='bbox 468 3619 705 3675; x_wconf 86' lang='lat' dir='ltr'><strong>ebriatus</strong></span> <span class='ocrx_word' id='word_1_400' title='bbox 729 3660 746 3686; x_wconf 95' lang='lat'><strong>,</strong></span> <span class='ocrx_word' id='word_1_401' title='bbox 785 3634 974 3675; x_wconf 89' lang='lat' dir='ltr'><strong>omnes</strong></span> <span class='ocrx_word' id='word_1_402' title='bbox 1018 3619 1397 3673; x_wconf 57' lang='lat' dir='ltr'><strong>haereticorum</strong></span> <span class='ocrx_word' id='word_1_403' title='bbox 1447 3617 1729 3680; x_wconf 90' lang='lat' dir='ltr'><strong>tenebras,</strong></span> <span class='ocrx_word' id='word_1_404' title='bbox 1779 3623 1932 3685; x_wconf 88' lang='lat' dir='ltr'><strong>pate-</strong></span> 
     </span>
    </p>
   </div>
   <div class='ocr_carea' id='block_1_55' title="bbox 339 3705 1932 3782">
    <p class='ocr_par' dir='ltr' id='par_1_55' title="bbox 339 3705 1932 3782">
     <span class='ocr_line' id='line_1_55' title="bbox 339 3705 1932 3782; baseline -0.003 -20"><span class='ocrx_word' id='word_1_405' title='bbox 339 3711 484 3765; x_wconf 75' lang='lat' dir='ltr'><strong>facta</strong></span> <span class='ocrx_word' id='word_1_406' title='bbox 514 3708 646 3782; x_wconf 81' lang='lat' dir='ltr'><strong>[Al.,</strong></span> <span class='ocrx_word' id='word_1_407' title='bbox 674 3708 993 3781; x_wconf 84' lang='lat' dir='ltr'><strong>patefactas]</strong></span> <span class='ocrx_word' id='word_1_408' title='bbox 1026 3709 1205 3765; x_wconf 91' lang='lat' dir='ltr'><strong>subito</strong></span> <span class='ocrx_word' id='word_1_409' title='bbox 1230 3707 1475 3765; x_wconf 87' lang='lat' dir='ltr'><strong>veritatis</strong></span> <span class='ocrx_word' id='word_1_410' title='bbox 1519 3706 1658 3771; x_wconf 90' lang='lat' dir='ltr'><strong>luce,</strong></span> <span class='ocrx_word' id='word_1_411' title='bbox 1706 3705 1932 3776; x_wconf 88' lang='lat' dir='ltr'><strong>dispulit</strong></span> 
     </span>
    </p>
   </div>
   <div class='ocr_carea' id='block_1_56' title="bbox 341 3794 1929 3871">
    <p class='ocr_par' dir='ltr' id='par_1_56' title="bbox 341 3794 1929 3871">
     <span class='ocr_line' id='line_1_56' title="bbox 341 3794 1929 3871; baseline -0.004 -19"><span class='ocrx_word' id='word_1_412' title='bbox 341 3801 529 3856; x_wconf 68' lang='lat' dir='ltr'><strong>«licens</strong></span> <span class='ocrx_word' id='word_1_413' title='bbox 557 3819 570 3854; x_wconf 89' lang='lat'><strong>:</strong></span> <span class='ocrx_word' id='word_1_414' title='bbox 604 3799 671 3854; x_wconf 88' lang='lat' dir='ltr'><strong>In</strong></span> <span class='ocrx_word' id='word_1_415' title='bbox 694 3800 950 3871; x_wconf 81' lang='lat' dir='ltr'><strong>principio</strong></span> <span class='ocrx_word' id='word_1_416' title='bbox 976 3808 1087 3853; x_wconf 89' lang='lat' dir='ltr'><strong>erat</strong></span> <span class='ocrx_word' id='word_1_417' title='bbox 1142 3796 1366 3852; x_wconf 85' lang='lat' dir='ltr'><strong>Verbum</strong></span> <span class='ocrx_word' id='word_1_418' title='bbox 1395 3838 1410 3863; x_wconf 90' lang='lat'><strong>,</strong></span> <span class='ocrx_word' id='word_1_419' title='bbox 1463 3806 1510 3850; x_wconf 89' lang='lat' dir='ltr'><strong>et</strong></span> <span class='ocrx_word' id='word_1_420' title='bbox 1551 3794 1775 3850; x_wconf 85' lang='lat' dir='ltr'><strong>Verbum</strong></span> <span class='ocrx_word' id='word_1_421' title='bbox 1816 3803 1929 3849; x_wconf 88' lang='lat' dir='ltr'><strong>erat</strong></span> 
     </span>
    </p>
   </div>
   <div class='ocr_carea' id='block_1_57' title="bbox 341 3884 1933 3962">
    <p class='ocr_par' dir='ltr' id='par_1_57' title="bbox 341 3884 1933 3962">
     <span class='ocr_line' id='line_1_57' title="bbox 341 3884 1933 3962; baseline -0.003 -19"><span class='ocrx_word' id='word_1_422' title='bbox 341 3891 483 3962; x_wconf 78' lang='lat' dir='ltr'><strong>apud</strong></span> <span class='ocrx_word' id='word_1_423' title='bbox 518 3893 711 3957; x_wconf 87' lang='lat' dir='ltr'><strong>Deum,</strong></span> <span class='ocrx_word' id='word_1_424' title='bbox 739 3901 788 3946; x_wconf 88' lang='lat' dir='ltr'><strong>et</strong></span> <span class='ocrx_word' id='word_1_425' title='bbox 817 3891 960 3945; x_wconf 84' lang='lat' dir='ltr'><strong>Deus</strong></span> <span class='ocrx_word' id='word_1_426' title='bbox 979 3900 1091 3944; x_wconf 88' lang='lat' dir='ltr'><strong>erat</strong></span> <span class='ocrx_word' id='word_1_427' title='bbox 1127 3888 1351 3943; x_wconf 85' lang='lat' dir='ltr'><strong>Verbum</strong></span> <span class='ocrx_word' id='word_1_428' title='bbox 1373 3888 1556 3960; x_wconf 87' lang='lat' dir='ltr'><strong>(Joan.</strong></span> <span class='ocrx_word' id='word_1_429' title='bbox 1589 3902 1630 3951; x_wconf 87' lang='grc' dir='ltr'>ι,</span> <span class='ocrx_word' id='word_1_430' title='bbox 1655 3886 1730 3955; x_wconf 80' lang='grc'><strong>1).</strong></span> <span class='ocrx_word' id='word_1_431' title='bbox 1755 3884 1933 3954; x_wconf 85' lang='lat' dir='ltr'><strong>Atque</strong></span> 
     </span>
    </p>
   </div>
   <div class='ocr_carea' id='block_1_58' title="bbox 342 3973 1935 4050">
    <p class='ocr_par' dir='ltr' id='par_1_58' title="bbox 342 3973 1935 4050">
     <span class='ocr_line' id='line_1_58' title="bbox 342 3973 1935 4050; baseline -0.006 -14"><span class='ocrx_word' id='word_1_432' title='bbox 342 3999 471 4037; x_wconf 68' lang='lat' dir='ltr'><strong>cum</strong></span> <span class='ocrx_word' id='word_1_433' title='bbox 505 3984 666 4037; x_wconf 90' lang='lat' dir='ltr'><strong>trium</strong></span> <span class='ocrx_word' id='word_1_434' title='bbox 693 3979 1127 4050; x_wconf 83' lang='lat' dir='ltr'><strong>Evangeliorum,</strong></span> <span class='ocrx_word' id='word_1_435' title='bbox 1154 3978 1388 4032; x_wconf 69' lang='lat' dir='ltr'><strong>Matthaai</strong></span> <span class='ocrx_word' id='word_1_436' title='bbox 1415 3975 1642 4039; x_wconf 86' lang='lat' dir='ltr'><strong>scilicet,</strong></span> <span class='ocrx_word' id='word_1_437' title='bbox 1666 3973 1836 4028; x_wconf 87' lang='lat' dir='ltr'><strong>Marci</strong></span> <span class='ocrx_word' id='word_1_438' title='bbox 1878 3981 1935 4027; x_wconf 90' lang='lat' dir='ltr'><strong>et</strong></span> 
     </span>
    </p>
   </div>
   <div class='ocr_carea' id='block_1_59' title="bbox 340 4064 1931 4137">
    <p class='ocr_par' dir='ltr' id='par_1_59' title="bbox 340 4064 1931 4137">
     <span class='ocr_line' id='line_1_59' title="bbox 340 4064 1931 4137; baseline -0.008 -7"><span class='ocrx_word' id='word_1_439' title='bbox 340 4075 524 4137; x_wconf 60' lang='lat' dir='ltr'><strong>Lacte,</strong></span> <span class='ocrx_word' id='word_1_440' title='bbox 553 4073 621 4127; x_wconf 87' lang='lat' dir='ltr'><strong>ad</strong></span> <span class='ocrx_word' id='word_1_441' title='bbox 643 4085 765 4124; x_wconf 91' lang='lat' dir='ltr'><strong>eum</strong></span> <span class='ocrx_word' id='word_1_442' title='bbox 802 4069 995 4124; x_wconf 85' lang='lat' dir='ltr'><strong>notitia</strong></span> <span class='ocrx_word' id='word_1_443' title='bbox 1019 4068 1377 4137; x_wconf 83' lang='lat' dir='ltr'><strong>pervenisset,</strong></span> <span class='ocrx_word' id='word_1_444' title='bbox 1424 4066 1684 4136; x_wconf 87' lang='lat' dir='ltr'><strong>probasse</strong></span> <span class='ocrx_word' id='word_1_445' title='bbox 1712 4064 1931 4134; x_wconf 85' lang='lat' dir='ltr'><strong>quidem</strong></span> 
     </span>
    </p>
   </div>
   <div class='ocr_carea' id='block_1_60' title="bbox 340 4156 1932 4224">
    <p class='ocr_par' dir='ltr' id='par_1_60' title="bbox 340 4156 1932 4224">
     <span class='ocr_line' id='line_1_60' title="bbox 340 4156 1932 4224; baseline -0.008 -3"><span class='ocrx_word' id='word_1_446' title='bbox 340 4167 540 4221; x_wconf 83' lang='lat' dir='ltr'><strong>dicitur</strong></span> <span class='ocrx_word' id='word_1_447' title='bbox 576 4163 734 4219; x_wconf 84' lang='lat' dir='ltr'><strong>ﬁdem</strong></span> <span class='ocrx_word' id='word_1_448' title='bbox 764 4170 819 4217; x_wconf 93' lang='lat' dir='ltr'><strong>et</strong></span> <span class='ocrx_word' id='word_1_449' title='bbox 849 4159 1132 4215; x_wconf 74' lang='lat' dir='ltr'><strong>veritatem</strong></span> <span class='ocrx_word' id='word_1_450' title='bbox 1180 4158 1485 4224; x_wconf 84' lang='lat' dir='ltr'><strong>dictorum;</strong></span> <span class='ocrx_word' id='word_1_451' title='bbox 1526 4156 1711 4211; x_wconf 89' lang='lat' dir='ltr'><strong>deesse</strong></span> <span class='ocrx_word' id='word_1_452' title='bbox 1753 4163 1932 4210; x_wconf 89' lang='lat' dir='ltr'><strong>tamen</strong></span> 
     </span>
    </p>
   </div>
   <div class='ocr_carea' id='block_1_61' title="bbox 347 4246 1933 4322">
    <p class='ocr_par' dir='ltr' id='par_1_61' title="bbox 347 4246 1933 4322">
     <span class='ocr_line' id='line_1_61' title="bbox 347 4246 1933 4322; baseline -0.006 -15"><span class='ocrx_word' id='word_1_453' title='bbox 347 4256 479 4310; x_wconf 85' lang='lat' dir='ltr'><strong>vidit</strong></span> <span class='ocrx_word' id='word_1_454' title='bbox 498 4254 677 4322; x_wconf 90' lang='lat' dir='ltr'><strong>aliqua</strong></span> <span class='ocrx_word' id='word_1_455' title='bbox 697 4266 876 4307; x_wconf 90' lang='lat' dir='ltr'><strong>rerum</strong></span> <span class='ocrx_word' id='word_1_456' title='bbox 899 4257 1174 4321; x_wconf 83' lang='lat' dir='ltr'><strong>gestarum</strong></span> <span class='ocrx_word' id='word_1_457' title='bbox 1194 4246 1450 4313; x_wconf 64' lang='lat' dir='ltr'><strong>historice,</strong></span> <span class='ocrx_word' id='word_1_458' title='bbox 1477 4261 1541 4302; x_wconf 92' lang='lat' dir='ltr'><strong>ea</strong></span> <span class='ocrx_word' id='word_1_459' title='bbox 1556 4246 1792 4299; x_wconf 83' lang='lat' dir='ltr'><strong>maxime</strong></span> <span class='ocrx_word' id='word_1_460' title='bbox 1812 4259 1933 4313; x_wconf 76' lang='lat' dir='ltr'><strong>qute</strong></span> 
     </span>
    </p>
   </div>
   <div class='ocr_carea' id='block_1_62' title="bbox 343 4337 1928 4415">
    <p class='ocr_par' dir='ltr' id='par_1_62' title="bbox 343 4337 1928 4415">
     <span class='ocr_line' id='line_1_62' title="bbox 343 4337 1928 4415; baseline -0.007 -15"><span class='ocrx_word' id='word_1_461' title='bbox 343 4346 518 4415; x_wconf 89' lang='lat' dir='ltr'><strong>primo</strong></span> <span class='ocrx_word' id='word_1_462' title='bbox 556 4341 958 4413; x_wconf 65' lang='lat' dir='ltr'><strong>praedicationis</strong></span> <span class='ocrx_word' id='word_1_463' title='bbox 988 4356 1099 4396; x_wconf 77' lang='lat' dir='ltr'><strong>sua:</strong></span> <span class='ocrx_word' id='word_1_464' title='bbox 1127 4347 1366 4408; x_wconf 90' lang='lat' dir='ltr'><strong>tempore</strong></span> <span class='ocrx_word' id='word_1_465' title='bbox 1385 4337 1645 4393; x_wconf 89' lang='lat' dir='ltr'><strong>Dominus</strong></span> <span class='ocrx_word' id='word_1_466' title='bbox 1668 4343 1928 4407; x_wconf 85' lang='lat' dir='ltr'><strong>gesserat.</strong></span> 
     </span>
    </p>
   </div>
   <div class='ocr_carea' id='block_1_63' title="bbox 344 4425 1933 4500">
    <p class='ocr_par' dir='ltr' id='par_1_63' title="bbox 344 4425 1933 4500">
     <span class='ocr_line' id='line_1_63' title="bbox 344 4425 1933 4500; baseline -0.005 -12"><span class='ocrx_word' id='word_1_467' title='bbox 344 4435 565 4488; x_wconf 90' lang='lat' dir='ltr'><strong>Certum</strong></span> <span class='ocrx_word' id='word_1_468' title='bbox 598 4439 683 4487; x_wconf 89' lang='lat' dir='ltr'><strong>est</strong></span> <span class='ocrx_word' id='word_1_469' title='bbox 709 4431 856 4487; x_wconf 91' lang='lat' dir='ltr'><strong>enim</strong></span> <span class='ocrx_word' id='word_1_470' title='bbox 881 4431 1024 4500; x_wconf 92' lang='lat' dir='ltr'><strong>quod</strong></span> <span class='ocrx_word' id='word_1_471' title='bbox 1054 4430 1107 4483; x_wconf 95' lang='lat' dir='ltr'><strong>in</strong></span> <span class='ocrx_word' id='word_1_472' title='bbox 1154 4429 1523 4499; x_wconf 88' lang='lat' dir='ltr'><strong>superioribus</strong></span> <span class='ocrx_word' id='word_1_473' title='bbox 1555 4427 1728 4481; x_wconf 88' lang='lat' dir='ltr'><strong>tribus</strong></span> <span class='ocrx_word' id='word_1_474' title='bbox 1756 4425 1933 4480; x_wconf 79' lang='lat' dir='ltr'><strong>Evan-</strong></span> 
     </span>
    </p>
   </div>
   <div class='ocr_carea' id='block_1_64' title="bbox 342 4518 1933 4592">
    <p class='ocr_par' dir='ltr' id='par_1_64' title="bbox 342 4518 1933 4592">
     <span class='ocr_line' id='line_1_64' title="bbox 342 4518 1933 4592; baseline -0.004 -15"><span class='ocrx_word' id='word_1_475' title='bbox 342 4522 499 4592; x_wconf 81' lang='lat' dir='ltr'><strong>geliis</strong></span> <span class='ocrx_word' id='word_1_476' title='bbox 546 4522 665 4578; x_wconf 58' lang='lat' dir='ltr'><strong>haec</strong></span> <span class='ocrx_word' id='word_1_477' title='bbox 702 4520 957 4576; x_wconf 87' lang='lat' dir='ltr'><strong>videntur</strong></span> <span class='ocrx_word' id='word_1_478' title='bbox 981 4519 1094 4577; x_wconf 84' lang='lat' dir='ltr'><strong>sola</strong></span> <span class='ocrx_word' id='word_1_479' title='bbox 1125 4518 1391 4574; x_wconf 90' lang='lat' dir='ltr'><strong>contineri</strong></span> <span class='ocrx_word' id='word_1_480' title='bbox 1451 4532 1568 4586; x_wconf 78' lang='lat' dir='ltr'><strong>qua:</strong></span> <span class='ocrx_word' id='word_1_481' title='bbox 1611 4523 1760 4586; x_wconf 86' lang='lat' dir='ltr'><strong>gesta</strong></span> <span class='ocrx_word' id='word_1_482' title='bbox 1806 4522 1933 4570; x_wconf 85' lang='lat' dir='ltr'><strong>sunt</strong></span> 
     </span>
    </p>
   </div>
   <div class='ocr_carea' id='block_1_65' title="bbox 346 4605 1930 4683">
    <p class='ocr_par' dir='ltr' id='par_1_65' title="bbox 346 4605 1930 4683">
     <span class='ocr_line' id='line_1_65' title="bbox 346 4605 1930 4683; baseline -0.005 -16"><span class='ocrx_word' id='word_1_483' title='bbox 346 4620 628 4683; x_wconf 87' lang='lat' dir='ltr'><strong>postquam</strong></span> <span class='ocrx_word' id='word_1_484' title='bbox 659 4609 896 4666; x_wconf 81' lang='lat' dir='ltr'><strong>Joannes</strong></span> <span class='ocrx_word' id='word_1_485' title='bbox 921 4608 1161 4679; x_wconf 84' lang='lat' dir='ltr'><strong>Baptista</strong></span> <span class='ocrx_word' id='word_1_486' title='bbox 1208 4607 1437 4661; x_wconf 89' lang='lat' dir='ltr'><strong>traditus</strong></span> <span class='ocrx_word' id='word_1_487' title='bbox 1467 4614 1520 4661; x_wconf 92' lang='lat' dir='ltr'><strong>et</strong></span> <span class='ocrx_word' id='word_1_488' title='bbox 1568 4605 1807 4660; x_wconf 90' lang='lat' dir='ltr'><strong>inclusus</strong></span> <span class='ocrx_word' id='word_1_489' title='bbox 1847 4613 1930 4659; x_wconf 85' lang='lat' dir='ltr'><strong>est</strong></span> 
     </span>
    </p>
   </div>
   <div class='ocr_carea' id='block_1_66' title="bbox 346 4696 1931 4770">
    <p class='ocr_par' dir='ltr' id='par_1_66' title="bbox 346 4696 1931 4770">
     <span class='ocr_line' id='line_1_66' title="bbox 346 4696 1931 4770; baseline -0.003 -16"><span class='ocrx_word' id='word_1_490' title='bbox 346 4703 399 4755; x_wconf 85' lang='lat' dir='ltr'><strong>in</strong></span> <span class='ocrx_word' id='word_1_491' title='bbox 428 4715 667 4755; x_wconf 89' lang='lat' dir='ltr'><strong>carcere.</strong></span> <span class='ocrx_word' id='word_1_492' title='bbox 692 4701 933 4770; x_wconf 88' lang='lat' dir='ltr'><strong>Denique</strong></span> <span class='ocrx_word' id='word_1_493' title='bbox 964 4699 1008 4754; x_wconf 90' lang='lat' dir='ltr'><strong>si</strong></span> <span class='ocrx_word' id='word_1_494' title='bbox 1033 4699 1293 4753; x_wconf 86' lang='lat' dir='ltr'><strong>observes</strong></span> <span class='ocrx_word' id='word_1_495' title='bbox 1321 4697 1505 4751; x_wconf 88' lang='lat' dir='ltr'><strong>statim</strong></span> <span class='ocrx_word' id='word_1_496' title='bbox 1542 4697 1593 4749; x_wconf 90' lang='lat' dir='ltr'><strong>in</strong></span> <span class='ocrx_word' id='word_1_497' title='bbox 1622 4696 1776 4751; x_wconf 87' lang='lat' dir='ltr'><strong>initio</strong></span> <span class='ocrx_word' id='word_1_498' title='bbox 1804 4711 1931 4750; x_wconf 90' lang='lat' dir='ltr'><strong>nar-</strong></span> 
     </span>
    </p>
   </div>
   <div class='ocr_carea' id='block_1_67' title="bbox 348 4790 1929 4863">
    <p class='ocr_par' dir='ltr' id='par_1_67' title="bbox 348 4790 1929 4863">
     <span class='ocr_line' id='line_1_67' title="bbox 348 4790 1929 4863; baseline -0.003 -16"><span class='ocrx_word' id='word_1_499' title='bbox 348 4793 591 4859; x_wconf 85' lang='lat' dir='ltr'><strong>rationis,</strong></span> <span class='ocrx_word' id='word_1_500' title='bbox 616 4803 973 4863; x_wconf 87' lang='lat' dir='ltr'><strong>posteaquam</strong></span> <span class='ocrx_word' id='word_1_501' title='bbox 1000 4791 1167 4846; x_wconf 79' lang='lat' dir='ltr'><strong>refert</strong></span> <span class='ocrx_word' id='word_1_502' title='bbox 1187 4790 1470 4846; x_wconf 69' lang='lat' dir='ltr'><strong>Matthteus</strong></span> <span class='ocrx_word' id='word_1_503' title='bbox 1491 4791 1556 4845; x_wconf 90' lang='lat' dir='ltr'><strong>de</strong></span> <span class='ocrx_word' id='word_1_504' title='bbox 1570 4790 1929 4859; x_wconf 85' lang='lat' dir='ltr'><strong>quadraginta</strong></span> 
     </span>
    </p>
   </div>
   <div class='ocr_carea' id='block_1_68' title="bbox 344 4878 1932 4953">
    <p class='ocr_par' dir='ltr' id='par_1_68' title="bbox 344 4878 1932 4953">
     <span class='ocr_line' id='line_1_68' title="bbox 344 4878 1932 4953; baseline 0 -17"><span class='ocrx_word' id='word_1_505' title='bbox 344 4884 556 4939; x_wconf 84' lang='lat' dir='ltr'><strong>dierum</strong></span> <span class='ocrx_word' id='word_1_506' title='bbox 581 4882 787 4953; x_wconf 82' lang='lat' dir='ltr'><strong>jejunio</strong></span> <span class='ocrx_word' id='word_1_507' title='bbox 807 4891 860 4938; x_wconf 88' lang='lat' dir='ltr'><strong>et</strong></span> <span class='ocrx_word' id='word_1_508' title='bbox 882 4884 946 4939; x_wconf 90' lang='lat' dir='ltr'><strong>dc</strong></span> <span class='ocrx_word' id='word_1_509' title='bbox 972 4882 1269 4938; x_wconf 89' lang='lat' dir='ltr'><strong>tentatione</strong></span> <span class='ocrx_word' id='word_1_510' title='bbox 1292 4879 1429 4951; x_wconf 85' lang='lat' dir='ltr'><strong>ejus,</strong></span> <span class='ocrx_word' id='word_1_511' title='bbox 1476 4881 1732 4936; x_wconf 89' lang='lat' dir='ltr'><strong>continuo</strong></span> <span class='ocrx_word' id='word_1_512' title='bbox 1758 4878 1932 4948; x_wconf 90' lang='lat' dir='ltr'><strong>subje-</strong></span> 
     </span>
    </p>
   </div>
   <div class='ocr_carea' id='block_1_69' title="bbox 344 4971 1932 5044">
    <p class='ocr_par' dir='ltr' id='par_1_69' title="bbox 344 4971 1932 5044">
     <span class='ocr_line' id='line_1_69' title="bbox 344 4971 1932 5044; baseline -0.001 -17"><span class='ocrx_word' id='word_1_513' title='bbox 344 4974 421 5028; x_wconf 80' lang='lat' dir='ltr'><strong>cit</strong></span> <span class='ocrx_word' id='word_1_514' title='bbox 441 4975 628 5030; x_wconf 85' lang='lat' dir='ltr'><strong>dicens</strong></span> <span class='ocrx_word' id='word_1_515' title='bbox 652 4992 666 5028; x_wconf 89' lang='lat'>:</span> <span class='ocrx_word' id='word_1_516' title='bbox 704 4975 937 5029; x_wconf 80' lang='lat' dir='ltr'><strong>Audiens</strong></span> <span class='ocrx_word' id='word_1_517' title='bbox 963 4983 1139 5028; x_wconf 85' lang='lat' dir='ltr'><strong>autem</strong></span> <span class='ocrx_word' id='word_1_518' title='bbox 1163 4973 1288 5044; x_wconf 83' lang='lat' dir='ltr'><strong>quia</strong></span> <span class='ocrx_word' id='word_1_519' title='bbox 1321 4972 1554 5027; x_wconf 78' lang='lat' dir='ltr'><strong>Joannes</strong></span> <span class='ocrx_word' id='word_1_520' title='bbox 1584 4971 1808 5025; x_wconf 85' lang='lat' dir='ltr'><strong>traditus</strong></span> <span class='ocrx_word' id='word_1_521' title='bbox 1835 4981 1932 5037; x_wconf 91' lang='lat' dir='ltr'><strong>est,</strong></span> 
     </span>
    </p>
   </div>
   <div class='ocr_carea' id='block_1_70' title="bbox 343 5060 1932 5136">
    <p class='ocr_par' dir='ltr' id='par_1_70' title="bbox 343 5060 1932 5136">
     <span class='ocr_line' id='line_1_70' title="bbox 343 5060 1932 5136; baseline -0.001 -17"><span class='ocrx_word' id='word_1_522' title='bbox 343 5066 581 5120; x_wconf 73' lang='lat' dir='ltr'><strong>discessit</strong></span> <span class='ocrx_word' id='word_1_523' title='bbox 607 5064 874 5120; x_wconf 78' lang='lat' dir='ltr'><strong>deJudwa</strong></span> <span class='ocrx_word' id='word_1_524' title='bbox 891 5073 939 5119; x_wconf 89' lang='lat' dir='ltr'><strong>et</strong></span> <span class='ocrx_word' id='word_1_525' title='bbox 965 5064 1101 5120; x_wconf 80' lang='lat' dir='ltr'><strong>venit</strong></span> <span class='ocrx_word' id='word_1_526' title='bbox 1118 5064 1175 5119; x_wconf 89' lang='lat' dir='ltr'><strong>in</strong></span> <span class='ocrx_word' id='word_1_527' title='bbox 1188 5061 1466 5119; x_wconf 72' lang='lat' dir='ltr'><strong>Galilaeam</strong></span> <span class='ocrx_word' id='word_1_528' title='bbox 1492 5060 1708 5136; x_wconf 78' lang='lat' dir='ltr'><strong>(Matth.</strong></span> <span class='ocrx_word' id='word_1_529' title='bbox 1723 5079 1796 5129; x_wconf 87' lang='lat' dir='ltr'><strong>tv,</strong></span> <span class='ocrx_word' id='word_1_530' title='bbox 1820 5061 1932 5134; x_wconf 76' lang='grc'><strong>12).</strong></span> 
     </span>
    </p>
   </div>
   <div class='ocr_carea' id='block_1_71' title="bbox 348 5152 1935 5227">
    <p class='ocr_par' dir='ltr' id='par_1_71' title="bbox 348 5152 1935 5227">
     <span class='ocr_line' id='line_1_71' title="bbox 348 5152 1935 5227; baseline -0.003 -14"><span class='ocrx_word' id='word_1_531' title='bbox 348 5159 457 5213; x_wconf 77' lang='lat' dir='ltr'><strong>Sed</strong></span> <span class='ocrx_word' id='word_1_532' title='bbox 476 5166 533 5211; x_wconf 89' lang='lat' dir='ltr'><strong>et</strong></span> <span class='ocrx_word' id='word_1_533' title='bbox 546 5157 760 5213; x_wconf 73' lang='lat' dir='ltr'><strong>Marcus</strong></span> <span class='ocrx_word' id='word_1_534' title='bbox 777 5156 1047 5222; x_wconf 86' lang='lat' dir='ltr'><strong>similiter,</strong></span> <span class='ocrx_word' id='word_1_535' title='bbox 1076 5155 1427 5227; x_wconf 80' lang='lat' dir='ltr'><strong>Posteaquam</strong></span> <span class='ocrx_word' id='word_1_536' title='bbox 1443 5195 1460 5221; x_wconf 94' lang='lat'><strong>,</strong></span> <span class='ocrx_word' id='word_1_537' title='bbox 1488 5153 1685 5225; x_wconf 86' lang='lat' dir='ltr'><strong>inquit,</strong></span> <span class='ocrx_word' id='word_1_538' title='bbox 1706 5152 1935 5209; x_wconf 83' lang='lat' dir='ltr'><strong>traditus</strong></span> 
     </span>
    </p>
   </div>
   <div class='ocr_carea' id='block_1_72' title="bbox 343 5241 1935 5317">
    <p class='ocr_par' dir='ltr' id='par_1_72' title="bbox 343 5241 1935 5317">
     <span class='ocr_line' id='line_1_72' title="bbox 343 5241 1935 5317; baseline -0.003 -14"><span class='ocrx_word' id='word_1_539' title='bbox 343 5258 419 5304; x_wconf 76' lang='lat' dir='ltr'><strong>est</strong></span> <span class='ocrx_word' id='word_1_540' title='bbox 433 5249 688 5314; x_wconf 80' lang='lat' dir='ltr'><strong>Joannes,</strong></span> <span class='ocrx_word' id='word_1_541' title='bbox 705 5246 1008 5303; x_wconf 76' lang='lat' dir='ltr'><strong>renitJesus</strong></span> <span class='ocrx_word' id='word_1_542' title='bbox 1033 5247 1090 5302; x_wconf 91' lang='lat' dir='ltr'><strong>in</strong></span> <span class='ocrx_word' id='word_1_543' title='bbox 1114 5245 1391 5302; x_wconf 63' lang='lat' dir='ltr'><strong>Galilaeam</strong></span> <span class='ocrx_word' id='word_1_544' title='bbox 1406 5244 1600 5317; x_wconf 79' lang='lat' dir='ltr'><strong>(Marc.</strong></span> <span class='ocrx_word' id='word_1_545' title='bbox 1625 5260 1668 5311; x_wconf 85' lang='grc' dir='ltr'>ι,</span> <span class='ocrx_word' id='word_1_546' title='bbox 1692 5241 1801 5315; x_wconf 71' lang='grc' dir='ltr'><strong>Η).</strong></span> <span class='ocrx_word' id='word_1_547' title='bbox 1828 5242 1935 5299; x_wconf 81' lang='lat' dir='ltr'><strong>Lu-</strong></span> 
     </span>
    </p>
   </div>
   <div class='ocr_carea' id='block_1_73' title="bbox 344 5334 1935 5408">
    <p class='ocr_par' dir='ltr' id='par_1_73' title="bbox 344 5334 1935 5408">
     <span class='ocr_line' id='line_1_73' title="bbox 344 5334 1935 5408; baseline -0.002 -14"><span class='ocrx_word' id='word_1_548' title='bbox 344 5354 438 5394; x_wconf 83' lang='lat' dir='ltr'><strong>cas</strong></span> <span class='ocrx_word' id='word_1_549' title='bbox 460 5353 590 5394; x_wconf 91' lang='lat' dir='ltr'><strong>vero</strong></span> <span class='ocrx_word' id='word_1_550' title='bbox 616 5337 803 5403; x_wconf 87' lang='lat' dir='ltr'><strong>etiam,</strong></span> <span class='ocrx_word' id='word_1_551' title='bbox 825 5336 1143 5408; x_wconf 86' lang='lat' dir='ltr'><strong>priusquam</strong></span> <span class='ocrx_word' id='word_1_552' title='bbox 1164 5336 1385 5408; x_wconf 77' lang='lat' dir='ltr'><strong>incipiat</strong></span> <span class='ocrx_word' id='word_1_553' title='bbox 1406 5335 1609 5407; x_wconf 86' lang='lat' dir='ltr'><strong>aliquid</strong></span> <span class='ocrx_word' id='word_1_554' title='bbox 1634 5335 1702 5390; x_wconf 89' lang='lat' dir='ltr'><strong>de</strong></span> <span class='ocrx_word' id='word_1_555' title='bbox 1722 5334 1935 5391; x_wconf 89' lang='lat' dir='ltr'><strong>actibus</strong></span> 
     </span>
    </p>
   </div>
   <div class='ocr_carea' id='block_1_74' title="bbox 346 5431 1935 5504">
    <p class='ocr_par' dir='ltr' id='par_1_74' title="bbox 346 5431 1935 5504">
     <span class='ocr_line' id='line_1_74' title="bbox 346 5431 1935 5504; baseline -0.003 -13"><span class='ocrx_word' id='word_1_556' title='bbox 346 5436 552 5493; x_wconf 77' lang='lat' dir='ltr'><strong>referre</strong></span> <span class='ocrx_word' id='word_1_557' title='bbox 566 5434 720 5501; x_wconf 84' lang='lat' dir='ltr'><strong>Jesu,</strong></span> <span class='ocrx_word' id='word_1_558' title='bbox 740 5435 876 5490; x_wconf 79' lang='lat' dir='ltr'><strong>dixit</strong></span> <span class='ocrx_word' id='word_1_559' title='bbox 900 5452 914 5488; x_wconf 92' lang='lat'>:</span> <span class='ocrx_word' id='word_1_560' title='bbox 941 5432 1083 5500; x_wconf 84' lang='lat' dir='ltr'><strong>Quia</strong></span> <span class='ocrx_word' id='word_1_561' title='bbox 1102 5432 1293 5503; x_wconf 83' lang='lat' dir='ltr'><strong>adjecit</strong></span> <span class='ocrx_word' id='word_1_562' title='bbox 1315 5431 1550 5488; x_wconf 82' lang='lat' dir='ltr'><strong>Herodes</strong></span> <span class='ocrx_word' id='word_1_563' title='bbox 1572 5447 1733 5504; x_wconf 86' lang='lat' dir='ltr'><strong>super</strong></span> <span class='ocrx_word' id='word_1_564' title='bbox 1755 5432 1935 5487; x_wconf 87' lang='lat' dir='ltr'><strong>omnia</strong></span> 
     </span>
    </p>
   </div>
   <div class='ocr_carea' id='block_1_75' title="bbox 344 5523 1936 5599">
    <p class='ocr_par' dir='ltr' id='par_1_75' title="bbox 344 5523 1936 5599">
     <span class='ocr_line' id='line_1_75' title="bbox 344 5523 1936 5599; baseline -0.001 -18"><span class='ocrx_word' id='word_1_565' title='bbox 344 5526 508 5599; x_wconf 60' lang='lat'><strong>563</strong></span> <span class='ocrx_word' id='word_1_566' title='bbox 534 5525 698 5591; x_wconf 84' lang='lat' dir='ltr'><strong>mala,</strong></span> <span class='ocrx_word' id='word_1_567' title='bbox 750 5542 869 5597; x_wconf 75' lang='lat' dir='ltr'><strong>quae</strong></span> <span class='ocrx_word' id='word_1_568' title='bbox 892 5538 1153 5596; x_wconf 81' lang='lat' dir='ltr'><strong>gesserat,</strong></span> <span class='ocrx_word' id='word_1_569' title='bbox 1192 5533 1241 5577; x_wconf 89' lang='lat' dir='ltr'><strong>et</strong></span> <span class='ocrx_word' id='word_1_570' title='bbox 1278 5523 1531 5579; x_wconf 81' lang='lat' dir='ltr'><strong>conclusit</strong></span> <span class='ocrx_word' id='word_1_571' title='bbox 1574 5523 1837 5579; x_wconf 85' lang='lat' dir='ltr'><strong>Joannem</strong></span> <span class='ocrx_word' id='word_1_572' title='bbox 1878 5525 1936 5580; x_wconf 89' lang='lat' dir='ltr'><strong>in</strong></span> 
     </span>
    </p>
   </div>
   <div class='ocr_carea' id='block_1_76' title="bbox 345 5614 1936 5688">
    <p class='ocr_par' dir='ltr' id='par_1_76' title="bbox 345 5614 1936 5688">
     <span class='ocr_line' id='line_1_76' title="bbox 345 5614 1936 5688; baseline 0 -16"><span class='ocrx_word' id='word_1_573' title='bbox 345 5633 556 5672; x_wconf 79' lang='lat' dir='ltr'><strong>carcere</strong></span> <span class='ocrx_word' id='word_1_574' title='bbox 576 5615 728 5687; x_wconf 85' lang='lat' dir='ltr'><strong>(Luc.</strong></span> <span class='ocrx_word' id='word_1_575' title='bbox 750 5633 836 5683; x_wconf 89' lang='grc' dir='ltr'>ιιι,</span> <span class='ocrx_word' id='word_1_576' title='bbox 857 5614 1146 5688; x_wconf 76' lang='lat' dir='ltr'><strong>20).Quia.</strong></span> <span class='ocrx_word' id='word_1_577' title='bbox 1169 5614 1412 5684; x_wconf 89' lang='lat' dir='ltr'><strong>inquam,</strong></span> <span class='ocrx_word' id='word_1_578' title='bbox 1440 5615 1510 5670; x_wconf 89' lang='lat' dir='ltr'><strong>ab</strong></span> <span class='ocrx_word' id='word_1_579' title='bbox 1532 5614 1620 5670; x_wconf 89' lang='lat' dir='ltr'><strong>his</strong></span> <span class='ocrx_word' id='word_1_580' title='bbox 1647 5616 1763 5673; x_wconf 69' lang='lat' dir='ltr'><strong>haec</strong></span> <span class='ocrx_word' id='word_1_581' title='bbox 1788 5616 1936 5672; x_wconf 88' lang='lat' dir='ltr'><strong>vide-</strong></span> 
     </span>
    </p>
   </div>
   <div class='ocr_carea' id='block_1_77' title="bbox 347 5700 1934 5779">
    <p class='ocr_par' dir='ltr' id='par_1_77' title="bbox 347 5700 1934 5779">
     <span class='ocr_line' id='line_1_77' title="bbox 347 5700 1934 5779; baseline -0.001 -17"><span class='ocrx_word' id='word_1_582' title='bbox 347 5708 547 5762; x_wconf 84' lang='lat' dir='ltr'><strong>bantur</strong></span> <span class='ocrx_word' id='word_1_583' title='bbox 581 5707 804 5773; x_wconf 87' lang='lat' dir='ltr'><strong>omissa,</strong></span> <span class='ocrx_word' id='word_1_584' title='bbox 829 5715 1051 5779; x_wconf 87' lang='lat' dir='ltr'><strong>rogatus</strong></span> <span class='ocrx_word' id='word_1_585' title='bbox 1077 5705 1278 5760; x_wconf 83' lang='lat' dir='ltr'><strong>dicitur</strong></span> <span class='ocrx_word' id='word_1_586' title='bbox 1301 5700 1535 5759; x_wconf 83' lang='lat' dir='ltr'><strong>Joannes</strong></span> <span class='ocrx_word' id='word_1_587' title='bbox 1558 5703 1845 5775; x_wconf 80' lang='lat' dir='ltr'><strong>Apostolus</strong></span> <span class='ocrx_word' id='word_1_588' title='bbox 1875 5715 1934 5761; x_wconf 92' lang='lat' dir='ltr'><strong>ut</strong></span> 
     </span>
    </p>
   </div>
   <div class='ocr_carea' id='block_1_78' title="bbox 2029 1881 3623 1952">
    <p class='ocr_par' dir='ltr' id='par_1_78' title="bbox 2029 1881 3623 1952">
     <span class='ocr_line' id='line_1_78' title="bbox 2029 1881 3623 1952; baseline 0.003 -16"><span class='ocrx_word' id='word_1_589' title='bbox 2029 1882 2171 1936; x_wconf 90' lang='lat' dir='ltr'><strong>unde</strong></span> <span class='ocrx_word' id='word_1_590' title='bbox 2205 1883 2321 1937; x_wconf 87' lang='lat' dir='ltr'><strong>acie</strong></span> <span class='ocrx_word' id='word_1_591' title='bbox 2347 1882 2546 1937; x_wconf 89' lang='lat' dir='ltr'><strong>mentis</strong></span> <span class='ocrx_word' id='word_1_592' title='bbox 2578 1883 2890 1938; x_wconf 89' lang='lat' dir='ltr'><strong>acutissima</strong></span> <span class='ocrx_word' id='word_1_593' title='bbox 2921 1890 3083 1952; x_wconf 88' lang='lat' dir='ltr'><strong>atque</strong></span> <span class='ocrx_word' id='word_1_594' title='bbox 3113 1881 3426 1938; x_wconf 72' lang='lat' dir='ltr'><strong>firmissima</strong></span> <span class='ocrx_word' id='word_1_595' title='bbox 3469 1884 3623 1940; x_wconf 86' lang='lat' dir='ltr'><strong>vidc-</strong></span> 
     </span>
    </p>
   </div>
   <div class='ocr_carea' id='block_1_79' title="bbox 2030 1973 3624 2044">
    <p class='ocr_par' dir='ltr' id='par_1_79' title="bbox 2030 1973 3624 2044">
     <span class='ocr_line' id='line_1_79' title="bbox 2030 1973 3624 2044; baseline 0.001 -17"><span class='ocrx_word' id='word_1_596' title='bbox 2030 1981 2115 2029; x_wconf 90' lang='lat' dir='ltr'><strong>ret</strong></span> <span class='ocrx_word' id='word_1_597' title='bbox 2138 1974 2191 2028; x_wconf 89' lang='lat' dir='ltr'><strong>in</strong></span> <span class='ocrx_word' id='word_1_598' title='bbox 2218 1974 2483 2044; x_wconf 91' lang='lat' dir='ltr'><strong>principio</strong></span> <span class='ocrx_word' id='word_1_599' title='bbox 2499 1974 2758 2039; x_wconf 79' lang='lat' dir='ltr'><strong>Verbum,</strong></span> <span class='ocrx_word' id='word_1_600' title='bbox 2785 1974 2955 2029; x_wconf 90' lang='lat' dir='ltr'><strong>Deum</strong></span> <span class='ocrx_word' id='word_1_601' title='bbox 2979 1975 3045 2029; x_wconf 87' lang='lat' dir='ltr'><strong>de</strong></span> <span class='ocrx_word' id='word_1_602' title='bbox 3073 1974 3204 2041; x_wconf 90' lang='lat' dir='ltr'><strong>Deo,</strong></span> <span class='ocrx_word' id='word_1_603' title='bbox 3234 1974 3414 2028; x_wconf 89' lang='lat' dir='ltr'><strong>lumen</strong></span> <span class='ocrx_word' id='word_1_604' title='bbox 3443 1975 3510 2030; x_wconf 90' lang='lat' dir='ltr'><strong>de</strong></span> <span class='ocrx_word' id='word_1_605' title='bbox 3535 1973 3624 2029; x_wconf 86' lang='lat' dir='ltr'><strong>lu-</strong></span> 
     </span>
    </p>
   </div>
   <div class='ocr_carea' id='block_1_80' title="bbox 2029 2061 3623 2137">
    <p class='ocr_par' dir='ltr' id='par_1_80' title="bbox 2029 2061 3623 2137">
     <span class='ocr_line' id='line_1_80' title="bbox 2029 2061 3623 2137; baseline 0.003 -21"><span class='ocrx_word' id='word_1_606' title='bbox 2029 2064 2195 2127; x_wconf 90' lang='lat' dir='ltr'><strong>mine,</strong></span> <span class='ocrx_word' id='word_1_607' title='bbox 2237 2077 2334 2133; x_wconf 85' lang='lat' dir='ltr'><strong>per</strong></span> <span class='ocrx_word' id='word_1_608' title='bbox 2360 2078 2519 2133; x_wconf 88' lang='lat' dir='ltr'><strong>quem</strong></span> <span class='ocrx_word' id='word_1_609' title='bbox 2555 2061 2696 2119; x_wconf 77' lang='lat' dir='ltr'><strong>facta</strong></span> <span class='ocrx_word' id='word_1_610' title='bbox 2728 2073 2852 2119; x_wconf 89' lang='lat' dir='ltr'><strong>sunt</strong></span> <span class='ocrx_word' id='word_1_611' title='bbox 2880 2064 3060 2118; x_wconf 88' lang='lat' dir='ltr'><strong>omnia</strong></span> <span class='ocrx_word' id='word_1_612' title='bbox 3083 2104 3098 2126; x_wconf 89' lang='lat'><strong>,</strong></span> <span class='ocrx_word' id='word_1_613' title='bbox 3134 2073 3189 2118; x_wconf 90' lang='lat' dir='ltr'><strong>et</strong></span> <span class='ocrx_word' id='word_1_614' title='bbox 3236 2065 3411 2135; x_wconf 90' lang='lat' dir='ltr'><strong>ipsum</strong></span> <span class='ocrx_word' id='word_1_615' title='bbox 3453 2080 3623 2137; x_wconf 81' lang='lat' dir='ltr'><strong>agno-</strong></span> 
     </span>
    </p>
   </div>
   <div class='ocr_carea' id='block_1_81' title="bbox 2030 2152 3622 2227">
    <p class='ocr_par' dir='ltr' id='par_1_81' title="bbox 2030 2152 3622 2227">
     <span class='ocr_line' id='line_1_81' title="bbox 2030 2152 3622 2227; baseline 0.004 -21"><span class='ocrx_word' id='word_1_616' title='bbox 2030 2161 2210 2207; x_wconf 89' lang='lat' dir='ltr'><strong>sceret</strong></span> <span class='ocrx_word' id='word_1_617' title='bbox 2237 2168 2401 2208; x_wconf 84' lang='lat' dir='ltr'><strong>carne</strong></span> <span class='ocrx_word' id='word_1_618' title='bbox 2439 2152 2592 2226; x_wconf 79' lang='lat' dir='ltr'><strong>[Ms.,</strong></span> <span class='ocrx_word' id='word_1_619' title='bbox 2624 2154 2868 2227; x_wconf 89' lang='lat' dir='ltr'><strong>carnem]</strong></span> <span class='ocrx_word' id='word_1_620' title='bbox 2897 2154 3096 2209; x_wconf 83' lang='lat' dir='ltr'><strong>factum</strong></span> <span class='ocrx_word' id='word_1_621' title='bbox 3122 2194 3136 2219; x_wconf 90' lang='lat'><strong>,</strong></span> <span class='ocrx_word' id='word_1_622' title='bbox 3174 2164 3234 2209; x_wconf 92' lang='lat' dir='ltr'><strong>ut</strong></span> <span class='ocrx_word' id='word_1_623' title='bbox 3261 2155 3531 2211; x_wconf 90' lang='lat' dir='ltr'><strong>habitaret</strong></span> <span class='ocrx_word' id='word_1_624' title='bbox 3561 2158 3622 2214; x_wconf 82' lang='lat' dir='ltr'><strong>in</strong></span> 
     </span>
    </p>
   </div>
   <div class='ocr_carea' id='block_1_82' title="bbox 2031 2248 3618 2318">
    <p class='ocr_par' dir='ltr' id='par_1_82' title="bbox 2031 2248 3618 2318">
     <span class='ocr_line' id='line_1_82' title="bbox 2031 2248 3618 2318; baseline 0.003 -17"><span class='ocrx_word' id='word_1_625' title='bbox 2031 2248 2184 2302; x_wconf 91' lang='lat' dir='ltr'><strong>nobis</strong></span> <span class='ocrx_word' id='word_1_626' title='bbox 2214 2266 2225 2300; x_wconf 96' lang='lat'>:</span> <span class='ocrx_word' id='word_1_627' title='bbox 2263 2248 2406 2318; x_wconf 84' lang='lat' dir='ltr'><strong>quod</strong></span> <span class='ocrx_word' id='word_1_628' title='bbox 2436 2248 2703 2318; x_wconf 85' lang='lat' dir='ltr'><strong>acceperit</strong></span> <span class='ocrx_word' id='word_1_629' title='bbox 2721 2263 2962 2312; x_wconf 88' lang='lat' dir='ltr'><strong>carnem,</strong></span> <span class='ocrx_word' id='word_1_630' title='bbox 2993 2263 3100 2302; x_wconf 91' lang='lat' dir='ltr'><strong>non</strong></span> <span class='ocrx_word' id='word_1_631' title='bbox 3129 2248 3271 2316; x_wconf 88' lang='lat' dir='ltr'><strong>quod</strong></span> <span class='ocrx_word' id='word_1_632' title='bbox 3308 2248 3471 2304; x_wconf 82' lang='lat' dir='ltr'><strong>fuerit</strong></span> <span class='ocrx_word' id='word_1_633' title='bbox 3499 2266 3618 2306; x_wconf 80' lang='lat' dir='ltr'><strong>mu-</strong></span> 
     </span>
    </p>
   </div>
   <div class='ocr_carea' id='block_1_83' title="bbox 2031 2337 3625 2409">
    <p class='ocr_par' dir='ltr' id='par_1_83' title="bbox 2031 2337 3625 2409">
     <span class='ocr_line' id='line_1_83' title="bbox 2031 2337 3625 2409; baseline 0.003 -19"><span class='ocrx_word' id='word_1_634' title='bbox 2031 2345 2174 2392; x_wconf 90' lang='lat' dir='ltr'><strong>tatus</strong></span> <span class='ocrx_word' id='word_1_635' title='bbox 2200 2338 2253 2392; x_wconf 93' lang='lat' dir='ltr'><strong>in</strong></span> <span class='ocrx_word' id='word_1_636' title='bbox 2286 2353 2526 2393; x_wconf 89' lang='lat' dir='ltr'><strong>carnem.</strong></span> <span class='ocrx_word' id='word_1_637' title='bbox 2552 2337 2666 2393; x_wconf 84' lang='lat' dir='ltr'><strong>Nisi</strong></span> <span class='ocrx_word' id='word_1_638' title='bbox 2686 2340 2829 2393; x_wconf 90' lang='lat' dir='ltr'><strong>enim</strong></span> <span class='ocrx_word' id='word_1_639' title='bbox 2854 2338 3035 2394; x_wconf 88' lang='lat' dir='ltr'><strong>carnis</strong></span> <span class='ocrx_word' id='word_1_640' title='bbox 3056 2338 3370 2409; x_wconf 88' lang='lat' dir='ltr'><strong>assumptio,</strong></span> <span class='ocrx_word' id='word_1_641' title='bbox 3405 2350 3625 2395; x_wconf 75' lang='lat' dir='ltr'><strong>servata</strong></span> 
     </span>
    </p>
   </div>
   <div class='ocr_carea' id='block_1_84' title="bbox 2031 2428 3617 2493">
    <p class='ocr_par' dir='ltr' id='par_1_84' title="bbox 2031 2428 3617 2493">
     <span class='ocr_line' id='line_1_84' title="bbox 2031 2428 3617 2493; baseline 0.002 -12"><span class='ocrx_word' id='word_1_642' title='bbox 2031 2428 2455 2483; x_wconf 87' lang='lat' dir='ltr'><strong>incommutabili</strong></span> <span class='ocrx_word' id='word_1_643' title='bbox 2484 2429 2782 2493; x_wconf 87' lang='lat' dir='ltr'><strong>divinitate,</strong></span> <span class='ocrx_word' id='word_1_644' title='bbox 2813 2428 2954 2483; x_wconf 84' lang='lat' dir='ltr'><strong>facta</strong></span> <span class='ocrx_word' id='word_1_645' title='bbox 2985 2435 3148 2493; x_wconf 76' lang='lat' dir='ltr'><strong>esset,</strong></span> <span class='ocrx_word' id='word_1_646' title='bbox 3172 2442 3280 2483; x_wconf 90' lang='lat' dir='ltr'><strong>non</strong></span> <span class='ocrx_word' id='word_1_647' title='bbox 3308 2429 3617 2486; x_wconf 87' lang='lat' dir='ltr'><strong>diceretur:</strong></span> 
     </span>
    </p>
   </div>
   <div class='ocr_carea' id='block_1_85' title="bbox 2030 2516 3619 2593">
    <p class='ocr_par' dir='ltr' id='par_1_85' title="bbox 2030 2516 3619 2593">
     <span class='ocr_line' id='line_1_85' title="bbox 2030 2516 3619 2593; baseline 0.003 -22"><span class='ocrx_word' id='word_1_648' title='bbox 2030 2518 2144 2589; x_wconf 83' lang='lat' dir='ltr'><strong>Ego</strong></span> <span class='ocrx_word' id='word_1_649' title='bbox 2169 2529 2218 2572; x_wconf 91' lang='lat' dir='ltr'><strong>et</strong></span> <span class='ocrx_word' id='word_1_650' title='bbox 2242 2519 2405 2573; x_wconf 89' lang='lat' dir='ltr'><strong>Pater</strong></span> <span class='ocrx_word' id='word_1_651' title='bbox 2429 2537 2592 2573; x_wconf 88' lang='lat' dir='ltr'><strong>unum</strong></span> <span class='ocrx_word' id='word_1_652' title='bbox 2622 2536 2804 2574; x_wconf 88' lang='lat' dir='ltr'><strong>sumus</strong></span> <span class='ocrx_word' id='word_1_653' title='bbox 2836 2521 3016 2591; x_wconf 89' lang='lat' dir='ltr'><strong>(Joan.</strong></span> <span class='ocrx_word' id='word_1_654' title='bbox 3036 2536 3090 2585; x_wconf 73' lang='grc' dir='ltr'>ις,</span> <span class='ocrx_word' id='word_1_655' title='bbox 3117 2523 3231 2592; x_wconf 74' lang='lat'><strong>30).</strong></span> <span class='ocrx_word' id='word_1_656' title='bbox 3265 2519 3451 2593; x_wconf 84' lang='lat' dir='ltr'><strong>Neque</strong></span> <span class='ocrx_word' id='word_1_657' title='bbox 3476 2516 3619 2577; x_wconf 78' lang='lat' dir='ltr'><strong>enim</strong></span> 
     </span>
    </p>
   </div>
   <div class='ocr_carea' id='block_1_86' title="bbox 2030 2608 3621 2679">
    <p class='ocr_par' dir='ltr' id='par_1_86' title="bbox 2030 2608 3621 2679">
     <span class='ocr_line' id='line_1_86' title="bbox 2030 2608 3621 2679; baseline 0.004 -18"><span class='ocrx_word' id='word_1_658' title='bbox 2030 2608 2194 2663; x_wconf 88' lang='lat' dir='ltr'><strong>Pater</strong></span> <span class='ocrx_word' id='word_1_659' title='bbox 2220 2618 2275 2662; x_wconf 91' lang='lat' dir='ltr'><strong>et</strong></span> <span class='ocrx_word' id='word_1_660' title='bbox 2304 2623 2433 2663; x_wconf 89' lang='lat' dir='ltr'><strong>caro</strong></span> <span class='ocrx_word' id='word_1_661' title='bbox 2457 2624 2622 2663; x_wconf 92' lang='lat' dir='ltr'><strong>unum</strong></span> <span class='ocrx_word' id='word_1_662' title='bbox 2645 2616 2791 2663; x_wconf 90' lang='lat' dir='ltr'><strong>sunt.</strong></span> <span class='ocrx_word' id='word_1_663' title='bbox 2822 2610 2890 2663; x_wconf 89' lang='lat' dir='ltr'><strong>Et</strong></span> <span class='ocrx_word' id='word_1_664' title='bbox 2931 2611 3037 2664; x_wconf 90' lang='lat' dir='ltr'><strong>hoc</strong></span> <span class='ocrx_word' id='word_1_665' title='bbox 3073 2611 3140 2665; x_wconf 90' lang='lat' dir='ltr'><strong>de</strong></span> <span class='ocrx_word' id='word_1_666' title='bbox 3167 2626 3226 2665; x_wconf 90' lang='lat' dir='ltr'><strong>se</strong></span> <span class='ocrx_word' id='word_1_667' title='bbox 3254 2611 3372 2679; x_wconf 88' lang='lat' dir='ltr'><strong>ipso</strong></span> <span class='ocrx_word' id='word_1_668' title='bbox 3402 2611 3621 2667; x_wconf 84' lang='lat' dir='ltr'><strong>Domini</strong></span> 
     </span>
    </p>
   </div>
   <div class='ocr_carea' id='block_1_87' title="bbox 2030 2697 3618 2763">
    <p class='ocr_par' dir='ltr' id='par_1_87' title="bbox 2030 2697 3618 2763">
     <span class='ocr_line' id='line_1_87' title="bbox 2030 2697 3618 2763; baseline -0.003 -6"><span class='ocrx_word' id='word_1_669' title='bbox 2030 2702 2398 2757; x_wconf 85' lang='lat' dir='ltr'><strong>testimonium</strong></span> <span class='ocrx_word' id='word_1_670' title='bbox 2423 2740 2437 2763; x_wconf 94' lang='lat'><strong>,</strong></span> <span class='ocrx_word' id='word_1_671' title='bbox 2499 2699 2647 2753; x_wconf 90' lang='lat' dir='ltr'><strong>solus</strong></span> <span class='ocrx_word' id='word_1_672' title='bbox 2694 2699 2836 2753; x_wconf 92' lang='lat' dir='ltr'><strong>idem</strong></span> <span class='ocrx_word' id='word_1_673' title='bbox 2870 2697 3107 2754; x_wconf 82' lang='lat' dir='ltr'><strong>Joannes</strong></span> <span class='ocrx_word' id='word_1_674' title='bbox 3150 2701 3618 2755; x_wconf 76' lang='lat' dir='ltr'><strong>commemoravit.</strong></span> 
     </span>
    </p>
   </div>
   <div class='ocr_carea' id='block_1_88' title="bbox 2031 2789 3622 2865">
    <p class='ocr_par' dir='ltr' id='par_1_88' title="bbox 2031 2789 3622 2865">
     <span class='ocr_line' id='line_1_88' title="bbox 2031 2789 3622 2865; baseline -0.001 -18"><span class='ocrx_word' id='word_1_675' title='bbox 2031 2792 2135 2858; x_wconf 85' lang='lat' dir='ltr'><strong>Et,</strong></span> <span class='ocrx_word' id='word_1_676' title='bbox 2162 2794 2250 2865; x_wconf 86' lang='lat' dir='ltr'><strong>qui</strong></span> <span class='ocrx_word' id='word_1_677' title='bbox 2282 2809 2363 2847; x_wconf 89' lang='lat' dir='ltr'><strong>me</strong></span> <span class='ocrx_word' id='word_1_678' title='bbox 2392 2791 2523 2846; x_wconf 77' lang='lat' dir='ltr'><strong>videt</strong></span> <span class='ocrx_word' id='word_1_679' title='bbox 2547 2833 2561 2853; x_wconf 85' lang='lat'><strong>,</strong></span> <span class='ocrx_word' id='word_1_680' title='bbox 2601 2790 2734 2845; x_wconf 73' lang='lat' dir='ltr'><strong>ridet</strong></span> <span class='ocrx_word' id='word_1_681' title='bbox 2757 2800 2804 2844; x_wconf 87' lang='lat' dir='ltr'><strong>et</strong></span> <span class='ocrx_word' id='word_1_682' title='bbox 2834 2789 3069 2844; x_wconf 87' lang='lat' dir='ltr'><strong>Putrem.</strong></span> <span class='ocrx_word' id='word_1_683' title='bbox 3112 2790 3199 2854; x_wconf 84' lang='lat' dir='ltr'><strong>Et,</strong></span> <span class='ocrx_word' id='word_1_684' title='bbox 3227 2789 3337 2859; x_wconf 86' lang='lat' dir='ltr'><strong>Ego</strong></span> <span class='ocrx_word' id='word_1_685' title='bbox 3360 2791 3412 2843; x_wconf 82' lang='lat' dir='ltr'><strong>in</strong></span> <span class='ocrx_word' id='word_1_686' title='bbox 3436 2789 3622 2856; x_wconf 74' lang='lat' dir='ltr'><strong>Patre,</strong></span> 
     </span>
    </p>
   </div>
   <div class='ocr_carea' id='block_1_89' title="bbox 2030 2878 3620 2946">
    <p class='ocr_par' dir='ltr' id='par_1_89' title="bbox 2030 2878 3620 2946">
     <span class='ocr_line' id='line_1_89' title="bbox 2030 2878 3620 2946; baseline 0 -10"><span class='ocrx_word' id='word_1_687' title='bbox 2030 2892 2079 2936; x_wconf 92' lang='lat' dir='ltr'><strong>et</strong></span> <span class='ocrx_word' id='word_1_688' title='bbox 2115 2882 2278 2937; x_wconf 89' lang='lat' dir='ltr'><strong>Pater</strong></span> <span class='ocrx_word' id='word_1_689' title='bbox 2305 2884 2360 2936; x_wconf 90' lang='lat' dir='ltr'><strong>in</strong></span> <span class='ocrx_word' id='word_1_690' title='bbox 2405 2898 2506 2936; x_wconf 88' lang='lat' dir='ltr'><strong>me.</strong></span> <span class='ocrx_word' id='word_1_691' title='bbox 2529 2882 2618 2946; x_wconf 87' lang='lat' dir='ltr'><strong>Et,</strong></span> <span class='ocrx_word' id='word_1_692' title='bbox 2648 2878 2715 2934; x_wconf 88' lang='lat' dir='ltr'><strong>Ut</strong></span> <span class='ocrx_word' id='word_1_693' title='bbox 2734 2881 2837 2936; x_wconf 87' lang='lat' dir='ltr'><strong>sint</strong></span> <span class='ocrx_word' id='word_1_694' title='bbox 2866 2897 3062 2943; x_wconf 87' lang='lat' dir='ltr'><strong>unum;</strong></span> <span class='ocrx_word' id='word_1_695' title='bbox 3088 2882 3220 2935; x_wconf 86' lang='lat' dir='ltr'><strong>sicut</strong></span> <span class='ocrx_word' id='word_1_696' title='bbox 3246 2890 3293 2934; x_wconf 92' lang='lat' dir='ltr'><strong>et</strong></span> <span class='ocrx_word' id='word_1_697' title='bbox 3335 2898 3427 2935; x_wconf 86' lang='lat' dir='ltr'><strong>nos</strong></span> <span class='ocrx_word' id='word_1_698' title='bbox 3456 2898 3620 2935; x_wconf 83' lang='lat' dir='ltr'><strong>unum</strong></span> 
     </span>
    </p>
   </div>
   <div class='ocr_carea' id='block_1_90' title="bbox 2030 2971 3621 3042">
    <p class='ocr_par' dir='ltr' id='par_1_90' title="bbox 2030 2971 3621 3042">
     <span class='ocr_line' id='line_1_90' title="bbox 2030 2971 3621 3042; baseline -0.001 -15"><span class='ocrx_word' id='word_1_699' title='bbox 2030 2990 2230 3027; x_wconf 73' lang='lat' dir='ltr'><strong>sumus.</strong></span> <span class='ocrx_word' id='word_1_700' title='bbox 2285 2973 2374 3038; x_wconf 88' lang='lat' dir='ltr'><strong>Et,</strong></span> <span class='ocrx_word' id='word_1_701' title='bbox 2403 2972 2532 3038; x_wconf 65' lang='lat' dir='ltr'><strong>Qum</strong></span> <span class='ocrx_word' id='word_1_702' title='bbox 2571 2971 2732 3026; x_wconf 88' lang='lat' dir='ltr'><strong>Pater</strong></span> <span class='ocrx_word' id='word_1_703' title='bbox 2773 2972 2931 3042; x_wconf 80' lang='lat' dir='ltr'><strong>facit,</strong></span> <span class='ocrx_word' id='word_1_704' title='bbox 2975 2972 3087 3027; x_wconf 78' lang='lat' dir='ltr'><strong>Iure</strong></span> <span class='ocrx_word' id='word_1_705' title='bbox 3122 2972 3304 3026; x_wconf 82' lang='lat' dir='ltr'><strong>eadem</strong></span> <span class='ocrx_word' id='word_1_706' title='bbox 3356 2983 3402 3025; x_wconf 82' lang='lat' dir='ltr'><strong>et</strong></span> <span class='ocrx_word' id='word_1_707' title='bbox 3444 2971 3621 3025; x_wconf 80' lang='lat' dir='ltr'><strong>Filius</strong></span> 
     </span>
    </p>
   </div>
   <div class='ocr_carea' id='block_1_91' title="bbox 2035 3068 3625 3141">
    <p class='ocr_par' dir='ltr' id='par_1_91' title="bbox 2035 3068 3625 3141">
     <span class='ocr_line' id='line_1_91' title="bbox 2035 3068 3625 3141; baseline -0.001 -16"><span class='ocrx_word' id='word_1_708' title='bbox 2035 3069 2162 3139; x_wconf 79' lang='lat' dir='ltr'><strong>facit</strong></span> <span class='ocrx_word' id='word_1_709' title='bbox 2199 3069 2438 3125; x_wconf 85' lang='lat' dir='ltr'><strong>similiter</strong></span> <span class='ocrx_word' id='word_1_710' title='bbox 2466 3070 2648 3138; x_wconf 91' lang='lat' dir='ltr'><strong>(Joan.</strong></span> <span class='ocrx_word' id='word_1_711' title='bbox 2675 3084 2785 3134; x_wconf 78' lang='lat' dir='ltr'><strong>xw,</strong></span> <span class='ocrx_word' id='word_1_712' title='bbox 2818 3069 2871 3135; x_wconf 88' lang='lat'><strong>9,</strong></span> <span class='ocrx_word' id='word_1_713' title='bbox 2906 3068 3026 3141; x_wconf 85' lang='lat' dir='ltr'><strong>l0);</strong></span> <span class='ocrx_word' id='word_1_714' title='bbox 3059 3069 3127 3123; x_wconf 88' lang='lat' dir='ltr'><strong>Et</strong></span> <span class='ocrx_word' id='word_1_715' title='bbox 3167 3069 3211 3124; x_wconf 93' lang='lat' dir='ltr'><strong>si</strong></span> <span class='ocrx_word' id='word_1_716' title='bbox 3239 3083 3344 3139; x_wconf 90' lang='lat' dir='ltr'><strong>qua</strong></span> <span class='ocrx_word' id='word_1_717' title='bbox 3371 3068 3475 3122; x_wconf 89' lang='lat' dir='ltr'><strong>alia</strong></span> <span class='ocrx_word' id='word_1_718' title='bbox 3495 3077 3625 3124; x_wconf 87' lang='lat' dir='ltr'><strong>sunt</strong></span> 
     </span>
    </p>
   </div>
   <div class='ocr_carea' id='block_1_92' title="bbox 1959 3135 3615 3230">
    <p class='ocr_par' dir='ltr' id='par_1_92' title="bbox 1959 3135 3615 3230">
     <span class='ocr_line' id='line_1_92' title="bbox 1959 3135 3615 3230; baseline -0.001 -16"><span class='ocrx_word' id='word_1_719' title='bbox 1959 3135 2003 3197; x_wconf 65' lang='grc' dir='ltr'><strong>(ἶ</strong></span> <span class='ocrx_word' id='word_1_720' title='bbox 2032 3135 2154 3230; x_wconf 73' lang='lat' dir='ltr'><strong>qua:</strong></span> <span class='ocrx_word' id='word_1_721' title='bbox 2179 3159 2382 3215; x_wconf 91' lang='lat' dir='ltr'><strong>Christi</strong></span> <span class='ocrx_word' id='word_1_722' title='bbox 2426 3135 2763 3215; x_wconf 84' lang='lat' dir='ltr'><strong>divinitatem</strong></span> <span class='ocrx_word' id='word_1_723' title='bbox 2788 3200 2802 3223; x_wconf 93' lang='lat'><strong>,</strong></span> <span class='ocrx_word' id='word_1_724' title='bbox 2844 3160 2897 3215; x_wconf 94' lang='lat' dir='ltr'><strong>in</strong></span> <span class='ocrx_word' id='word_1_725' title='bbox 2925 3135 3032 3228; x_wconf 82' lang='lat' dir='ltr'><strong>qua</strong></span> <span class='ocrx_word' id='word_1_726' title='bbox 3071 3135 3293 3229; x_wconf 62' lang='lat' dir='ltr'><strong>aequalis</strong></span> <span class='ocrx_word' id='word_1_727' title='bbox 3319 3166 3404 3212; x_wconf 90' lang='lat' dir='ltr'><strong>est</strong></span> <span class='ocrx_word' id='word_1_728' title='bbox 3444 3158 3615 3219; x_wconf 85' lang='lat' dir='ltr'><strong>Patri,</strong></span> 
     </span>
    </p>
   </div>
   <div class='ocr_carea' id='block_1_93' title="bbox 2031 3245 3624 3321">
    <p class='ocr_par' dir='ltr' id='par_1_93' title="bbox 2031 3245 3624 3321">
     <span class='ocr_line' id='line_1_93' title="bbox 2031 3245 3624 3321; baseline -0.003 -17"><span class='ocrx_word' id='word_1_729' title='bbox 2031 3259 2179 3306; x_wconf 90' lang='lat' dir='ltr'><strong>recte</strong></span> <span class='ocrx_word' id='word_1_730' title='bbox 2201 3250 2622 3321; x_wconf 82' lang='lat' dir='ltr'><strong>intelligentibus</strong></span> <span class='ocrx_word' id='word_1_731' title='bbox 2657 3251 2932 3315; x_wconf 84' lang='lat' dir='ltr'><strong>intitnent,</strong></span> <span class='ocrx_word' id='word_1_732' title='bbox 2961 3248 3171 3319; x_wconf 91' lang='lat' dir='ltr'><strong>plenius</strong></span> <span class='ocrx_word' id='word_1_733' title='bbox 3194 3247 3341 3302; x_wconf 91' lang='lat' dir='ltr'><strong>solus</strong></span> <span class='ocrx_word' id='word_1_734' title='bbox 3383 3245 3624 3302; x_wconf 84' lang='lat' dir='ltr'><strong>Joannes</strong></span> 
     </span>
    </p>
   </div>
   <div class='ocr_carea' id='block_1_94' title="bbox 2029 3337 3617 3412">
    <p class='ocr_par' dir='ltr' id='par_1_94' title="bbox 2029 3337 3617 3412">
     <span class='ocr_line' id='line_1_94' title="bbox 2029 3337 3617 3412; baseline -0.002 -17"><span class='ocrx_word' id='word_1_735' title='bbox 2029 3340 2081 3395; x_wconf 94' lang='lat' dir='ltr'><strong>in</strong></span> <span class='ocrx_word' id='word_1_736' title='bbox 2115 3342 2405 3412; x_wconf 87' lang='lat' dir='ltr'><strong>Evangelio</strong></span> <span class='ocrx_word' id='word_1_737' title='bbox 2438 3357 2539 3397; x_wconf 90' lang='lat' dir='ltr'><strong>suo</strong></span> <span class='ocrx_word' id='word_1_738' title='bbox 2563 3343 2764 3412; x_wconf 90' lang='lat' dir='ltr'><strong>posuit,</strong></span> <span class='ocrx_word' id='word_1_739' title='bbox 2799 3352 3053 3411; x_wconf 87' lang='lat' dir='ltr'><strong>tanquam</strong></span> <span class='ocrx_word' id='word_1_740' title='bbox 3082 3340 3147 3394; x_wconf 90' lang='lat' dir='ltr'><strong>de</strong></span> <span class='ocrx_word' id='word_1_741' title='bbox 3174 3346 3392 3410; x_wconf 88' lang='lat' dir='ltr'><strong>pectore</strong></span> <span class='ocrx_word' id='word_1_742' title='bbox 3442 3337 3617 3408; x_wconf 85' lang='lat' dir='ltr'><strong>ipsius</strong></span> 
     </span>
    </p>
   </div>
   <div class='ocr_carea' id='block_1_95' title="bbox 2028 3430 3627 3502">
    <p class='ocr_par' dir='ltr' id='par_1_95' title="bbox 2028 3430 3627 3502">
     <span class='ocr_line' id='line_1_95' title="bbox 2028 3430 3627 3502; baseline 0.005 -18"><span class='ocrx_word' id='word_1_743' title='bbox 2028 3431 2263 3497; x_wconf 91' lang='lat' dir='ltr'><strong>Domini,</strong></span> <span class='ocrx_word' id='word_1_744' title='bbox 2287 3447 2452 3502; x_wconf 91' lang='lat' dir='ltr'><strong>super</strong></span> <span class='ocrx_word' id='word_1_745' title='bbox 2475 3433 2619 3501; x_wconf 91' lang='lat' dir='ltr'><strong>quod</strong></span> <span class='ocrx_word' id='word_1_746' title='bbox 2647 3432 2986 3488; x_wconf 90' lang='lat' dir='ltr'><strong>discumbere</strong></span> <span class='ocrx_word' id='word_1_747' title='bbox 3016 3434 3068 3486; x_wconf 92' lang='lat' dir='ltr'><strong>in</strong></span> <span class='ocrx_word' id='word_1_748' title='bbox 3091 3430 3208 3500; x_wconf 81' lang='lat' dir='ltr'><strong>ejus</strong></span> <span class='ocrx_word' id='word_1_749' title='bbox 3226 3432 3472 3489; x_wconf 88' lang='lat' dir='ltr'><strong>convivio</strong></span> <span class='ocrx_word' id='word_1_750' title='bbox 3499 3434 3627 3492; x_wconf 79' lang='lat' dir='ltr'><strong>soli-</strong></span> 
     </span>
    </p>
   </div>
   <div class='ocr_carea' id='block_1_96' title="bbox 2029 3525 3628 3595">
    <p class='ocr_par' dir='ltr' id='par_1_96' title="bbox 2029 3525 3628 3595">
     <span class='ocr_line' id='line_1_96' title="bbox 2029 3525 3628 3595; baseline 0.001 -15"><span class='ocrx_word' id='word_1_751' title='bbox 2029 3535 2116 3580; x_wconf 84' lang='lat' dir='ltr'><strong>tus</strong></span> <span class='ocrx_word' id='word_1_752' title='bbox 2144 3533 2281 3592; x_wconf 91' lang='lat' dir='ltr'><strong>erat,</strong></span> <span class='ocrx_word' id='word_1_753' title='bbox 2328 3534 2597 3582; x_wconf 89' lang='lat' dir='ltr'><strong>secretum</strong></span> <span class='ocrx_word' id='word_1_754' title='bbox 2624 3526 2923 3582; x_wconf 87' lang='lat' dir='ltr'><strong>divinitatis</strong></span> <span class='ocrx_word' id='word_1_755' title='bbox 2968 3526 3087 3595; x_wconf 89' lang='lat' dir='ltr'><strong>ejus</strong></span> <span class='ocrx_word' id='word_1_756' title='bbox 3129 3525 3353 3580; x_wconf 88' lang='lat' dir='ltr'><strong>uberius</strong></span> <span class='ocrx_word' id='word_1_757' title='bbox 3392 3532 3446 3579; x_wconf 89' lang='lat' dir='ltr'><strong>et</strong></span> <span class='ocrx_word' id='word_1_758' title='bbox 3491 3542 3628 3595; x_wconf 83' lang='lat' dir='ltr'><strong>quo-</strong></span> 
     </span>
    </p>
   </div>
   <div class='ocr_carea' id='block_1_97' title="bbox 2029 3615 3625 3681">
    <p class='ocr_par' dir='ltr' id='par_1_97' title="bbox 2029 3615 3625 3681">
     <span class='ocr_line' id='line_1_97' title="bbox 2029 3615 3625 3681; baseline 0 -9"><span class='ocrx_word' id='word_1_759' title='bbox 2029 3618 2316 3672; x_wconf 89' lang='lat' dir='ltr'><strong>dammodo</strong></span> <span class='ocrx_word' id='word_1_760' title='bbox 2336 3616 2656 3673; x_wconf 79' lang='lat' dir='ltr'><strong>familiarius</strong></span> <span class='ocrx_word' id='word_1_761' title='bbox 2681 3616 2912 3671; x_wconf 87' lang='lat' dir='ltr'><strong>biberet.</strong></span> <span class='ocrx_word' id='word_1_762' title='bbox 2941 3615 3196 3681; x_wconf 83' lang='lat' dir='ltr'><strong>Proinde,</strong></span> <span class='ocrx_word' id='word_1_763' title='bbox 3224 3630 3350 3671; x_wconf 90' lang='lat' dir='ltr'><strong>cum</strong></span> <span class='ocrx_word' id='word_1_764' title='bbox 3374 3617 3492 3672; x_wconf 79' lang='lat' dir='ltr'><strong>dua:</strong></span> <span class='ocrx_word' id='word_1_765' title='bbox 3515 3617 3625 3672; x_wconf 86' lang='lat' dir='ltr'><strong>vir—</strong></span> 
     </span>
    </p>
   </div>
   <div class='ocr_carea' id='block_1_98' title="bbox 2030 3703 3621 3775">
    <p class='ocr_par' dir='ltr' id='par_1_98' title="bbox 2030 3703 3621 3775">
     <span class='ocr_line' id='line_1_98' title="bbox 2030 3703 3621 3775; baseline 0.002 -16"><span class='ocrx_word' id='word_1_766' title='bbox 2030 3713 2176 3761; x_wconf 87' lang='lat' dir='ltr'><strong>tutes</strong></span> <span class='ocrx_word' id='word_1_767' title='bbox 2203 3706 2493 3775; x_wconf 68' lang='lat' dir='ltr'><strong>propositae</strong></span> <span class='ocrx_word' id='word_1_768' title='bbox 2514 3705 2623 3758; x_wconf 90' lang='lat' dir='ltr'><strong>sint</strong></span> <span class='ocrx_word' id='word_1_769' title='bbox 2645 3703 2840 3758; x_wconf 76' lang='lat' dir='ltr'><strong>anima:</strong></span> <span class='ocrx_word' id='word_1_770' title='bbox 2866 3704 3135 3769; x_wconf 72' lang='lat' dir='ltr'><strong>humanm,</strong></span> <span class='ocrx_word' id='word_1_771' title='bbox 3166 3720 3275 3759; x_wconf 91' lang='lat' dir='ltr'><strong>una</strong></span> <span class='ocrx_word' id='word_1_772' title='bbox 3312 3707 3510 3772; x_wconf 87' lang='lat' dir='ltr'><strong>activa,</strong></span> <span class='ocrx_word' id='word_1_773' title='bbox 3539 3709 3621 3764; x_wconf 82' lang='lat' dir='ltr'><strong>al-</strong></span> 
     </span>
    </p>
   </div>
   <div class='ocr_carea' id='block_1_99' title="bbox 2033 3795 3625 3871">
    <p class='ocr_par' dir='ltr' id='par_1_99' title="bbox 2033 3795 3625 3871">
     <span class='ocr_line' id='line_1_99' title="bbox 2033 3795 3625 3871; baseline 0.004 -20"><span class='ocrx_word' id='word_1_774' title='bbox 2033 3806 2148 3851; x_wconf 88' lang='lat' dir='ltr'><strong>tera</strong></span> <span class='ocrx_word' id='word_1_775' title='bbox 2192 3796 2613 3866; x_wconf 90' lang='lat' dir='ltr'><strong>contemplativa</strong></span> <span class='ocrx_word' id='word_1_776' title='bbox 2653 3813 2666 3848; x_wconf 90' lang='lat'><strong>:</strong></span> <span class='ocrx_word' id='word_1_777' title='bbox 2718 3795 2807 3850; x_wconf 90' lang='lat' dir='ltr'><strong>illa</strong></span> <span class='ocrx_word' id='word_1_778' title='bbox 2836 3811 2943 3865; x_wconf 92' lang='lat' dir='ltr'><strong>qua</strong></span> <span class='ocrx_word' id='word_1_779' title='bbox 2977 3797 3115 3864; x_wconf 91' lang='lat' dir='ltr'><strong>itur,</strong></span> <span class='ocrx_word' id='word_1_780' title='bbox 3169 3798 3269 3854; x_wconf 89' lang='lat' dir='ltr'><strong>ista</strong></span> <span class='ocrx_word' id='word_1_781' title='bbox 3296 3815 3402 3870; x_wconf 85' lang='lat' dir='ltr'><strong>qua</strong></span> <span class='ocrx_word' id='word_1_782' title='bbox 3431 3816 3625 3871; x_wconf 77' lang='lat' dir='ltr'><strong>perve-</strong></span> 
     </span>
    </p>
   </div>
   <div class='ocr_carea' id='block_1_100' title="bbox 2031 3887 3631 3956">
    <p class='ocr_par' dir='ltr' id='par_1_100' title="bbox 2031 3887 3631 3956">
     <span class='ocr_line' id='line_1_100' title="bbox 2031 3887 3631 3956; baseline 0.006 -15"><span class='ocrx_word' id='word_1_783' title='bbox 2031 3889 2209 3953; x_wconf 86' lang='lat' dir='ltr'><strong>nitur;</strong></span> <span class='ocrx_word' id='word_1_784' title='bbox 2240 3887 2331 3942; x_wconf 90' lang='lat' dir='ltr'><strong>illa</strong></span> <span class='ocrx_word' id='word_1_785' title='bbox 2357 3902 2464 3956; x_wconf 89' lang='lat' dir='ltr'><strong>qua</strong></span> <span class='ocrx_word' id='word_1_786' title='bbox 2491 3887 2769 3943; x_wconf 89' lang='lat' dir='ltr'><strong>laboratur</strong></span> <span class='ocrx_word' id='word_1_787' title='bbox 2792 3897 2851 3944; x_wconf 94' lang='lat' dir='ltr'><strong>ut</strong></span> <span class='ocrx_word' id='word_1_788' title='bbox 2898 3904 2996 3946; x_wconf 89' lang='lat' dir='ltr'><strong>cor</strong></span> <span class='ocrx_word' id='word_1_789' title='bbox 3029 3892 3321 3949; x_wconf 80' lang='lat' dir='ltr'><strong>mandetur</strong></span> <span class='ocrx_word' id='word_1_790' title='bbox 3344 3894 3412 3949; x_wconf 86' lang='lat' dir='ltr'><strong>ad</strong></span> <span class='ocrx_word' id='word_1_791' title='bbox 3434 3896 3631 3951; x_wconf 77' lang='lat' dir='ltr'><strong>vider.-</strong></span> 
     </span>
    </p>
   </div>
   <div class='ocr_carea' id='block_1_101' title="bbox 2031 3974 3621 4046">
    <p class='ocr_par' dir='ltr' id='par_1_101' title="bbox 2031 3974 3621 4046">
     <span class='ocr_line' id='line_1_101' title="bbox 2031 3974 3621 4046; baseline 0.004 -17"><span class='ocrx_word' id='word_1_792' title='bbox 2031 3974 2160 4029; x_wconf 90' lang='lat' dir='ltr'><strong>dum</strong></span> <span class='ocrx_word' id='word_1_793' title='bbox 2189 3974 2359 4030; x_wconf 89' lang='lat' dir='ltr'><strong>Deum</strong></span> <span class='ocrx_word' id='word_1_794' title='bbox 2380 4015 2395 4040; x_wconf 94' lang='lat'><strong>,</strong></span> <span class='ocrx_word' id='word_1_795' title='bbox 2424 3975 2526 4031; x_wconf 88' lang='lat' dir='ltr'><strong>ista</strong></span> <span class='ocrx_word' id='word_1_796' title='bbox 2548 3991 2653 4046; x_wconf 88' lang='lat' dir='ltr'><strong>qua</strong></span> <span class='ocrx_word' id='word_1_797' title='bbox 2679 3985 2907 4032; x_wconf 88' lang='lat' dir='ltr'><strong>vocatur</strong></span> <span class='ocrx_word' id='word_1_798' title='bbox 2942 3987 2997 4033; x_wconf 91' lang='lat' dir='ltr'><strong>et</strong></span> <span class='ocrx_word' id='word_1_799' title='bbox 3021 3980 3236 4036; x_wconf 87' lang='lat' dir='ltr'><strong>videtur</strong></span> <span class='ocrx_word' id='word_1_800' title='bbox 3274 3982 3416 4038; x_wconf 86' lang='lat' dir='ltr'><strong>Deus</strong></span> <span class='ocrx_word' id='word_1_801' title='bbox 3469 4003 3481 4037; x_wconf 92' lang='lat'>:</span> <span class='ocrx_word' id='word_1_802' title='bbox 3533 3985 3621 4039; x_wconf 79' lang='lat' dir='ltr'><strong>illa</strong></span> 
     </span>
    </p>
   </div>
   <div class='ocr_carea' id='block_1_102' title="bbox 2030 4065 3624 4141">
    <p class='ocr_par' dir='ltr' id='par_1_102' title="bbox 2030 4065 3624 4141">
     <span class='ocr_line' id='line_1_102' title="bbox 2030 4065 3624 4141; baseline 0.006 -23"><span class='ocrx_word' id='word_1_803' title='bbox 2030 4065 2185 4119; x_wconf 90' lang='lat' dir='ltr'><strong>estin</strong></span> <span class='ocrx_word' id='word_1_804' title='bbox 2210 4067 2496 4136; x_wconf 70' lang='lat' dir='ltr'><strong>praeceptis</strong></span> <span class='ocrx_word' id='word_1_805' title='bbox 2516 4067 2832 4122; x_wconf 79' lang='lat' dir='ltr'><strong>exercendae</strong></span> <span class='ocrx_word' id='word_1_806' title='bbox 2847 4069 2970 4122; x_wconf 80' lang='lat' dir='ltr'><strong>vita:</strong></span> <span class='ocrx_word' id='word_1_807' title='bbox 2984 4069 3144 4139; x_wconf 91' lang='lat' dir='ltr'><strong>hujus</strong></span> <span class='ocrx_word' id='word_1_808' title='bbox 3167 4072 3493 4141; x_wconf 85' lang='lat' dir='ltr'><strong>temporalis,</strong></span> <span class='ocrx_word' id='word_1_809' title='bbox 3516 4074 3624 4129; x_wconf 82' lang='lat' dir='ltr'><strong>ista</strong></span> 
     </span>
    </p>
   </div>
   <div class='ocr_carea' id='block_1_103' title="bbox 2033 4157 3624 4241">
    <p class='ocr_par' dir='ltr' id='par_1_103' title="bbox 2033 4157 3624 4241">
     <span class='ocr_line' id='line_1_103' title="bbox 2033 4157 3624 4241; baseline 0.007 -28"><span class='ocrx_word' id='word_1_810' title='bbox 2033 4157 2087 4214; x_wconf 92' lang='lat' dir='ltr'><strong>in</strong></span> <span class='ocrx_word' id='word_1_811' title='bbox 2111 4157 2356 4212; x_wconf 90' lang='lat' dir='ltr'><strong>doctrina</strong></span> <span class='ocrx_word' id='word_1_812' title='bbox 2369 4159 2493 4214; x_wconf 78' lang='lat' dir='ltr'><strong>vitae</strong></span> <span class='ocrx_word' id='word_1_813' title='bbox 2518 4159 2662 4215; x_wconf 91' lang='lat' dir='ltr'><strong>illius</strong></span> <span class='ocrx_word' id='word_1_814' title='bbox 2683 4162 3015 4232; x_wconf 89' lang='lat' dir='ltr'><strong>sempiterna</strong></span> <span class='ocrx_word' id='word_1_815' title='bbox 3055 4161 3211 4235; x_wconf 76' lang='lat' dir='ltr'><strong>[Ms.,</strong></span> <span class='ocrx_word' id='word_1_816' title='bbox 3237 4166 3624 4241; x_wconf 63' lang='lat' dir='ltr'><strong>sempiternae].</strong></span> 
     </span>
    </p>
   </div>
   <div class='ocr_carea' id='block_1_104' title="bbox 2029 4247 3623 4327">
    <p class='ocr_par' dir='ltr' id='par_1_104' title="bbox 2029 4247 3623 4327">
     <span class='ocr_line' id='line_1_104' title="bbox 2029 4247 3623 4327; baseline 0.006 -24"><span class='ocrx_word' id='word_1_817' title='bbox 2029 4247 2111 4303; x_wconf 85' lang='lat' dir='ltr'><strong>Ac</strong></span> <span class='ocrx_word' id='word_1_818' title='bbox 2127 4263 2224 4319; x_wconf 87' lang='lat' dir='ltr'><strong>per</strong></span> <span class='ocrx_word' id='word_1_819' title='bbox 2252 4250 2355 4305; x_wconf 92' lang='lat' dir='ltr'><strong>hoc</strong></span> <span class='ocrx_word' id='word_1_820' title='bbox 2376 4250 2465 4305; x_wconf 89' lang='lat' dir='ltr'><strong>illa</strong></span> <span class='ocrx_word' id='word_1_821' title='bbox 2490 4260 2769 4321; x_wconf 90' lang='lat' dir='ltr'><strong>operatur,</strong></span> <span class='ocrx_word' id='word_1_822' title='bbox 2824 4253 2928 4308; x_wconf 89' lang='lat' dir='ltr'><strong>ista</strong></span> <span class='ocrx_word' id='word_1_823' title='bbox 2973 4254 3271 4325; x_wconf 90' lang='lat' dir='ltr'><strong>requiescit</strong></span> <span class='ocrx_word' id='word_1_824' title='bbox 3310 4272 3328 4310; x_wconf 74' lang='grc' dir='ltr'><strong><em>τ</em></strong></span> <span class='ocrx_word' id='word_1_825' title='bbox 3381 4250 3506 4327; x_wconf 81' lang='lat' dir='ltr'><strong>quia</strong></span> <span class='ocrx_word' id='word_1_826' title='bbox 3533 4257 3623 4313; x_wconf 88' lang='lat' dir='ltr'><strong>illa</strong></span> 
     </span>
    </p>
   </div>
   <div class='ocr_carea' id='block_1_105' title="bbox 2031 4340 3624 4420">
    <p class='ocr_par' dir='ltr' id='par_1_105' title="bbox 2031 4340 3624 4420">
     <span class='ocr_line' id='line_1_105' title="bbox 2031 4340 3624 4420; baseline 0.007 -26"><span class='ocrx_word' id='word_1_827' title='bbox 2031 4349 2116 4395; x_wconf 91' lang='lat' dir='ltr'><strong>est</strong></span> <span class='ocrx_word' id='word_1_828' title='bbox 2154 4340 2206 4395; x_wconf 92' lang='lat' dir='ltr'><strong>in</strong></span> <span class='ocrx_word' id='word_1_829' title='bbox 2236 4343 2558 4412; x_wconf 84' lang='lat' dir='ltr'><strong>purgatione</strong></span> <span class='ocrx_word' id='word_1_830' title='bbox 2607 4353 2984 4413; x_wconf 88' lang='lat' dir='ltr'><strong>peccatorum,</strong></span> <span class='ocrx_word' id='word_1_831' title='bbox 3041 4347 3146 4402; x_wconf 88' lang='lat' dir='ltr'><strong>ista</strong></span> <span class='ocrx_word' id='word_1_832' title='bbox 3176 4348 3230 4403; x_wconf 91' lang='lat' dir='ltr'><strong>in</strong></span> <span class='ocrx_word' id='word_1_833' title='bbox 3266 4347 3470 4404; x_wconf 90' lang='lat' dir='ltr'><strong>lumine</strong></span> <span class='ocrx_word' id='word_1_834' title='bbox 3493 4365 3624 4420; x_wconf 88' lang='lat' dir='ltr'><strong>pur-</strong></span> 
     </span>
    </p>
   </div>
   <div class='ocr_carea' id='block_1_106' title="bbox 2033 4435 3625 4504">
    <p class='ocr_par' dir='ltr' id='par_1_106' title="bbox 2033 4435 3625 4504">
     <span class='ocr_line' id='line_1_106' title="bbox 2033 4435 3625 4504; baseline 0.006 -18"><span class='ocrx_word' id='word_1_835' title='bbox 2033 4440 2282 4504; x_wconf 84' lang='lat' dir='ltr'><strong>gatorum</strong></span> <span class='ocrx_word' id='word_1_836' title='bbox 2309 4451 2323 4486; x_wconf 88' lang='lat'><strong>:</strong></span> <span class='ocrx_word' id='word_1_837' title='bbox 2356 4448 2421 4487; x_wconf 93' lang='lat' dir='ltr'><strong>ac</strong></span> <span class='ocrx_word' id='word_1_838' title='bbox 2444 4448 2543 4503; x_wconf 90' lang='lat' dir='ltr'><strong>per</strong></span> <span class='ocrx_word' id='word_1_839' title='bbox 2569 4435 2672 4488; x_wconf 92' lang='lat' dir='ltr'><strong>hoc</strong></span> <span class='ocrx_word' id='word_1_840' title='bbox 2696 4475 2711 4499; x_wconf 92' lang='lat'><strong>,</strong></span> <span class='ocrx_word' id='word_1_841' title='bbox 2744 4435 2798 4487; x_wconf 91' lang='lat' dir='ltr'><strong>in</strong></span> <span class='ocrx_word' id='word_1_842' title='bbox 2826 4436 2933 4489; x_wconf 89' lang='lat' dir='ltr'><strong>hac</strong></span> <span class='ocrx_word' id='word_1_843' title='bbox 2981 4437 3089 4490; x_wconf 89' lang='lat' dir='ltr'><strong>vita</strong></span> <span class='ocrx_word' id='word_1_844' title='bbox 3115 4436 3369 4502; x_wconf 90' lang='lat' dir='ltr'><strong>mortali,</strong></span> <span class='ocrx_word' id='word_1_845' title='bbox 3402 4437 3494 4493; x_wconf 89' lang='lat' dir='ltr'><strong>illa</strong></span> <span class='ocrx_word' id='word_1_846' title='bbox 3538 4448 3625 4495; x_wconf 89' lang='lat' dir='ltr'><strong>est</strong></span> 
     </span>
    </p>
   </div>
   <div class='ocr_carea' id='block_1_107' title="bbox 2033 4522 3619 4598">
    <p class='ocr_par' dir='ltr' id='par_1_107' title="bbox 2033 4522 3619 4598">
     <span class='ocr_line' id='line_1_107' title="bbox 2033 4522 3619 4598; baseline 0.005 -22"><span class='ocrx_word' id='word_1_847' title='bbox 2033 4523 2089 4576; x_wconf 94' lang='lat' dir='ltr'><strong>in</strong></span> <span class='ocrx_word' id='word_1_848' title='bbox 2108 4538 2272 4593; x_wconf 82' lang='lat' dir='ltr'><strong>Opere</strong></span> <span class='ocrx_word' id='word_1_849' title='bbox 2291 4522 2447 4577; x_wconf 87' lang='lat' dir='ltr'><strong>bonae</strong></span> <span class='ocrx_word' id='word_1_850' title='bbox 2467 4524 2918 4590; x_wconf 88' lang='lat' dir='ltr'><strong>conversationis,</strong></span> <span class='ocrx_word' id='word_1_851' title='bbox 2945 4525 3049 4579; x_wconf 88' lang='lat' dir='ltr'><strong>ista</strong></span> <span class='ocrx_word' id='word_1_852' title='bbox 3073 4541 3202 4581; x_wconf 87' lang='lat' dir='ltr'><strong>vero</strong></span> <span class='ocrx_word' id='word_1_853' title='bbox 3221 4528 3396 4598; x_wconf 90' lang='lat' dir='ltr'><strong>magis</strong></span> <span class='ocrx_word' id='word_1_854' title='bbox 3421 4529 3473 4583; x_wconf 92' lang='lat' dir='ltr'><strong>in</strong></span> <span class='ocrx_word' id='word_1_855' title='bbox 3491 4528 3619 4595; x_wconf 81' lang='lat' dir='ltr'><strong>title.</strong></span> 
     </span>
    </p>
   </div>
   <div class='ocr_carea' id='block_1_108' title="bbox 2034 4612 3623 4688">
    <p class='ocr_par' dir='ltr' id='par_1_108' title="bbox 2034 4612 3623 4688">
     <span class='ocr_line' id='line_1_108' title="bbox 2034 4612 3623 4688; baseline 0.006 -22"><span class='ocrx_word' id='word_1_856' title='bbox 2034 4621 2089 4666; x_wconf 89' lang='lat' dir='ltr'><strong>et</strong></span> <span class='ocrx_word' id='word_1_857' title='bbox 2110 4612 2250 4682; x_wconf 87' lang='lat' dir='ltr'><strong>apud</strong></span> <span class='ocrx_word' id='word_1_858' title='bbox 2269 4627 2369 4682; x_wconf 89' lang='lat' dir='ltr'><strong>per</strong></span> <span class='ocrx_word' id='word_1_859' title='bbox 2394 4628 2597 4682; x_wconf 88' lang='lat' dir='ltr'><strong>paucos</strong></span> <span class='ocrx_word' id='word_1_860' title='bbox 2624 4628 2723 4683; x_wconf 90' lang='lat' dir='ltr'><strong>per</strong></span> <span class='ocrx_word' id='word_1_861' title='bbox 2752 4615 3027 4684; x_wconf 90' lang='lat' dir='ltr'><strong>speculum</strong></span> <span class='ocrx_word' id='word_1_862' title='bbox 3060 4616 3115 4671; x_wconf 92' lang='lat' dir='ltr'><strong>in</strong></span> <span class='ocrx_word' id='word_1_863' title='bbox 3142 4618 3447 4688; x_wconf 71' lang='lat' dir='ltr'><strong>aenigmate,</strong></span> <span class='ocrx_word' id='word_1_864' title='bbox 3475 4628 3531 4675; x_wconf 92' lang='lat' dir='ltr'><strong>et</strong></span> <span class='ocrx_word' id='word_1_865' title='bbox 3553 4637 3623 4676; x_wconf 74' lang='lat' dir='ltr'><strong>ex</strong></span> 
     </span>
    </p>
   </div>
   <div class='ocr_carea' id='block_1_109' title="bbox 2032 4700 3619 4771">
    <p class='ocr_par' dir='ltr' id='par_1_109' title="bbox 2032 4700 3619 4771">
     <span class='ocr_line' id='line_1_109' title="bbox 2032 4700 3619 4771; baseline 0.01 -17"><span class='ocrx_word' id='word_1_866' title='bbox 2032 4709 2188 4771; x_wconf 87' lang='lat' dir='ltr'><strong>parte</strong></span> <span class='ocrx_word' id='word_1_867' title='bbox 2216 4701 2270 4755; x_wconf 92' lang='lat' dir='ltr'><strong>in</strong></span> <span class='ocrx_word' id='word_1_868' title='bbox 2303 4700 2484 4771; x_wconf 89' lang='lat' dir='ltr'><strong>aliqua</strong></span> <span class='ocrx_word' id='word_1_869' title='bbox 2512 4702 2717 4757; x_wconf 89' lang='lat' dir='ltr'><strong>visione</strong></span> <span class='ocrx_word' id='word_1_870' title='bbox 2747 4703 3202 4761; x_wconf 88' lang='lat' dir='ltr'><strong>incommutabilis</strong></span> <span class='ocrx_word' id='word_1_871' title='bbox 3239 4707 3512 4766; x_wconf 87' lang='lat' dir='ltr'><strong>Veritatis.</strong></span> <span class='ocrx_word' id='word_1_872' title='bbox 3541 4710 3619 4770; x_wconf 80' lang='lat' dir='ltr'><strong>Ex</strong></span> 
     </span>
    </p>
   </div>
   <div class='ocr_carea' id='block_1_110' title="bbox 2033 4791 3622 4865">
    <p class='ocr_par' dir='ltr' id='par_1_110' title="bbox 2033 4791 3622 4865">
     <span class='ocr_line' id='line_1_110' title="bbox 2033 4791 3622 4865; baseline 0.007 -20"><span class='ocrx_word' id='word_1_873' title='bbox 2033 4807 2141 4862; x_wconf 86' lang='lat' dir='ltr'><strong>quo</strong></span> <span class='ocrx_word' id='word_1_874' title='bbox 2167 4791 2390 4863; x_wconf 87' lang='lat' dir='ltr'><strong>intelligi</strong></span> <span class='ocrx_word' id='word_1_875' title='bbox 2420 4793 2581 4847; x_wconf 89' lang='lat' dir='ltr'><strong>datur</strong></span> <span class='ocrx_word' id='word_1_876' title='bbox 2603 4833 2617 4858; x_wconf 94' lang='lat'><strong>,</strong></span> <span class='ocrx_word' id='word_1_877' title='bbox 2647 4793 2692 4848; x_wconf 92' lang='lat' dir='ltr'><strong>si</strong></span> <span class='ocrx_word' id='word_1_878' title='bbox 2716 4793 3000 4865; x_wconf 89' lang='lat' dir='ltr'><strong>diligenter</strong></span> <span class='ocrx_word' id='word_1_879' title='bbox 3023 4797 3296 4865; x_wconf 85' lang='lat' dir='ltr'><strong>advertas,</strong></span> <span class='ocrx_word' id='word_1_880' title='bbox 3326 4807 3438 4855; x_wconf 88' lang='lat' dir='ltr'><strong>tres</strong></span> <span class='ocrx_word' id='word_1_881' title='bbox 3456 4815 3622 4856; x_wconf 89' lang='lat' dir='ltr'><strong>evan-</strong></span> 
     </span>
    </p>
   </div>
   <div class='ocr_carea' id='block_1_111' title="bbox 2034 4884 3622 4960">
    <p class='ocr_par' dir='ltr' id='par_1_111' title="bbox 2034 4884 3622 4960">
     <span class='ocr_line' id='line_1_111' title="bbox 2034 4884 3622 4960; baseline 0.004 -20"><span class='ocrx_word' id='word_1_882' title='bbox 2034 4885 2283 4957; x_wconf 82' lang='lat' dir='ltr'><strong>gelistas,</strong></span> <span class='ocrx_word' id='word_1_883' title='bbox 2322 4885 2641 4954; x_wconf 82' lang='lat' dir='ltr'><strong>temporalia</strong></span> <span class='ocrx_word' id='word_1_884' title='bbox 2671 4884 2812 4940; x_wconf 80' lang='lat' dir='ltr'><strong>facta</strong></span> <span class='ocrx_word' id='word_1_885' title='bbox 2848 4886 3060 4942; x_wconf 89' lang='lat' dir='ltr'><strong>Domini</strong></span> <span class='ocrx_word' id='word_1_886' title='bbox 3080 4895 3137 4943; x_wconf 92' lang='lat' dir='ltr'><strong>et</strong></span> <span class='ocrx_word' id='word_1_887' title='bbox 3162 4888 3342 4955; x_wconf 89' lang='lat' dir='ltr'><strong>dicta,</strong></span> <span class='ocrx_word' id='word_1_888' title='bbox 3387 4906 3506 4960; x_wconf 71' lang='lat' dir='ltr'><strong>quae</strong></span> <span class='ocrx_word' id='word_1_889' title='bbox 3551 4892 3622 4947; x_wconf 87' lang='lat' dir='ltr'><strong>ad</strong></span> 
     </span>
    </p>
   </div>
   <div class='ocr_carea' id='block_1_112' title="bbox 2034 4972 3619 5050">
    <p class='ocr_par' dir='ltr' id='par_1_112' title="bbox 2034 4972 3619 5050">
     <span class='ocr_line' id='line_1_112' title="bbox 2034 4972 3619 5050; baseline 0.005 -21"><span class='ocrx_word' id='word_1_890' title='bbox 2034 4972 2407 5031; x_wconf 80' lang='lat' dir='ltr'><strong>informandos</strong></span> <span class='ocrx_word' id='word_1_891' title='bbox 2432 4990 2613 5030; x_wconf 89' lang='lat' dir='ltr'><strong>mores</strong></span> <span class='ocrx_word' id='word_1_892' title='bbox 2640 4976 2763 5030; x_wconf 73' lang='lat' dir='ltr'><strong>vita:</strong></span> <span class='ocrx_word' id='word_1_893' title='bbox 2781 4978 3066 5046; x_wconf 69' lang='lat' dir='ltr'><strong>praesentis</strong></span> <span class='ocrx_word' id='word_1_894' title='bbox 3089 4980 3324 5035; x_wconf 83' lang='lat' dir='ltr'><strong>maxime</strong></span> <span class='ocrx_word' id='word_1_895' title='bbox 3351 4981 3619 5050; x_wconf 87' lang='lat' dir='ltr'><strong>valerent,</strong></span> 
     </span>
    </p>
   </div>
   <div class='ocr_carea' id='block_1_113' title="bbox 2034 5066 3620 5136">
    <p class='ocr_par' dir='ltr' id='par_1_113' title="bbox 2034 5066 3620 5136">
     <span class='ocr_line' id='line_1_113' title="bbox 2034 5066 3620 5136; baseline 0.004 -15"><span class='ocrx_word' id='word_1_896' title='bbox 2034 5066 2303 5135; x_wconf 91' lang='lat' dir='ltr'><strong>copiosius</strong></span> <span class='ocrx_word' id='word_1_897' title='bbox 2322 5073 2655 5136; x_wconf 90' lang='lat' dir='ltr'><strong>prosecutos,</strong></span> <span class='ocrx_word' id='word_1_898' title='bbox 2681 5066 2826 5123; x_wconf 86' lang='lat' dir='ltr'><strong>circa</strong></span> <span class='ocrx_word' id='word_1_899' title='bbox 2855 5067 3002 5123; x_wconf 85' lang='lat' dir='ltr'><strong>illam</strong></span> <span class='ocrx_word' id='word_1_900' title='bbox 3034 5070 3264 5125; x_wconf 85' lang='lat' dir='ltr'><strong>activam</strong></span> <span class='ocrx_word' id='word_1_901' title='bbox 3293 5069 3459 5127; x_wconf 80' lang='lat' dir='ltr'><strong>fuisse</strong></span> <span class='ocrx_word' id='word_1_902' title='bbox 3494 5088 3620 5127; x_wconf 80' lang='lat' dir='ltr'><strong>ver-</strong></span> 
     </span>
    </p>
   </div>
   <div class='ocr_carea' id='block_1_114' title="bbox 2034 5151 3617 5231">
    <p class='ocr_par' dir='ltr' id='par_1_114' title="bbox 2034 5151 3617 5231">
     <span class='ocr_line' id='line_1_114' title="bbox 2034 5151 3617 5231; baseline 0.006 -24"><span class='ocrx_word' id='word_1_903' title='bbox 2034 5160 2210 5218; x_wconf 88' lang='lat' dir='ltr'><strong>satos;</strong></span> <span class='ocrx_word' id='word_1_904' title='bbox 2241 5151 2506 5209; x_wconf 84' lang='lat' dir='ltr'><strong>Joannem</strong></span> <span class='ocrx_word' id='word_1_905' title='bbox 2543 5169 2673 5210; x_wconf 90' lang='lat' dir='ltr'><strong>vero</strong></span> <span class='ocrx_word' id='word_1_906' title='bbox 2700 5153 2843 5211; x_wconf 78' lang='lat' dir='ltr'><strong>facta</strong></span> <span class='ocrx_word' id='word_1_907' title='bbox 2886 5156 3097 5214; x_wconf 88' lang='lat' dir='ltr'><strong>Domini</strong></span> <span class='ocrx_word' id='word_1_908' title='bbox 3145 5158 3316 5215; x_wconf 89' lang='lat' dir='ltr'><strong>multo</strong></span> <span class='ocrx_word' id='word_1_909' title='bbox 3358 5162 3617 5231; x_wconf 79' lang='lat' dir='ltr'><strong>pauciora</strong></span> 
     </span>
    </p>
   </div>
   <div class='ocr_carea' id='block_1_115' title="bbox 2034 5245 3624 5321">
    <p class='ocr_par' dir='ltr' id='par_1_115' title="bbox 2034 5245 3624 5321">
     <span class='ocr_line' id='line_1_115' title="bbox 2034 5245 3624 5321; baseline 0.008 -25"><span class='ocrx_word' id='word_1_910' title='bbox 2034 5250 2364 5310; x_wconf 90' lang='lat' dir='ltr'><strong>narrantem,</strong></span> <span class='ocrx_word' id='word_1_911' title='bbox 2397 5245 2540 5301; x_wconf 84' lang='lat' dir='ltr'><strong>dicta</strong></span> <span class='ocrx_word' id='word_1_912' title='bbox 2560 5261 2689 5302; x_wconf 86' lang='lat' dir='ltr'><strong>vero</strong></span> <span class='ocrx_word' id='word_1_913' title='bbox 2718 5245 2856 5315; x_wconf 90' lang='lat' dir='ltr'><strong>ejus,</strong></span> <span class='ocrx_word' id='word_1_914' title='bbox 2885 5261 2951 5303; x_wconf 89' lang='lat' dir='ltr'><strong>ea</strong></span> <span class='ocrx_word' id='word_1_915' title='bbox 2974 5251 3275 5319; x_wconf 80' lang='lat' dir='ltr'><strong>praesertim</strong></span> <span class='ocrx_word' id='word_1_916' title='bbox 3294 5266 3414 5321; x_wconf 82' lang='lat' dir='ltr'><strong>quae</strong></span> <span class='ocrx_word' id='word_1_917' title='bbox 3441 5252 3624 5310; x_wconf 81' lang='lat' dir='ltr'><strong>Trini-</strong></span> 
     </span>
    </p>
   </div>
   <div class='ocr_carea' id='block_1_116' title="bbox 2033 5334 3620 5411">
    <p class='ocr_par' dir='ltr' id='par_1_116' title="bbox 2033 5334 3620 5411">
     <span class='ocr_line' id='line_1_116' title="bbox 2033 5334 3620 5411; baseline 0.006 -23"><span class='ocrx_word' id='word_1_918' title='bbox 2033 5334 2161 5389; x_wconf 86' lang='lat' dir='ltr'><strong>tatis</strong></span> <span class='ocrx_word' id='word_1_919' title='bbox 2183 5335 2447 5391; x_wconf 88' lang='lat' dir='ltr'><strong>unitatem</strong></span> <span class='ocrx_word' id='word_1_920' title='bbox 2473 5343 2530 5391; x_wconf 90' lang='lat' dir='ltr'><strong>et</strong></span> <span class='ocrx_word' id='word_1_921' title='bbox 2549 5336 2673 5392; x_wconf 78' lang='lat' dir='ltr'><strong>vita:</strong></span> <span class='ocrx_word' id='word_1_922' title='bbox 2686 5346 2905 5394; x_wconf 72' lang='lat' dir='ltr'><strong>aeternae</strong></span> <span class='ocrx_word' id='word_1_923' title='bbox 2932 5337 3244 5396; x_wconf 83' lang='lat' dir='ltr'><strong>felicitatem</strong></span> <span class='ocrx_word' id='word_1_924' title='bbox 3260 5340 3620 5411; x_wconf 87' lang='lat' dir='ltr'><strong>insinuarent,</strong></span> 
     </span>
    </p>
   </div>
   <div class='ocr_carea' id='block_1_117' title="bbox 2032 5425 3622 5497">
    <p class='ocr_par' dir='ltr' id='par_1_117' title="bbox 2032 5425 3622 5497">
     <span class='ocr_line' id='line_1_117' title="bbox 2032 5425 3622 5497; baseline 0.007 -17"><span class='ocrx_word' id='word_1_925' title='bbox 2032 5425 2343 5496; x_wconf 86' lang='lat' dir='ltr'><strong>diligentius</strong></span> <span class='ocrx_word' id='word_1_926' title='bbox 2367 5434 2423 5483; x_wconf 91' lang='lat' dir='ltr'><strong>et</strong></span> <span class='ocrx_word' id='word_1_927' title='bbox 2451 5427 2672 5484; x_wconf 90' lang='lat' dir='ltr'><strong>uberius</strong></span> <span class='ocrx_word' id='word_1_928' title='bbox 2703 5429 3154 5497; x_wconf 87' lang='lat' dir='ltr'><strong>conscribentem,</strong></span> <span class='ocrx_word' id='word_1_929' title='bbox 3181 5433 3240 5487; x_wconf 87' lang='lat' dir='ltr'><strong>in</strong></span> <span class='ocrx_word' id='word_1_930' title='bbox 3266 5434 3465 5490; x_wconf 88' lang='lat' dir='ltr'><strong>virtute</strong></span> <span class='ocrx_word' id='word_1_931' title='bbox 3492 5450 3622 5491; x_wconf 84' lang='lat' dir='ltr'><strong>eon-</strong></span> 
     </span>
    </p>
   </div>
   <div class='ocr_carea' id='block_1_118' title="bbox 2036 5517 3618 5588">
    <p class='ocr_par' dir='ltr' id='par_1_118' title="bbox 2036 5517 3618 5588">
     <span class='ocr_line' id='line_1_118' title="bbox 2036 5517 3618 5588; baseline 0.008 -16"><span class='ocrx_word' id='word_1_932' title='bbox 2036 5517 2350 5588; x_wconf 85' lang='lat' dir='ltr'><strong>templativa</strong></span> <span class='ocrx_word' id='word_1_933' title='bbox 2400 5520 2827 5578; x_wconf 83' lang='lat' dir='ltr'><strong>commendanda</strong></span> <span class='ocrx_word' id='word_1_934' title='bbox 2852 5562 2867 5588; x_wconf 97' lang='lat'><strong>,</strong></span> <span class='ocrx_word' id='word_1_935' title='bbox 2955 5538 3111 5579; x_wconf 89' lang='lat' dir='ltr'><strong>suam</strong></span> <span class='ocrx_word' id='word_1_936' title='bbox 3160 5525 3618 5584; x_wconf 85' lang='lat' dir='ltr'><strong>continuationem</strong></span> 
     </span>
    </p>
   </div>
   <div class='ocr_carea' id='block_1_119' title="bbox 2037 5608 3619 5687">
    <p class='ocr_par' dir='ltr' id='par_1_119' title="bbox 2037 5608 3619 5687">
     <span class='ocr_line' id='line_1_119' title="bbox 2037 5608 3619 5687; baseline 0.006 -23"><span class='ocrx_word' id='word_1_937' title='bbox 2037 5608 2192 5683; x_wconf 79' lang='lat' dir='ltr'><strong>[Ms.,</strong></span> <span class='ocrx_word' id='word_1_938' title='bbox 2243 5611 2624 5687; x_wconf 87' lang='lat' dir='ltr'><strong>intentionem]</strong></span> <span class='ocrx_word' id='word_1_939' title='bbox 2668 5620 2830 5684; x_wconf 91' lang='lat' dir='ltr'><strong>atque</strong></span> <span class='ocrx_word' id='word_1_940' title='bbox 2872 5614 3309 5685; x_wconf 71' lang='lat' dir='ltr'><strong>praedicationem</strong></span> <span class='ocrx_word' id='word_1_941' title='bbox 3354 5620 3619 5675; x_wconf 87' lang='lat' dir='ltr'><strong>tenuisse.</strong></span> 
     </span>
    </p>
   </div>
   <div class='ocr_carea' id='block_1_120' title="bbox 2036 5704 3615 5783">
    <p class='ocr_par' dir='ltr' id='par_1_120' title="bbox 2036 5704 3615 5783">
     <span class='ocr_line' id='line_1_120' title="bbox 2036 5704 3615 5783; baseline 0.002 -22"><span class='ocrx_word' id='word_1_942' title='bbox 2036 5706 2140 5762; x_wconf 85' lang='lat' dir='ltr'><strong>Istc</strong></span> <span class='ocrx_word' id='word_1_943' title='bbox 2163 5714 2247 5762; x_wconf 90' lang='lat' dir='ltr'><strong>est</strong></span> <span class='ocrx_word' id='word_1_944' title='bbox 2268 5705 2534 5778; x_wconf 88' lang='lat' dir='ltr'><strong>siquidem</strong></span> <span class='ocrx_word' id='word_1_945' title='bbox 2551 5704 2807 5775; x_wconf 82' lang='lat' dir='ltr'><strong>Joannes,</strong></span> <span class='ocrx_word' id='word_1_946' title='bbox 2840 5724 2980 5765; x_wconf 89' lang='lat' dir='ltr'><strong>unus</strong></span> <span class='ocrx_word' id='word_1_947' title='bbox 2997 5723 3063 5765; x_wconf 78' lang='lat' dir='ltr'><strong>ex</strong></span> <span class='ocrx_word' id='word_1_948' title='bbox 3086 5711 3362 5783; x_wconf 85' lang='lat' dir='ltr'><strong>discipulis</strong></span> <span class='ocrx_word' id='word_1_949' title='bbox 3391 5709 3615 5775; x_wconf 84' lang='lat' dir='ltr'><strong>Christi,</strong></span> 
     </span>
    </p>
   </div>
  </div>
