4020 6186
431 260 539 318 ἨΞ

1281 259 1341 313 Β.
1382 257 1445 312 F.
1488 253 1710 311 ALBINI
1752 252 1881 311 SEU
1924 252 2199 311 ALCUI'NI
2239 252 2522 308 OPERUM
2561 252 2740 306 PARS
2776 251 2839 307 ll.

3588 255 3691 309 7H

427 389 588 445 quem
622 372 877 428 Dominus
904 372 967 425 de
989 370 1266 440 fluctivaga
1318 372 1623 440 nuptiarum
1680 379 1999 440 tempestate
2024 376 2078 436 Α
2103 374 2283 428 tionis.
2305 371 2664 440 Quapropter;
2696 369 2877 423 forsan
2904 374 3392 438 lemperamentum
3420 371 3693 438 quoddam

428 466 693 535 virginem
736 461 963 516 vocavit.
1015 459 1180 529 Cujus
1225 461 1551 531 virginitatis
1582 463 1633 515 in
1666 463 1768 516 hoc
1812 461 2006 533 duplex

429 554 796 613 testimonium
819 553 872 607 in
903 552 1193 624 Evangelia
1221 553 1399 618 datur,
1441 554 1583 623 quod
1619 562 1676 608 et
1710 569 1823 624 pra:
1847 562 2009 608 aete-

429 647 504 701 ris
531 642 760 698 dilectus
795 657 827 696 a
855 642 967 698 Deo
988 643 1219 709 dicitur;
1262 651 1317 698 et
1341 644 1467 698 huic
1505 653 1733 698 matrem
1761 658 1914 699 suam
1945 643 2010 698 de

426 737 620 790 throno
643 733 823 789 crucis
851 735 1268 801 commendavit,
1296 735 1482 791 dicens
1510 734 1699 807 [Beda,
1739 749 2010 791 commen-

423 824 570 879 davit
598 822 762 896 Deus]
781 864 796 887 ,
830 831 891 877 ut
926 824 1192 895 virginem
1221 825 1373 896 virgo
1405 831 1669 879 servaret.
1699 823 1801 890 Qui
1823 824 2008 893 singu-

423 911 523 966 lari
561 912 843 983 privilegio
890 914 1087 967 meruit
1107 914 1407 978 castitatis,
1438 923 1501 968 ut
1528 915 1738 969 caeteris
1759 914 2012 968 omnibus

427 1003 816 1060 miraculorum
856 1003 1055 1058 Christi
1086 1005 1442 1076 scriptoribus
1469 1006 1633 1061 altius
1660 1006 1854 1061 divinae
1892 1022 2009 1061 ma-

416 1094 633 1162 jcstatis
653 1096 813 1151 simul
843 1104 1061 1166 caperet
1081 1112 1146 1151 ac
1161 1096 1490 1167 patefaceret
1514 1114 1793 1153 arcanum.
1825 1097 2011 1170 Neque

422 1188 568 1243 enim
598 1187 802 1243 frustra
824 1188 877 1242 in
907 1203 1062 1243 caena
1094 1189 1321 1258 mystica
1344 1204 1508 1259 supra
1536 1196 1726 1260 peetus
1752 1186 1880 1245 Jesu
1918 1205 2009 1247 re.-

422 1279 675 1335 cttbuisse
699 1278 1051 1347 perhibetur;
1090 1278 1185 1332 sed
1207 1294 1306 1347 per
1329 1280 1432 1334 hoc
1458 1279 1748 1335 verissime
1786 1280 2013 1335 docetur

419 1368 547 1438 quia
575 1367 812 1423 caelestis
842 1368 1096 1422 haustum
1126 1368 1403 1437 sapientiae
1423 1370 1634 1424 caeteris
1661 1369 2012 1426 excellentius

419 1460 487 1515 de
525 1459 869 1514 sanctissimo
923 1458 1163 1529 ejusdem
1213 1462 1450 1530 pectoris
1509 1460 1657 1517 fonte
1720 1463 2006 1533 putaverit.

418 1546 573 1603 Unde
605 1555 661 1603 et
700 1548 895 1603 merito
924 1550 976 1603 in
1007 1549 1178 1620 ﬁgura
1211 1559 1445 1619 quatuor
1471 1552 1789 1606 animalium
1818 1553 2010 1624 aquilze

418 1636 624 1693 volanti
674 1650 1061 1709 comparatur;
1100 1641 1310 1696 cunctis
1359 1642 1557 1713 quippe
1594 1643 1783 1698 avibus
1829 1644 2009 1713 aquila

2112 464 2253 517 inter
2276 477 2450 517 meam
2487 462 2822 532 negationem
2842 502 2856 523 ,
2901 470 3247 530 vestramque
3266 460 3585 530 petitionem
3615 462 3697 519 in-

2112 554 2295 607 venire
2321 567 2480 623 posse
2525 551 2680 608 video
2705 592 2719 616 ,
2767 567 2836 607 ne
2857 552 3080 607 omnino
3116 551 3200 606 vel
3243 551 3485 608 charitas
3511 561 3696 610 vestra

2110 644 2479 698 taciturnitate
2530 658 2652 698 mea
2700 650 3016 713 spernatur,
3048 641 3135 697 vel
3167 642 3446 698 temeritas
3471 657 3593 697 mea
3638 643 3698 700 in

2110 744 2306 793 vestrre
2351 736 2629 808 petitionis
2684 735 2945 806 obsequio
3005 734 3448 805 reprehendatur.
3508 733 3697 790 Solent

2112 843 2343 898 namque
2370 828 2565 884 medici
2588 844 2653 883 ex
2680 828 2970 882 multorum
2993 827 3277 897 speciebus
3292 826 3693 897 pigmentorum

2113 918 2166 972 in
2197 917 2427 973 salutem
2458 918 2732 988 poscentis
2756 917 3025 987 quoddam
3055 917 3436 972 medicamenti
3475 930 3694 988 compo-

2113 1024 2242 1063 nere
2270 1024 2440 1080 genus
2461 1049 2476 1074 ,
2513 1024 2613 1064 nec
2641 1010 2847 1078 seipsos
2878 1007 3034 1062 fateri
3060 1014 3392 1078 praesumunt
3417 1015 3696 1061 creatures

2114 1098 2403 1153 herbarum
2433 1097 2518 1153 vel
2545 1097 2772 1152 aliarum
2795 1096 3098 1167 specierum
3129 1112 3197 1151 ex
3227 1110 3454 1166 quarum
3476 1110 3699 1167 compo-

2112 1190 2307 1245 sitione
2357 1190 2504 1245 salus
2555 1188 2785 1245 efﬁcitur
2837 1189 3242 1259 aegrotantium,
3283 1189 3378 1244 sed
3415 1188 3698 1244 ministros

2111 1293 2231 1336 esse
2273 1280 2328 1335 in
2365 1280 2663 1351 colligendo
2714 1287 2770 1334 et
2818 1280 2873 1333 in
2929 1293 3096 1333 unum
3133 1278 3492 1349 pigmentaria
3528 1293 3696 1333 manu

2112 1369 2443 1425 conficiendo
2466 1384 2663 1440 corpus
2695 1388 2707 1423 ε
2736 1369 2815 1425 sic
2835 1370 3020 1434 etiam,
3047 1370 3091 1423 si
3117 1366 3343 1424 forsitan
3371 1382 3505 1422 mea:
3525 1367 3694 1423 devo-

2113 1462 2275 1517 tionis
2320 1461 2472 1516 labor
2505 1460 2709 1531 aliquid
2737 1468 2931 1516 vestrae
2959 1460 3210 1515 charitati
3239 1458 3503 1529 proﬁcere
3526 1459 3694 1514 valet.

2112 1549 2223 1605 Nec
2249 1565 2317 1605 ex
2340 1551 2579 1620 quolibet
2604 1560 2844 1620 paterna:
2861 1551 3223 1622 possessionis
3259 1559 3419 1620 prato
3444 1550 3580 1605 mihi
3599 1548 3699 1606 ﬁo-

2115 1655 2203 1695 res
2236 1640 2564 1711 colligendos
2588 1656 2709 1697 esse
2733 1657 2949 1707 censeo,
2997 1642 3092 1696 sed
3120 1641 3410 1696 multorum
3440 1641 3691 1706 Patrum,

414 1728 614 1785 celsius
633 1730 835 1797 volare,
868 1732 1079 1788 cunctis
1106 1733 1473 1789 animantibus
1517 1734 1719 1790 clarius
1744 1734 1876 1790 solis
1914 1751 2007 1790 ra-
2037 1743 2087 1805 Β
2112 1732 2301 1787 humili
2325 1732 2507 1797 corde,
2529 1747 2697 1802 prona
2719 1733 2958 1797 cervice,
2992 1731 3179 1786 ﬂorida
3208 1748 3333 1786 rura
3355 1731 3697 1802 peragranda

414 1820 524 1878 diis
558 1822 783 1896 inﬁgere
814 1826 1095 1880 consuevit
1144 1826 1385 1883 obtutus.
1430 1827 1508 1883 Ita
1554 1828 1746 1883 beatus
1771 1827 2009 1885 Joannes

415 1913 701 1970 sublimius
750 1923 969 1971 retenta:
1018 1917 1322 1974 nativitatis
1362 1918 1565 1975 Christi
1593 1920 1852 1990 mysteria
1881 1915 2029 1975 con-'

415 2003 612 2074 spexit.
644 2004 753 2059 Iste
796 2006 947 2075 prior
979 2004 1186 2078 [Petro]
1220 2008 1592 2065 laborantibus
1625 2010 1679 2064 in
1710 2010 2009 2080 piscatione

416 2095 717 2166 discipulis,
746 2096 1022 2151 Christum
1066 2099 1117 2153 in
1171 2099 1353 2155 littore
1407 2108 1662 2169 stantem,
1693 2110 1913 2172 reteque
1951 2101 2007 2156 in

417 2185 698 2241 dexteram
739 2188 939 2257 navigii
988 2188 1204 2243 mittere
1242 2188 1523 2257 jubentem
1552 2193 1787 2264 agnovit,
1822 2193 2007 2249 dicens

412 2272 575 2332 Petro
602 2292 617 2330 :
648 2275 905 2331 Dominus
943 2287 1040 2332 est.
1069 2279 1174 2333 Iste
1197 2288 1281 2335 est
1310 2297 1450 2336 unus
1483 2283 1550 2337 de
1573 2283 1681 2339 illis
1715 2284 1783 2338 de
1808 2285 2005 2354 quibus

415 2368 683 2440 Propheta
705 2370 957 2439 praedixit
991 2388 1004 2423 :
1034 2369 1162 2425 ϐα»ιὶ
1182 2384 1433 2428 enarrant
1456 2374 1683 2445 gloriam
1704 2375 1803 2430 Dei
1826 2375 1999 2448 (Psal.

412 2471 570 2523 xvtu,
598 2458 671 2530 l).
709 2459 859 2514 Unde
885 2460 1026 2515 ﬁlius
1055 2462 1280 2515 tonitrui
1321 2463 1389 2517 ab
1416 2463 1531 2532 ipso
1561 2465 1789 2518 Domino
1815 2466 2001 2536 appel-

411 2550 558 2604 latur
579 2589 596 2615 ,
627 2550 755 2619 quia
814 2551 919 2606 hoc
957 2552 1204 2607 mirabile
1229 2561 1284 2607 et
1314 2554 1565 2609 omnibus
1591 2554 1808 2610 sacculis
1836 2555 2004 2629 464

413 2641 715 2696 inauditum
736 2681 751 2707 ,
782 2658 848 2698 ex
899 2643 1106 2699 caelesti
1134 2644 1383 2700 claritate
1413 2646 1645 2701 intonuit
1676 2649 2001 2717 prooemium

410 2733 597 2787 dicens
636 2750 650 2786 :
697 2732 766 2786 In
798 2734 1054 2805 principio
1100 2746 1211 2789 erat
1250 2734 1509 2803 Verbum,
1548 2746 1597 2792 et
1635 2736 1861 2793 Verbum
1888 2749 2001 2793 erat

409 2823 554 2893 apud
584 2823 773 2890 Deum,
801 2833 848 2878 et
877 2824 1018 2879 Deus
1048 2834 1160 2879 erat
1205 2824 1425 2880 Verbum
1457 2827 1639 2900 (Joan.
1678 2846 1734 2893 ι,
1768 2829 1841 2901 1).
1872 2829 2003 2897 Qum

409 2914 578 2969 verba
617 2929 832 2985 semper
871 2924 998 2969 sunt
1023 2930 1158 2985 pura
1189 2916 1293 2970 fide
1321 2920 1626 2975 veneranda
1650 2935 1716 2975 ac
1739 2928 1999 2991 perpetua

409 3004 670 3076 religione
693 3003 935 3067 colenda,
965 3019 1071 3058 non
1101 3006 1350 3062 humana:
1374 3010 1698 3080 conjectura:
1719 3008 1999 3063 ratiuncu-

2114 1822 2247 1877 mihi
2275 1835 2395 1877 esse
2414 1822 2604 1889 video,
2642 1830 2703 1876 ut
2736 1822 2852 1878 sine
2886 1821 3125 1891 periculo
3150 1821 3382 1876 nominis
3405 1821 3511 1875 mei
3533 1820 3699 1876 satis-

2112 1915 2307 1970 faciam
2330 1915 2687 1971 sanctissima:
2723 1914 2981 1969 voluntati
3018 1922 3228 1969 vestrae.
3260 1913 3549 1983 Primoque
3570 1927 3697 1968 om-

2109 2010 2260 2063 nium
2280 2007 2453 2063 sancti
2480 2005 2765 2077 Augustini
2793 2004 3044 2075 suffragia
3084 2018 3354 2074 quaerens,
3386 2003 3480 2073 qui
3501 2001 3696 2071 majori

2108 2099 2288 2157 studio
2325 2099 2485 2169 hujus
2518 2097 2689 2152 sancti
2722 2096 2994 2166 Evangelii
3019 2107 3290 2164 exponere
3313 2093 3466 2149 nisus
3489 2102 3575 2147 est
3607 2107 3696 2146 sa-

2107 2189 2414 2245 cratissima
2435 2188 2617 2242 verba.
2648 2187 2848 2241 Deinde
2875 2201 2942 2240 ex
2964 2184 3236 2255 Opusculis
3262 2183 3433 2239 sancti
3461 2183 3696 2238 Ambro-

2106 2281 2174 2336 sii
2202 2278 2530 2336 sanctissimi
2569 2277 2806 2333 doctoris
2847 2276 3027 2346 aliqua
3077 2276 3336 2340 trahens;
3387 2287 3598 2330 necnon
3627 2289 3694 2328 ex

2106 2368 2347 2424 homiliis
2373 2366 2629 2438 prmcipui
2648 2365 2829 2420 Patris
2845 2364 3091 2435 Gregorii
3118 2379 3287 2435 papae,
3320 2363 3404 2418 vel
3432 2379 3498 2418 ex
3526 2363 3697 2418 bomi~

2104 2464 2195 2518 liis
2234 2462 2379 2518 beati
2424 2461 2585 2517 Beda:
2609 2459 2953 2532 presbyteri,
3000 2458 3166 2515 multa
3203 2471 3513 2523 assumens,
3561 2455 3695 2511 alio-

2105 2569 2336 2625 rumque
2382 2562 2693 2609 sanctorum
2741 2553 2962 2607 Patrum
2992 2593 3007 2618 ,
3053 2553 3192 2607 sicut
3246 2550 3486 2605 invenire
3518 2549 3690 2620 potui,

2104 2645 2577 2716 interpretationes
2616 2645 2771 2714 posui
2802 2662 2815 2697 :
2864 2644 3038 2715 magis
3079 2644 3269 2698 horum
3299 2642 3538 2697 omnium
3570 2656 3693 2697 sen-

2112 2737 2264 2793 sibus
2290 2753 2353 2791 ac
2380 2737 2564 2791 verbis
2588 2744 2782 2801 utens,
2832 2751 2993 2806 quam
3038 2749 3170 2791 mea:
3218 2735 3508 2805 quidquam
3557 2749 3693 2803 pra:-

2104 2826 2396 2899 sumptioni
2421 2827 2788 2892 committens,
2845 2826 3012 2879 veluti
3064 2825 3354 2894 legentium
3404 2824 3691 2879 curiositas

2105 2917 2263 2975 facile
2289 2918 2526 2989 probare
2555 2917 2755 2987 poterit
2797 2935 2809 2969 :
2853 2915 3167 2971 cautissimo
3207 2915 3366 2985 plane
3388 2914 3529 2986 stylo
3555 2930 3692 2985 pra).

2104 3009 2322 3073 videns,
2363 3007 2541 3062 divina
2565 3006 2863 3076 opitulante
2889 3005 3083 3076 gratia,
3117 3020 3185 3059 ne
3205 3004 3330 3073 quid
3355 3003 3687 3062 contrarium

412 3095 480 3150 iis
516 3096 745 3150 nimium
784 3094 1150 3161 discutienda,
1180 3114 1300 3168 quas
1339 3101 1393 3155 in
1442 3100 1715 3172 plerisque
1768 3100 1994 3167 fallitur,
2024 3089 2071 3153 C
2102 3107 2413 3153 sanctorum
2439 3096 2659 3151 Patrum
2686 3096 2933 3152 sensibus
2954 3110 3231 3167 ponerem.
3256 3095 3420 3166 igitur
3444 3102 3501 3149 et
3527 3108 3691 3149 omne

406 3187 536 3242 dum
567 3200 626 3240 se
650 3193 804 3255 putat
853 3201 1147 3258 agnoscere
1175 3207 1296 3261 qua:
1342 3191 1564 3246 humani
1607 3209 1801 3249 sensus
1839 3209 1999 3249 exce-
2098 3205 2233 3261 opus
2261 3188 2557 3245 secundum
2587 3189 2824 3258 capitula
2854 3188 3095 3258 ejusdem
3126 3186 3392 3256 Evangelii
3423 3184 3687 3250 distinxi,

413 3277 548 3331 dunt
575 3275 992 3345 ind.:gationem.
1038 3280 1239 3334 Tamen
1266 3282 1527 3350 quidquid
1552 3283 1677 3337 inde
1706 3285 1792 3353 pia
1819 3283 1998 3339 chari-

412 3378 499 3423 tas
525 3377 581 3423 et
613 3368 832 3424 humilis
853 3370 1133 3439 inquisitio
1160 3371 1461 3441 intelligere
1489 3374 1698 3442 potuit,
1739 3374 1793 3427 in
1815 3388 1999 3428 sacra-

414 3458 640 3514 tissimis
683 3467 995 3515 sanctorum
1038 3460 1258 3516 Patrum
1304 3461 1539 3531 scriptis,
1594 3461 1720 3517 licet
1744 3463 1998 3533 sparsim,

412 3551 556 3606 dicta
585 3552 933 3607 inveniuntur
982 3567 997 3607 :
1053 3553 1193 3608 sicut
1241 3554 1407 3609 etiam
1436 3562 1491 3608 et
1527 3554 1579 3608 in
1611 3561 1723 3610 toto
1757 3552 1997 3623 ejusdem

411 3640 688 3714 Evangelii
714 3652 883 3710 textu,
931 3644 1162 3714 plurima
1190 3662 1221 3700 a
1249 3646 1531 3702 catholicis
1582 3646 1896 3704 doctoribus
1925 3650 1999 3705 le-

410 3740 611 3802 guntur
632 3735 899 3803 exposita,
928 3750 1026 3804 pro
1048 3738 1449 3806 opportunitate
1475 3737 1577 3793 loci
1607 3739 1688 3794 vel
1716 3742 1996 3810 temporis,

410 3820 496 3875 vel
525 3822 933 3880 conﬁrmatione
961 3827 1276 3883 orthodoxae
1310 3828 1434 3884 fidei
1459 3870 1474 3894 ,
1528 3845 1627 3885 nec
1655 3845 1761 3885 non
1807 3842 1996 3887 contra

412 3910 699 3968 iuercticas
721 3915 1016 3984 pravitates
1035 3958 1049 3983 ,
1074 3917 1126 3971 in
1149 3917 1460 3975 defensione
1488 3920 1795 3989 apostolicm
1827 3923 1996 3977 tradi-

2100 3296 2164 3335 ac
2195 3281 2296 3335 sub
2323 3294 2549 3334 numero
2596 3287 2801 3349 septem
2857 3278 3118 3332 librorum
3148 3275 3525 3332 consummavi.
3578 3275 3691 3344 Op-

2101 3380 2347 3434 tansvos,
2374 3368 2704 3440 septiformis
2721 3367 2955 3437 Spiritus
2976 3366 3149 3437 gratia
3163 3365 3457 3435 inspirante
3467 3372 3689 3433 pectora

2101 3469 2281 3514 vestra
2308 3500 2323 3524 ,
2352 3459 2519 3514 variis
2548 3458 2601 3511 in
2628 3457 2872 3513 Ecclesia
2899 3456 3102 3511 Christi
3134 3454 3326 3510 ﬂorere
3352 3454 3583 3519 deliciis,
3631 3463 3688 3509 et

2106 3551 2382 3606 ambulare
2421 3550 2662 3621 quotidie
2691 3564 2813 3604 cum
2843 3548 3045 3604 sanctis
3096 3548 3160 3602 de
3191 3547 3389 3601 virtute
3418 3546 3472 3600 in
3517 3545 3688 3599 virtu-

2106 3655 2235 3712 tem,
2259 3646 2431 3701 donec
2452 3644 2696 3699 videatur
2728 3644 2869 3698 Deus
2893 3642 3117 3697 deorum
3156 3642 3208 3695 in
3257 3639 3408 3703 Sion,
3451 3638 3541 3693 ubi
3567 3652 3688 3708 per—

2102 3748 2265 3809 petua
2293 3738 2578 3793 dulcedine
2632 3737 2775 3791 inter
2826 3736 3021 3790 choros
3069 3733 3368 3789 cmlestium
3412 3733 3685 3804 agminum

2102 3830 2319 3895 dicatis,
2350 3829 2502 3883 Beati
2526 3830 2616 3899 qui
2661 3828 2895 3883 habitant
2932 3828 2988 3882 in
3019 3827 3174 3881 domo
3216 3835 3330 3891 tua,
3362 3824 3603 3887 Domine,
3631 3825 3688 3877 in

2103 3921 2353 3976 strettlum
2391 3919 2570 3974 surculi
2604 3918 2894 3973 laudabunt
2931 3929 2997 3973 te.
3039 3919 3223 3974 Amen.

694 4164 854 4237 46⁷
906 4181 1879 4258 COMMENTARIORUM
1940 4185 2048 4261 IN
2107 4185 2584 4266 JOANNEM
2644 4190 2942 4265 LIBER
3004 4192 3408 4270 PRIMUS.

923 4453 1152 4512 CAPUT
1191 4456 1477 4513 PRIMUM.

412 4563 478 4624 In
499 4568 763 4640 principio
787 4577 898 4640 erat
938 4564 1166 4640 Verbum,
1188 4569 1329 4637 apud
1351 4568 1542 4634 Deum,
1560 4586 1651 4640 per
1669 4586 1823 4639 quem
1853 4569 1995 4638 [aria

480 4647 600 4710 sunt
623 4636 819 4710 omnia.
840 4637 1075 4710 Joannes
1100 4636 1289 4710 missus
1315 4649 1390 4693 est
1416 4650 1536 4694 ante
1560 4636 1712 4703 cum,
1739 4640 1830 4710 qui
1854 4636 1995 4693 reci-

481 4708 681 4779 pientes
702 4724 757 4762 se
777 4707 904 4778 facit
932 4704 1069 4775 ﬁlios
1093 4707 1191 4762 Dei
1225 4725 1319 4778 per
1343 4711 1588 4778 gratiam.

485 4819 648 4875 Vens.
688 4821 738 4873 l.
761 4850 831 4861 —
876 4819 943 4874 In
980 4822 1237 4892 principio
1266 4832 1377 4876 erat
1415 4821 1658 4887 Verbum,
1688 4832 1735 4876 ct
1780 4820 1997 4876 Verbum

409 4919 522 4963 erat
557 4910 699 4980 apud
730 4909 932 4974 Deum,
986 4920 1034 4963 et
1087 4911 1228 4965 Deus
1283 4921 1394 4966 erat
1434 4911 1657 4966 Verbum
1681 4924 1729 4964 ει.
1768 4930 1784 4961 ι
1816 4910 1999 4981 Neque

408 4998 553 5053 enim
589 4998 789 5055 frustra
820 5001 1010 5054 beatus
1031 4998 1264 5055 Joannes
1288 5041 1303 5065 ,
1332 5002 1558 5057 dilectus
1584 5001 1795 5055 Domini
1831 5001 1994 5058 disci-

410 5089 589 5158 pulus,
617 5091 673 5146 in
703 5106 859 5148 coma
889 5106 1051 5160 supra
1077 5100 1267 5160 pectus
1313 5090 1439 5148 Jesu
1467 5093 1780 5148 recubuisse
1819 5094 1996 5163 perhi-

411 5180 588 5237 betur.
630 5183 737 5240 Sed
766 5200 863 5254 per
907 5185 1009 5239 hoc
1065 5185 1243 5257 typice
1271 5186 1531 5251 docetur,
1584 5186 1710 5256 quia
1758 5186 1995 5243 cmlestis

413 5269 663 5329 haustum
692 5276 968 5345 sapientia:
1015 5278 1228 5333 caeteris
1272 5278 1541 5333 excelsius
1572 5277 1760 5351 [Beda,
1810 5279 1991 5334 excel-

411 5361 630 5434 lentius]
657 5369 723 5423 de
742 5370 1085 5425 sanctissimo
1103 5366 1341 5439 ejusdem
1388 5373 1626 5441 pectoris
1666 5371 1811 5427 fonte
1835 5381 1991 5441 pota-

410 5453 568 5508 verit.
602 5455 754 5513 Unde
785 5474 853 5513 ex
898 5458 1051 5534 [Μεη
1106 5460 1181 5533 et]
1220 5464 1412 5517 merito
1450 5463 1503 5517 in
1550 5464 1716 5535 ﬁgura
1769 5471 1999 5533 quatuor

485 5585 615 5639 nEx
667 5587 887 5645 homilia
941 5594 1075 5646 Ven.
1119 5592 1275 5647 Beduc
1326 5595 1377 5647 in
1428 5595 1604 5649 Natali
1661 5596 1893 5653 Domini.
1928 5626 1996 5634 —

409 5655 584 5713 Non.
620 5654 769 5707 Dicta
798 5657 911 5709 Ven
979 5660 1156 5722 Beda‘,
1206 5662 1454 5714 similiter
1478 5674 1531 5715 ct
1562 5665 1660 5716 SS.
1711 5665 1991 5733 Augustini

2027 4456 2413 4519 Danimalium
2462 4459 2657 4529 aquiltc
2717 4460 2915 4516 volanti
2971 4473 3319 4534 comparatur
3351 4466 3568 4537 (Ezeclt.
3618 4467 3689 4534 ι).

2097 4545 2319 4601 Cunctis
2343 4548 2540 4617 quippe
2567 4550 2757 4606 avibus
2794 4552 2972 4621 aquila
3001 4555 3197 4610 celsius
3233 4557 3433 4622 volare,
3474 4564 3684 4615 cunctis

2099 4638 2463 4696 animantibus
2510 4642 2710 4697 clarius
2743 4644 2872 4699 solis
2925 4646 3091 4702 radiis
3139 4647 3360 4720 inﬁgere
3404 4654 3683 4707 consuevit

2100 4730 2340 4786 obtutus.
2375 4731 2441 4786 Et
2465 4733 2647 4787 caeteri
2672 4735 3014 4806 evangelistze
3038 4738 3193 4807 quasi
3220 4740 3275 4794 in
3315 4749 3459 4795 terra
3490 4742 3681 4797 ambu-

2104 4821 2214 4876 lant
2241 4837 2364 4877 cum
2395 4823 2643 4888 Domino,
2668 4826 2793 4894 qui,
2831 4829 3178 4897 temporalem
3208 4828 3326 4899 ejus
3381 4834 3686 4902 generatio-

2102 4928 2224 4967 nem
2260 4914 2463 4982 pariter
2515 4926 2570 4969 et
2602 4917 2916 4985 temporalia
2957 4916 3100 4974 facta
3149 4920 3483 4977 sufﬁcienter
3516 4938 3670 4993 expo-

2105 5012 2313 5068 nentes,
2330 5019 2498 5074 pauca
2524 5005 2589 5059 de
2613 5004 2896 5061 divinitate
2921 5007 3190 5062 dixerunt.
3211 5008 3309 5063 Hic
3325 5018 3504 5065 autem
3531 5013 3686 5080 quasi

2103 5094 2169 5149 ad
2194 5094 2391 5149 cmlum
2419 5095 2563 5150 volat
2588 5111 2709 5150 cum
2742 5097 2987 5164 Domino,
3026 5099 3137 5167 qui,
3166 5114 3432 5169 perpauca
3463 5103 3528 5156 de
3552 5109 3686 5155 tem-

2103 5189 2375 5258 poralibus
2398 5188 2512 5257 ejus
2560 5189 2697 5244 actis
2722 5188 3048 5256 edisserens,
3076 5198 3335 5246 :cternam
3383 5192 3685 5248 divinitatis

2101 5279 2217 5348 ejus
2260 5281 2555 5350 potentiam
2575 5318 2589 5344 ,
2640 5295 2738 5349 per
2765 5297 2923 5350 quem
2950 5280 3101 5353 Ulla,
3130 5280 3315 5354 quam]
3339 5284 3520 5338 omnia
3546 5282 3684 5338 facta

2104 5380 2248 5436 sunt,
2271 5372 2554 5426 sublimius
2599 5381 2780 5426 mente
2804 5374 3033 5429 volando
3075 5383 3131 5429 et
3178 5374 3451 5445 limpidius
3495 5391 3690 5446 specu-

2103 5466 2261 5520 lando
2290 5464 2539 5533 cognovit
2567 5505 2580 5528 ,
2630 5480 2694 5521 ac
2721 5467 2879 5521 nobis
2929 5469 3357 5537 cognoscendam
3399 5467 3688 5524 scribendo

2102 5604 2156 5649 ct
2184 5594 2459 5669 Gregorii,
2482 5594 2607 5652 dum
2631 5600 2891 5669 incipiunt
2918 5609 2972 5654 et
2994 5601 3271 5663 liniuntur,
3300 5600 3480 5655 notavi
3507 5600 3560 5655 in
3584 5599 3685 5653 hoc

2100 5680 2261 5733 opere
2288 5667 2389 5719 hoc
2421 5667 2573 5736 signo
2607 5687 2624 5718 ι
2646 5690 2686 5721 ι.
