4020 6186
302 344 413 415 Ἵιὲί

1117 348 1522 414 “summa.
1565 389 1633 397 -ο
1670 334 2020 413 commit.
2062 360 2128 415 1N
2164 359 2353 418 JOAN.
2387 396 2458 407 --
2492 360 2619 421 Lm.
2662 359 2701 421 t.

3430 365 3534 424 τις

297 466 642 556 contradidit.
670 463 810 541 Ergo
845 468 932 524 alii
974 466 1311 556 evangelista
1335 468 1609 526 Christum
1641 484 1707 525 ex
1730 476 1867 526 tem-
1896 476 1941 533 Α
1969 458 2181 542 quando
2202 482 2256 556 et
2287 475 2461 546 qualis
2497 487 2774 533 crearetur
2794 521 2810 546 ,
2860 494 3074 552 semper
3112 458 3275 539 fuisse
3315 436 3557 556 disposi:

295 554 637 638 summm
682 560 1012 624 describunt,
1043 552 1280 629 Joannes
1300 565 1547 619 eumdem
1574 560 1628 618 in
1657 558 1885 634 princiA

295 656 385 728 pio
409 653 520 724 iam
551 652 717 708 fuisSe
742 654 969 708 testatur
997 646 1208 708 discens
1242 667 1258 707 τ
1307 672 1325 705 ι
1534 666 1539 669 ·

366 742 396 790 a
435 744 502 801 In
537 744 793 815 principio
840 746 955 797 erat
1008 731 1253 797 Verbum.
1281 734 1433 810 Quod
1455 743 1661 799 duobus
1690 738 1863 800 modis

296 829 630 908 intelligitur.
660 835 795 890 Nam
830 825 1000 889 Pater
1020 826 1341 905 principium
1377 841 1476 897 est,
1509 835 1663 904 quasi
1696 834 1864 890 dixis-

293 928 378 986 set
404 942 419 985 ξ
448 929 514 984 In
547 924 725 983 Patre.
751 926 810 982 In
848 920 1012 982 Patre
1047 936 1130 983 eSt
1160 922 1331 983 Filius
1352 969 1367 991 ,
1424 938 1581 998 quem
1627 927 1860 983 Verbum

295 1019 595 1075 nominavit
623 1017 727 1073 iste
769 1010 1116 1089 evangelista.
1174 1017 1284 1073 Nec
1323 1028 1421 1073 nos
1448 1027 1663 1074 movere
1704 1019 1862 1073 debet

292 1102 436 1181 quod
465 1109 520 1164 in
541 1106 892 1178 sequentibus
909 1104 1067 1175 huius
1086 1098 1384 1178 Evangelii,
1415 1099 1612 1163 Judmis
1629 1099 1860 1164 interro-
1886 1118 1889 1121 '

294 1198 545 1271 gantih’us
568 1197 690 1266 quis
736 1203 878 1250 esset
902 1194 1015 1265 ipse
1041 1190 1182 1251 Deus
1204 1238 1219 1260 ,
1255 1196 1351 1253 Dei
1372 1192 1540 1253 Filius
1568 1197 1733 1271 468
1772 1212 1858 1252 re-

288 1288 526 1359 spondit,
566 1280 912 1357 Principium,
941 1282 1030 1358 qui
1069 1298 1119 1342 et
1162 1288 1348 1360 loquor
1373 1290 1511 1345 vobis
1535 1286 1714 1360 (Joan.
1738 1304 1856 1357 Vm,

290 1378 405 1450 25).
435 1377 494 1434 Si
518 1378 659 1435 enim
688 1379 855 1435 Filius
901 1380 1221 1450 principium
1247 1390 1329 1436 est
1364 1381 1494 1453 [Al.,
1526 1376 1585 1437 Si
1603 1383 1748 1437 enim
1775 1380 1862 1438 Fi-

289 1464 396 1525 lius
431 1476 716 1542 generatus
758 1481 866 1525 non
923 1479 1067 1526 esset
1088 1474 1131 1526 'a‘
1160 1463 1371 1544 Patre],
1424 1466 1515 1543 qui
1557 1473 1719 1528 habet
1757 1468 1860 1528 Pa-

295 1566 464 1624 t‘rem,
516 1566 715 1632 quanto
745 1556 957 1616 facilius
980 1558 1123 1615 Deus
1164 1552 1327 1616 Pater
1370 1555 1752 1634 intelligendus
1778 1550 1893 1618 est—

290 1662 411 1704 esse
435 1647 779 1718 principium,
807 1649 896 1721 qui
918 1649 1079 1705 habet
1100 1651 1314 1720 quidem
1338 1644 1552 1716 Filium,
1585 1650 1670 1708 cui
1700 1651 1861 1707 Pater

291 1738 396 1802 sit;
435 1736 603 1793 Filius
628 1739 794 1804 enim,
821 1734 999 1794 Patris
1026 1749 1108 1794 est
1132 1735 1326 1806 Filius;
1385 1750 1438 1797 et
1473 1741 1633 1796 Pater
1677 1743 1859 1813 utique

1964 568 2099 627 tum,
2121 570 2174 617 et
2196 554 2298 620 hoc
2317 573 2401 620 est
2422 567 2561 636 quod
2592 569 2667 623 ait
2693 587 2705 623 :

2032 648 2195 707 Vens.
2220 652 2273 706 4.
2313 685 2384 695 -
2413 654 2564 721 Quod
2593 656 2789 727 factum
2817 669 2910 725 est,
2932 661 2987 716 in
3014 662 3124 734 ipso
3159 665 3264 720 vita
3298 676 3432 722 erat.
3480 658 3537 725 id

1962 746 2065 802 est,
2092 740 2234 809 quod
2268 736 2472 797 fa‘c'um
2495 743 2547 798 in
2583 753 2842 815 tempore,
2868 748 2980 804 sive
3004 750 3183 806 vivum
3213 793 3228 818 ,
3267 753 3380 809 sive
3423 754 3536 812 vita

1962 826 2155 883 carens
2179 832 2445 900 apparuit,
2472 842 2631 889 onme
2667 832 2771 891 hoc
2818 838 2870 892 in
2918 840 3147 908 spiritali
3198 841 3418 900 factoris
3448 862 3535 901 ra-

1961 919 2107 975 tione
2129 921 2280 990 quasi
2331 936 2542 993 semper
2571 925 2809 990 vixerat,
2853 934 2905 981 et
2925 921 3088 992 vivit;
3138 946 3243 984 non
3292 934 3414 1003 quia
3447 950 3540 990 co-

1961 1010 2222 1069 :eternum
2249 1023 2331 1069 est
2358 1013 2599 1070 Creatori
2625 1019 2765 1087 quod
2791 1019 3011 1084 creavit,
3039 1022 3132 1075 sed
3161 1022 3287 1090 quia
3316 1031 3538 1080 coaeter-

1958 1115 2030 1161 na
2054 1115 2135 1162 est
2165 1104 2237 1162 illi
2268 1106 2406 1161 ratio
2433 1107 2722 1163 voluntatis
2747 1123 2877 1172 sum,
2910 1110 2961 1163 in
2993 1126 3098 1180 qua
3128 1113 3195 1166 ab
3220 1122 3421 1169 mtemo
3443 1110 3538 1169 lia-

1960 1196 2077 1252 buit
2106 1207 2160 1253 et
2183 1200 2343 1254 habet
2371 1196 2496 1270 quid
2518 1206 2569 1254 et
2599 1201 2811 1271 quando
2846 1203 3052 1257 creavit
3083 1197 3237 1276 [Ms.,
3270 1202 3498 1275 crearet]
3521 1248 3536 1270 ,

1961 1288 2193 1359 qualiter
2213 1298 2453 1344 creatum
2491 1290 2771 1360 gubernet,
2801 1298 2861 1346 ut
2893 1300 3140 1361 maneat;
3174 1294 3240 1349 ad
3274 1309 3436 1364 quem
3477 1294 3541 1351 ﬁ-

1960 1390 2083 1434 nem
2107 1379 2313 1450 singula
2343 1392 2461 1449 qua:
2491 1379 2693 1436 creavit
2720 1382 2998 1452 perducat.
3036 1403 3055 1435 ›
3100 1383 3222 1439 Ideo
3249 1385 3322 1439 ita
3348 1382 3541 1440 distiné

1962 1473 2227 1541 guendum
2261 1479 2316 1526 et
2347 1472 2784 1529 subin'ferendum
2811 1480 2911 1540 est,
2936 1474 3090 1544 quasi
3121 1474 3221 1531 alia
3247 1492 3379 1531 voce
3404 1517 3418 1542 ,
3468 1474 3535 1531 In

1959 1561 2071 1632 ipso
2095 1558 2201 1616 vita
2235 1571 2367 1616 erat.
2399 1561 2535 1629 Quia
2574 1563 2833 1633 quidquid
2870 1570 2969 1634 per
3002 1564 3177 1635 ipsum
3206 1564 3405 1619 factum
3428 1572 3532 1628 est,

1959 1653 2123 1707 etiam
2148 1660 2203 1707 et
2225 1651 2281 1709 in
2309 1652 2425 1723 ipso
2452 1650 2603 1708 vivit.
2631 1652 2788 1710 Sicut
2808 1668 2898 1710 ars
2925 1654 2979 1709 in
3005 1655 3184 1710 animo
3208 1654 3431 1710 artiﬁcis
3456 1655 3537 1708 vi-

1960 1742 2058 1808 vit,
2075 1740 2202 1798 licet
2224 1756 2348 1798 arca
2362 1743 2446 1799 vel
2461 1742 2603 1798 aliud
2629 1743 2831 1813 aliquid
2855 1746 2922 1799 ab
2945 1743 3061 1814 ipso
3084 1742 3303 1808 factum,
3323 1752 3530 1814 pereat.

290 1822 410 1883 Fiiii
431 1827 592 1883 Pater
619 1837 721 1893 εει,
753 1835 808 1884 et
826 1826 991 1884 Pater
1016 1830 1174 1896 Deus,
1202 1830 1298 1886 sed
1323 1844 1429 1887 non
1464 1830 1528 1888 de
1550 1833 1658 1888 Deo
1682 1830 1851 1898 Deus;
1885 1839 1933 1900 Β
1954 1832 2253 1905 Sequitur:
2291 1853 2310 1886 ι
2345 1832 2414 1889 Et
2464 1834 2570 1890 vita
2591 1843 2703 1890 erat
2761 1834 2852 1889 lux
2878 1836 3164 1890 hominum.
3198 1832 3314 1904 Quo
3369 1833 3534 1892 verbo

289 1916 640 1979 Filius‘verus
673 1919 830 1994 [Ms.,
856 1922 1026 1979 Filius
1069 1923 1221 1997 vero]
1250 1924 1391 1981 Deus
1416 1925 1479 1980 de
1521 1923 1632 1981 Deo
1654 1935 1756 1980 est.
1791 1925 1859 1981 Et

291 2011 452 2067 Pater
477 2011 675 2067 dicitur
723 2011 901 2068 lumen
934 2051 949 2076 ,
1000 2013 1093 2068 sed
1129 2028 1237 2069 non
1280 2013 1347 2069 de
1389 2013 1632 2069 lumine:
1689 2008 1858 2072 Filius

291 2100 491 2157 dicitur
528 2100 710 2156 lumen
739 2142 755 2167 ,
802 2103 896 2157 sed
941 2102 1121 2158 lumen
1146 2103 1234 2158 'de
1280 2102 1500 2159 lumine.
1554 2103 1646 2160 Sic
1693 2104 1861 2161 Pater

284 2188 608 2260 principium
631 2226 650 2255 ,
688 2190 781 2245 sed
807 2205 914 2246 non
968 2192 1035 2246 de
1076 2186 1343 2262 principio
1374 2210 1388 2247 :
1433 2187 1604 2250 Filius
1646 2194 1857 2263 princi-

290 2281 458 2351 pium,
488 2280 633 2336 seua
672 2280 941 2351 principio
976 2280 1320 2352 principium.
1365 2281 1518 2349 Quod
1547 2282 1688 2338 enim
1740 2284 1859 2339 erat

293 2370 347 2424 in
373 2369 659 2440 principio,
691 2382 796 2424 non
825 2369 1011 2425 linitur
1047 2377 1318 2440 tempore,
1349 2386 1457 2427 non
1484 2374 1750 2444 principio
1783 2375 1859 2430 in-

285 2458 519 2512 choator
540 2453 670 2528 [Met
698 2465 753 2510 et
768 2454 933 2522 Beda,
956 2471 1059 2513 nec
1086 2459 1350 2528 principio
1382 2462 1729 2528 pravenitur,
1751 2479 1856 2518 om.

289 2542 389 2599 (in.
419 2543 576 2616 aeq.].
602 2540 771 2599 Filius
788 2545 1106 2615 principium
1136 2560 1242 2601 non
1256 2544 1440 2602 ﬁnitur
1466 2556 1728 2619 tempore,
1750 2564 1858 2605 non

289 2634 556 2706 me
576 2634 921 2705 pmvenitur,
942 2630 1057 2691 sive
1066 2635 1134 2691 ad
1153 2645 1520 2695 creaturarum
1535 2636 1858 2710 principium

288 2725 392 2781 vel
422 2732 721 2795 temporum
748 2726 884 2793 velis
912 2724 1119 2782 referre
1154 2728 1295 2798 quod
1340 2730 1450 2784 ait:
1484 2727 1551 2784 In
1605 2732 1858 2804 principio

288 2825 404 2872 erat
449 2813 689 2871 Verbum.
745 2816 1015 2887 Quidquid
1050 2826 1461 2885 creaturarum,
1505 2821 1861 2892 quodcunque

290 2905 613 2974 principium
635 2906 817 2961 hatmit
842 2913 903 2962 ut
915 2914 1080 2973 esset,
1095 2914 1216 2964 erat
1241 2910 1611 2966 tuncYerbum
1627 2911 1745 2977 Dei,
1761 2927 1862 2982 per

284 2996 430 3064 quod
448 2994 591 3052 facta
622 3005 750 3053 sunt
775 2999 971 3054 omnia.
997 2998 1123 3055 Ideo
1140 3010 1334 3070 quater
1358 3001 1493 3057 dicit
1510 3002 1859 3074 evangelista,

296 3086 448 3154 Erat,
470 3096 605 3155 erat,
624 3099 760 3157 erat,
792 3098 907 3146 erat
927 3128 944 3155 ,
985 3098 1046 3145 ut
1076 3092 1402 3163 intelligeres
1443 3095 1588 3149 omni
1619 3103 1860 3168 tempore

1958 1933 2141 1995 aperte
2171 1920 2391 1980 docetur
2408 1925 2547 1994 quod
2568 1923 2680 1995 ipsa
2709 1924 2887 1980 vitalis
2915 1926 3079 1987 ratio,
3113 1939 3210 1994 per
3235 1936 3394 1995 quam
3418 1940 3536 1979 om-

1956 2015 2046 2069 nia
2071 2004 2327 2084 disposita
2357 2021 2483 2068 sunt
2520 2002 2575 2068 et
2612 2022 2887 2085 reguntur,
2914 2024 3020 2069 non
3049 2026 3263 2067 omnem
3315 2019 3533 2067 creatu-

1955 2117 2090 2165 ram,
2115 2096 2206 2157 sed
2240 2098 2609 2157 rationabilem
2640 2109 2869 2167 tantum,
2901 2109 2963 2156 ut
2983 2113 3171 2175 sapere
3190 2100 3384 2170 possit,
3409 2098 3533 2154 illu-

1955 2189 2144 2250 minat.
2173 2193 2430 2248 Homines
2457 2205 2711 2261 namque,
2737 2191 2829 2261 qui
2858 2191 2925 2245 ad
2970 2191 3255 2261 imaginem
3278 2186 3377 2244 Del
3404 2184 3535 2244 facti

1956 2288 2102 2348 sunt,
2122 2281 2399 2353 percipere
2420 2282 2734 2352 sapientiam
2750 2289 2998 2350 possunt,
3016 2279 3265 2335 animalia
3285 2294 3392 2334 non
3412 2276 3540 2348 pbs-

1957 2381 2100 2430 sunt.
2133 2372 2239 2428 Sed
2276 2380 2331 2428 et
2356 2371 2602 2427 animalis
2635 2365 2938 2440 quicunque
2960 2378 3042 2425 est
3068 2372 3249 2436 homo,
3282 2385 3389 2426 non
3414 2382 3537 2439 per-

1956 2462 2087 2531 cipit
2110 2475 2174 2516 ea
2214 2475 2332 2529 qua:
2362 2466 2489 2514 sunt
2519 2458 2753 2528 Spiritus
2788 2454 2882 2513 Dei
2913 2459 2967 2530 (Ι
2989 2457 3110 2513 Cor.
3138 2474 3202 2524 π,
3242 2458 3351 2529 Η).
3380 2457 3535 2513 Unde

1957 2548 2093 2605 bene
2117 2564 2241 2605 cum
2287 2535 2512 2604 dixiSset
2538 2566 2553 2602 :
2585 2547 2655 2601 Et
2681 2548 2788 2602 vita
2816 2557 2929 2601 erat
2958 2546 3052 2600 tua:
3079 2545 3367 2610 hominum,
3400 2545 3531 2599 Sub-

1890 2634 1895 2643 ’
1949 2640 2128 2711 iunxit
2150 2649 2205 2696 et
2230 2642 2296 2695 de
2319 2640 2406 2695 his
2437 2638 2548 2709 qui,
2576 2634 2645 2692 ab
2680 2637 2930 2692 humanae
2958 2652 3057 2692 con
3078 2635 3282 2690 titionis
3325 2635 3537 2689 honore

1954 2731 2140 2803 procul
2167 2731 2494 2793 recedentes,
2523 2728 2813 2797 comparati
2848 2735 2973 2781 sunt
2990 2725 3248 2795 iumentis
3272 2723 3534 2792 insipien-

1957 2823 2119 2886 tibus,
2146 2829 2201 2876 et
2226 2820 2429 2876 similes
2453 2818 2581 2874 facti
2630 2826 2755 2874 sunt
2783 2817 2907 2883 illis,
2934 2825 3097 2886 atque
3120 2815 3242 2871 ideo
3267 2821 3415 2870 recte
3437 2828 3533 2868 ve-

1958 2913 2136 2967 ritaﬁs
2159 2912 2277 2966 iure
2304 2912 2605 2981 privamur.
3085 2928 3089 2932 ν
3310 2898 3311 2901 ‘
3383 2912 3387 2916 ‘

2026 3000 2190 3060 Vsus.
2213 3004 2266 3059 δέ
2293 3028 2366 3045 -ι-
2388 3003 2461 3057 Et
2489 3002 2602 3068 lux,
2630 3002 2819 3072 inquit,
2850 3001 2903 3055 in
2948 2998 3170 3054 tenebris
3199 2998 3355 3064 lucet,
3374 3007 3425 3052 et
3461 3007 3539 3052 te-

1957 3091 2130 3148 nebrre
2154 3106 2269 3147 eum
2316 3108 2422 3147 non
2475 3089 2991 3162 coruprehenderunt.
3050 3084 3167 3141 Lux
3202 3086 3400 3157 quippe
3452 3094 3540 3142 est

293 3174 446 3248 εκ...
471 3178 651 3235 omnia
711 3178 976 3252 tempore]
1019 3182 1341 3251 praevenisse
1379 3190 1706 3240 octeternum
1750 3183 1863 3242 Deo
1886 3181 1936 3246 C
1961 3178 2241 3241 hominum
2274 3183 2543 3247 Christus,
2568 3182 2695 3252 quia
2724 3180 2923 3243 omnia,
2953 3192 3074 3249 quae
3111 3177 3401 3233 illuminari
3426 3188 3541 3233 me-

295 3264 440 3322 Patt'i
464 3267 719 3324 Verbum.

360 3373 390 3413 ια
424 3357 526 3415 Alii
555 3359 896 3428 evangelista
914 3360 1058 3416 inter
1074 3362 1320 3418 homines
1342 3363 1522 3420 subito
1551 3364 1864 3435 apparuisse

293 3446 393 3505 Dei
446 3447 643 3504 Filium
699 3449 1067 3506 demonstrant
1124 3452 1334 3524 [Betim
1387 3456 1859 3522 commemorant];

296 3539 485 3603 beatus
505 3536 743 3596 Joannes
777 3540 917 3609 apud
951 3541 1118 3597 Deum
1155 3556 1368 3613 semper
1412 3543 1579 3601 fuisse
1603 3546 1857 3610 declarat,

292 3628 480 3687 dicens
511 3645 526 3683 :
562 3627 628 3683 Et
661 3626 885 3684 Verbum
907 3639 1019 3685 erat
1052 3632 1194 3703 apud
1208 3633 1394 3689 Deum.
1414 3633 1658 3691 Aliieum
1676 3650 1863 3692 verum

295 3716 565 3783 hominem
588 3758 607 3785 ,
652 3719 743 3777 ille
768 3720 941 3789 ipsum
976 3737 1161 3778 verum
1203 3725 1490 3780 confirmat
1522 3740 1644 3783 esse
1668 3726 1860 3793 Deum,

297 3809 522 3873 dicens:
554 3807 624 3864 Et
671 3808 811 3864 Deus
846 3818 961 3869 erat
1013 3807 1252 3867 Verbum.
1282 3811 1385 3867 Alii
1434 3814 1706 3870 hominem
1738 3832 1863 3872 eum

293 3901 437 3973 apud
482 3899 729 3966 homines
754 3901 1121 3972 temperanter
1156 3912 1554 3971 conversatum,
1580 3905 1674 3961 ille
1693 3906 1864 3963 Deum

300 3989 435 4060 apud
456 3989 627 4044 Deum
667 3990 731 4063 in,
749 3991 1014 4061 principio
1041 4000 1346 4049 manentem
1394 3994 1654 4060 osteMit,
1681 3994 1865 4052 dicens

296 4084 484 4155 (Valte.
516 4083 575 4155 9)
600 4102 618 4139 ε
661 4083 776 4145 Hoc
794 4096 907 4143 erat
948 4087 1007 4143 in
1047 4086 1303 4159 principio
1342 4088 1484 4160 apud
1511 4086 1701 4145 Deum.
1735 4109 1757 4142 ι
1805 4086 1865 4144 Si

297 4175 460 4233 etiam
516 4172 759 4244 superius
788 4175 1107 4248 principium
1139 4178 1206 4235 ad
1236 4177 1453 4234 Patrem
1488 4177 1681 4236 uetari
1712 4176 1864 4252 [κεη

297 4259 527 4335 referre]
540 4264 729 4333 placet,
745 4276 800 4325 et
825 4265 930 4325 hoc
952 4274 1183 4338 sequens
1205 4269 1528 4339 principium
1562 4268 1629 4325 ad
1642 4279 1866 4327 creatu-

298 4372 408 4429 ras,
444 4355 756 4429 intelligitur
780 4359 1110 4425 aeternaijter
1141 4359 1394 4427 Verbum,
1426 4361 1481 4417 id
1507 4369 1593 4418 est
1642 4358 1866 4429 Filium,

296 4457 418 4507 esse
438 4443 571 4518 [Πε.
603 4456 652 4503 et
682 4446 847 4513 Beda,
861 4447 1054 4505 Filium
1077 4449 1171 4506 Dei
1195 4446 1340 4519 casei
1358 4449 1414 4511 is
1434 4446 1613 4515 Patre,
1638 4457 1868 4507 clamne

1962 3281 2167 3340 rentur,
2200 3275 2361 3330 corda
2389 3273 2664 3329 hominum
2690 3285 2803 3328 sua:
2820 3268 3107 3340 praesentia
3126 3268 3452 3341 cognitionis
3478 3268 3545 3323 il-

1961 3365 2177 3420 lustrat.
2194 3363 2453 3418 Tenebrae
2477 3370 2659 3417 autem
2697 3360 2847 3417 stulti
2873 3367 2998 3415 sunt
3025 3367 3083 3415 et
3112 3359 3279 3429 iniqui
3308 3373 3539 3429 quorum

1961 3469 2104 3510 δέκα
2124 3452 2437 3524 praecordia,
2464 3452 2556 3508 lux
2593 3460 2810 3508 uterum
2855 3449 3147 3522 sapientiae,
3179 3449 3359 3520 qualia
3393 3449 3501 3504 sint
3523 3488 3538 3514 ,

1962 3541 2247 3602 manifeste
2264 3546 2561 3616 cognoscit,
2589 3544 2837 3613 quamvis
2863 3542 2963 3611 ipsi
2992 3543 3170 3596 radios
3199 3540 3437 3614 ejusdem
3460 3540 3543 3594 lu-

1962 3634 2042 3689 cis
2068 3648 2406 3704 nequaquam
2440 3646 2634 3701 capere
2693 3646 2791 3700 per
2837 3630 3248 3700 intelligentiam
3291 3630 3534 3702 possint;

1962 3724 2128 3781 veluti
2153 3725 2199 3778 si
2218 3723 2447 3793 quilibet
2469 3734 2643 3775 caecus
2658 3717 2851 3788 iubare
2873 3719 3004 3775 solis
3026 3716 3400 3791 perfundatur,
3434 3734 3535 3776 nec
3594 3746 3599 3751 -

1964 3822 2142 3869 tamen
2177 3814 2289 3883 ipse
2332 3812 2520 3875 solem,
2552 3811 2707 3881 cujus
2744 3810 2945 3865 lumine
2984 3810 3361 3880 perfunditur,
3392 3812 3538 3882 aspi-

1961 3905 2099 3969 ciat;
2130 3923 2151 3957 ›
2186 3902 2385 3958 talibus
2404 3903 2583 3957 divina
2600 3901 2866 3957 consuluit
2884 3902 3281 3968 misericordia,
3310 3903 3545 3972 qualiter

1962 3992 2245 4064 pervenire
2267 3991 2493 4061 possint,
2545 3998 2606 4045 ut
2641 3990 2786 4045 iltam
2818 4002 2996 4043 veram
3026 3989 3201 4043 lucem
3234 4001 3539 4052 cernerent,

1964 4093 2021 4139 et
2039 4082 2207 4156 469
2223 4091 2406 4139 essent
2425 4081 2518 4139 lilii
2540 4081 2693 4147 lucis,
2717 4081 2809 4152 qui
2823 4076 3041 4136 fuerunt
3059 4079 3153 4135 ﬁlii
3176 4080 3540 4137 tanebrarurn.
3610 4120 3615 4121 ν

1967 4173 2034 4231 Et
2069 4175 2228 4246 hujus
2252 4174 2575 4246 cognitionis
2600 4172 2812 4229 initium
2841 4171 2945 4228 fuit
2963 4213 2979 4238 ,
3005 4171 3148 4242 quod
3173 4173 3457 4243 sequitur:

2038 4266 2199 4325 Vens.
2231 4268 2285 4331 ϐ,
2315 4266 2369 4320 7.
2401 4294 2468 4308 --
2492 4283 2513 4318 ι
2555 4262 2683 4320 Fuit
2713 4265 2868 4320 homo
2892 4265 3082 4318 missus
3108 4280 3143 4318 α
3178 4262 3311 4328 Deo,
3336 4258 3429 4317 (ἓυέ
3448 4279 3544 4317 πυ-

1968 4375 2087 4414 men
2110 4364 2225 4413 erat
2249 4354 2521 4421 Joannes;
2565 4356 2651 4410 Iu'c
2694 4355 2904 4410 venitis:
2927 4355 3297 4418 testimonium,
3325 4363 3383 4407 ut
3404 4357 3545 4408 testi.

1969 4448 2199 4506 monium
2247 4446 2533 4518 perhiberet
2575 4445 2640 4500 de
2681 4443 2900 4509 lumine,
2950 4453 3009 4497 ut
3057 4456 3236 4498 annos
3278 4443 3545 4498 crederent

294 4545 670 4597 creaturarum
701 4538 1025 4611 principium
1070 4555 1167 4599 sua
1203 4543 1438 4599 essentia
1464 4542 1679 4613 prmire.
1714 4556 1734 4595 α
1762 4540 1868 4598 Alii
1894 4525 1946 4586 D
1967 4552 2061 4612 per
2072 4539 2247 4593 illum.
2284 4536 2402 4592 Non
2426 4536 2523 4600 ait,
2548 4543 2610 4589 ut
2633 4548 2823 4590 omnes
2849 4533 3132 4588 crederent
3150 4534 3207 4588 in
3232 4533 3399 4589 illum.
3429 4533 3546 4588 Pla-

297 4624 565 4700 magualia
588 4643 709 4698 qam
736 4628 792 4699 in
838 4627 1054 4701 homine
1076 4632 1245 4702 gessit
1274 4629 1577 4701 perhibent,
1607 4633 1697 4689 ille
1723 4630 1867 4702 quod

297 4733 515 4775 omnem
568 4726 872 4777 creaturam
922 4719 1185 4781 visibilem
1215 4728 1271 4777 et
1307 4722 1631 4779 invisibiiem
1657 4738 1755 4792 per
1788 4724 1871 4792 ip-

300 4824 422 4864 sum
449 4804 592 4864 Deus
632 4806 841 4874 fecerit,
869 4808 1055 4875 docet,
1110 4809 1295 4866 dicens
1320 4810 1507 4880 (Vsus.
1534 4811 1628 4881 5):
1679 4810 1871 4866 Omnia

298 4900 592 4973 pett-ime
633 4901 776 4969 facta
808 4910 964 4966 sunt,
1009 4910 1055 4956 et
1083 4901 1194 4959 sine
1220 4899 1331 4972 ipso
1356 4901 1566 4973 factum
1606 4911 1679 4957 est
1719 4901 1870 4959 nihil.

299 4986 363 5044 Si
392 4989 534 5045 enim
564 4974 696 5046 nihil
717 4998 1086 5047 creaturarum
1111 4989 1227 5045 sine
1254 4989 1372 5061 ipso
1396 4987 1597 5045 factum
1617 4997 1700 5045 est
1723 5029 1751 5057 ,Α
1782 5004 1876 5059 pa-

300 5086 384 5134 tet
406 5077 650 5151 pt‘ofecto
676 5079 800 5149 quia
837 5081 947 5151 ipse
976 5088 1220 5137 creatura
1242 5096 1348 5137 non
1397 5087 1480 5136 est
1500 5116 1516 5144 ,
1563 5094 1663 5150 per
1713 5095 1872 5150 quem

300 5172 482 5227 omnis
512 5181 760 5231 creatura
787 5172 923 5229 facta
955 5182 1058 5231 est.
1098 5174 1165 5231 Et
1190 5189 1257 5231 ne
1284 5173 1405 5244 quis
1430 5171 1654 5253 audiens
1676 5169 1874 5227 factam

300 5276 402 5332 per
428 5263 523 5319 Dei
553 5259 749 5321 Filium
797 5275 1096 5321 creaturam
1120 5306 1139 5332 ,
1181 5265 1494 5323 mutabilem
1538 5264 1723 5322 credat
1758 5261 1874 5331 ejus

304 5352 667 5421 voluntatem,
716 5355 868 5429 quasi
898 5358 988 5424 qui
1038 5356 1215 5411 subito
1262 5355 1421 5411 vellet
1447 5353 1626 5410 facere
1663 5362 1873 5410 creatu-

302 5458 448 5508 ram,
471 5460 631 5513 quam
660 5448 728 5500 ab
774 5455 978 5500 mtcmo
1015 5460 1286 5514 nunquam
1321 5454 1446 5502 ante
1476 5445 1721 5513 fecisset;
1761 5460 1879 5501 ma-

306 5532 507 5587 nifeste
557 5532 713 5595 docet
752 5533 1109 5605 Evangelista,
1140 5533 1335 5590 factam
1389 5536 1607 5605 quidem
1638 5536 1693 5592 in
1745 5542 1881 5590 tem-

308 5628 444 5686 pore
471 5626 801 5705 creaturam,
822 5623 917 5678 sed
957 5623 1010 5678 in
1037 5630 1236 5679 materna
1273 5621 1543 5680 Creatoris
1578 5626 1840 5696 sapientia
1863 5665 1878 5689 ,

1973 4628 2347 4685 (edictum
2379 4626 2555 4690 homo,
2581 4624 2672 4696 qui
2699 4622 2914 4693 conﬁdit
2941 4622 2998 4676 in
3038 4621 3273 4688 nomine,
3303 4631 3353 4677 et
3398 4624 3545 4694 ponit

1975 4735 2183 4775 carnem
2207 4716 2475 4773 brachium
2508 4728 2663 4769 suum
2690 4712 2905 4786 (Imm.
2946 4728 3080 4777 xvii,
3105 4712 3182 4784 ὅ).
3206 4712 3314 4769 Sed
3343 4722 3405 4769 ut
3431 4729 3547 4768 om~

1975 4826 2093 4878 nes,
2116 4810 2308 4880 inquit,
2329 4809 2614 4866 crederent
2642 4822 2742 4877 per
2777 4806 2950 4872 illum,
2978 4807 3083 4862 hoc
3107 4814 3193 4861 est
3214 4844 3231 4871 ,
3276 4814 3336 4861 ut
3359 4820 3460 4877 per
3482 4808 3546 4861 il-

1975 4900 2081 4956 lius
2107 4900 2470 4957 testimonium
2491 4899 2774 4954 crederent
2804 4898 2858 4953 in
2884 4897 3083 4960 lucem,
3104 4911 3269 4968 quam
3315 4898 3542 4952 necdum

1978 4991 2165 5047 videre
2178 5000 2456 5055 noverant,
2478 4989 2763 5046 Dominum
2781 4988 3029 5045 videlicet
3054 4986 3237 5044 Iesum
3250 4986 3542 5051 Christum,

1980 5085 2072 5151 qui
2098 5085 2167 5141 de
2190 5084 2368 5154 seipso
2397 5092 2623 5142 testatur
2648 5103 2661 5139 :
2694 5083 2809 5156 Ego
2841 5099 2956 5139 sunt
2981 5083 3077 5138 tua:
3100 5082 3282 5138 mundi
3305 5099 3327 5138 :
3344 5083 3441 5154 qui
3467 5100 3545 5138 se-

1977 5172 2153 5241 quitur
2175 5189 2276 5235 me,
2303 5188 2405 5227 non
2432 5172 2717 5235 ambulabit
2746 5170 2898 5243 [δίδη
2932 5171 3186 5244 ambulat]
3217 5173 3275 5227 in
3300 5173 3546 5239 tenebrat,

1977 5260 2069 5314 sed
2093 5260 2297 5315 habebit
2329 5260 2502 5323 lumen
2541 5264 2656 5317 vita:
2685 5260 2867 5333 (Joatr.
2890 5274 3012 5326 vm,
3043 5261 3153 5333 12).
3182 5261 3437 5330 Sequitur
3458 5281 3476 5318 :

2050 5350 2211 5407 Vens.
2237 5352 2295 5417 8,
2316 5352 2370 5407 9.
2399 5381 2473 5393 -—
2489 5351 2614 5406 Non
2637 5361 2749 5407 erat
2770 5352 2860 5406 ille
2884 5351 2997 5418 lux,
3011 5352 3100 5407 sed
3118 5363 3176 5407 ut
3196 5355 3544 5410 testiinonium

1975 5440 2263 5512 perhiberet
2287 5440 2351 5497 de
2377 5440 2603 5507 tantine;
2656 5452 2767 5497 erat
2792 5441 2886 5497 luat
2920 5459 3075 5509 vero,
3122 5460 3242 5515 qua:
3286 5444 3545 5501 illuminat

1976 5552 2179 5592 omnem
2213 5536 2472 5592 homfnem
2499 5536 2777 5591 uenientem
2822 5534 3109 5609 infimae]
3162 5538 3432 5594 mundum.
3482 5538 3542 5594 Et

1976 5627 2147 5683 sancti
2171 5615 2387 5697 quidem
2418 5626 2663 5685 homines
2710 5625 2815 5681 lux'
2848 5634 2974 5683 sunt
3022 5635 3169 5683 recte
3194 5627 3415 5693 vocati,
3467 5627 3539 5683 ὣς

385 5739 413 5769 ι
439 5726 497 5785 1η
540 5732 776 5788 editione
817 5732 1256 5805 Argentoratensi
1290 5730 1380 5791 hic
1428 5731 1681 5788 inseritur
1724 5740 1888 5803 caput
1922 5734 2176 5803 primum.

679 5825 949 5886 P.\T:t’lt..
996 5827 1039 5884 (ὲ

3152 5828 3227 5886 2’s
