4020 6186
450 336 562 396 ‘i-iT

1334 335 1395 389 Β.
1438 335 1500 392 F.
1532 335 1760 415 ⁵ΑῘᾸΠΧΙ
1803 335 1932 392 SEU
1973 334 2248 403 ALCUINI
2286 335 2567 394 Ol’EliUM
2611 336 2788 395 PARS
2826 336 2891 413 η.

3637 344 3743 402 748

432 463 610 507 ~eeute
632 451 698 506 ad
724 465 819 505 eos
845 449 1071 506 Domino
1101 467 1113 502 :
1142 448 1243 502 l’os
1272 449 1394 503 estis
1414 448 1507 502 lux
1532 424 1720 503 mundi
1749 448 1965 520 (Matth.
1991 464 2045 515 ν,
2075 451 2125 513 Α
2152 463 2263 504 suae
2293 449 2426 521 legis
2452 449 2755 513 doctrinam
2780 449 3104 515 contulerat,
3130 464 3195 506 ex
3221 451 3418 522 quibus
3455 466 3522 510 sc

457 542 571 616 M).
605 542 673 597 Et
701 541 945 613 apostolo
988 540 1158 594 Paulo
1185 555 1200 593 :
1230 538 1432 594 Fuistis
1467 539 1754 612 aliquando
1786 541 2041 606 tenebrte,

456 650 595 691 nunc
639 642 811 687 autem
840 632 934 685 hu:
971 632 1024 687 in
1055 631 1280 685 Domino
1312 630 1537 701 (Epltes.
1559 647 1613 696 v,
1637 630 1714 702 8).
1767 630 1873 686 Sed
1909 629 2047 685 mul-

438 735 573 780 tum
602 723 767 780 distat
796 724 939 778 inter
965 723 1138 778 lucem
1189 739 1310 793 qum
1351 722 1722 789 illuminatnr,
1763 731 1817 777 et
1871 722 2045 779 lucem

453 816 574 887 qua:
607 816 904 883 illuminat;
953 817 1095 873 inter
1125 831 1220 871 eos
1249 816 1341 886 qui
1385 815 1852 885 participationem
1905 830 2075 885 vene,

454 902 592 964 lueis
616 907 890 979 accipiunt
920 916 982 962 ut
1008 908 1253 973 luceant,
1311 915 1367 962 et
1426 906 1595 976 ipsam
1639 905 1812 961 lucem
1856 919 2047 977 perpe-

453 1009 622 1063 tuam,
654 1015 776 1070 quae
800 1015 909 1055 non
939 1000 1111 1054 solum
1140 998 1193 1053 in
1241 1013 1301 1053 se
1325 998 1439 1068 ipsa
1477 997 1685 1063 lucere,
1737 998 1833 1053 sed
1861 1005 1917 1052 et
1949 1011 2047 1052 sua

429 1086 764 1164 "prmseniia,
788 1104 1137 1161 quoscunque
1161 1088 1421 1160 attigerit,
1438 1088 1710 1144 illustrare
1724 1088 1947 1144 sul‘licit.
1962 1085 2046 1141 Ad
2074 1138 2077 1139 ν

454 1173 618 1251 hujus
641 1182 1099 1253 comparationem
1128 1196 1274 1235 vene
1306 1180 1461 1244 lucis,
1491 1196 1598 1234 non
1629 1187 1836 1234 tantum
1873 1179 2047 1234 miuo-

456 1267 801 1342 res.quilibet
822 1268 996 1335 electi,
1033 1285 1219 1324 verum
1245 1269 1411 1324 etiam
1460 1268 1575 1338 ipse
1625 1266 1891 1332 Joannes,
1937 1282 2045 1337 quo

428 1386 432 1393 ·
456 1356 633 1435 major
650 1368 800 1420 inter.
817 1358 1017 1436 [natos]
1044 1361 1330 1417 mulierum
1358 1376 1519 1417 nemo
1537 1360 1795 1426 surrexit,
1824 1360 1916 1415 lux
1935 1375 2043 1415 non

456 1464 578 1509 esse
601 1451 967 1517 asseritur,.ut
989 1446 1239 1507 videlicet
1261 1450 1513 1507 Christus
1558 1466 1664 1506 non
1693 1466 1813 1507 esse
1838 1492 1853 1518 ,
1899 1450 2045 1522 quod

455 1532 764 1615 putabatur,
780 1552 1129 1599 monstretur.
1157 1536 1247 1597 llle
1262 1542 1410 1597 enim
1427 1539 1558 1614 [Al.,
1589 1540 1825 1597 Joannes
1851 1539 2040 1613 enim],

455 1642 519 1691 ut
565 1634 825 1705 scriptum
876 1642 1013 1690 est:
1065 1633 1199 1687 Erat
1246 1628 1460 1687 lucerna
1497 1632 1730 1697 ardens,
1777 1640 1827 1686 et
1865 1630 2044 1687 lucem

457 1724 642 1792 (Joan.
664 1740 718 1791 v,
744 1718 857 1797 35).
890 1724 1099 1780 Ardens
1130 1719 1338 1779 scilicet
1367 1723 1471 1778 ﬁde
1493 1731 1549 1777 et
1591 1723 1912 1787 dilectione,
1957 1721 2043 1776 lu-

2149 539 2384 594 nandum
2414 540 2755 611 promiserat,
2781 548 2835 595 et
2861 540 2914 593 in
2955 539 3154 611 quibus
3189 556 3250 598 se
3286 540 3654 610 incantatam.
3685 554 3751 605 ut

2145 631 2510 701 promiserat,
2555 631 2809 693 ostendit,
2835 630 2935 700 ipsi
2963 646 3091 701 eum
3143 632 3384 705 recipere
3436 634 3752 695 venientem

2146 737 2340 794 magna
2369 738 2434 778 ex
2467 731 2623 792 parte
2653 730 2993 777 recusarunt.
3022 720 3209 793 Neque
3233 722 3382 779 enim
3425 738 3618 799 omnes
3664 739 3753 781 re-

2146 822 2432 879 cusarunt;
2473 812 2711 883 alioquin
2749 811 2928 867 nullus
2954 821 3098 868 esset
3116 812 3332 880 salvus,
3375 823 3432 870 et
3477 830 3748 887 superva-

2145 920 2248 967 cua
2276 902 2398 972 ejus
2419 913 2560 959 esset
2591 902 2912 959 incarnatio.
2945 902 3098 959 Nunc
3124 911 3308 960 autem
3337 905 3491 961 multi
3521 922 3645 963 eum
3674 923 3746 965 ex

2147 1007 2378 1065 utroque
2402 992 2598 1065 populo
2622 1010 2731 1055 non
2754 993 3025 1051 credendo
3046 992 3418 1068 lrespuerunt,
3441 995 3597 1053 multi
3629 1011 3750 1052 cre-

2147 1083 2348 1158 dendo]
2398 1094 2718 1157 receperunt
2749 1102 2763 1138 :
2794 1083 2862 1139 de
2921 1083 3125 1155 quibus
3174 1085 3508 1156 evangelista
3547 1100 3748 1143 conse-

2147 1187 2377 1247 quenter
2398 1175 2634 1230 insinuat
2664 1174 2852 1230 dicens
2881 1190 2896 1228 :

2215 1267 2380 1340 470
2433 1266 2596 1323 \‘sns.
2652 1266 2740 1322 12.
2785 1297 2848 1307 -
2907 1263 3173 1333 Quotquot
3222 1274 3397 1321 autem
3441 1277 3747 1337 ret-cperunt

2143 1374 2284 1423 eum,
2316 1357 2456 1412 dedit
2480 1373 2555 1411 eis
2584 1366 2890 1429 potestatem
2916 1355 3058 1427 [tlios
3086 1354 3182 1411 Dei
3209 1356 3327 1422 ﬁeri
3353 1396 3368 1421 ,
3407 1357 3489 1412 liis
3512 1357 3605 1427 qui
3628 1374 3747 1412 cre-

2144 1449 2277 1502 dunt
2300 1448 2355 1502 iu
2383 1463 2589 1502 nomine
2618 1463 2734 1516 ejus
2779 1446 3196 1502 Consideremus
3227 1484 3243 1511 ,
3288 1446 3484 1502 lratres
3526 1446 3752 1503 citari»

2145 1538 2289 1596 simi.
2316 1545 2514 1608 quanta
2542 1548 2715 1608 gratia
2732 1535 3112 1606 Redemptoris
3138 1536 3330 1595 nostri.
3353 1552 3516 1607 quam
3543 1553 3749 1608 tnagua

2145 1632 2217 1687 sit
2240 1631 2528 1686 multitudo
2569 1630 2869 1686 dulcedinis
2914 1645 3032 1698 ejus
3087 1627 3287 1686 Unicus
3336 1644 3401 1686 ex
3455 1628 3620 1685 Patre
3650 1647 3745 1685 na-

2148 1732 2233 1779 tus
2254 1736 2362 1788 est,
2386 1735 2438 1777 et
2469 1721 2641 1778 uoluit
2681 1736 2962 1778 remanere
3006 1736 3165 1777 unus.
3208 1719 3500 1779 Descendit
3526 1721 3603 1777 ad
3635 1731 3747 1775 ter-

461 1833 590 1874 cens
625 1812 791 1873 verbo
819 1824 874 1873 et
908 1816 1137 1871 actione.
1158 1814 1415 1870 Gratiam
1462 1829 1591 1869 vero
1626 1813 1763 1870 lucis
1815 1813 2046 1883 pectori-
2073 1804 2123 1865 Β
2147 1828 2288 1880 ram,
2321 1812 2408 1868 ubi
2437 1811 2634 1867 fratres
2659 1811 2793 1877 sibi,
2817 1812 3019 1882 quibus
3051 1826 3274 1883 regnum
3303 1810 3481 1869 Patris
3496 1814 3585 1867 sui
3610 1811 3753 1866 dan:

455 1902 889 1974 hus'inl‘undere,
919 1907 1086 1964 solius
1106 1916 1189 1963 est
1212 1907 1331 1979 ejus
1359 1905 1424 1962 de
1448 1921 1555 1976 quo
1586 1906 1719 1962 dicit
1748 1920 1763 1959 :
1794 1905 1928 1959 Erat
1951 1902 2048 1958 lux

453 2016 597 2066 uera,
623 2016 742 2073 qua:
785 1998 1052 2054 illuminat
1106 2014 1311 2053 omnem
1355 1997 1618 2053 hominem
1656 1997 1944 2051 uenientem
1988 1993 2046 2047 in

439 2090 637 2165 .[Ituno]
665 2092 951 2159 mundum;
982 2106 1200 2147 omnem
1228 2089 1497 2153 videlicet,
1525 2088 1618 2159 qui
1671 2086 2004 2142 illuminatnr
2027 2125 2047 2150 ,

441 2184 569 2241 sive
597 2185 830 2241 naturali
881 2185 1098 2257 ingenio
1118 2220 1137 2248 -,
1173 2199 1285 2239 seu
1337 2182 1604 2253 sapientia
1639 2179 1844 2236 divina.
1895 2177 2049 2233 Sicut

452 2275 598 2329 enim
620 2290 787 2331 nemo
812 2290 844 2330 a
870 2290 930 2330 se
957 2273 1245 2345 ipsocsse,
1282 2273 1367 2327 ita
1396 2272 1561 2327 etiam
1584 2285 1743 2326 nemo
1770 2286 1803 2325 a
1830 2285 1889 2326 se
1929 2269 2045 2339 ipso

453 2366 673 2435 sapiens
697 2379 819 2423 esse
860 2373 1067 2436 potest,
1095 2366 1191 2421 sed
1217 2364 1307 2420 illo
1333 2365 1664 2431 illustrante,
1698 2364 1767 2421 de
1785 2378 1893 2434 quo
1917 2362 2050 2417 seri-

451 2465 605 2525 ptum
632 2463 746 2523 est:
779 2454 966 2511 Omnis
991 2455 1251 2526 sapientia
1293 2473 1325 2509 a
1350 2454 1577 2510 Domino
1598 2454 1728 2510 .Deo
1751 2463 1826 2510 est
1854 2452 2045 2524 (Eccli.

455 2563 493 2608 ι.
526 2547 601 2619 1).
633 2545 801 2616 Cujus
823 2555 1111 2617 utramque
1134 2556 1410 2611 naturam,
1431 2553 1485 2600 et
1534 2544 1771 2603 divinam
1797 2543 2049 2601 videlicet

449 2655 559 2711 qua
585 2654 798 2710 semper
830 2638 1029 2710 ultique
1059 2646 1207 2697 totus
1268 2646 1453 2699 manet
1478 2677 1494 2703 ,
1543 2644 1600 2692 et
1643 2637 1934 2692 humanam
1979 2650 2047 2689 ex

450 2745 558 2801 qua
582 2730 639 2787 in
666 2739 909 2801 tempore
934 2740 1096 2787 natus
1118 2770 1134 2796 ,
1181 2730 1302 2787 loco
1327 2731 1568 2786 inclusus
1607 2729 1883 2801 apparuit,
1918 2742 2049 2784 con-

456 2831 747 2895 sequenter
768 2824 1099 2894 evangelista
1138 2823 1447 2893 descripsit,
1478 2822 1701 2879 dicens:

531 2917 694 2970 Vens.
726 2914 814 2980 ll),
849 2915 934 2969 ll.
974 2944 1046 2954 —
1068 2913 1133 2967 In
1170 2913 1365 2968 mundo
1410 2923 1523 2970 erat
1547 2956 1564 2980 ,
1607 2925 1655 2970 et
1698 2914 1926 2971 mundus
1954 2930 2050 2987 per

452 3010 626 3079 ipsum
658 3006 845 3076 factus
870 3015 966 3070 est,
990 3014 1037 3059 et
1080 3004 1306 3059 mundus
1356 3020 1478 3059 eum
1512 3022 1621 3060 non
1669 3005 1926 3075 cognovit.
1979 3002 2049 3058 In

451 3114 670 3169 propria
691 3097 849 3162 venit,
878 3105 924 3150 et
949 3095 1034 3150 sui
1078 3112 1198 3151 eum
1233 3111 1336 3151 non
1367 3106 1692 3169 receperunt.
1739 3097 1798 3152 In
1839 3096 2041 3157 mundo

453 3186 695 3259 [quippe]
724 3194 861 3251 erat,
893 3196 946 3243 et
971 3187 1203 3244 mundus
1228 3204 1325 3258 per
1346 3189 1522 3260 ipsum
1551 3189 1726 3245 factus
1761 3198 1874 3256 est,
1910 3190 2038 3260 quia

445 3281 600 3334 Deus
626 3288 767 3345 erat,
795 3279 923 3350 quia
970 3288 1118 3337 totus
1159 3281 1377 3351 ubique,
1419 3282 1550 3352 quia
1593 3297 1706 3338 sua:
1750 3280 2038 3352 praesentia

453 3370 750 3440 maiestatis
774 3407 790 3435 ,
824 3370 942 3426 sine
968 3371 1155 3426 labore
1194 3385 1386 3441 regens
1412 3378 1468 3426 et
1500 3371 1621 3426 sine
1652 3386 1818 3428 onere
1865 3373 2040 3429 conti-

448 3475 588 3515 nens
612 3458 754 3530 quod
779 3458 926 3516 fecit.
961 3459 1027 3514 Et
1066 3457 1293 3514 mundus
1319 3474 1442 3512 eum
1485 3475 1590 3514 non
1616 3461 1871 3530 cognovit.
1903 3460 2041 3527 Quia

449 3549 544 3603 lux
570 3550 627 3603 in
646 3549 870 3605 tenebris
893 3548 1049 3612 lucet,
1082 3557 1130 3602 et
1158 3547 1385 3603 tenebrat
1412 3564 1530 3603 eam
1560 3565 1665 3604 non
1703 3550 2040 3621 comprehen-

450 3640 660 3696 derunt.
691 3639 946 3696 Mundam
976 3653 1213 3709 namque
1239 3639 1343 3695 hoc
1370 3638 1425 3694 in
1454 3638 1579 3696 loco
1600 3639 1734 3696 dicit
1757 3640 2037 3707 homines,

452 3730 637 3785 mundi
682 3745 867 3789 amore
892 3731 1168 3798 deceptos,
1190 3738 1354 3800 atque
1384 3730 1702 3787 inltmrendo
1740 3740 2002 3788 crcaturxe
2023 3773 2040 3797 ,

450 3820 520 3873 ab
579 3819 921 3886 agnoscenda
958 3820 1224 3875 creatoris
1261 3820 1345 3876 sui
1378 3821 1662 3890 majestate
1695 3820 1945 3878 reﬂexos.
1980 3822 2039 3878 ln

452 3908 669 3979 propria
705 3908 870 3975 venit,
892 3909 1020 3978 quia
1050 3909 1105 3964 iu
1133 3911 1335 3966 mundo
1354 3948 1369 3977 ,
1404 3922 1565 3981 quem
1585 3926 1683 3981 per
1703 3912 2041 3969 divinitatem

429 3999 600 4068 ifecit,
628 4016 727 4072 per
752 4002 1146 4059 humanitatem
1175 4012 1338 4060 natus
1353 4005 1623 4075 apparuit.
1640 4005 1697 4060 in
1724 4006 2043 4075 propriave-

426 4094 548 4160 .nit,
570 4095 697 4166 quia
724 4094 795 4152 .lu
827 4104 993 4166 gente
1011 4093 1219 4161 Judtea,
1241 4108 1406 4165 quam
1433 4096 1538 4151 sibi
1563 4108 1676 4165 pra:
1703 4097 1920 4153 caeteris
1946 4108 2042 4154 na-

447 4188 683 4244 tionibus
706 4186 926 4258 speciali
946 4188 1131 4258 gratia‘
1151 4188 1521 4257 capulaverat,
1555 4187 1827 4243 inearnari
1854 4189 2042 4260 digna-

423 4290 534 4334 rtus
561 4277 975 4341 estinmundo
992 4285 1111 4334 erat
1137 4292 1293 4348 ergo,
1318 4284 1376 4333 et
1402 4277 1455 4332 in
1487 4277 1747 4332 mundum
1779 4278 1944 4332 venit.
1980 4279 2038 4333 In

432 4373 651 4430 'tnundo
669 4378 793 4428 erat
816 4387 915 4443 per
947 4371 1287 4427 divinitatem
1312 4389 1327 4424 :
1352 4370 1419 4425 in
1448 4369 1712 4426 mundum
1751 4371 1902 4426 venit
1942 4386 2041 4442 per

447 4466 894 4522 incarnationem.
919 4465 1114 4521 Venire
1135 4464 1333 4536 quippe
1350 4474 1407 4521 et
1426 4462 1590 4538 flia,
1619 4464 1725 4538 vel]
1749 4466 1921 4532 abire,
1943 4466 2038 4522 bu-

453 4556 729 4619 manltatis
762 4564 846 4611 est
860 4571 883 4619 ;
898 4569 1131 4611 manere
1146 4564 1203 4611 et
1224 4570 1365 4621 esse,
1382 4555 1702 4612 divinitatis.
1717 4553 1853 4624 Quia
1874 4570 2031 4628 ergo,

430 4661 575 4701 tcum
606 4647 662 4703 in
688 4646 891 4702 mundo
914 4655 1060 4702 esset
1076 4661 1184 4716 per
1214 4646 1549 4703 divinitatem
1575 4688 1590 4714 ,
1646 4649 1881 4703 mundus
1911 4658 2035 4703 eum

458 4752 566 4791 non
590 4737 895 4808 cognovit,
924 4737 1188 4808 dignatus
1214 4746 1298 4793 est
1320 4739 1506 4794 venire
1562 4739 1618 4793 in
1645 4740 1907 4794 mundum
1940 4754 2039 4810 per

358 4873 411 4917 ί.
445 4829 874 4896 humanitatem,
913 4837 973 4883 ut
1008 4828 1091 4885 vel
1128 4828 1208 4886 sic
1243 4845 1366 4886 eum
1408 4830 1645 4887 mundus
1666 4839 2034 4902 cognosceret.

436 4919 560 4978 .Sed
592 4894 872 4977 videamus
895 4920 1026 4992 quid
1048 4920 1319 4991 sequitur:

519 5012 592 5072 In
624 5015 841 5088 propria
865 5016 1088 5079 venit,et
1113 5016 1197 5069 sui
1224 5032 1345 5070 eum
1379 5032 1486 5072 non
1522 5026 1839 5089 receperunt.
1865 5017 2035 5086 Quem

446 5106 592 5165 enim
612 5108 666 5165 in
702 5106 949 5178 potentia
983 5105 1279 5163 divinitatis
1305 5116 1499 5164 cuncta
1521 5117 1802 5165 ereantem
1839 5126 2036 5183 regen-

411 5210 667 5275 jtemque
702 5204 1068 5270 cognoverant
1125 5195 1294 5271 [Beda
1334 5208 1383 5254 et
1427 5216 1527 5255 ma.
1550 5239 1567 5267 ,
1605 5214 1714 5255 non
1749 5206 2027 5272 cognove-

412 5287 824 5362 trunt],*ipsum
852 5288 906 5345 in
935 5288 1118 5346 carnis
1160 5289 1509 5357 infirmitate,
1561 5291 1836 5350 miraculis
1878 5300 2036 5350 cont-

446 5389 687 5435 scantem
708 5378 953 5452 recipere
975 5378 1283 5437 noluerunt.
1310 5380 1376 5436 Et
1404 5381 1549 5453 quod
1571 5385 1789 5456 gravius
1816 5392 1920 5451 est,
1950 5385 2032 5440 sui

444 5483 567 5526 eum
597 5486 708 5528 non
732 5481 1089 5545 receperunt,
1142 5474 1390 5531 homines
1451 5475 1695 5540 scilicet,
1743 5490 1877 5546 quos
1918 5474 2034 5546 ipse

445 5561 680 5627 creavit;
715 5558 907 5629 Judxei,
932 5578 1069 5634 quos
1086 5563 1416 5636 peculiarem
1441 5564 1543 5620 sibi
1571 5564 1810 5637 elegerat
1840 5564 1899 5619 in
1920 5563 2033 5635 ple-

446 5650 593 5714 bem,
621 5649 820 5718 quibus
838 5666 949 5706 suae
985 5654 1308 5723 cognitionis
1354 5654 1691 5712 revelaverat
1731 5664 2027 5720 arcanum,

448 5753 586 5809 quos
611 5734 854 5791 miriﬁcis
880 5746 1093 5806 patrum
1150 5741 1547 5809 gloriﬁcaverat
1599 5746 1734 5798 actis
1760 5785 1777 5810 ,
1832 5744 2032 5811 quibus

2066 4512 2117 4579 D

2148 1917 2346 1978 posset.
2378 1905 2703 1974 nequiret-et.
2747 1904 2890 1961 Deus
2915 1918 2980 1959 ex
3012 1903 3124 1959 Deo
3146 1915 3308 1959 natus
3326 1912 3439 1965 est,
3467 1914 3524 1959 et
3569 1903 3753 1958 uoluit

2146 2000 2243 2056 Dei
2273 2006 2482 2054 tantum
2525 1997 2697 2053 Filius
2740 2011 2997 2059 manere;
3050 1998 3287 2057 hominis
3335 2011 3553 2067 quoque
3596 1996 3749 2053 ﬁlius

2145 2089 2266 2146 ﬁeri
2293 2089 2545 2159 dignatus
2566 2095 2668 2152 est,
2698 2103 2807 2161 non
2835 2089 3095 2143 amittens
3116 2090 3263 2155 quod
3306 2097 3445 2151 erat,
3466 2089 3567 2157 sed
3588 2101 3741 2143 asse.

2147 2197 2300 2237 mens
2318 2181 2464 2250 quod
2484 2195 2592 2235 non
2618 2187 2767 2241 erat;
2797 2190 2859 2235 ut
2885 2194 2983 2250 per
3006 2181 3107 2234 huc
3131 2179 3376 2235 homines
3401 2179 3457 2234 in
3482 2178 3580 2233 Dei
3604 2178 3746 2235 filiis

2144 2272 2492 2335 transferret,
2510 2271 2798 2342 gloriaeque
2839 2286 2951 2326 sua:
2979 2269 3181 2326 faceret
3207 2274 3520 2329 coheredes
3541 2309 3558 2334 ,
3602 2272 3699 2339 qui
3720 2307 3745 2330 ο

2145 2359 2290 2431 quod
2319 2360 2433 2429 ipse
2460 2373 2673 2427 semper
2692 2358 2923 2415 habebat
2958 2373 3056 2429 per
3102 2370 3349 2423 naturam
3372 2399 3387 2422 ,
3442 2359 3744 2429 inciperent

2146 2456 2348 2511 habere
2370 2469 2470 2524 per
2495 2456 2751 2526 gratiam.
2774 2452 3211 2520 Cousideremus,
3234 2463 3437 2525 quanta
3464 2455 3737 2512 virtusest

2146 2548 2294 2614 ﬁdei,
2326 2547 2481 2617 cujus
2539 2547 2736 2605 merito
2762 2556 3005 2618 potestas
3054 2548 3216 2604 datur
3235 2548 3548 2603 hominibus
3592 2546 3739 2603 ﬁlios

2145 2642 2243 2697 Dei
2270 2640 2408 2698 ﬁeri.
2425 2640 2578 2699 Unde
2603 2640 2744 2697 bene
2763 2642 3025 2711 scriptum
3051 2649 3154 2705 est,
3177 2641 3303 2712 quia
3333 2641 3518 2710 justus
3540 2657 3607 2698 ea:
3628 2641 3740 2711 ﬁde

2146 2734 2265 2788 vicit
2292 2731 2451 2803 (Heb.
2477 2749 2540 2798 ll,
2570 2732 2634 2798 ις
2671 2731 2823 2788 Rom.
2852 2749 2893 2799 ι,
2918 2733 3028 2806 Π).
3060 2733 3206 2789 Vivit
3250 2732 3439 2802 justus
3477 2748 3547 2789 es
3596 2733 3737 2798 ﬁde,

2084 2868 2089 2877 ,
2146 2838 2253 2879 non
2281 2823 2370 2879 illa
2403 2839 2526 2894 quae.
2549 2824 2810 2879 litme
2835 2824 3414 2880 tanunnconl'essione
3440 2823 3731 2894 profertur,

2146 2916 2243 2971 sed
2267 2930 2329 2972 ea
2351 2932 2474 2987 qua:
2492 2932 2592 2987 per
2618 2916 2960 2973 dilectionem
2976 2924 3257 2987 operatur.
3286 2916 3540 2987 Alioquin
3576 2917 3733 2981 ﬁdes,

2148 3007 2329 3069 sinon
2373 3009 2567 3063 haheat
2600 3023 2783 3078 opera,
2826 3016 3038 3063 mortua
3088 3008 3257 3063 estin
3298 3009 3590 3078 semetipsa
3619 3006 3734 3082 (la-

2149 3100 2262 3156 σοὺ.
2293 3118 2353 3166 n.
2384 3101 2497 3173 l7).
2528 3099 2717 3156 Nullus
2764 3100 3003 3170 seipsum
3033 3099 3314 3170 despiciat,
3342 3099 3522 3155 utilius
3544 3099 3614 3155 de
3634 3114 3735 3155 sua

2139 3190 2316 3248 salute
2335 3191 2607 3261 desperet,
2637 3204 2923 3245 curramus
2961 3187 3150 3261 [Beda,
3182 3186 3482 3260 cut-remus]
3507 3201 3733 3253 omnes,

2138 3298 2421 3338 curramus
2445 3281 2660 3352 singuli,
2695 3293 2752 3335 ut
2794 3282 2888 3351 qui
2925 3296 3149 3337 eramus
3186 3280 3363 3351 longe,
3416 3292 3738 3332 mereamur

2139 3371 2256 3428 ﬁeri
2287 3387 2457 3443 prope
2486 3372 2543 3426 in
2568 3372 2828 3441 sanguine
2854 3369 3081 3426 Christi.
3112 3370 3398 3425 Videamus
3440 3368 3603 3437 quod
3643 3367 3735 3422 di-

2139 3464 2317 3521 citur:
2346 3464 2482 3531 Quia
2511 3474 2763 3534 quotquot
2810 3472 3109 3534 receperunt
3146 3477 3300 3527 eum.
3352 3461 3495 3515 dedit
3536 3462 3612 3516 eis
3642 3476 3737 3531 po-

2138 3563 2376 3610 testatem
2401 3554 2542 3623 ﬁlios
2569 3554 2669 3609 Dei
2712 3555 2863 3624 ﬁeri;
2893 3554 3178 3626 Quotquot,
3203 3555 3397 3627 inquit.
3433 3564 3734 3625 receperunt

2137 3662 2277 3701 eum.
2306 3643 2425 3699 Non
2452 3654 2536 3701 est
2559 3646 2706 3702 enim
2735 3661 3089 3717 personatum
3128 3638 3385 3717 acceptor
3404 3645 3549 3701 Deus
3571 3685 3588 3710 ,
3639 3645 3733 3700 sed

2140 3736 2197 3791 in
2223 3735 2373 3791 omni
2397 3742 2579 3806 gente,
2618 3736 2709 3807 qui
2741 3738 2894 3792 timet
2918 3752 3046 3793 eum
3076 3746 3132 3792 et
3157 3745 3416 3809 operatur
3438 3735 3725 3805 justitiam.

2140 3837 2399 3900 acceptus
2437 3837 2523 3885 est
2564 3829 2662 3884 illi.
2698 3828 2818 3897 Quo
2857 3836 3036 3885 autem
3084 3829 3275 3886 ordine
3312 3829 3596 3885 credentes
3639 3825 3735 3882 om

2142 3920 2237 3976 Dei
2271 3928 2496 3991 possunt
2530 3920 2671 3986 ﬁeri,
2701 3929 2756 3976 et
2801 3928 3063 3991 quantum
3091 3922 3207 3977 haec
3233 3921 3515 3993 generatio
3547 3935 3578 3973 a
3617 3924 3735 3973 cart-

2140 4010 2249 4066 nali
2274 4011 2460 4075 distet,
2493 4012 2815 4067 subsecutus
2832 4011 3172 4083 evangelista
3194 4011 3461 4081 designat.

2210 4102 2490 4159 Veneris.
2518 4128 2594 4149 -ι
2616 4101 2722 4168 Qui
2752 4117 2859 4156 non
2878 4116 2947 4157 ex
2968 4101 3332 4172 caminibus,
3354 4098 3555 4170 inquit,
3575 4104 3734 4169 neque

2138 4208 2207 4246 ea:
2228 4188 2496 4247 ubiun'tnte
2532 4192 2734 4258 carnis,
2756 4190 2922 4263 usque
2971 4206 3040 4246 es
3081 4190 3347 4249 uoluntate
3372 4182 3503 4253 tiri,
3550 4190 3645 4244 sed
3662 4198 3735 4242 es

2142 4282 2253 4337 Deo
2268 4284 2383 4337 nati
2402 4292 2547 4338 sunt;
2571 4282 2820 4341 Cat-nalis
2840 4285 3043 4355 quippe
3069 4276 3255 4339 nostra
3284 4283 3731 4355 singulos-unige-

2137 4380 2369 4443 nemio,
2400 4395 2466 4433 ex.
2508 4379 2870 4450 sanguinibus,
2894 4378 2960 4436 id
3000 4390 3103 4442 est,
3134 4395 3202 4435 ex
3238 4381 3446 4457 semine
3470 4372 3640 4457 maris
3678 4387 3731 4435 et

2142 4468 2375 4532 feminae,
2400 4484 2430 4523 a
2452 4470 2692 4541 conjugii
2716 4471 3145 4541 duxitoriginem
3171 4452 3479 4542 compilavit.
3507 4450 3577 4526 At
3605 4476 3747 4526 vcro'

2140 4560 2653 4631 sturittdis'Spiritus
2675 4564 2847 4618 sancti
2871 4564 3044 4634 gratia
3066 4558 3431 4640 ministratur,
3446 4579 3607 4633 quam
3622 4577 3733 4616 car-

2142 4650 2339 4707 naliter
2373 4646 2710 4723 distinguens
2745 4654 3004 4710 Dominus
3046 4654 3151 4708 ait:
3187 4636 3319 4709 Nisi
3347 4655 3466 4725 quia
3522 4663 3731 4708 renatus

2142 4742 2301 4812 fuerit
2329 4758 2396 4798 ea:
2423 4760 2560 4815 aqua
2590 4754 2638 4799 et
2663 4745 2872 4816 spiritu,
2891 4761 2993 4800 non
3017 4754 3179 4817 potest
3203 4746 3422 4800 introire
3439 4744 3500 4799 in
3521 4734 3737 4816 regnum

2143 4832 2261 4887 Dei.
2304 4832 2457 4901 Quod
2496 4845 2676 4889 notum
2698 4846 2775 4890 est
2796 4852 2861 4890 ex
2885 4853 3071 4901 carne,
3122 4853 3249 4891 caro
3274 4846 3373 4901 est,
3397 4845 3445 4889 et
3473 4828 3613 4905 quod
3638 4848 3735 4887 tta-

2142 4939 2251 4983 tu'n
2277 4940 2349 4984 est
2387 4929 2453 4984 de
2479 4928 2668 5000 spiritu
2694 4971 2710 4996 ,
2763 4931 2978 5003 spiritus
3023 4941 3099 4986 est
3127 4926 3311 5004 (Joan.
3334 4944 3416 4993 ιη,
3442 4929 3500 4996 5,
3529 4927 3604 4997 ϐ).
3629 4928 3718 4984 Ve

2142 5032 2263 5074 rum
2287 5035 2356 5075 ne
2381 5022 2504 5090 quis
2536 5020 2816 5076 hominum
2861 5022 3070 5077 dubitet
3091 5020 3260 5076 lilium
3282 5037 3340 5077 se
3368 5020 3463 5075 Dei
3496 5020 3735 5076 cohzere~

2138 5110 2261 5165 dem
2281 5109 2484 5166 Christi
2528 5125 2689 5182 posse
2717 5109 2856 5174 ﬂeri,
2886 5108 2978 5165 dat
3013 5109 3319 5182 exemplum
3365 5102 3695 5181 evangelista
3715 5148 3732 5171 ,

2138 5201 2264 5271 quia
2290 5211 2344 5256 et
2393 5204 2506 5273 ipse
2527 5200 2697 5257 Filius
2732 5202 2829 5257 Dei
2863 5202 3027 5258 homo
3051 5202 3190 5269 ﬁeri,
3217 5210 3272 5258 et
3302 5201 3551 5275 habitare
3588 5201 3735 5256 inter

2137 5293 2386 5347 homines
2405 5293 2660 5362 dignatus
2680 5293 2773 5358 sit,
2795 5301 2856 5347 ut
2870 5292 3128 5347 humana:
3149 5292 3421 5362 particeps
3447 5288 3730 5348 esisteudo

2134 5381 2464 5454 fragilitatis,
2490 5383 2736 5438 homines
2755 5384 2951 5440 divina:
2970 5381 3189 5439 virtutis
3227 5398 3339 5438 sum
3364 5383 3593 5438 donaret
3612 5394 3731 5436 esse

2135 5474 2325 5542 perlici
2332 5487 2445 5541 pes.

2190 5562 2372 5620 'Vens.
2404 5563 2490 5618 Η.
2516 5594 2590 5605 -
2626 5564 2688 5620 Et
2737 5564 2982 5633 Verbum,
3014 5566 3209 5639 inquit,
3233 5583 3357 5623 caro
3388 5567 3589 5638 factum
3632 5573 3729 5629 est,

2132 5665 2180 5709 et
2203 5654 2451 5714 habitarit
2475 5656 2529 5713 in
2550 5657 2717 5714 nobis.
2746 5658 2900 5726 Quod
2934 5667 3019 5716 est
3043 5659 3224 5716 dicere
3246 5700 3261 5727 ,
3309 5668 3364 5714 et
3413 5657 3589 5714 Filius
3634 5653 3727 5712 Dei

2135 5747 2298 5805 homo
2328 5749 2501 5807 factus
2525 5761 2638 5819 est,
2686 5760 2742 5807 et
2769 5752 2910 5807 inter
2960 5753 3209 5809 homines
3237 5761 3590 5809 conversatus
3625 5756 3727 5805 est.
