4020 6186
455 188 563 260 επις»

1280 207 1686 262 exsomnes.
1727 239 1795 248 -ο
1832 196 2183 266 (ιοιιιιεκτ.
2223 210 2288 264 lN
2325 210 2516 266 JOAN.
2557 243 2625 253 -
2665 214 2790 268 Lm.
2825 216 2868 268 1.

3613 203 3716 271 ‘730

455 313 601 368 Solet
643 329 874 384 namque
901 314 1176 383 Scriptura
1215 317 1374 370 modo
1409 317 1624 382 auium,
1655 317 1813 371 modo
1856 319 2036 373 carnis
2065 326 2110 380 Α
2144 319 2396 373 insinuat.
2438 320 2496 374 In
2529 336 2594 376 eo
2621 337 2748 376 vero
2769 323 2910 392 quod
2936 321 3239 392 subiungit,
3289 335 3409 380 ante
3436 343 3516 382 me
3541 328 3716 398 factus

453 403 736 468 vocabulo,
767 411 938 458 totum
968 405 1250 474 designare
1274 406 1583 470 hominem;
1622 408 1815 460 anima:
1850 407 2036 462 videli-

450 502 558 559 cet,
581 502 641 548 ut
660 495 923 563 scriptum
971 503 1090 549 est:
1123 494 1262 560 Quia
1309 495 1574 550 descendit
1597 496 1763 551 Iacob
1791 498 1846 552 in
1869 482 2036 568 Egy-

447 595 618 655 ptunt,
643 585 702 640 in
745 585 1022 640 animabus
1047 589 1373 658 septuaginta
1404 587 1584 658 (Deut.
1608 605 1662 653 κ,
1685 589 1807 660 ‘22);
1855 593 2034 647 carnis

448 692 600 742 vero,
625 685 686 732 ut
732 693 920 733 rursus
946 679 1204 748 scriptum
1234 688 1353 734 est:
1384 679 1451 733 Et
1482 680 1674 734 videbit
1717 683 1886 736 omnis
1908 699 2033 738 caro

444 770 681 823 salutare
707 769 803 824 Dei
825 770 976 841 (Luc.
1008 789 1088 837 ιιι,
1115 773 1190 843 6).
1224 771 1408 843 Neque
1434 774 1580 828 enim
1593 773 1678 828 vel
1702 775 1894 829 anima:
1917 776 2034 830 sine

448 859 764 928 corporibus
806 860 860 914 in
900 860 1190 932 Egyptum
1219 863 1585 929 descendere,
1631 863 1714 918 vel
1737 879 1866 918 caro
1915 866 2033 922 sine

445 949 626 1004 anima
655 949 841 1005 videre
873 951 1074 1020 aliquid
1103 961 1306 1021 potest;
1345 953 1438 1008 sed
1473 953 1561 1007 hic
1607 969 1706 1022 per
1754 955 1990 1009 animam
2011 997 2027 1020 ,

447 1050 594 1096 totus
615 1042 796 1106 homo,
830 1043 904 1098 ibi
926 1045 1170 1114 signatur
1190 1058 1288 1114 per
1313 1056 1554 1100 carnem.
1582 1044 1680 1100 Sic
1705 1061 1834 1113 ergo
1849 1048 1950 1102 hoc
1975 1047 2029 1101 in

446 1133 585 1199 loco,
613 1134 758 1203 quod
780 1135 977 1190 dicitur
1003 1153 1016 1189 :
1047 1135 1115 1189 Et
1168 1133 1390 1190 Verbum
1441 1153 1568 1190 'caro
1607 1136 1805 1202 factum
1828 1148 1924 1200 est,
1949 1139 2030 1192 ni-

445 1222 522 1277 hil
550 1223 695 1278 aliud
719 1224 876 1280 debet
906 1225 1152 1296 intelligi,
1181 1241 1344 1295 quam
1371 1226 1416 1282 si
1444 1227 1748 1281 diceretur:
1796 1227 1862 1281 Et
1885 1227 2029 1283 Deus

446 1315 608 1370 homo
634 1314 808 1375 factus
833 1325 934 1384 est,
959 1333 1180 1374 carnem
1225 1319 1475 1374 videlicet
1525 1320 1796 1374 induendo
1818 1329 1873 1375 et
1915 1322 2028 1376 ani-

445 1421 609 1462 mam;
629 1405 700 1464 Ut
720 1409 862 1464 sicut
884 1410 1112 1480 quisque
1136 1418 1381 1465 nostrum
1413 1427 1552 1466 unus
1580 1411 1742 1466 homo
1768 1427 1835 1466 ex
1863 1427 2028 1467 carne

443 1505 655 1552 constat
680 1509 737 1554 et
762 1499 962 1565 anima,
990 1501 1064 1554 ita
1091 1516 1229 1556 unus
1271 1501 1340 1555 ab
1369 1501 1757 1556 incarnationis
1783 1508 2026 1571 tempore

443 1590 689 1646 Christus
723 1606 792 1646 ex
817 1592 1113 1659 divinitate,
1134 1609 1298 1649 carne
1322 1602 1378 1648 et
1404 1595 1585 1648 anima
1611 1602 1824 1650 censtat
1847 1601 1863 1648 ‘:
1886 1595 2025 1650 Deus

2138 421 2245 488 est,»
2262 410 2649 467 sublimitatem
2675 412 2916 481 ejusdem
2945 411 3295 472 humanitatis
3316 448 3334 484 ,
3367 435 3472 488 qua
3503 422 3714 479 exteris

2137 486 2388 556 omnibus
2404 503 2673 558 creaturis
2702 512 2820 558 erat
2841 506 3040 560 merito
3067 486 3420 575 praeferenda,
3446 510 3709 582 designat.

2136 587 2288 654 Quod
2309 590 2454 644 enim
2476 591 2570 654 ait,
2599 602 2719 646 ante
2739 603 2852 658 me,
2897 607 3004 649 non
3047 596 3116 650 ad
3155 597 3400 652 ordinem
3430 601 3710 671 temporis,

2135 678 2229 732 sed
2257 681 2324 735 ad
2359 682 2673 738 distantiam
2712 686 2942 754 pertinet
2967 687 3259 757 dignitatis,
3293 689 3450 758 juxta
3479 693 3624 760 quod
3649 693 3713 748 de

2133 766 2328 838 Joseph
2357 773 2482 828 tiliis
2516 774 2868 830 benedicente
2912 775 3078 833 Jaeob
3123 780 3382 850 scriptum
3420 791 3540 837 est:
3573 781 3710 838 Con—

2131 861 2400 931 stituitque
2423 862 2678 933 Ephraim
2715 875 2834 919 ante
2861 866 3146 923 Manassen
3182 869 3341 950 '(Gen.
3379 890 3570 940 ιωίιι,
3599 875 3709 945 20),

2133 950 2224 1004 ubi
2254 961 2400 1007 recte
2419 955 2597 1022 potuit
2631 957 2810 1010 dicere
2839 957 3145 1024 Manasses,
3185 962 3279 1030 qui
3312 973 3427 1032 post
3451 981 3532 1018 me
3556 966 3709 1028 venit,

2131 1051 2252 1098 ante
2275 1061 2356 1098 me
2376 1045 2548 1114 factus
2569 1057 2667 1113 est,
2691 1049 2744 1102 id
2764 1057 2850 1103 est
2866 1090 2880 1115 ,
2911 1052 3001 1119 qui
3021 1059 3144 1120 post
3165 1067 3251 1106 me
3291 1063 3449 1109 natus
3487 1065 3590 1122 est,
3619 1074 3716 1127 po-

2132 1138 2298 1194 tentia
2328 1152 2414 1192 me
2451 1139 2602 1208 regni
2631 1141 2940 1198 antecessit.
2990 1142 3451 1208 Quemadmodum
3479 1145 3723 1210 Joannes.

2130 1226 2198 1281 de
2217 1226 2467 1291 Domino,
2497 1228 2587 1298 qui
2608 1238 2722 1297 post
2745 1245 2848 1293 me,
2875 1230 3069 1298 inquit,
3099 1241 3347 1286 venturus
3372 1245 3470 1300 est,
3493 1245 3613 1291 ante
3634 1246 3715 1292 me

2130 1318 2302 1386 factus
2333 1326 2430 1383 est,
2456 1318 2511 1372 id
2537 1328 2642 1382 est,
2671 1319 2764 1388 qui
2798 1328 2918 1388 post
2947 1336 3034 1376 me
3062 1322 3129 1376 ad
3153 1324 3554 1390 praedicandum
3579 1342 3714 1383 ven;

2123 1416 2284 1465 turus
2323 1417 2444 1475 est,
2496 1409 2730 1464 culmine
2773 1426 2858 1465 me
2901 1411 3050 1480 regni
3099 1421 3154 1466 et
3205 1415 3492 1469 sacerdotii
3526 1432 3716 1486 pereu-

2126 1498 2214 1553 nis
2254 1499 2545 1554 antecellit.
2607 1500 2788 1566 Quare
2828 1511 3008 1556 autem
3052 1502 3100 1556 is
3133 1504 3224 1573 qui
3259 1513 3380 1572 post
3418 1521 3543 1561 eum
3584 1523 3716 1562 ven”-

2123 1596 2282 1644 turus
2327 1599 2486 1654 erat,
2543 1605 2668 1644 cum
2711 1591 2971 1660 dignitate
3033 1593 3411 1661 antecelleret,
3475 1597 3709 1666 aperuit,

442 1680 510 1734 ab
531 1689 735 1736 aeterno
759 1681 816 1736 in
838 1691 1100 1738 mternum
1129 1685 1370 1740 existens
1397 1700 1578 1751 verus,
1604 1693 1664 1739 ut
1687 1695 1824 1752 erat,
1847 1687 2022 1740 homi-
2055 1700 2101 1759 Β
2126 1694 2249 1734 cum
2297 1679 2610 1748 subjunxit:
2649 1680 2790 1747 Quia
2831 1683 2978 1752 prior
3029 1700 3110 1738 me
3146 1695 3280 1751 erat,
3330 1687 3384 1741 id
3412 1695 3527 1754 est,
3584 1690 3712 1757 quia

441 1788 563 1827 nem
608 1788 676 1829 ex
713 1782 957 1844 tempore
1002 1791 1284 1832 assumens
1333 1777 1386 1832 in
1429 1778 1692 1832 unitatem
1740 1793 1854 1833 sua:
1902 1792 2024 1847 per-

439 1876 584 1916 sona:
611 1877 819 1930 verum,
850 1881 1013 1935 quem
1041 1882 1149 1922 non
1171 1868 1456 1922 habuerat.
1485 1866 1776 1936 Sequitur:

511 1954 579 2008 Et
605 1955 828 2012 vidimus
855 1957 1077 2029 gloriam
1105 1961 1240 2030 ejus,
1268 1959 1491 2030 gloriam
1523 1961 1679 2030 quasi
1709 1960 1960 2030 unigeniti
1989 1977 2022 2014 ιι

444 2041 632 2110 Patre,
676 2045 884 2116 plenum
929 2050 1114 2119 gratia:
1136 2058 1187 2104 et
1231 2051 1488 2105 veritatis.
1534 2049 1775 2106 Gloriam
1818 2051 2020 2106 Christi

438 2147 598 2201 quam
624 2145 749 2190 ante
769 2137 1194 2194 incarnationem
1223 2141 1404 2195 videre
1436 2155 1540 2194 non
1571 2149 1820 2210 poterant
1849 2141 2022 2195 homi-'

437 2242 554 2291 nes,
579 2237 703 2296 post
731 2230 1159 2286 incarnationem
1180 2231 1453 2295 viderunt,
1485 2231 1809 2301 aspicientes
1838 2231 2023 2285 huma-

439 2320 663 2377 nitatem
687 2323 964 2378 miraculis
997 2322 1368 2393 refulgentem,
1397 2331 1453 2378 et
1497 2323 1856 2394 intelligentes
1880 2323 2018 2377 divi-

439 2410 660 2467 nitatem
689 2413 834 2466 intus
871 2411 1200 2478 latitantem;
1258 2411 1334 2467 illi
1365 2412 1633 2475 maxime,
1686 2412 1778 2482 qui
1823 2421 1875 2467 et
1903 2413 2020 2481 ejus

438 2501 768 2566 claritatem,
814 2509 939 2556 ante
987 2503 1291 2572 passionem
1339 2501 1707 2572 transﬁgurati
1753 2502 1805 2555 in
1837 2509 2020 2556 monte

437 2600 642 2656 sancto,
661 2590 1015 2661 conternplari
1051 2601 1385 2659 meruerunt,
1409 2608 1543 2647 voce
1569 2593 1782 2662 delapsa
1809 2594 1877 2648 ad
1897 2607 2018 2647 eum

440 2681 809 2751 hujuscemodi
835 2698 867 2737 a
899 2683 1180 2754 magniﬁca
1207 2683 1374 2755 gloria
1401 2701 1413 2736 :
1443 2682 1544 2737 Hie
1573 2693 1647 2738 est
1671 2682 1719 2735 F
1722 2683 1847 2737 ilius
1874 2700 2018 2738 meus

436 2773 672 2840 dilectus,
703 2776 759 2828 in
787 2791 888 2845 quo
932 2776 1061 2829 mihi
1112 2775 1401 2846 complacui
1419 2773 1634 2847 (Matth.
1668 2790 1801 2840 mi,
1824 2775 1900 2845 5).
1952 2775 2018 2828 Et

436 2871 556 2931 post
577 2864 900 2932 passionem,
930 2865 1361 2929 resurrectionis,
1383 2864 1822 2934 ascensionisque
1845 2865 2016 2933 ipsius

435 2953 602 3021 gloria
629 2962 936 3024 conspecta,
967 2955 1201 3024 Spiritus
1213 2956 1330 3025 ejus
1359 2962 1485 3008 sunt
1508 2954 1650 3009 dono
1677 2955 1904 3010 miriﬁce
1931 2969 2015 3008 res

2123 1781 2360 1828 atternus
2402 1781 2527 1827 ante
2571 1774 2768 1828 smeula
2805 1775 2948 1829 Deus
2974 1785 3124 1841 erat,
3152 1788 3434 1847 propterea
3465 1797 3554 1836 me
3579 1783 3711 1837 licet

2121 1863 2390 1932 posterior
2414 1872 2603 1929 natus,
2636 1864 2808 1934 gloria
2834 1863 3136 1933 majesmtis
3158 1869 3323 1928 etiam
3351 1871 3404 1924 in
3429 1883 3710 1941 assumpta

2122 1954 2456 2008 humanitate
2488 1955 2719 2023 prmibit.
2744 1954 3002 2025 Exposito
3023 1965 3201 2012 autem
3221 1959 3548 2029 evangelista
3572 1977 3712 2030 prius

2120 2044 2362 2098 cursoris
2387 2045 2597 2099 Domini
2633 2045 2940 2101 testimonio
2967 2049 3111 2115 quod
3132 2049 3198 2103 de
3213 2049 3309 2104 illo
3333 2052 3707 2120 pcrbibuerat.

2122 2134 2300 2188 reddit
2327 2136 2514 2188 statim
2559 2151 2670 2190 sua:
2703 2151 2919 2204 quoque
2964 2140 3315 2204 assertionis,
3361 2143 3505 2210 quod
3530 2158 3712 2214 cmpe-

2121 2232 2225 2290 rat,
2255 2225 2333 2278 illi
2359 2226 2728 2280 testimonium
2752 2227 2902 2282 dare.
2943 2225 3081 2282 Nam
3107 2231 3354 2298 sequitur
3379 2250 3394 2285 :

2190 2315 2354 2370 Vens.
2397 2314 2482 2368 16.
2510 2344 2583 2355 -—-
2604 2314 2672 2368 Et
2707 2316 2772 2369 de
2797 2315 3124 2386 plenitudine
3147 2318 3260 2388 ejus
3286 2336 3381 2375 nos
3412 2337 3588 2377 omnes
3615 2336 3708 2378 atr-

2119 2406 2348 2474 cepimus
2373 2405 2602 2474 gratiam
2621 2421 2716 2474 pre
2742 2407 2935 2475 gratia.
2974 2405 3234 2476 Superius
3258 2425 3493 2480 namque
3523 2411 3659 2467 dixit
3691 2431 3706 2465 :

2121 2496 2259 2562 Quia
2297 2494 2519 2550 Verbum
2553 2513 2679 2550 caro
2708 2497 2907 2565 factum
2949 2507 3059 2564 est,
3101 2509 3150 2552 et
3176 2500 3427 2556 habitarit
3457 2503 3510 2556 in
3537 2504 3706 2572 nobis,

2118 2597 2166 2642 et
2209 2588 2436 2642 uidimus
2479 2586 2702 2658 gloriam
2745 2589 2890 2658 ejus,
2927 2589 3150 2659 gloriam
3195 2593 3348 2661 quasi
3391 2594 3644 2664 unigeniti
3675 2616 3710 2650 α

2119 2675 2281 2731 Patre
2296 2676 2509 2748 plenum
2536 2678 2722 2747 gratia:
2743 2686 2791 2730 et
2821 2679 3072 2732 veritatis.
3122 2678 3276 2745 Quod
3309 2696 3451 2736 cum
3472 2697 3710 2752 prmeur-

2117 2766 2258 2822 seris
2305 2764 2437 2838 [Al-.,
2463 2764 2789 2837 praecursor]
2828 2781 3043 2836 quoque
3076 2766 3194 2836 ejus
3228 2769 3538 2826 testimonio
3575 2787 3703 2828 eone

2117 2856 2426 2923 ﬁrmasset,
2473 2857 2740 2912 dicentis:
2767 2856 2876 2914 Hic
2916 2869 3028 2912 erat
3070 2876 3225 2930 quem
3265 2861 3380 2915 dixi
3421 2862 3582 2928 vobis,
3613 2867 3707 2935 qui

2115 2959 2231 3018 post
2277 2964 2359 3002 me
2406 2957 2654 3002 venturus
2680 2958 2774 3012 est,
2805 2957 2926 3004 ante
2953 2965 3034 3004 me
3065 2949 3236 3018 {actus
3272 2962 3380 3019 est,
3410 2955 3537 3024 quia
3558 2956 3708 3025 prior

437 3042 582 3096 i'ecti.
622 3042 828 3109 Quibus
851 3043 1100 3098 omnibus
1126 3043 1412 3098 manifeste
1457 3052 1842 3114 cognoverunt,
1870 3044 2015 3114 quod
2045 3043 2090 3105 C
2121 3057 2202 3094 me
2225 3049 2360 3106 erat,
2390 3055 2578 3094 rursus
2603 3041 2720 3110 ipse
2743 3081 2758 3106 ,
2799 3039 2944 3111 quod
2987 3053 3226 3111 coeperat
3271 3046 3586 3115 exsequitur
3625 3047 3706 3102 die

438 3132 740 3202 huiusmodi
770 3135 939 3206 gloria
959 3151 1064 3191 non
1089 3135 1310 3190 cuilibet
1333 3143 1663 3202 sanctorum,
1692 3138 1786 3192 sed
1810 3137 1884 3191 illi
1911 3137 2013 3192 soli

440 3225 660 3292 homini,
689 3227 780 3296 qui
804 3237 948 3282 esset
974 3227 1029 3281 in
1070 3228 1349 3283 divinitate
1396 3229 1710 3298 unigenitus
1764 3244 1795 3282 a
1824 3229 2014 3292 Patre,

435 3318 763 3373 mnveniret.
809 3317 960 3385 Quod
1007 3327 1184 3375 autem
1237 3322 1525 3391 sequitur:
1570 3321 1795 3375 Plenum
1830 3324 2017 3392 gratias

440 3421 486 3463 et
509 3413 763 3466 veritatis.
793 3411 996 3468 Gratia:
1020 3413 1211 3484 plenus
1237 3422 1431 3469 eratet
1457 3423 1560 3481 est,
1585 3415 1746 3468 homo
1771 3412 2018 3469 Christus

434 3501 606 3567 tesus,
630 3503 716 3558 cui
760 3505 1014 3575 singulari
1055 3521 1281 3560 munere
1303 3521 1415 3575 pra:
1444 3507 1652 3560 caeteris
1701 3505 2018 3561 mortalibus

436 3595 593 3667 47],
625 3596 806 3650 datum
831 3605 933 3661 cst,
967 3605 1026 3651 ut
1063 3598 1244 3652 statim
1269 3611 1336 3651 ex
1381 3613 1488 3667 quo
1520 3599 1571 3651 in
1594 3606 1749 3658 utero
1791 3599 2018 3668 virginis

439 3686 644 3756 concipi
667 3695 721 3740 et
745 3687 905 3742 homo
936 3687 1049 3742 ﬁeri
1073 3689 1354 3758 inciperet,
1382 3704 1546 3743 verus
1575 3696 1718 3743 esset
1747 3696 1804 3742 et
1851 3686 2012 3743 Deus.

442 3774 589 3832 Unde
610 3785 664 3832 et
687 3779 872 3834 eadem
893 3778 1123 3850 gloriosa
1143 3795 1357 3849 semper
1394 3780 1545 3849 virgo
1577 3779 1763 3844 Maria,
1790 3795 1894 3834 non
1922 3794 2014 3833 so-

437 3867 545 3923 lum
574 3870 806 3924 hominis
827 3869 1048 3936 Christi,
1078 3871 1172 3926 sed
1200 3880 1254 3926 et
1281 3870 1376 3925 Dei
1429 3869 1663 3940 genitrix
1713 3878 1860 3924 recte
1904 3884 2018 3922 cre-

438 3958 609 4013 denda
636 3967 690 4014 et
734 3959 1034 4015 conﬁtenda
1072 3968 1172 4015 est.
1201 3961 1344 4015 idem
1392 3958 1636 4013 veritatis
1659 3959 1848 4028 plenus
1899 3965 2020 4012 erat

439 4057 494 4104 et
516 4061 616 4114 est,
647 4050 758 4120 ipsa
790 4051 1034 4106 videlicet
1065 4051 1226 4106 Verbi
1268 4050 1570 4115 divinitate,
1598 4065 1720 4120 qua:
1745 4050 2016 4106 hominem

442 4141 588 4196 illum
609 4141 951 4212 singulariter
974 4141 1225 4208 electum,
1249 4156 1373 4198 cum
1397 4156 1506 4211 quo
1524 4157 1632 4196 una
1653 4141 1854 4196 Christi
1895 4155 2018 4212 per—

443 4248 571 4306 sona
600 4241 758 4301 esset,
787 4247 1064 4289 assumere
1117 4234 1333 4304 dignata
1377 4240 1495 4300 est;
1536 4247 1644 4288 non
1673 4231 1876 4302 aliquid
1905 4229 2018 4288 sua:

439 4311 634 4380 divina:
665 4324 997 4390 substantite,
1023 4333 1085 4378 ut
1123 4324 1360 4380 hterctici
1389 4323 1593 4389 volunt,
1628 4323 1684 4378 in
1712 4321 2014 4380 faciendam

2117 3147 2246 3187 cens
2286 3149 2298 3185 :
2333 3131 2401 3186 Et
2428 3131 2492 3186 de
2527 3132 2851 3204 plenitudine
2894 3135 3010 3204 ejus
3057 3151 3152 3190 nos
3189 3152 3365 3192 omnes
3411 3142 3707 3211 accepimus

2115 3223 2342 3293 gratiam
2387 3240 2482 3294 pro
2525 3225 2718 3293 gratia.
2793 3224 2992 3281 Plenus
3041 3227 3239 3298 quippe
3282 3238 3401 3284 erat
3443 3230 3706 3288 Dominus

2119 3313 2323 3382 Spiritu
2351 3323 2539 3368 saneto
2563 3355 2577 3378 ,
2621 3316 2812 3383 plenus
2852 3317 3025 3386 gratia
3049 3325 3104 3372 et
3127 3319 3378 3385 veritate,
3418 3322 3544 3391 quia
3567 3323 3706 3377 sicut

2115 3402 2402 3472 Apostolus
2429 3404 2540 3458 ait:
2569 3403 2637 3458 In
2666 3405 2776 3475 ipso
2822 3405 3025 3460 habitat
3069 3410 3237 3462 omnis
3266 3409 3534 3480 plenitudo
3562 3413 3700 3466 divis

2118 3495 2298 3549 uitatis
2317 3495 2660 3564 corporaliter
2685 3495 2909 3567 (Coloss.
2935 3515 2997 3562 ιι,
3027 3499 3115 3569 9);
3171 3500 3234 3554 de
3280 3501 3434 3570 cujus
3469 3501 3700 3572 plenitu‘o

2117 3590 2239 3644 dine
2284 3605 2378 3642 nos
2414 3605 2589 3642 omnes
2641 3586 2810 3656 (juxta
2854 3589 3073 3643 modum
3114 3599 3314 3645 nostra:
3355 3595 3694 3667 capacitatis)

2117 3683 2430 3752 accepimus,
2457 3681 2584 3750 quia
2616 3679 2896 3750 unicuique
2936 3689 3172 3735 nostrum
3213 3681 3340 3737 data
3381 3693 3456 3738 est
3503 3686 3700 3755 gratia,

2115 3771 2402 3827 secundum
2430 3785 2727 3826 mensuram
2753 3771 3051 3828 donationis
3067 3771 3262 3830 Christi
3281 3774 3495 3848 (Ephes.
3531 3795 3605 3843 1v,
3624 3778 3701 3850 7).

2116 3864 2193 3918 De
2219 3862 2334 3918 solo
2357 3877 2591 3932 namque
2614 3862 2910 3918 mediatore
2938 3865 3034 3920 Dei
3060 3875 3115 3921 et
3150 3868 3449 3934 hominum,
3479 3871 3698 3927 homine

2116 3953 2242 4010 Jesu
2269 3953 2486 4010 Christo
2509 3953 2779 4008 veraciter
2804 3953 2912 4008 dici
2947 3955 3156 4023 potuit:
3192 3957 3262 4009 Et
3301 3961 3583 4029 requiescet
3612 3977 3705 4014 ιιι-ι

2115 4061 2208 4115 per
2230 4059 2350 4098 eum
2374 4044 2588 4116 spiritus
2617 4043 2848 4107 Domini,
2895 4043 3110 4114 spiritus
3158 4045 3430 4115 sapientia:
3465 4056 3516 4100 et
3548 4047 3706 4104 intrii-‘-

2117 4136 2298 4201 leetus,
2323 4137 2535 4207 spiritus
2562 4135 2770 4191 consilii
2787 4144 2835 4191 et
2855 4134 3198 4207 fortitudinis,
3228 4136 3442 4206 spiritus
3470 4138 3704 4200 scientia:

2119 4239 2168 4285 et
2199 4230 2440 4302 pietatis,
2493 4239 2542 4284 et
2597 4227 2810 4301 replebit
2854 4241 2972 4284 euut
3001 4229 3214 4300 spiritus
3247 4228 3449 4282 timoris
3488 4228 3704 4283 Domini

2121 4323 2276 4394 (lsai.
2303 4335 2378 4388 xi,
2407 4322 2487 4395 2).
2536 4320 2738 4377 Omnes
2781 4335 2912 4377 vero
2954 4321 3126 4376 sancti
3168 4336 3275 4378 non
3312 4319 3702 4389 plenitudinem

439 4415 672 4472 hominis
696 4424 944 4470 naturam
987 4425 1354 4482 commutans;
1385 4415 1479 4471 sed
1504 4415 1777 4485 ipseapud
1800 4413 2017 4469 Patrem
2048 4391 2098 4451 θ
2121 4391 2345 4485 spiritus
2370 4391 2519 4482 ejus,
2560 4414 2654 4468 sed
2680 4413 2746 4468 de
2784 4412 3116 4483 plenitudine
3142 4411 3259 4481 ejus
3276 4451 3290 4476 ,
3327 4419 3586 4482 quantum
3610 4413 3703 4468 illo

441 4517 682 4571 manens,
700 4512 871 4560 totum
896 4505 1040 4575 quod
1057 4513 1199 4571 erat,
1220 4513 1389 4561 totam
1418 4505 1487 4561 de
1504 4504 1712 4563 semine
1734 4503 1902 4559 David
1921 4518 2019 4560 na-

441 4605 617 4651 turam
644 4595 757 4650 veri
773 4596 1007 4652 hominis
1029 4611 1190 4665 quam
1218 4611 1323 4652 non
1337 4594 1590 4660 habebat,
1607 4594 1904 4665 suscipiens
1919 4607 1966 4648 ο.
1992 4614 2012 4646 ›

511 4688 674 4744 Vens.
719 4687 804 4743 15.
843 4719 913 4730 ——
947 4708 967 4742 ι
997 4686 1291 4743 bJoannes
1321 4689 1671 4742 testimonium
1697 4687 1925 4758 perhibet
1954 4686 2019 4740 de

441 4781 573 4850 ipso.
625 4781 998 4851 Redemptoris
1025 4780 1196 4836 nostri
1230 4793 1532 4850 praecursor
1557 4779 1922 4834 testimonium
1952 4779 2019 4833 de

443 4876 561 4947 ipso
572 4876 882 4946 perhibens,
907 4875 1276 4933 celsitudinem
1302 4875 1657 4930 humanitatis
1678 4875 1796 4946 ejus
1815 4875 2023 4944 pariter

441 4974 498 5019 et
521 4966 816 5023 divinitatis
834 4967 1193 5024 internitatem
1217 4963 1499 5020 manifesta
1531 4979 1663 5021 voce
1685 4966 2016 5034 pronuntiat.

443 5058 656 5113 Clamat
686 5059 832 5115 enim
856 5061 1040 5115 dicens
1069 5078 1081 5112 :
1120 5058 1220 5113 Hic
1246 5065 1380 5122 erat,
1419 5073 1570 5128 quem
1591 5055 1704 5111 dixi
1728 5058 1892 5120 vobis,
1931 5058 2021 5127 qui

441 5157 557 5216 post
577 5164 658 5203 me
678 5159 921 5203 venturus
948 5160 1045 5214 est,
1070 5158 1190 5203 ante
1207 5162 1289 5202 me
1311 5148 1481 5218 factus
1505 5155 1604 5211 est,
1626 5146 1750 5216 quia
1773 5146 1918 5215 prior
1940 5155 2024 5200 me

445 5245 557 5291 erat
580 5238 759 5310 (Joan.
788 5256 827 5305 ι,
851 5240 960 5313 i5).
985 5241 1040 5296 in
1068 5254 1133 5296 eo
1154 5254 1388 5311 namque
1413 5239 1556 5310 quod
1580 5239 1676 5304 ait,
1695 5240 1783 5311 qui
1804 5249 1917 5309 post
1937 5255 2018 5293 me

445 5337 693 5385 venturus
717 5339 793 5385 est
818 5371 833 5394 ,
878 5332 1121 5386 ordinem
1150 5333 1398 5388 humana:
1427 5329 1842 5400 diSpensationis
1865 5371 1880 5394 ,
1912 5345 2017 5400 qua

447 5425 570 5484 post
588 5432 710 5472 eum
737 5427 926 5484 natus,
973 5429 1096 5490 post
1123 5435 1244 5474 eum
1273 5422 1438 5476 etiam
1464 5422 1880 5492 praedicaturus,
1925 5420 2022 5474 ba-

449 5508 771 5576 ptizaturus,
799 5509 952 5581 signa
994 5508 1254 5573 facturus,
1281 5519 1336 5564 et
1366 5520 1593 5568 mortem
1621 5519 1740 5567 erat
1764 5524 2021 5580 passurus

521 5630 545 5658 ιι
584 5618 698 5675 iluc
729 5635 898 5692 usque
926 5635 992 5676 ex
1021 5619 1177 5675 Beda:
1200 5621 1344 5676 hom.
1379 5621 1469 5674 cit.

2122 4507 2308 4567 donat,
2339 4502 2627 4572 accipiunt.
2670 4499 2808 4567 Quia
2833 4499 2928 4554 alii
2954 4517 3048 4571 per
3074 4499 3327 4575 Spiritum
3347 4501 3507 4555 datur
3532 4517 3702 4555 sermo

2120 4595 2390 4665 sapientia:
2410 4633 2426 4660 ,
2476 4592 2573 4647 alii
2619 4607 2788 4646 sermo
2831 4592 3062 4646 scientia
3085 4631 3100 4657 ,
3143 4591 3428 4646 secundum
3464 4591 3701 4646 eumdem

2125 4689 2402 4761 Spiritum.
2443 4687 2608 4742 Alteri
2633 4686 2764 4757 ﬁdes
2804 4687 2862 4740 in
2899 4685 3080 4740 eodem
3119 4683 3318 4756 Spiritu
3345 4725 3359 4750 ,
3409 4684 3502 4738 alii
3530 4685 3702 4755 gratia

2123 4783 2409 4837 sanitatum
2431 4781 2486 4835 in
2504 4792 2612 4834 uno
2633 4778 2858 4850 Spiritu.
2896 4777 3004 4832 Alii
3038 4777 3269 4848 operatio
3290 4777 3576 4838 virtutum,
3609 4774 3702 4828 alii

2121 4871 2444 4944 prophetatio
2475 4867 2623 4942 [Ms.,
2650 4865 2963 4940 prophetia],
3012 4866 3105 4921 alii
3129 4867 3371 4920 discretio
3397 4865 3702 4937 spirituum,-

2121 4963 2214 5018 alii
2247 4975 2434 5034 genera
2462 4960 2791 5031 linguarum,
2837 4955 2930 5012 alii
2977 4957 3335 5028 interpretatio
3381 4971 3698 5010 sermonum.

2124 5051 2253 5108 Ilwc
2281 5063 2454 5107 autem
2477 5051 2653 5107 omnia
2679 5058 2925 5121 Operatur
2949 5064 3082 5102 unus
3110 5057 3266 5118 atque
3291 5046 3429 5102 idem
3450 5045 3701 5118 Spiritus,

2121 5142 2355 5197 dividam
2393 5141 2615 5213 singulis
2641 5150 2795 5212 prout
2839 5139 2948 5194 vult
2982 5138 3033 5211 (Ι
3064 5136 3186 5192 Cor.
3224 5153 3325 5203 xu,
3351 5135 3524 5208 8-11).
3565 5135 3702 5204 Quid

2120 5247 2250 5304 ergo
2277 5235 2344 5289 de
2370 5234 2702 5304 plenitudine
2739 5231 3038 5288 conditoris
3083 5229 3294 5293 nostri,-
3334 5241 3444 5284 non
3480 5227 3703 5299 quidam

2121 5325 2310 5398 [‘Beda,
2342 5334 2448 5381 non
2493 5325 2802 5397 quiddam],
2848 5325 2943 5380 sed
2994 5337 3224 5390 omnes,
3271 5321 3533 5392 quidquid
3575 5321 3702 5376 boni

2122 5417 2458 5486 accepimus,
2497 5417 2786 5479 habemus,
2817 5415 3113 5470 curandum
3150 5401 3488 5483 summopere
3522 5421 3706 5466 estne

2121 5511 2388 5581 quispiam
2421 5511 2487 5564 de
2511 5510 2650 5565 bona
2684 5525 2743 5564 se
2771 5524 2864 5564 sua
2895 5510 3103 5563 actione
3143 5508 3226 5561 vel
3253 5507 3576 5578 cogitatione
3620 5503 3703 5556 in:

2200 5623 2225 5660 ιο
2267 5621 2342 5675 Ex
2369 5623 2516 5677 hom.
2547 5621 2583 5676 2
2608 5621 2780 5676 Bedes.
