4020 6186
396 354 502 411 753

1218 320 1629 423 EXEGETICA.
1669 399 1738 407 —
1774 370 2128 426 COMMENT.
2167 373 2234 427 ΙΝ
2273 372 2460 430 JOAN.
2503 408 2572 418 η
2609 377 2736 435 LIB.
2778 380 2818 434 l.

3567 389 3694 445 754'

391 465 512 518 sinu
566 463 769 530 Patris,
833 469 885 522 in
951 479 1159 526 secreto
1223 473 1400 531 Patris
1462 478 1748 546 signiﬁcat.
1805 481 2366 552 NequeAhumiliter
2419 493 2654 548 auditur.
2701 495 2798 549 Via
2858 495 3197 555 Doniini.ad
3248 519 3342 557 cor
3398 505 3671 577 dirigitur,

409 556 535 577 ,ξλεμ
579 555 937 577 ,ενη
987 575 1035 577 ν,
1341 573 1350 577 -
1490 567 1502 577 .
1622 570 1636 577 -
1750 571 1763 577 -
1864 571 1875 577 ι
1943 574 1952 577 -

392 556 538 610 enim
577 555 730 610 sinus
763 555 942 614 Patris
970 561 1249 630 pueriliter
1274 573 1357 620 est
1386 567 1722 637 cogitandus,
1750 571 1803 625 in
1834 571 1982 626 simi-

393 647 672 702 litudinem
703 649 872 704 nostri
913 651 1084 715 sinus,
1117 669 1278 723 quem
1307 657 1570 716 habemus
1610 661 1665 714 in
1697 663 1977 730 vestibus;

392 744 484 790 aut
513 739 783 806 putandus
812 747 894 795 est
914 742 1078 808 Deus,
1109 746 1200 814 qui
1226 746 1585 804 humanorum
1610 751 1780 806 forma
1807 770 1981 808 mem-

391 834 613 887 brorum
649 835 1058 906 compaginatus
1099 854 1205 893 non
1234 849 1337 906 est,
1377 842 1455 897 sic
1499 843 1687 898 sedere
1727 847 1982 916 quemad-

391 924 608 980 modum
653 940 771 979 nos.
824 924 928 981 Sed
954 928 1080 997 quia
1108 929 1259 986 sinus
1307 941 1488 987 noster
1515 934 1659 990 intus
1696 943 1797 999 est,
1833 951 1981 991 more

391 1021 575 1068 nostro
605 1013 830 1084 loquens
862 1015 1162 1088 Scriptura,
1203 1020 1256 1074 in
1297 1021 1417 1076 sinu
1457 1023 1636 1078 Patris
1681 1039 1802 1080 esse
1849 1025 1983 1080 dicit

396 1105 544 1171 ιλιι,
577 1107 796 1180 dicitur]
836 1125 997 1178 quem
1023 1111 1076 1165 in
1116 1121 1324 1168 secreto
1353 1115 1552 1181 Patris,
1577 1134 1684 1188 quo
1713 1118 1980 1175 humanus

382 1193 614 1253 intuitus
665 1199 972 1271 pertingere
1025 1218 1131 1258 non
1188 1205 1350 1271 valet,
1402 1222 1618 1278 semper
1670 1219 1978 1266 manentem

385 1288 499 1344 vult
534 1289 778 1362 intelligi.
801 1291 920 1348 Non
947 1302 1074 1350 tunc
1111 1305 1291 1352 autem
1320 1299 1492 1354 solum
1521 1303 1796 1358 enarrabit
1817 1302 1974 1375 ΗΛ..

382 1380 684 1454 enarravit]
736 1384 1045 1454 unigenitus
1085 1387 1256 1444 Filius
1298 1389 1488 1454 Deum,
1522 1391 1576 1445 id
1615 1401 1720 1458 est,
1775 1404 1977 1451 sanctae

381 1481 440 1526 et
470 1473 762 1530 individua:
789 1475 1092 1545 Trinitatis,
1118 1495 1238 1549 qua:
1263 1489 1348 1537 est
1375 1498 1514 1538 unus
1544 1483 1708 1549 Deus,
1748 1484 1974 1556 gloriam

382 1566 746 1623 inanil'estabit
803 1566 956 1641 [.lls.,
1021 1571 1408 1648 manifestavit]
1466 1577 1796 1642 hominibus,
1850 1594 1974 1634 cum

379 1668 503 1728 post
542 1661 848 1716 universale
877 1661 1141 1731 judicium
1170 1679 1358 1721 omnes
1398 1666 1606 1736 pariter
1650 1668 1856 1723 electos
1906 1671 1972 1725 ad

378 1750 644 1806 visionem
697 1751 961 1807 claritatis
1016 1753 1132 1822 ejus
1189 1755 1573 1813 inducetzsed
1626 1768 1681 1814 et
1729 1760 1971 1830 quotidie

2083 590 2205 628 eum
2256 578 2322 632 ad
2355 591 2680 652 praereptum
2731 585 2839 637 vita
2894 601 3248 657 praeparatur.
3306 593 3456 650 [Inde
3499 600 3673 670 scrip-

2083 675 2194 722 tum
2252 678 2334 724 est
2383 689 2393 724 :
2455 671 2515 727 Si
2567 677 2681 744 quis
2739 677 2911 748 diligit
2981 698 3092 746 me,
3163 685 3327 758 474,
3381 705 3674 748 sermonem

2083 774 2254 812 meum
2301 764 2542 828 servabit,
2593 776 2639 818 et
2690 765 2846 821 Pater
2892 787 3036 826 mens
3090 775 3266 845 diliget
3322 797 3462 845 eum,
3500 793 3547 836 ct
3601 787 3668 838 ad

2081 866 2197 902 eum
2272 853 2553 917 veniemus,
2603 865 2650 909 et
2688 859 3010 915 mansionem
3062 866 3201 934 apud
3265 885 3378 922 eum
3416 872 3667 940 faciemus

2081 939 2264 1010 (Joan.
2327 959 2438 1008 x1v,
2483 944 2597 1018 25).
2633 947 2890 1019 Quisquis
2937 969 3067 1024 ergo
3115 957 3165 1009 in
3217 963 3468 1029 superbia
3519 982 3666 1020 men-

2081 1039 2188 1084 tem
2215 1032 2408 1099 elevat,
2442 1035 2688 1106 quisquis
2725 1041 2970 1096 avaritia:
3005 1046 3225 1101 aestibus
3253 1051 3490 1116 anhelat,
3520 1055 3668 1122 quis-

2079 1125 2200 1192 quis
2227 1126 2528 1183 seluxurize
2554 1129 3016 1200 inquinationibus
3031 1136 3240 1205 polluit,
3267 1142 3444 1196 cordis
3468 1145 3667 1200 ostium
3701 1183 3704 1186 -

2079 1222 2266 1268 contra
2296 1217 2576 1272 veritatem
2605 1219 2841 1287 claudit;
2871 1234 2921 1278 et
2940 1239 3007 1279 ne
3021 1227 3088 1280 ad
3113 1229 3444 1286 seDominus
3463 1234 3662 1294 veniat,

2077 1305 2310 1361 claustra
2332 1309 2498 1364 animi
2524 1312 2663 1367 seris
2699 1314 2952 1370 vitiorum
2977 1319 3215 1373 damnat.
3242 1321 3346 1374 Sel
3374 1323 3551 1379 adhuc
3572 1325 3663 1395 qui
3695 1352 3700 1356 -

2078 1397 2228 1452 missi
2251 1409 2395 1462 sunt,
2436 1413 2856 1470 percunctantur
2876 1405 3077 1479 [Creg.,
3102 1414 3535 1487 percontantur].

2151 1487 2310 1543 Vens.
2360 1489 2450 1544 25.
2483 1521 2556 1532 —
2600 1491 2743 1560 Quid
2791 1513 2912 1566 ergo
2966 1498 3219 1569 baptizas,
3271 1504 3316 1555 si
3363 1513 3418 1557 tu
3465 1521 3569 1559 non
3610 1525 3663 1560 cs

2075 1576 2242 1641 Elius,
2284 1596 2446 1651 neque
2491 1581 2746 1647 Christus,
2796 1603 2958 1657 neque
2997 1590 3295 1660 propheta?
3336 1591 3488 1658 Quod
3536 1598 3663 1664 quia

2073 1684 2180 1723 non
2213 1671 2392 1726 studio
2423 1677 2810 1743 cognoscenda:
2838 1680 3099 1744 veritatis,
3143 1683 3238 1738 sed
3275 1686 3481 1740 malitia
3506 1703 3663 1744 exer-

2077 1761 2260 1816 cendae
2291 1764 2649 1821 a'mulationis
2691 1768 2911 1835 dicitur,
2940 1774 3269 1842 evangelista
3310 1777 3473 1833 tacite
3510 1780 3662 1835 inno-

380 1849 586 1906 narrat,
617 1856 740 1897 cum
765 1842 989 1912 singulis
1013 1844 1315 1914 quibusque
1343 1845 1580 1901 ﬁdelium
1601 1848 1968 1918 perfectorum
2006 1830 2047 1887 Β
2075 1851 2193 1914 tuit,
2222 1870 2341 1906 cum
2379 1854 2656 1924 subjnnxit
2692 1830 2924 1931 [dicens]
2952 1879 2964 1912 :

381 1945 504 1984 mox
536 1946 566 1984 a
597 1931 776 1986 carnis
820 1934 1169 2002 corruptione
1196 1934 1392 2007 [Edit.,
1425 1936 1849 2012 incorruptione]
1881 1956 1970 1995 so-

383 2017 534 2083 lutis,
557 2018 778 2090 implere
798 2021 1042 2090 coeperit,
1067 2023 1208 2092 quod
1231 2025 1480 2092 promisit
1505 2040 1519 2079 :
1548 2026 1652 2092 Qui
1673 2027 1843 2098 diligit
1868 2047 1965 2088 me.

381 2106 634 2178 diligetur
661 2127 694 2162 a
723 2107 885 2164 Patre
919 2129 1050 2177 meo,
1076 2123 1123 2167 et
1151 2131 1242 2185 ego
1273 2115 1490 2185 diligam
1529 2135 1670 2182 eum,
1707 2129 1754 2172 et
1794 2122 1968 2174 mani-

375 2195 573 2264 festabo
619 2198 668 2252 ei
713 2201 986 2270 meipsum.
1041 2201 1322 2273 Meipsum,
1369 2205 1566 2275 inquit,
1615 2208 1971 2265 manifestabo

380 2288 732 2346 dilectoribus
755 2293 910 2358 meis,
943 2302 1004 2348 ut
1029 2310 1188 2365 quem
1213 2296 1266 2350 in
1299 2312 1394 2351 sua
1424 2307 1794 2369 cognoverunt
1827 2316 1971 2354 mor-

375 2378 557 2445 talem,
587 2381 641 2436 in
667 2398 786 2437 mea
821 2391 998 2439 tamen
1028 2383 1180 2456 [Ms.,
1212 2396 1258 2440 et
1289 2386 1456 2451 Beda,
1494 2387 1548 2442 in
1572 2403 1690 2442 mea
1710 2387 1847 2459 jam]
1877 2405 1970 2442 na-

375 2484 519 2543 tura,
540 2475 683 2530 Patri
703 2486 758 2531 et
775 2476 996 2547 Spiritui
1021 2488 1208 2534 saneto
1229 2479 1412 2534 videre
1426 2480 1632 2550 possint
1649 2481 1928 2551 aequalem.
1944 2500 1962 2534 ι

370 2632 607 2692 Joannes
648 2647 799 2708 negat
823 2656 876 2693 se
901 2569 1333 2702 εεκεὲἴνξεῖωξιῐξ
1351 2642 1442 2695 sed
1486 2643 1700 2696 missum
1748 2660 1802 2697 se
1849 2653 1968 2698 ante

443 2721 636 2779 ipsum,
680 2725 954 2779 vocemque
996 2711 1272 2764 clamantis
1320 2712 1376 2766 in
1434 2713 1635 2766 deserto
1681 2714 1967 2767 secundum

477 2778 646 2831 saiam
670 2778 926 2832 enuntiat.

445 2865 608 2922 Vens.
640 2867 728 2922 19.
759 2898 829 2908 ——
855 2867 969 2922 Hoc
1004 2880 1080 2924 est
1103 2872 1458 2928 testimonium
1479 2872 1727 2939 Joannis,
1752 2873 1964 2944 quando

373 2948 621 3006 miserunt
646 2950 910 3006 Judwiab
937 2951 1316 3026 Hierosolymis
1356 2956 1652 3011 sacerdotes
1691 2967 1739 3011 et
1784 2956 1964 3011 levitas

371 3037 443 3092 ad
491 3053 627 3104 eum,
685 3049 744 3094 ut
785 3041 1163 3112 interrogarent
1213 3061 1333 3098 eum
1376 3061 1394 3100 :
1443 3045 1521 3100 Tu
1559 3045 1675 3118 quis
1729 3063 1806 3112 es,
1855 3054 1959 3102 etc.

2142 1945 2304 1999 Vsus.
2332 1945 2422 1999 2i.
2446 1977 2516 1986 —
2545 1947 2613 2001 Et
2651 1950 2740 2020 qui
2769 1951 2914 2005 missi
2940 1951 3170 2020 fuerant,
3197 1965 3346 2010 erant
3375 1974 3441 2011 ex
3467 1956 3666 2013 Phari-

2070 2033 2210 2086 sa‘is.
2237 2036 2314 2087 Ae
2339 2035 2381 2089 si
2427 2047 2614 2104 aperte
2642 2037 2788 2093 dicat
2819 2057 2833 2092 :
2862 2040 2941 2095 llli
2971 2039 3231 2098 Joannem
3261 2047 3326 2100 de
3363 2048 3477 2102 suis
3518 2051 3658 2104 acti—

2073 2123 2173 2177 bus
2212 2127 2514 2193 requirunt,
2538 2129 2628 2198 qui
2657 2129 2961 2186 doctrinam
2989 2135 3240 2190 nesciunt
3265 2153 3532 2206 quaerere,
3562 2144 3658 2196 sed

2073 2213 2332 2268 invidere.
2369 2215 2474 2271 Sed
2516 2229 2736 2274 sanctus
2759 2222 3007 2292 quisque,
3047 2227 3212 2281 etiam
3245 2246 3366 2284 cum
3405 2247 3660 2302 perversa

2072 2313 2252 2360 mente
2284 2307 2598 2376 requiritur,
2632 2326 2662 2364 a
2687 2313 2945 2369 bonitatis
2975 2331 3088 2372 sua:
3125 2321 3308 2377 studio
3343 2339 3451 2378 non
3481 2336 3659 2381 muta—

2073 2402 2176 2448 tur.
2208 2395 2360 2450 Unde
2386 2396 2621 2453 Joannes
2650 2417 2864 2470 quoque
2891 2404 2956 2458 ad
2994 2407 3160 2461 verba
3190 2409 3426 2477 invidiae,
3465 2417 3658 2484 praedi-

2070 2493 2316 2540 camenta
2346 2489 2624 2556 respondit
2654 2493 2793 2546 vitm.
2827 2492 2958 2546 Nam
2988 2497 3234 2564 protinus
3272 2500 3552 2574 adjungit:

2143 2575 2302 2630 Vsus.
2343 2577 2432 2630 26.
2465 2608 2535 2617 —
2565 2579 2680 2649 Ego
2717 2581 2922 2652 baptizo
2955 2585 3012 2638 in
3038 2602 3175 2654 aqua
3201 2603 3220 2639 :
3244 2590 3447 2645 medius
3476 2603 3651 2649 autem

2071 2675 2289 2720 vestrum
2315 2669 2479 2732 stetit,
2506 2686 2656 2738 quem
2686 2687 2770 2724 vos
2798 2673 3028 2727 nescitis.
3053 2673 3289 2732 Joannes
3307 2695 3414 2734 non
3433 2683 3671 2751 spiritu,.

2068 2757 2159 2812 sed
2193 2773 2332 2827 aqua
2367 2759 2621 2828 baptizat,
2656 2761 2782 2830 quia
2818 2771 3039 2830 peccata
3075 2766 3285 2824 solvere
3308 2786 3416 2826 non
3445 2773 3654 2838 valens,
3689 2827 3691 2830 .

2067 2851 2462 2922 baptizatorum
2492 2869 2720 2923 corpora
2750 2871 2886 2926 aqua
2917 2856 3083 2924 lavat,
3107 2861 3204 2915 sed
3229 2871 3410 2918 tamen
3438 2880 3540 2934 per
3563 2882 3662 2922 νο*
3690 2902 3694 2905 -

2067 2944 2212 2999 niam
2261 2943 2470 3016 [Greg.,
2517 2955 2752 3003 mentem
2783 2964 2882 3018 per
2914 2951 3150 3024 veniam]
3199 2969 3308 3009 non
3353 2955 3516 3012 lavat.
3544 2958 3653 3014 Cur

2066 3049 2196 3106 ergo
2218 3035 2476 3105 baptizat,
2508 3038 2599 3108 qui
2621 3049 2848 3108 peccata
2873 3055 2970 3112 per
2990 3043 3258 3112 baptisma
3289 3061 3397 3100 non
3418 3047 3647 3115 relaxat,
3671 3109 3677 3118 η

377 3147 396 3178 ε
419 3129 536 3184 sm
560 3131 644 3184 his
674 3132 853 3188 verbis
874 3130 1096 3188 Joannis
1117 3133 1392 3190 humilius
1417 3138 1846 3201 commendatur,
1871 3136 1963 3206 qui
1989 3173 2037 3238 ϐ
2068 3128 2172 3183 nisi
2203 3137 2262 3183 ut
2283 3131 2665 3199 preecursionis
2692 3149 2804 3189 suae
2832 3135 3079 3238 ordinem
3103 3152 3352 3205 servans,
3390 3139 3484 3210 qui
3525 3157 3647 3195 nas-

370 3239 494 3278 cum
527 3231 688 3279 tanta:
713 3225 926 3280 virtutis
951 3235 1116 3289 esset,
1145 3235 1204 3280 ut
1225 3227 1473 3283 Christus
1500 3229 1644 3284 credi
1670 3230 1954 3298 potuisset,

367 3313 530 3384 elegit
573 3314 740 3370 solide
770 3316 1067 3372 subsistere
1098 3320 1148 3370 in
1179 3332 1256 3381 se,
1305 3333 1370 3372 ne
1425 3319 1659 3373 lmmana
1704 3320 1960 3390 opinione

370 3415 656 3476 raperetur"
679 3407 911 3464 inaniter
944 3424 1106 3478 super
1131 3424 1208 3464 se.

443 3498 604 3553 Vsus.
636 3499 727 3553 20.
771 3529 845 3539 —
885 3499 953 3553 Et
982 3501 1252 3567 confessus
1285 3513 1382 3566 est,
1415 3512 1588 3556 etnon
1642 3507 1867 3574 negavit,
1907 3517 1954 3559 et

365 3586 637 3655 confessus
676 3597 776 3654 est,
794 3589 919 3658 quia
959 3606 1064 3644 non
1092 3607 1208 3643 sum
1254 3607 1346 3662 ego
1377 3591 1636 3646 Christus.
1689 3593 1792 3648 Sed
1827 3596 1954 3664 quia

367 3677 532 3741 dixit,
569 3679 692 3734 Non
729 3696 870 3746 sum,
915 3681 1131 3750 negavit
1166 3682 1324 3752 plane
1358 3685 1634 3754 quodnon
1683 3693 1820 3748 erat,
1863 3687 1956 3741 sed

369 3787 478 3827 non
522 3775 734 3844 negavit
767 3775 909 3844 quod
945 3782 1102 3840 erat;
1133 3782 1191 3828 ut
1226 3777 1510 3831 veritatem
1543 3777 1789 3846 loquens,
1837 3777 1955 3845 ejus

369 3864 670 3920 membrum
720 3865 874 3920 ﬁeret
924 3864 1079 3934 cujus
1134 3866 1236 3921 sibi
1291 3882 1485 3922 nomen
1539 3865 1804 3921 fallaciter
1849 3883 1954 3922 non

369 3965 677 4026 usurparet.
743 3957 877 4012 Cum
931 3973 1062 4029 ergo
1119 3974 1226 4013 non
1283 3959 1398 4012 vult
1451 3965 1704 4028 appetere
1760 3973 1953 4013 nomen

368 4046 592 4114 Christi,
623 4046 794 4103 factus
819 4057 902 4103 est
927 4050 1231 4104 membrum
1259 4047 1458 4104 Christi
1488 4067 1500 4102 :
1525 4049 1650 4119 quia
1700 4050 1824 4103 dum
1874 4051 1954 4104 in-

367 4141 686 4195 ﬁrmitatem
710 4156 862 4194 suam
911 4141 1114 4196 studuit
1152 4139 1426 4194 humiliter
1465 4155 1780 4209 agnoscere,
1815 4139 1954 4194 illius

363 4231 742 4286 celsitudinem
803 4231 1000 4286 meruit
1054 4230 1324 4286 veraciter
1372 4230 1637 4285 obtinere.
1695 4229 1953 4296 Quisnam

363 4323 462 4386 sit,
493 4320 745 4376 continuo
772 4321 1050 4392 exprimit,
1077 4336 1199 4376 cum
1229 4321 1502 4391 sulijungit
1531 4338 1543 4374 :

438 4411 602 4467 Vsus.
629 4410 716 4466 23.
747 4443 816 4452 —
845 4411 959 4482 Ego
983 4428 1079 4466 vox
1099 4410 1374 4466 clamantis
1415 4409 1470 4465 in
1514 4412 1736 4466 deserto.
1791 4411 1954 4466 Scitis

2065 3221 2298 3289 citurum
2325 3225 2596 3279 nascendo
2614 3234 2974 3294 praevenerat,
3005 3227 3405 3298 baptizaturum
3436 3247 3672 3303 quoque.

2061 3312 2346 3366 Dominum
2368 3314 2692 3384 baptizando
2717 3319 3039 3386 prmveniret
3059 3321 3082 3373 ?
3105 3320 3172 3374 Et
3192 3321 3285 3390 qui
3307 3323 3654 3390 praedicando

2059 3401 2236 3458 factus
2255 3412 2338 3458 est
2375 3420 2679 3473 prmcursor
2707 3407 2934 3475 Christi,
2958 3408 3286 3480 baptizando
3321 3413 3486 3466 etiam
3512 3429 3650 3484 prir-

2058 3511 2251 3550 cursor
2286 3495 2403 3564 ejus
2435 3498 2611 3567 ﬁeret,
2636 3501 2935 3556 imitatione
2965 3504 3338 3557 sacramenti?
3367 3505 3466 3571 Qui
3507 3505 3650 3560 inter

2060 3589 2174 3642 haec
2196 3590 2512 3659 mysterium
2540 3590 2912 3660 Redemptoris
2931 3593 3100 3645 nostri
3126 3595 3475 3662 annuntians,
3501 3597 3642 3652 bunc

2058 3679 2113 3732 in
2164 3680 2340 3733 medio
2371 3680 2647 3733 hominum
2690 3689 2745 3734 et
2790 3681 3010 3740 stetisse
3060 3685 3258 3740 asserit
3310 3695 3366 3742 et
3403 3689 3641 3752 nesciri;

2057 3769 2183 3838 quia
2213 3783 2309 3836 per
2347 3783 2566 3823 carnem
2591 3769 2848 3827 Dominus
2884 3788 3170 3843 apparens,
3199 3785 3254 3832 et
3281 3778 3509 3835 visibilis
3538 3790 3647 3835 stc—

2060 3859 2123 3911 tit
2142 3873 2369 3927 corpore
2394 3867 2450 3913 et
2472 3858 2754 3915 invisibilis
2776 3861 3080 3930 majestate.
3107 3866 3182 3921 De
3206 3883 3314 3936 quo
3328 3869 3494 3924 etiam
3520 3871 3647 3925 sub-

2057 3948 2229 4004 didit:
2262 3947 2363 4011 Qni
2388 3958 2502 4018 post
2525 3965 2606 4003 me
2627 3951 2782 4013 venit,
2809 3960 2929 4004 ante
2960 3969 3039 4005 me
3067 3953 3236 4021 factus
3259 3965 3354 4009 est.
3381 3957 3473 4012 Sic
3495 3975 3648 4013 nam-

2057 4054 2162 4109 que
2184 4039 2418 4094 dicitur:
2452 4041 2585 4094 Ante
2619 4057 2699 4094 me
2728 4041 2900 4110 factus
2936 4052 3031 4108 cst,
3061 4057 3124 4096 ac
3159 4044 3204 4097 si
3247 4044 3479 4111 dicatur,
3519 4057 3647 4104 ante

2059 4129 2192 4203 [me]
2241 4132 2469 4201 positus.
2501 4131 2631 4188 Post
2667 4147 2756 4188 me
2783 4148 2912 4203 ergo
2940 4134 3108 4200 venit,
3148 4135 3273 4204 quia
3299 4139 3640 4206 postmodum

2058 4233 2255 4289 natus;
2288 4233 2411 4278 ante
2441 4231 2624 4279 autem
2662 4223 2838 4281 factus
2882 4234 2989 4290 est,
3040 4225 3167 4295 quia
3197 4227 3329 4282 mihi
3366 4227 3641 4296 praelatus.

2060 4317 2165 4372 Sed
2211 4320 2327 4373 bace
2373 4319 2531 4388 paulo
2581 4322 2829 4388 superius
2870 4319 3074 4384 dicens,
3114 4319 3278 4372 etiam
3315 4319 3647 4388 pimlationis

2059 4407 2176 4478 ejus
2203 4423 2395 4461 causas
2434 4407 2644 4477 aperuit
2682 4423 2805 4462 cum
2843 4406 3157 4476 sulijunxit:
3203 4406 3342 4472 Quia
3377 4408 3522 4479 prior
3564 4425 3646 4462 me

361 4503 493 4574 quia
519 4503 825 4573 unigenitus
843 4502 1010 4557 Filius
1026 4502 1258 4557 Verbum
1282 4501 1458 4557 Patris
1472 4510 1713 4566 vocatur,
1750 4501 1955 4559 Joanne

2072 4507 2192 4552 erat.
2222 4497 2301 4551 Ac
2339 4497 2382 4552 si
2411 4505 2597 4567 aperte
2626 4497 2806 4551 dicat:
2838 4495 2961 4551 inde
2995 4511 3082 4551 me
3128 4497 3292 4550 etiam
3336 4505 3458 4566 post
3485 4505 3646 4552 natus

360 4604 676 4661 attestante,
705 4596 797 4665 qui
825 4595 936 4649 ait:
969 4597 1034 4648 In
1047 4595 1301 4665 principio
1332 4603 1443 4647 erat
1483 4593 1725 4660 Verbum,
1753 4605 1801 4648 et
1830 4594 1954 4649 Ver-

363 4689 488 4741 bum
513 4695 624 4740 erat
648 4685 789 4755 apud
812 4683 1001 4750 Deum,
1025 4692 1071 4736 et
1096 4682 1236 4736 Dens
1259 4691 1370 4735 erat
1401 4679 1644 4746 Verbum,
1675 4692 1731 4738 ct
1749 4700 1816 4737 ex
1838 4685 1952 4754 ipsa

362 4785 543 4833 vestra
571 4776 840 4832 locutione
875 4774 1230 4845 cognoscitis,
1272 4772 1396 4841 quia
1441 4773 1592 4842 prius
1630 4790 1732 4827 vox
1775 4785 1952 4842 sonat,

361 4875 424 4920 ut
442 4866 668 4921 verbum
691 4865 1032 4936 postmodum
1050 4864 1220 4934 possit
1246 4861 1442 4916 audiri.
1461 4860 1696 4918 Joannes
1718 4879 1846 4935 ergo
1864 4881 1956 4920 vo-

361 4973 482 5012 cem
515 4971 572 5011 se
616 4972 735 5012 esse
758 4955 970 5020 asserit,
1005 4955 1129 5024 quia
1163 4954 1400 5009 Verbum
1446 4953 1720 5022 prtecedit.
1743 4954 1956 5011 Adven-

361 5057 478 5104 tum
508 5047 690 5118 itaque
716 5047 1056 5103 Dominicum
1087 5059 1428 5116 przccurrens
1454 5059 1554 5098 vox
1585 5043 1804 5109 dicitur,
1830 5047 1953 5114 quia

358 5153 459 5209 per
499 5136 617 5206 ejus
653 5137 1036 5201 ministerium,
1076 5137 1252 5191 Patris
1284 5136 1506 5191 verbum
1552 5135 1620 5189 ab
1651 5133 1957 5190 hominibus

359 5227 518 5301 [ΗΜ
564 5228 836 5300 omnibus]
874 5227 1126 5291 auditur;
1174 5227 1446 5296 quietiam
1487 5225 1541 5279 in
1588 5224 1800 5279 deserto
1844 5224 1955 5279 cla-

359 5328 498 5386 mat,
533 5321 662 5390 quia
711 5319 982 5376 derelicta:
1007 5333 1073 5373 ac
1120 5318 1391 5373 destituta:
1433 5317 1654 5382 Iudaeas,
1707 5317 1957 5372 solatium

357 5410 722 5480 redemptoris
751 5409 1056 5465 annuntiat.
1091 5407 1231 5474 Quid
1255 5417 1433 5464 autem
1473 5409 1672 5465 clamet
1699 5409 1956 5475 insinuat,

357 5518 489 5560 cum
515 5503 793 5578 subiungit
818 5519 832 5557 :

433 5592 658 5663 Dirigite
701 5595 837 5648 viam
874 5593 1108 5657 Domini,
1139 5593 1272 5645 sicut
1303 5591 1434 5645 dixit
1474 5591 1646 5648 Isaias
1687 5597 1955 5666 propheta.

360 5683 465 5738 Via
501 5685 712 5738 Domini
765 5685 832 5739 ad
855 5700 950 5740 cor
993 5683 1268 5754 dirigitur,
1316 5695 1440 5736 eum
1487 5683 1732 5738 veritatis
1779 5700 1958 5740 sermo

447 5809 470 5838 ι
493 5797 568 5853 Ex
609 5794 766 5851 “om.
807 5797 977 5852 sancti
1003 5794 1242 5870 Gregorii
1267 5807 1418 5863 papa:
1447 5792 1538 5847 lib.
1566 5794 1780 5858 1,.hom.
1811 5797 1861 5849 7-

2057 4598 2293 4659 supcrat,
2327 4603 2433 4656 quo
2459 4603 2583 4642 eum
2612 4587 2909 4642 nativitatis
2937 4603 3047 4642 sum
3071 4596 3311 4656 tempora
3343 4604 3448 4642 non
3477 4604 3643 4659 augu-

2058 4687 2222 4735 stant.
2254 4678 2387 4732 Nam
2401 4680 2493 4748 qui
2515 4693 2610 4748 per
2638 4687 2867 4734 matrem
2892 4680 2946 4732 in
2971 4688 3211 4748 tempore
3238 4680 3501 4748 nascitur,
3527 4681 3644 4736 sine

2059 4783 2299 4842 tempore
2327 4780 2410 4827 est
2445 4789 2476 4827 a
2512 4771 2670 4827 Patre
2685 4781 3010 4842 generatus:
3044 4773 3129 4827 cui
3153 4781 3370 4842 quanta:
3393 4789 3646 4830 reveren-

2058 4866 2146 4919 tia:
2160 4863 2511 4918 humilitatem
2529 4863 2742 4929 debeat,
2761 4863 3038 4919 subdendo
3049 4862 3373 4925 manifestat,
3391 4881 3512 4920 eum
3537 4867 3647 4922 ait:

2129 4957 2292 5012 Vsus.
2327 4957 2416 5010 27.
2448 4987 2518 4995 —-
2547 4957 2712 5028 Cujus
2743 4973 2846 5011 non
2871 4973 2986 5011 sum
3025 4957 3214 5026 dignus
3239 4956 3436 5012 solvere
3477 4959 3645 5013 corri-

2057 5047 2196 5115 giam
2243 5046 2600 5103 calceamenti.
2630 5048 2746 5103 Mos
2769 5049 2909 5119 apud
2938 5057 3148 5105 veteres
3190 5047 3314 5114 fuit,
3346 5058 3402 5103 ut
3429 5051 3472 5102 si
3522 5050 3648 5118 quis

2058 5152 2176 5192 eam
2220 5153 2339 5206 qute
2381 5139 2484 5195 sibi
2523 5148 2874 5209 competeret,
2908 5140 3153 5209 accipere
3191 5155 3416 5195 uxorem
3456 5140 3644 5205 nollet,

2059 5228 2150 5282 ille
2178 5229 2226 5282 ei
2268 5230 2693 5285 ealceamentum
2732 5230 2984 5293 solveret,
3023 5231 3114 5299 qui
3139 5231 3205 5285 ad
3235 5231 3375 5286 banc
3407 5247 3642 5302 sponsus

2053 5321 2179 5390 jure
2209 5321 2623 5392 propinquitatis
2664 5323 2890 5377 veniret.
2929 5321 3067 5387 Quid
3095 5323 3262 5394 igitur
3288 5324 3430 5380 inter
3462 5326 3638 5380 homi-

2060 5429 2156 5467 nes
2182 5411 2447 5475 Cbristus,
2476 5411 2578 5467 nisi
2608 5420 2809 5468 sanctae
2832 5413 3085 5468 Ecclesiae
3114 5429 3344 5483 sponsus
3362 5416 3646 5486 apparuit?

2062 5502 2136 5558 De
2171 5519 2278 5574 quo
2317 5510 2370 5558 et
2398 5501 2539 5556 idem
2582 5499 2817 5558 Joannes
2863 5502 3025 5558 dicit:
3059 5501 3166 5568 Qui
3193 5502 3344 5557 habet
3374 5521 3648 5575 sponsam,

2061 5611 2277 5665 sponsus
2306 5602 2379 5648 est
2412 5591 2592 5665 (Joan.
2631 5591 2846 5663 111,29).
2883 5591 2987 5647 Sed
3015 5593 3140 5663 quia
3177 5591 3438 5650 Joannem
3462 5596 3643 5650 homi—

2061 5702 2157 5742 nes
2209 5685 2484 5741 Christum
2525 5700 2642 5742 esse
2671 5692 3016 5755 putaverunt,
3061 5687 3204 5756 quod
3235 5684 3374 5740 idem
3404 5685 3652 5738 Joannes.

3686 465 3748 604 ’ἓ
