4020 6186
460 402 535 457 aa
1274 358 1336 452 Β.
1375 398 1437 452 ιη’.
1486 358 1711 451 nam
1751 395 1884 451 seu
1920 395 2000 448 AL

2106 394 2195 449 m
2230 356 2531 451 ορεῑιωί
2553 393 2732 449 rans
2768 393 2830 449 η.

3583 386 3686 445 756

426 520 608 583 negat,
652 518 797 566 recte
832 520 891 561 sc
927 507 1205 576 indignum
1232 522 1351 562 esse
1381 507 1447 562 ad
1486 506 1799 563 solvendum
1828 505 2000 561 corri—
2032 511 2073 565 Α
2101 504 2430 573 justiﬁcandi
2462 506 2625 561 habet
2659 513 3003 575 potestatem.
3046 504 3337 571 Quomodo,
3359 512 3540 560 autem
3566 478 3691 575 pec-

424 606 566 673 giam
591 617 707 668 ejus
728 599 1081 656 calceamenti
1110 599 1408 654 denuntiat.
1450 599 1527 654 Ac
1551 600 1595 655 si
1619 608 1803 670 aperte
1824 598 1998 653 dicat:

421 687 534 765 Ego
565 689 942 759 Redemptoris
966 689 1191 760 vestigia
1222 689 1497 743 denudarc
1526 705 1632 744 nou
1662 689 1836 751 valeo,
1877 687 2004 757 quia

422 781 601 854 sponsi
631 795 828 836 nomen
857 780 991 835 mihi
1017 780 1322 835 immeritus
1360 797 1465 835 non
1497 796 1716 851 usurpo.
1744 779 1895 846 Quod
1924 786 2004 832 ta-

397 858 543 928 "men
590 870 813 942 intelligi
869 879 925 925 et
980 870 1137 925 aliter
1183 879 1379 939 potest.
1428 870 1560 938 Quis
1606 871 1747 925 enim
1799 869 2005 931 nesciat

419 962 564 1034 quod
601 963 969 1019 calceamenta
998 976 1065 1015 ex
1094 962 1323 1016 mortuis
1358 961 1685 1015 animalibus
1717 959 1890 1013 ﬁant?
1919 959 2003 1014 ln-

418 1062 674 1111 carnatus
700 1068 832 1108 vero
856 1052 1118 1107 Dominus
1150 1053 1392 1115 veniens,
1427 1052 1581 1121 quasi
1612 1051 1883 1106 calceatus
1911 1064 2006 1120 ap-

416 1144 615 1216 paruit,
643 1144 738 1215 qui
762 1144 816 1198 in
850 1143 1127 1198 divinitate
1150 1157 1246 1197 sua
1273 1142 1555 1195 morticina
1581 1139 1733 1212 [Ms.,
1763 1141 2004 1195 mortici-

421 1222 572 1308 uam]
590 1240 790 1289 nostra:
813 1232 1177 1301 corruptionis
1199 1232 1513 1302 assumpsit.
1558 1231 1711 1286 Unde
1727 1232 1891 1285 etiam
1909 1247 2005 1302 per

418 1326 740 1396 Prophetam
762 1324 891 1379 dicit
918 1337 933 1376 :
963 1322 1031 1376 In
1054 1321 1331 1376 Idumeam
1373 1321 1649 1377 extendam
1684 1320 2006 1376 calceamen-

420 1432 531 1474 tum
552 1417 913 1491 mcum(Psal.
934 1416 1176 1491 Lix,10).
1204 1419 1310 1475 Per
1343 1418 1617 1474 ldumeam
1657 1417 1855 1487 quippe
1878 1432 2007 1487 geu-

417 1512 586 1567 tilitas
607 1508 941 1583 designatur.
974 1512 1030 1566 in
1052 1511 1326 1567 Idumeam
1355 1526 1486 1581 ergo
1509 1510 1772 1566 Dominus
1798 1509 2007 1564 calcea-

420 1611 659 1669 mentum
701 1618 858 1664 suum
895 1616 953 1656 se
980 1602 1270 1659 extendere
1314 1600 1530 1664 asserit,
1562 1601 1687 1671 quia
1734 1599 1862 1654 dum
1910 1613 2006 1667 per

416 1707 635 1753 carnem
666 1693 915 1763 gentibus
952 1692 1198 1757 innotuit,
1234 1690 1387 1770 quasi
1418 1689 1659 1754 calceata
1698 1688 1764 1743 ad
1790 1703 1887 1744 nos
1926 1687 2006 1742 di—

417 1785 611 1842 vinitas
639 1786 808 1841 venit.
834 1784 941 1840 Sed
964 1782 1124 1852 hujus
1153 1782 1543 1845 incarnationis
1562 1783 1879 1855 mysterium
1911 1782 2007 1836 hu-

2106 608 2224 651 cata
2280 598 2465 652 mundi
2522 597 2695 663 tollat,
2750 612 2857 668 quo
2920 595 3425 666 ordine‘justiiicet
3474 597 3694 670 impios,

2105 686 2378 757 apostolus
2421 687 2614 745 Petrus
2643 688 2902 752 ostendit,
2925 687 3017 758 qui
3048 686 3123 741 ait
3148 705 3160 741 :
3194 686 3318 743 Non
3340 690 3694 761 corruptibili-

2106 780 2220 844 bus,
2265 789 2477 851 argento
2512 779 2590 838 vel
2638 798 2769 837 auro
2796 781 3047 855 redempti
3086 780 3209 836 estis
3257 780 3322 836 de
3347 792 3695 853 vanarestra

2105 871 2490 935 conversatione
2533 881 2764 942 paterna:
2810 871 3132 936 traditionis,
3170 870 3262 929 sed
3300 872 3530 942 pretioso
3571 890 3697 929 san-

2103 961 2278 1030 guine,
2325 962 2477 1034 quasi
2523 962 2647 1033 agni
2683 962 3106 1027 incontaminati,
3137 972 3187 1016 et
3212 946 3540 1023 immaculati
3566 962 3695 1027 Iesu

2106 1049 2302 1104 Christi
2326 1036 2378 1121 (Ἰ
2399 1050 2546 1105 Petr.
2574 1069 2617 1116 ιι
2638 1052 2855 1126 18,19).
2882 1051 3141 1129 Sequitur
3164 1070 3179 1118 ξ

2179 1142 2341 1222 Vnus.
2367 1141 2456 1197 50.
2482 1173 2551 1182 ——
2575 1140 2812 1198 Joannes
2840 1143 3207 1205 testimonium
3230 1143 3479 1220 perhibet
3511 1145 3703 1203 deDo-

2105 1236 2270 1293 mino.
2296 1232 2395 1295 llic
2421 1244 2496 1287 est
2527 1234 2592 1288 de
2619 1251 2722 1315 quo
2752 1234 2887 1296 dixi,
2918 1243 3033 1311 post
3064 1251 3147 1289 me
3176 1236 3311 1295 venit
3336 1237 3432 1299 vir,
3462 1236 3557 1307 qui
3575 1248 3700 1298 ante

2105 1340 2186 1378 me
2209 1322 2380 1394 {arma
2407 1334 2503 1387 est,
2534 1325 2659 1397 quia
2687 1325 2834 1395 prior
2857 1340 2939 1378 me
2963 1333 3097 1379 erat.
3142 1324 3274 1386 Post
3296 1340 3382 1381 me
3403 1327 3551 1386 venit
3590 1328 3699 1399 vir,

2105 1425 2226 1486 post
2254 1430 2340 1472 mc
2368 1424 2531 1478 natus.
2551 1423 2635 1471 est
2659 1416 2712 1471 in
2735 1416 2960 1490 mundo,
2979 1424 3102 1485 post
3128 1431 3215 1473 me
3240 1417 3536 1489 praedicare
3561 1419 3699 1474 inci-

2107 1509 2218 1579 pict
2237 1508 2476 1575 mundo;
2510 1509 2603 1589 qui
2630 1516 2756 1572 ante
2779 1524 2866 1563 me
2893 1507 3069 1564 factus
3089 1518 3192 1575 est,
3224 1510 3320 1580 qui
3344 1526 3432 1567 me
3452 1513 3701 1582 potentia

2108 1600 2407 1669 maiestatis
2426 1607 2657 1665 tantum,
2691 1609 2952 1670 quantum
2985 1600 3493 1671 prmconemtjudex,
3524 1618 3700 1673 quan-

2108 1705 2220 1749 tum
2263 1694 2343 1749 sol
2365 1692 2695 1759 Luciferum,
2745 1689 2872 1748 licet
2906 1701 3029 1768 post
3070 1708 3356 1771 apparens,
3399 1694 3701 1755 antecellit.

2110 1786 2244 1853 Quia
2275 1786 2425 1856 prior
2452 1800 2540 1840 me
2568 1794 2710 1850 erat,
2748 1784 2877 1853 quia
2917 1783 2975 1838 in
2998 1784 3256 1861 principio
3281 1793 3393 1844 erat
3449 1781 3702 1849 Verbum,

415 1891 604 1939 manus
626 1875 814 1931 oculus
832 1883 1241 1945 penetrarenon
1273 1873 1487 1929 suliicit.
1514 1873 1830 1943 Iuvestigari
1853 1873 1997 1926 enim
2031 1859 2074 1917 Β
2105 1889 2150 1931 ιιι
2193 1874 2412 1931 Verbum
2453 1885 2566 1931 erat
2595 1875 2738 1948 apud
2770 1875 2957 1941 Deum,
3004 1884 3051 1933 et
3095 1859 3237 1930 Deus
3285 1884 3397 1930 erat
3446 1873 3695 1930 Verbum.

414 1966 719 2031 nullatenus
778 1948 977 2036 potest,
1006 1964 1304 2035 quomodo
1359 1964 1737 2034 incorporatur
1794 1961 1997 2034 [Crcg..

414 2056 754 2130 corporatur]
788 2040 1012 2112 verbum
1037 2042 1352 2125 {quomodo
1391 2069 1634 2109 summus
1667 2064 1722 2109 et
1759 2052 2002 2108 viviﬁca-

415 2154 502 2213 ιρι·
548 2132 772 2216 spiritus
821 2145 963 2200 intra
1011 2155 1224 2200 uterum
1287 2145 1476 2213 matris
1529 2146 1835 2209 animatur;
1871 2160 2003 2215 quo-

419 2224 593 2303 modo
621 2236 669 2291 is
695 2237 788 2306 qul
818 2235 1029 2303 initium
1062 2249 1169 2290 non
1200 2236 1386 2303 habet,
1423 2244 1478 2290 et
1505 2236 1691 2295 existit
1723 2245 1778 2290 et
1820 2237 2002 2292 conci-

417 2327 580 2398 pitur.
603 2313 848 2400 Corrigia
886 2342 1016 2389 vero
1047 2326 1400 2387 calceamenti
1430 2335 1514 2381 est
1548 2327 1774 2396 ligatura
1806 2335 2003 2397 myste-

417 2403 503 2481 rii.
551 2415 787 2472 Joannes
833 2416 1014 2487 itaque
1061 2416 1269 2477 solvere
1318 2415 1606 2486 corrigiam
1650 2415 1999 2470 calceamenti

416 2508 534 2579 ejus
581 2523 688 2562 non
732 2507 892 2571 valet,
933 2508 1058 2577 quia
1100 2506 1487 2563 incarnationis
1533 2507 1849 2577 mysterium
1901 2521 2001 2562 nec

415 2586 529 2669 ipse
560 2599 883 2670 investigare
905 2584 1123 2663 sufﬁcit,
1162 2597 1254 2669 qui
1281 2598 1421 2653 hanc
1446 2611 1542 2667 per
1576 2596 1872 2669 prophetia:
1894 2596 2002 2665 spi-

423 2692 585 2748 ritum
614 2691 854 2761 agnovit.
897 2689 1036 2763 Quid
1064 2698 1149 2745 est
1188 2705 1317 2767 ergo
1353 2690 1553 2755 dicere,
1597 2688 1719 2743 Non
1762 2706 1877 2753 sum
1921 2689 2001 2750 di-

416 2792 549 2854 gnus
570 2781 766 2837 solvere
789 2780 1071 2852 corrigiam
1093 2778 1432 2834 calceamenti
1456 2779 1590 2859 ejus,
1613 2778 1713 2832 nisi
1743 2787 1926 2859 aperte
1948 2786 2004 2833 et

419 2871 698 2939 humiliter
747 2884 902 2926 suam
956 2868 1316 2940 ignorantiam
1362 2866 1650 2939 proﬁteri?
1695 2866 1772 2922 Ac
1820 2866 1865 2921 si
1908 2881 2002 2935 pa-

416 2969 593 3027 tenter
622 2960 806 3016 dicat:
832 2958 974 3026 Quid
1004 2960 1224 3024 mirum,
1262 2959 1308 3013 si
1337 2957 1467 3013 mihi
1491 2957 1580 3012 ille
1608 2956 1867 3027 praelatus
1894 2965 1997 3023 est,

414 3068 579 3123 quem
614 3059 737 3125 post
784 3065 872 3106 me
917 3050 1134 3121 quidem
1170 3058 1355 3106 natum
1392 3049 1697 3114 considero,
1734 3047 1829 3103 sed
1862 3048 2002 3102 uati-

419 3126 603 3210 vitatts
629 3142 746 3212 eius
765 3128 1088 3214 mysterium
1118 3157 1225 3197 non
1248 3140 1592 3212 apprehende
1617 3152 1641 3180 α
1665 3140 1690 3193 ?
1718 3162 1736 3192 ι

2115 1968 2233 2022 Post
2283 1984 2365 2022 me
2394 1969 2530 2022 venit
2576 1967 2672 2030 vir,
2718 1974 2932 2038 tempus
2967 1967 3219 2021 humanae
3260 1966 3559 2021 nativitatis
3595 1966 3697 2022 de-

2102 2060 2299 2129 signat,
2349 2057 2404 2112 in
2436 2072 2543 2127 quo
2582 2056 2790 2113 Joanne
2825 2057 3183 2127 posteriorem
3226 2056 3504 2119 Christum
3532 2056 3699 2112 intele

2103 2149 2207 2221 lige
2230 2166 2243 2215 ;
2270 2148 2374 2216 Qui
2400 2159 2522 2204 ante
2551 2166 2632 2204 me
2666 2149 2837 2218 factus
2867 2158 2964 2214 est,
3005 2150 3299 2219 primatum
3326 2149 3489 2220 regite
3540 2159 3703 2228 pote-,

2104 2242 2279 2303 statis,
2335 2256 2441 2312 quo
2492 2241 2656 2296 etiam
2700 2240 2906 2310 angelis
2959 2241 3231 2310 pnesidel,
3289 2241 3497 2296 intuere
3524 2259 3545 2309 ς,
3570 2242 3703 2320 quia

2101 2333 2247 2403 prior
2289 2350 2367 2386 me
2401 2342 2533 2398 erat,
2569 2333 2929 2387 mternitatem
2976 2332 3171 2387 divina:
3222 2331 3544 2403 majestatis,
3588 2348 3703 2403 qua.

2102 2421 2245 2475 Patri
2291 2431 2374 2476 cst
2411 2422 2652 2492 aequalis,
2701 2420 2958 2492 intellige.
2996 2420 3123 2476 Post
3170 2439 3250 2476 me
3281 2423 3417 2477 venit
3458 2412 3559 2489 vir,
3602 2424 3699 2495 qui

2103 2522 2224 2566 ante
2249 2529 2329 2565 me
2359 2512 2530 2581 factus
2555 2523 2651 2575 est,
2680 2513 2806 2583 quia
2831 2512 2979 2582 prior
3010 2528 3092 2564 me
3114 2524 3245 2565 crat.
3275 2510 3404 2566 Post
3431 2524 3518 2567 me
3546 2513 3697 2568 venit

2104 2601 2459 2667 humanitate,
2506 2603 2598 2672 qui
2635 2602 2755 2657 ideo
2794 2618 2882 2657 me
2916 2602 3177 2672 prmcellit
3224 2602 3506 2674 dignitate,
3566 2605 3697 2676 quia

2102 2691 2255 2760 prior
2279 2704 2365 2747 me
2390 2700 2508 2751 erat
2534 2691 2838 2751 divinitate.

2178 2781 2337 2835 Vitas.
2362 2782 2451 2836 51.
2482 2812 2553 2821 --
2594 2781 2664 2835 Et
2689 2799 2782 2853 ego
2825 2784 3134 2850 nesciebam,
3159 2783 3357 2854 inquit,
3394 2802 3532 2840 eum.
3562 2784 3695 2841 Cer-

2103 2880 2216 2926 tum
2245 2876 2328 2926 est
2355 2872 2478 2942 quia
2502 2871 2709 2926 sciebat
2728 2862 3018 2927 Dominum
3045 2871 3304 2937 Joannes,
3327 2875 3413 2930 cui
3445 2876 3690 2931 testimo-

2104 2964 2251 3019 nium
2286 2964 2576 3033 perhibere
2612 2963 2812 3019 missus
2859 2972 2963 3029 est,
2994 2978 3153 3034 quem
3172 2964 3411 3034 judicem
3445 2966 3689 3022 omnium

2102 3048 2391 3112 venturum
2434 3055 2792 3130 praedicabat,
2819 3055 3041 3111 dicens:
3069 3056 3236 3127 Cujus
3266 3057 3603 3112 ventilabrum
3630 3060 3695 3113 in

2104 3163 2263 3200 manu
2335 3164 2451 3211 sua,
2503 3156 2554 3200 et
2625 3145 2989 3216 permundabit
3028 3162 3211 3200 aream
3256 3164 3405 3201 suam
3465 3146 3686 3219 (Matth.

486 3202 842 3323 4753mm:
862 3233 953 3290 ‘28.
972 3232 1189 3287 -Ηηοε
1207 3233 1261 3287 in
1278 3202 1536 3286 Detliania
1551 3230 1693 3301 facta
1715 3241 1837 3285 sunt
1855 3242 2002 3286 trans
2029 3202 2075 3265 ϐ
2106 3236 2295 3309 "1,12)
2319 3253 2334 3303 ;
2361 3251 2391 3290 a
2425 3202 2532 3306 quo
2561 3202 2821 3306 Spiritum
2853 3242 3103 3290 sanctum
3132 3235 3251 3290 dari
3285 3202 3482 3290 debere
3514 3242 3697 3322 testa-.

411 3321 720 3391 Iordanem,
746 3325 837 3378 ubi
863 3333 978 3378 erat
1005 3325 1239 3377 Joannes
1267 3322 1560 3392 baptizans.
1592 3321 1736 3376 Bene
1772 3337 2004 3390 prtecnr-

414 3438 504 3477 sor
517 3419 728 3485 Domini
747 3415 917 3486 nostri
935 3417 987 3470 in
1004 3413 1265 3470 Bethania
1292 3414 1491 3468 dicitur
1506 3397 1810 3483 baptizasse
1834 3430 1848 3480 ;
1876 3428 2002 3468 nam

414 3514 673 3570 Bethania
727 3513 918 3573 domus
963 3507 1282 3572 obedientize
1338 3506 1767 3576 interpretatur;
1798 3514 1859 3560 ut
1906 3506 2002 3563 de-

419 3612 748 3660 monstraret
786 3617 886 3672 per
927 3598 1287 3656 obedientiam
1326 3597 1447 3654 ﬁdei
1476 3586 1664 3653 Omnes
1688 3597 1755 3652 ad
1802 3596 2003 3653 Christi

421 3694 688 3763 baptisma
725 3693 920 3746 debere
951 3688 1252 3760 pervenire.
1298 3688 1451 3745 Sicut
1485 3687 1654 3761 Magis
1689 3690 2003 3745 mandatum

417 3793 502 3847 est
524 3798 622 3854 per
648 3782 807 3837 aliam
829 3780 970 3836 viam
995 3781 1192 3837 reverti
1222 3781 1274 3836 in
1299 3781 1553 3853 patriam,
1582 3783 1657 3836 ita
1684 3782 1841 3837 nobis
1866 3796 2007 3853 prae-

417 3883 633 3947 ceptum
669 3880 753 3928 est
789 3885 888 3941 per
915 3870 1076 3925 aliam
1107 3871 1173 3926 ad
1203 3871 1437 3942 paradisi
1461 3872 1653 3943 gaudia
1680 3873 2001 3942 pervenire:

419 3981 542 4022 nam
589 3963 762 4020 nostri
792 3968 1047 4033 parentes
1079 3976 1177 4031 per
1202 3962 1584 4018 iuobedientia:
1626 3963 1840 4032 culpam
1881 3962 2006 4018 inde

413 4056 570 4127 cjecti
593 4063 718 4112 sunt
741 4072 755 4122 ;
783 4069 883 4109 nos
907 4067 1039 4108 vero
1058 4067 1158 4122 per
1177 4052 1497 4108 obedientize
1517 4054 1718 4108 bonum
1744 4062 1799 4108 et
1823 4053 2007 4119 obser-

414 4152 683 4207 rationem
717 4148 1091 4203 mandatorum
1135 4145 1249 4207 Dei,
1290 4144 1359 4199 ad
1397 4153 1614 4198 :eterna:
1651 4142 2006 4199 beatitudinis

415 4244 724 4319 paradisum
759 4239 1042 4311 pervenire
1078 4237 1356 4292 debemus.

484 4338 649 4394 Vens.
679 4334 769 4389 29.
797 4363 867 4373 —-
893 4329 1069 4385 Altera
1099 4330 1185 4384 die
1214 4328 1342 4385 vidit
1367 4329 1602 4384 Joannes
1625 4328 1808 4383 Iesum
1840 4325 1915 4381 ad
1946 4342 2002 4382 se

416 4430 718 4484 venientem.
760 4422 996 4478 Joannes
1031 4422 1422 4492 interpretatur
1461 4421 1634 4491 gratia
1668 4418 1784 4474 Dei.
1815 4418 1998 4474 Altera

2103 3327 2283 3392 batur,
2313 3328 2423 3397 ipse
2462 3344 2550 3382 vos
2589 3325 2893 3397 baptizabit,
2924 3325 3195 3395 inquiens,
3224 3324 3417 3397 Spiritu
3460 3314 3690 3393 sancto,-

2104 3434 2137 3472 a
2163 3432 2271 3487 quo
2306 3431 2365 3472 se
2408 3417 2583 3487 ipsum
2618 3414 2765 3470 ablui
2806 3413 3169 3479 desiderabat,
3211 3413 3433 3469 dicens:
3463 3412 3576 3486 Ego
3596 3414 3692 3470 de-

2106 3510 2196 3564 beo
2220 3527 2253 3563 a
2279 3517 2328 3562 te
2349 3508 2628 3580 baptizari,
2650 3517 2700 3563 et
2724 3516 2781 3561 tu
2812 3508 2952 3561 venis
2975 3506 3044 3560 ad
3090 3523 3173 3561 me
3200 3507 3225 3560 7
3248 3506 3530 3573 Quomodo
3556 3523 3690 3579 ergo

2105 3599 2253 3662 dicit,
2288 3608 2336 3653 et
2366 3615 2459 3669 ego
2484 3597 2775 3653 nesciebam
2813 3614 2954 3663 eum,
2992 3597 3094 3651 nisi
3124 3598 3251 3667 quia
3291 3612 3415 3653 eum
3444 3614 3601 3669 quem
3633 3609 3691 3655 et

2105 3697 2265 3746 antea
2319 3698 2566 3755 noverat,
2619 3688 2915 3759 perfectius
2959 3685 3073 3756 iam
3123 3702 3248 3743 cum
3320 3689 3693 3758 baptizaretur

2106 3782 2371 3852 agnovit?
2389 3781 2557 3849 Quem
2591 3781 2778 3837 mundi
2805 3781 3142 3837 Salvatorem
3167 3790 3223 3837 et
3258 3780 3497 3850 iudicem
3525 3796 3689 3838 nove-

2104 3885 2208 3941 rat,
2229 3874 2392 3945 hujus
2414 3874 2709 3946 potentiam
2731 3872 3030 3943 majestatis
3051 3874 3234 3940 altius,
3266 3874 3470 3945 Spiritu
3501 3886 3689 3931 sancto

2105 3982 2267 4037 super
2287 3983 2410 4022 eum
2427 3966 2812 4033 descendente,
2834 3966 3107 4036 cognovit.
3126 3964 3311 4036 Neque
3357 3966 3501 4021 enim
3529 3967 3689 4022 dubi-

2104 4059 2327 4113 tandum
2374 4066 2478 4122 est,
2524 4058 2649 4127 quia
2696 4058 2888 4113 beatus
2934 4055 3192 4123 Joannes,
3246 4073 3369 4113 cum
3423 4056 3686 4129 Spiritum

2103 4156 2370 4214 sanctum,
2409 4148 2539 4203 licet
2572 4148 2839 4218 corporali
2877 4147 3057 4216 specie
3080 4147 3302 4214 videre;
3332 4163 3456 4203 cum
3493 4163 3685 4204 vocem

2101 4241 2299 4305 Patris,
2337 4240 2465 4296 licet
2512 4238 2866 4309 corporaliter
2910 4249 3214 4303 sonantem,
3256 4239 3545 4294 meruisset
3588 4253 3684 4295 au—

2100 4333 2239 4399 dire,
2265 4332 2493 4387 multum
2519 4345 2585 4385 ex
2624 4332 2730 4401 hoc
2758 4331 2874 4387 visu
2905 4340 2960 4385 et
2987 4331 3172 4386 auditu
3196 4331 3516 4403 profecerit;
3549 4331 3687 4387 mulo

2102 4432 2214 4478 tum
2237 4423 2302 4477 de
2332 4422 2527 4476 divina:
2549 4421 2836 4491 potestatis
2871 4421 3209 4486 excellentia,
3235 4420 3489 4477 revelatis
3511 4421 3686 4477 oculis

413 4520 529 4575 dies
543 4514 737 4588 p0pulo
762 4513 1070 4569 Christiano
1096 4511 1249 4586 [Ms.,
1274 4513 1501 4583 populus
1524 4511 1887 4585 Christianus]
1911 4519 1995 4567 est
2028 4547 2073 4605 υ
2099 4515 2319 4582 mentis,
2350 4513 2588 4568 scientia:
2627 4512 2866 4568 caelestis
2893 4513 3164 4583 acceperit
3189 4530 3202 4565 :
3234 4512 3369 4567 adeo
3406 4521 3468 4566 ut
3491 4511 3682 4584 [Berlin

418 4608 518 4664 sub
556 4606 749 4676 gratia,
772 4604 864 4675 qui
891 4604 1128 4675 pretioso
1151 4604 1412 4671 sanguine
1437 4602 1641 4659 Christi
1688 4603 1995 4672 redemptus

414 4710 517 4773 cst.
544 4701 726 4757 Altera
755 4699 870 4756 dies
895 4696 998 4752 fuit
1020 4697 1220 4769 populo
1256 4696 1423 4766 priori
1455 4697 1554 4751 sub
1575 4696 1708 4766 lege,
1750 4696 1838 4765 qui
1879 4710 1996 4765 my-

416 4799 550 4868 stice
576 4793 835 4866 sanguine
862 4790 985 4862 agni
1010 4791 1322 4857 redemptus
1343 4796 1427 4842 est
1450 4802 1479 4840 a
1508 4787 1770 4841 servitute
1797 4783 1996 4855 Egyp-

414 4889 573 4942 tiaca.
617 4884 710 4947 ille
765 4896 936 4953 agnus
984 4877 1320 4949 signiﬁcabat
1365 4876 1529 4930 istum
1571 4888 1791 4944 agnum,
1834 4887 1991 4941 quem

410 4984 731 5050 praesentem
746 4956 940 5041 beatus
959 4969 1201 5049 Baptista
1229 4966 1395 5038 digito
1413 4964 1752 5027 ostendebat,
1775 4962 1989 5018 dicens:

416 5056 496 5125 ib
526 5069 662 5124 Ecce
706 5066 885 5137 Agnus
921 5061 1176 5139 Dei,_ccce
1208 5059 1301 5131 qui
1347 5056 1482 5112 toltit
1529 5065 1740 5128 peccata
1788 5056 1988 5111 mundi.

412 5165 551 5235 Ecce
583 5174 756 5234 agnus
794 5155 909 5220 Dei,
938 5167 1064 5221 ecce
1108 5151 1366 5221 innocens
1403 5156 1456 5204 et
1484 5149 1554 5204 ab
1595 5148 1740 5202 omni
1770 5154 1993 5219 peccato

413 5254 689 5318 immunis,
727 5258 786 5305 ut
817 5256 941 5321 pote
980 5247 1071 5316 qui
1108 5259 1170 5300 os
1197 5242 1410 5315 quidem
1448 5243 1514 5298 de
1548 5241 1761 5297 ossibus
1796 5240 1989 5304 Adam,

413 5352 469 5415 et
494 5338 710 5398 carnem
738 5338 927 5413 [Beda,
959 5344 1013 5391 et
1049 5334 1209 5419 enrol
1225 5324 1292 5399 de
1319 5348 1483 5403 carne
1520 5332 1714 5395 Adam,
1742 5330 1834 5386 sed
1875 5332 1993 5385 nul-

417 5432 523 5484 lam
573 5433 641 5487 de
690 5445 853 5497 carne
902 5426 1206 5499 peccatrice
1262 5425 1427 5479 traxit
1477 5423 1743 5479 maculam
1800 5420 1986 5488 culpm.

419 5524 559 5579 Ecce
581 5522 674 5593 qui
712 5523 851 5577 tollit
878 5529 1100 5592 peccata
1133 5518 1357 5586 mundi;
1386 5533 1511 5572 ecce
1538 5516 1627 5585 qui
1644 5514 1824 5585 j'ustus
1852 5512 1993 5565 inter

418 5621 749 5693 peccatores,
789 5613 937 5673 mitis
967 5612 1108 5666 inter
1136 5610 1348 5692 impios,
1379 5610 1483 5663 hoc
1510 5617 1611 5669 est,
1641 5604 1789 5675 quasi
1823 5616 1992 5673 agnus

419 5695 558 5786 inter
600 5705 754 5775 lupos
798 5716 1079 5771 apparens,
1134 5701 1295 5755 etiam
1349 5706 1660 5769 peccatores
1701 5703 1755 5750 ct
1799 5695 1989 5765 impios

493 5832 525 5875 ιι
548 5816 831 5894 ﬂuensque
854 5825 917 5867 ev
947 5808 1224 5881 Gregorio.

2097 4604 2369 4677 acceperit
2410 4618 2441 4657 a
2478 4602 2604 4667 Deo,
2645 4601 2728 4674 ut]
2767 4602 2835 4656 ad
2875 4602 3335 4672 comparationem
3383 4600 3689 4671 intelligen-

2096 4699 2184 4755 tia:
2213 4714 2318 4770 qua
2346 4700 2473 4753 tunc
2500 4696 2759 4751 illustrari
2798 4703 3054 4765 cmperat,
3082 4704 3307 4750 eatenus
3336 4694 3484 4749 illum
3509 4709 3686 4764 quan—

2097 4798 2183 4845 tus
2207 4797 2371 4852 esset,
2412 4787 2735 4843 omnimodis
2776 4787 2878 4842 sibi
2924 4786 3197 4841 videretur
3225 4787 3519 4857 ignorasse.
3576 4783 3683 4853 Qui

2097 4881 2481 4944 testimonium,
2529 4880 2583 4934 in
2632 4894 2740 4948 quo
2762 4877 2954 4950 (Beda,
3008 4877 3062 4931 in
3117 4875 3285 4948 quod]
3331 4877 3526 4930 missus
3556 4885 3682 4951 ‘est,

2094 4974 2320 5030 Domino
2355 4973 2640 5046 diligenter
2674 4971 2966 5040 perhibcns
2991 4967 3270 5040 adiungit:

2166 5061 2273 5120 Sed
2310 5072 2365 5118 ut
2412 5060 2838 5132 manifestaretur
2871 5058 3061 5125 Israel,
3092 5068 3362 5131 propterea
3415 5059 3532 5113 veni
3582 5074 3681 5129 ego

2092 5151 2146 5205 in
2176 5167 2314 5221 aqua
2344 5150 2638 5220 baptizans.
2667 5145 2821 5213 Quod
2850 5153 2935 5200 est
2960 5153 3146 5215 aperte
3168 5146 3348 5201 dicere
3373 5162 3387 5197 :
3417 5158 3523 5199 non
3554 5143 3682 5200 idco

2092 5243 2211 5296 veni
2246 5243 2298 5296 in
2330 5257 2466 5311 aqua
2505 5239 2808 5309 haptizans,
2848 5239 2972 5308 quia
3003 5246 3223 5308 peccata
3268 5237 3454 5293 mundi
3498 5237 3681 5308 bapti-

2094 5332 2265 5386 zando
2301 5330 2489 5384 tollere
2537 5343 2780 5398 possum,
2816 5328 2911 5382 sed
2955 5334 3016 5380 ut
3057 5341 3181 5381 eum
3226 5326 3555 5397 baptizando
3606 5338 3683 5383 ac

2090 5420 2429 5490 praedicando
2466 5418 2869 5474 manifestarem
2897 5417 3093 5489 populo
3135 5417 3319 5481 lsrael,
3349 5417 3441 5489 qui
3481 5418 3535 5472 in
3552 5416 3683 5488 Spi-

2092 5509 2197 5564 ritu
2235 5515 2424 5563 sancto
2462 5508 2764 5578 baptizans,
2798 5508 2867 5563 ad
2893 5508 3123 5563 tollenda
3168 5516 3390 5577 peccata
3444 5523 3549 5562 non
3579 5514 3680 5562 so—

2092 5600 2198 5654 lnm
2229 5597 2413 5664 Israel,
2444 5599 2538 5654 sed
2563 5606 2618 5654 et
2647 5599 2814 5655 totius
2837 5599 3045 5665 mundi,
3083 5599 3128 5653 si
3157 5601 3203 5653 ei
3236 5598 3460 5654 credere
3484 5597 3676 5654 volue-

2093 5691 2182 5754 rit,
2210 5691 2433 5747 idoneus
2464 5700 2568 5748 est.
2608 5691 2897 5761 Propterea
2948 5690 3115 5764 ‘76
3160 5692 3282 5745 veni
3311 5707 3414 5762 ego
3443 5691 3497 5746 in
3524 5688 3681 5760 aqua,

2162 5806 2191 5846 ι’
2217 5804 2542 5873 Beda,_hom.
2574 5803 2625 5859 in
2652 5802 2952 5873 Epiphania.
2969 5784 3209 5867 Dmuiui,
