4020 6186
365 274 470 338 757

1183 277 1593 337 EXEGETICA.
1631 315 1701 324 --
1739 283 2094 340 COMMENT.
2137 285 2204 341 ΙΝ
2240 283 2432 344 JOAN.
2473 321 2543 331 —
2580 288 2706 344 LIB.
2749 288 2790 347 Ι.

3523 290 3654 346 ’πὶῖ

369 385 507 461 [Α1.,
540 383 594 439 in
623 382 1018 458 paenitentiam]
1071 387 1371 457 baptizans,
1419 399 1476 444 ut
1503 391 1583 447 sic
1608 392 1948 463 baptizando,
1981 404 2024 454 Α
2057 395 2284 467 fugeret,
2333 399 2495 454 ullam
2535 401 2755 455 invenit.
2793 399 2986 456 Mansit
3020 412 3198 458 autem
3247 409 3392 458 totus
3430 405 3481 457 in
3511 404 3652 467 illo,

369 476 446 533 illi
498 475 642 529 viam
680 490 949 545 pararem,
999 476 1091 546 qui
1136 475 1436 546 bapt’izarct
1478 481 1532 534 in
1583 485 1953 539 remissionem

363 575 738 639 peccatorum.

439 655 604 715 Vens.
634 657 723 710 52.
746 685 820 696 —-
840 655 907 710 Et
934 658 1286 713 testimonium
1311 658 1571 729 perhibuit
1607 662 1840 721 Joannes
1873 667 1956 721 di-

368 764 509 813 cens,
530 740 654 818 quia
680 742 788 799 vidi
801 744 1057 815 Spiritum
1076 745 1468 804 descendentem
1483 752 1634 823 quasi
1662 753 1955 812 columbam

365 834 433 893 de
447 834 594 901 Caelo,
617 840 666 889 et
683 834 873 890 mansit
899 853 1054 907 super
1065 854 1203 892 eum.
1225 838 1366 894 Bene
1379 848 1557 896 autem
1574 841 1676 915 [in]
1692 844 1954 899 columba:

366 929 552 1008 specie
572 926 850 982 descendit
867 943 1028 998 super
1055 929 1341 984 Dominum
1371 930 1627 1003 Spiritus,
1660 943 1720 988 ut
1743 935 1956 990 discant

364 1012 558 1068 ﬁdeles
569 1027 676 1067 non
691 1011 849 1066 aliter
860 1027 919 1067 se
942 1014 1184 1068 membra
1205 1013 1321 1083 ejus
1343 1015 1460 1070 fieri
1486 1033 1500 1083 ;
1527 1034 1635 1072 non
1664 1020 1819 1074 aliter
1837 1020 1954 1090 ejus

370 1103 578 1177 Spiritu
630 1119 690 1160 se
733 1119 892 1174 posse
949 1104 1181 1174 repleri,
1235 1107 1339 1161 nisi
1395 1107 1668 1178 simplices
1719 1109 1950 1179 fuerint,

370 1194 476 1250 nisi
523 1209 712 1249 veram
747 1209 869 1249 cum
919 1193 1178 1250 fratribus
1213 1197 1499 1254 habuerint
1535 1216 1752 1270 pacem,
1790 1219 1955 1274 quam

368 1283 676 1356 signiﬁcant
721 1285 905 1340 oscula
951 1285 1345 1342 columbarum.
1389 1289 1600 1347 Habent
1649 1303 1830 1350 autem
1867 1312 1956 1351 os-

375 1373 496 1430 cula
520 1384 578 1430 et
604 1376 776 1440 corvi,
803 1375 899 1431 sed
928 1376 1158 1442 laniant,
1181 1379 1325 1447 quod
1350 1380 1615 1438 columba:
1641 1385 1954 1441 omnimodo

368 1482 480 1525 non
505 1463 711 1519 faciunt
735 1482 749 1518 :
779 1463 1150 1536 significantes
1171 1482 1286 1534 eos,
1322 1471 1416 1538 qui
1441 1470 1738 1540 loquuntur
1763 1489 1954 1543 pacem

369 1573 495 1615 cum
524 1557 772 1627 proximo
792 1572 913 1621 suo,
956 1557 1095 1612 mala
1133 1567 1314 1614 autem
1344 1569 1470 1615 sunt
1495 1562 1547 1615 in
1577 1565 1830 1621 cordibus
1863 1582 1955 1621 co-

371 1665 494 1704 rum
527 1645 700 1718 (Psal.
731 1663 904 1714 xxv",
938 1649 1015 1718 5).
1048 1647 1320 1706 Columba:
1363 1661 1542 1708 autem
1579 1665 1790 1722 natura,
1834 1673 1954 1727 qua:

2055 503 2163 544 non
2199 504 2266 543 ex
2305 504 2370 544 eo
2401 489 2572 545 solum
2607 500 2848 562 tempore
2867 507 2972 562 quo
3017 493 3161 548 hunc
3187 491 3420 550 Joannes
3468 508 3632 565 super
3661 520 3664 521 ν

2052 592 2177 632 eum
2219 579 2352 633 vidit
2379 580 2828 648 descendentem;
2861 582 2953 638 sed
2981 598 3046 638 ex
3098 600 3205 655 quo
3254 585 3416 640 homo
3463 579 3650 657 [ﬁeril’

2053 667 2336 738 incipiens,
2382 667 2500 738 ejus
2529 671 2831 728 ministerio
2876 683 2932 728 et
2975 690 3137 746 opere
3189 685 3483 747 conceptus
3523 685 3626 731 est.

2053 757 2256 814 idcirco
2285 769 2466 815 autem
2499 778 2659 832 super
2688 779 2836 831 eum,
2879 765 2933 819 in
2964 782 3070 836 quo
3103 783 3317 838 semper
3353 769 3628 835 manebat,

2051 850 2380 919 baptizatum
2436 851 2764 910 descendere
2824 855 3058 925 Spiritus
3099 859 3421 924 ostenditur,
3471 869 3531 913 ut
3575 866 3632 914 ct

2053 939 2290 1011 Baptista
2319 941 2432 1010 ipse
2463 941 2618 1013 [Ms.,
2652 942 2852 1016 ipsum]
2886 944 3083 1000 celsius
3106 944 3217 1014 jam
3247 962 3406 1015 quem
3433 946 3631 1018 praedi-

2053 1040 2220 1097 caret,
2250 1041 2568 1104 agnosceret
2595 1050 2609 1100 ;
2645 1041 2698 1088 et
2722 1034 3068 1089 credentibus
3101 1036 3632 1102 dareturindicium,

2058 1137 2401 1194 nequaquam
2437 1139 2495 1178 se
2533 1123 2636 1179 nisi
2680 1124 2981 1193 baptizatos
3029 1140 3188 1194 aqua,
3218 1123 3456 1194 Spiritus
3486 1127 3633 1196 ejus-

2054 1215 2176 1270 dem
2223 1230 2384 1285 posse
2431 1215 2698 1282 baptisma
2743 1216 2960 1271 mereri.
3014 1214 3373 1283 Quaerendum
3421 1223 3504 1272 est
3551 1217 3635 1270 in-

2053 1313 2202 1360 terea
2265 1305 2532 1374 quomodo
2590 1307 2821 1376 speciale
2889 1307 2984 1361 ﬁlii
3035 1307 3130 1361 Dei
3186 1307 3542 1378 agnoscendi"
3571 1308 3638 1361 si-

2052 1413 2215 1468 gnum
2241 1395 2418 1463 fuerit,
2447 1397 2588 1467 quod
2619 1413 2783 1468 super
2805 1415 2928 1454 eum
2960 1399 3320 1464 descenderit,
3348 1407 3403 1455 et
3426 1417 3635 1455 manse-

2053 1489 2125 1543 rit
2157 1487 2431 1558 Spiritus?
2477 1486 2611 1542 Cum
2658 1488 2820 1542 etiam
2852 1489 3129 1559 discipulis
3166 1491 3280 1560 ipse
3329 1491 3631 1560 promittat,

2051 1579 2238 1634 dicens
2260 1580 2340 1633 eis
2365 1599 2377 1632 :
2405 1578 2516 1650 Ego
2546 1581 2736 1650 rogabo
2761 1576 2997 1645 Patrem,
3029 1591 3075 1634 et
3105 1580 3267 1635 aliaat
3309 1581 3633 1652 parat/etum

2051 1669 2195 1724 dabit
2226 1668 2385 1735 vobis,
2414 1677 2469 1722 ut
2493 1679 2700 1724 maneat
2727 1667 2986 1724 vobiscum
3008 1671 3060 1723 in
3077 1680 3350 1734 retermtm,
3377 1668 3652 1739 Spiritum-

373 1739 575 1796 laniatu
600 1738 860 1793 innocens
885 1747 985 1803 est.
1016 1740 1122 1795 illis
1147 1741 1425 1810 aptissime
1446 1746 1719 1816 congruit.
1745 1748 1836 1816 qui
1859 1763 1955 1818 ρει-
1987 1746 2032 1804 B
2061 1759 2289 1813 veritatis
2325 1757 2505 1829 (Joan.
2557 1758 2802 1832 x1v,l5).
2841 1759 2908 1813 Ει
2935 1759 3096 1828 paulo
3122 1768 3282 1830 post:
3310 1738 3463 1826 Quia
3495 1761 3652 1828 apud:

369 1845 490 1886 cem
518 1837 818 1899 sequuntur
853 1844 976 1884 cum
1011 1832 1262 1888 omnibus
1289 1844 1345 1888 et
1379 1837 1813 1905 sanctimoniam,
1853 1840 1959 1897 sol-

374 1915 505 1974 liciti
516 1933 737 1973 servare
749 1919 1010 1974 unitatem
1023 1921 1246 1990 spiritus
1261 1924 1314 1977 in
1331 1925 1546 1993 vinculo
1567 1929 1716 1997 pacis
1737 1929 1955 2001 (Ephes.

374 2025 450 2074 sv,
472 2008 550 2080 3).
600 2007 778 2079 Atque
807 2009 928 2065 ideo
967 2009 1200 2080 Spiritus
1257 2015 1314 2068 in
1348 2016 1613 2073 columbae
1649 2021 1830 2089 specie
1869 2021 1961 2076 de-

371 2098 702 2164 scendendo,
718 2114 824 2153 non
859 2114 1010 2153 suam
1046 2104 1444 2170 tantummodo,
1471 2107 1555 2161 vel
1577 2106 1691 2176 ejus
1716 2109 1770 2162 in
1798 2125 1958 2179 quem

371 2186 669 2252 descendit,
730 2187 1094 2243 innocentiam
1123 2191 1633 2266 simplicitatemque
1689 2200 1956 2270 designat,

369 2277 468 2334 sed
511 2292 698 2333 eorum
732 2293 886 2348 teque
918 2280 1009 2349 qui
1038 2283 1278 2337 sentiunt
1305 2286 1370 2340 de
1413 2287 1504 2342 illo
1540 2288 1593 2342 in
1626 2290 1869 2346 bonitate
1905 2299 1960 2347 et

371 2366 430 2425 in
473 2367 820 2437 simplicitate
860 2370 1043 2425 cordis
1092 2384 1343 2442 quaerunt
1391 2375 1542 2432 illum
1581 2377 1736 2451 (Sap.
1768 2380 1831 2454 ι).
1887 2381 1955 2436 Et

369 2477 488 2533 ego,
518 2462 713 2532 inquit,
740 2465 1030 2520 nesciebam
1053 2485 1191 2523 eum.
1223 2468 1513 2540 Subaudis,
1539 2483 1646 2529 tam
1668 2477 1956 2546 subtiliter,

371 2569 532 2624 quam
577 2554 781 2625 Spiritu
800 2557 854 2611 in
891 2572 1014 2612 eum
1039 2560 1397 2619 descendente
1427 2563 1614 2634 [Betim
1639 2548 1958 2636 spiritum...

373 2645 831 2718 descendentem],
848 2650 1098 2719 cognovi.

446 2737 606 2793 Vens.
651 2737 739 2793 53.
768 2769 840 2779 —
869 2738 973 2796 Sed
1006 2744 1096 2813 qui
1124 2745 1262 2799 misit
1297 2763 1377 2800 me
1410 2747 1677 2819 baptizare
1717 2753 1772 2806 in
1798 2766 1964 2823 aqua,"

371 2825 461 2880 ille
481 2826 610 2880 mihi
635 2827 768 2881 dixit
790 2843 808 2879 .'
835 2829 1008 2902 Super
1039 2850 1191 2905 quem
1220 2837 1410 2892 videris
1442 2838 1697 2910 Spiritum
1746 2844 1960 2898 descen-

373 2917 601 3006 dentem,
625 2928 674 2973 et
701 2931 1002 2977 manentem
1023 2941 1182 2994 super
1205 2945 1343 2994 eum,
1373 2931 1458 2985 hic
1501 2942 1576 2987 est
1602 2935 1691 3006 qui
1729 2935 1958 3006 baptizat

372 3005 431 3059 in
495 3004 696 3076 Spiritu
773 3023 975 3067 sanato.
1043 3014 1304 3085 Baptizati
1339 3004 1689 3077 Dominus-in
1752 3004 1954 3095 Spiritu

2058 1866 2144 1904 vos
2166 1850 2410 1915 manebit,
2431 1859 2476 1903 et
2501 1851 2556 1903 in
2585 1849 2724 1904 vobis
2751 1851 2868 1904 erit.
2904 1849 3130 1905 Si'enim
3163 1850 3303 1920 apud
3326 1865 3514 1904 servos
3536 1849 3666 1902 Dcl~

2058 1939 2260 1996 electos
2311 1948 2514 2004 manet,
2553 1949 2607 1994 et
2650 1940 2702 1994 in
2754 1939 2858 1994 illis
2905 1940 3010 1994 erit
3063 1938 3323 2010 Spiritus,
3366 1939 3496 2008 quid
3552 1946 3639 1992 est
3679 1977 3682 1980 .

2060 2045 2313 2101 magnum
2343 2027 2471 2100 [Ms.
2504 2039 2551 2082 et
2600 2028 2768 2094 Beda,
2801 2030 2981 2099 magni
3003 2027 3114 2100 est]
3161 2028 3297 2083 Filio
3340 2028 3453 2094 Dei,
3493 2029 3637 2098 quod

2059 2119 2112 2173 in
2170 2119 2286 2189 ipso
2360 2133 2581 2172 manere
2643 2117 2878 2188 Spiritus
2937 2119 3256 2172 astruatur?
3330 2117 3636 2171 Notandum

2059 2223 2273 2278 quoque
2318 2209 2460 2278 quod
2505 2222 2720 2277 semper
2758 2208 2811 2261 in
2848 2207 3074 2261 Domino
3101 2207 3368 2261 manserit
3401 2205 3639 2276 Spiritus

2060 2308 2320 2356 sanctus:
2352 2300 2404 2354 in
2430 2299 2632 2354 sanctis
2668 2305 2851 2352 autem
2878 2296 3204 2362 hominibus,
3234 2297 3640 2367 quandiu-mor-

2059 2391 2166 2446 tale
2194 2405 2389 2460 corpus
2409 2389 2760 2460 gestaverint,
2783 2388 2980 2458 partim
3011 2394 3229 2441 maneat
3259 2387 3312 2440 in
3349 2395 3633 2450 :eternum,

2058 2479 2256 2550 partim
2281 2478 2553 2532 rediturus
2576 2480 2814 2532 secedat.
2841 2476 3020 2530 Manet
3049 2477 3247 2547 quippe
3276 2478 3416 2547 apud
3442 2491 3560 2541 eos,
3579 2486 3641 2529 ut

2059 2570 2214 2626 bonis
2238 2567 2490 2623 insistant
2507 2568 2737 2632 actibus,
2752 2567 3113 2621 voluntariam
3134 2574 3508 2635 paupertatem
3525 2567 3641 2621 dili-

2060 2669 2188 2732 gant
2224 2658 2694 2714 mansuetudinem
2731 2663 3029 2726 sequantur
3068 2653 3258 2725 [Beda,
3296 2669 3636 2725 consequan-

2062 2752 2191 2824 tur],
2217 2765 2315 2820 pro
2328 2757 2652 2806 aeternorum
2667 2747 2933 2803 desiderio
2954 2747 3192 2816 lugeant,
3209 2746 3472 2810 esuriant,
3495 2754 3548 2799 ct
3566 2747 3638 2800 si-

2063 2847 2197 2902 tiant
2217 2843 2504 2915 justitiam,
2539 2840 2989 2904 misericordiam,
3009 2838 3328 2894 munditiam
3359 2836 3556 2902 cordis,
3583 2845 3637 2891 ct

2061 2933 2503 3004 tranquillitatem
2541 2931 2692 3002 pacis
2731 2929 3146 3000 amplectantur.
3178 2927 3282 2982 Sed
3309 2935 3363 2982 ct
3402 2941 3500 2996 pro
3541 2927 3638 2980 ob-

2061 3026 2362 3083 servatione
2382 3023 2629 3094 justitize,
2661 3023 3093 3093 persecutionem
3118 3021 3228 3091 pati
3253 3035 3361 3074 non
3404 3035 3633 3075 verean—

374 3105 584 3164 sancto,
623 3115 722 3170 per
765 3101 1008 3173 Spiritus
1039 3108 1211 3162 sancti
1252 3111 1480 3178 gratiam
1524 3122 1744 3182 peccata
1775 3091 1956 3172 dimit-
1981 3091 2028 3154 (ἶ
2061 3126 2167 3183 tur,
2197 3091 2571 3184 elcemosynis,
2609 3091 2967 3176 orationibus,
3013 3119 3065 3164 et
3105 3109 3348 3179 jejuniis,
3397 3108 3636 3166 caeteris—

376 3186 558 3244 tendo.
610 3189 738 3246 Sive
779 3193 940 3247 enim-
969 3194 1084 3265 ipse
1112 3213 1252 3268 aqua
1308 3201 1518 3271 aliquos
1573 3205 1960 3276 discipulorum

375 3293 595 3335 suorum
641 3283 850 3351 primus
890 3285 1265 3356 baptizavcrit,
1300 3307 1397 3362 per
1437 3309 1574 3363 quos
1623 3298 1688 3352 ad
1733 3308 1958 3356 caeteros

374 3368 562 3461 ﬁdeles
597 3372 744 3428 rivus
767 3375 1018 3445 baptismi
1051 3379 1370 3449 proflueret,‘
1412 3387 1627 3441 eosdem
1653 3390 1816 3445 etiam
1849 3393 1958 3461 spi-

379 3459 484 3514 ritu
513 3461 843 3531 baptizabat,
884 3477 1106 3535 peccata
1145 3470 1251 3527 illis
1299 3475 1588 3532 relaxando
1624 3488 1675 3533 et
1724 3459 1957 3551 Spiritus

375 3552 568 3604 sancti“
581 3552 723 3608 dona
750 3556 1106 3615 ministrando
1131 3578 1146 3628 ;
1176 3563 1288 3618 sive
1315 3565 1498 3622 ﬁdeles
1524 3570 1662 3640 ejus,
1708 3573 1956 3630 invocato

378 3640 598 3696 nomine
628 3642 820 3712 ipsius,
853 3663 992 3717 aqua
1014 3649 1290 3719 baptizent
1329 3656 1554 3727 electos,
1586 3668 1640 3715 et
1663 3663 1956 3720 chrismate

373 3739 928 3824 sanctoipernngant,
960 3743 1178 3798 eosdem
1220 3747 1567 3805 nihilominus
1593 3752 1706 3821 ipse
1751 3754 1956 3824 Spiritu

377 3829 566 3876 sancto
588 3823 865 3896 haptizat;
899 3831 1025 3900 quia
1059 3848 1219 3888 nemo
1251 3845 1450 3904 praeter
1489 3839 1663 3908 ipsum
1710 3823 1958 3911 peccato-

376 3923 495 3964 rum
552 3929 724 3969 uexus
773 3917 999 3986 solvere,
1047 3930 1101 3976 et
1130 3922 1361 3992 Spiritus
1404 3931 1577 3983 sancti
1623 3932 1765 3985 valet
1818 3935 1955 3987 dona

380 4000 638 4091 tribuere.
683 4005 788 4061 Sed
819 4009 1128 4081 diligentius
1163 4013 1478 4072 intuendum
1524 4030 1629 4086 est,
1660 4023 1784 4091 quia
1833 4040 1954 4079 cum

323 4119 336 4138 ι
377 4089 640 4182 disisset:
673 4095 844 4169 Super
862 4117 1012 4172 quem
1037 4104 1227 4160 videris
1259 4105 1514 4177 Spiritum
1542 4089 1951 4182 descendentem,

375 4179 573 4274 adjecit
596 4196 682 4274 :_et
709 4200 1001 4246 manentem
1039 4209 1196 4263 super
1215 4211 1353 4249 eum.
1386 4198 1452 4252 Et
1485 4201 1540 4254 in
1569 4211 1782 4259 sanctos
1811 4179 1954 4259 enim

375 4270 494 4333 eius
545 4270 764 4340 spiritus
819 4279 1134 4351 descendit:
1188 4299 1375 4341 verum
1428 4292 1665 4358 quandiu
1737 4295 1954 4350 suntin

374 4375 624 4432 corpore,
666 4378 887 4436 peccato
924 4387 1112 4429 carere
1147 4388 1442 4446 nequeunt,
1488 4382 1614 4450 quia
1651 4384 1951 4441 caelestium

2059 3223 2163 3279 que
2199 3207 2537 3278 spiritalibus
2562 3203 2691 3278 [Μδ.
2721 3212 2771 3258 et
2795 3201 2962 3267 Beda,
2992 3201 3248 3275 Spiritus]
3265 3201 3426 3276 47⁷
3446 3201 3648 3256 fructi;

2056 3303 2158 3357 bus
2189 3301 2438 3355 insistere
2467 3298 2793 3354 desiderent.
2820 3295 3044 3353 Recedit
3082 3304 3261 3350 autem
3295 3296 3362 3366 ad
3404 3303 3636 3364 tempus,

2058 3406 2126 3446 ne
2161 3405 2374 3459 semper
2401 3389 2645 3445 inﬁrmos
2673 3388 2918 3456 curandi,
2947 3395 3190 3443 mortuos
3228 3387 3542 3450 suscitandi,
3570 3385 3640 3440 lc-

2055 3499 2247 3556 prosos
2272 3484 2584 3551 mandandi,
2614 3483 2884 3539 dtemones
2912 3483 3176 3553 ejiciendi,
3203 3481 3284 3535 vel
3311 3479 3472 3534 etiam
3510 3493 3638 3547 pro-_

2055 3575 2312 3645 phetandi
2362 3575 2570 3644 possint
2620 3573 2822 3628 habere
2855 3574 3129 3627 virtutem.
3180 3572 3356 3625 Manet
3401 3583 3639 3639 semper,

2058 3673 2119 3720 ut
2163 3663 2486 3719 mirabiliter
2525 3663 2626 3731 ipsi
2671 3663 2854 3716 vivant
2908 3673 2956 3714 II:
2996 3661 3143 3715 venit
3193 3661 3262 3716 ad
3297 3669 3526 3730 tempus,
3578 3669 3673 3713 ut.

2056 3757 2221 3812 etiam
2264 3755 2385 3808 aliis
2419 3769 2517 3824 per
2546 3752 2928 3808 miraculorum
2976 3754 3148 3824 signa,
3183 3753 3367 3825 quales
3410 3753 3519 3809 sint
3549 3751 3635 3807 in-

2057 3856 2162 3910 tus,
2196 3843 2502 3914 eti‘ulgeant.

2124 3937 2288 3991 Vens.
2317 3934 2406 3988 54.
2444 3964 2514 3974 —
2551 3932 2684 4004 Ego,
2714 3933 2911 4004 inquit,
2939 3934 3044 3987 vidi
3072 3944 3118 3987 et
3150 3936 3498 3987 testimonium
3526 3949 3637 4003 per-

2054 4022 2218 4090 Itibui,
2242 4024 2365 4095 quia
2387 4023 2472 4077 hic
2497 4032 2571 4077 est
2607 4021 2782 4077 Filius
2825 4022 2941 4076 Dei.
3012 4021 3185 4090 Supra
3226 4023 3470 4076 dixerat:
3506 4021 3634 4074 Post

2055 4131 2136 4169 me
2156 4115 2290 4168 venit
2310 4115 2404 4180 vir,
2432 4114 2521 4184 qui
2546 4121 2665 4168 ante
2703 4111 2848 4186 [me]
2880 4113 3050 4184 factus
3074 4120 3147 4165 est
3183 4127 3201 4165 :
3233 4125 3373 4164 nunc
3397 4109 3637 4163 testium-

2054 4205 2202 4259 nium
2229 4205 2497 4274 perhibet,
2527 4204 2650 4275 quia
2671 4203 2755 4258 hic
2778 4213 2852 4258 est
2869 4202 3040 4257 Filius
3071 4201 3199 4256 Dei:
3232 4200 3512 4269 utriusque
3541 4214 3639 4252 na-

2059 4304 2194 4351 tura:
2209 4297 2512 4362 veritatem,
2531 4303 2586 4350 et
2607 4296 2856 4350 humana:
2870 4294 3120 4349 videlicet
3143 4300 3197 4348 et
3215 4291 3428 4355 divinae,
3455 4289 3508 4344 in
3529 4303 3637 4342 una

2058 4386 2356 4456 eademque
2373 4386 2574 4442 Christi
2588 4401 2840 4456 persona,
2857 4384 3138 4438 manifeste
3166 4382 3472 4452 designans.
3499 4379 3639 4434 Eru-

372 4461 812 4530 oontemplationi
840 4480 1053 4536 semper
1076 4470 1288 4525 oculum
1318 4474 1515 4530 mentis
1545 4475 1828 4533 intendere
1845 4493 1952 4533 non
1980 4451 2029 4510 θ
2055 4480 2238 4533 hcscat
2265 4451 2605 4540 ilaniehmus,
2659 4476 2911 4530 audiens:
2954 4473 3098 4529 Venit
3135 4477 3233 4529 uir.
3293 4451 3650 4529 Conticescats

373 4543 686 4616 subiciunt;
718 4552 816 4607 sed
841 4555 1039 4624 saepius
1072 4557 1215 4614 hunc
1249 4563 1316 4615 ad
1345 4570 1574 4619 terrenae
1607 4581 1792 4620 curam
1825 4583 1953 4623 con-

372 4639 700 4696 versationis
735 4642 1058 4701 inflectunt:
1089 4648 1144 4704 in
1173 4666 1360 4706 eorum
1401 4654 1587 4722 procul
1635 4657 1798 4713 dubio
1839 4675 1956 4718 cor-

374 4725 535 4785 dibus
576 4731 812 4800 Spiritus
857 4735 1146 4807 aliquando
1189 4745 1352 4805 venit,
1393 4743 1681 4813 aliquando
1726 4749 1949 4805 recedit;

375 4815 536 4875 Unde
556 4821 758 4878 dictum
792 4835 898 4892 est,
935 4827 1187 4899 Spiritus,
1219 4830 1309 4885 ubi
1329 4821 1462 4899 ‘vult,
1492 4837 1681 4906 spirat,
1709 4849 1758 4894 et
1783 4857 1952 4899 vocem

371 4909 488 5002 eius
525 4913 698 4978 audis,
736 4917 829 4972 sed
868 4937 972 4975 non
995 4921 1116 4987 scis,
1153 4923 1290 4978 unde
1310 4926 1498 4992 veniat,
1552 4936 1602 4983 et
1644 4948 1747 5002 quo
1796 4936 1950 4990 vadat

371 4997 558 5068 (locis.
583 5020 667 5071 ιιι,
688 5006 767 5078 8).
798 5009 956 5065 Venit
983 5013 1178 5084 quippe
1202 5016 1269 5072 ad
1291 5027 1528 5086 sanctos,
1569 4997 1717 5078 vadit
1753 5041 1782 5078 a
1828 5043 1953 5082 san-

371 5088 480 5156 etis
501 5088 755 5161 Spiritus,
793 5106 853 5152 ut
880 5114 1040 5170 quem
1089 5118 1296 5176 semper
1327 5106 1575 5182 [habere]
1620 5111 1793 5168 idonei
1846 5131 1949 5172 non

371 5188 520 5245 sunt,
576 5183 694 5254 ejus
716 5203 814 5257 per
843 5199 1085 5263 tempora
1130 5198 1404 5253 redeuntis
1432 5203 1625 5256 crebra
1668 5204 1784 5260 luce
1831 5209 1952 5261 reii-

369 5271 605 5329 ciantur.
622 5278 678 5332 in
695 5281 809 5336 solo
831 5293 1011 5339 autem
1035 5289 1329 5346 mediatore
1352 5292 1443 5347 Dei
1473 5302 1529 5348 et
1554 5295 1831 5351 hominum
1855 5298 1952 5354 ho-

369 5364 518 5420 mine
539 5366 665 5426 Jesu
687 5372 902 5430 Christo
925 5374 1158 5446 Spiritus
1181 5391 1436 5451 perpetuo
1457 5386 1724 5441 veraciter
1745 5397 1945 5453 manet,

367 5455 428 5512 in
448 5473 560 5528 quo
589 5477 690 5519 nec
715 5467 946 5524 sordida:
973 5471 1316 5541 cogitationis
1344 5479 1629 5544 maculam,
1671 5495 1832 5550 quam
1865 5497 1948 5536 re-

2056 4571 2334 4632 Phosinus,
2359 4568 2612 4622 audiens:
2644 4567 2744 4621 Hic
2766 4577 2839 4620 est
2873 4565 3044 4620 Filius
3066 4565 3182 4619 Dei.
3215 4564 3452 4619 Audiam
3481 4578 3635 4618 mani-

2057 4662 2194 4718 sueti
2217 4670 2270 4715 et
2300 4660 2568 4723 laetentur,
2616 4659 2740 4728 quia
2769 4660 2917 4713 venit
2963 4657 3047 4711 vir
3072 4666 3193 4728 post
3219 4655 3501 4722 Joannem,
3528 4657 3637 4711 for-

2057 4754 2164 4808 τίοι·
2184 4750 2408 4817 Joanne,
2465 4749 2554 4820 qui
2591 4751 2828 4820 baptizat
2853 4749 2907 4804 in
2937 4747 3139 4818 Spiritu
3166 4757 3374 4814 sancto,
3422 4761 3476 4804 et
3505 4748 3649 4819 quia-

2057 4845 2147 4900 hic
2167 4851 2250 4899 est
2275 4843 2443 4899 Filius
2485 4843 2600 4898 Dei.
2640 4842 2772 4910 Quia
2797 4843 2940 4898 enim
2975 4855 3071 4912 per
3116 4843 3418 4911 superbiam
3458 4857 3635 4898 reces-

2057 4934 2226 4989 simus
2246 4947 2434 4989 omnes
2457 4947 2487 4986 a
2512 4932 2640 4998 Deo,
2669 4931 2839 4986 Filius
2862 4931 2958 4986 Dei
2985 4946 3085 5003 per
3107 4933 3529 4987 misericordiam
3557 4933 3636 4987 fa-

2057 5032 2176 5078 ctus
2203 5031 2286 5078 est
2310 5023 2492 5089 homo,
2523 5029 2581 5076 ut
2609 5021 2748 5076 idem
2783 5022 2897 5091 ipse
2920 5029 2974 5075 et
2993 5035 3091 5092 per
3119 5019 3449 5076 divinitatem
3488 5022 3633 5077 Patri

2059 5120 2113 5165 et
2132 5126 2230 5182 per
2250 5113 2637 5166 humanitatem
2670 5118 2991 5180 congrueret
3014 5111 3198 5175 nobis;
3239 5126 3300 5164 ac
3329 5126 3426 5180 per
3445 5112 3633 5166 Imma-

2060 5202 2282 5256 nitatem
2321 5202 2746 5258 nostrisimilem
2777 5217 2876 5271 pro
2898 5202 3054 5256 nobis
3103 5217 3222 5256 cum
3253 5201 3408 5256 hoste
3446 5201 3634 5256 confli-

2059 5306 2202 5362 gere,
2222 5307 2319 5362 per
2339 5293 2667 5347 divinitatem
2690 5292 2835 5346 Patri
2851 5291 3380 5357 consubstantialem,
3408 5293 3474 5347 ad
3494 5293 3655 5346 imas

2056 5383 2234 5454 ginem
2251 5398 2350 5437 nos
2373 5383 2464 5436 Dei
2492 5390 2546 5437 et
2571 5382 3181 5460 similitudinum/quam
3199 5383 3470 5452 peccando
3496 5383 3646 5439 alni-

2057 5475 2243 5541 simus,
2291 5481 2475 5545 posset
2501 5473 2657 5542 digne
2683 5487 2955 5540 recreare;
3001 5473 3122 5546 [ut]
3146 5490 3242 5546 per
3283 5484 3510 5538 mortem
3535 5489 3649 5538 ne!

443 5664 468 5694 ³
509 5652 682 5711 Beda:
721 5658 894 5714 Manet
919 5679 1155 5731 semprrp
1178 5674 1230 5716 ut
1259 5662 1452 5734 possint
1475 5669 1659 5723 habere
1693 5674 1947 5736 virtutem,
1984 5692 2085 5745 qua
2115 5671 2419 5728 mirabiliter
2442 5673 2537 5743 ipsi
2574 5674 2756 5729 uiuant.
