4020 6186
408 233 510 288 759

1256 226 1316 279 Β.
1358 224 1420 277 F.
1457 219 1680 277 ALBIM
1717 215 1846 271 SEU
1886 212 2161 269 ALCULN
2195 210 2477 269 OPERUM
2518 209 2695 269 PARS
2733 210 2791 267 ll.
2868 264 2875 267 _

3550 212 3649 271 760

408 355 535 405 strte
560 345 867 419 fragilitatis
891 344 1193 398 destrueret
1219 353 1343 393 eum
1387 336 1477 407 qui
1507 332 1741 389 habebat
1789 325 1979 383 mortis
2086 325 2192 419 Vos
2234 337 2414 419 autem
2439 365 2454 392 9
2503 324 2605 419 qui
2642 322 2889 419 discipuli
2945 321 3079 379 θεῑίε
3128 322 3352 419 “ianuis
3386 365 3407 401 ι,
3448 330 3541 419 ψει
3590 345 3664 389 οι

409 440 716 512 imperium,
750 446 803 492 et
829 449 925 506 per
946 429 1327 502 impassibilem
1356 444 1466 482 sua:
1486 421 1780 481 divinitatis
1798 429 1985 491 poten-

410 514 543 587 tiam
571 524 941 585 reconciliaret
966 537 1065 576 nos
1094 520 1204 576 Deo
1226 518 1375 572 Patri
1403 529 1450 570 α.
1490 537 1509 568 ι

479 622 640 677 Vens.
668 615 757 671 55.
782 644 854 655 --
880 612 1066 670 Stabat
1104 611 1335 666 Joannes
1372 618 1419 662 et
1460 622 1524 661 ea:
1568 601 1838 676 discipulis
1870 598 1985 673 ejus

407 707 531 771 duo.
587 701 777 776 Stabat
820 700 1075 773 Joannes,
1105 699 1232 773 quia
1258 695 1513 752 credebat
1541 695 1595 748 in
1621 692 1843 748 Domino
1864 731 1879 755 ,
1932 697 1987 743 et

406 795 514 851 duo
539 810 606 850 ex
634 792 909 862 discipulis
935 790 1080 861 ejus;
1140 789 1321 847 statim
1347 787 1492 841 enim
1520 784 1885 845 crediderunt,
1933 787 1988 834 et

406 884 577 943 secuti
598 893 725 940 sunt
752 883 935 938 Iesum
963 880 1348 937 ambulantem.

478 974 642 1029 Vsus.
683 972 771 1043 56.
813 1001 883 1013 —-
920 969 989 1027 Et
1048 968 1323 1041 respiciens
1361 965 1544 1020 Iesum
1615 960 1983 1016 ambulantem.

413 1064 679 1120 Debemus
706 1062 919 1134 singula
934 1060 1339 1131 Seripturarum
1353 1056 1515 1110 verba
1540 1060 1792 1116 tractare,
1823 1065 1989 1120 quare

405 1151 645 1209 Joannes
672 1160 843 1222 stans,
873 1159 927 1205 et
959 1148 1115 1206 Jesus
1163 1147 1445 1203 ambulans
1483 1144 1680 1198 dicitur
1706 1159 1719 1195 :
1753 1141 1821 1194 Et
1852 1140 1991 1210 aspi—

408 1251 548 1304 ciens
572 1247 753 1304 Iesum
775 1244 1149 1307 ambulantem,
1200 1242 1358 1295 dicit:
1388 1238 1525 1292 Ecce
1545 1251 1710 1306 agnus
1737 1232 1854 1287 Dei.
1880 1232 1988 1286 Lex

408 1338 504 1393 dat
531 1337 929 1393 testimonium:
984 1349 1109 1389 ecce
1142 1347 1314 1407 agnus
1336 1329 1455 1395 Dei,
1483 1342 1652 1397 agnus
1677 1321 1991 1380 immacula-

412 1443 521 1495 tus,
544 1444 713 1501 agnus
743 1425 1049 1490 anniculus,
1076 1437 1244 1495 agnus
1266 1421 1355 1491 qui
1383 1418 1520 1473 tollit
1542 1424 1764 1486 peccata
1782 1412 1987 1477 mundi,

409 1535 579 1592 agnus
605 1518 696 1590 qui
751 1515 1228 1573 exterminatorem
1256 1509 1475 1583 Egypti
1526 1506 1781 1579 populum
1830 1503 1992 1558 lsrael

407 1616 690 1679 percutere
729 1620 835 1659 non
860 1604 1009 1659 sinit.
1069 1603 1200 1656 Ecce
1223 1616 1390 1672 agnus
1417 1598 1536 1652 Dei.

481 1703 642 1758 Vens.
670 1700 760 1756 57.
786 1730 856 1739 -
886 1697 954 1752 Et
1010 1668 1289 1751 audierunt
1318 1710 1436 1748 eum
1491 1687 1757 1760 discipuli.
1813 1685 1994 1752 Quare
2028 1668 2071 1741 ἓ

409 1793 577 1848 voluit
620 1791 820 1856 dicere,
868 1788 1029 1843 ecce?
1064 1786 1288 1854 Quando
1336 1783 1533 1840 dicitur
1558 1797 1691 1846 ecce,
1735 1779 1996 1850 quodam—

409 1864 570 1938 modo
604 1881 694 1937 ille
719 1880 811 1951 qui
841 1878 1167 1943 ostenditur,
1202 1876 1371 1946 digito
1394 1874 1814 1931 demonstratur.
1854 1868 1997 1924 Dicit

406 1990 536 2047 ergo
560 1968 630 2029 ad
671 1970 962 2042 discipulos
987 1985 1148 2027 suos:
1185 1968 1326 2037 Quid
1352 1984 1440 2025 me
1487 1965 1808 2037 sequimini?
1856 1962 1995 2031 Quid

410 2079 497 2121 me
519 2063 719 2136 putatis
744 2062 1060 2134 magistrum
1086 2059 1325 2117 habere?
1347 2058 1481 2114 Ecce
1506 2074 1672 2129 agnus
1697 2055 1813 2109 Dei.
1840 2053 1994 2108 lllum

408 2155 717 2228 sequimini,
748 2154 897 2211 illum
926 2161 1139 2224 oportet
1167 2166 1435 2216 crescere,
1466 2164 1551 2203 me
1599 2157 1778 2203 autem
1802 2142 1992 2200 minui.

412 2249 579 2305 Nemo
601 2247 922 2318 prudentum
943 2261 1067 2300 eum
1096 2244 1187 2314 qui
1219 2242 1499 2307 minuitur,
1518 2241 1784 2311 sequitur,
1821 2246 1875 2293 et
1910 2256 1997 2296 re-

412 2339 609 2410 linquit
627 2353 750 2394 eum
787 2337 880 2407 qui
907 2336 1122 2392 crescit.
1164 2335 1231 2391 Et
1265 2332 1811 2395 audierunteumduo
1839 2331 1998 2388 disci-

411 2430 523 2503 puli
550 2430 859 2499 loquentem
890 2427 1241 2498 magistrum:
1286 2424 1528 2496 Magistri
1556 2423 1840 2493 imperium
1872 2433 1999 2479 sunt

413 2522 605 2579 secuti.
643 2520 1031 2576 Testimonium
1064 2517 1289 2574 Joannis
1315 2517 1448 2573 ﬁdes
1481 2524 1565 2572 est
1591 2517 1994 2585 discipulorum.

411 2612 483 2671 Et
506 2612 671 2669 secuti
699 2619 820 2667 sunt
844 2610 1047 2665 Iesum.
1090 2609 1387 2682 Sequentes
1409 2607 1613 2676 Jesum,
1668 2608 2000 2679 reliquerunt

410 2701 706 2770 Joannem;
748 2709 1038 2772 sequentes
1066 2701 1434 2772 Evangelium,
1459 2700 1657 2772 Legem
1678 2699 1996 2756 amiserunt.

416 2796 511 2852 Sic
561 2803 741 2853 tamen
792 2784 964 2853 secuti
1013 2804 1139 2851 sunt
1178 2795 1546 2866 Evangelium,
1604 2802 1664 2849 ut
1694 2792 2000 2853 testimonio

416 2897 698 2951 uterentur
726 2903 757 2944 e
784 2887 943 2960 Lege.
992 2886 1284 2942 Conversus
1330 2897 1505 2941 autent
1525 2886 1703 2954 Iesus,
1744 2896 1793 2942 et
1823 2887 2001 2942 videns

415 2994 525 3033 eos.
572 2976 829 3047 Discipuli
873 2974 1096 3032 Joannis
1124 2976 1391 3042 cominus,
1448 2985 1504 3033 et
1531 2991 1740 3043 coram,
1769 2984 1824 3032 et
1848 2984 2000 3033 ante—
2024 3012 2073 3081 α

416 3083 578 3129 cessa
600 3067 787 3124 Jesum
830 3068 1013 3125 videre
1048 3084 1153 3124 non
1181 3078 1453 3141 poterant,
1502 3071 1596 3127 sed
1620 3079 1829 3141 tergum
1850 3070 1993 3126 illius

421 3159 787 3229 sequebantur
818 3166 877 3213 ut
904 3158 1169 3215 viderent.
1245 3162 1387 3234 Ergo
1427 3160 1578 3235 [illi]
1629 3162 1877 3232 discipuli
1917 3161 1999 3226 fa-

416 3248 559 3305 ciem
572 3247 781 3304 Domini
808 3250 988 3307 videre
1008 3267 1114 3307 non
1127 3262 1394 3322 poterant.
1426 3253 1701 3310 Convertit
1722 3270 1781 3311 se
1795 3263 1850 3311 et
1868 3271 2002 3324 quo-

426 3337 713 3394 dammodo
739 3337 805 3393 de
833 3354 931 3396 sua
959 3339 1243 3409 majestate
1255 3342 1556 3407 descendit,
1581 3350 1641 3397 ut
1672 3353 1895 3412 possent
1921 3343 2002 3399 di-

421 3430 610 3503 scipuli
638 3432 988 3503 contemplari
1015 3434 1207 3489 faciem
1230 3434 1402 3491 illius:
1444 3437 1714 3492 convertit
1747 3449 1806 3491 se
1835 3441 1897 3490 ut
1934 3449 2000 3489 ex

422 3522 567 3595 Lege
587 3538 617 3579 a
646 3523 923 3594 discipulis
950 3532 1283 3581 cerneretur.
1367 3537 1380 3558 κ

494 3613 655 3667 Vens.
687 3614 776 3670 58.
799 3643 870 3653 —
894 3612 1184 3669 Conversus
1211 3623 1386 3669 autem
1406 3624 1453 3671 et
1484 3616 1661 3672 videns
1680 3633 1766 3674 eos
1787 3635 2004 3691 sequen-

421 3716 497 3757 tes
534 3702 702 3757 dixit:
750 3702 891 3769 Quid
918 3705 1193 3775 quwritis?
1235 3705 1351 3764 Non
1377 3707 1532 3778 quasi
1557 3708 1811 3780 ignorans
1840 3712 2005 3768 inter-

429 3802 609 3864 rogat;
647 3796 741 3850 sed
770 3794 1084 3866 interrogat,
1115 3807 1174 3852 ut
1205 3801 1510 3857 mercedem
1532 3800 1764 3859 habeant
1784 3820 2006 3876 respon-

426 3892 634 3947 dentes.
666 3889 808 3957 Quid
828 3893 1063 3963 qutcritis
1083 3893 1109 3947 .9
1177 3892 1288 3949 Nec
1308 3895 1446 3951 dixit
1463 3912 1623 3967 quem
1649 3899 1909 3969 quaeritis,
1937 3916 2005 3956 ne

426 3993 485 4037 se
509 3978 782 4035 videretur
805 3981 1109 4037 ostendere.
1167 3981 1307 4048 Quid
1334 3985 1616 4055 quwritis?
1677 3986 1811 4041 item
1835 3988 2005 4043 inter-

426 4078 596 4143 rogat,
640 4078 700 4125 ut
743 4070 819 4125 illi
856 4087 1145 4140 personam
1169 4072 1497 4143 signiﬁcent.
1555 4074 1696 4141 Quid
1723 4079 2007 4147 quiet-itis?

425 4163 532 4231 Qui
560 4163 803 4218 dixerunt
831 4163 912 4217 ei:
948 4161 1134 4217 Rabbi.
1183 4164 1303 4233 ipsa
1324 4165 1615 4236 appellatio
1640 4168 2006 4236 responsionis

425 4253 681 4311 indicium
706 4262 790 4310 est
813 4252 958 4329 ﬁdei.
1007 4251 1230 4321 Quando
1249 4255 1393 4310 enim
1418 4256 1606 4312 dicunt
1625 4257 1821 4324 Rabbi,
1861 4259 2005 4328 quod

2085 413 2201 490 ipso
2227 415 2443 470 nomine
2477 411 2869 468 confessionem
2904 421 3142 467 vestram
3171 406 3572 485 demonstratis,
3608 431 3669 483 et

2086 503 2292 558 dicitis:
2322 502 2506 569 Rabbi,
2523 501 2700 556 venite
2724 509 2778 555 et
2808 499 2982 555 videte
3008 499 3138 573 [Με.
3158 500 3285 556 add.
3308 501 3402 558 uhi
3425 504 3665 580 maneo].

2164 596 2424 651 Venerunt
2440 605 2488 650 et
2509 594 2746 655 viderunt
2768 592 2859 645 ubi
2880 601 3133 662 maneret,
3154 602 3203 664 et
3223 595 3364 672 apud
3390 612 3672 667 cummag-

2085 697 2262 743 serunt
2290 685 2504 741 dieillo.
2567 684 2700 753 Quia
2724 682 3031 748 credebant,
3074 699 3183 755 non
3226 685 3283 739 in
3325 694 3485 741 nocte
3510 702 3669 742 man-

2085 785 2292 843 serunt,
2315 777 2410 832 sed
2432 776 2487 831 in
2511 776 2615 831 die.
2656 774 2773 830 Nox
2798 774 2891 843 illa
2910 774 3161 829 tenebras
3182 789 3287 829 non
3312 776 3560 841 habebat,
3574 777 3676 832 ubi

2087 874 2204 923 erat
2232 866 2365 923 ﬁdes
2393 865 2508 920 veri
2546 864 2781 923 luminis.
2833 862 2900 918 Et
2938 862 3079 935 apud
3117 880 3235 939 eum
3260 874 3561 933 manserunt
3582 864 3674 937 die

2087 956 2201 1012 illo.
2244 956 2393 1011 Hora
2421 964 2532 1025 erat
2558 956 2709 1027 quasi
2728 954 2950 1017 decima.
3013 954 3090 1009 Ex
3116 953 3258 1027 Lege
3287 956 3576 1015 veniebant
3603 957 3676 1019 ad

2089 1048 2469 1121 Evangelium;
2501 1047 2567 1101 ad
2595 1046 2753 1102 ﬁdem
2784 1046 2987 1102 Christi
3010 1046 3260 1115 mittebat
3287 1047 3409 1105 illos
3426 1048 3562 1133 legis
3588 1050 3681 1105 de.

2090 1140 2330 1213 calogus,
2356 1141 2447 1213 qui
2465 1155 2562 1212 per
2589 1137 2851 1207 Joannem
2874 1138 3296 1211 signiﬁcabatur.

2094 1365 2248 1436 Quod
2275 1381 2345 1420 η
2363 1364 2568 1419 duobus
2591 1363 2814 1436 Joannis
2829 1363 3238 1436 discipulina“
3273 1367 3437 1419 secuti
3463 1365 3681 1435 frtem

2163 1435 2467 1499 Dominum,
2502 1452 2638 1504 unus
2658 1434 2896 1504 Andreas
2934 1434 3167 1498 adduxit
3193 1434 3412 1504 fratrem
3432 1434 3588 1493 suam
3606 1438 3685 1495 ad

2164 1504 2368 1570 Iesum,
2393 1505 2482 1575 qui
2515 1503 2702 1577 Petrus
2739 1498 2802 1577 ab
2846 1505 2957 1577 ipso
2974 1498 3344 1577 nuncupatur.
3399 1504 3682 1577 Philippus

2164 1590 2368 1647 quoque
2393 1572 2602 1629 uocatus
2626 1572 2948 1628 Nathanaeli
2967 1572 3184 1628 indicat.
3235 1572 3342 1639 Qui
3380 1572 3503 1630 mea:
3539 1572 3685 1630 inter

2167 1654 2356 1703 επιστ-α
2396 1643 2496 1697 Dei
2534 1641 2733 1697 Filium
2768 1644 3066 1712 conﬁtetar.
3131 1643 3269 1697 Hinc
3288 1644 3443 1699 Iesus
3484 1661 3682 1712 aquam

2168 1663 2356 1703 amara
2396 1663 2494 1697 ua
2534 1663 2733 1697 rusum
2768 1663 3066 1712 ιὀηρκιιν.
3131 1663 3269 1697 mne
3288 1663 3443 1699 καί
3484 1663 3682 1717 aquam

2168 1715 2413 1796 convertit
2462 1713 2519 1768 in
2569 1714 2742 1773 uinum
2768 1753 2784 1780 ,
2832 1713 3151 1784 creduntque
3194 1715 3251 1769 in
3281 1730 3405 1769 eum
3432 1715 3687 1787 discipuli

2166 1802 2301 1856 ejus.
2971 1842 2974 1846 .

2167 1898 2330 1957 Vsus.
2368 1894 2459 1953 40.
2499 1924 2569 1935 -—
2604 1893 2737 1951 Erat
2771 1902 2947 1950 autem
2970 1893 3211 1950 Andreas
3249 1894 3417 1965 frater

2096 1987 2264 2052 Petri,
2291 2002 2429 2041 unus
2448 2000 2514 2040 ex
2533 1985 2759 2049 duobus,
2783 1984 2875 2054 qui
2894 1984 3172 2040 audierant
3201 2001 3235 2039 α
3262 1984 3487 2053 Joanne,
3523 1995 3575 2041 et
3599 2003 3691 2043 se-

2096 2078 2200 2132 cuti
2225 2076 2435 2146 fuerant
2454 2092 2593 2129 eum.
2661 2076 2722 2132 in
2770 2074 2873 2130 ﬁde
2920 2090 3026 2131 non
3060 2085 3145 2132 est
3177 2076 3343 2133 ordo:
3373 2078 3691 2148 ubicunque

2097 2166 2271 2235 ﬁdelis
2283 2173 2368 2222 est
2392 2167 2594 2231 anima,
2640 2166 2715 2225 ibi
2742 2181 3007 2222 annorum
3036 2168 3325 2224 multitudo
3344 2185 3450 2225 non
3472 2172 3683 2239 quaeri-

2097 2263 2206 2321 tur,
2236 2270 2336 2311 nec
2360 2256 2624 2326 paucitas.
2662 2255 2905 2313 Andreas
2931 2257 3107 2312 minor
3124 2266 3243 2312 erat
3263 2257 3483 2315 Simone
3494 2259 3684 2323 Petro,

2096 2354 2345 2412 attamen
2362 2362 2472 2402 non
2495 2347 2755 2416 qumritur
2781 2348 2957 2405 aetatis
2986 2349 3136 2415 ordo,
3169 2353 3264 2406 sed
3289 2351 3413 2407 ﬁdei
3442 2368 3460 2407 ε
3491 2350 3685 2407 Jesum

2096 2435 2305 2508 primus
2332 2437 2556 2493 invenit.
2611 2438 2742 2494 Erat
2771 2446 2952 2497 autem
2969 2438 3212 2497 Andreas
3236 2441 3407 2499 frater
3441 2442 3689 2500 Simonis
3736 2504 3747 2515 ,

2099 2527 2262 2594 Petri,
2291 2545 2431 2585 unus
2462 2545 2529 2585 ex
2555 2529 2785 2585 duobus.
2820 2530 2936 2586 Nisi
2960 2530 3100 2587 forte
3122 2540 3179 2587 et
3206 2533 3323 2589 hac
3346 2534 3579 2607 dignitas
3596 2546 3689 2592 est

2099 2621 2345 2684 Androm,
2378 2623 2504 2692 quia
2540 2622 2687 2677 Petri
2727 2624 3029 2693 appellatur
3066 2625 3259 2691 frater,
3307 2641 3472 2698 super
3517 2641 3683 2698 quem

2099 2719 2218 2767 erat
2253 2711 2474 2768 fundata
2505 2712 2659 2786 [Hs.,
2683 2723 2868 2783 postea
2889 2713 3196 2789 fundanda]
3232 2717 3498 2775 Ecclesia.
3578 2716 3689 2787 Qui

2100 2802 2379 2858 audierant
2423 2821 2456 2858 a
2478 2803 2703 2869 Joanne,
2729 2814 2777 2859 et
2805 2806 2967 2859 secuti
2990 2806 3199 2875 fuerant
3236 2806 3544 2863 Dominum.

2172 2897 2334 2952 Vens.
2368 2896 2457 2950 41.
2508 2928 2579 2937 ν-
2614 2895 2819 2952 Invenit
2868 2897 2953 2953 hic
2997 2899 3226 2968 primum
3264 2899 3481 2970 fratrem
3505 2917 3679 2956 una.

2101 2985 2146 3043 0
2168 2999 2296 3041 vera
2333 2986 2534 3056 pietas!
2595 2986 2781 3043 statim
2811 2995 2872 3042 ut
2904 2987 3112 3044 invenit
3151 2988 3356 3058 Jesum,
3400 2993 3584 3047 statim
3619 2999 3685 3047 ut

2102 3075 2306 3131 invenit
2320 3077 2691 3148 margaritam,
2710 3077 2893 3134 statim
2919 3086 2980 3133 ut
2994 3079 3197 3135 invenit
3216 3081 3547 3149 thesanmm,
3571 3082 3684 3140 fra-

2102 3170 2171 3224 tri
2193 3170 2427 3225 nuntiat.
2456 3169 2703 3226 Fratrem
2732 3187 2887 3225 suum
2916 3170 3191 3228 Simonem
3222 3181 3400 3240 vocat;
3427 3172 3682 3241 fratrem,

2103 3273 2210 3313 non
2242 3266 2351 3317 tam
2390 3260 2652 3331 sanguine
2679 3274 2841 3328 quam
2874 3259 3091 3329 spiritu.
3143 3261 3309 3329 Quem
3330 3261 3549 3323 fratrem
3573 3262 3678 3318 hs-

2101 3348 2266 3404 hebat
2291 3350 2664 3421 germanitate,
2693 3350 3038 3421 etsanguine,
3067 3352 3236 3408 voluit
3259 3353 3461 3410 habere
3488 3360 3549 3408 et
3575 3353 3685 3409 ﬁde

2104 3454 2439 3511 germanum.
2483 3439 2553 3495 Et
2574 3438 2701 3493 dicit
2732 3439 2813 3493 ei:
2845 3439 3143 3501 Invenimus
3175 3440 3447 3498 Messium.
3516 3440 3688 3498 Nemo

2105 3528 2333 3595 invenit,
2368 3529 2473 3585 nisi
2517 3529 2606 3599 qui
2638 3530 2853 3599 quaerit.
2906 3531 3012 3586 iste
3037 3532 3127 3600 qui
3153 3532 3426 3587 invenisse
3451 3532 3681 3599 sedicit,

2103 3618 2360 3685 ostendit,
2412 3617 2539 3690 quia
2584 3618 2677 3674 diu
2728 3620 2994 3689 quaesivit.
3058 3619 3360 3679 Invenimus
3413 3621 3685 3687 Messian,

2106 3707 2250 3778 quod
2289 3716 2374 3763 est
2410 3707 2822 3781 interpretatum
2867 3710 3133 3769 Christus.
3201 3711 3304 3767 Diu
3344 3711 3690 3782 quaesivimus

2104 3802 2377 3859 Christum
2405 3803 2458 3859 in
2472 3801 2740 3873 Moyse,et
2762 3802 2817 3857 in
2842 3802 3094 3859 omnibus
3115 3803 3423 3873 prophetis;
3450 3812 3510 3858 et
3527 3818 3688 3872 quem

2108 3892 2352 3949 invenire
2383 3892 2752 3962 cupiebamus,
2792 3892 2907 3962 ipse
2939 3908 3037 3949 nos
3066 3893 3292 3960 invenit,
3316 3894 3689 3950 etiventiin—

2107 3985 2373 4039 venimus.

2179 4074 2340 4128 Vens.
2377 4072 2465 4127 42.
2497 4103 2569 4113 ——
2607 4073 2674 4127 Et
2696 4075 2917 4130 adduxit
2943 4091 3063 4131 eum
3107 4075 3176 4131 ad
3195 4075 3400 4131 Iesum.
3455 4075 3574 4131 Non
3595 4076 3688 4132 dc-

2109 4163 2364 4235 dignatnr
2392 4161 2564 4232 major
2591 4164 2853 4220 minorem
2891 4165 3063 4234 sequi,
3110 4166 3238 4236 quia
3270 4181 3378 4222 non
3404 4175 3527 4222 erat
3550 4166 3685 4223 ordo

2106 4256 2305 4323 mtatis,
2329 4257 2420 4313 ubi
2440 4267 2559 4313 erat
2583 4258 2837 4313 meritum
2871 4258 3017 4314 ﬁdei.
3064 4257 3299 4315 Intuitus
3325 4269 3501 4317 autem
3535 4259 3691 4314 Iesus

430 4342 748 4416 intelligitur
773 4343 1048 4415 magister,
1086 4350 1140 4399 et
1158 4351 1456 4416 sequuntur
1473 4360 1596 4401 eum
1615 4386 1632 4413 ,
1681 4347 1866 4420 utique
1892 4363 2006 4405 ma-
2031 4363 2086 4426 υ
2107 4365 2224 4405 eum
2255 4348 2424 4404 dixit:
2458 4346 2537 4404 Tu
2562 4365 2616 4404 es
2637 4346 2818 4403 Simon
2838 4347 2983 4417 ﬁlius
3018 4348 3159 4403 Iona
3188 4365 3207 4404 :
3231 4354 3293 4405 tu
3313 4350 3578 4413 vocaberis
3597 4348 3694 4404 Ce-

423 4435 655 4507 gistrum
677 4442 976 4507 sequuntur
995 4444 1052 4491 et
1080 4436 1267 4493 dicunt
1283 4454 1302 4493 ί

497 4524 662 4580 Vens.
692 4525 784 4581 59.
811 4554 885 4565 —-
910 4522 1008 4579 Ubi
1029 4525 1275 4582 habitas?
1310 4526 1450 4582 Dicit
1488 4528 1602 4585 eis:
1648 4526 1827 4585 Venite
1857 4540 1904 4585 et
1934 4532 2007 4587 vi-

424 4615 561 4674 dete.
610 4614 806 4670 Volunt
857 4615 1224 4672 habitaculum
1270 4633 1428 4675 nosse
1473 4617 1625 4687 Jesu,
1669 4621 1855 4676 volunt
1904 4622 2009 4679 sibi

424 4704 637 4764 ostendi
662 4704 872 4775 qualem
900 4705 1288 4764 habitationem
1309 4708 1505 4765 habeat
1516 4711 1782 4778 Salvator,
1807 4722 1867 4767 ut
1885 4728 2010 4768 cum

426 4800 519 4856 ille
570 4799 867 4861 ostenderit
912 4799 966 4855 in
996 4800 1190 4872 quibus
1229 4801 1480 4857 Christus
1503 4803 1734 4870 habitet,
1773 4803 1909 4859 tales
1952 4818 2012 4860 se

428 4895 741 4960 exhibeant,
792 4894 1073 4965 inquibus
1103 4894 1364 4965 Dominus
1388 4895 1558 4966 possit
1602 4895 1873 4951 habitare.
1945 4896 2012 4951 Et

429 4986 565 5042 dixit
594 4987 700 5043 eis:
764 4983 942 5039 Venite
962 4993 1009 5039 et
1033 4983 1218 5039 videte.
1279 4985 1454 5043 Vultis
1492 4986 1677 5042 videre
1731 4986 2012 5043 habitacu-

432 5077 542 5135 lum
591 5077 807 5134 meum?
871 5075 1132 5133 Sermone
1183 5076 1442 5147 explicari
1489 5092 1594 5133 non
1624 5085 1819 5148 potest,
1847 5093 2013 5149 opere

427 5167 846 5225 demonstratur.
892 5165 1069 5224 Venite
1089 5177 1139 5223 et
1164 5168 1348 5224 videte.
1385 5166 1478 5227 Isti
1498 5167 1665 5241 478
1685 5170 1812 5239 quia
1839 5169 1906 5226 de
1933 5178 2014 5226 te-

430 5258 688 5317 stimonio
720 5260 856 5333 legis
891 5270 1171 5331 venerant,
1234 5263 1327 5333 qui
1358 5259 1575 5337 [Forte,
1615 5262 1728 5330 Isti,
1757 5266 1849 5333 qui
1877 5279 1906 5317 a
1930 5273 2009 5327 te-

430 5349 685 5409 stimonio
710 5390 727 5410 .
755 5392 771 5406 .
798 5392 816 5407 .
845 5362 1128 5421 venerant,
1160 5354 1378 5427 statim]
1429 5356 1615 5413 statim
1654 5355 1707 5410 in
1753 5356 1869 5427 ipso
1911 5371 2013 5412 no-

430 5442 577 5501 mine
602 5445 944 5510 confitentur,
994 5453 1050 5501 et
1074 5445 1292 5505 dicunt:
1331 5446 1517 5515 Rabbi,
1570 5448 1711 5518 quod
1750 5449 2016 5519 interprev

432 5536 581 5593 tatur
607 5533 879 5602 magister.
918 5531 1077 5590 Jesus
1118 5545 1297 5591 autem
1324 5539 1597 5607 respondit
1622 5536 1723 5602 eis,
1759 5547 1813 5594 et
1838 5537 2008 5593 dixit:

510 5661 538 5693 ι
567 5646 686 5705 Huc
712 5661 880 5715 usque
900 5664 965 5701 ex
993 5650 1155 5703 Beda.

2107 4440 2260 4511 phus,
2321 4438 2462 4510 quod
2505 4439 2877 4509 interpretatur
2919 4437 3133 4495 Petrus.
3208 4437 3452 4495 Necdum
3490 4437 3694 4509 aliquid

2107 4531 2303 4588 Petrus
2325 4532 2552 4598 fecerat,
2597 4539 2655 4587 et
2670 4531 2784 4603 jam
2815 4531 3015 4587 meruit
3044 4545 3240 4587 nomen
3293 4532 3491 4587 mutari
3528 4529 3690 4604 [ιι.

2109 4620 2364 4695 mutare].
2404 4621 2655 4691 Nunquid
2686 4622 2807 4693 plus
2835 4623 2904 4678 ab
2938 4622 3155 4679 Andrea
3184 4624 3521 4680 crediderat?
3554 4622 3691 4691 Quid

2108 4712 2285 4782 majus
2313 4711 2462 4777 fecit,
2501 4719 2562 4767 ut
2588 4726 2619 4767 a
2645 4710 2813 4767 fratre
2837 4711 2960 4783 plus
2985 4713 3289 4785 acciperet?
3326 4712 3500 4786 [Quid
3525 4713 3695 4783 majus

2109 4801 2347 4859 fecerat?
2370 4801 2391 4875 ]
2431 4802 2691 4867 Minorem
2714 4802 2937 4861 fratrem
2956 4812 3177 4860 secutus
3200 4813 3305 4869 est,
3328 4814 3385 4860 et
3411 4820 3575 4875 quem
3602 4806 3696 4860 διο

2110 4893 2274 4950 bebat
2315 4894 2677 4963 discipulum,
2715 4911 2823 4951 non
2853 4896 3175 4967 dedignatus
3220 4905 3305 4952 est
3337 4898 3538 4953 habere
3582 4912 3696 4953 ma-

2112 4986 2363 5056 gistrum.
2450 4984 2527 5040 Tu
2580 5002 2635 5040 es
2695 4986 2880 5045 Simon
2926 4986 3072 5056 ﬁlius
3112 4986 3273 5043 Iona.
3331 4986 3465 5043 Jona
3516 4986 3696 5059 lingua

2115 5088 2298 5133 nostra
2323 5078 2519 5135 dicitur
2566 5078 2834 5135 columba.
2887 5078 2967 5134 Tu
2992 5094 3054 5135 es
3083 5095 3214 5151 ergo
3252 5079 3396 5136 ﬁlius
3427 5078 3582 5146 Jona,
3638 5090 3697 5136 tu

2115 5187 2175 5227 es
2205 5171 2346 5227 Illius
2401 5170 2637 5241 Spiritus
2683 5172 2880 5228 sancti.
2942 5170 3113 5228 Filius
3158 5188 3291 5243 ergo
3330 5172 3531 5231 dicitur
3574 5171 3697 5243 Spi-

2114 5262 2250 5317 ritus
2278 5263 2475 5329 sancti,
2503 5263 2633 5334 quia
2653 5263 3014 5324 humilitatem
3041 5262 3112 5320 de
3137 5263 3341 5336 Spiritu
3376 5271 3568 5320 sancto
3598 5278 3693 5319 sc-

2111 5362 2348 5425 ceperat.

2184 5446 2349 5500 Vrns.
2363 5443 2453 5498 ιδ.
2478 5474 2549 5484 -
2576 5443 2643 5500 In
2664 5448 2953 5503 crastinum
2975 5445 3135 5503 voluit
3154 5447 3300 5502 exire
3322 5445 3377 5501 in
3391 5444 3691 5502 Gentiles-ant.

2113 5535 2169 5594 lu
2190 5533 2511 5597 crastinum,
2542 5535 2736 5606 inquit.
2770 5536 2935 5595 voluit
2963 5536 3119 5594 Iesus
3141 5537 3368 5594 exirein
3392 5536 3692 5607 Galilaeam,
