4020 6186
528 327 631 382 7Ὁῦ
1395 311 1456 367 Β.
1498 306 1559 366 F.
1605 307 1826 366 ALIilNl
1867 306 1998 365 SEU
2039 308 2131 363 AL

2234 308 2314 363 [NI
2371 299 2656 364 OPICIIL'M
2691 297 2871 359 PARS
2907 296 2967 356 II.
3689 296 3806 353 754

529 441 691 504 bant;
723 436 962 501 adeoque
998 427 1314 482 admirando
1345 425 1708 496 responderit:
1743 442 1775 478 a
1797 415 2108 478 Nazareth?
2134 433 2176 490 Α
2207 422 2425 489 quimur
2450 417 2634 481 Israel,
2655 419 2807 487 juxta
2839 415 2968 470 illud
2992 414 3265 485 Apostoli:
3301 413 3422 468 Non
3453 416 3589 470 enim
3617 424 3812 470 omnes

529 528 628 586 sed
666 523 920 582 continuo
967 517 1318 574 reminiscens
1368 524 1628 586 quantum
1676 514 1838 569 etiam
1874 514 2110 568 vocabu-
2208 515 2299 584 qui
2318 527 2382 565 ea:
2412 509 2598 572 Israel,
2625 509 2679 562 hi
2699 519 2820 563 sunt
2852 506 3141 571 Israelita;
3167 524 3331 577 neque
3357 506 3447 577 qui
3477 520 3650 559 semen
3679 516 3812 560 sunt

532 615 643 674 Iutn
690 611 959 670 Nazareth
994 608 1269 680 mysteriis
1301 606 1502 660 Christi
1555 613 1906 675 congrueret,
1955 611 2112 658 caute
2210 601 2456 665 Abrahm,
2485 617 2662 654 omnes
2695 599 2830 669 ﬁlii.-
2873 599 2964 653 sed
3001 599 3056 652 in
3089 595 3244 652 Isaac
3281 595 3553 651 vocabitur
3581 594 3677 648 tibi
3711 612 3814 650 se-

531 701 826 763 assenscrit
852 701 1200 773 praedicanti;
1245 699 1442 762 Potest,
1476 698 1744 766 inquiens,
1771 695 1970 765 aliquid
1993 694 2112 748 boni
2213 707 2330 746 men
2355 689 2527 762 (Rom.
2562 706 2638 752 ιιι,
2668 688 2745 759 6).
2804 688 2861 742 Id
2883 697 2983 750 est,
3018 702 3124 741 non
3147 687 3236 756 qui
3265 685 3358 739 filii
3386 684 3588 749 carnis,
3617 685 3674 740 bi
3701 684 3815 740 filii

533 813 662 852 esse.
715 794 940 864 Utrique
979 801 1159 847 autem
1204 790 1386 845 sensui
1422 797 1599 859 potest
1643 787 1933 843 convenire
1969 785 2114 856 quod
2213 781 2337 844 Dei;
2378 781 2472 836 sed
2491 781 2581 850 qui
2607 779 2699 833 filii
2729 788 2856 834 sunt
2889 777 3345 849 repromissionis,
3373 776 3716 831 aestimantur
3735 773 3805 832 In

535 884 783 954 sequitur
801 902 813 937 :

609 975 747 1029 Dicit
777 975 826 1028 ei
857 972 1148 1043 Philippus,
1176 972 1288 1025 veni
1317 980 1362 1024 et
1379 970 1511 1024 ride.
1567 970 1742 1038 Ipsum
1760 980 1993 1038 namque
2020 981 2117 1021 ve-

541 1066 661 1123 nire
684 1073 739 1120 et
765 1063 949 1118 videre
986 1063 1261 1125 monebat,
1310 1067 1369 1112 ut
1404 1060 1447 1113 si
1477 1059 1606 1128 quid
1636 1059 1685 1112 ei
1714 1058 1877 1113 verbo
1915 1053 2114 1128 [Beda,

539 1156 611 1213 ad
639 1152 834 1226 verba]
874 1152 1221 1222 prmdicantis
1241 1151 1473 1220 ambigui
1501 1149 1555 1203 in
1604 1147 1763 1204 corde
1807 1147 2117 1210 resedisset,

539 1253 714 1302 totum
740 1246 843 1299 hoc
865 1243 1000 1298 visio
1041 1248 1095 1296 et
1115 1239 1363 1294 allocutio
1388 1252 1627 1307 przesens
1654 1237 1770 1307 ejus
1798 1249 1958 1304 quem
1977 1248 2120 1304 prae-

545 1337 778 1399 dicabat,
801 1335 1151 1403 abstergeret.
1197 1330 1307 1384 Nec
1357 1328 1563 1384 distulit
1586 1330 1708 1399 pius
1753 1328 1968 1382 auditor
1984 1341 2122 1396 prte-

547 1427 780 1484 dicatum
827 1425 931 1480 sibi
958 1423 1136 1477 lumen
1173 1421 1418 1476 veritatis
1449 1420 1677 1475 sollicite
1720 1419 2010 1488 qumrcndo
2059 1432 2123 1471 ac

544 1519 634 1588 pie
681 1517 939 1588 pulsando
967 1558 982 1582 ,
1032 1523 1093 1569 ut
1136 1514 1418 1584 percipere
1481 1519 1808 1575 mereretur,
1853 1510 2121 1564 insistere.

549 1608 854 1664 Unde-mox
879 1608 1138 1663 Dominus
1165 1608 1364 1661 satiare
1386 1607 1440 1660 in
1479 1604 1636 1658 bonis
1659 1602 1984 1658 desiderium
2010 1601 2126 1670 ejus

547 1701 877 1765 accelerans,
930 1700 1185 1754 salutaria
1212 1697 1328 1768 ejus
1366 1704 1541 1765 empta
1570 1694 1792 1765 provida
1820 1692 2124 1748 laudatione

2215 869 2440 922 semine.
2494 868 2780 936 Sequitur:

2287 959 2450 1012 Vens.
2493 957 2582 1020 £8,
2613 957 2702 1012 49.
2743 983 2816 997 --
2851 955 2992 1010 Dicit
3041 955 3089 1009 ei
3139 955 3480 1009 Nathaaaet:
3528 951 3678 1008 Unde
3717 970 3815 1008 ne

2219 1047 2392 1103 nosti?
2427 1047 2707 1118 Respondit
2729 1046 2888 1100 Iesus
2902 1055 2950 1100 et
2978 1046 3210 1099 dixitei:
3255 1043 3572 1115 Priusquam
3597 1052 3647 1096 te
3671 1041 3813 1097 Phi-

2219 1139 2387 1211 lippus
2408 1151 2631 1204 vocaret,
2661 1155 2780 1193 cum
2809 1151 2945 1193 esses
2983 1136 3078 1192 sub
3099 1137 3224 1206 ﬁcu,
3258 1137 3364 1191 ridi
3391 1146 3460 1190 te.
3514 1135 3808 1208 Respondit

2219 1231 2268 1285 ei
2306 1229 2607 1284 Nathanael
2635 1238 2685 1283 et
2727 1229 2839 1282 ait:
2880 1226 3064 1291 Rabbi,
3093 1236 3149 1280 tu
3172 1243 3226 1281 es
3253 1224 3428 1280 Filius
3469 1224 3589 1290 Dei,
3647 1234 3706 1279 tu
3749 1241 3813 1279 es

2221 1338 2314 1376 recc
2341 1319 2530 1376 Israel.
2579 1319 2715 1386 Quia
2739 1320 2990 1390 cognovit
3010 1318 3306 1373 Natbanael
3344 1317 3544 1372 vidisse
3563 1326 3620 1372 et
3646 1330 3816 1373 nam

2221 1411 2388 1465 Deum
2415 1408 2543 1482 [Mm
2578 1419 2626 1464 et
2659 1409 2826 1472 Beda,
2854 1406 3159 1480 Dominum]
3181 1423 3300 1477 qua:
3333 1406 3440 1460 alio
3487 1407 3541 1460 in
3565 1405 3686 1461 loco
3712 1421 3812 1478 ge-

2224 1511 2492 1568 rerentur,
2524 1501 2577 1556 id
2606 1511 2710 1567 eSt,
2763 1501 3030 1571 quomodo
3058 1510 3114 1555 et
3157 1499 3248 1556 ubi
3275 1507 3494 1554 vocatus
3519 1500 3644 1554 sita
3681 1499 3813 1554 Phi-

2225 1595 2388 1666 lippo,
2412 1611 2534 1650 cum
2555 1595 2671 1665 ipse
2687 1595 2761 1650 ibi
2789 1593 3144 1664 corporaliter
3165 1607 3270 1646 non
3301 1600 3466 1656 esset,
3495 1591 3692 1646 divin:e
3717 1591 3812 1646 hic

2225 1684 2526 1754 maiestatis
2550 1685 2801 1739 intuitum
2829 1683 2989 1757 48],
3022 1683 3392 1745 considerans,
3422 1682 3673 1751 protinus
3686 1697 3812 1736 enm

549 1797 876 1854 remunerat,
927 1797 986 1843 ut
1023 1789 1167 1842 hunc
1213 1785 1470 1856 paulatim
1501 1784 1570 1840 ad
1613 1783 1803 1838 altiora
1837 1781 2125 1852 quterenda
2159 1774 2204 1834 Β
2229 1792 2334 1832 non
2358 1776 2530 1831 solum
2553 1775 2748 1841 Rabbi,
2771 1776 2824 1831 id
2843 1783 2927 1830 est
2947 1775 3286 1846 magistrum,
3307 1773 3402 1828 sed
3421 1782 3473 1826 et
3495 1771 3694 1827 Filium
3716 1772 3812 1827 Dei

546 1879 706 1936 simul
733 1888 786 1934 et
801 1879 1054 1948 capienda
1080 1879 1359 1948 provehat.

622 1968 782 2024 Vsus.
815 1969 904 2022 47.
942 1999 1014 2008 -
1059 1967 1199 2021 Vidit
1248 1983 1471 2038 namque
1494 1983 1612 2020 eum
1641 1967 1920 2020 venientem
1961 1963 2030 2017 ad
2053 1979 2125 2027 se,

547 2067 598 2116 et
620 2059 748 2115 dicit
773 2061 837 2115 de
856 2077 947 2115 eo:
993 2060 1126 2114 Ecce
1146 2076 1260 2114 vere
1285 2059 1553 2123 Israelita,
1582 2060 1636 2112 in
1680 2075 1781 2129 quo
1822 2056 1975 2112 dolus
2026 2073 2128 2111 non

549 2159 648 2207 est.
695 2151 796 2207 Ubi
824 2151 1115 2205 notandum
1155 2150 1298 2220 quod
1321 2150 1544 2204 laudans
1571 2147 1843 2204 hominem
1868 2148 1957 2218 qui
1983 2149 2132 2202 novit

550 2241 718 2298 corda
740 2241 903 2306 Deus,
953 2257 1059 2295 non
1085 2256 1206 2296 eum
1258 2241 1462 2310 absque
1513 2249 1753 2309 peccato,
1800 2239 1895 2296 sed
1929 2240 2134 2310 absque

551 2335 674 2391 dolo
703 2335 974 2390 exstitisse
998 2333 1301 2389 confirmat.
1361 2332 1477 2388 Non
1497 2341 1577 2388 est
1607 2333 1750 2387 enim
1775 2333 1937 2387 homo
1954 2330 2133 2399 justus

551 2429 608 2483 in
645 2437 791 2484 terra
819 2427 910 2498 qui
949 2425 1111 2480 faciat
1138 2427 1338 2480 bonum
1379 2435 1432 2481 et
1460 2441 1564 2480 non
1594 2433 1779 2495 peccet
1801 2439 1816 2478 :
1840 2423 1997 2478 multi
2029 2439 2129 2477 au-

557 2526 663 2572 tem
685 2517 802 2571 sine
828 2516 950 2571 dolo
995 2516 1298 2580 incessisse,
1347 2515 1402 2570 id
1425 2522 1527 2581 est,
1560 2500 1802 2585 simplici
1837 2522 1892 2570 et
1933 2512 2134 2569 mundo

554 2611 718 2666 corde
763 2609 1064 2664 conversati
1100 2623 1221 2663 esse
1259 2608 1537 2679 leguntur:
1584 2608 1694 2662 imo
1746 2606 1908 2662 etiam
1953 2605 2134 2661 cuncti

556 2701 740 2759 fideles
759 2701 892 2757 tales
912 2702 1092 2756 vivere
1115 2702 1398 2769 docentur,
1421 2701 1633 2758 dicente
1660 2700 1974 2770 Scriptura:
2004 2699 2136 2754 Sen-

555 2792 644 2847 tite
693 2791 758 2845 de
784 2791 1006 2846 Domino
1045 2793 1100 2845 in
1135 2792 1381 2856 bonitate,
1413 2801 1461 2846 et
1496 2793 1552 2846 in
1604 2791 1935 2862 simplicitate
1960 2790 2134 2844 cordis

553 2882 774 2952 quwrite
795 2880 940 2934 illum
969 2880 1118 2951 (Sap.
1144 2897 1184 2943 ι,
1218 2881 1291 2950 i).
1355 2881 1423 2935 Et
1447 2881 1561 2951 ipse
1592 2881 1883 2936 Dominus:
1931 2880 2130 2945 Estote,

555 2972 752 3046 inquit,
786 2971 1062 3042 prudentes
1085 2973 1218 3027 sicut
1242 2981 1520 3042 serpentes,
1548 2983 1596 3027 et
1623 2973 1881 3044 simplices
1895 2973 2026 3028 sicut
2054 2989 2136 3026 co-

556 3063 745 3118 lumba'
768 3063 979 3133 (Matth.
1009 3078 1064 3126 ιι,
1092 3063 1198 3134 16).
1240 3064 1384 3120 Talis
1415 3075 1531 3122 erat
1550 3066 1823 3139 exemplar
1859 3065 2131 3138 patientiae

2229 1884 2293 1924 ac
2315 1882 2497 1940 regem
2521 1867 2706 1932 Israel,
2749 1868 2802 1922 id
2829 1876 2913 1923 est
2939 1866 3234 1931 Christum,
3282 1865 3566 1922 confessus
3589 1874 3693 1920 est.
3751 1865 3818 1919 Et

2227 1962 2360 2016 libet
2386 1961 2582 2015 intueri
2606 1974 2766 2029 quam
2795 1959 3034 2029 prudens
3054 1957 3320 2013 laudantis
3350 1958 3492 2012 servi
3538 1955 3809 2013 confessio

2231 2051 2550 2120 respondeat
2587 2048 2814 2104 Domino
2857 2047 2986 2121 [Με.
3009 2058 3056 2102 et
3093 2047 3259 2112 Beda,
3290 2045 3530 2102 laudanti
3587 2047 3815 2102 Domino

2229 2140 2496 2197 confessio
2509 2140 2828 2211 respondeat
2842 2138 3028 2212 servi].
3064 2138 3156 2193 Ille
3176 2139 3320 2194 hunc
3335 2153 3462 2194 vere
3489 2138 3808 2204 Israciitam,

2229 2233 2283 2287 id
2311 2241 2396 2288 est
2420 2233 2592 2286 virum
2625 2231 2716 2301 qui
2746 2231 2914 2286 Deum
2943 2231 3127 2285 videre
3145 2238 3348 2300 posset,
3374 2245 3440 2284 eo
3465 2229 3611 2300 quod
3638 2227 3811 2284 dolum

2232 2326 2462 2380 minime
2483 2325 2724 2389 haberet,
2752 2325 3016 2390 astruxit;
3064 2324 3168 2378 iste
3202 2339 3326 2379 eum
3365 2337 3471 2378 non
3493 2323 3810 2394 magistrum

2232 2419 2627 2483 tan'ummodo,
2663 2417 2755 2486 qui
2778 2417 2930 2472 utilia
2952 2417 3288 2488 praeciperet,
3316 2429 3506 2471 verum
3527 2416 3694 2470 etiam
3725 2414 3813 2470 ιιι-

2233 2513 2361 2568 lium
2377 2513 2492 2579 Dei,
2511 2515 2601 2583 qui
2627 2513 2867 2569 ctelestia
2884 2512 3022 2568 dona
3044 2513 3330 2574 tribueret,
3351 2517 3405 2564 et
3429 2523 3609 2577 regem
3631 2508 3809 2574 Israel,

2235 2608 2288 2662 id
2322 2614 2404 2662 est
2429 2606 2609 2678 populi
2637 2607 2805 2661 Deum
2836 2604 3086 2669 videntis,
3137 2602 3386 2672 religiosa
3418 2601 3704 2656 devotione
3737 2598 3811 2654 fs-

2234 2705 2405 2752 tetur:
2449 2705 2510 2751 ut
2537 2699 2638 2752 hac
2666 2694 3002 2752 confessione
3032 2708 3187 2749 suum
3201 2706 3415 2763 quoque
3443 2691 3587 2745 hunc
3610 2702 3807 2760 regem,

2235 2801 2289 2846 et
2335 2807 2392 2846 se
2414 2789 2529 2858 ejus
2551 2790 2701 2862 regni
2724 2789 2946 2844 militem
2977 2787 3260 2858 significet.
3321 2786 3506 2840 Potest
3530 2785 3698 2838 etiam
3713 2785 3810 2838 Do-

2235 2882 2365 2936 mini
2390 2882 2502 2935 hare
2551 2879 2838 2944 sententia,
2878 2877 3140 2949 qua-dixit
3179 2893 3237 2932 se
3275 2873 3592 2938 Nathanael,
3639 2873 3810 2943 prius-

2236 2987 2395 3042 quam
2423 2979 2711 3027 vocaretur
2732 2986 2763 3025 a
2792 2970 3057 3040 Philippo,
3102 2983 3224 3024 cum
3249 2975 3394 3022 esset
3437 2967 3539 3021 sub
3565 2965 3692 3029 ficu,
3737 2964 3808 3019 vi-

2236 3066 2396 3132 disse,
2448 3078 2611 3136 super
2652 3061 2913 3120 electione
2939 3059 3196 3133 spiritalis
3223 3058 3406 3119 Israel,
3437 3057 3491 3111 id
3523 3065 3609 3111 est
3629 3053 3804 3125 populi

554 3151 676 3215 Job,
701 3151 766 3204 de
792 3166 897 3220 quo
917 3152 1173 3222 scriptum
1194 3161 1306 3208 est:
1355 3153 1487 3208 Erat
1509 3166 1684 3211 autem
1708 3156 1890 3212 rirille
1912 3157 2132 3228 simplex
2157 3141 2204 3203 (ἶ
2233 3158 2544 3222 Christiani,
2575 3157 2800 3228 mystice
2828 3157 3070 3226 intelligi,
3111 3169 3271 3225 quem
3300 3150 3555 3207 Dominus
3583 3147 3805 3205 necdum

555 3249 607 3297 ct
631 3249 800 3295 rectus
829 3241 948 3312 (Job
1000 3258 1036 3308 t,
1072 3243 1144 3313 I).
1197 3244 1343 3300 Talis
1373 3243 1538 3301 Iacob
1561 3247 1892 3316 patriarcha,
1933 3249 1998 3301 de
2027 3263 2134 3317 quo

555 3331 817 3402 scriptum
845 3341 958 3388 est:
999 3333 1184 3399 Iacob,
1216 3335 1292 3389 vir
1313 3335 1551 3406 simplex,
1593 3337 1859 3391 habitabat
1885 3339 1939 3391 in
1965 3338 2136 3392 taber-

559 3423 766 3479 naculis
803 3423 954 3495 (Gen.
998 3426 1275 3495 xxv,37);
1316 3427 1405 3494 qui
1456 3428 1708 3495 quoniam
1746 3429 1982 3497 puritate
2008 3444 2134 3483 cou-

557 3513 796 3570 scientia:
818 3515 1076 3585 simplicis
1102 3517 1285 3571 videre
1305 3516 1473 3570 Deum
1501 3519 1718 3582 meruit,
1744 3519 1909 3574 etiam
1947 3518 2131 3584 Israel,

559 3605 614 3660 ιιι
638 3614 721 3660 est
745 3606 830 3660 vir
846 3607 1033 3662 videns
1058 3605 1248 3672 Deum,
1276 3607 1570 3676 appellatus
1595 3618 1697 3663 est.
1739 3609 1885 3664 Talis
1912 3611 2012 3665 iste
2031 3610 2136 3664 Na-

559 3697 795 3762 thanael,
840 3713 999 3768 quem
1031 3699 1288 3754 Dominus
1312 3701 1380 3755 oh
1401 3699 1725 3769 parilitatem
1749 3701 1982 3755 innoxia:
2004 3716 2134 3756 con-

553 3785 878 3841 versationis
905 3786 1145 3856 ejusdem
1174 3789 1493 3856 patriarcha:
1518 3791 1725 3845 meritis
1757 3789 1915 3845 simul
1936 3798 1993 3845 et
2039 3805 2136 3845 no-

559 3876 704 3931 mine
723 3877 940 3947 dignum
967 3875 1133 3942 ducit,
1161 3878 1312 3944 Ecce,
1340 3881 1605 3950 inquiens,
1647 3899 1762 3936 vere
1785 3881 2054 3947 Israelita,
2081 3884 2136 3936 in

557 3982 659 4038 quo
685 3965 965 4022 dolus-non
996 3977 1089 4022 est.
1132 3967 1269 4024 Ecce
1297 3971 1388 4040 qui
1417 3986 1541 4026 vere
1577 3986 1605 4024 a
1634 3972 1939 4040 patriarcha
1967 3972 2134 4027 Deum

559 4057 776 4113 vidente
813 4075 982 4130 genus
1007 4061 1176 4126 ducit,
1203 4061 1312 4127 cui,
1365 4063 1504 4117 sicut
1552 4070 1606 4117 et
1638 4063 1739 4133 ipsi
1792 4063 2134 4134 patriarchae,

557 4147 666 4203 doli
693 4150 974 4220 duplicitas
1009 4151 1153 4206 nulla
1195 4153 1368 4207 inesse
1397 4154 1676 4221 probatur.
1739 4152 1784 4207 Ο
1809 4169 1970 4221 quam
2010 4153 2136 4223 pul-

555 4241 750 4296 chrum
777 4241 1074 4311 auspicium
1101 4241 1346 4297 veniendi
1372 4238 1563 4314 [Beda,
1586 4243 1845 4315 venienti]
1870 4243 1936 4296 ad
1963 4244 2139 4298 Domi-

558 4347 719 4399 num,
749 4341 805 4388 et
832 4333 1010 4388 videre
1036 4331 1185 4388 illum
1219 4335 1486 4406 cupienti!
1529 4336 1666 4390 Ecce
1707 4351 1821 4389 vere
1867 4334 2132 4401 Israelita,

557 4424 615 4478 in
659 4439 762 4494 quo
804 4423 956 4479 dolus
992 4434 1208 4480 nonest.
1252 4426 1402 4480 Beati
1445 4427 1639 4482 mundo
1681 4427 1857 4492 corde,
1886 4429 2134 4499 quoniam

557 4514 658 4585 ipsi
681 4514 847 4568 Deum
875 4515 1114 4570 ridebunt
1145 4515 1358 4589 (Matth.
1373 4534 1428 4584 v,
1449 4518 1527 4589 8).
1572 4517 1639 4574 Et
1659 4519 1745 4574 hic
1764 4519 1948 4574 videre
1968 4519 2134 4574 Deum

555 4603 890 4670 desiderans,
920 4621 1024 4660 non
1053 4608 1121 4661 ab
1141 4607 1267 4673 alio,
1292 4609 1386 4664 sed
1405 4611 1474 4665 ab
1495 4610 1631 4680 ipso,
1655 4612 2033 4681 quiscrutatur
2049 4627 2138 4668 re-

563 4708 659 4748 nes
698 4703 754 4748 ct
774 4697 957 4761 corda,
999 4696 1108 4753 Deo
1131 4701 1361 4755 mundus
1381 4702 1544 4756 corde
1578 4700 1847 4768 laudatur,
1878 4710 1934 4759 et
1965 4703 2136 4760 Israe-

564 4783 678 4848 lita,
710 4786 888 4852 idest,
930 4803 962 4842 a
1009 4790 1124 4844 viro
1145 4789 1312 4845 Deum
1347 4792 1546 4847 videnti
1599 4803 1907 4864 generatus,
1939 4797 2137 4850 astrui-

563 4885 670 4932 tur.
722 4876 768 4934 0
792 4893 952 4948 quam
977 4896 1202 4952 magnus
1224 4883 1378 4939 nobis
1406 4899 1639 4953 quoque,
1671 4885 1761 4954 qui
1791 4884 1858 4940 de
1884 4887 2134 4957 gentibus

557 4968 631 5025 ad
657 4967 818 5024 fidem
837 4971 1101 5037 venimus,
1125 4972 1178 5026 in
1205 4974 1306 5028 hac
1333 4975 1596 5030 sententia
1619 4974 1788 5029 nostri
1816 4974 2136 5046 Redempto-

545 5057 639 5114 ris
666 5059 888 5131 spiritus
919 5061 1108 5135 (Beda,
1140 5080 1301 5135 quam
1332 5080 1524 5136 magna
1547 5062 1690 5136 spes]
1714 5067 1956 5134 aperitur
1991 5067 2135 5122 salu-

559 5153 653 5209 tis.
691 5151 748 5209 Si
773 5153 918 5208 enim
941 5169 1069 5212 vere
1094 5158 1333 5213 Israelita
1361 5166 1445 5213 est
1476 5157 1567 5227 qui
1595 5155 1700 5211 doli
1744 5158 1960 5213 nescius
1987 5158 2135 5213 ince-

560 5243 658 5310 dit,
673 5243 787 5316 jam
809 5248 1090 5317 perdidere
1110 5248 1279 5305 Judmi
1310 5263 1504 5305 nomen
1529 5249 1913 5314 lsraelitarum,
1942 5264 2132 5318 quam-

554 5337 641 5396 vis
667 5341 958 5396 carnaliter
985 5341 1144 5416 [nati]
1169 5342 1237 5398 de
1261 5341 1446 5406 Israel,
1477 5329 1739 5412 quotquot
1759 5341 1944 5396 doloso
1969 5341 2130 5395 corde

559 5445 591 5488 a
615 5431 961 5502 simplicitate
979 5436 1300 5504 patriarchae
1325 5436 1406 5491 sui
1438 5436 1922 5505 degeneraverunt;
1947 5439 2004 5486 et
2031 5431 2127 5487 ad-

559 5525 680 5578 sciti
707 5540 896 5580 sumus
914 5525 1012 5595 ipsi
1041 5528 1092 5581 in
1113 5543 1296 5582 semen
1315 5526 1700 5589 Israelitarum,
1724 5525 1814 5593 qui
1836 5523 2131 5593 quamlibet

560 5614 681 5667 aiiis
703 5615 768 5668 de
787 5616 1092 5673 nationibus
1112 5632 1281 5687 genus
1304 5615 1484 5671 carnis
1508 5617 1784 5677 habentes,
1820 5615 1925 5668 fide
1950 5622 2126 5668 tamen

561 5702 802 5758 veritatis
841 5711 891 5754 et
922 5719 1046 5756 mun
1067 5706 1178 5759 litia
1202 5709 1441 5779 corporis
1463 5723 1524 5759 ac
1564 5707 1756 5758 uncatis
1799 5707 2021 5775 vestigia
2048 5724 2128 5761 se-

2171 4479 2218 4539 D

2235 3263 2294 3304 se
2321 3249 2613 3313 videntem,
2643 3247 2872 3301 necdum
2892 3262 2989 3316 per
3009 3245 3278 3315 apostolos
3299 3239 3412 3308 ejus
3437 3240 3501 3295 ad
3526 3239 3653 3294 fidei
3690 3254 3811 3310 gra—

2235 3339 2364 3393 tiam
2404 3347 2674 3403 vocatum,
2726 3337 2820 3393 sed
2862 3335 2962 3392 sub
3003 3337 3238 3407 tegmine
3263 3334 3433 3389 adhuc
3456 3331 3671 3401 peccati
3691 3345 3812 3402 pre-

2236 3433 2432 3486 mentis
2456 3432 2720 3496 abditum,
2769 3429 3195 3484 misericorditer
3231 3426 3413 3482 videre
3435 3425 3690 3495 dignatus
3711 3431 3806 3488 est,

2237 3521 2401 3574 I’auio
2426 3528 2736 3582 attestante,
2764 3520 2854 3588 qui
2885 3519 2988 3572 ait:
3037 3516 3142 3583 Qui
3185 3515 3445 3570 benedixit
3463 3529 3556 3567 nos
3582 3513 3642 3566 in
3675 3513 3808 3566 omni

2237 3610 2590 3664 benedictione
2633 3608 2882 3680 spiritali,
2925 3610 2979 3662 in
3007 3606 3295 3662 coelestibus
3332 3607 3386 3658 iu
3417 3603 3649 3666 Christo,
3682 3603 3808 3656 sicut

2236 3701 2386 3772 elegit
2417 3718 2509 3755 nos
2543 3703 2600 3755 in
2620 3703 2732 3772 ipso
2757 3709 2877 3754 ante
2898 3699 3082 3753 mundi
3104 3698 3547 3760 constitutionem,
3595 3705 3654 3748 ut
3683 3710 3807 3748 esse-

2236 3807 2350 3845 mus
2371 3792 2538 3844 sancti
2557 3799 2605 3843 et
2624 3789 2950 3843 immaculati
2978 3791 3035 3842 in
3049 3796 3321 3856 conspectu
3348 3785 3462 3855 ejus
3488 3784 3544 3837 in
3561 3783 3808 3837 charitate

2238 3879 2453 3953 (Ephes.
2492 3896 2534 3945 ι,
2577 3880 2653 3950 '5).
2705 3879 2773 3933 Et
2815 3879 3031 3948 quidem
3082 3877 3166 3932 fici
3213 3879 3374 3931 arbor
3425 3874 3714 3945 aliquando
3757 3874 3806 3927 in

2239 3970 2532 4039 Scripturis
2559 3969 2890 4024 dulcedinem
2922 3983 3169 4039 supernae
3195 3965 3498 4021 dilectionis
3543 3965 3802 4027 insinuat;

2236 4066 2379 4118 unde
2399 4064 2655 4133 scriptum
2678 4069 2793 4117 est:
2825 4059 2927 4126 Qui
2949 4070 3119 4115 servat
3133 4059 3312 4129 ficum,
3343 4057 3574 4111 comedet
3589 4056 3806 4126 fructum

2236 4154 2383 4223 ejus:
2413 4163 2458 4207 et
2474 4154 2564 4224 qui
2586 4161 2757 4206 custos
2773 4161 2847 4205 est
2869 4151 3082 4205 Domini
3103 4151 3206 4214 sui,
3227 4146 3612 4220 glori/imbitur
3634 4145 3804 4217 (Prae.

2238 4260 2408 4309 χιιι-ιι,
2424 4243 2531 4315 18).
2570 4243 2674 4298 Sed
2693 4244 2817 4313 quia
2833 4242 2992 4313 primi
3014 4250 3265 4313 parentes
3285 4240 3476 4303 nostri,
3505 4247 3660 4294 reatu
3678 4251 3806 4308 prte-

2237 4335 2581 4389 varieationis
2606 4334 2832 4400 confusi,
2859 4335 2924 4388 de
2949 4333 3033 4388 fici
3057 4334 3158 4388 sibi
3183 4331 3321 4386 foliis
3344 4331 3702 4386 succinctoria
3730 4327 3808 4382 fe-

2241 4438 2431 4484 cerunt
2475 4428 2628 4500 (Gen.
2659 4427 2762 4499 ιιι),
2817 4435 2994 4497 potest
3015 4427 3176 4481 arbor
3221 4425 3305 4479 fici
3357 4435 3462 4478 non
3516 4425 3802 4493 incongrue

2242 4521 2379 4575 male
2405 4521 2734 4575 dulcoratam
2765 4520 2946 4591 generi
2977 4521 3211 4574 humano
3233 4518 3674 4574 consuetudinem
3693 4531 3811 4587 pec-

2239 4611 2393 4666 candi
2443 4611 2678 4683 signare,
2723 4612 2822 4666 sub
2849 4627 2954 4680 qua
2975 4611 3180 4681 positos
3202 4610 3375 4664 adhuc
3411 4608 3614 4663 eiectos
3668 4623 3806 4672 suos,

2237 4703 2330 4758 sed
2366 4702 2593 4757 necdum
2639 4700 2917 4756 electionis
2973 4717 3085 4756 sua:
3131 4701 3359 4772 gratiam
3403 4709 3805 4771 cognoscentes,

2237 4795 2389 4865 quasi
2431 4795 2531 4849 sub
2562 4792 2664 4848 ficu
2688 4794 3059 4858 constitutum,
3107 4808 3210 4848 nec
3264 4807 3322 4847 se
3360 4792 3474 4861 jam
3520 4792 3808 4852 videntem.

2237 4885 2495 4939 Dominus
2521 4883 2668 4938 videt
2703 4881 3036 4948 Nathanael;
3081 4883 3219 4936 novit
3244 4883 3382 4934 enim
3408 4879 3689 4946 Dominus,
3728 4881 3812 4950 qui

2234 4986 2356 5029 sunt
2395 4976 2510 5046 ejus
2554 4975 2606 5048 (I
2636 4974 2767 5029 Tim.
2798 4991 2859 5039 Il,
2891 4975 3000 5043 I9).
3057 4971 3294 5040 Quorum
3327 4972 3613 5028 saivationi
3642 4972 3810 5043 ipsum

2236 5082 2446 5138 quoque
2465 5084 2658 5124 nomen
2683 5067 2976 5122 Nathanael
3005 5066 3282 5136 aptissime
3305 5065 3590 5128 convenit;
3620 5065 3813 5120 Nutha—

2236 5159 2354 5212 nael
2379 5174 2609 5229 namque
2633 5157 2830 5213 donum
2870 5157 2963 5213 Dei
2997 5158 3401 5227 interpretatur,
3448 5165 3504 5212 et
3530 5156 3635 5211 nisi
3679 5157 3813 5212 dono

2236 5249 2329 5304 Dei
2371 5252 2600 5321 quisque
2622 5259 2844 5305 vocatus
2879 5249 3062 5312 fuerit,
3085 5265 3358 5319 nunquam
3390 5257 3601 5303 reatum
3628 5250 3814 5319 prim

2240 5343 2702 5413 transgressionis,
2725 5358 2997 5412 nunquam
3013 5343 3151 5395 male
3170 5341 3496 5396 blandientia
3521 5357 3816 5415 augescen-

2237 5434 2367 5486 tium
2401 5435 2640 5503 quotidie
2662 5444 3005 5504 peccatorum
3050 5435 3360 5490 umbracula
3416 5434 3620 5501 evadit,
3674 5449 3814 5489 nuu-

2236 5540 2394 5592 quam
2436 5524 2722 5581 salvandus
2752 5529 2937 5582 venire
2961 5535 3200 5581 meretur
3225 5525 3289 5579 ad
3319 5525 3615 5580 Christum.
3663 5523 3818 5580 Unde

2235 5614 2694 5684 dicithpostolus:
2737 5617 2923 5673 Gratia
2953 5619 3092 5671 enim
3120 5619 3242 5672 estis
3280 5616 3469 5670 saluati
3512 5633 3606 5686 per
3631 5615 3824 5683 fidem,

2235 5719 2278 5760 cl
2303 5708 2397 5763 hor
2423 5729 2522 5764 non
2550 5727 2612 5764 cx
2640 5712 2775 5767 robis
2804 5711 2901 5766 Dci
2937 5711 3130 5771 donum
3157 5722 3230 5766 cst
3249 5727 3266 5764 :
3320 5728 3419 5766 non
3444 5727 3507 5764 ca'
3549 5708 3821 5778 cysriluts,
