4020 6186
241 334 351 394 765

1057 289 1463 391 uiscerum.
1500 365 1570 385 ._—
1606 333 1959 392 cosmaxr.
2001 335 2067 389 ιχ
2106 333 2294 391 max.
2339 369 2403 376 -_
2441 332 2566 392 Lm.
2606 336 2644 391 i.

3404 304 3509 395 ius

240 466 301 519 ut
355 471 419 510 ne
448 452 563 525 quis
606 450 859 523 glorietur
904 451 1119 523 (Ephes.
1171 468 1233 514 ll,
1288 452 1340 516 8,
1378 451 1455 521 9).
1512 451 1814 521 Sequitur:
1848 450 2224 519 Apnsuissct,
2264 449 2398 505 vidit
2450 450 2507 506 in
2565 452 2767 507 somnis
2816 451 3016 507 scalam
3064 460 3294 508 stantem
3345 469 3513 525 super

313 546 477 601 Vsus.
502 542 591 597 50.
614 572 685 582 ——
706 540 983 612 Respondit
1013 542 1168 599 Iesus
1193 552 1241 597 et
1267 542 1400 597 dixit
1419 542 1467 597 ei
1487 558 1506 596 :
1536 540 1673 606 Quia
1719 540 1831 594 dixi

240 634 371 699 ubi:
423 628 545 686 Vidi
578 641 627 687 te
680 630 775 685 sub
824 631 1195 701 ficu,credis;
1250 630 1424 700 majus
1480 631 1560 685 his
1611 629 1827 684 ridebis.

226 712 410 799 [Quid
455 723 528 777 sit
580 719 776 793 majus]
816 721 882 776 dc
931 737 1038 791 quo
1082 721 1232 786 dicit,
1284 720 1399 790 ipse
1443 721 1831 789 subscquentcr

230 815 440 893 ‘aperit,
485 813 722 868 futuram
762 811 1106 867 credentibus
1146 811 1458 881 spondendo
1496 809 1828 881 apertionem

230 902 395 977 regni
452 905 718 967 cmlestis,
768 912 823 960 et
862 904 1256 974 prtcdicandam
1295 903 1496 959 mundo
1544 912 1829 971 utramque

230 980 403 1052 unius
432 980 541 1051 sua:
560 1003 811 1049 naturam
832 980 1096 1066 personae,
1125 992 1267 1062 quod
1306 1007 1494 1048 revera
1534 991 1705 1047 multo
1729 1007 1828 1045 ex-

228 1082 524 1142 cellentius
550 1094 634 1141 est
674 1099 953 1146 arcanum,
1001 1098 1163 1153 quam
1209 1082 1351 1152 quod
1395 1098 1496 1137 nos
1524 1083 1576 1136 in
1622 1082 1827 1151 peccati

226 1168 421 1238 adhuc
469 1175 658 1230 umbra
698 1168 903 1244 positos
942 1188 971 1226 a
1021 1188 1081 1227 se
1129 1171 1506 1228 illuminandos
1561 1171 1825 1242 praevidit.

243 1265 417 1341 Majas
438 1274 521 1321 est
542 1265 683 1321 enim
725 1261 867 1333 quod
891 1277 989 1317 nos
1026 1261 1262 1316 salvatus
1283 1261 1455 1332 gratia
1491 1277 1601 1316 sua:
1647 1260 1829 1331 cogni-

244 1356 410 1413 tionis
448 1353 654 1416 imbuit,
686 1351 829 1422 quod
849 1350 969 1406 εωιὶ
992 1350 1147 1405 nobis
1184 1350 1377 1422 gaudia
1429 1351 1637 1423 pandit,
1684 1349 1828 1419 quod

222 1438 626 1527 'prmdicatores
660 1456 769 1496 sua:
818 1440 940 1494 ﬁdei
988 1439 1042 1493 in
1088 1438 1289 1493 mundo
1342 1434 1626 1507 dispersit,
1666 1454 1826 1507 quam

243 1534 388 1614 quod
440 1550 539 1589 nos
589 1531 872 1587 salvandos
914 1529 1151 1603 potentia
1197 1544 1309 1583 sua:
1355 1529 1654 1598 maiestatis
1702 1539 1827 1585 ante

226 1623 442 1691 secula
473 1622 764 1694 pnescivit.
851 1687 861 1696 _

312 1715 480 1771 Vens.
509 1713 597 1768 51.
626 1745 699 1757 -—-
722 1714 1068 1777 Amen,amen
1080 1712 1196 1768 dico
1213 1713 1369 1777 vobis,
1392 1713 1626 1767 uidebitis
1639 1711 1824 1769 coelum

1924 536 2155 605 terram,
2177 550 2233 596 et
2258 556 2516 597 cacumen
2555 541 2697 597 illius
2747 550 2970 614 tangens
3012 542 3244 609 coelum;
3294 544 3510 614 angelos

1929 646 2142 701 quoque
2164 631 2257 686 Dei
2284 632 2649 698 ascendentes,
2678 642 2734 689 et
2758 633 3142 691 descendentes
3183 649 3347 706 super
3365 651 3505 701 eam,

1927 728 1983 775 et
2004 719 2284 774 Dominum
2314 720 2556 776 innixum
2584 722 2741 777 scala:
2773 722 3036 777 dicentem
3066 720 3168 779 sibi
3193 741 3206 777 :
3237 721 3351 796 Ego
3390 743 3510 781 sum

1930 804 2069 859 Deus
2099 804 2361 859 Abraham
2387 809 2551 876 patris
2574 809 2667 870 tui,
2695 818 2743 863 et
2784 809 2925 865 Deus
2960 809 3114 865 Isaac
3132 830 3150 866 :
3178 812 3513 884 surgensquc

1915 909 2087 967 .mane
2124 895 2305 949 debito
2347 894 2468 950 cum
2507 904 2704 966 pavore
2746 897 2930 953 laudes
2973 898 3200 955 Domino
3246 898 3507 964 referens.

1930 985 2050 1040 tulit
2073 986 2246 1057 ipsum
2290 985 2543 1056 lapidem,
2590 995 2644 1041 ct
2690 988 2864 1042 erexit
2887 988 2941 1042 in
2994 990 3228 1055 titulum,
3282 990 3514 1048 fundens

1928 1075 2104 1131 oleum
2132 1077 2378 1148 desuper.
2411 1075 2580 1148 Hujus
2604 1091 2732 1147 ergo
2758 1075 2859 1131 loci
2888 1076 3145 1132 Dominus
3190 1076 3319 1133 facit
3360 1095 3511 1135 mru-

1929 1166 2158 1232 tioncm,
2185 1167 2328 1221 etde
2366 1183 2423 1224 se
2443 1178 2507 1223 ac
2527 1168 2640 1223 suis
2671 1167 2917 1224 ﬁdelibus
2941 1167 3227 1241 ﬁguratum
3256 1169 3511 1251 manifes~

1928 1257 2134 1312 tissime
2173 1266 2401 1313 testatur
2429 1270 2477 1310 ει.
2516 1279 2534 1310 ι

1912 1337 1921 1342 ’
1995 1345 2122 1403 Car.
2151 1363 2214 1412 It,
2243 1347 2407 1403 Vens.
2434 1346 2484 1401 i.
2517 1346 2584 1403 Et
2609 1349 2693 1404 die
2714 1351 2863 1405 tertio
2887 1352 3080 1423 nuptite
3108 1351 3264 1421 facta:
3297 1362 3416 1408 sunt
3455 1354 3510 1408 in

1927 1437 2073 1492 Cana
2104 1436 2357 1504 Calilwtt’,
2386 1448 2434 1492 et
2457 1449 2567 1493 erat
2596 1449 2762 1494 mater
2795 1439 2923 1494 Iesu
2965 1440 3038 1494 ibi
3058 1441 3107 1495 δ.
3142 1460 3160 1492 ι
3197 1440 3304 1497 Nec
3353 1454 3510 1498 vacat

1918 1519 1959 1580 ‘a
1995 1527 2254 1598 mysterio
2299 1527 2443 1601 quod
2488 1528 2574 1583 di'e
2626 1528 2808 1597 tertio,
2858 1535 2981 1598 post
3008 1545 3070 1585 ea
3103 1544 3220 1601 qua:
3264 1530 3510 1601 superior

1925 1612 2077 1687 [Ms.,
2100 1614 2369 1690 superius]
2409 1631 2586 1671 sermo
2624 1615 2899 1688 Evangelii
2940 1615 3315 1689 descripserat,
3368 1636 3505 1697 nup-

1922 1704 2011 1759 tiae
2038 1701 2192 1760 factze
2218 1704 2547 1761 referuntur.
2575 1705 2680 1762 Sed
2712 1708 2870 1762 tertio
2906 1715 3146 1778 tempore
3178 1709 3360 1765 s:eculi
3397 1709 3505 1766 Do-

243 1815 502 1877 apcrtum,
523 1813 571 1858 et
600 1802 809 1874 angelos
829 1802 914 1856 dei
936 1802 1265 1857 ascendentes
1286 1812 1333 1856 et
1354 1802 1713 1857 descendentes
1733 1820 1822 1856 su-
1849 1784 1898 1844 Β
1928 1792 2130 1848 milium
2159 1795 2227 1850 ad
2253 1796 2545 1865 θρωηάυιιῑ
2568 1795 2667 1851 Sibi
2684 1795 2981 1852 Εεοῐθδῖειῐη
3004 1796 3215 1853 νθηίδεῤ
3237 1798 3505 1872 designat.

241 1910 339 1969 pra
359 1893 528 1961 ﬁlium
549 1890 924 1946 hominisJam
941 1890 1259 1961 completum
1277 1892 1549 1947 cernimus
1569 1894 1819 1962 promissi
1922 1883 2163 1941 Primum
2202 1886 2398 1956 quippe
2437 1887 2616 1942 saeculi
2640 1896 2848 1958 tempus
2896 1896 3022 1943 ante
3049 1887 3219 1959 legem
3269 1889 3506 1959 patriar-

242 1980 405 2050 hujus
419 1980 687 2036 effectum.
706 1982 961 2037 Videmus
980 1981 1176 2037 etenim
1200 1982 1394 2037 caelum
1413 1983 1819 2053 apertum,quia
1904 1978 2150 2033 “charum
2177 1978 2456 2049 exemplis,
2487 1979 2781 2035 secundum
2817 1980 2916 2036 sub
2957 1980 3072 2052 lege
3115 1979 3505 2052 Prophetarum

242 2070 737 2149 postquamcmlum
753 2071 1066 2126 Deushomo
1088 2071 1585 2142 penetravit,etiam
1602 2073 1821 2127 nobisin
1921 2067 2161 2137 scriptis,
2207 2069 2425 2122 tertium
2482 2069 2580 2123 sub
2630 2068 2799 2138 gratia
2828 2070 3111 2139 prmconiis
3149 2071 3505 2143 evangelista-

243 2176 369 2217 eum
412 2150 776 2226 credentibus,
810 2174 1054 2230 superum
1077 2159 1266 2230 patria:
1280 2159 1609 2229 patefactum
1631 2175 1825 2231 cogno-

244 2252 446 2311 scimus
475 2251 777 2321 ingressum
812 2248 945 2320 [At.,
972 2247 1295 2321 introitum].
1323 2249 1578 2305 Videmus
1607 2249 1824 2320 angelos

245 2340 339 2395 Dei
354 2340 709 2395 ascendentes
724 2346 779 2393 et
795 2338 1179 2393 descendentes
1199 2354 1360 2408 supra
1382 2338 1550 2394 (ilium
1568 2341 1822 2406 hominis,

245 2411 370 2511 quia
407 2432 787 2501 prmdicatorcs
824 2439 1038 2486 sanctos
1060 2432 1307 2487 novimus
1332 2433 1719 2488 sublimitatem
1746 2433 1825 2487 di-

244 2521 488 2576 vinitatis
515 2520 715 2576 Christi
753 2521 909 2575 simul
952 2529 1005 2575 et
1048 2522 1400 2578 humanitatis
1443 2522 1559 2593 ejus
1609 2524 1822 2579 inﬁrma

244 2614 512 2673 nuntiare.
560 2611 871 2668 Ascendunt
917 2629 1079 2683 super
1122 2602 1303 2669 ﬁlium
1342 2616 1576 2671 hominis
1625 2616 1820 2687 angeli,

1924 2175 2067 2224 rum,
2108 2159 2262 2227 quasi
2299 2160 2460 2215 tertia
2491 2160 2595 2215 diei
2631 2160 2751 2215 luce
2778 2160 2978 2217 mundo
3027 2161 3260 2229 refulsit,
3291 2163 3344 2218 in
3399 2179 3506 2234 quo

1924 2249 2183 2305 Dominus
2210 2259 2264 2305 et
2303 2249 2551 2305 Salvator
2577 2260 2778 2318 noster,
2804 2268 2903 2324 pro
2938 2253 3304 2324 redemptione
3347 2271 3509 2329 gene-

1924 2342 2000 2397 ris
2020 2343 2238 2400 humani
2265 2343 2318 2397 in
2358 2358 2521 2399 carne
2542 2352 2700 2399 natus
2723 2347 2988 2417 apparuit.
3017 2345 3122 2401 Sed
3144 2356 3198 2403 et
3236 2348 3341 2404 huc
3365 2351 3507 2420 quod

1925 2430 1978 2487 in
2005 2430 2149 2487 Cana
2174 2431 2426 2498 Galilaxe,
2455 2434 2507 2488 id
2534 2443 2619 2488 est
2640 2435 2692 2488 in
2732 2434 2846 2489 zelo
2878 2437 3366 2507 transmigrationis
3386 2455 3507 2510 per-

1923 2529 2176 2590 petrate,
2227 2521 2428 2575 easdem
2473 2523 2670 2590 nuptiae
2713 2521 2868 2576 facta:
2916 2523 3294 2591 perhibentur,
3332 2524 3507 2598 typice

1926 2611 2229 2679 denuntiat,
2250 2627 2343 2669 eos
2363 2612 2595 2667 maxime
2619 2613 2790 2685 gratia
2815 2612 3012 2669 Christi
3042 2615 3230 2682 dignos
3253 2617 3507 2683 existere,

244 2718 366 2758 cum
393 2704 586 2758 docent
610 2703 1013 2782 praedicatores,
1056 2705 1179 2774 quia
1205 2706 1260 2759 in
1278 2694 1534 2777 principio
1552 2715 1662 2760 erat
1701 2705 1826 2760 νον·
1904 2703 2017 2771 ‘qui
2048 2701 2162 2758 zelo
2193 2701 2420 2758 fervoris
2447 2718 2510 2758 ac
2536 2702 2639 2773 pia:
2681 2702 2979 2758 devotionis
3021 2700 3212 2777 [Beda,
3255 2705 3346 2775 qui
3391 2706 3506 2761 zelo

244 2792 384 2863 bum,
406 2801 455 2845 et
491 2789 712 2845 Verbum
739 2801 852 2845 erat
872 2793 1012 2863 apud
1046 2792 1230 2859 Deum,
1270 2803 1320 2848 et
1367 2795 1504 2848 Deus
1545 2805 1659 2849 eral
1692 2792 1823 2850 Ver-
1928 2791 2137 2849 fervere
2179 2794 2279 2865 pia:
2308 2792 2651 2866 devotionis],
2675 2802 2729 2850 ct
2761 2793 3000 2869 mmulari
3021 2794 3344 2851 charismata
3391 2811 3504 2852 ma-

242 2881 365 2936 bum
404 2879 566 2952 (Joan
622 2896 658 2944 ι,
694 2880 768 2951 1).
815 2882 1155 2936 Descendunt
1183 2897 1345 2954 super
1387 2884 1554 2940 ﬁlium
1592 2885 1828 2941 hominis
1920 2884 2061 2961 jora,
2094 2900 2158 2942 ac
2186 2885 2251 2941 de
2281 2885 2426 2941 vitiis
2448 2885 2515 2940 ad
2538 2885 2782 2951 virtutes,
2814 2886 2953 2941 bona
2987 2886 3274 2956 operando,
3306 2886 3371 2942 de
3387 2895 3505 2945 ter-

240 2970 441 3039 angeli,
465 2985 587 3025 cum
619 2971 914 3042 adjunguut
942 2972 1101 3027 iidem
1130 2972 1280 3046 [Ms.,
1306 2975 1362 3031 id
1387 2974 1514 3048 est],
1543 2976 1669 3049 quia
1697 2974 1834 3032 Ver-
1902 2970 1905 2973 ’
1929 2976 2074 3031 renis
2100 2977 2167 3031 ad
2193 2983 2394 3032 :eterna
2443 2985 2639 3032 norunt
2667 2976 2932 3047 sperando
2969 2986 3024 3033 et
3061 2976 3287 3033 amando
3331 2987 3508 3036 trans-

240 3060 364 3116 bum
393 3077 518 3115 caro
559 3070 753 3130 [actum
787 3072 883 3128 est,
926 3073 973 3118 et
1008 3063 1258 3120 habitavit
1307 3067 1361 3122 in
1415 3068 1579 3123 nobis.
1634 3067 1818 3139 Neque

241 3150 514 3205 immerito
533 3151 914 3220 prtedicatores
935 3154 1105 3208 sancti
1135 3156 1309 3225 typiee
1331 3157 1505 3227 angeli
1532 3167 1815 3224 vocantur,

242 3243 439 3312 quibus
475 3252 729 3299 consuete
753 3246 1052 3301 derivatum
1084 3249 1152 3303 ab
1189 3250 1394 3320 angelis
1424 3266 1616 3307 nomen
1659 3267 1820 3308 evan-

240 3334 555 3414 gelistarum
583 3335 922 3402 conceditur;
948 3345 1007 3391 ut
1040 3338 1180 3393 sicut
1206 3339 1260 3394 hi
1291 3341 1486 3407 nuntii,
1518 3342 1591 3397 ita
1638 3350 1693 3399 et
1742 3343 1817 3398 illi

237 3434 464 3498 propter
490 3422 629 3482 idem
679 3442 901 3482 summa:
952 3430 1343 3499 prtedicationis
1387 3431 1641 3500 cilicium,
1689 3434 1815 3489 boni

241 3516 415 3572 nuntii
442 3516 902 3588 cognominentur.
929 3519 996 3573 Et
1026 3520 1319 3575 notandum
1373 3523 1514 3591 quod
1561 3524 1819 3582 Dominus

239 3608 477 3676 seipsum
507 3605 673 3661 ﬁlium
710 3607 943 3663 hominis
971 3623 1279 3679 nuncupat:
1322 3611 1619 3670 Nathanael
1662 3630 1815 3671 eum-

239 3696 364 3750 dem
404 3692 593 3750 Filium
632 3696 727 3752 Dei
751 3698 1027 3767 prmdicat.
1058 3698 1157 3755 Cui
1187 3702 1362 3756 simile
1382 3712 1466 3758 est
1484 3704 1625 3774 quod
1677 3707 1816 3775 apud

236 3786 375 3840 alios
406 3787 759 3857 evangelistas
785 3788 897 3858 ipse
933 3789 1224 3860 discipulos
1267 3793 1599 3865 interrogat:
1648 3794 1815 3859 Quem

236 3876 417 3938 dicunt
437 3877 668 3933 homines
693 3896 803 3933 esse
837 3879 1005 3948 ﬁlium
1035 3880 1257 3936 hominis
1281 3883 1306 3936 ?
1330 3883 1392 3936 Αι
1416 3882 1496 3936 illi
1529 3884 1770 3939 dixerunt
1793 3901 1813 3939 :

236 3966 343 4022 Alii
369 3967 626 4022 Joannem
672 3967 982 4040 Baptistam,
1026 3970 1122 4023 alii
1164 3970 1362 4038 Eliam,
1383 3980 1488 4028 etc.
1526 3972 1664 4027 Dicit
1705 3972 1812 4028 illis

232 4058 393 4114 Iesus
413 4075 432 4113 :
485 4057 587 4114 Vos
611 4069 783 4115 autem
814 4077 965 4132 quem
995 4079 1075 4116 me
1119 4078 1229 4117 esse
1254 4062 1427 4119 dicitis
1449 4065 1475 4118 7
1520 4064 1816 4134 Respondit

232 4151 429 4204 Simon
459 4149 619 4222 5.82
641 4151 870 4208 Petrus:
916 4151 959 4205 1'
959 4169 993 4206 τι
1022 4170 1076 4208 es
1106 4153 1345 4209 Christus
1383 4153 1554 4211 Filius
1583 4155 1679 4210 Dei
1714 4157 1813 4211 rivi

231 4240 456 4314 (Hatth.
479 4256 590 4306 xvi,
629 4242 855 4313 15-16).
887 4244 953 4297 Et
992 4244 1208 4313 quidem
1245 4243 1407 4313 justze
1453 4246 1810 4315 dispensatio-

231 4333 322 4395 nis
358 4331 723 4387 moderamine
750 4340 929 4387 actum
957 4342 1039 4388 est
1064 4342 1123 4387 ut
1151 4350 1271 4390 cum
1302 4330 1530 4404 utraque
1570 4333 1811 4403 ejusdem

1932 3064 2181 3135 migrare.
2213 3066 2589 3121 Discumbente
2616 3073 2796 3121 autem
2820 3062 2897 3121 ad
2924 3068 3138 3140 nuptias
3159 3066 3387 3128 Domino
3426 3068 3493 3125 vi-

1924 3167 2050 3207 num
2091 3152 2323 3219 defecit,
2358 3162 2437 3220 ut,
2476 3154 2603 3209 vino
2646 3154 2868 3215 meliore
2919 3171 3017 3226 per
3062 3155 3236 3225 ipsum
3273 3156 3505 3213 mirabili

1920 3242 2109 3298 ordine
2130 3241 2295 3310 facto,
2318 3242 2757 3299 manifestarctur
2785 3244 2951 3315 gloria
2974 3244 3191 3301 latentis
3214 3246 3265 3300 in
3287 3230 3506 3304 homine

1917 3335 2050 3402 Dei,
2081 3344 2134 3391 et
2167 3335 2502 3391 credentium
2544 3335 2597 3390 in
2647 3351 2770 3390 eum
2809 3334 2939 3392 ﬁdes
2986 3345 3142 3393 aucta
3193 3338 3501 3408 proliceret.

1918 3431 2071 3500 Quod
2099 3431 2142 3488 si
2167 3432 2480 3504 mysterium
2515 3431 2774 3487 novimus
2817 3430 2947 3505 [Δις.
2988 3442 3037 3487 et
3085 3430 3259 3496 Beda,
3308 3432 3504 3502 qiuari-

1917 3521 2083 3596 mus],
2109 3529 2400 3594 apparente
2429 3522 2481 3576 in
2515 3536 2679 3576 carne
2708 3521 2950 3585 Domino,
2987 3537 3200 3576 meraca
3244 3521 3332 3575 illa
3358 3522 3503 3595 lega-

1914 3613 1983 3669 lis
2010 3629 2202 3669 sensus
2224 3613 2463 3668 suavitas
2498 3610 2755 3682 paulatim
2810 3619 3067 3681 cceperat,
3118 3610 3188 3665 ob
3227 3611 3494 3668 carnalem

1915 3702 2310 3757 Pharisaeorum
2344 3699 2858 3770 interpretationem,
2884 3713 2914 3752 a
2934 3697 3112 3769 prisca
3143 3714 3238 3755 sua
3293 3700 3496 3757 virtute

1916 3790 2167 3849 deﬁcere.
2197 3791 2297 3857 Qui
2330 3805 2452 3844 mox
2476 3804 2562 3856 ea,
2588 3802 2706 3858 quae
2726 3789 2961 3844 carnalia
2984 3789 3319 3857 videbantur,
3343 3808 3497 3849 man-

1916 3883 2040 3938 data
2066 3880 2133 3935 ad
2186 3877 2480 3948 spiritalem
2532 3877 2799 3933 convertit
2848 3876 3170 3945 doctrinam,
3220 3892 3498 3939 cunctam-

1892 3970 2020 4044 que
2049 3966 2242 4025 littera:
2287 3968 2477 4041 legalis
2519 3967 2857 4040 superﬁciem
2915 3969 3219 4038 evangelica
3261 3972 3500 4028 caelestis

1888 4061 2100 4133 gratia:
2142 4061 2342 4115 virtute
2388 4058 2816 4130 mutavit,'quod
2842 4066 2927 4114 est
2967 4059 3150 4113 vinum
3198 4058 3392 4117 fecisse
3428 4062 3495 4119 de

1914 4166 2071 4221 aqua.
2104 4147 2210 4206 Sed
2230 4150 2405 4221 primo
2429 4149 2708 4206 videamus
2748 4149 2876 4221 quid
2899 4149 2969 4206 sit
3002 4148 3166 4221 quod,
3215 4148 3497 4209 deﬁciente

1913 4241 2040 4296 vino
2067 4282 2082 4307 ,
2131 4240 2261 4297 dicit
2286 4236 2474 4314 [Beda,
2522 4255 2665 4296 cum.
2698 4280 2712 4294 .
2749 4281 2763 4295 .
2793 4239 3016 4315 diceret]
3047 4249 3223 4297 mater
3257 4239 3382 4297 Jcsu
3426 4244 3494 4298 ad

1914 4344 2037 4385 eum
2059 4348 2072 4383 τ

231 4420 547 4521 mediatoris
573 4421 678 4521 _Dei
718 4430 773 4476 et
810 4421 1019 4477 Domini
1046 4424 1217 4478 nostri
1244 4424 1328 4479 vel
1351 4425 1419 4479 ab
1442 4424 1558 4521 ipso
1581 4424 1807 4521 Domino
1835 4459 1885 4521 Ι)
1925 4512 1954 4521 Δ
1984 4422 2241 4521 Visus-ii,
2280 4422 2335 4476 4.
2370 4452 2460 4521 ’ῖ-
2514 4419 2854 4521 Vinum-inor:
2895 4421 3116 4521 habent.
3169 4421 3489 4521 Respondit;

230 4511 323 4567 vel
349 4511 419 4566 ab
441 4511 660 4567 homine
685 4527 824 4582 puro
849 4520 993 4568 esset
1043 4514 1510 4568 commemoranda
1558 4513 1808 4569 substan-

232 4601 335 4667 tia,
363 4600 506 4656 Deus
537 4602 700 4655 homo
725 4599 1064 4672 fragilitatem
1095 4611 1381 4672 assumpta:
1405 4618 1436 4657 a
1464 4619 1523 4659 se
1560 4604 1808 4660 humani-

234 4691 366 4747 tatis
401 4706 566 4762 purus
594 4693 755 4746 homo
781 4692 1032 4767 virtutem
1073 4698 1286 4747 teternaa
1325 4691 1379 4747 in
1401 4707 1466 4749 eo
1510 4693 1808 4751 divinitatis

235 4789 502 4835 astrueret
526 4799 539 4834 :
572 4781 686 4849 ipse
707 4794 860 4836 suam
888 4780 1266 4845 humilitatem,
1295 4781 1381 4837 ille
1404 4781 1522 4852 ejus
1548 4782 1810 4840 fateretur

232 4868 590 4925 altitudinem.
622 4870 925 4925 Notandum
946 4869 1139 4940 quippe
1154 4870 1317 4925 etiam
1346 4871 1488 4940 quod
1525 4871 1803 4937 Dominus,

232 4960 329 5029 qui
358 4958 572 5015 beatum
603 4959 900 5016 Natbanael
930 4974 1056 5016 vere
1092 4960 1387 5015 lsraelitam
1428 4970 1732 5032 nuncupat,
1760 4964 1812 5018 in

232 5052 341 5104 hoc
360 5065 572 5121 quoque
596 5052 765 5105 verbo
794 5065 901 5120 quo
925 5052 1030 5106 ait:
1070 5049 1312 5105 Videbitis
1339 5050 1522 5106 caelum
1556 5063 1811 5122 apertum,

229 5147 285 5193 et
304 5139 513 5209 angelos
536 5140 635 5195 Dei
652 5139 982 5197 ascendentes
1006 5150 1054 5197 et
1090 5141 1451 5197 descendentes
1470 5159 1623 5214 super
1643 5141 1813 5212 filium

229 5229 462 5284 hominis
478 5229 657 5301 (Joan.
672 5248 714 5294 ι,
730 5232 845 5303 35),
865 5231 1128 5287 visionem
1139 5232 1307 5289 Jacob
1322 5233 1641 5305 patriarcha:
1655 5230 1808 5301 (Gen.

227 5317 453 5387 xxvm),
488 5320 579 5389 qui
628 5336 727 5391 per
772 5320 1196 5376 benedictionem
1238 5331 1461 5378 vocatus
1487 5329 1571 5378 est
1618 5320 1800 5385 lsrael,

228 5406 305 5462 ad
336 5409 653 5465 memoriam
700 5409 925 5466 reducit.
968 5410 1019 5465 is
1061 5421 1290 5479 namque
1319 5428 1463 5475 cum,
1518 5411 1703 5466 volens
1748 5412 1802 5466 in

226 5500 465 5572 quodam
500 5500 621 5556 loco
668 5499 1024 5571 requiescere,
1065 5498 1292 5567 lapidem
1337 5502 1501 5571 capiti
1536 5516 1637 5555 suo
1673 5515 1802 5570 sup-

303 5643 327 5702 f'
358 5628 645 5702 [lucusque
675 5648 740 5689 ex
766 5630 985 5687 humilia
1008 5629 1163 5687 Bedze
1199 5631 1380 5686 citata.

1913 4512 2055 4581 Quid
2087 4513 2215 4568 mihi
2242 4521 2290 4567 et
2341 4512 2435 4566 tibi
2458 4520 2558 4578 est,
2610 4500 2849 4567 mulier?
2884 4509 3137 4567 Nondum
3186 4513 3320 4569 venit
3363 4515 3493 4569 hora

1911 4621 2044 4659 mea.
2078 4602 2264 4673 Neque
2305 4601 2449 4657 enim
2497 4608 2724 4657 matrem
2773 4617 2925 4658 suam
2971 4602 3341 4671 inhonoraret,
3401 4606 3492 4677 qui

1911 4708 2012 4748 nos
2025 4690 2179 4761 jubet
2198 4692 2466 4748 honorare
2493 4700 2703 4763 patrem
2720 4700 2774 4748 et
2796 4702 3025 4750 matrem
3052 4709 3067 4760 ;
3097 4703 3191 4750 aut
3216 4710 3335 4751 eam
3386 4697 3488 4753 sibi

1910 4798 2029 4839 esse
2056 4792 2283 4838 matrem
2313 4792 2551 4854 negaret,
2579 4798 2647 4837 ex
2677 4784 2828 4854 cujus
2864 4799 3026 4839 carne
3068 4786 3279 4857 virgine
3329 4786 3485 4860 μίση

1886 4874 2227 4949 virgineam]
2258 4889 2474 4950 carnem
2508 4875 2779 4947 suscipere
2798 4890 2901 4931 non
2930 4876 3198 4947 despexit,
3231 4876 3491 4950 Apostolo

1913 4965 2075 5019 etiam
2114 4975 2364 5033 testante,
2394 4967 2486 5037 qui
2509 4966 2621 5022 ait:
2664 4966 2767 5033 Qui
2819 4966 2993 5038 factus
3015 4978 3088 5024 est
3110 4971 3157 5024 ei
3188 4987 3253 5026 ex
3289 4974 3471 5032 semini

1883 5069 1886 5072 ’
1911 5054 2083 5111 David
2107 5059 2391 5113 secundum
2415 5075 2624 5114 carnem
2650 5058 2821 5130 (Rom.
2854 5076 2891 5124 ι,
2925 5061 3002 5134 3).
3033 5060 3309 5131 Quumodo
3336 5063 3486 5124 enim

1884 5158 1977 5202 ‘ex
2005 5149 2209 5203 semine
2231 5149 2398 5203 David
2433 5151 2726 5206 secundum
2751 5168 2986 5217 carnem,
3038 5156 3082 5209 si
3121 5171 3225 5211 non
3263 5171 3329 5212 ex
3354 5154 3479 5214 cor-

1886 5230 2039 5308 pore
2064 5236 2244 5292 Mariae
2269 5240 2561 5294 secundum
2587 5254 2825 5306 carnem,
2854 5257 2971 5311 qum
2995 5256 3060 5299 ex
3083 5242 3247 5300 David
3267 5246 3480 5311 semine

1907 5327 2223 5384 descendit?
2246 5328 2337 5383 sed
2358 5327 2413 5383 in
2439 5343 2504 5384 eo
2531 5330 2692 5399 quod,
2722 5331 3038 5387 miraculum
3068 5334 3337 5403 facturus,
3363 5338 3476 5396 ait:

1909 5416 2050 5483 Quid
2074 5417 2202 5471 mihi
2221 5426 2269 5472 et
2299 5417 2391 5472 tibi
2413 5428 2507 5483 est,
2534 5417 2722 5474 mulier
2742 5420 2769 5475 ἲ
2794 5421 3060 5494 signiﬁcat
3085 5439 3143 5480 se
3163 5425 3479 5495 divinitatis,

1884 5514 1889 5523 '
1909 5524 2013 5579 qua
2043 5507 2357 5563 miraculum
2378 5516 2492 5565 erat
2518 5510 2859 5580 patrandum,
2883 5527 2988 5568 non
3009 5514 3328 5593 principium
3346 5525 3485 5583 tents

305 5700 334 5748 δ
355 5700 433 5766 Ex
464 5700 679 5769 humilia
700 5702 858 5767 Beda:
885 5703 940 5761 in
965 5702 1237 5767 Dominica
1264 5704 1494 5758 secunda
1531 5715 1649 5779 post
1674 5704 2049 5781 Epiphaniam.
