4020 6186
530 285 638 343 Ἱὸἳ

1390 275 1451 330 Β.
1492 273 1554 330 F.
1597 272 1819 327 ALlilNl
1860 271 1990 329 SEU
2022 267 2301 325 ALCUINI
2337 268 2623 327 OPERUM
2663 265 2842 323 PARS
2866 264 2933 323 ll.

3692 267 3853 367 τῖε

531 395 790 472 ρος-εὕων
812 389 1089 459 accepisse
1113 386 1179 441 de
1207 392 1406 451 matre,
1432 383 1529 440 sed
1574 383 1933 439 :eternitatem
1980 395 2121 435 scm-
2148 382 2200 442 Α
2224 378 2384 433 nistri
2411 378 2703 450 prophetat,
2727 378 2889 432 modo
2909 377 2976 432 de
3014 376 3176 431 Patre
3199 384 3408 432 tantum
3433 344 3747 446 loqmtsir
3772 344 3854 433 ,ει

533 470 630 560 per
661 480 914 538 habuisse
933 475 1001 533 de
1022 475 1202 530 Patre.
1235 475 1377 541 Quid
1401 474 1553 540 mihi,
1580 472 1776 543 inquit,
1808 480 1857 526 et
1907 470 2001 524 tibi
2019 477 2117 535 est,

533 573 767 630 mulier?
808 567 1061 625 Nondum
1089 569 1222 622 venit
1274 567 1407 621 hora
1458 582 1593 621 mea.
1645 563 1783 632 Quid
1834 560 2117 622 divinitati,

2220 467 2376 532 Filio,
2406 475 2466 522 ut
2489 476 2573 522 est
2591 467 2752 522 illud:
2786 465 2977 521 Omnia
3024 467 3077 520 in
3119 468 3378 537 sapientia
3412 468 3583 538 fecisti
3630 464 3840 539 (Psa'l.

2220 573 2339 623 cm,
2368 556 2482 631 24),
2509 558 2681 612 virtus
2698 556 2843 611 enim
2866 556 2961 610 Dei
2988 564 3043 611 et
3080 557 3342 628 sapientia
3386 556 3636 617 Christus
3692 570 3794 616 est
3824 579 3842 613 :

532 678 696 736 quam
723 676 791 719 ex
817 658 980 735 Patre
1002 673 1216 729 semper
1236 657 1422 721 habui,
1447 670 1572 711 cum
1594 663 1684 709 tua
1707 667 1888 713 carne,
1922 665 1989 704 es
2013 663 2121 718 qua
2218 651 2382 704 modo
2410 650 2575 704 etiam
2603 636 2837 720 Spiritus
2862 649 3035 704 sancti
3060 648 3268 704 faciunt
3289 649 3639 717 mentionem,
3658 650 3839 719 juxta

531 768 758 815 carnem
790 752 1026 824 suscepi,
1054 766 1339 806 commune
1364 751 1488 807 est?
1510 748 1760 805 Nondum
1802 745 1949 801 venit
1988 744 2122 798 hora

534 855 595 901 ut
631 842 978 915 fragilitatem
1005 849 1231 912 sumpta:
1263 857 1328 897 ex
1360 849 1414 897 te
1448 838 1794 896 humanitatis
1838 834 2119 890 moriendo

536 937 924 1003 demonstrem.
949 931 1108 987 Prius
1128 939 1213 987 est
1240 940 1300 985 ut
1317 930 1612 1003 potentiam
1647 937 1867 985 :eterna:
1909 926 2125 981 deitatis

538 1029 769 1093 virtutes
786 1024 1062 1097 operando
1089 1022 1432 1094 patefaciam.
1458 1021 1651 1078 Veniet
1677 1029 1857 1075 autem
1904 1018 2039 1072 hora
2066 1026 2125 1071 ut

536 1112 683 1186 quod
714 1112 814 1168 sibi
838 1121 894 1167 et
919 1112 1078 1169 matri
1108 1126 1392 1167 commune
1420 1119 1580 1175 esset,
1631 1110 1943 1164 ostenderet
1960 1149 1975 1173 ,
2003 1122 2126 1163 cum

539 1203 660 1261 eam
691 1203 987 1259 moriturus
1012 1202 1065 1257 in
1118 1217 1278 1257 cruce
1306 1200 1566 1271 discipulo
1614 1198 1809 1269 virgini
1864 1198 2126 1268 virginem

543 1291 925 1348 commendare
945 1290 1175 1346 curavit.
1205 1290 1398 1346 Carnis
1423 1304 1653 1358 namque
1675 1287 1889 1342 inﬁrma
1911 1302 2130 1358 perpes-

542 1397 658 1447 sus,
690 1388 941 1445 matrem,
980 1379 1044 1435 de
1067 1396 1172 1449 qua
1201 1380 1314 1439 hrcc
1337 1387 1667 1451 susceperat,
1711 1376 1799 1449 pie
1833 1376 2127 1448 cognitam,

540 1471 738 1535 eidem,
768 1486 930 1541 quem
953 1471 1184 1531 maxime
1212 1470 1498 1543 diligebat,
1545 1468 1805 1541 discipulo
1858 1484 2131 1523 commen-

544 1561 733 1629 davit:
763 1577 948 1636 quam,
973 1561 1154 1631 divina
1178 1560 1440 1626 facturus,
1486 1561 1637 1631 quasi
1684 1559 2015 1630 incognitam
2072 1575 2130 1615 se

546 1669 711 1719 nosse
740 1652 1063 1720 dissimulat,
1089 1653 1216 1735 quia
1243 1652 1383 1708 hanc
1408 1651 1574 1725 483
1612 1652 1806 1708 divina:
1833 1651 2131 1707 nativitatis

2223 741 2354 796 illud
2382 740 2622 812 ejusdem
2645 738 3084 810 Psalmographi:
3119 737 3286 795 Verbo
3316 739 3530 794 Domini
3554 739 3678 796 ccli
3724 741 3840 810 μβ

2225 834 2599 897 matisuut,et
2644 831 2832 901 spiritu
2876 832 2985 885 oris
3040 831 3157 901 ejus
3202 831 3370 885 omnis
3415 833 3578 886 uirtus
3628 836 3834 889 eam

2227 922 2400 997 (Psal.
2429 941 2603 990 xxxii,
2629 923 2705 995 6).
2733 924 2990 990 Verbum,
3038 924 3316 990 Dominus,
3338 933 3394 981 et
3429 925 3689 996 Spiritus,
3735 932 3833 1001 tci-

2228 1024 2420 1086 tusque
2449 1031 2589 1070 unus
2615 1015 2757 1070 Deus
2778 1024 2861 1070 est
2886 1015 3267 1087 intelligendus
3294 1017 3348 1071 in
3373 1016 3641 1073 Trinitate
3677 1016 3828 1091 (Hs.

2228 1115 2275 1161 et
2333 1105 2498 1169 Beda,
2549 1105 2807 1172 Verbum,
2857 1106 3163 1174 Dominum,
3214 1113 3269 1161 et
3316 1105 3583 1176 Spiritum
3625 1104 3829 1166 totam.

2229 1212 2351 1268 qum
2371 1213 2508 1252 unus
2534 1196 2675 1252 Deus
2700 1204 2803 1261 est,
2835 1196 3075 1267 intellige
3101 1196 3464 1271 Trinitatem].
3493 1196 3603 1253 Sed
3645 1214 3831 1269 quan—

2232 1296 2346 1343 tum
2377 1288 2515 1345 inter
2540 1303 2737 1358 aquam
2759 1296 2815 1341 et
2842 1287 3047 1354 vinum,
3090 1295 3295 1342 tantum
3332 1287 3497 1342 distat
3519 1286 3666 1342 inter
3694 1301 3826 1341 sen-

2232 1395 2350 1434 sum
2379 1378 2529 1435 illum
2554 1395 2661 1451 quo
2684 1378 2979 1450 Scriptura:
3012 1387 3138 1435 ante
3177 1379 3469 1435 adventum
3519 1376 3829 1453 Salvatoris

2233 1467 2688 1541 intelligebantur,
2717 1476 2775 1524 et
2800 1484 2924 1524 eum
2943 1483 3105 1539 quem
3131 1468 3352 1524 veniens
3395 1469 3511 1539 ipse
3560 1466 3827 1524 revelavit

2234 1559 2489 1630 apostolis
2524 1574 2821 1630 eorumque
2868 1559 3147 1631 discipulis
3184 1568 3443 1631 perpetuo
3486 1550 3827 1637 sequendum

2236 1652 2469 1722 reliquit.
2501 1651 2570 1708 Et
2600 1651 2817 1723 quidem
2845 1651 3021 1723 potuit
3067 1650 3327 1711 Dominus
3348 1666 3547 1707 vacuas
3601 1650 3828 1722 implere

545 1747 843 1805 auctricem
873 1761 979 1801 non
1029 1760 1149 1801 esse
1208 1734 1503 1816 cognoscit.
1541 1764 1559 1796 ι
1604 1741 1775 1812 llujus
1822 1758 1951 1799 vero
2000 1741 2134 1814 [Al.,
2169 1749 2212 1808 Β
2240 1743 2463 1816 hydrias
2496 1743 2656 1810 vino,
2682 1743 2775 1813 qui
2818 1742 2873 1797 in
2923 1742 3147 1799 exordio
3205 1743 3491 1799 mundana:
3530 1744 3829 1800 cmationis

545 1835 699 1910 ergo]
725 1836 870 1891 hora:
890 1834 1138 1893 dominus
1169 1835 1223 1889 in
1265 1850 1427 1890 cruce
1458 1833 1699 1904 pendens
1726 1841 2132 1899 commemorat,

548 1941 674 1984 cum
699 1926 834 1983 dixit
869 1926 1019 2001 [Man
1051 1942 1479 1984 commemorans
1512 1926 1670 1999 dixit]
1696 1926 1856 1981 matri
1882 1944 1894 1979 :
1943 1924 2135 1991 Mater,

548 2034 665 2072 ecce
689 2017 834 2089 ﬁlius
865 2028 1030 2085 tuus;
1067 2017 1221 2088 quasi
1255 2017 1519 2072 dixisset:
1568 2031 1694 2072 ecce
1740 2016 1842 2072 hoc
1889 2015 2034 2086 quod
2070 2029 2138 2070 ex

553 2118 607 2164 te
627 2108 832 2180 sumpsi
861 2110 1019 2169 modo
1046 2108 1369 2175 ostenditur,
1394 2105 1673 2161 moriendo
1717 2105 1932 2175 quidem
1956 2121 1971 2170 ;
2019 2119 2140 2174 quae

552 2212 732 2256 tamen
763 2209 955 2256 natura
982 2198 1325 2271 postmodum
1354 2196 1697 2253 clariﬁcanda
1725 2204 1844 2250 erat
1866 2196 1921 2250 in
1951 2210 2135 2252 resur-

556 2290 813 2348 rectionis
848 2291 1038 2364 gloria.

626 2381 789 2437 Vens.
816 2380 870 2437 5.
896 2411 970 2423 -
992 2380 1133 2435 Dixit
1159 2388 1324 2434 mater
1365 2378 1479 2449 ejus
1526 2376 1777 2431 ministris
1803 2389 1822 2427 :
1869 2374 2143 2447 quodcun-

551 2486 652 2541 que
675 2470 868 2537 dixerit
896 2468 1054 2532 vobis,
1093 2468 1271 2538 facite.
1312 2466 1535 2522 Sciebat
1561 2465 1777 2536 quidem
1806 2472 1981 2520 mater
2024 2462 2143 2534 ejus

557 2560 950 2619 humanitatem
1003 2559 1098 2615 filii
1144 2558 1261 2637 sui,
1317 2557 1445 2613 licet
1499 2556 1878 2628 quoquomodo
1929 2555 2144 2610 videtur

553 2649 708 2727 [Ms.,
735 2652 841 2709 hoc
872 2653 1033 2715 modo
1057 2649 1353 2723 videretur]
1385 2658 1636 2722 negatum
1683 2646 1829 2719 quod
1861 2648 2139 2718 poscebat,

554 2752 730 2801 mater
757 2753 937 2801 tamen
966 2744 1174 2800 sciebat
1202 2743 1456 2814 pietatem
1488 2740 1604 2806 lilii,
1652 2739 1797 2811 quod
1831 2752 1940 2794 non
2000 2748 2145 2795 esset

556 2844 851 2907 negaturus
907 2833 1063 2908 [Hs.,
1114 2848 1315 2905 negare
1369 2831 1564 2907 noluit]
1609 2832 1756 2904 quod
1818 2829 2140 2901 petebatur:

560 2927 684 2984 ideo
706 2924 1026 2985 fiducialiter
1047 2923 1322 2979 mandavit
1360 2922 1624 2987 ministris
1659 2930 1722 2978 ut
1745 2919 1999 2978 mandata
2040 2919 2143 2974 im—

460 3087 463 3089 .
540 3008 772 3091 ‘plerent
802 3015 894 3071 mu
916 3014 1178 3086 jubentis.

2241 1846 2434 1893 cuncta
2454 1836 2657 1891 creavit
2679 1850 2744 1890 ex
2768 1833 2937 1889 nihilo
2961 1851 2977 1901 ;
3003 1834 3097 1891 sed
3118 1834 3311 1895 maluit
3342 1834 3410 1890 de
3466 1850 3609 1905 aqua
3647 1833 3828 1890 facere

2242 1926 2448 1992 vinum,
2494 1941 2601 1997 quo
2633 1925 2810 1997 typice
2870 1924 3109 1991 doceret,
3150 1940 3259 1980 non
3295 1939 3354 1981 se
3397 1924 3464 1980 ad
3512 1922 3827 1981 solvendam

2242 2016 2779 2088 improbandamque,
2806 2015 2900 2071 sed
2928 2014 2997 2070 ad
3045 2014 3375 2086 implendam
3428 2013 3611 2085 potius
3658 2013 3827 2083 legent

2242 2109 2640 2179 prophetasque
2667 2107 2898 2173 venisse,
2930 2120 3103 2177 neque
3159 2106 3264 2163 alia
3325 2121 3488 2176 super
3536 2102 3737 2177 [Beda,
3776 2120 3830 2163 se

2244 2201 2362 2274 per]
2411 2200 2775 2273 evangelicam
2833 2198 3062 2271 gratiam
3109 2194 3291 2254 facere
3334 2207 3390 2253 et
3432 2193 3635 2252 docere
3669 2211 3828 2265 quam

2245 2306 2365 2362 quae
2391 2290 2576 2363 legalis
2601 2299 2657 2346 et
2700 2289 3015 2361 prophetica
3053 2287 3334 2360 Scriptura
3385 2303 3509 2344 eum
3560 2288 3829 2344 facturum

2244 2383 2636 2453 docturumque
2660 2382 2914 2452 signaret.
2966 2380 3257 2436 Videamus
3282 2395 3415 2452 ergo
3468 2395 3567 2435 sex
3615 2375 3834 2450 byth-ias

2248 2472 2657 2545 Scripturarum
2682 2487 2823 2542 aqua
2844 2470 3068 2526 salutari
3112 2469 3365 2540 repletas,
3388 2469 3673 2525 videamus
3690 2483 3834 2528 ωωο

2248 2567 2368 2623 dem
2394 2580 2590 2636 aquam
2616 2564 2670 2619 in
2697 2563 3077 2621 suavissimum
3114 2562 3225 2617 vini
3249 2562 3472 2618 odorem
3511 2570 3843 2632 gustumque

2247 2671 2582 2715 conversam.
2612 2655 2671 2710 lu
2696 2654 2868 2726 prima
2889 2662 3048 2711 aetate
3073 2652 3252 2709 saeculi
3272 2693 3288 2718 ,
3329 2652 3469 2709 Abel
3487 2652 3698 2722 justum
3728 2642 3834 2707 Ira-

2250 2757 2333 2803 ter
2352 2747 2595 2803 invidens
2616 2745 2814 2802 occidit
2840 2743 2994 2815 (Gen.
3033 2743 3131 2816 tv),
3168 2752 3224 2798 et
3244 2744 3314 2800 ob
3354 2744 3460 2799 hoc
3481 2743 3599 2812 ipse
3642 2758 3837 2813 perpe-

2253 2847 2342 2893 tua
2362 2836 2608 2909 martyrii
2642 2836 2814 2907 gloria
2835 2836 3055 2902 beatus,
3101 2835 3267 2893 etiam
3323 2835 3377 2890 in
3428 2835 3765 2905 evangelicis
3788 2844 3841 2889 et

2251 2928 2558 2998 apostolicis
2602 2928 2799 2983 litteris
2842 2925 3070 2997 iustitia:
3106 2926 3317 2982 laudem
3365 2927 3575 2998 accepit
3620 2924 3841 2999 (Haut.

2253 3033 2410 3083 χχιιι,
2439 3017 2568 3075 Luc.
2602 3016 2701 3090 si).
2741 3016 3040 3073 Fratricida
3087 3031 3218 3071 vero
3254 3015 3449 3084 impius
3477 3023 3702 3073 :eterna:
3731 3029 3843 3071 meo

641 3105 800 3160 Vnus.
830 3101 884 3157 6.
914 3133 984 3143 —
1013 3099 1180 3159 Erant
1205 3112 1377 3159 autent
1422 3104 1644 3176 lapidea
1678 3102 1881 3175 hydria:
1924 3119 2016 3158 sex
2061 3120 2147 3174 po-
2174 3095 2222 3158 C
2252 3107 2554 3163 ledictionis
2571 3121 2761 3176 pinnas
2781 3105 2901 3163 luit.
2958 3104 3275 3175 Quicunque
3323 3104 3406 3161 his
3447 3104 3679 3168 auditis,
3731 3118 3841 3161 me-

550 3188 697 3259 βείω,
726 3193 1011 3255 secundum
1038 3194 1458 3264 puriﬁcationem
1505 3194 1836 3259 Judworum,
1889 3193 2148 3264 capientes

562 3283 785 3357 singqu
811 3274 1227 3353 metretasbinus.
1248 3284 1325 3340 vel
1348 3297 1542 3339 ternas.
1598 3303 1616 3336 ι
1647 3284 1862 3357 Hydria:
1890 3293 2151 3349 vocantur

570 3388 698 3429 vasa
736 3388 996 3443 aquarum
1036 3374 1276 3443 receptui
1326 3381 1531 3442 parata,
1589 3372 1776 3429 Gnece
1821 3374 1966 3429 enim
2013 3390 2152 3446 aqua

566 3462 707 3543 ὕδωρ
733 3464 950 3526 dicitur.
998 3462 1152 3534 Aqua
1194 3472 1374 3521 autent
1428 3463 1722 3535 Scriptura:
1765 3480 1935 3522 sacrm
1978 3467 2155 3522 scien-

570 3557 698 3613 tiam
721 3556 983 3628 designat,
1016 3571 1136 3626 qua:
1162 3570 1289 3611 suos
1325 3555 1600 3612 auditores
1635 3565 1691 3613 et
1729 3574 1761 3614 a
1805 3567 2155 3631 peccatorum

570 3645 731 3701 sorde
754 3645 971 3700 abluere
997 3654 1052 3699 et
1096 3645 1290 3701 divinm
1317 3646 1640 3719 cognitionis
1680 3649 1817 3704 solet
1860 3647 2011 3707 fonte
2053 3666 2153 3721 po—

574 3745 708 3789 tare.
736 3735 877 3792 Vasa
902 3750 997 3791 sex
1025 3735 1221 3806 quibus
1240 3753 1379 3807 aqua
1418 3739 1818 3808 continebatur,
1842 3742 2003 3796 corda
2029 3751 2157 3797 sunt

576 3822 769 3879 devota
816 3833 1160 3894 sanctorum,
1191 3842 1418 3897 quorum
1468 3829 1729 3899 perfectio
1757 3832 1883 3887 vita:
1924 3841 1981 3888 et
2034 3833 2159 3889 fidei

578 3915 645 3971 ad
670 3915 971 3987 exemplum
1015 3927 1161 3974 recte
1213 3920 1467 3977 credendi
1515 3937 1580 3978 ac
1612 3923 1828 3979 vivendi
1882 3925 2160 3995 proposita

576 4012 663 4065 est
694 4006 878 4085 generi
906 4008 1141 4064 humano
1181 4024 1281 4085 per
1304 4026 1400 4066 sex
1448 4012 1629 4067 saeculi
1675 4013 1903 4071 labentis
1948 4024 2157 4081 aetates,

576 4096 629 4151 id
682 4104 805 4167 est,
840 4113 1012 4169 usque
1058 4099 1128 4155 ad
1176 4108 1385 4171 tempus
1429 4101 1722 4159 Dominicae
1763 4102 2163 4173 prmdicationis

577 4186 767 4260 [Beda,
803 4188 1116 4262 passionis].
1147 4190 1215 4246 Et
1250 4191 1388 4245 bene
1428 4190 1637 4261 lapidea
1689 4202 1817 4249 sunt
1850 4208 1999 4261 vasa,
2037 4197 2163 4267 quia

579 4278 738 4336 fortia
759 4289 887 4336 sunt
911 4282 1514 4355 prtecordiajustorum,
1549 4293 1610 4339 ut
1637 4293 1763 4356 pote
1786 4286 1929 4342 illius
1958 4286 2064 4343 fide
2109 4297 2165 4345 et

514 4359 537 4409 ε
577 4373 862 4430 dilectione
881 4373 1074 4444 lapidis
1103 4374 1330 4431 solidata
1369 4391 1531 4446 quem
1581 4376 1713 4433 vidit
1747 4376 1935 4436 Daniel
1971 4380 2161 4449 praeci-

577 4478 699 4519 sum
722 4462 789 4518 de
810 4471 993 4519 monte
1020 4463 1138 4522 sine
1182 4465 1451 4532 manibus,
1479 4457 1787 4539 factumque
1825 4469 1880 4524 in
1921 4480 2160 4535 montem

579 4564 933 4627 magnum,,et
978 4557 1228 4631 implesse
1273 4575 1489 4627 omnem
1536 4569 1737 4619 terram
1768 4560 1933 4634 (Dan.
1960 4580 2020 4631 ιι,
2044 4562 2157 4635 5i).

579 4645 648 4701 Et
675 4646 741 4702 de
759 4663 869 4719 quo
887 4648 1016 4709 dicit
1046 4650 1365 4708 Zacharias:
1391 4649 1461 4707 In
1487 4651 1659 4725 lapide
1683 4670 1785 4708 uno
1807 4664 1998 4725 septem
2024 4654 2161 4710 oculi

578 4737 910 4811 παλαῖσαι.
947 4757 1031 4808 ιιι,
1078 4741 1155 4812 9),
1214 4743 1266 4799 id
1308 4750 1412 4809 est,
1467 4743 1522 4797 in
1573 4741 1791 4800 Christo
1834 4745 2163 4813 universitas

578 4827 819 4886 scientiae
847 4832 1104 4902 spiritalis
1143 4833 1408 4891 inhabitat
1435 4850 1451 4901 ;
1477 4832 1633 4902 cujus
1655 4842 1710 4891 et
1761 4835 2036 4904 apostolus
2059 4836 2162 4894 Pe-

583 4929 699 4977 trus
727 4921 971 4978 meminit
992 4922 1068 4979 ita
1085 4924 1309 4980 dicens:
1360 4924 1443 4979 Ad
1488 4941 1639 4996 quem
1680 4924 1979 4988 accedentes
2027 4925 2164 5000 lapi-

584 5013 698 5067 dem
736 5013 925 5079 vivunt,
957 5022 1007 5071 et
1036 5013 1134 5085 ipsi
1174 5025 1425 5087 tanquam
1462 5014 1664 5087 lapides
1699 5016 1798 5072 vivi
1841 5019 2165 5091 supera'dili-

583 5104 855 5179 cumini“
885 5105 1032 5162 Petr.
1058 5123 1120 5173 ιι,
1151 5108 1233 5181 4).
1285 5108 1432 5166 Bene
1485 5111 1779 5168 secundum
1826 5111 2163 5180 purificatio—

586 5210 712 5253 nem
757 5193 1064 5257 Iudaeorum
1113 5197 1280 5272 [Beda
1313 5199 1441 5255 add.
1491 5200 1721 5274 tantum]
1767 5203 1957 5273 positae
2011 5210 2168 5261 erant

585 5286 815 5358 hydria,
842 5289 971 5360 quia
1019 5288 1327 5351 Iudaeorum
1359 5300 1565 5348 mutum
1606 5293 1800 5364 populo
1824 5292 1906 5350 les
1928 5309 2026 5364 per
2052 5293 2167 5349 Mo-

585 5392 682 5434 sen
721 5378 844 5449 data
872 5388 989 5447 est;
1016 5398 1142 5438 nam
1181 5383 1352 5454 gratia
1398 5391 1453 5439 et
1493 5384 1695 5440 veritas
1738 5383 2013 5455 Evangelii
2061 5399 2169 5438 non

589 5475 768 5533 minus
801 5474 1048 5545 gentibus
1076 5490 1240 5546 quam
1277 5473 1476 5533 Iudaeis
1516 5491 1615 5546 per
1670 5475 1855 5533 Iesum
1894 5475 2168 5532 Christum

592 5561 730 5613 facta
758 5568 861 5614 est.
894 5561 1189 5631 Cupientes,
1229 5563 1423 5634 inquit,
1452 5565 1677 5635 singula
1727 5574 1970 5619 metretas
2023 5564 2170 5620 binas

595 5647 668 5704 re!
694 5656 889 5705 ternas.
922 5647 1060 5716 Quia
1094 5650 1389 5724 Scriptura:
1432 5663 1628 5712 sancta:
1664 5650 1925 5711 "auctores
1975 5663 2028 5709 et
2073 5655 2169 5715 mi-

2252 3208 2466 3257 tuentes
2488 3198 2679 3273 [Beda,
2721 3196 2992 3270 metuunt]
3023 3213 3148 3253 cum
3194 3196 3366 3267 impiis
3405 3194 3693 3260 damnari,
3751 3208 3845 3254 cu-

2249 3297 2459 3371 pientes
2499 3294 2746 3371 benedici
2773 3309 2898 3352 cum
2930 3293 3053 3365 piis,
3079 3305 3291 3348 omnem
3319 3288 3563 3345 odiorum
3606 3297 3668 3343 et
3697 3288 3841 3344 invi-

2253 3386 2354 3443 dia:
2374 3383 2614 3441 fomitem
2642 3382 2922 3453 abjiciunt,
2968 3381 3081 3438 Deo
3119 3380 3339 3451 placere
3374 3394 3470 3449 per
3510 3376 3842 3433 sacriﬁcium

2245 3474 2502 3545 justitiat;
2534 3474 2811 3531 modestia:
2846 3480 2901 3528 et
2944 3471 3288 3539 innocentiaa,
3335 3470 3643 3540 virtuteque
3690 3467 3839 3542 [ιιι.

2255 3565 2597 3630 modestiam,
2652 3550 3052 3628 innocentiam,
3109 3558 3389 3632 virtutem]
3431 3558 3711 3629 patientia
3755 3572 3841 3613 cu-

2257 3666 2399 3723 rant,
2424 3642 2522 3714 vas
2567 3654 2810 3727 profecto
2853 3670 3007 3726 aqua:
3054 3652 3108 3707 in
3159 3651 3441 3722 Scriptura
3501 3649 3837 3709 ittveneruut.

2257 3749 2398 3806 unde
2432 3748 2720 3805 salubriter
2757 3745 2930 3802 abluti
2970 3745 3253 3816 potatique
3297 3741 3592 3816 gaudeant.
3646 3739 3755 3795 Sed
3799 3741 3836 3793 si

2258 3837 2621 3895 intellexerint
2670 3836 2727 3891 in
2775 3834 2906 3891 Cain
2959 3834 3285 3890 homicidam
3355 3831 3669 3903 Judmorum
3730 3842 3838 3884 esse

2259 3930 2542 4002 perﬁdiam
2570 3946 2585 3995 ;
2617 3927 2949 3985 occisionem
2975 3925 3110 3981 Abel
3135 3926 3443 3997 passionem
3465 3937 3589 3978 esse
3631 3921 3835 3976 Domini

2262 4019 2584 4085 Salvatoris;
2611 4027 2837 4085 terram,
2859 4032 2981 4088 qua:
3005 4017 3215 4087 aperuit
3234 4030 3296 4070 os
3326 4028 3484 4071 suum
3520 4022 3576 4069 et
3614 4009 3840 4081 suscepit

2263 4110 2425 4185 [ejus]
2476 4112 2792 4183 sanguinem
2840 4110 2908 4165 de
2947 4124 3111 4164 manu
3161 4108 3318 4174 Cain,
3362 4106 3669 4167 Ecclesium
3705 4118 3839 4163 esas.

2262 4218 2382 4274 quat
2414 4201 2645 4258 eil‘usum
2695 4216 2728 4255 a
2750 4199 2954 4257 Judzeis
2982 4198 3181 4254 Christi
3210 4196 3527 4268 sanguinem
3567 4196 3626 4249 in
3652 4200 3843 4263 myste-

2261 4293 2404 4348 rium
2430 4307 2542 4348 suae
2563 4288 2949 4359 redemptionis
2982 4287 3221 4358 accepit;
3258 4286 3517 4341 nimirum
3570 4297 3766 4353 aquam
3793 4280 3841 4335 in

2264 4386 2451 4438 vinum
2498 4389 2762 4437 mutatam
2791 4379 3069 4451 reperiunt
3094 4377 3282 4451 [Beda,
3328 4372 3697 4449 repererunt],
3726 4373 3851 4444 quis

2266 4488 2435 4528 sacra:
2454 4471 2598 4527 dicta
2624 4470 2756 4540 legis
2776 4469 3044 4525 sacratius
3065 4468 3391 4539 intelligunt.
3414 4465 3668 4522 Secunda
3692 4474 3846 4521 uitato

2265 4561 2446 4619 smculi
2483 4562 2795 4626 inchoante,
2826 4559 3037 4615 deletus
3081 4567 3169 4616 est
3193 4558 3349 4629 aquis
3374 4556 3567 4614 diluvii
3598 4556 3844 4619 mundus,

2265 4652 2335 4708 ob
2386 4659 2730 4722 peccatorum
2778 4649 3243 4721 magnitudinem;
3273 4648 3369 4705 sed
3404 4646 3554 4704 solus
3598 4645 3714 4703 Noe
3759 4660 3845 4717 per

2257 4743 2527 4813 justitiam
2555 4759 2680 4800 cum
2708 4727 2870 4799 domo
2891 4757 2986 4798 sua
3011 4742 3269 4798 liberatus
3300 4741 3359 4796 in.
3384 4755 3511 4796 arca
3538 4737 3696 4812 (Gen.
3730 4738 3844 4807 vn).

2265 4832 2436 4904 Hujus
2462 4834 2634 4904 plagae
2654 4831 2823 4908 m
2847 4832 3029 4888 audita
3071 4832 3380 4887 vastatione
3404 4829 3680 4895 horribili,
3721 4842 3847 4900 pauc

2265 4942 2557 4997 eorumque
2583 4926 2901 4982 liberatione
2944 4924 3207 4991 mirabili,
3227 4924 3473 4996 quisquis
3517 4920 3847 4981 emendatius

2268 5020 2445 5075 vivere
2472 5020 2719 5090 Clrpcril,
2750 5019 2971 5076 liberari
3008 5019 3324 5075 desiderans
3352 5034 3476 5074 cum
3524 5016 3739 5083 electis,
3788 5015 3848 5070 ti-

2270 5126 2423 5165 mens
2455 5110 2808 5177 exterminari
2836 5125 2961 5175 cum
3001 5109 3267 5180 mprobis,
3316 5109 3566 5179 hydrism
3614 5105 3853 5178 profecto

2268 5216 2443 5271 aquae,
2478 5215 2590 5271 qua
2619 5200 2908 5259 mundetur
2930 5199 3012 5256 vel
3038 5199 3336 5261 reﬁciatur,
3362 5199 3593 5268 accepit.
3625 5199 3700 5252 At
3722 5198 3849 5253 dum

2269 5292 2430 5347 altius
2459 5305 2649 5360 sapere
2687 5289 2877 5362 [Beda,
2902 5290 3063 5351 altius
3081 5289 3376 5362 respicere]
3420 5290 3669 5365 eruperit,
3699 5297 3757 5345 et
3796 5288 3848 5342 in

2269 5396 2396 5436 arca
2425 5380 2744 5445 Ecclesiam,
2773 5381 2829 5437 in
2868 5381 2981 5438 Noe
3016 5380 3328 5446 Christum,
3363 5380 3420 5437 in
3455 5395 3597 5449 aqua
3620 5378 3852 5437 diluenti:

2269 5481 2585 5545 peccatores
2612 5488 2807 5544 aquam
2857 5474 3111 5545 baptismi
3159 5490 3281 5545 qum
3328 5481 3551 5545 peccata
3587 5471 3769 5535 diluit.
3796 5470 3861 5527 in.

2272 5562 2581 5621 hominibus
2619 5573 2675 5621 et
2710 5564 2765 5620 in
2808 5564 3135 5622 animalibus
3179 5581 3300 5639 quae
3358 5578 3484 5620 arca
3521 5560 3850 5622 continebat.

2272 5655 2617 5713 multifariam
2647 5656 3042 5727 haptizatorum
3092 5656 3468 5722 dill‘erentiam,
3498 5655 3550 5711 in
3581 5652 3849 5712 columba.
