2010 3093
90 132 136 159 769

485 127 690 156 EXEGETICA.
711 143 745 147 —
764 127 940 155 COMMENT.
963 128 994 155 IN
1014 128 1108 156 JOAN.
1129 145 1163 150 —
1180 129 1241 157 LIB.
1261 129 1280 157 Ι.
1654 132 1687 165 77

88 194 143 222 (ιιιω
153 188 214 221 post
232 183 360 211 diluvium
377 191 479 211 ramum
499 184 575 210 olivae
597 183 687 210 intulit
715 184 741 210 in
769 191 869 217 arcam,
883 187 909 215 Α
922 185 973 211 hoc
986 186 1105 219 quotidie
1123 187 1191 220 ﬁeri,
1206 187 1272 214 alios
1285 188 1412 215 nimirum
1426 195 1440 215 a
1451 189 1558 216 diabolo
1570 190 1602 216 de
1615 189 1706 218 Eccle-

87 232 236 259 unctionem
253 229 368 264 Spiritus
378 230 475 262 sancti,
489 237 542 265 quo
555 229 682 263 baptizati
704 229 868 262 imbuuntur,

88 275 255 308 intellexerit,
270 275 361 301 vinum
384 274 502 309 profecto
524 274 557 301 de
582 282 649 309 aqua
677 273 777 300 factum
805 273 871 300 libat

88 321 179 357 Meda,
202 320 301 347 factum
324 318 467 355 miratur];
492 320 554 354 quia
577 319 603 346 in
632 319 730 346 veteris
757 319 869 346 historia

89 366 146 394 facti
161 365 236 401 [Μεη
251 365 369 391 historias
380 363 468 400 factis]
484 372 559 392 suam
583 364 756 395 ablutionem,
771 365 869 391 sancti-

89 410 247 441 ﬁcationem,
260 408 478 443 justiﬁcationem
491 409 643 443 prophetari
664 408 869 443 contemplatur.

87 456 173 483 Tertia
182 455 270 482 smculi
277 459 364 488 aetate,
372 456 443 483 Deus
450 460 554 482 tentans
560 454 737 482 obedientiam
745 455 869 487 Abrahae,

87 501 169 528 ﬁlium
182 500 300 533 unicum,
318 508 396 534 quem
415 501 556 534 diligebat,
580 501 607 527 in
622 500 806 527 holocaustum
819 499 870 527 sibi

87 546 181 573 oﬁ‘erre
195 545 322 580 praecepit
336 545 412 581 (Gen.
425 544 502 579 xxu).
517 544 573 572 Non
586 545 673 572 differt
684 544 818 572 Abraham
832 543 870 571 fa-

87 598 146 617 cere
159 597 218 624 qua:
228 589 348 623 iubetur,
361 589 407 616 sed
418 596 467 623 pro
478 588 531 615 tilio
545 589 699 615 immolatur
713 589 798 621 aries;
813 588 870 622 ipse

88 639 184 665 tamen,
198 641 246 667 pro
262 633 419 660 obedientiaz
431 633 529 659 virtute
545 633 654 665 eximia,
681 637 815 667 perpetua:
828 632 871 658 be-

87 678 243 705 nedictionis
257 678 411 705 Increditate
421 678 544 705 donatur.
560 677 629 705 Ecce
652 677 734 705 habes
749 678 870 712 hydriam

83 724 203 750 tertiam.
230 722 348 750 Audiens
373 723 443 750 enim
464 727 564 757 quanta
598 723 684 749 virtus
713 723 871 749 ohedientia:

87 767 208 804 [quanta]
223 768 345 796 mercede
358 772 558 800 remuneretur,
571 772 597 795 et
613 768 669 802 ipse
691 768 870 795 obedientiam

85 815 189 842 discere
202 818 282 848 atque
301 813 401 841 habere
421 813 540 848 satagis:
566 814 637 848 quod
661 813 684 840 si
703 814 729 840 iu
750 814 871 841 immola-

921 229 960 256 sia
975 232 1110 265 peccando
1126 237 1231 267 raptos,
1244 232 1309 260 alios
1321 234 1406 269 gratia
1424 234 1540 269 Spiritus
1552 236 1637 263 sancti
1657 244 1707 272 per

920 274 1011 302 Jesum
1021 276 1201 311 resipiscendo
1212 285 1242 304 ac
1250 279 1404 312 ptenitendo
1415 280 1600 308 reconciliatos
1611 280 1705 317 [Beda,

921 320 995 347 aliis.
1007 340 1014 347 .
1024 322 1123 356 .raptis
1134 341 1141 348 .
1153 342 1159 348 .
1170 342 1176 349 .
1186 323 1384 359 reconciliatis],
1404 324 1495 351 vinum
1510 326 1542 352 de
1566 334 1635 361 aqua
1651 326 1706 355 fac-

922 368 977 390 tum
990 364 1080 397 habet,
1091 366 1152 399 quia
1163 366 1196 393 ad
1210 374 1238 393 se
1252 367 1387 400 pertinere
1400 375 1459 403 qua:
1472 370 1571 403 scripta
1593 375 1656 397 sunt
1666 373 1707 398 in-

922 408 1051 444 telligens,
1078 418 1174 445 magno
1195 419 1256 438 mox
1283 414 1495 447 compunctionis
1515 417 1590 449 quasi
1617 422 1707 444 musto

922 453 1096 486 inealescens,
1116 456 1244 490 quidquid
1254 456 1305 483 sibi
1319 458 1420 491 peccati
1438 460 1597 493 captivanlis
1618 462 1724 495 inesse,

921 499 1128 534 deprehenderit
1139 500 1203 536 [Αι.,
1219 500 1403 537 intellexerit],
1418 511 1466 536 per
1480 503 1580 531 Christi
1592 507 1705 540 gratiam

921 544 1028 571 liberari
1050 545 1178 580 deposcit.
1194 545 1275 573 Sexta
1295 547 1436 576 inchoante
1448 548 1536 576 szeeuli
1555 554 1644 583 aetate,
1657 551 1708 577 Do-

921 589 1010 616 minus
1021 590 1047 616 in
1059 598 1141 617 carne
1152 599 1293 626 apparens,
1307 596 1400 619 octava
1412 593 1454 620 die
1465 594 1620 624 nativitatis.
1630 595 1707 629 juxta

922 634 1005 669 legem
1020 634 1195 663 circumcisus
1211 640 1261 663 est.
1276 631 1421 664 Trieesima
1433 643 1461 665 et
1472 640 1549 666 tertia
1568 644 1628 674 post
1652 640 1708 667 haec

922 679 954 705 ad
967 679 1093 714 templum
1107 678 1221 713 delatus,
1239 684 1266 707 et
1284 680 1378 717 lcgalia
1400 690 1448 717 pro
1460 691 1492 709 eo
1508 688 1570 710 sunt
1596 691 1709 711 munera

921 723 1020 751 oblata.
1043 723 1105 751 Haec
1119 725 1252 753 intuentes
1265 727 1297 753 ad
1324 727 1451 761 litteram,
1467 733 1558 763 aperte
1580 730 1709 757 discimus

922 773 1022 803 quanta
1047 770 1123 797 nobis
1150 770 1284 806 diligentia
1312 777 1374 800 sunt
1396 774 1555 809 evangelica:
1571 775 1631 802 ﬁdei
1646 777 1709 803 sub-

922 816 1008 842 eunda
1029 817 1167 851 mysteria,
1184 819 1289 852 quando
1314 820 1370 855 ipse
1388 820 1601 849 benedictionem
1615 824 1708 858 gratia:

85 859 157 886 tione
172 859 217 885 ﬁlii
237 858 308 885 unici
326 858 415 885 dilecti
436 858 586 893 passionem
611 858 669 894 ejus
692 858 818 893 intelligis
839 859 872 885 de
887 863 910 893 Β
924 859 1049 894 atferens,
1069 862 1114 896 qui
1129 862 1214 897 legem
1229 862 1324 891 litterIc
1335 865 1417 898 dedit,
1429 870 1550 893 veterum
1564 867 1650 901 primo
1659 875 1710 894 cre—

84 911 139 939 quo
153 904 217 931 dicit
229 903 309 930 Pater
321 912 327 930 :
343 903 393 929 Hic
405 908 441 929 est
452 902 538 929 Filius
551 912 622 930 meus
642 903 759 935 dilectus,
774 904 799 930 in
821 912 871 939 quo

84 948 151 975 mihi
162 947 305 982 complacui
316 946 423 982 (Matth.
441 955 506 979 xvn,
520 947 559 982 5),
581 948 606 974 in
618 955 670 982 qua
691 948 763 981 quia,
777 948 871 974 divini-

84 998 140 1021 tate
152 993 308 1027 impassibili
320 996 501 1028 permanente,
514 993 569 1020 sola
589 993 742 1020 humanitas
756 998 871 1020 mortem

84 1047 162 1075 passa
173 1044 216 1067 est
226 1044 254 1066 et
266 1039 393 1071 dolorem,
407 1038 483 1073 quasi
497 1038 567 1066 illius
586 1038 707 1070 offertur,
732 1039 778 1065 scd
801 1038 872 1065 aries

84 1090 227 1114 mactatur.
241 1085 270 1114 Si
288 1085 415 1121 intelligis
432 1086 645 1114 benedictionem
662 1092 721 1119 quae
739 1086 871 1120 promissa

84 1137 126 1160 est
137 1132 265 1165 Ahrahte,
283 1132 310 1159 in
324 1136 360 1164 te,
387 1131 432 1166 qui
453 1132 485 1159 de
510 1131 633 1166 gentibus
655 1131 753 1163 credis,
775 1139 872 1158 munus

84 1184 145 1205 esse
158 1177 329 1212 completum,
349 1177 474 1204 nimirum
489 1177 521 1203 de
532 1184 600 1210 aqua
623 1175 712 1202 vinum
725 1175 788 1202 fecit
812 1176 871 1208 tibi,

84 1226 150 1260 quia
162 1224 307 1260 spiritalem
336 1231 453 1255 sensum,
476 1222 551 1256 cujus
569 1229 637 1249 nova
658 1220 802 1256 fragrantia
827 1221 873 1248 de-

85 1270 184 1300 briaris
199 1270 274 1308 [Ms.,
300 1270 432 1302 ebriaris;
458 1268 537 1299 Beda,
562 1267 727 1303 inebriaris],
756 1268 870 1302 aperuit.

84 1318 194 1350 Quarta:
214 1315 300 1343 aetatis
316 1314 410 1347 initiis,
432 1314 516 1341 David
538 1321 586 1349 pro
606 1313 686 1340 Saule
702 1321 812 1347 regnum
836 1313 873 1339 ls—

84 1362 212 1390 roeliticaa
226 1360 312 1395 gentis
323 1359 443 1391 sortitur,
457 1358 567 1385 humilis
587 1358 715 1385 innocens
739 1363 766 1385 et
787 1357 871 1390 mitis,

83 1406 162 1434 exsul
174 1414 180 1431 :
194 1412 274 1439 porro
288 1404 343 1436 ille,
357 1403 432 1439 cujus
447 1403 544 1437 iujusta
557 1403 601 1430 diu
615 1402 801 1437 persecutione
814 1410 872 1428 cru-

83 1451 218 1482 ciabatur,
229 1449 348 1484 abiectus
358 1453 398 1475 est
411 1447 505 1484 [Βέάιι⁷
527 1448 601 1474 exsul
616 1453 664 1481 pro
688 1447 731 1474 illo
745 1447 820 1480 cujus
834 1447 874 1473 iu-

82 1497 158 1531 iusta
182 1495 227 1522 diu
252 1494 437 1529 persecutione
461 1492 653 1528 cruciabatur].
686 1492 754 1518 Ecce
777 1492 871 1526 hydria

925 906 1104 933 remoniarum
1117 908 1171 934 ritu
1185 910 1349 942 consecrari,
1363 911 1408 944 qui
1424 910 1517 947 [Beda,
1534 911 1597 948 quo]
1612 917 1709 940 cuncta

923 949 1049 978 divinitus
1059 958 1208 985 consecrat,
1224 957 1250 980 et
1275 955 1313 981 sic
1326 963 1394 981 nova
1421 956 1514 992 gratire
1539 962 1708 985 sacramenta

922 996 1058 1029 suscipere
1070 997 1183 1024 simulet
1193 999 1298 1025 tradere
1309 1000 1422 1026 curavit.
1434 1000 1502 1027 Ecce
1515 1001 1609 1037 hydria
1622 1006 1709 1037 sexta,

923 1039 956 1066 ad
971 1040 1101 1067 abluenda
1114 1043 1216 1075 peccati
1228 1042 1309 1078 485
1320 1045 1453 1079 contagia,
1468 1046 1500 1072 ad
1519 1047 1635 1080 potanda
1646 1048 1708 1075 vita}

922 1084 1027 1118 gaudia,
1044 1085 1212 1113 mundiorem
1225 1088 1331 1115 c:ctcris
1354 1088 1588 1117 aﬁerensundam.
1609 1091 1708 1119 Verum

923 1129 944 1155 si
959 1129 985 1156 in
998 1134 1092 1157 octava
1112 1131 1205 1166 [Bedn,
1224 1132 1325 1169 octavi]
1349 1134 1400 1161 diei
1422 1135 1623 1164 circumcisione
1645 1137 1710 1173 bap-

924 1174 1013 1207 tisma,
1024 1176 1094 1210 quod
1111 1177 1138 1203 in
1153 1177 1310 1211 mysterium
1336 1178 1481 1207 Dominieae
1504 1182 1710 1209 resurrectionis

923 1227 937 1245 a
954 1224 1124 1254 peccatorum
1137 1229 1185 1247 nos
1201 1226 1286 1248 morte
1298 1223 1420 1256 redemit,
1446 1224 1588 1260 intelligis;
1614 1227 1641 1252 in
1668 1227 1708 1253 in—

922 1264 1047 1291 ductione
1060 1265 1086 1291 in
1101 1265 1226 1300 templum
1242 1268 1269 1292 ct
1281 1266 1425 1299 oblatione,
1438 1269 1599 1296 oblationem
1615 1270 1709 1297 hostiae

922 1308 1089 1343 puriﬁcantis
1098 1309 1238 1344 ﬁguratum
1246 1311 1394 1345 cognoscis,
1405 1312 1495 1340 ﬁdeles
1503 1321 1622 1349 quosque
1631 1314 1706 1351 [Hs.,

924 1353 950 1380 in
963 1354 1114 1381 inductione
1126 1355 1152 1381 in
1174 1356 1299 1391 templum
1313 1361 1340 1383 et
1363 1357 1498 1386 oblatione
1520 1360 1613 1387 hostias
1636 1361 1709 1395 puri-

924 1398 1028 1426 ﬁcautis
1057 1399 1197 1434 ﬁguratum
1223 1402 1371 1436 cognoscis,
1401 1402 1491 1430 ﬁdeles
1518 1403 1649 1440 quosque]
1676 1405 1710 1432 de

923 1444 1080 1478 baptisterio
1094 1445 1128 1472 ad
1151 1445 1235 1473 altare
1261 1452 1382 1474 sanctum
1406 1449 1522 1483 ingredi,
1535 1458 1568 1477 ac
1578 1450 1708 1478 Dominici

924 1491 1045 1525 corporis
1058 1494 1085 1518 ct
1097 1491 1235 1526 sanguinis
1249 1492 1356 1520 victima
1380 1493 1506 1528 singulari
1524 1495 1620 1523 debere
1646 1504 1710 1523 con-

82 1530 184 1578 quarta
200 1541 271 1569 fonte
287 1540 395 1567 salutari
411 1540 520 1574 repleta.
548 1538 673 1572 Quisquis
683 1539 739 1565 lucc
762 1538 873 1565 audiens
886 1530 910 1562 (ἶ
924 1535 1035 1567 δοεηιΐῖε
1054 1535 1116 1563 νίηο
1130 1537 1237 1570 (illidem
1251 1537 1282 1564 de
1311 1546 1380 1573 aqua
1402 1538 1472 1566 facto
1483 1541 1628 1574 etquidem
1655 1550 1712 1569 me-

81 1588 232 1618 humilitati
245 1592 324 1622 atque
346 1586 503 1613 innocentia:
530 1585 646 1616 studere,
669 1588 696 1611 et
720 1583 872 1619 superbiam

80 1634 200 1669 coeperit
212 1638 291 1668 atque
303 1632 427 1659 invidiam
440 1638 488 1658 suo
501 1630 533 1658 de
545 1630 625 1658 corde
640 1630 767 1665 repellere
776 1650 783 1662 ,
797 1629 873 1664 quasi

80 1683 214 1710 haustum
225 1685 300 1713 aqua:
311 1676 511 1711 limpidissimm,
528 1683 581 1710 quo
595 1675 739 1707 reﬁciatur,
760 1675 872 1702 invenit.

79 1727 122 1754 At
133 1726 156 1753 si
167 1725 194 1752 in
206 1724 285 1751 Saule
296 1722 403 1749 .ludtcos
414 1724 615 1755 persequentes,
637 1720 663 1746 in
684 1719 784 1748 Davide
798 1719 875 1747 Chri-

80 1776 161 1800 stum
172 1774 201 1797 et
210 1768 353 1796 Ecclesiam
365 1766 516 1801 signiﬁcare
537 1765 701 1801 cognoverit,
716 1764 875 1798 illorumquc

80 1816 202 1854 perﬁdia
225 1814 318 1851 Meda,
333 1815 366 1841 ob
382 1811 541 1848 perﬁdiam],
556 1816 583 1840 et
605 1811 712 1839 carnale
733 1811 812 1839 simul
826 1811 874 1837 im-

80 1862 194 1898 perium
208 1866 235 1888 et
248 1860 365 1895 spiritale
379 1860 555 1890 destructum,
570 1857 668 1885 Christi
680 1862 769 1884 autem
789 1861 815 1884 et
826 1857 876 1884 Ee-

80 1907 179 1935 clesia:
192 1913 301 1941 regnum
312 1912 417 1939 semper
429 1911 487 1931 esse
501 1911 667 1934 mansurum,
683 1903 807 1937 poculum
824 1903 876 1929 uti-

81 1960 141 1987 que
156 1951 210 1978 vini
225 1949 299 1986 [.lfs.,
312 1958 362 1976 non
377 1949 461 1975 solum
476 1948 567 1982 utique
578 1946 679 1982 vinum]
692 1947 725 1973 de
736 1955 804 1981 aqua
821 1946 876 1974 fac—

82 2003 146 2024 tum
161 1995 269 2028 sentiet,
281 1995 342 2030 quia
354 2003 383 2022 se
396 2001 523 2028 suamque
545 1993 627 2020 vitam
643 1996 670 2020 et
687 2000 807 2027 regnum,
830 1993 876 2020 sed

80 2048 116 2070 et
127 2043 216 2077 ipsum
229 2048 317 2076 regem
329 2041 365 2068 ibi
377 2040 505 2075 scriptum
516 2040 606 2074 legere
628 2040 711 2071 novit,
738 2039 783 2066 ubi
802 2040 877 2074 prius

79 2088 169 2123 quasi
177 2087 212 2114 de
221 2086 281 2113 aliis
291 2089 406 2114 veterem
416 2085 520 2119 legebat
530 2084 680 2112 historiam.
691 2084 789 2117 Quinta
799 2088 877 2111 mtate

80 2133 194 2170 saepti,
204 2129 319 2167 populus
332 2138 455 2165 peccans,
483 2130 633 2165 captivante
656 2129 738 2165 [Beda
748 2150 755 2161 ,
766 2130 878 2165 captivi—

80 2175 415 2214 tate].Nabuchodonosor
423 2196 431 2209 ,
442 2175 615 2210 Babyloniam
627 2175 810 2210 transmigrat.
824 2173 875 2201 Sed

926 1580 1065 1608 racissimo
1087 1581 1202 1610 donatus
1212 1590 1251 1609 es.
1265 1582 1350 1610 Porro
1366 1584 1388 1611 si
1405 1585 1617 1613 circumcisionis
1639 1586 1711 1614 diem

925 1626 959 1652 ad
969 1627 1119 1661 generalem
1129 1628 1236 1655 humani
1245 1629 1351 1663 generis
1362 1631 1595 1663 resurrectionem,
1605 1632 1712 1666 quando

925 1671 1046 1699 mortalis
1062 1679 1180 1708 propago
1203 1674 1330 1706 cessabit,
1346 1676 1494 1703 mortalitas
1518 1684 1581 1704 vero
1602 1681 1657 1704 tota
1685 1679 1711 1704 in

926 1718 1155 1746 immortalitatem
1170 1720 1329 1752 mutabitur,
1341 1720 1546 1755 interpretaris;
1559 1726 1586 1749 et
1599 1723 1715 1749 circum—

926 1762 996 1789 cisos
1009 1763 1098 1791 induci
1124 1764 1150 1791 in
1180 1765 1306 1799 templum
1333 1773 1393 1792 cum
1419 1766 1512 1792 hostiis
1537 1767 1712 1799 intellexeris,

926 1808 1032 1840 quando
1044 1813 1105 1843 post
1116 1809 1351 1840 resurrectionem,
1364 1809 1507 1836 universali
1519 1810 1624 1845 expleto
1641 1812 1714 1846 judi-

926 1852 977 1883 cio,
990 1853 1074 1879 sancti
1084 1852 1140 1887 jam
1155 1852 1368 1887 incorruptibiles
1384 1852 1458 1886 facti,
1481 1855 1514 1882 ad
1531 1857 1714 1892 contemplan-

926 1898 987 1924 dam
1003 1903 1131 1933 perpetuo
1142 1898 1258 1932 speciem
1274 1898 1369 1926 divina:
1382 1899 1531 1934 majestatis
1557 1910 1617 1929 cum
1632 1903 1716 1930 bono-

927 1950 987 1969 rum
1007 1950 1117 1977 operum
1142 1944 1299 1971 muneribus
1322 1945 1481 1978 intrabunt;
1512 1950 1575 1973 tunc
1594 1948 1717 1981 profecto

927 1988 1017 2014 viuum
1043 1988 1076 2015 de
1094 1996 1163 2023 aqua
1181 1988 1239 2016 ﬁeri
1258 1989 1372 2022 videbis,
1390 1989 1465 2023 cujus
1487 1991 1620 2018 conditori
1644 1997 1717 2018 recte

926 2035 1095 2070 protesteris,
1111 2039 1139 2063 et
1162 2035 1254 2063 dicas:
1279 2035 1313 2062 Et
1339 2035 1461 2071 poculum
1483 2041 1557 2064 luum
1586 2037 1718 2064 inebrians

926 2087 1004 2113 quam
1018 2079 1174 2114 pra‘clarum
1187 2086 1223 2107 est
1237 2079 1322 2116 (Psal.
1338 2088 1406 2114 xxu,
1426 2080 1453 2117 5)
1467 2082 1472 2109 !
1496 2081 1566 2117 Ergo
1588 2083 1719 2110 Dominus

927 2124 1017 2152 viuum
1031 2124 1058 2151 in
1071 2132 1139 2160 aqua
1154 2124 1217 2161 [Al.,
1238 2125 1264 2152 in
1278 2126 1375 2161 gaudio
1388 2134 1395 2158 ;
1412 2125 1463 2153 Ms.
1476 2132 1499 2153 ct
1516 2126 1598 2159 Beda,
1613 2127 1640 2154 in
1650 2135 1717 2162 gau-

926 2168 982 2205 dia]
999 2170 1163 2204 nuptiarum,
1176 2178 1228 2197 non
1241 2170 1274 2197 de
1287 2170 1371 2197 nihilo
1385 2170 1472 2198 facere
1487 2171 1582 2204 voluit,
1596 2172 1642 2199 sed
1669 2172 1718 2207 by-

78 2205 157 2258 ροξί
164 2220 331 2257 septuaginta
348 2205 433 2248 anno;
447 2205 579 2254 ρωιζίιεηε
593 2223 620 2247 ει
630 2205 768 2247 con-ecle
785 2220 818 2246 ad
828 2227 876 2255 pa-
893 2205 916 2234 Ι)
930 2213 1002 2240 drias
1021 2221 1067 2241 sex
1083 2213 1188 2248 impleri
1208 2221 1276 2248 aqua
1292 2214 1459 2249 praecipiens,
1473 2215 1544 2242 hanc
1558 2205 1719 2244 mirabiliter

79 2269 171 2296 triatn
185 2275 233 2303 per
242 2266 331 2294 Iesum
343 2265 509 2294 sacerdotem
524 2273 649 2300 magnum
664 2265 808 2297 reducitur,
832 2265 879 2293 ubi

76 2314 203 2341 domum
218 2312 275 2344 Dei,
288 2319 346 2346 quae
361 2312 468 2339 incensa
482 2315 534 2343 est,
546 2315 573 2338 et
587 2310 724 2337 civitatem
745 2314 876 2342 sanetam,

75 2367 151 2394 qua
163 2359 299 2392 destructa
313 2365 364 2391 est,
377 2359 530 2388 retediﬁcat.
553 2358 617 2386 Haec
638 2357 729 2392 legens
749 2357 805 2385 sive
831 2366 879 2384 au-

75 2407 170 2434 diens
180 2406 293 2440 quisque
315 2406 442 2440 peccandi
467 2410 567 2432 metum
587 2404 707 2438 corripit,
737 2403 770 2430 ad
792 2404 877 2437 ι)ωηί-

75 2452 165 2480 tendi
179 2451 328 2478 remedium
348 2450 475 2485 confugit,
499 2458 568 2485 aqua
590 2449 692 2484 hydria:
711 2448 879 2482 puriﬁeautis

71 2497 202 2525 ablutus
213 2499 263 2523 est.
276 2496 303 2522 Si
322 2503 386 2523 vero
404 2495 552 2531 intelligere
572 2493 694 2521 didicerit
714 2492 878 2519 Hierusalem

69 2548 112 2572 et
133 2541 267 2576 templum
282 2542 327 2569 Dei
343 2541 490 2568 Ecelesiam
503 2541 612 2573 Christi,
632 2539 794 2575 Babylonem
817 2546 881 2566 con-

67 2588 227 2618 fusionem
251 2591 437 2622 peccatorum,
463 2586 707 2614 Nahuehodouosor
733 2584 878 2616 diabolum,

65 2635 184 2664 Iesum
214 2633 380 2659 sacerdotem
407 2639 550 2666 magnum,
575 2639 669 2659 verum
697 2634 881 2663 aeternumque

61 2678 246 2716 pontiﬁcem
260 2684 320 2704 esse
335 2676 426 2704 Jesum
449 2676 597 2707 Christum,
608 2675 775 2710 septuaginta
797 2681 882 2700 annos

60 2727 226 2753 bonorum
249 2721 442 2755 plenitudinem
463 2728 588 2755 operum,
611 2727 671 2754 qum
690 2727 740 2754 per
765 2719 883 2753 Spiritus

55 2769 180 2801 sancti
194 2768 265 2796 dona
279 2769 441 2804 largiuntur,
457 2766 582 2794 videlicet
594 2768 703 2800 propter
726 2765 881 2800 decalogum

55 2823 92 2845 cl
112 2813 316 2845 scptifnrmem
331 2813 451 2849 ejusdem
472 2812 582 2846 spiritus
597 2810 722 2846 gratiam.
735 2810 884 2843 videritquc

928 2260 1061 2287 convertit
1073 2259 1100 2285 in
1113 2258 1214 2289 vinum,
1234 2258 1296 2293 quia
1309 2266 1356 2285 sex
1380 2258 1473 2286 mundi
1497 2263 1591 2287 :ctatcs
1614 2261 1719 2295 sapient-

929 2305 973 2331 tite
998 2304 1122 2331 salutaris
1149 2303 1273 2337 largitate
1298 2302 1417 2335 donavit,
1448 2312 1529 2340 quam
1552 2309 1640 2332 tamen
1663 2306 1719 2341 ipse

928 2351 1048 2382 veniens,
1063 2349 1227 2377 sublimioris
1243 2357 1338 2377 sensus
1347 2349 1446 2377 virtute
1469 2350 1630 2378 fecundavit.
1642 2351 1725 2379 Nam-

928 2403 980 2430 que
1001 2394 1094 2431 [Beda,
1122 2394 1188 2421 Nam
1200 2393 1264 2431 quo]
1290 2394 1411 2421 carnales
1443 2396 1589 2423 carnaliter
1617 2401 1720 2424 tantum

930 2440 1078 2474 s-tpiebant,
1096 2440 1152 2474 ipse
1165 2439 1330 2474 spiritalibus
1347 2439 1506 2473 spiritaliter
1518 2441 1655 2469 sentienda
1680 2449 1721 2468 re-

930 2487 1039 2514 seravit.
1055 2486 1140 2513 Vultis
1155 2486 1224 2513 scire
1237 2485 1352 2520 qualiter
1368 2485 1400 2512 de
1413 2493 1484 2520 aqua
1499 2486 1590 2513 vinum
1610 2486 1722 2514 fecerit?

930 2533 1060 2567 Apparuit
1072 2537 1132 2566 post
1152 2532 1377 2559 resurrectionem
1391 2540 1468 2559 suam
1483 2533 1586 2561 duobus
1606 2533 1723 2568 discipu-

930 2579 962 2605 lis
976 2578 1174 2605 amhulauiibus
1187 2578 1212 2603 in
1226 2577 1278 2609 via,
1288 2578 1394 2611 ibatque
1407 2585 1470 2604 cwm
1484 2577 1545 2607 illis,
1557 2578 1723 2613 etincipiens
1738 2607 1740 2610 _

932 2633 947 2652 a
963 2625 1052 2659 Moyse
1063 2628 1091 2651 et
1101 2623 1226 2651 omnibus
1239 2623 1389 2658 prophetis,
1411 2622 1643 2658 interpretabatur
1671 2617 1740 2661 illis.

932 2672 959 2699 iu
973 2671 1096 2699 omnibus
1108 2670 1265 2704 Scripturis,
1276 2677 1335 2704 quat
1348 2669 1379 2696 dc
1393 2669 1453 2703 ipso
1464 2673 1541 2696 erant
1553 2668 1626 2705 (Luc.
1637 2670 1722 2702 un).

934 2716 1021 2744 Vultis
1036 2716 1131 2743 iterum
1144 2714 1236 2742 audire
1248 2714 1380 2749 quomodo
1394 2715 1490 2742 eodem
1514 2714 1568 2741 sint
1583 2714 1646 2741 vino
1668 2715 1724 2742 ine-

934 2763 1014 2791 briati
1028 2763 1039 2789 ?
1052 2762 1224 2789 Postmodum
1240 2766 1443 2796 cognoscentes,
1457 2762 1519 2796 quis
1534 2766 1605 2788 esset
1625 2762 1670 2796 qui
1685 2763 1725 2789 eis

936 2810 1047 2836 verbum
1056 2809 1118 2835 vitae
1125 2800 1301 2841 propinabat,
1308 2806 1431 2835 dicebant
1442 2806 1475 2835 ad
1487 2806 1613 2834 invicem:
1633 2806 1725 2833 Nonne
