4020 6186
616 277 713 344 7'7!

1457 246 1533 334 nf
1558 274 1883 367 ιχλωικι
1920 266 2051 333 stin
2091 272 2365 367 ALCL‘tNi
2397 278 2680 359 epenuu
2712 280 2892 338 mas
2924 282 2989 337 ιι.
3028 250 3031 255 “
3076 248 3083 255 ’

3770 289 3878 345 πε

614 422 706 459 car
733 412 963 457 nostrum
989 397 1176 450 ardens
1205 408 1315 450 erat
1336 396 1390 450 in
1431 388 1599 459 nobis:
1637 413 1754 449 cum
1794 393 2088 466 loqueretur
2134 388 2186 450 in
2220 362 2505 456 A’d‘elieet,
2558 392 2985 458 continentium,
3034 402 3088 448 et
3136 394 3438 450 doctorum.
3483 394 3696 453 Primus
3738 402 3878 459 ordo

613 494 714 552 eia,
734 500 782 544 et
801 488 1019 559 aperiret
1047 486 1189 540 nobis
1220 485 1513 557 Scriptura:
1537 486 1562 538 9

678 574 845 634 Vens.
896 578 949 631 7.
979 608 1049 617 —
1086 572 1226 630 Dicit
1273 592 1392 646 ergo
1444 574 1696 630 ministris
1741 576 1894 630 Iesus
1928 592 1947 629 :
1979 574 2195 645 Implete

610 669 827 740 hydrias
855 686 1013 741 aqua.
1048 668 1115 722 Et
1140 668 1478 739 impleverunt
1511 685 1597 723 eas
1625 672 1787 739 usque
1814 668 1881 722 ad
1907 666 2188 724 summum.

609 759 748 827 Quid
792 776 889 832 per
927 760 1204 815 ministros
1252 760 1342 828 qui
1392 760 1508 815 haec
1554 760 1734 815 facere
1765 758 2040 827 jubentnr,
2086 761 2189 816 nisi

607 845 813 907 Christi
840 851 1122 923 signantur
1149 850 1416 920 discipuli,
1447 852 1538 920 qui
1581 851 1935 921 impleverunt
1968 843 2190 920 bydrias

608 944 780 1014 aqua?
809 941 923 998 Non
958 942 1170 1013 quidem
1201 942 1301 1011 ipsi
1331 941 1633 1012 przeteritas
1669 941 1851 995 mundi
1892 949 2078 995 aetates
2109 940 2188 994 le-

609 1027 816 1104 galibus
841 1048 904 1087 ac
927 1031 1254 1103 propheticis
1281 1031 1495 1099 scriptis
1532 1030 1833 1099 implendo,
1864 1030 1956 1085 sed
1986 1028 2186 1083 intelli-

610 1123 783 1194 gendo
833 1122 932 1193 ipsi
983 1122 1277 1192 prudenter
1300 1128 1352 1174 et
1395 1121 1685 1190 aperiendo
1737 1119 1964 1175 ﬁdeliter
2008 1135 2023 1173 :
2061 1121 2183 1188 quia

611 1210 909 1285 Scriptura,
937 1230 1056 1283 qum
1093 1230 1123 1268 a
1163 1212 1436 1285 prophetis
1473 1213 1774 1269 ministrata
1803 1220 1906 1277 est,
1938 1220 1993 1267 et
2037 1211 2181 1266 salu-

606 1295 722 1359 bris
747 1308 889 1359 esset
918 1303 984 1361 ad
1011 1304 1263 1357 haustum
1304 1292 1579 1371 sapientia:
1615 1301 1851 1358 caelestis
1877 1310 1932 1356 et
1958 1302 2023 1356 ad
2051 1317 2181 1372 0pc-

607 1410 725 1449 rum
753 1395 1153 1466 castigationem
1182 1393 1346 1448 utilis.
1376 1394 1734 1463 impleverunt
1768 1402 1948 1448 autem
1975 1409 2069 1449 eas
2093 1376 2195 1448 us?

606 1501 710 1556 que
751 1486 817 1542 ad
860 1502 1159 1553 summum;
1200 1486 1324 1556 quia
1369 1495 1517 1541 recte
1558 1485 1936 1541 intellexerunt
1977 1485 2179 1540 nullum

606 1570 772 1633 fuisse
800 1578 1010 1648 tempus
1048 1576 1229 1632 szeculi
1272 1592 1303 1631 a
1352 1576 1553 1631 sanctis
1584 1576 1817 1630 alienum
1847 1575 2177 1640 doctoribus,

606 1664 697 1738 qui
735 1669 849 1725 sive
875 1668 1073 1731 verbis,
1117 1670 1231 1724 sive
1269 1668 1547 1739 exemplis,
1584 1668 1695 1723 sive
1738 1668 1899 1721 etiam
1940 1666 2177 1735 scriptis,

603 1755 746 1812 viam
776 1756 898 1814 vita:
930 1757 1246 1811 mortalibus
1272 1756 1593 1827 panderent.‘

674 1847 836 1904 Vens.
866 1849 920 1904 8.
945 1879 1016 1894 ~—
1048 1846 1116 1902 Et
1156 1848 1281 1902 dicit
1327 1848 1402 1902 eis
1448 1848 1602 1902 Iesus
1630 1866 1648 1903 :
1671 1846 1897 1902 Haurite
1942 1865 2097 1913 nunc,
2133 1858 2181 1903 et

602 1938 731 2009 ferte
769 1937 1146 1992 architricfino.
1173 1936 1239 1992 Et
1263 1937 1514 1991 tulerunt.
1542 1936 1953 1992 Architriclinus
1989 1937 2182 2007 aliquis

600 2029 940 2101 le‘gisperitus
975 2028 1117 2083 illius
1163 2027 1419 2097 temporis
1453 2037 1556 2093 est,
1595 2027 1820 2082 fortasse
1861 2027 2181 2084 Nicodemus

598 2119 683 2177 vel
722 2116 1002 2183 Gamaliel,
1033 2119 1115 2176 vel
1146 2118 1439 2188 discipulus
1473 2126 1599 2173 tunc
1634 2119 1751 2188 ejus
1781 2116 1995 2182 Saulus,
2040 2134 2180 2173 nunc

602 2211 782 2265 autem
810 2203 1069 2279 magister
1097 2207 1260 2262 totius
1286 2202 1539 2262 Ecclesia:
1566 2203 1762 2261 Paulus
1791 2204 2082 2277 apostolus.
2112 2205 2180 2261 Et

598 2299 724 2356 dum
756 2297 953 2355 talibus
980 2301 1206 2355 verbum
1240 2296 1503 2369 evangelii
1543 2296 1802 2365 creditur,
1835 2300 1977 2369 quod
2007 2301 2060 2354 in
2089 2301 2180 2355 lit-

596 2395 711 2446 tera
734 2384 887 2463 legis.
914 2398 969 2445 et
1009 2384 1284 2460 propheta:
1326 2384 1481 2461 μὴ..
1524 2388 1850 2465 prophetiae;
1899 2386 1995 2452 αι..
2045 2404 2192 2458 pro:

593 2468 799 2549 pbetia]
826 2475 1027 2533 latebat
1051 2477 1338 2542 occultum,
1368 2477 1554 2532 vinum
1580 2474 1768 2546 utique
1810 2475 2174 2532 architriclino

595 2572 663 2624 de
708 2585 845 2639 aqua
893 2568 1094 2625 factum
1144 2569 1460 2641 propinatur
1481 2580 1529 2622 ι.
1563 2588 1581 2619 ι
1620 2565 1687 2623 Et
1724 2568 1861 2623 bene
1915 2567 1969 2623 in
2016 2567 2174 2623 domo

595 2658 789 2714 barum
833 2659 1163 2729 nuptiarum,
1211 2672 1330 2726 qnze
1373 2655 1574 2713 Christi
1615 2663 1670 2711 et
1697 2654 1952 2712 Ecclesia:
1993 2671 2174 2711 sacra-

595 2755 777 2803 menta
819 2746 1129 2818 ﬁgurarent,
1183 2746 1494 2814 triclinium,
1550 2742 1605 2801 id
1651 2755 1753 2811 est,
1803 2755 1914 2801 tres
1957 2746 2175 2801 ordines

591 2835 1071 2899 discumbentium,
1118 2836 1397 2892 altitudine
1433 2836 1694 2893 distantes
1718 2830 1856 2909 [Αι.,
1885 2831 2171 2910 distentos]

595 2926 773 2983 inesse
804 2926 1207 2993 describuntur;
1234 2925 1357 2999 quia
1384 2923 1639 2983 nimirum
1669 2936 1780 2981 tres
1804 2935 1932 2982 sunt
1957 2926 2172 2981 ordines

592 3012 851 3081 fidelium,
888 3017 1080 3087 quibus
1107 3014 1341 3073 Ecclesia
1373 3020 1585 3073 constat
1612 3030 1626 3070 :
1655 3013 2065 3089 coniugatorum
2090 3008 2170 3069 \i-

657 3164 686 3221 s
727 3150 1014 3221 ﬂuensque
1038 3152 1200 3209 Beda.

663 3220 692 3261 δ
729 3219 871 3277 Beda
902 3219 1114 3279 iterum.

2193 3065 2240 3125 C

2297 485 2748 539 discumbentium
2788 486 2856 540 ad
2895 472 3111 556 nuptias
3153 487 3335 556 sponsi
3376 484 3631 553 caelestis,
3675 484 3727 546 id
3769 498 3870 557 est,

2295 577 2348 631 in
2395 570 2633 631 Ecclesia
2679 572 2782 631 ﬁde
2822 586 2877 632 et
2924 579 3241 647 operatione
3281 578 3650 650 gaudentium,
3678 587 3875 653 gradus

2293 674 2376 721 est
2413 658 2815 738 ectijngatorum
2846 662 3103 721 ﬁdelium.
3134 669 3418 725 Secundus
3460 661 3871 730 continentium.

2292 757 2588 827 Supremas
2649 759 3082 828 praedicatorum.
3134 778 3153 809 ι
3203 759 3232 799 δ
3282 750 3435 815 Unde
3495 764 3873 829 convenienter

2290 849 2621 919 perhibetur,
2666 851 2808 917 quod
2852 843 3253 905 architriclinus
3276 859 3465 905 vocato
3498 867 3693 921 sponso
3719 853 3869 909 dixe.

2290 937 2361 995 rit
2393 932 2616 1011 :(Vens.
2648 936 2736 1011 i0)
2789 938 2970 995 Omnis
3011 939 3165 995 homo
3197 933 3420 1012 primum
3468 942 3656 999 bonum
3693 945 3867 1001 uinum

2285 1024 2448 1103 ponit.
2474 1042 2521 1085 et
2550 1049 2668 1086 cum
2705 1026 2950 1086 inebriati
2969 1030 3188 1102 fuerin‘,
3218 1045 3340 1087 tum:
3374 1034 3450 1099 id,
3472 1036 3615 1104 quod
3641 1036 3865 1092 deterius

2286 1134 2381 1177 est.
2430 1113 2508 1176 Tu
2545 1131 2720 1176 autem
2757 1123 2976 1177 semusti
3018 1123 3208 1177 bonum
3248 1124 3423 1178 vinum
3467 1142 3630 1195 usque
3672 1127 3857 1183 adhuc.

2285 1207 2419 1279 Quia
2466 1208 2744 1269 doctorum
2784 1223 2867 1269 est
2909 1230 3233 1284 cognoscere
3272 1216 3579 1271 distantiam
3608 1217 3767 1290 Legis
3807 1226 3859 1276 et

2284 1304 2576 1374 Evangelii,
2604 1305 2845 1359 veritatis
2884 1312 2944 1359 et
2977 1306 3201 1370 umbrte,
3227 1306 3547 1375 cunctisque
3588 1311 3857 1365 veteribus

2283 1395 2562 1458 institutis,
2611 1395 2819 1451 cunctis
2866 1396 3016 1467 regni
3067 1396 3266 1451 terreni
3315 1398 3618 1466 promissis,
3665 1416 3852 1463 novam

2282 1484 2601 1555 evangelicae
2628 1476 2749 1539 ﬁdei
2775 1485 3023 1553 gratiam,
3052 1494 3107 1539 et
3122 1496 3380 1555 perpetua
3413 1480 3653 1544 cmlestis
3671 1482 3854 1560 patrias

2282 1574 2419 1630 dona
2446 1572 2702 1644 praeferre
2728 1572 2915 1646 [Beda,
2942 1574 3229 1648 proferre].

2352 1667 2515 1722 Vens.
2552 1668 2637 1722 Η.
2664 1698 2736 1708 —
2765 1666 2878 1721 Hoc
2918 1668 3036 1736 fecit
3066 1662 3273 1723 initium
3311 1661 3581 1740 signoruni
3608 1659 3764 1729 Iesus
3801 1662 3851 1729 in

2212 1725 2259 1784 Β
2284 1755 2429 1811 Cana
2460 1753 2716 1822 Galilwm,
2757 1766 2807 1811 et
2834 1725 3181 1828 manifestam
3217 1725 3440 1828 σίου·ἰῦνη
3482 1778 3655 1815 suam.

2282 1844 2496 1902 festavit
2521 1847 2623 1902 hoc
2643 1846 2812 1916 signo,
2839 1848 2960 1916 quia
2992 1848 3104 1916 ipse
3128 1856 3271 1905 esset
3296 1864 3390 1904 rex
3412 1840 3621 1920 glorize,
3652 1862 3708 1908 et
3736 1844 3849 1910 ideo

2280 1953 2508 2010 sponsus
2531 1936 2803 2003 Ecclesize,
2830 1938 2922 2009 qui
2950 1948 3009 1994 ut
3033 1940 3194 1995 homo
3230 1943 3532 1997 communis
3558 1945 3767 2000 veniret
3789 1938 3850 2001 ad

2278 2030 2512 2099 nuptias,
2539 2027 2634 2083 sed
2676 2029 2827 2097 quasi
2859 2026 3012 2103 [Με.ν
3036 2029 3183 2105 quia]
3215 2031 3335 2085 coeli
3379 2040 3436 2086 et
3469 2042 3633 2089 terra:
3676 2034 3850 2088 Domi-

2278 2135 2398 2185 nus,
2428 2119 2708 2183 elementa,
2738 2131 2898 2190 prout
2926 2121 3206 2187 voluisset,
3236 2133 3595 2180 converteret.
3623 2126 3847 2183 Pulchra

2276 2216 2458 2262 autem
2490 2224 2668 2264 rerum
2706 2211 3098 2266 convenientia.
3136 2211 3303 2284 486
3343 2212 3443 2280 Qui
3488 2215 3644 2270 initio
3672 2216 3845 2286 signo-

2278 2314 2395 2352 rum
2419 2314 2537 2368 qum
2567 2300 2805 2355 mortalis
2833 2301 3009 2356 adhuc
3033 2303 3350 2359 mortalibus
3373 2313 3491 2359 erat
3518 2315 3844 2372 ostensurus,

2274 2404 2466 2458 aquam
2495 2391 2762 2445 convertit
2789 2392 2842 2445 in
2874 2393 3085 2454 vinum;
3121 2394 3233 2463 ipse
3258 2394 3412 2449 initio
3437 2397 3736 2467 signorum,
3760 2392 3844 2469 qui

2276 2480 2462 2552 [Beda,
2489 2479 2631 2551 quae]
2674 2479 2996 2537 immortalis
3024 2483 3136 2554 jam
3166 2499 3261 2554 per
3289 2487 3742 2543 resurrectionem
3766 2488 3844 2546 ei-

2273 2572 2464 2639 fectus,
2493 2572 2813 2630 immortalis
2836 2575 2958 2631 vita:
2983 2577 3158 2631 studia
3183 2578 3297 2634 sola
3319 2580 3653 2635 sectantibus
3675 2591 3846 2636 osten-

2271 2665 2444 2731 deret,
2472 2662 2740 2721 carnalem
2770 2667 2940 2736 prius,
2984 2677 3038 2723 et
3079 2670 3230 2739 quasi
3277 2669 3562 2741 iusipidam
3612 2684 3838 2731 mentem

2270 2771 2478 2821 eorum,
2501 2771 2693 2828 sapore
2720 2753 2960 2814 scientiae
2992 2753 3225 2816 ccelestis
3249 2755 3442 2815 imbuit
3470 2780 3484 2815 :
3511 2774 3533 2800 ο
3574 2784 3590 2815 ι
3617 2774 3735 2834 post
3757 2779 3846 2819 ve-

2270 2861 2344 2901 ne
2385 2839 2516 2919 [Αι.,
2565 2842 2718 2919 vero]
2766 2845 3178 2905 resurrectionis
3224 2847 3471 2920 gloriam,
3521 2846 3708 2923 majori
3753 2868 3848 2907 eos

2270 2934 2527 3007 spiritalis
2552 2935 2738 3009 gratia:
2766 2954 2988 2995 munere
3016 2938 3398 3009 completurus.

2341 3183 2365 3212 ε
2404 3171 2692 3243 llucusque
2717 3187 2783 3227 ex
2805 3171 2969 3228 Beda.

605 3346 3823 3377 Ww—b—ﬁ

1740 3466 2041 3551 LIBER
2117 3462 2673 3547 SECUNDUS.

2024 3602 2394 3621 ——_

1185 3643 1411 3706 CAPUT
1448 3641 1536 3705 ιν.

580 3737 1036 3815 Appropinquante
1069 3734 1271 3795 Pascha
1310 3738 1641 3815 Juda‘oru-m,
1684 3729 1823 3807 ejicit
1865 3728 2157 3797 uendentes,

1068 3819 1117 3864 et
1141 3820 1361 3863 ementes
1386 3807 1449 3862 de
1474 3806 1682 3877 templo.

646 3915 906 3991 Sequitur
937 3926 1167 3988 namque
1196 3910 1355 3986 huius
1381 3913 1585 3984 pnel'ati
1615 3913 1752 3985 signi
1781 3907 2025 3966 mirabile
2065 3925 2150 3962 sa-

578 4015 932 4073 cramentum,
962 4007 1226 4077 Quomodo
1257 4002 1371 4076 ipse
1407 3998 1565 4060 Jesus
1593 4014 1715 4059 cum
1750 4009 1923 4058 matre
1950 4009 2006 4056 et
2041 3998 2152 4053 l‘ra-

578 4099 753 4156 tribus
798 4096 1126 4156 ascendisset
1153 4091 1600 4166 liierOsolymam,
1647 4102 1703 4150 et
1745 4089 1817 4149 ibi
1862 4092 2152 4148 invenisset

575 4189 867 4245 vendentes
890 4193 942 4242 et
969 4194 1211 4242 ementes
1235 4185 1286 4259 in
1313 4183 1533 4253 templo,
1556 4192 1754 4252 eosque
1775 4178 2011 4253 qualiter
2029 4181 2150 4235 inde

573 4276 818 4351 eiecerit,
845 4275 1055 4335 dicente
1075 4272 1397 4347 evangelista
1426 4290 1438 4329 :

2262 3648 2439 3695 tarent
2466 3656 2529 3695 ex
2563 3638 2667 3696 alia
2700 3652 2868 3696 uxore
2908 3631 3153 3710 genuisse
3182 3654 3298 3704 eos,
3328 3648 3464 3709 Quos
3493 3636 3692 3696 fratres
3730 3641 3833 3697 Do-

2264 3726 2394 3787 mini
2446 3728 2723 3801 Scriptura
2770 3730 3020 3802 appellat.
3065 3729 3170 3786 Alii
3228 3728 3434 3798 majore
3474 3726 3699 3800 perﬁdia
3739 3728 3837 3787 bos

2261 3838 2383 3879 eum
2409 3839 2477 3878 ex
2511 3817 2623 3893 ipsa
2654 3820 2840 3888 Maria,
2871 3831 2990 3892 post
3012 3831 3192 3876 natum
3222 3817 3528 3887 Dominum,
3552 3838 3836 3895 generasse

2262 3918 2538 3984 putarunt.
2574 3910 2680 3968 Sed
2721 3927 2840 3978 nos,
2874 3911 3068 3967 fratres
3092 3905 3418 3976 cbarissimi,
3443 3914 3649 3982 absque
3679 3910 3838 3967 ullius

2262 3999 2513 4075 scrupulo
2537 3996 2865 4074 qnmstionis,
2889 3998 3030 4058 scire
3068 4005 3125 4057 et
3165 4000 3410 4057 canﬁteri
3446 4009 3684 4071 oportet,
3730 4010 3833 4057 nun

2261 4104 2466 4150 tantum
2496 4096 2713 4150 beatam
2752 4094 2847 4149 Dei
2886 4087 3222 4163 genitricem,
3264 4092 3357 4147 sed
3386 4101 3441 4147 et
3463 4092 3834 4148 beatissimum

2262 4189 2524 4246 castitatis
2548 4189 2663 4259 ejus
2684 4192 2871 4243 testem
2898 4194 3057 4256 atque
3072 4184 3347 4241 custodem
3361 4184 3583 4255 Josepb,
3608 4184 3677 4241 ab
3687 4181 3835 4240 muni

2261 4294 2481 4353 prorsus
2526 4272 2736 4336 actione
2778 4273 3043 4350 coniugali
3086 4278 3349 4334 mansisse
3394 4286 3610 4347 semper
3635 4273 3835 4353 immu-

620 4365 809 4428 'Vens.
841 4369 925 4435 12,
954 4370 1039 4426 15.
1062 4401 1133 4411 —-
1155 4345 1429 4423 Descendit
1451 4360 1605 4420 Iesus
1627 4360 2021 4441 Capharnaum,
2049 4358 2158 4436 ipse
2190 4345 2415 4437 Ditem;
2447 4381 2549 4426 nec
2573 4376 2746 4432 natus,
2778 4345 3153 4439 sed'co'gnatos
3174 4378 3382 4432 eorum,
3413 4345 3559 4422 more
3588 4348 3835 4437 Scriptu-

572 4470 623 4517 et
662 4472 828 4517 mater
852 4459 986 4534 ejus,
1008 4470 1055 4517 et
1086 4461 1275 4532 fratres
1298 4458 1431 4530 ejus,
1456 4468 1503 4513 et
1525 4455 1769 4531 discipuli
1811 4457 1946 4528 ejus,
1982 4452 2152 4528 ibique

573 4562 873 4610 "sanxerunt
903 4571 1005 4609 non
1044 4549 1219 4609 multis
1258 4548 1469 4617 diebus,
1511 4558 1561 4606 et
1597 4568 1753 4622 prope
1794 4561 1904 4605 erat
1949 4544 2149 4603 Pascha

568 4638 897 4707 Judworum,
952 4652 1000 4697 et
1044 4637 1271 4699 ascendit
1312 4638 1466 4697 Jesus
1518 4637 1952 4712 Hierosolymam.
2004 4638 2150 4694 Bene

572 4739 752 4789 autem
780 4726 1107 4807 evangelista
1141 4730 1238 4798 ait,
1261 4728 1602 4788 descendisse
1621 4724 1803 4786 Iesum
1833 4728 1886 4784 in
1910 4724 2149 4798 Caphar-

570 4837 750 4879 naum.
782 4812 1158 4894 Capharnaum
1183 4838 1311 4877 vero
1334 4817 1458 4876 villa
1493 4814 1855 4893 pulcherrima
1878 4813 2146 4887 interpre-

572 4919 737 4981 tatur,
763 4910 1071 4984 signilicans
1088 4911 1234 4967 bunc
1255 4912 1534 4976 mundum,
1556 4925 1662 4980 quo
1682 4904 1939 4963 Dominus
1964 4912 2146 4961 noster

564 5000 724 5061 Jesus
747 4998 994 5059 Christus
1011 5013 1113 5072 pro
1152 4998 1322 5057 salute
1360 4997 1579 5056 humani
1617 4996 1830 5069 generis
1859 5013 1890 5053 a
1919 5000 2141 5068 paterna

565 5088 694 5149 sede
720 5102 992 5167 nunquam
1031 5090 1290 5148 recedens
1317 5086 1654 5144 descendisse
1676 5080 1892 5142 dicitur.
1927 5103 1946 5137 ε
1980 5097 2007 5127 ι
2035 5081 2142 5140 Sed

564 5180 702 5240 solet
730 5192 946 5239 movere
969 5178 1249 5255 quasdam.
1280 5166 1504 5253 quod-in
1535 5174 1755 5235 exordio
1778 5174 2025 5235 lectionis
2048 5175 2143 5231 bu-

557 5269 653 5339 jus
677 5270 997 5342 evangelicae
1028 5271 1229 5328 dictum
1255 5276 1339 5327 est
1360 5264 1485 5339 quia
1518 5267 1876 5325 descendente
1904 5264 2141 5334 Caphar-

563 5374 726 5418 nauru
767 5359 1016 5428 Domino,
1040 5376 1147 5418 non
1184 5359 1353 5417 solum
1382 5366 1556 5416 mater
1581 5365 1636 5416 et
1674 5354 1940 5430 discipuli,
1967 5355 2063 5411 sed
2086 5362 2140 5407 et

564 5448 761 5507 fratres
790 5450 905 5519 eius
949 5451 1118 5508 secuti
1165 5462 1291 5507 sunt
1318 5465 1460 5508 eum.
1487 5450 1598 5506 Nec
1640 5444 1859 5503 defuere
1898 5442 2137 5500 haeretici

563 5541 654 5608 qui
679 5538 875 5612 Josepb
920 5544 1091 5598 virum
1131 5545 1302 5600 beatzc
1330 5556 1539 5613 semper
1582 5538 1805 5611 virginis
1831 5534 2012 5592 Maria:
2040 5549 2135 5604 pud

638 5662 662 5691 ι
699 5650 774 5705 Ex
804 5648 998 5706 llomfl.
1026 5652 1057 5706 ﬁ
1085 5652 1214 5708 Ven.
1247 5650 1420 5707 Betim.

2253 4482 2328 4520 ra:
2356 4465 2577 4528 usitato,
2614 4456 2828 4523 fratres,
2855 4472 3138 4515 sordresve
3173 4456 3469 4515 Salvatoris
3498 4458 3701 4513 vocari.
3732 4450 3827 4513 De

2250 4549 2412 4627 nique
2432 4548 2701 4608 Abraham
2734 4552 2836 4606 hoc
2861 4542 3020 4605 modo
3037 4548 3275 4620 loquitur
3294 4548 3360 4603 ad
3385 4542 3486 4603 Lot
3508 4566 3523 4601 :
3550 4544 3635 4601 Ne
3651 4554 3838 4617 om

2246 4643 2313 4697 sit
2327 4636 2564 4712 jurgium
2594 4634 2731 4694 inter
2758 4650 2838 4693 me
2859 4649 2906 4692 et
2930 4647 2995 4699 te,
3022 4646 3070 4691 et
3096 4645 3328 4707 pastores
3355 4650 3494 4690 meos
3519 4642 3579 4688 et‘
3597 4644 3841 4705 pastores

2247 4744 2382 4791 tuos.
2423 4728 2614 4801 fratres
2639 4723 2775 4783 enim
2814 4742 2994 4782 sumus
3020 4724 3176 4794 (Gen.
3208 4734 3329 4787 xm,
3356 4721 3435 4795 8).
3457 4719 3527 4778 Ει
3546 4722 3744 4777 Labeo
3771 4723 3840 4779 ad

2246 4818 2409 4875 Iacob
2437 4834 2452 4873 :
2484 4818 2627 4874 Nam
2659 4818 2782 4889 quia
2805 4817 2971 4887 frater
3002 4820 3147 4870 meus
3174 4826 3249 4879 es,
3276 4814 3439 4884 gratis
3476 4811 3672 4867 servies
3704 4811 3842 4867 sibi

2246 4908 2398 4980 (Gen.
2450 4926 2599 4973 xxxx,
2646 4903 2766 4977 ιδῃ
2799 4903 2865 4963 Et
2892 4904 3109 4979 quidem
3149 4912 3360 4960 constat
3386 4902 3510 4971 quia
3537 4901 3638 4956 Lot
3686 4899 3867 4957 ﬁlius.

2243 5001 2389 5057 Aran
2439 4995 2622 5056 fratris
2662 4998 2895 5054 Abraba:
2932 4993 3053 5060 fuit,
3099 5002 3154 5050 et
3195 4992 3364 5049 Iacob
3392 4991 3534 5047 ﬁlius
3558 4990 3843 5048 Rebecca

2249 5089 2451 5148 sororis
2475 5089 2679 5145 Laban.
2708 5084 2815 5144 Sed
2840 5092 3064 5158 propter
3077 5083 3450 5154 cognationem
3479 5087 3609 5135 sunt
3627 5077 3849 5135 fratrm

2242 5182 2554 5252 nuncupati.
2577 5180 2691 5236 Hac
2713 5192 2840 5250 ergo
2869 5174 3076 5248 regula,
3104 5170 3159 5230 in
3192 5171 3486 5243 Scripturis
3505 5169 3753 5234 sanctis,
3783 5178 3850 5221 ut

2241 5274 2374 5338 dixi,
2407 5270 2860 5342 frequentissima,
2902 5270 3067 5324 etiam
3110 5273 3369 5349 cognatos
3405 5262 3594 5318 Maria:
3617 5261 3719 5317 vel
3743 5259 3851 5315 ιρι

2241 5361 2401 5434 sepb,
2459 5367 2657 5416 fratres
2708 5356 2921 5417 Domini
2973 5354 3268 5430 appellatos
3307 5360 3523 5425 oportet
3572 5352 3850 5420 intelligi.

2240 5450 2391 5516 Qum!
2440 5459 2617 5505 autem
2660 5449 3054 5522 propinquante
3091 5444 3321 5507 Pascha,
3367 5440 3531 5497 Iesus
3581 5441 3854 5496 ascendit

2240 5536 2682 5612 Hierosolymam.
2713 5542 2869 5597 nobis
2893 5537 3136 5611 profecto
3160 5538 3251 5594 dat
3283 5533 3592 5603 exemplum
3621 5540 3858 5601 quam:
