4020 6186
285 317 390 372 773

281 426 447 481 animi
477 423 752 496 vigilantia
793 423 1086 479 Dominicis
1129 423 1317 492 subjici
1363 424 1656 477 debeamus
1697 423 1861 490 impe-
1896 427 1941 482 Α
1965 422 2166 480 Iudaeis
2204 443 2215 478 :

284 515 398 579 riis,
427 529 550 569 cum
597 513 710 583 ipse
746 515 800 567 in
836 509 1068 568 hominis
1104 513 1419 567 infirmitate
1463 528 1748 582 apparens,
1780 527 1872 565 ea-

285 610 428 672 dem,
462 619 583 675 qua:
608 619 675 658 ex
707 598 1005 658 divinitatis
1031 603 1354 658 auctoritate
1395 603 1604 667 statuit,
1652 603 1870 656 decreta

283 698 574 756 custodiat.
616 693 694 751 Ne
738 696 882 752 enim
922 703 1175 765 putarent
1219 693 1380 758 servi,
1419 694 1620 760 absque
1660 689 1868 747 crebris

281 789 588 847 orationum
613 787 984 854 bonorumque
1013 793 1232 838 actuum
1264 783 1519 847 victimis,
1550 780 1633 838 vel
1659 782 1867 850 ﬂagella

283 876 535 939 evadere,
564 874 645 930 vel
671 874 891 944 przemia
915 889 971 928 se
996 889 1154 944 posse
1177 873 1476 944 percipere,
1507 881 1560 926 et
1585 874 1697 943 ipse
1726 873 1869 927 inter

284 986 470 1035 servos
495 968 560 1022 ad
588 968 918 1022 adorandum
954 965 1142 1038 [Beda,
1176 967 1241 1020 ad
1267 964 1553 1037 orandum]
1585 965 1868 1019 immolan-

282 1063 517 1130 dumquc
540 1057 683 1134 [Dei]
720 1055 888 1111 Filius
919 1055 1177 1111 ascendit.
1221 1055 1323 1122 Qui
1353 1055 1573 1110 veniens
1617 1053 1866 1109 Hieroso-

281 1153 504 1225 lymam,
527 1150 656 1220 quid
679 1149 749 1202 ibi
774 1157 1021 1219 gerentes
1051 1147 1335 1211 invenerit,
1359 1147 1487 1216 quid
1514 1145 1710 1200 ibidem
1751 1145 1866 1215 ipse

281 1244 530 1315 gesserit,
557 1241 857 1296 videamus.

351 1335 515 1390 Vens.
542 1331 629 1397 M,
653 1331 740 1385 15.
765 1361 835 1370 --
856 1342 881 1370 ι
907 1329 974 1383 Et
996 1330 1205 1395 invenit,
1235 1329 1426 1400 inquit,
1455 1330 1509 1383 in
1531 1330 1719 1400 templo
1745 1321 1874 1384 ven-~

281 1431 457 1484 dentes
505 1443 641 1491 oves,
675 1433 723 1478 et
766 1423 938 1488 bores,
980 1432 1027 1476 et
1067 1421 1350 1488 columbas,
1392 1433 1441 1476 et
1483 1421 1863 1477 nummulario:

281 1519 533 1574 sedentes.
569 1515 637 1570 Et
662 1531 780 1568 cum
803 1515 1004 1584 fecisset
1024 1513 1177 1583 quasi
1211 1512 1478 1583 ﬂagellum
1505 1513 1569 1568 de
1591 1512 1860 1582 funiculis,

280 1629 456 1668 omnes
475 1610 623 1680 ejecit
650 1609 714 1663 de
748 1607 954 1678 templo,
988 1623 1106 1660 oves
1127 1623 1349 1677 quoque,
1373 1618 1419 1658 et
1445 1605 1616 1670 boves,
1639 1616 1685 1660 et
1712 1622 1863 1660 num-

280 1703 626 1760 mulariorum
672 1700 856 1770 e/fudit
900 1716 990 1762 ανδ,
1029 1709 1075 1751 et
1116 1714 1317 1752 mensas
1357 1697 1622 1752 subvertit.
1669 1697 1857 1759 Boves,

1107 298 1518 370 EXEGETICA.
1560 340 1628 351 ο-
1669 311 2024 368 eoum-231'.
2070 313 2132 368 ιχ
2172 313 2364 370 ιολκ.
2403 342 2468 352 -
2507 313 2635 368 ua.
2676 314 2738 366 ιι.

3453 309 3562 380 τιτι

2260 425 2492 480 Dilce:us
2534 441 2678 479 meus
2720 427 2774 479 in
2821 426 2975 480 domo
3024 439 3137 480 mea
3183 422 3312 494 fecit.
3356 421 3566 478 scelera.

1971 514 2136 568 multa
2158 514 2293 584 (Jer.
2322 533 2394 580 ιιι,
2430 517 2538 586 15).
2574 517 2640 570 Et
2667 516 2883 586 quidem
2925 513 3266 584 gaudendum
3295 521 3402 577 est,
3425 513 3554 584 quia

1971 605 2072 674 ipsi
2117 621 2304 660 sumus
2349 606 2404 660 in
2447 607 2719 676 baptismo
2757 605 3013 676 templum
3057 603 3153 659 Dei
3205 602 3362 666 facti,
3415 610 3555 658 teste

1967 693 2242 765 Apostolo,
2269 696 2360 765 qui
2392 697 2506 750 ait:
2543 695 2810 766 Templum
2854 695 2952 749 Dei
2995 703 3238 749 sanctum
3276 702 3372 758 est,
3412 691 3553 762 quod

1968 785 2092 837 estis
2118 801 2204 837 vos
2226 783 2277 853 (1
2307 783 2432 838 Cor.
2462 802 2548 849 ιιι,
2580 785 2686 853 17).
2720 785 2821 852 Ipsi
2847 785 3041 839 civitas
3068 783 3211 852 regis
3249 780 3452 853 magni,
3482 779 3550 835 de

1967 889 2071 944 qua
2102 875 2358 928 canitur:
2394 873 2761 928 Fundamenta
2805 875 2918 944 ejus
2958 875 3014 927 in
3054 872 3314 928 montibus
3358 870 3553 926 sanctis

1968 962 2140 1034 (Psal.
2164 979 2382 1029 LXXXVI,
2408 962 2488 1033 _l),
2514 965 2567 1017 id
2596 975 2700 1028 est,
2725 963 3071 1018 fundamenta
3102 961 3354 1016 Ecclesim
3381 961 3432 1015 in
3465 975 3556 1016 so-

1967 1055 2172 1110 liditate
2208 1055 2330 1110 fidei
2367 1055 2734 1124 apostolorum
2765 1065 2819 1108 et
2843 1055 3250 1124 prOphetarum.
3297 1051 3405 1106 Sed
3447 1067 3553 1107 non

1965 1145 2146 1200 minus
2175 1144 2324 1217 [.ils.,
2357 1143 2540 1217 nimis]
2571 1145 2927 1207 tremendum,
2958 1143 3081 1213 quia
3115 1142 3374 1212 prtemisit
3412 1141 3556 1211 Apo‘

1965 1237 2137 1290 stolus
2163 1237 2345 1291 dicens
2377 1253 2389 1288 :
2427 1233 2489 1290 Si
2519 1237 2634 1306 quis
2679 1245 2853 1289 autem
2893 1232 3140 1303 templum
3180 1232 3278 1287 Dei
3321 1230 3558 1300 violarit,

1965 1323 2225 1394 disperdet
2276 1323 2426 1376 illum
2455 1322 2598 1378 Deus
2626 1321 2678 1394 (Ι
2710 1322 2832 1376 Cor.
2863 1337 2944 1384 ιιι,
2974 1321 3082 1393 17).
3124 1321 3191 1375 Et
3235 1321 3348 1391 ipse
3388 1319 3556 1388 judex

1956 1412 2158 1480 justus,
2186 1413 2520 1486 Disperdam,
2551 1413 2748 1483 inquit,
2775 1413 2839 1465 de
2863 1412 3070 1465 civitate
3095 1411 3312 1468 Domini
3354 1428 3554 1476 omnes,

1962 1504 2052 1574 qui
2101 1514 2382 1574 operantur
2408 1503 2735 1574 iniquitatem
2766 1501 2936 1571 (Psal.
2981 1517 3032 1568 c,
3067 1501 3142 1573 8).
3176 1500 3554 1566 Gaudendum,

1963 1593 2089 1661 quia
2134 1593 2188 1646 in
2215 1593 2368 1646 nobis
2396 1593 2618 1647 Pascha:
2646 1593 2960 1648 solemnitas
2987 1593 3182 1663 agitur,
3215 1609 3338 1648 cum
3381 1594 3448 1649 de
3473 1594 3558 1648 vi-

1965 1679 2056 1736 tiis
2087 1681 2154 1736 ad
2197 1683 2427 1738 virtutes
2475 1684 2708 1738 transire
2751 1685 3063 1754 satagimus.
3102 1683 3309 1739 Pascha
3357 1685 3557 1756 quippe

279 1795 442 1869 487
469 1809 618 1859 oves,
649 1769 998 1846 etcolumbze
1034 1789 1100 1843 ad
1134 1790 1236 1846 hoc
1271 1790 1590 1843 emebantur
1619 1798 1674 1843 ut
1703 1787 1860 1843 oll‘er-

1965 1775 2223 1829 transitus
2267 1775 2482 1830 dicitur.
2530 1775 2880 1830 Gaudendum
2909 1777 3032 1846 quia
3071 1777 3329 1832 Dominus
3368 1787 3552 1834 nostra
3625 1775 3630 1778 ’

282 1898 466 1944 rentur
508 1889 562 1941 in
596 1883 814 1953 templo.
850 1881 1206 1937 Nummularii
1239 1882 1306 1936 ad
1351 1882 1454 1936 hoc
1492 1881 1751 1935 sedebant
1797 1878 1864 1933 ad

282 1994 516 2043 mensas,
549 1986 606 2031 ut
635 1978 774 2031 inter
813 1980 1083 2044 emptores
1121 1972 1534 2041 venditoresque
1561 1971 1860 2026 hostiarum

280 2082 524 2143 prompta
548 2079 691 2126 esset
709 2070 948 2140 pecunia:
970 2069 1191 2123 taxatio.
1217 2068 1545 2123 Videbantur
1566 2083 1696 2138 ergo
1717 2069 1863 2123 licite

281 2163 436 2219 vendi
467 2163 519 2217 in
543 2162 759 2231 templo,
784 2176 905 2230 qua:
935 2160 1004 2214 ob
1029 2160 1131 2214 hoc
1161 2159 1478 2213 emebantur
1504 2165 1563 2211 ut
1591 2157 1644 2212 in
1673 2157 1862 2212 eodem

281 2253 480 2324 templo
509 2253 830 2308 ollerrentur
878 2250 1124 2304 Domino.
1157 2248 1264 2304 Sed
1298 2248 1488 2303 nolens
1535 2247 1648 2317 ipse
1685 2247 1864 2302 Domi-

281 2361 385 2401 nus
420 2345 622 2416 aliquid
665 2344 718 2398 in
763 2346 920 2399 domo
965 2359 1060 2397 sua
1107 2349 1331 2396 terrena:
1364 2339 1763 2410 negotiationis,
1793 2353 1862 2394 ne

281 2435 401 2508 ejus
424 2437 639 2508 quidem
666 2452 783 2505 qua:
811 2436 1035 2490 honesta
1064 2441 1367 2503 putaretur,
1394 2431 1658 2495 exhiberi,
1681 2431 1862 2502 dispu-

277 2527 344 2582 lit
388 2527 748 2598 negotiatores
775 2526 1020 2596 injustos,
1051 2533 1106 2578 et
1132 2523 1277 2578 foras
1305 2537 1494 2577 omnes
1536 2521 1696 2577 simul
1738 2537 1862 2576 cum

281 2616 368 2671 his
410 2633 528 2686 quae
572 2617 1000 2686 negotiabantur,
1051 2611 1230 2681 ejecit.
1283 2612 1419 2679 Quid
1467 2626 1620 2682 ergo,
1665 2610 1864 2665 fratres

282 2705 407 2768 mei,
437 2705 566 2774 quid
609 2713 858 2774 putamus
891 2703 1096 2759 faceret
1117 2702 1408 2758 Dominus?
1440 2700 1495 2756 Si
1539 2701 1671 2756 rixis
1704 2700 1864 2756 dissi-

281 2797 492 2862 dentes,
523 2797 566 2851 si
592 2795 786 2852 fahulis
813 2805 1081 2860 vacantes,
1113 2796 1155 2851 si
1184 2796 1296 2851 risu
1327 2794 1636 2857 dissolutos,
1654 2793 1734 2848 vel
1759 2792 1862 2848 alio

279 2885 520 2956 quolibet
550 2886 750 2940 scelere
779 2887 1044 2956 reperiret
1079 2885 1352 2940 irretitos?
1382 2884 1482 2952 Qui
1512 2885 1716 2939 hostias
1743 2898 1863 2952 qua:

279 2973 382 3029 sibi
422 2975 829 3030 immolarentur
852 2985 1093 3032 ementes
1119 2977 1174 3030 in
1207 2975 1404 3046 templo
1430 2977 1580 3039 vidit,
1609 2983 1661 3030 et
1691 2974 1862 3030 elimi-

281 3079 412 3118 nare
446 3063 753 3120 festinavit?
798 3065 921 3120 llaac
964 3076 1180 3136 propter
1228 3067 1347 3122 illos
1387 3065 1622 3122 diximus
1651 3067 1743 3137 qui
1772 3081 1861 3122 ec-

1963 1872 2200 1929 pectora,
2228 1861 2496 1916 civitatem
2526 1863 2775 1918 videlicet
2800 1880 2952 1918 suam
2983 1866 3220 1929 visitare,
3254 1867 3379 1937 quia
3410 1868 3552 1924 idem

1963 1950 2166 2006 Pascha
2192 1959 2391 2007 nostrae
2418 1953 2573 2007 home
2595 1953 2844 2019 actionis,
2870 1955 3158 2024 praesentia
3189 1972 3298 2012 sua:
3331 1958 3554 2026 pietatis

1965 2039 2236 2095 illustrare
2275 2041 2542 2113 dignatur.
2587 2041 2693 2097 Sed
2723 2045 3017 2100 timendum
3058 2047 3210 2110 satis,
3241 2062 3307 2102 ne
3351 2063 3450 2102 nos
3495 2047 3550 2102 in

1963 2129 2181 2184 civitate
2211 2145 2304 2184 sua
2334 2130 2477 2184 aliud
2499 2145 2657 2199 quam
2691 2131 2803 2199 ipse
2830 2131 3018 2200 diligit,
3045 2143 3264 2204 agentes
3287 2135 3544 2198 inveniat,

1962 2228 2016 2274 et
2034 2221 2147 2290 ipse
2175 2220 2389 2289 qualem
2412 2235 2516 2275 non
2536 2219 2808 2288 diligimus
2829 2222 2985 2276 nobis
3008 2222 3282 2277 districtus
3309 2219 3552 2279 redditor

1962 2307 2428 2380 ostendaturfAl.,
2452 2318 2506 2363 et
2538 2307 2650 2378 ipse
2689 2323 2747 2364 se
2775 2309 2948 2374 nobis,
2980 2309 3194 2381 qualem
3229 2327 3335 2366 non
3367 2308 3547 2384 diligi-

1964 2401 2406 2477 mus,districtus
2451 2401 2687 2456 redditor
2716 2399 3018 2474 ostendat];
3052 2417 3118 2456 ne
3146 2419 3244 2458 nos
3269 2403 3322 2457 in
3352 2407 3552 2476 templo

1964 2490 2370 2556 nummularios,
2403 2506 2470 2544 ne
2492 2492 2800 2546 venditores
2839 2493 3020 2557 boum,
3040 2494 3246 2560 ovium,
3271 2496 3545 2552 columba-

1967 2599 2151 2639 rumve
2177 2583 2454 2653 reperiens
2479 2581 2696 2637 damnet
2725 2581 2938 2651 (Matth.
2971 2583 3126 2656 χχιι).
3158 2579 3331 2639 Boves
3355 2584 3553 2656 quippe

1964 2677 2266 2733 doctrinam
2306 2675 2428 2728 vitae
2475 2675 2732 2737 cmlestis,
2778 2689 2907 2728 oves
2953 2689 3117 2745 opera
3176 2674 3453 2729 munditia:
3497 2683 3554 2732 et

1962 2765 2208 2834 pietatis,
2262 2763 2522 2819 columbae
2570 2764 2740 2818 sancti
2786 2761 3021 2834 Spiritus
3063 2763 3202 2817 dona
3245 2765 3546 2836 designant.

1965 2861 2098 2928 Quia
2132 2859 2385 2913 nimirum
2414 2856 2574 2911 boum
2598 2855 2875 2924 juvamine
2914 2856 3048 2912 solet
3095 2872 3225 2926 ager
3263 2859 3548 2923 exerceri;

1965 2967 2094 3023 ager
2137 2960 2315 3005 autem
2356 2957 2441 3003 est
2481 2947 2724 3012 Domini,
2765 2962 2862 3003 cor
2891 2949 3101 3004 caelesti
3141 2949 3416 3004 excultum
3457 2951 3547 3006 do-

1963 3042 2157 3106 ctrina,
2200 3050 2256 3096 et
2296 3039 2648 3109 suscipiendis
2697 3039 2846 3094 verbi
2894 3039 2988 3096 Dei
3035 3048 3395 3110 praeparatum
3440 3042 3548 3098 rite

282 3113 409 3118 ἡ’”““
447 3113 746 3120 “’“”““’“”“’⁷⁷
799 3113 919 3120 ““⁷⁷“’
964 3113 1171 3136 r‘vr""
1228 3113 1347 3122 ”’“’“’
1390 3113 1622 3122 “’”’“””“’”
1653 3113 1743 3137 1"-
1774 3113 1834 3122 ’ν
2083 3133 2094 3144 .
2141 3133 2152 3144 .
2515 3131 2527 3143 ο
3379 3134 3390 3144 ο
3504 3134 3516 3145 .

280 3155 499 3208 elesiam
543 3156 770 3226 ingressi
801 3172 906 3211 non
937 3157 1112 3211 solum
1162 3158 1514 3212 intentionem
1547 3158 1736 3214 orandi
1767 3174 1860 3213 ne-
1887 3113 1936 3175 ς’
1963 3133 2275 3226 Fami?“-
2327 3128 2468 3186 Oves
2514 3139 2828 3226 “90¢?”
2869 3147 2965 3186 sua
3012 3131 3213 3226 "$3"?
3257 3134 3552 3226 “5‘33"”

280 3244 505 3314 gligunt,
527 3245 882 3299 verumetiam
918 3261 978 3300 ea
1007 3261 1105 3315 pro
1129 3247 1323 3316 quibus
1347 3261 1504 3301 orare
1541 3247 1857 3312 debuerant,

281 3342 508 3403 augent;
536 3334 754 3405 insuper
774 3343 828 3389 et
849 3344 1134 3406 arguentes
1155 3351 1210 3390 se
1232 3352 1329 3407 pro
1349 3336 1653 3405 hujusmodi
1683 3337 1860 3391 stulti-

283 3423 378 3488 tia,
401 3425 657 3480 conviciis
684 3426 946 3496 odiisque,
977 3426 1058 3481 vel
1089 3428 1250 3481 etiam
1273 3428 1692 3484 detractionibus
1718 3429 1857 3483 insc-

279 3519 531 3583 quuntur.
559 3515 816 3571 addentes
838 3517 1084 3572 videlicet
1108 3526 1326 3589 peccata
1351 3519 1606 3588 peccatis,
1629 3528 1684 3573 et
1705 3517 1859 3588 quasi

280 3601 461 3658 funem
504 3605 605 3659 sibi
650 3604 1018 3676 longissimum
1066 3608 1282 3662 incauta
1322 3623 1512 3663 eorum
1550 3617 1860 3679 augmenta-

278 3693 426 3748 tione
456 3701 715 3760 texentes,
746 3711 844 3750 nec
877 3695 1127 3751 timentes
1174 3713 1238 3752 ex
1289 3713 1356 3754 eo
1397 3698 1626 3754 districti
1660 3699 1860 3770 judicis

273 3786 673 3842 examinatione
697 3787 962 3842 damnari.
990 3787 1122 3842 Nam
1146 3790 1230 3843 his
1253 3790 1470 3859 quidem
1493 3791 1545 3844 in
1570 3791 1858 3861 Evangelio

278 3885 466 3931 sancto
491 3877 715 3949 legimus
741 3879 883 3948 quod
911 3879 1128 3934 veniens
1154 3880 1208 3934 in
1247 3881 1446 3952 templo
1474 3881 1731 3936 Dominus
1761 3881 1860 3935 hu-

275 3963 508 4033 iusmodi
535 3968 896 4038 negotiatores
924 3969 1176 4040 ejecerit;
1209 3986 1352 4026 nunc
1380 3970 1643 4034 videlicet,
1672 3971 1723 4024 id
1751 3980 1856 4036 est,

280 4056 441 4110 tertio
483 4065 607 4110 ante
653 4059 956 4128 passionem
1009 4073 1160 4113 suam
1213 4075 1375 4125 anno,
1407 4059 1546 4115 sicut
1585 4075 1653 4114 ex
1699 4057 1858 4128 hujus

276 4143 623 4213 evangelista:
649 4147 997 4216 sequentibus
1026 4149 1241 4218 scriptis
1267 4150 1637 4220 agnoscimus;
1664 4158 1714 4205 et
1743 4151 1856 4220 ipso

275 4251 386 4304 quo
424 4251 612 4304 passus
640 4245 722 4290 est
745 4253 904 4300 anno,
936 4253 1059 4292 cum
1088 4248 1211 4293 ante
1232 4239 1468 4308 quinque
1494 4241 1609 4295 dies
1638 4240 1856 4296 Pascha:

276 4325 476 4378 sedens
519 4325 685 4389 asino,
739 4325 1162 4398 Hierosolymam
1213 4331 1467 4384 venisset.
1504 4329 1610 4385 Sed
1652 4339 1705 4384 et
1755 4331 1856 4385 hoc

279 4417 422 4468 iztem
451 4429 574 4469 cum
601 4417 653 4470 in
691 4417 888 4487 templo
925 4426 1124 4472 sanctte
1163 4417 1418 4474 Ecclesia:
1453 4421 1701 4474 examine
1723 4435 1855 4489 quo-

277 4503 494 4558 tidianae
520 4505 839 4560 visitationis
868 4523 1042 4576 agere,
1075 4509 1250 4563 omnis
1288 4511 1377 4579 qui
1405 4519 1550 4564 recte
1588 4511 1746 4580 sapit,
1775 4511 1855 4565 in-

278 4595 492 4667 telligit.
525 4593 675 4652 Unde
705 4597 929 4652 multum
970 4601 1245 4653 tremenda
1276 4609 1400 4654 sunt
1441 4601 1572 4664 haec,
1622 4601 1857 4656 dilectis-

277 4685 420 4748 simi,
458 4693 512 4740 et
539 4687 698 4759 digno
728 4689 1130 4760 expavescenda
1154 4690 1376 4757 timore;
1404 4693 1694 4763 seduloque
1722 4710 1858 4764 pra:-

277 4777 578 4831 eavendum
612 4778 897 4845 industria,
928 4794 996 4834 ne
1031 4782 1254 4836 veniens
1290 4782 1613 4852 improvisus
1640 4799 1857 4852 perver-

277 4881 401 4920 sum
424 4868 553 4938 quid
583 4867 636 4922 in
667 4869 839 4933 nobis,
872 4870 1013 4924 unde
1040 4871 1232 4925 merito
1268 4868 1549 4940 ﬂagellari,
1578 4888 1641 4927 ac
1666 4874 1731 4927 de
1758 4871 1857 4927 Ec-

277 4955 444 5012 clesia
485 4957 604 5026 ejici
643 4960 957 5022 debeamus,
991 4961 1248 5015 inveniat.
1287 4961 1354 5014 Et
1392 4963 1625 5017 maxime
1663 4963 1714 5016 in
1741 4962 1855 5029 illa,

277 5062 402 5118 qua
429 5049 736 5117 specialiter
768 5047 958 5104 domus
997 5051 1258 5106 orationis
1288 5059 1529 5114 vocatur,
1570 5051 1859 5106 observan-

275 5139 406 5194 dum
447 5155 512 5194 ne
541 5140 670 5210 quid
711 5142 948 5211 ineptum
975 5159 1241 5214 geramus,
1286 5160 1353 5200 ne
1399 5160 1522 5200 cum
1566 5143 1858 5216 Corinthiis

275 5227 562 5283 audiamus
587 5229 654 5284 ab
683 5229 942 5301 Apostolo
969 5250 982 5285 :
1019 5231 1268 5305 Nunquid
1296 5234 1484 5291 domos
1514 5251 1620 5290 non
1651 5233 1858 5291 habetis

275 5317 348 5372 ad
377 5317 583 5388 agenda
625 5320 710 5374 vel
750 5321 1013 5390 loquenda
1044 5325 1354 5394 temporalia
1394 5324 1448 5397 (1
1476 5325 1597 5380 Cor.
1632 5342 1705 5391 xi,
1730 5326 1860 5395 22)?

273 5407 374 5465 aut
415 5410 713 5467 Ecclesium
745 5413 837 5469 Dei
873 5415 1250 5470 contemnitis?
1274 5416 1339 5471 Et
1385 5434 1414 5472 a
1445 5416 1708 5490 Propheta
1737 5433 1857 5473 cum

351 5575 375 5602 ο
416 5562 562 5640 llzec,
595 5583 716 5638 qua:
761 5579 1081 5640 sequuntur,
1132 5573 1188 5628 in
1234 5573 1582 5632 collectaneis
1620 5577 1856 5634 Anselmi

277 5631 542 5719 imitans-is
575 5631 716 5719 apud
746 5631 1200 5719 Canisiurn‘ALe‘c‘t.
1241 5643 1424 5712 Antiq.
1453 5631 1579 5719 edit.
1610 5631 1856 5719 subagit

279 5710 414 5755 tom.
443 5703 527 5770 Ill,
549 5703 688 5777 part.
732 5725 773 5775 i,
810 5725 933 5782 pag.
965 5711 1092 5778 589,
1121 5712 1359 5768 citantur
1385 5703 1440 5769 et
1463 5703 1855 5787 describuntdr,

1961 3223 2268 3279 hominibus
2301 3230 2578 3293 praestant.
2609 3221 2843 3294 Spiritus
2869 3239 3031 3294 super
3063 3223 3346 3280 Dominum
3373 3224 3428 3279 in
3456 3240 3548 3281 co-

1961 3313 2152 3370 lumba:
2182 3315 2361 3385 specie
2400 3315 2695 3370 descendit.
2739 3316 2992 3371 Vendunt
3017 3325 3198 3372 autem
3239 3317 3430 3384 boves,
3455 3321 3548 3388 qui

1959 3407 2182 3461 verbum
2206 3404 2467 3477 evangelii
2485 3420 2590 3460 non
2617 3406 2797 3461 divino
2818 3421 3022 3473 amore,
3052 3408 3146 3463 sed
3169 3409 3370 3464 terreni
3399 3424 3542 3478 qua:-

1959 3504 2074 3550 stus
2121 3495 2314 3549 intuitu
2363 3495 2704 3550 audientibus
2736 3496 3080 3566 impendunt;
3132 3497 3318 3566 quales
3361 3512 3546 3567 repre-

1960 3585 2145 3639 hendit
2172 3583 2477 3654 Apostolus,
2528 3585 2654 3654 quia
2693 3583 2968 3638 Christum
3009 3586 3396 3641 annuutiarent
3439 3601 3546 3642 non
3579 3625 3588 3634 ο

1960 3669 2187 3731 sincere.
2221 3677 2470 3731 Vendunt
2514 3690 2674 3738 oves,
2716 3675 2806 3743 qui
2858 3676 3106 3732 humanae
3153 3678 3327 3748 gratia
3371 3676 3546 3733 laudis

1959 3783 2121 3838 opera
2143 3767 2358 3836 pietatis
2378 3774 2654 3830 exercent,
2680 3765 2745 3819 de
2772 3766 2968 3836 quibus
2991 3767 3249 3824 Dominus
3267 3770 3346 3824 ait
3369 3788 3381 3824 :
3403 3768 3546 3836 Quia

1960 3867 2258 3927 receperunt
2305 3856 2589 3911 mercedem
2627 3849 2781 3911 suam
2825 3847 3038 3928 (Matth.
3081 3877 3153 3924 γι,
3185 3861 3263 3933 2).
3289 3861 3545 3918 Vendunt

1958 3947 2255 4010 columbas,
2289 3947 2381 4017 qui
2412 3955 2688 4018 acceptam
2726 3947 2960 4018 Spiritus
2985 3950 3241 4019 gratiam,
3281 3967 3387 4008 non
3414 3966 3542 4022 gra-

1958 4038 2044 4100 tis,
2077 4045 2137 4090 ut
2171 4046 2500 4108 przcccptum
2545 4046 2648 4103 est,
2677 4039 2770 4094 sed
2816 4040 2884 4095 ad
2925 4039 3206 4110 praemium
3253 4039 3414 4106 dant;
3445 4044 3540 4114 qui

1957 4129 2352 4200 impositionem
2395 4145 2618 4197 manus,
2662 4146 2767 4201 qua
2811 4129 3045 4202 Spiritus
3089 4132 3386 4202 accipitur,
3433 4134 3539 4190 etsi

1957 4233 2062 4271 non
2103 4217 2170 4271 ad
2213 4227 2472 4288 qurestuin
2513 4221 2773 4290 pecunize,
2805 4219 2872 4274 ad
2912 4220 3054 4292 vulgi
3089 4228 3268 4278 tamen
3300 4220 3539 4292 favorem
3583 4287 3590 4294 ε

1957 4303 2228 4372 tribuunt;
2279 4310 2370 4378 qui
2414 4325 2596 4364 sacros
2624 4311 2839 4366 ordines
2881 4327 2986 4366 non
3015 4312 3082 4367 ad
3109 4313 3230 4367 vitae
3259 4314 3538 4378 meritum,
3583 4373 3590 4382 ,

1957 4399 2050 4454 sed
2079 4400 2146 4454 ad
2184 4401 2413 4470 gratiam
2457 4400 2776 4472 largiuntur.
2807 4403 3064 4459 Nummos
3107 4415 3291 4461 mutuo
3319 4406 3454 4462 dant
3487 4407 3544 4462 in

1957 4488 2172 4558 templo,
2204 4489 2294 4558 qui
2330 4505 2433 4544 non
2463 4491 2710 4546 simulate
2745 4491 3072 4559 ccelcstihus,
3099 4492 3191 4549 sed
3221 4503 3404 4565 aperte
3433 4505 3542 4558 ter-

1893 4589 1896 4592 ‘
1955 4579 2102 4634 renis
2143 4578 2304 4633 rebus
2333 4579 2386 4632 in
2413 4578 2581 4651 488
2621 4580 2860 4638 Ecclesia
2902 4583 3246 4652 deserviunt;
3277 4601 3372 4641 sua
3397 4603 3541 4660 qua:-

1956 4679 2154 4735 rcntcs,
2183 4685 2286 4725 non
2314 4687 2432 4741 qum
2467 4671 2593 4727 Jesu
2635 4671 2834 4730 Christi
2867 4673 3087 4750 (Philip.
3114 4694 3173 4744 Ii,
3204 4677 3262 4732 21
3274 4677 3320 4752 ).~
3343 4679 3541 4736 Verum

1955 4757 2257 4829 hujusmodi
2304 4763 2580 4832 operarios
2621 4761 2990 4820 fraudulentos
3017 4783 3136 4836 quae
3181 4783 3390 4826 merces
3425 4786 3541 4826 ma-

1956 4862 2100 4916 neat.
2126 4853 2361 4910 ostendit
2400 4853 2680 4919 Dominus,
2711 4869 2853 4919 cum,
2893 4855 3036 4910 facto
3073 4856 3141 4911 de
3172 4857 3421 4915 funiculis
3444 4859 3542 4916 fla-

1942 4932 2116 5014 gello,
2141 4957 2329 4998 omnes
2366 4941 2524 5011 ejecit
2547 4944 2612 4998 de
2641 4943 2858 5015 templo.
2888 4945 3190 5032 Ejiciuntur
3214 4949 3358 5005 enim
3379 4949 3538 5024 μὴ..

1956 5030 2160 5104 autem]
2191 5033 2256 5088 de
2283 5041 2435 5101 parte
2461 5033 2623 5088 sortis
2666 5043 2996 5102 sanctorum,
3025 5037 3117 5108 qui
3156 5030 3298 5093 inter
3325 5049 3540 5110 sanctos

1957 5129 2136 5200 positi,
2167 5129 2248 5184 vel
2280 5129 2403 5186 ficte
2431 5132 2591 5196 bona,
2621 5132 2704 5186 vel
2739 5143 2926 5204 aperte
2952 5117 3157 5189 faciunt
3180 5150 3343 5206 opera
3371 5136 3536 5193 mala.
3585 5177 3594 5200 ς

1957 5224 2098 5283 oves
2122 5242 2334 5297 quoque
2355 5238 2412 5282 et
2436 5230 2600 5284 boves
2621 5231 2793 5301 ejecit,
2820 5233 2910 5304 qui
2938 5232 3123 5290 talium
3150 5235 3316 5290 vitam
3333 5235 3538 5307 pariter

1957 5332 2014 5378 et
2039 5323 2340 5380 doctrinam
2373 5328 2607 5381 ostendit
2638 5344 2758 5384 esse
2784 5331 3088 5400 reprobam.
3121 5333 3540 5405 FunicaliLquic

1956 5426 2058 5481 bus
2086 5424 2398 5497 ﬂagellando
2443 5427 2636 5498 impios
2661 5430 2725 5485 de
2765 5433 2964 5502 templo
3004 5434 3227 5503 expulit,
3261 5436 3536 5495 tremenda

1959 5597 2023 5654 ex
2042 5579 2160 5654 libr.
2188 5595 2225 5634 ιι
2253 5577 2430 5634 Albini
2450 5597 2606 5651 super
2635 5581 2978 5654 yatthwum:
3016 5585 3166 5654 cujus
3209 5597 3385 5644 tamen
3414 5591 3536 5645 loco

1960 5649 2376 5774 gegcnﬂpnmugsse
2405 5668 2417 5704 :
2443 5649 2599 5722 super
2621 5650 2654 5706 J
2661 5668 2904 5721 omanem,
2908 5654 3023 5726 jam
3048 5649 3102 5712 in
3117 5657 3314 5716 Monito
3335 5662 3532 5730 prmio

1961 5734 2307 5778 advertimus.
3386 5775 3392 5778 Α
3447 5761 3452 5766 ο
