4020 6186
1866 165 1906 205 Ι

464 332 579 407 77's

1284 340 1345 399 Β.
1386 337 1449 398 r.
1490 340 1716 396 suum
1751 330 1881 395 stin
1923 328 2201 395 ALCUiNl
2238 331 2522 395 orsnun
2550 326 2733 393 rans
2774 320 2839 391 ii.
2918 338 2923 351 ι

3634 335 3750 394 ἷτϐ

467 458 600 541 (Hs.
633 460 682 519 et
713 452 875 525 Rede,
900 453 1198 529 Crementa]
1222 467 1350 512 sunt
1374 457 1647 511 actionum
1674 454 1961 519 malarum,
1987 451 2054 507 de
2082 448 2133 512 Α
2159 451 2204 507 si
2233 451 2507 506 iracundia
2538 448 2832 514 turbidum,
2863 448 2906 503 si
2936 448 3041 504 alio
3068 432 3317 523 cuiquam
3348 449 3478 507 vitio
3494 452 3751 508 ειιιιειη-

467 552 667 625 quibus
705 548 932 604 materia
976 545 1265 603 damnandi
1308 545 1570 616 reprobus
1612 544 1857 599 districto
1892 541 2061 612 judici

466 641 646 703 datur.
675 636 814 696 illnc
839 638 1041 694 etenim
1071 636 1204 694 dicit
1225 628 1396 693 ISaias
1421 657 1432 691 :
1478 634 1569 690 Va:
1612 637 1700 707 qui
1729 634 1934 689 trahitis
1961 634 2062 689 ini-

464 732 791 810 quitatemin
821 730 1071 801 funiculis
1108 732 1358 785 vanitatis
1399 728 1605 803 (Isaiae,
1635 744 1690 793 v,
1733 722 1855 800 l8)!
1896 727 1967 782 Et
2007 726 2060 782 in

468 824 777 882 Proverbiis
800 822 1053 878 Salomon
1085 838 1099 877 :
1124 820 1459 894 Iniquitates,
1490 821 1684 890 inquit,
1715 835 1826 873 sua:
1851 817 2064 889 capiunt

467 913 706 987 inpium,
733 922 783 969 et
824 912 1038 984 funibus
1065 921 1396 983 peccatorum
1432 926 1648 966 suorum
1689 908 2071 982 constringitur

471 1008 657 1084 (Prov.
686 1023 741 1073 γ,
767 1007 882 1083 2‘2).
915 1002 1017 1074 Qui
1039 1007 1182 1061 enim
1205 1014 1427 1077 peccata
1454 1006 1712 1077 peccatis,
1744 1018 1843 1073 pro
1869 1003 2065 1074 quibus

470 1101 651 1157 acrius
677 1100 983 1165 damnetur,
1022 1099 1347 1161 accumulat,
1386 1094 1543 1168 quasi
1578 1090 1846 1150 l'uniculos
1870 1095 2066 1164 quibus

470 1187 667 1263 ligetur
699 1203 764 1244 ac
804 1186 1124 1259 ﬁagelletur,
1163 1185 1421 1258 paulatim
1475 1184 1722 1255 augendo
1760 1183 2061 1255 prolongat.

471 1277 968 1335 Nummulariorum
1010 1291 1226 1348 quoque
1255 1290 1389 1346 quos
1431 1272 1717 1344 expulerat
1748 1271 1939 1346 [Beda,
1972 1286 2066 1326 ex-

472 1366 694 1441 pulsat],
720 1367 913 1424 eﬂ'udit
942 1376 1018 1423 tes
1045 1375 1102 1421 et
1133 1381 1350 1421 mensas
1379 1363 1659 1428 snbvertit,
1693 1363 1821 1433 quia
1845 1363 2066 1417 damna-

471 1456 543 1513 tis
580 1457 637 1512 in
685 1457 795 1513 ﬁne
843 1455 1108 1528 reprobis,
1155 1455 1319 1511 etiam
1350 1454 1590 1524 ipsarum
1640 1466 1778 1522 quas
1831 1451 2068 1507 dilexere

471 1560 656 1602 rerum
679 1545 833 1602 tollet
858 1546 1111 1618 ﬁguram,
1151 1542 1307 1614 juxta
1343 1543 1445 1599 hoc
1470 1543 1614 1612 quod
1654 1542 1918 1612 scriptum
1941 1548 2067 1595 est:

472 1637 545 1696 Et
582 1641 812 1697 mundus
857 1639 1098 1696 transibit
1130 1647 1179 1695 et
1221 1639 1638 1710 concupiscentia
1678 1637 1793 1708 ejus
1820 1633 1875 1710 (Ι
1901 1636 2063 1693 Joan.

476 1744 539 1800 ιι,
571 1730 684 1806 l7).

2164 552 2296 608 tum,
2327 544 2659 606 studeamus,
2692 540 2747 596 in
2772 550 3032 613 quantum
3058 536 3284 598 facilitas
3303 544 3557 615 suppetit,
3588 545 3752 601 casti-

2162 650 2312 707 gare,
2344 633 2545 706 polluta
2591 647 2655 688 ac
2690 648 2944 704 perversa
2992 628 3285 705 corrigere,
3330 636 3385 688 ct
3422 636 3469 690 si
3505 634 3634 706 quid
3682 634 3755 693 de

2164 727 2361 782 talibus
2385 714 2674 781 emendare
2703 723 3045 793 nequivimus
3065 721 3253 796 [Beda,
3289 722 3619 805 nequimus],
3640 741 3753 782 non

2163 817 2281 872 sine
2327 816 2594 870 acerrimo
2641 815 2838 869 mentis
2866 813 3136 868 sustinere
3162 814 3364 869 dolore.
3407 812 3479 869 Et
3516 815 3756 871 maxime

2164 908 2219 962 in
2248 908 2365 979 ipSa
2394 906 2553 962 dumo
2581 905 2863 971 oratiunis,
2889 904 2980 960 ubi
3008 920 3202 976 corpus
3232 906 3442 963 Domini
3468 920 3751 965 consecra-

2166 1008 2270 1063 tur,
2316 998 2407 1053 ubi
2450 997 2778 1069 Angelorum
2815 996 3103 1066 praesentia
3154 1008 3367 1067 semper
3412 999 3604 1054 adesse
3644 1015 3752 1054 non

2165 1086 2458 1148 dubitatur.
2493 1106 2561 1145 ne
2607 1088 2736 1160 quid
2779 1088 3018 1160 ineptum
3051 1088 3164 1153 ﬁat,
3192 1104 3260 1145 ne
3304 1089 3455 1160 quid,
3480 1089 3623 1161 quod
3652 1107 3752 1146 no-

2166 1191 2334 1237 stram
2360 1181 2727 1236 fraternamve
2755 1183 3057 1237 orationem
3090 1181 3369 1253 impediat,
3396 1183 3523 1238 totis
3547 1180 3757 1240 viribus

2165 1288 2389 1345 agamus
2414 1273 2463 1326 ι’.
2491 1272 2750 1343 Sequitur
2779 1291 2792 1326 :
3174 1336 3183 1341 .

2235 1366 2400 1421 Vens.
2435 1365 2521 1429 18,
2551 1363 2638 1419 19.
2660 1392 2732 1404 ——
2755 1358 3152 1435 Responderunt
3174 1379 3296 1435 ergo
3317 1356 3516 1430 Iudici,
3537 1376 3585 1420 et
3607 1364 3761 1421 dime-

2167 1465 2288 1510 runt
2309 1457 2358 1510 ei
2383 1468 2402 1507 :
2430 1455 2584 1522 Quod
2611 1455 2817 1527 signum
2855 1455 3084 1510 ostendis
3109 1456 3277 1521 nobis,
3304 1457 3429 1527 quia
3454 1456 3566 1511 lucc
3586 1456 3762 1526 lacis!

2167 1547 2449 1620 Respondit
2479 1545 2657 1613 Iesus,
2685 1557 2732 1601 et
2757 1547 2892 1601 dixit
2918 1548 2991 1602 eis
3017 1562 3034 1600 :
3057 1547 3255 1604 Soluite
3288 1549 3536 1621 templum
3561 1549 3681 1615 hoc,
3712 1561 3761 1604 et

2168 1637 2222 1690 in
2243 1636 2409 1690 tribus
2432 1634 2613 1689 diebus
2634 1635 2870 1689 excitabo
2892 1635 3045 1690 illud.
3069 1637 3145 1692 De
3165 1653 3272 1707 quo
3309 1638 3508 1709 templo
3529 1637 3759 1701 diceret.

2170 1726 2498 1797 evangelista
2526 1733 2650 1795 post
2679 1726 2917 1795 aperuit;
2948 1725 3200 1783 videlicet
3239 1727 3305 1783 de
3332 1727 3532 1798 templo
3571 1744 3765 1800 corpo-

546 1796 711 1881 Vzns.
745 1823 830 1879 16.
855 1854 927 1865 --
947 1816 1016 1878 Et
1036 1823 1111 1878 eis
1130 1820 1220 1895 qui
1244 1796 1517 1877 columbas.
1540 1820 1851 1884 vendebant,
1884 1820 2015 1873 dixit
2046 1834 2063 1873 :
2099 1797 2145 1858 Β
2171 1818 2247 1873 ris
2274 1796 2379 1882 sui,
2409 1816 2552 1886 quod
2581 1818 2648 1871 ab
2679 1816 2784 1872 illis
2817 1817 3067 1886 passione
3097 1816 3351 1884 solutum,
3381 1796 3495 1888 ipse
3516 1825 3641 1889 post
3667 1796 3763 1873 tri-

473 1913 689 1986 Auferte
735 1916 837 1970 ista
878 1914 1019 1980 hinc,
1062 1911 1220 1968 nolite
1264 1912 1439 1984 facere
1481 1910 1695 1966 domum
1732 1910 1910 1965 Patris
1945 1910 2067 1976 mei,

468 2006 689 2060 domum
733 2000 1117 2075 negotiationis.
1164 1986 1540 2058 Venditionem
1588 2000 1964 2056 columbarum
2003 1999 2071 2055 de

474 2094 677 2168 templo
704 2092 905 2151 auferri
944 2094 1211 2167 prtecipit,
1256 2094 1381 2165 quia
1412 2092 1586 2164 gratia
1625 2090 1861 2161 Spiritus
1898 2090 2072 2161 gratis

472 2185 667 2257 accipi,
708 2185 879 2257 gratis
921 2183 1082 2241 debet
1116 2182 1237 2238 dari
1266 2195 1292 2223 ιι
1319 2180 1533 2255 (Matth.
1575 2179 1654 2253 ι).
1689 2180 1841 2237 Unde
1883 2179 2072 2236 Simon

478 2262 568 2333 ille
595 2290 804 2346 magus,
832 2275 960 2344 quia
987 2274 1129 2329 hanc
1165 2286 1348 2329 emere
1389 2270 1616 2342 pecunia
1645 2270 1834 2337 voluit,
1866 2278 1930 2325 ut
1951 2284 2069 2325 ma-

473 2363 592 2436 iore
624 2365 798 2436 pretio
825 2364 1103 2427 venderet,
1134 2362 1343 2417 audivit
1368 2378 1380 2415 :
1407 2357 1641 2415 Pecunia
1669 2370 1762 2425 tua
1803 2370 1971 2415 tecum
2004 2360 2070 2414 sit

474 2454 532 2510 id
552 2454 867 2528 perditione,
900 2469 1003 2507 non
1033 2461 1107 2507 est
1131 2452 1223 2506 tibi
1250 2468 1392 2523 pars,
1426 2467 1587 2522 neque
1612 2464 1726 2504 sors
1754 2448 1808 2504 in
1836 2466 2074 2504 sermone

480 2547 577 2601 hoc
607 2538 745 2617 (Act.
774 2544 901 2613 vni,
927 2543 1020 2609 20,
1052 2540 1166 2613 ει).
1208 2540 1514 2598 Notandum
1556 2544 1739 2596 autem
1789 2542 1919 2613 quia
1962 2557 2073 2597 non

472 2624 573 2691 soli
602 2632 914 2691 venditores
949 2642 1077 2690 sunt
1102 2633 1477 2690 columbarum
1513 2638 1570 2689 et
1611 2630 1831 2688 domum
1868 2632 1964 2690 Dei
1992 2633 2072 2688 fa-

476 2710 627 2781 ciunt
651 2725 868 2781 domum
911 2721 1314 2796 negotiationis,
1344 2718 1438 2795 qui
1482 2738 1670 2779 sacros
1706 2722 1925 2780 ordines
1965 2723 2074 2778 lar—

474 2815 684 2885 gientes
709 2813 899 2887 [Beda,
929 2811 1259 2889 largiendo],
1294 2813 1529 2885 pretium
1554 2813 1818 2884 pecuniae,
1845 2812 1930 2871 vel
1959 2813 2075 2869 lau-

477 2904 577 2969 dis,
615 2905 702 2961 vel
739 2902 909 2961 etiam
944 2896 1170 2962 honoris
1201 2904 1521 2976 inquirunt:
1550 2922 1737 2961 verum
1777 2906 1832 2962 lii
1860 2918 2075 2979 quoque

475 2993 570 3064 qui
591 2992 817 3066 gradum
841 2991 929 3050 vel
957 2995 1183 3065 gratiam
1208 2988 1263 3048 in
1288 2986 1535 3050 ECclesia
1560 2995 1878 3066 spiritalem,
1910 3012 2072 3068 quam

479 3085 709 3141 Domino
736 3080 1000 3155 largiente
1020 3078 1336 3156 pereepcre,
1363 3100 1469 3141 non
1496 3085 1727 3157 simplici
1756 3088 2066 3152 intentione,

478 3177 578 3233 sed
610 3174 896 3245 cujuslibet
922 3175 1175 3232 humana:
1202 3192 1366 3234 causa
1395 3174 1769 3234 retributionis
1793 3188 2069 3247 exercent,

476 3275 670 3322 centra
698 3260 828 3321 illud
855 3264 1082 3336 apostoli
1103 3262 1252 3323 Petri
1280 3287 1293 3322 :
1321 3266 1426 3335 Qui
1448 3268 1682 3340 loquitur
1700 3271 1853 3342 quasi
1878 3288 2075 3327 sermo-

481 3370 573 3413 nes
604 3357 719 3422 Dei,
746 3360 836 3429 qui
864 3360 1123 3413 Ministrat
1162 3368 1413 3430 tanquam
1453 3376 1518 3414 ea:
1560 3361 1766 3427 virtute,
1794 3379 1952 3433 quam
1980 3360 2075 3416 ad-

480 3449 749 3503 ministrat
775 3441 936 3513 Deus,
971 3459 1026 3504 ut
1052 3451 1112 3503 in
1153 3449 1392 3505 omnibus
1425 3448 1801 3521 honoriﬁcetur
1821 3453 1965 3509 Deus
1984 3472 2076 3526 per

476 3536 661 3592 Iesum
706 3534 974 3593 Christum
1008 3538 1095 3610 (1!
1125 3538 1270 3594 Petr.
1316 3556 1389 3607 tv,
1434 3539 1546 3613 ll).
1590 3541 1905 3613 Quicunque
1946 3559 2077 3616 ergo

478 3627 618 3683 tales
642 3635 789 3705 sunt,
815 3630 861 3684 si
887 3629 1059 3684 nolint
1084 3631 1332 3687 veniente
1356 3628 1583 3686 Domino
1611 3632 1678 3686 de
1711 3630 1953 3688 Ecclesia
1982 3650 2078 3686 au-

484 3720 640 3786 ferri,
669 3716 920 3776 antorem
950 3722 1049 3776 ista
1091 3722 1158 3777 de
1199 3723 1312 3778 Suis
1357 3723 1586 3791 aetibus,
1630 3740 1697 3779 ne
1735 3720 1935 3780 faciant
1983 3726 2078 3782 do-

482 3824 631 3866 mum
658 3802 757 3865 Dei
782 3808 1006 3866 domum
1048 3813 1451 3884 negotiationis.
1493 3811 1604 3871 Nec
1641 3817 2078 3887 pnetereundum

2170 1907 2624 1964 duum‘excitavit
2648 1906 2715 1961 de
2750 1916 2943 1963 morte.
2984 1908 3121 1975 Quia
3146 1922 3275 1982 ergo
3309 1910 3521 1980 signum
3550 1923 3762 1978 quaere-

2168 2002 2302 2057 bant
2340 2014 2371 2054 a
2414 1996 2672 2065 Domino,
2718 2014 2886 2070 quare
2931 2000 3088 2055 solita
3137 2002 3463 2057 commercia
3492 2000 3764 2071 projicere

2171 2089 2431 2149 debuerat
2466 2084 2594 2165 [11s.
2637 2102 2684 2146 et
2726 2092 2893 2158 Beda,
2933 2091 3203 2165 debuerit]
3231 2108 3261 2148 e
3291 2093 3510 2164 templo,
3540 2108 3766 2169 respon-

2171 2180 2280 2250 dit;
2306 2185 2427 2239 idco
2455 2199 2514 2239 se
2549 2182 2852 2240 rectissime
2882 2183 3076 2253 impios
3112 2180 3278 2256 489
3304 2185 3672 2241 exterminare
3700 2186 3763 2241 de

2172 2272 2395 2346 templo,
2427 2265 2555 2346 quia
2580 2275 2762 2345 ipsum
2796 2274 3052 2344 templum
3083 2273 3465 2344 signiﬁcaverit
3505 2268 3767 2346 templum

2171 2364 2416 2433 corporis
2440 2364 2543 2431 sui,
2577 2363 2632 2419 in
2661 2379 2768 2434 quo
2794 2364 2940 2419 nulla
2970 2378 3195 2436 prorsus
3219 2368 3363 2419 esset
3385 2364 3617 2436 alicujus
3647 2382 3762 2420 ma-

2172 2451 2293 2510 cula
2319 2456 2547 2525 peccati.
2581 2454 2766 2527 Neque
2802 2455 3075 2511 immerito
3108 2456 3347 2528 typicum
3379 2458 3693 2529 purgaverit
3730 2472 3763 2514 ε

2174 2540 2470 2599 sceleribus
2492 2543 2774 2615 templum,
2806 2545 2897 2614 qui
2922 2558 3113 2600 verum
3152 2545 3247 2600 Dei
3276 2546 3535 2618 templum
3573 2549 3642 2604 ab
3664 2542 3775 2613 ini:

2176 2630 2414 2691 minibus
2453 2642 2629 2694 morte
2662 2636 2915 2703 solutum,
2955 2638 3149 2694 divina:
3192 2641 3435 2709 potentia
3465 2641 3766 2713 maiestatis

2175 2724 2416 2781 excitare
2442 2734 2624 2796 posset
2651 2741 2682 2780 a
2712 2726 2963 2782 mortuis.

2246 2814 2411 2871 Vens.
2434 2815 2525 2871 20.
2548 2847 2620 2857 —
2645 2815 2899 2872 Dixerunt
2925 2833 3047 2889 ergo
3072 2816 3250 2874 Juda'i
3274 2835 3294 2874 :
3317 2819 3684 2892 Quadraginta
3712 2829 3767 2874 et

2176 2914 2270 2960 sea:
2306 2907 2460 2961 annis
2500 2908 2821 2977 trdi/icatum
2869 2918 2947 2963 est
2976 2909 3225 2981 templum
3277 2913 3396 2977 hoc,
3436 2922 3483 2966 et
3513 2923 3570 2967 tu
3595 2912 3763 2967 tribus

2178 2997 2360 3052 diebus
2412 3000 2661 3056 exciiabis
2702 2999 2840 3055 illud
2853 3001 2880 3056 .’
2906 2999 3186 3069 Quomodo
3229 3005 3628 3074 intellexerunt,
3687 3007 3766 3064 ita

2164 3090 2591 3165 responderunt.
2622 3090 2729 3147 Sed
2752 3106 2820 3148 ne
2845 3106 2946 3149 nos
2972 3110 3187 3166 quoque
3210 3098 3508 3167 spiritalem
3546 3099 3765 3154 Domini

2175 3194 2479 3235 sermonem
2505 3181 2796 3237 carnaliter
2820 3186 3166 3253 sentiremus,
3206 3187 3527 3258 evangelista
3573 3190 3769 3247 subse-

2174 3282 2422 3341 quentcr,
2448 3272 2513 3327 de
2538 3286 2647 3342 quo
2688 3274 2887 3344 templo
2920 3274 3254 3347 loqueretur,
3298 3272 3560 3349 exposuit.
3600 3278 3768 3349 Quod

2175 3372 2355 3418 autem
2393 3364 2545 3418 aiunt
2571 3366 2833 3435 templum
2862 3368 3221 3440 quadraginta
3250 3379 3304 3425 et
3331 3384 3426 3426 sex
3445 3371 3607 3428 annis
3631 3373 3774 3429 aedi-

2176 3454 2413 3520 ﬁcatum,
2468 3470 2573 3510 non
2602 3456 2855 3525 primam,
2908 3460 3000 3514 sed
3040 3461 3329 3516 secundam
3369 3461 3512 3519 illius
3534 3448 3771 3521 rejiﬁca-

2178 3545 2378 3600 tionem
2407 3545 2731 3615 signiﬁcant.
2761 3546 2974 3603 Primus
3013 3550 3156 3604 enim
3209 3548 3465 3609 Salomon
3507 3553 3783 3626 templum.

2178 3636 2231 3689 in
2260 3636 2495 3690 maxima
2538 3637 2687 3707 regni
2715 3639 2799 3693 sui
2827 3653 2958 3708 pace
2983 3641 3365 3698 decentissima
3396 3642 3589 3717 [Beda,
3614 3644 3768 3711 citis-

2178 3724 2337 3800 simo]
2380 3736 2584 3796 septem
2608 3743 2872 3784 annorum
2902 3726 3055 3802 [Ms.,
3106 3749 3172 3787 xx
3217 3744 3424 3807 septem
3473 3720 3767 3810 annorum]

2178 3832 2340 3887 Opere
2386 3819 2633 3888 perfecit,
2684 3821 2827 3890 quod
2881 3824 3270 3880 destructuma
3309 3820 3597 3890 Chaldaeis,
3641 3839 3767 3898 post

480 3900 610 3972 quia
655 3896 884 3957 sollicite
928 3904 1088 3960 nobis
1120 3903 1412 3989 .‘Sc‘riptura
1453 3914 1741 3978 utramque
1780 3908 2080 3964 Salvatoris
2180 3909 2517 3981 septuaginta
2545 3924 2716 3965 annos
2744 3911 2809 3967 ad
2846 3913 3145 3985 iussionem
3193 3912 3321 3986 Cyri
3364 3914 3543 3973 Persa:
3589 3896 3769 3977 laniata

481 3988 659 4048 nostri
688 3988 962 4060 naulum,
1010 4000 1065 4049 et
1108 3994 1401 4052 humanam
1447 3997 1696 4053 videlicet
1736 3997 2082 4054 commendat
2180 4003 2517 4073 captivitate,
2550 4002 2867 4059 reaedilicari
2896 4016 3134 4077 emptum
3184 4016 3288 4064 est.
3318 4007 3425 4063 Sed
3451 4008 3545 4065 ﬁlii
3593 4017 3775 4064 trans-

480 4094 545 4141 αλ
583 4082 841 4170 divinant.
887 4080 962 4144 Ut
999 4090 1145 4144 enim
1172 4098 1334 4146 verus
1371 4086 1466 4146 Dei
1514 4084 1684 4146 Filius
1723 4090 2075 4161 intelligatur,
2179 4091 2520 4163 migrationis
2549 4109 2717 4165 opus,
2764 4097 2905 4168 quod
2957 4097 3058 4153 sub
3107 4098 3442 4170 principibus
3471 4099 3771 4156 Zombabel

480 4156 763 4234 audiamus
788 4179 932 4249 quod
959 4179 1074 4252 Ipse
1112 4182 1281 4237 dicit:
1329 4180 1508 4237 Nolite
1529 4180 1703 4257 facere
1724 4156 1940 4237 domum
1970 4181 2080 4239 Pa-
2179 4194 2237 4244 et
2260 4156 2390 4244 iesu
2415 4156 2714 4256 faciebant,
2750 4156 2973 4263 propter
3020 4156 3485 4265 impugnationem
3529 4192 3775 4266 gentium

479 4266 580 4358 tris
623 4272 759 4337 mei,
804 4270 1018 4358 domum
1065 4273 1455 4345 negotiationis.
1500 4275 1698 4348 Aperte
1747 4286 1981 4347 namque
2021 4292 2081 4343 se
2179 4280 2505 4347 vicinarum,
2543 4290 2670 4337 ante
2710 4283 3069 4358 quadraginta
3093 4295 3148 4340 et
3176 4300 3271 4345 sex
3322 4301 3498 4342 annos
3544 4285 3772 4356 implere

482 4356 677 4414 Filium
707 4356 801 4417 Del
830 4354 1009 4417 Patris
1042 4362 1300 4428 Ostendit,
1328 4361 1421 4434 qui
1459 4360 1716 4436 templum
1742 4365 1837 4422 Dei
1861 4366 2079 4423 domum
2180 4373 2563 4444 nequiverunt.
2611 4371 2716 4441 Qui
2753 4354 2943 4431 etiam
2973 4379 3233 4439 numerus
3281 4392 3549 4435 annorum
3594 4354 3771 4448 perle-

479 4454 565 4556 sui
592 4448 769 4510 Patris
791 4457 1168 4556 cognominat.
1200 4456 1266 4512 Et
1307 4464 1368 4511 ut
1396 4470 1613 4556 rursum
1644 4470 1805 4556 verus
1844 4454 2078 4556 hominis
2105 4464 2349 4556 ηειιίοηὶ
2372 4462 2640 4519 Dominici
2664 4465 2911 4537 corporis
2932 4467 3213 4536 aptissime
3231 4466 3502 4539 congruit.
3528 4466 3774 4523 Tradunt

481 4545 626 4604 ﬁlius
667 4548 953 4613 sentiatur,
992 4549 1298 4615 recolamus
1333 4546 1478 4622 quod
1507 4549 1559 4605 in
1589 4548 1749 4619 hujus
1796 4551 1971 4625 capite
2000 4548 2079 4609 ιθ-
2105 4545 2153 4556 ’⁷
2179 4557 2379 4612 etenim
2399 4555 2727 4612 naturalium
2765 4556 3060 4628 scriptores
3083 4573 3288 4623 rerum,
3317 4557 3555 4617 fortnam
3581 4570 3776 4627 corpo-

478 4635 682 4693 etionis
723 4637 1057 4698 descendens
1098 4641 1152 4697 in
1195 4638 1600 4712 Capharnaum,
1636 4650 1868 4697 matrem
1912 4643 2081 4699 comi-
2180 4647 2257 4703 ris
2289 4645 2512 4701 humani
2544 4655 2625 4701 tot
2660 4634 2913 4703 dierums

482 4736 594 4887 11εῖτῦιι
633 4720 805 4800 [Beda
852 4738 957 4784 ora.
987 4728 1268 4805 Comitem]
1323 4730 1578 4787 habuisse
1616 4732 1950 4803 perhibetur.
1981 4732 2081 4789 Se-

581 4824 673 4873 ῑυῒ
697 4833 715 4874 Ξ

581 4824 715 4874 tot:

2180 4647 2257 4703 ris
2289 4645 2512 4701 humani
2544 4655 2625 4701 tot
2660 4645 2869 4703 dierum
2892 4647 3068 4717 spatio
3087 4646 3275 4716 perﬁci
3305 4664 3319 4702 :
3351 4647 3480 4718 quia
3521 4644 3777 4707 videlicet

2178 4736 2372 4809 primis
2397 4752 2492 4793 sex
2513 4754 2545 4792 a
2573 4738 2926 4809 conceptione
2957 4738 3169 4804 diebus,
3214 4738 3371 4797 lactis
3396 4737 3599 4815 habeat
3620 4736 3775 4793 simi-

2178 4828 2482 4895 litudinem,
2510 4830 2859 4901 sequentibus
2877 4843 3071 4887 novem
3096 4829 3525 4886 convertaturin
3552 4828 3775 4899 sangui-

552 4907 720 4966 Vtzns.
745 4904 833 4966 l7.
856 4904 1220 4993 —ileeordati
1245 4930 1365 4968 vero
1388 4923 1509 4968 sunt
1529 4911 1776 4985 discipuli
1799 4910 1935 4984 ejus,
1956 4912 2082 4985 quia
2180 4935 2324 4988 nem,
2365 4918 2563 4975 deinde
2588 4920 2871 4978 duodecim
2911 4919 3191 4987 solidetur,
3242 4921 3467 4993 reliquis
3496 4921 3685 4977 deccat
3718 4929 3781 4973 et

485 5000 739 5070 scriptus
766 5010 841 5055 est
862 5018 882 5056 :
911 4990 1069 5056 Zelus
1092 5003 1278 5057 domus
1317 5012 1422 5058 tua:
1456 5001 1685 5058 comedit
1703 5018 1803 5057 me.
1836 5002 1962 5058 Zelo
1988 5002 2082 5059 do-
2180 5014 2304 5067 octo
2327 5008 2591 5066 formetur
2612 5026 2784 5082 usque
2810 5012 2879 5068 ad
2901 5010 3145 5082 perfecta
3172 4990 3499 5069 lineamenta
3526 5010 3781 5069 omnium

488 5100 608 5147 mus
635 5082 817 5151 Patris
856 5092 1110 5150 Salvator
1148 5094 1310 5167 eiecit
1338 5098 1533 5171 impios
1561 5098 1626 5154 de
1667 5098 1885 5170 templo.
1931 5096 2083 5156 Zele-
2181 5102 2580 5171 membrorum;
2607 5110 2663 5158 et
2690 5101 2948 5171 liincjam
2973 5102 3183 5173 reliquo
3202 5110 3465 5173 tempore,
3492 5117 3666 5172 usque
3703 5101 3785 5155 ad

488 5196 609 5240 Inus
631 5193 687 5241 et
706 5196 829 5253 nos,
866 5185 1066 5242 fratres
1091 5184 1418 5253 charissimi,
1445 5191 1663 5245 domum
1694 5188 1808 5257 Dei,
1830 5198 1885 5246 et
1912 5207 2083 5264 quan-
2180 5201 2395 5266 tempus
2418 5202 2626 5265 partus,
2652 5194 3021 5267 magnitudine
3044 5202 3325 5271 augeatur.
3361 5192 3466 5247 Sex
3488 5201 3695 5257 autem,
3719 5201 3776 5247 et

488 5281 605 5331 tutn
630 5286 941 5349 possumus,
969 5292 1039 5336 ne
1066 5279 1196 5350 quid
1236 5280 1288 5336 in
1329 5296 1393 5335 ea
1418 5296 1646 5353 pravum
1679 5291 1917 5354 geratur,
1953 5284 2081 5340 insi-
2181 5307 2395 5360 novem,
2422 5301 2478 5349 et
2503 5293 2811 5359 duodecim,
2837 5302 2893 5350 et
2918 5295 3128 5363 decem,
3154 5300 3214 5349 et
3237 5301 3385 5357 octo,
3410 5294 3774 5365 quadraginta

488 5371 715 5427 ιιιηνς.
767 5369 827 5424 8i
854 5371 1149 5428 viderimus
1196 5370 1419 5428 fratrem
1451 5372 1542 5443 qui
1594 5371 1662 5428 ad
1714 5374 1932 5429 domum
1983 5374 2079 5429 Dei
2181 5386 2419 5456 quinque
2465 5384 2701 5457 faciunt;
2752 5385 2951 5457 quibus
2987 5385 3037 5445 si
3080 5401 3247 5441 unum
3299 5383 3690 5453 adiecerimus,
3721 5385 3774 5441 id

491 5457 742 5524 PM
767 5462 1020 5534 ωροὼῆ
1051 5460 1337 5529 tumidum,
1369 5462 1416 5520 si
1453 5462 1878 5519 detractionibus
1898 5479 2081 5519 assue-

494 5554 627 5612 tum,
659 5551 706 5606 si
734 5553 982 5611 ebrietati
1030 5556 1377 5622 servientem,
1410 5557 1463 5614 si
1500 5556 1715 5613 luxurie
1742 5565 2056 5613 enervauim

560 5695 591 5737 9
813 5702 829 5742 3
861 5686 1004 5764 Quid
1027 5690 1249 5760 gratim
1286 5687 1535 5764 Spiritus,
1562 5690 1650 5763 qui
1673 5695 1833 5761 gratis
1864 5693 2079 5763 accepit,

489 5756 654 5828 gratis
680 5754 828 5812 debet
851 5754 998 5813 dare.

2181 5482 2283 5536 est,
2321 5475 2497 5543 ipsum
2529 5474 2691 5539 diem,
2725 5492 2834 5546 quo
2864 5476 3155 5533 discretum
3181 5490 3281 5547 per
3308 5477 3554 5533 membra
3576 5491 3775 5546 corpus

2182 5572 2519 5623 elementum
2548 5574 2766 5624 summ
2791 5567 2999 5639 incipit,
3036 5572 3117 5625 tot
3143 5568 3401 5624 nimirum
3423 5567 3542 5624 dics
3558 5567 3615 5622 in
3640 5565 3769 5621 tedi-

2251 5694 2282 5735 δ
2318 5693 2607 5770 ﬂuensque
2643 5699 2933 5756 Anselmnu
2956 5700 3241 5757 Lucensis.-
