4020 6186
362 282 461 336 ’ΠῚ

1170 286 1578 347 EXEGETiCA.
1618 321 1684 336 -—
1725 294 2075 354 COMMENT.
2117 300 2186 355 ΙΝ
2222 301 2412 360 IOAN.
2452 337 2519 348 —
2554 307 2680 362 LIB.
2721 307 2780 364 ll.

3495 321 3596 377 778

358 391 608 493 ﬁcatione
656 393 896 495 corporis
941 395 1171 499 Domini,
1221 409 1353 468 quot
1378 402 1452 499 -in
1488 401 1689 499 fabrica
1744 410 1923 499 templi
1955 417 1999 473 Α
2028 415 2269 483 corporis
2293 424 2348 470 et
2369 421 2642 489 sanguinis
2684 419 2905 478 Christi.
2953 421 3028 477 Ex
3058 425 3143 480 his
3171 436 3347 484 autem
3396 432 3599 499 multis,

357 497 530 538 atinas
582 482 900 538 invenimus.
948 484 1017 539 Et
1060 487 1186 554 quia
1233 490 1488 561 templum
1521 493 1649 549 illud
1678 498 1924 552 manule—

2028 502 2119 570 qni
2147 503 2439 565 credebam
2470 508 2522 562 in
2547 507 2752 576 Iesum,
2780 527 2919 567 unus
2946 523 3068 569 erat
3111 515 3431 576 Nieodemus
3462 523 3596 586 iste;

358 580 525 634 ctum,
560 581 959 626 sacrosanctam
984 573 1191 629 Domini
1215 591 1454 644 carnem,
1484 596 1643 648 quam
1668 597 1735 637 cx
1768 587 1931 656 virgi—
2028 601 2082 644 et
2102 591 2221 647 ideo
2250 603 2407 650 nocte
2428 599 2594 661 venit,
2626 573 2869 666 non‘die,
2901 604 3031 672 quia
3073 607 3297 662 necdum
3333 573 3602 670 illumina:

356 677 424 716 ne
444 661 692 730 sumpsit,
720 673 779 716 ut
809 676 876 716 ex
906 663 1007 718 hoc
1035 663 1151 718 loco
1176 667 1450 731 discimus,
1487 671 1773 743 ﬁgurabat,
1804 681 1928 747 quia

355 766 506 820 ωφιε
549 766 746 820 corpus
772 749 909 819 ejus,
954 754 1096 822 quod
1135 765 1218 811 est
1261 757 1517 825 Ecclesia,
1547 766 1689 831 quod
1738 763 1924 836 [Beda,

353 842 505 914 quia]
548 841 967 921 uniuscujusque
1029 843 1265 901 ﬁdelium
1313 864 1533 920 corpus,
1586 856 1929 926 animamque

353 936 690 1008 designabat,
733 943 793 989 ut
840 936 893 990 in
935 936 1202 1006 plerisque
1227 940 1628 1011 Scripturarum
1678 946 1810 1002 locis
1853 948 1931 1002 ina

352 1027 599 1081 venimus
626 1036 673 1079 κ.
701 1046 721 1077 ι
754 1025 924 1081 Adam
952 1042 1081 1084 vero
1102 1031 1304 1098 primus
1326 1041 1444 1102 post
1467 1046 1746 1104 peccatum
1771 1039 1924 1094 audi-

355 1118 470 1172 vit:
511 1115 673 1170 Terra
696 1132 772 1180 es,
800 1125 847 1170 et
875 1116 932 1171 in
953 1126 1145 1172 terram
1181 1120 1281 1174 ibis
1319 1122 1471 1191 (Gen.
1506 1125 1609 1194 ιιι).
1649 1126 1928 1185 Secundus

356 1223 484 1262 vero
514 1207 687 1261 Adam
718 1206 784 1261 de
820 1221 879 1262 se
924 1207 1041 1278 ipso
1062 1209 1136 1263 ait
1161 1224 1174 1263 :
1205 1210 1397 1266 Solvite
1441 1215 1687 1285 templum
1715 1217 1833 1282 hoc,
1879 1228 1927 1274 et

352 1301 408 1354 in
431 1299 597 1354 tribus
622 1299 802 1353 diebus
822 1300 1055 1355 excitabo
1081 1301 1232 1356 illud.
1263 1302 1493 1374 Sparsus
1513 1322 1640 1362 vero
1672 1305 1771 1363 fuit
1816 1311 1928 1380 pri-

356 1407 476 1446 mus
505 1391 674 1446 Adam
703 1405 802 1459 per
833 1391 1143 1446 universum
1169 1393 1445 1460 mundum,
1472 1397 1564 1466 qui
1592 1398 1644 1452 in
1691 1401 1927 1455 secundo

355 1482 610 1539 collectus
634 1490 744 1548 est;
778 1482 921 1552 quod
951 1484 1215 1554 signiﬁcat
1240 1502 1433 1542 nomen
1460 1488 1650 1555 Adam,
1678 1493 1769 1560 qui
1793 1508 1926 1562 qua-

356 1582 480 1627 tuor
508 1571 701 1627 litteris
739 1572 1016 1639 scribitur,
1065 1575 1117 1628 id
1146 1584 1259 1632 est:
1297 1578 1490 1648 Alpha,
1520 1580 1691 1646 Delta,
1728 1583 1923 1638 itemm

355 1663 542 1732 Alpha,
573 1671 628 1717 et
656 1661 739 1734 My
777 1677 792 1717 :
821 1680 943 1734 qua:
967 1675 1198 1735 quatuor
1229 1668 1441 1735 litterae,
1474 1681 1707 1740 quatuor
1744 1683 1926 1743 partes

2031 691 2117 734 tus
2147 682 2289 736 venit
2314 685 2553 742 caelestis
2576 690 2762 758 gratiae
2789 688 2926 747 luce.

2653 800 2879 858 CAPUT
2916 804 2979 858 ν.

2031 898 2315 993 Nigodemo
2344 892 2478 959 inter
2500 907 2661 961 multa
2689 910 2834 974 dicit,
2859 914 2963 966 nisi
3001 927 3234 993 renatum
3279 920 3335 974 in
3386 939 3599 993 regnum

2098 969 2195 1056 Dei
2222 972 2420 1027 intrare
2447 991 2549 1055 non
2573 993 2720 1056 posse
2743 996 2761 1033 :
2786 969 2844 1034 ut
2858 984 3027 1056 __quod
3071 969 3601 1056 nonjudicareiuswell

2095 1038 2298 1121 salvere
2326 1045 2513 1130 fuerit
2545 1038 2816 1101 mundum.
2845 1038 2914 1103 El
2941 1038 3266 1121 manifestdri
3279 1038 3598 1130 ἇεᾶἑόὶιεῖάῖ

2094 1124 2215 1178 qua!
2246 1109 2302 1164 in
2321 1110 2431 1165 Deo
2465 1124 2586 1167 sunt
2615 1126 2754 1170 acta.

2097 1217 2277 1274 Carur
2310 1237 2390 1275 Ill.
2452 1223 2609 1279 Vsus.
2642 1228 2697 1291 1,
2723 1226 2775 1281 2.
2799 1259 2872 1269 -
2890 1228 3023 1285 Erat
3049 1233 3203 1289 liomo
3231 1253 3296 1291 ea:
3316 1237 3604 1298 Pltaristeis

2030 1308 2348 1365 Nicodemus
2376 1315 2602 1380 nomine,
2641 1318 2876 1390 princeps
2898 1320 3231 1391 Judworum,
3259 1327 3343 1389 hic
3371 1331 3507 1386 venit
3534 1336 3603 1387 ad

2025 1398 2206 1452 Iesum
2234 1411 2398 1455 nocte.
2434 1422 2451 1454 ι
2499 1405 2525 1444 δ
2549 1405 2805 1479 Princeps
2822 1412 3028 1467 scilicet
3047 1412 3354 1474 Iudaeorum
3376 1423 3603 1479 venitad

2030 1485 2210 1543 Iesum
2233 1501 2411 1557 nocte,
2435 1495 2657 1564 cupiens
2681 1510 2890 1554 secreta
2914 1501 3032 1571 ejus
3051 1504 3373 1564 allocutione
3388 1511 3603 1580 plenius

2025 1575 2232 1631 discere
2260 1582 2513 1650 mysteria
2543 1582 2688 1651 ﬁdei,
2712 1587 2866 1657 cujus
2885 1601 3071 1660 aperta
3092 1575 3405 1653 ostensione
3423 1601 3604 1671 signo-

2026 1680 2147 1760 rum
2170 1667 2508 1760 aliquatenus
2528 1671 2642 1742 jam
2664 1676 2965 1734 rudimenta
2985 1695 3324 1754 perceperat.
3343 1687 3444 1754 Qui
3470 1667 3603 1760 quo-

353 1751 500 1805 orhis
529 1752 826 1822 designant,
865 1754 919 1808 in
965 1769 1098 1824 quas
1144 1772 1362 1826 sparsus
1387 1768 1470 1814 est
1509 1760 1681 1816 Adam
1719 1765 1771 1818 in
1801 1765 1925 1820 ﬁliis
1955 1761 2000 1820 Β
2031 1756 2174 1810 "iam
2202 1758 2494 1826 Pmdenu‘l‘
2522 1776 2585 1816 ea
2629 1779 2749 1832 ([1133
2772 1768 2841 1823 «ιιι
2869 1768 2961 1823 illo
2991 1771 3107 1827 ﬁeri
3135 1751 3386 1843 timebat.—
3408 1751 3603 1835 intem.

352 1842 481 1895 suis.
511 1841 633 1895 ideo
674 1842 727 1895 in
758 1842 1034 1914 principiis
1076 1847 1349 1902 nominum
1375 1851 1603 1919 partium
1633 1854 1814 1907 mundi
1841 1856 1925 1910 hac

353 1941 581 2004 quatuor
605 1933 798 1990 littera:
822 1935 1103 2006 leguntur;
1142 1954 1262 1992 nam
1302 1938 1508 2017 ἄρκτος,
1554 1946 1696 2013 quod
1726 1954 1809 2000 est
1829 1946 1924 2001 Se-

352 2022 606 2091 ptentrio,
637 2022 705 2077 ab
729 2023 899 2092 Alpha
951 2025 1163 2094 incipit;
1193 2034 1249 2081 et
1293 2027 1458 2094 δύσις,
1492 2032 1633 2100 quod
1657 2040 1740 2087 est
1772 2033 1928 2088 Occi-

348 2112 505 2176 dens,
535 2127 565 2165 a
587 2112 738 2166 De'ta
761 2113 977 2184 incipit;
1002 2125 1056 2169 et
1083 2118 1318 2181 ἀνατολή,
1346 2121 1488 2188 quod
1515 2130 1599 2175 est
1617 2122 1828 2189 Oriens,
1857 2126 1924 2180 ab

350 2199 521 2269 Alpha
548 2201 767 2270 incipit;
799 2204 1132 2279 μστημϐρὲος,
1176 2208 1319 2276 quod
1349 2218 1434 2263 est
1466 2209 1736 2277 Meridies,
1773 2229 1803 2267 a
1839 2213 1925 2286 My

350 2292 538 2363 incipit
564 2334 575 2346 .
617 2308 737 2360 qua:
761 2303 886 2349 sunt
910 2304 1141 2364 quatuor
1171 2306 1352 2366 partes
1378 2301 1549 2367 orbis,
1588 2304 1657 2357 ab
1686 2306 1769 2360 his
1793 2323 1925 2376 qua-

350 2392 473 2437 tuor
512 2385 707 2440 litteris
750 2387 1080 2455 incipientes.
1114 2387 1244 2455 Qua:
1288 2390 1481 2447 litterae
1524 2396 1568 2449 si
1596 2395 1648 2449 iu
1673 2406 1924 2467 computo

340 2474 537 2530 Graeco
569 2476 996 2543 eonsidcrentur,
1029 2482 1378 2552 quadraginta
1415 2499 1506 2539 sex
1534 2484 1753 2543 iaciunt.
1789 2490 1923 2545 Nam

349 2566 519 2636 Alpba
554 2583 739 2632 unum,
770 2568 918 2624 Delta
951 2580 1207 2639 quatuor,
1236 2582 1290 2628 et
1318 2575 1511 2630 iterum
1535 2577 1705 2648 Alpha
1734 2597 1921 2648 unum,

349 2654 436 2726 My
472 2657 853 2728 quadraginta,
878 2675 997 2729 qua:
1034 2660 1191 2715 simul
1240 2662 1397 2718 ducta
1441 2663 1645 2721 faciunt
1686 2672 1922 2738 quadra-

346 2747 493 2818 ginta
524 2764 637 2803 sex.
662 2749 760 2814 Qui
786 2766 1040 2806 numerus
1065 2754 1285 2824 mystice
1304 2755 1552 2827 designat
1570 2761 1923 2831 quadraginta

346 2852 444 2894 sex
479 2840 618 2903 dies,
663 2840 857 2908 quibus
890 2843 1143 2911 templum
1166 2846 1410 2914 corporis
1446 2846 1645 2903 Christi
1686 2852 1736 2905 in
1771 2863 1924 2909 utero

346 2931 593 3003 virginali
616 2932 933 2987 aediﬁcatum
951 2941 1051 2993 est,
1081 2935 1219 2989 sicut
1239 2938 1485 3005 superius
1508 2940 1757 2995 diximus.
1785 2943 1924 2997 Care

347 3029 528 3075 autem
570 3019 795 3083 Christi,
821 3038 940 3090 qua:
971 3023 1036 3077 de
1067 3024 1236 3079 Adam
1278 3037 1488 3097 sumpta
1516 3039 1620 3094 est,
1648 3032 1921 3088 destructa

2025 1860 2152 1914 gere
2200 1849 2429 1915 curavit,
2481 1852 2749 1909 subtiliter
2804 1872 2867 1912 ea
2896 1874 3017 1929 quae
3054 1863 3124 1916 ab
3160 1864 3251 1920 illo
3302 1871 3599 1937 quarrebat,

2027 1937 2351 2009 investigare
2378 1947 2696 2012 promeruit.
2736 1948 2925 2016 Rabbi,
2957 1952 3146 2023 inquit,
3176 1958 3371 2012 scimus
3394 1962 3520 2030 quia
3567 1979 3601 2015 a

2024 2025 2135 2081 Deo
2173 2031 2356 2087 venisti
2387 2035 2662 2104 magister;
2711 2053 2860 2093 nemo
2905 2044 3040 2097 enim
3080 2057 3243 2116 potest
3290 2025 3416 2104 lucc
3450 2053 3602 2122 signa

2024 2116 2196 2186 facere
2221 2137 2338 2190 qua:
2382 2131 2438 2176 tu
2477 2124 2629 2192 facis,
2658 2129 2757 2181 nisi
2781 2129 2937 2198 fuerit
2968 2134 3105 2190 Deus
3133 2154 3251 2192 cum
3275 2156 3357 2195 eo.
3401 2142 3445 2195 Α
3493 2116 3604 2198 Deo

2024 2206 2190 2276 igitur
2236 2207 2419 2266 Iesum
2448 2213 2516 2268 ad
2558 2216 2927 2286 magisterium
2971 2223 3190 2279 caeleste
3215 2230 3417 2284 mundo
3445 2231 3601 2286 adhi—

2023 2297 2258 2354 bendum
2291 2302 2504 2357 venisse
2535 2305 2818 2363 confessus
2843 2318 2947 2377 est,
2970 2312 3138 2368 Deum
3161 2330 3283 2370 cum
3313 2318 3402 2373 illo
3442 2319 3606 2377 fuisse

2024 2386 2302 2477 miraculis
2350 2393 2701 2459 prodentibus
2752 2395 2885 2467 [Al.,
2936 2402 3274 2477 prudentius]
3322 2407 3602 2474 intellexit,

2024 2476 2254 2531 necdum
2275 2486 2453 2534 tamen
2476 2481 2650 2550 ipsum
2689 2485 2857 2541 Deum
2881 2503 3001 2544 esse
3027 2476 3296 2562 cognovit.
3343 2496 3449 2553 Sed
3477 2502 3606 2569 quia

2020 2579 2182 2634 quem
2212 2569 2531 2638 magistrum
2562 2584 2786 2629 noverat
2803 2578 3046 2634 veritatis
3067 2584 3307 2639 studiose
3332 2588 3606 2646 docendus

2025 2657 2177 2723 adiit,
2202 2659 2396 2714 merito
2427 2661 2494 2715 ad
2520 2664 2879 2732 cognitionem
2911 2666 3098 2738 [Beda,
3130 2674 3480 2750 agnitionem]
3525 2680 3606 2734 di-

2023 2748 2264 2805 vinitatis
2295 2751 2412 2821 ejus
2439 2752 2676 2822 perfecte
2715 2756 2903 2813 doctus
2931 2760 3124 2829 subiit;
3167 2767 3363 2824 merito
3405 2748 3605 2827 utrius-

2024 2854 2131 2908 que
2148 2841 2443 2897 nativitatis
2489 2845 2626 2915 ejus,
2659 2847 2850 2903 divina).
2878 2850 3088 2907 scilicet
3113 2863 3168 2909 et
3200 2857 3478 2926 humanm,
3509 2863 3605 2918 sed

2024 2938 2080 2983 et
2112 2929 2378 2998 passionis
2417 2930 2574 3005 [ejus]
2617 2945 2777 3005 atque
2820 2940 3150 2998 ascensionis
3196 2944 3362 3014 ipsius
3404 2966 3603 3008 arcana

2024 3018 2299 3087 percepit;
2333 3035 2432 3074 nec
2453 3037 2558 3076 non
2587 3024 2749 3079 etiam
2775 3028 2991 3083 modum
3022 3034 3273 3091 secunda
3300 3042 3605 3107 generatio—

345 3119 433 3164 est
464 3125 493 3163 a
522 3109 738 3175 Judxeis,
766 3120 821 3164 et
847 3127 876 3164 a
909 3113 1083 3182 seipse
1120 3115 1314 3170 iterum
1345 3118 1606 3174 aediﬁcata
1629 3126 1920 3179 secundum

2025 3108 2130 3174 nis,
2181 3109 2476 3180 ingressum
2505 3116 2653 3185 regni
2687 3117 2942 3184 cmlestis,
2972 3121 3185 3194 aliaque
3209 3103 3463 3197 perplura
3498 3133 3600 3188 do-

344 3199 662 3271 Scripturas
699 3202 1106 3271 prophetarum;
1140 3213 1192 3260 et
1225 3206 1343 3262 ideo
1373 3208 1500 3264 dicit
1549 3212 1879 3281 evangelista
1906 3228 1920 3267 :

350 3290 465 3345 Hoc
489 3291 851 3346 enimdi‘cebat
876 3292 940 3345 de
966 3294 1152 3362 templo
1179 3297 1411 3365 corporis
1438 3299 1540 3351 sui.

420 3401 579 3455 Vens.
611 3400 701 3465 2|,
726 3400 817 3454 2‘2.
841 3432 912 3440 —
933 3399 1063 3455 Cum
1097 3419 1216 3472 ergo
1246 3408 1607 3462 resurrexisset
1631 3427 1663 3463 α
1682 3413 1921 3477 mortuis,

348 3491 608 3544 recordati
633 3502 752 3545 sunt
780 3490 1022 3562 discipuli
1052 3493 1166 3562 ejus
1196 3494 1319 3563 quia
1345 3496 1440 3549 hoc
1465 3496 1683 3563 dicebat,
1725 3509 1773 3553 et
1813 3518 1923 3554 cre-

344 3579 594 3633 diderunt
626 3578 927 3649 Scriptum.
958 3580 1012 3634 ld
1037 3589 1140 3644 cst,
1167 3584 1569 3651 prophetarum,
1601 3589 1691 3657 qui
1724 3589 1919 3659 prmdi-

348 3677 544 3722 xerunt
570 3668 840 3723 Christum
869 3669 1025 3724 tertia
1055 3671 1141 3725 die
1175 3686 1478 3742 resurgere.
1518 3675 1585 3729 Et
1610 3693 1915 3741 sermonem,

343 3774 497 3829 quem
521 3759 849 3821 dixitJesus,
890 3758 942 3812 id
968 3767 1070 3825 est,
1110 3761 1253 3830 quod
1291 3763 1405 3816 ait:
1434 3762 1627 3819 Solvite
1675 3766 1920 3835 templum

345 3851 462 3911 ltoc,
492 3858 541 3902 et
568 3850 623 3903 in
668 3848 832 3902 tribus
871 3848 1050 3903 diebus
1080 3852 1312 3905 excitabo
1356 3852 1489 3906 illud
1514 3870 1531 3906 :
1563 3854 1663 3908 hoc
1684 3864 1785 3917 est,
1816 3864 1921 3909 ter-

347 3938 419 3990 tia
444 3938 530 3991 die
575 3938 924 4003 resuscitabo,
957 3941 1098 4007 quod
1140 3955 1236 3996 vos
1263 3942 1482 3997 solvetis
1514 3943 1567 3996 in
1615 3958 1791 3999 cruce.
1826 3944 1921 3999 Se-

346 4030 533 4098 quitur
552 4046 565 4081 :

419 4119 581 4174 Vnus.
607 4118 700 4185 25,
724 4119 813 4173 24.
839 4148 912 4162 -ο
942 4119 1075 4175 Cum
1103 4130 1276 4176 autem
1305 4133 1437 4177 esset
1471 4125 1627 4179 Iesus
1672 4124 1919 4179 Hieroso-

342 4209 501 4280 lymis
527 4211 583 4264 in
598 4208 803 4265 Pascha
830 4212 886 4265 in
906 4212 991 4266 die
1010 4212 1158 4279 festo,
1183 4212 1333 4268 multi
1348 4215 1676 4268 crediderunt
1696 4216 1749 4268 in
1776 4231 1917 4281 eum,

342 4299 456 4367 ipse
481 4307 655 4353 autem
676 4299 832 4355 Iesus
875 4318 979 4355 non
1005 4302 1243 4357 credebat
1283 4306 1612 4376 semetipsum
1658 4306 1752 4370 eis,
1794 4306 1919 4375 quia

339 4390 452 4459 ipse
491 4390 680 4444 sciebat
706 4390 832 4463 quid
871 4402 1000 4446 esset
1025 4394 1080 4447 in
1108 4393 1334 4449 homine.
1367 4395 1481 4451 Non
1510 4397 1652 4451 enim
1682 4397 1761 4452 sic
1802 4412 1919 4453 cre-

340 4481 540 4536 debant
572 4481 627 4535 in
652 4489 853 4536 eumut
874 4482 1020 4553 digni
1058 4493 1242 4539 essent
1267 4485 1540 4543 Christum
1579 4488 1824 4543 habitare
1862 4489 1916 4542 in

338 4569 442 4631 eis,
490 4583 719 4638 quorum
767 4570 899 4626 ﬁdes
926 4562 1325 4630 catechumenis
1367 4578 1669 4646 comparari
1718 4585 1913 4648 potest,

338 4656 433 4724 qui
474 4655 699 4712 credunt
728 4659 782 4713 in
827 4658 1127 4727 Christum,
1174 4664 1268 4717 sed
1302 4664 1549 4721 Christus
1595 4682 1702 4721 non
1746 4668 1920 4723 credit

339 4747 578 4816 seipsum
618 4761 721 4814 eis,
748 4749 894 4819 quia,
922 4751 1023 4804 nisi
1046 4752 1163 4821 quis
1191 4762 1402 4807 renatus
1432 4754 1588 4822 fuerit
1615 4773 1680 4810 ea:
1700 4772 1838 4826 aqua
1866 4767 1916 4811 et

338 4834 539 4907 Spiritu
553 4836 934 4909 Maneto.
950 4856 1053 4894 non
1071 4850 1234 4910 potest
1253 4842 1469 4898 introire
1489 4846 1544 4898 in
1566 4861 1777 4914 regnum
1796 4846 1911 4911 Dei.

337 4924 552 4983 Nemini
589 4942 717 4984 vero
737 4943 797 4985 se
836 4930 1008 4985 credit
1033 4929 1301 4995 Christus,
1340 4934 1439 4987 nisi
1482 4935 1575 5002 qui
1601 4934 1795 5005 dignus
1831 4944 1916 4990 est

336 5014 564 5073 introire
601 5017 658 5072 in
686 5032 911 5089 regnum
938 5018 1063 5085 Dei;
1112 5019 1290 5075 nullus
1337 5035 1464 5075 vero
1508 5022 1701 5092 dignus
1726 5030 1812 5078 est
1836 5024 1917 5077 in-

336 5103 506 5159 troire
550 5105 606 5159 in
632 5120 860 5176 regnum
883 5107 1001 5173 Dei,
1028 5107 1132 5163 nisi
1164 5108 1257 5177 qui
1286 5116 1505 5164 renatus
1546 5117 1631 5163 est
1669 5124 1735 5164 es
1776 5126 1913 5180 aqua

330 5200 395 5247 et
426 5191 633 5263 Spiritu
671 5204 880 5250 sancto.
934 5196 1063 5254 lude
1094 5206 1151 5253 et
1176 5197 1540 5254 ecclesiastica
1590 5202 1917 5257 conisuetudo

332 5284 742 5341 catechumenis
778 5288 1022 5357 corporis
1058 5298 1114 5344 et
1140 5290 1415 5361 sanguinis
1441 5290 1642 5347 Christi
1680 5308 1918 5367 commu-

314 5372 552 5429 nionem
582 5389 690 5430 non
717 5376 903 5438 tradit,
927 5376 1056 5446 quia
1086 5393 1193 5433 non
1218 5389 1345 5435 sunt
1386 5382 1559 5437 renati
1586 5397 1651 5437 ex
1693 5398 1834 5453 aqua
1862 5392 1918 5439 et

332 5459 540 5530 Spiritu
580 5471 791 5530 sancto,
822 5463 1018 5534 quibus
1062 5471 1268 5521 tantum
1305 5470 1544 5527 creditur
1572 5472 1913 5543 participatio

406 5609 426 5635 ι
460 5597 749 5674 Hucusque
786 5619 852 5659 ex
882 5601 1100 5658 homilia
1124 5603 1277 5660 Beda:
1301 5603 1481 5662 citata.

652 5760 921 5821 Ps‘tnoL.
969 5762 1035 5823 (ἶ.

2023 3201 2213 3256 ctrina:
2259 3202 2578 3273 evangelicae
2626 3218 2983 3276 sacramenta,
3033 3210 3259 3270 Domino
3310 3219 3601 3287 revelante,

2025 3294 2238 3350 didicit.

2096 3384 2256 3441 Vsus.
2288 3386 2341 3441 ὅ.
2359 3417 2431 3427 -
2449 3386 2731 3459 Respondit
2745 3392 2882 3446 enim
2902 3393 3078 3458 Iesus,
3101 3406 3148 3449 et
3178 3397 3310 3451 dixit
3332 3403 3382 3452 ei
3403 3417 3421 3454 :
3435 3401 3602 3458 Amen

2021 3494 2176 3533 amen
2203 3479 2320 3533 dico
2345 3478 2484 3534 vobis
2508 3496 2525 3533 :
2558 3478 2679 3535 Nisi
2706 3484 2822 3552 quis
2845 3493 3056 3540 renatus
3083 3486 3243 3555 fuerit
3267 3488 3467 3556 denuo,
3499 3508 3604 3547 non

2020 3578 2184 3639 potest
2211 3570 2383 3624 videre
2415 3586 2628 3641 regnum
2655 3571 2773 3625 Dei.
2803 3573 2933 3640 Quae
2954 3577 3220 3630 sententia
3270 3586 3421 3635 tanto
3441 3594 3602 3649 aper-

2024 3658 2131 3714 tius
2152 3660 2361 3715 cunetis
2388 3658 2633 3714 ﬁdelibus
2661 3660 2826 3725 lucet,
2856 3671 3059 3732 quanto
3093 3675 3307 3723 constat
3332 3671 3458 3739 quia
3487 3672 3605 3729 sine

2021 3749 2184 3820 hujus
2228 3749 2345 3803 luce
2388 3748 2571 3803 ﬁdeles
2610 3763 2731 3804 esse
2779 3761 3072 3822 nequeunt.
3101 3753 3234 3823 Quis
3255 3761 3455 3816 etenim
3485 3764 3604 3819 sine

2022 3837 2239 3892 lavacro
2295 3838 2720 3907 regenerationis
2745 3877 2760 3904 ,
2825 3842 3199 3901 remissionem
3252 3858 3601 3917 peccatorum

2020 3926 2298 3996 consequi,
2320 3934 2373 3981 et
2403 3942 2627 3996 regnum
2648 3927 2788 3983 valet
2813 3928 3019 3985 intrare
3040 3933 3341 3990 caelorum?
3371 3937 3479 3994 Sed
3505 3941 3601 3995 Ni-

2020 4016 2297 4081 codemus,
2338 4016 2432 4085 qui
2479 4024 2633 4072 nocte
2670 4019 2816 4073 venit
2843 4020 2910 4074 ad
2950 4018 3157 4087 Iesum,
3190 4026 3416 4080 necdum
3466 4029 3603 4086 lucis

2019 4108 2274 4179 mysteria
2301 4121 2496 4177 capere
2522 4116 2772 4175 noverat;
2797 4126 2920 4165 nam
2967 4119 3022 4167 et
3042 4127 3171 4178 nox,
3213 4113 3267 4168 in
3297 4130 3403 4184 qua
3432 4121 3600 4186 venit,

2020 4196 2338 4267 ipsamcjus
2383 4212 2491 4267 qua
2533 4201 2880 4268 premebatur
2920 4201 3277 4272 ignorantiam
3326 4204 3599 4274 designat;

2020 4289 2249 4345 necdum
2276 4289 2421 4344 enim
2446 4304 2635 4345 eorum
2683 4308 2910 4348 numero
2939 4295 3176 4349 sociatus
3222 4304 3363 4361 erat,
3404 4298 3603 4367 quibus

2021 4378 2098 4434 ait
2120 4378 2405 4449 Apostolus
2431 4396 2444 4433 :
2470 4378 2674 4435 Fuistis
2690 4380 2973 4450 aliquando
2995 4385 3239 4450 tenebrat,
3270 4402 3409 4441 nunc
3426 4396 3601 4441 autent

1950 4446 1997 4505 θ
2021 4467 2115 4524 lux
2140 4446 2196 4523 in
2215 4469 2440 4525 Domino
2470 4469 2684 4540 (Ep/tes.
2715 4446 2875 4543 v,'8);
2906 4472 3001 4527 sed
3030 4474 3172 4529 inter
3199 4446 3294 4531 eos
3319 4477 3498 4545 potius
3514 4492 3603 4532 re-

2022 4562 2296 4625 manebat,
2324 4561 2521 4630 quibus
2552 4561 2791 4630 loquitur
2831 4562 3035 4618 lsaias:
3066 4562 3255 4636 Surge,
3299 4566 3602 4623 illuminare

2017 4649 2335 4716 Jerusalem,
2364 4651 2489 4722 quia
2524 4652 2661 4728 venit
2707 4651 2883 4708 lumen
2916 4662 3085 4720 tuum,
3114 4663 3163 4708 et
3189 4655 3359 4725 gloria
3388 4656 3600 4713 Domint

2004 4757 2175 4811 super
2196 4750 2247 4795 te
2271 4750 2388 4796 orta
2411 4749 2485 4797 est
2514 4741 2668 4813 (Isai.
2702 4760 2793 4807 ωε,
2816 4742 2888 4815 1).
2946 4744 3241 4814 Respondit
3266 4760 3397 4817 ergo
3421 4748 3602 4803 Domi-

2008 4848 2112 4897 .no,
2142 4840 2196 4887 et
2218 4832 2294 4887 ait
2321 4850 2333 4886 :

2092 4943 2252 4999 Vens.
2280 4943 2336 4997 4.
2355 4973 2425 4984 -·
2447 4943 2721 5010 Quomodo
2746 4955 2910 5017 potest
2942 4947 3096 5001 homo
3123 4947 3267 5002 nasci
3296 4963 3414 5002 cum
3442 4964 3600 5004 senex

2002 5033 2126 5087 'sit.’
2148 5033 2403 5104 Nunquid
2429 5044 2593 5104 potest
2619 5035 2675 5089 in
2702 5045 2925 5090 uentrem
2947 5037 3129 5091 matris
3155 5054 3266 5092 sum
3291 5038 3478 5092 iterato
3516 5039 3598 5094 in-

2019 5123 2180 5176 troire
2206 5136 2255 5177 et
2294 5125 2477 5178 nasci?
2504 5124 2637 5192 Quia
2664 5126 2913 5181 secundae
2942 5126 3235 5181 nativitatis
3282 5127 3461 5181 adhuc
3503 5143 3599 5184 ne-

2018 5211 2165 5266 scius
2190 5212 2594 5280 perseverabat,
2621 5213 2688 5267 de
2715 5213 2888 5268 salute
2916 5221 3093 5268 autem
3132 5229 3232 5268 sua
3270 5212 3385 5282 jam
3407 5214 3598 5271 sollici-

2018 5307 2107 5354 tus
2128 5299 2434 5365 exstiterat,
2463 5302 2769 5356 necessario
2813 5302 2879 5355 de
2905 5316 3009 5355 una
3038 5317 3201 5372 quam
3244 5312 3470 5358 noverat
3494 5319 3594 5358 na-

2020 5387 2250 5453 tivitate,
2279 5403 2347 5442 an
2367 5390 2772 5459 possetlterari,
2802 5389 2886 5444 vel
2904 5405 3012 5460 quo
3044 5391 3230 5446 ordine
3256 5396 3595 5463 regeneratin

2013 5485 2199 5545 posset
2226 5475 2460 5547 impleri,
2481 5477 2776 5548 quaerebat,
2804 5493 2872 5532 ne
2892 5479 3050 5547 hujus
3070 5494 3264 5551 expers
3300 5497 3591 5543 remanen—

2014 5673 2053 5730 Ο
2084 5603 2112 5645 ιι
2141 5604 2221 5684 Ex
2267 5604 2421 5662 Bedre
2464 5602 2682 5659 homilia
2734 5605 2786 5658 in
2829 5602 2964 5661 festo
3015 5606 3340 5665 lnventionis
3378 5609 3590 5669 Sancte

2058 5690 2222 5729 l‘tXCIS.
3559 5728 3563 5730 .

2058 5690 2222 5729 l‘lXClS.

3193 5773 3271 5834 23
