  <div class='ocr_page' id='page_1' title='image "/cluster/home/n/w/nwhite01/storage/ocr_20150623/100/hvd.32044052819521/395.png"; bbox 0 0 4020 6186; ppageno 0'>
   <div class='ocr_carea' id='block_1_1' title="bbox 429 302 536 355">
    <p class='ocr_par' dir='ltr' id='par_1_1' title="bbox 429 302 536 355">
     <span class='ocr_line' id='line_1_1' title="bbox 429 302 536 355; baseline -0.028 -1"><span class='ocrx_word' id='word_1_1' title='bbox 429 302 536 355; x_wconf 71' lang='grc' dir='ltr'><strong>ῖῖἒ)</strong></span> 
     </span>
    </p>
   </div>
   <div class='ocr_carea' id='block_1_2' title="bbox 1297 298 2855 361">
    <p class='ocr_par' dir='ltr' id='par_1_2' title="bbox 1297 298 2855 361">
     <span class='ocr_line' id='line_1_2' title="bbox 1297 298 2855 361; baseline 0.003 -7"><span class='ocrx_word' id='word_1_2' title='bbox 1297 301 1356 355; x_wconf 83' lang='grc' dir='ltr'><strong>Β.</strong></span> <span class='ocrx_word' id='word_1_3' title='bbox 1397 300 1458 355; x_wconf 82' lang='lat' dir='ltr'><strong>F.</strong></span> <span class='ocrx_word' id='word_1_4' title='bbox 1500 299 1723 355; x_wconf 77' lang='lat' dir='ltr'><strong>ALBINI</strong></span> <span class='ocrx_word' id='word_1_5' title='bbox 1763 300 1894 357; x_wconf 85' lang='lat' dir='ltr'><strong>SEU</strong></span> <span class='ocrx_word' id='word_1_6' title='bbox 1933 298 2207 357; x_wconf 69' lang='grc' dir='ltr'>Λιουηῆ</span> <span class='ocrx_word' id='word_1_7' title='bbox 2257 301 2539 361; x_wconf 71' lang='grc' dir='ltr'>οιιΕιιωι</span> <span class='ocrx_word' id='word_1_8' title='bbox 2578 302 2756 360; x_wconf 79' lang='lat' dir='ltr'><strong>PARS</strong></span> <span class='ocrx_word' id='word_1_9' title='bbox 2791 303 2855 358; x_wconf 88' lang='lat' dir='ltr'><strong>ll.</strong></span> 
     </span>
    </p>
   </div>
   <div class='ocr_carea' id='block_1_3' title="bbox 3585 308 3689 363">
    <p class='ocr_par' dir='ltr' id='par_1_3' title="bbox 3585 308 3689 363">
     <span class='ocr_line' id='line_1_3' title="bbox 3585 308 3689 363; baseline 0.01 -1"><span class='ocrx_word' id='word_1_10' title='bbox 3585 308 3689 363; x_wconf 72' lang='grc'><strong>78⁸)</strong></span> 
     </span>
    </p>
   </div>
   <div class='ocr_carea' id='block_1_4' title="bbox 430 410 3696 489">
    <p class='ocr_par' dir='ltr' id='par_1_4' title="bbox 430 410 3696 489">
     <span class='ocr_line' id='line_1_4' title="bbox 430 410 3696 489; baseline 0.002 -20"><span class='ocrx_word' id='word_1_11' title='bbox 430 417 520 478; x_wconf 73' lang='lat' dir='ltr'><strong>do&#39;,</strong></span> <span class='ocrx_word' id='word_1_12' title='bbox 550 414 672 469; x_wconf 66' lang='lat' dir='ltr'><strong>vita!</strong></span> <span class='ocrx_word' id='word_1_13' title='bbox 692 413 926 469; x_wconf 74' lang='lat' dir='ltr'><strong>cmlcstis</strong></span> <span class='ocrx_word' id='word_1_14' title='bbox 952 413 1217 482; x_wconf 77' lang='lat' dir='ltr'><strong>particeps</strong></span> <span class='ocrx_word' id='word_1_15' title='bbox 1255 428 1374 467; x_wconf 88' lang='lat' dir='ltr'><strong>esse</strong></span> <span class='ocrx_word' id='word_1_16' title='bbox 1397 412 1663 481; x_wconf 73' lang='lat' dir='ltr'><strong>nequiret.</strong></span> <span class='ocrx_word' id='word_1_17' title='bbox 1699 410 2000 467; x_wconf 83' lang='lat' dir='ltr'><strong>Notandum</strong></span> <span class='ocrx_word' id='word_1_18' title='bbox 2032 417 2073 473; x_wconf 76' lang='grc' dir='ltr'>Α</span> <span class='ocrx_word' id='word_1_19' title='bbox 2106 428 2227 469; x_wconf 85' lang='lat' dir='ltr'><strong>cum</strong></span> <span class='ocrx_word' id='word_1_20' title='bbox 2255 423 2306 471; x_wconf 91' lang='lat' dir='ltr'><strong>te</strong></span> <span class='ocrx_word' id='word_1_21' title='bbox 2327 425 2589 486; x_wconf 65' lang='lat' dir='ltr'><strong>praesente</strong></span> <span class='ocrx_word' id='word_1_22' title='bbox 2606 416 2842 485; x_wconf 74' lang='lat' dir='ltr'><strong>loquitur</strong></span> <span class='ocrx_word' id='word_1_23' title='bbox 2860 416 2907 470; x_wconf 90' lang='lat' dir='ltr'><strong>is</strong></span> <span class='ocrx_word' id='word_1_24' title='bbox 2933 415 3023 484; x_wconf 85' lang='lat' dir='ltr'><strong>qui</strong></span> <span class='ocrx_word' id='word_1_25' title='bbox 3056 413 3262 487; x_wconf 79' lang='lat' dir='ltr'><strong>Spiritu</strong></span> <span class='ocrx_word' id='word_1_26' title='bbox 3291 427 3481 473; x_wconf 83' lang='lat' dir='ltr'><strong>sancto</strong></span> <span class='ocrx_word' id='word_1_27' title='bbox 3520 420 3696 489; x_wconf 74' lang='lat' dir='ltr'><strong>reple-</strong></span> 
     </span>
    </p>
   </div>
   <div class='ocr_carea' id='block_1_5' title="bbox 432 502 2011 572">
    <p class='ocr_par' dir='ltr' id='par_1_5' title="bbox 432 502 2011 572">
     <span class='ocr_line' id='line_1_5' title="bbox 432 502 2011 572; baseline -0.001 -15"><span class='ocrx_word' id='word_1_28' title='bbox 432 516 609 561; x_wconf 82' lang='lat' dir='ltr'><strong>aotcm</strong></span> <span class='ocrx_word' id='word_1_29' title='bbox 640 505 763 572; x_wconf 85' lang='lat' dir='ltr'><strong>quia</strong></span> <span class='ocrx_word' id='word_1_30' title='bbox 791 502 933 572; x_wconf 69' lang='grc' dir='ltr'><strong>ψωά</strong></span> <span class='ocrx_word' id='word_1_31' title='bbox 960 503 1027 556; x_wconf 87' lang='lat' dir='ltr'><strong>de</strong></span> <span class='ocrx_word' id='word_1_32' title='bbox 1051 503 1254 557; x_wconf 86' lang='lat' dir='ltr'><strong>carnali</strong></span> <span class='ocrx_word' id='word_1_33' title='bbox 1275 502 1431 564; x_wconf 77' lang='lat' dir='ltr'><strong>dixit,</strong></span> <span class='ocrx_word' id='word_1_34' title='bbox 1459 504 1562 557; x_wconf 86' lang='lat' dir='ltr'><strong>hoc</strong></span> <span class='ocrx_word' id='word_1_35' title='bbox 1603 503 1769 558; x_wconf 89' lang='lat' dir='ltr'><strong>etiam</strong></span> <span class='ocrx_word' id='word_1_36' title='bbox 1811 502 1879 557; x_wconf 86' lang='lat' dir='ltr'><strong>de</strong></span> <span class='ocrx_word' id='word_1_37' title='bbox 1900 502 2011 572; x_wconf 83' lang='lat' dir='ltr'><strong>spi-</strong></span> 
     </span>
    </p>
   </div>
   <div class='ocr_carea' id='block_1_6' title="bbox 430 595 2008 665">
    <p class='ocr_par' dir='ltr' id='par_1_6' title="bbox 430 595 2008 665">
     <span class='ocr_line' id='line_1_6' title="bbox 430 595 2008 665; baseline -0.002 -15"><span class='ocrx_word' id='word_1_38' title='bbox 430 597 570 651; x_wconf 86' lang='lat' dir='ltr'><strong>ritali</strong></span> <span class='ocrx_word' id='word_1_39' title='bbox 626 604 712 649; x_wconf 89' lang='lat' dir='ltr'><strong>est</strong></span> <span class='ocrx_word' id='word_1_40' title='bbox 764 595 1172 665; x_wconf 70' lang='lat' dir='ltr'><strong>regenerationis</strong></span> <span class='ocrx_word' id='word_1_41' title='bbox 1229 595 1613 660; x_wconf 88' lang='lat' dir='ltr'><strong>sentiendum;</strong></span> <span class='ocrx_word' id='word_1_42' title='bbox 1668 608 2008 664; x_wconf 72' lang='lat' dir='ltr'><strong>nequaquam</strong></span> 
     </span>
    </p>
   </div>
   <div class='ocr_carea' id='block_1_7' title="bbox 431 683 2011 755">
    <p class='ocr_par' dir='ltr' id='par_1_7' title="bbox 431 683 2011 755">
     <span class='ocr_line' id='line_1_7' title="bbox 431 683 2011 755; baseline 0 -17"><span class='ocrx_word' id='word_1_43' title='bbox 431 685 681 742; x_wconf 73' lang='lat' dir='ltr'><strong>videlicet</strong></span> <span class='ocrx_word' id='word_1_44' title='bbox 706 701 848 748; x_wconf 88' lang='lat' dir='ltr'><strong>eam,</strong></span> <span class='ocrx_word' id='word_1_45' title='bbox 878 694 1162 755; x_wconf 90' lang='lat' dir='ltr'><strong>postquam</strong></span> <span class='ocrx_word' id='word_1_46' title='bbox 1190 685 1355 740; x_wconf 84' lang='lat' dir='ltr'><strong>semel</strong></span> <span class='ocrx_word' id='word_1_47' title='bbox 1395 684 1606 754; x_wconf 82' lang='lat' dir='ltr'><strong>expleta</strong></span> <span class='ocrx_word' id='word_1_48' title='bbox 1637 683 1824 749; x_wconf 82' lang='lat' dir='ltr'><strong>fuerit,</strong></span> <span class='ocrx_word' id='word_1_49' title='bbox 1852 696 2011 753; x_wconf 86' lang='lat' dir='ltr'><strong>posse</strong></span> 
     </span>
    </p>
   </div>
   <div class='ocr_carea' id='block_1_8' title="bbox 428 774 2011 847">
    <p class='ocr_par' dir='ltr' id='par_1_8' title="bbox 428 774 2011 847">
     <span class='ocr_line' id='line_1_8' title="bbox 428 774 2011 847; baseline -0.003 -15"><span class='ocrx_word' id='word_1_50' title='bbox 428 776 599 847; x_wconf 90' lang='lat' dir='ltr'><strong>repeti</strong></span> <span class='ocrx_word' id='word_1_51' title='bbox 629 793 643 829; x_wconf 89' lang='lat'><strong>:</strong></span> <span class='ocrx_word' id='word_1_52' title='bbox 676 776 791 831; x_wconf 85' lang='lat' dir='ltr'><strong>sive</strong></span> <span class='ocrx_word' id='word_1_53' title='bbox 822 776 964 831; x_wconf 92' lang='lat' dir='ltr'><strong>enim</strong></span> <span class='ocrx_word' id='word_1_54' title='bbox 991 775 1298 840; x_wconf 67' lang='lat' dir='ltr'><strong>haereticus,</strong></span> <span class='ocrx_word' id='word_1_55' title='bbox 1327 776 1439 829; x_wconf 84' lang='lat' dir='ltr'><strong>sive</strong></span> <span class='ocrx_word' id='word_1_56' title='bbox 1467 774 1868 838; x_wconf 89' lang='lat' dir='ltr'><strong>schismaticus,</strong></span> <span class='ocrx_word' id='word_1_57' title='bbox 1897 774 2011 829; x_wconf 83' lang='lat' dir='ltr'><strong>sive</strong></span> 
     </span>
    </p>
   </div>
   <div class='ocr_carea' id='block_1_9' title="bbox 428 865 2013 937">
    <p class='ocr_par' dir='ltr' id='par_1_9' title="bbox 428 865 2013 937">
     <span class='ocr_line' id='line_1_9' title="bbox 428 865 2013 937; baseline 0 -17"><span class='ocrx_word' id='word_1_58' title='bbox 428 872 764 922; x_wconf 74' lang='lat' dir='ltr'><strong>facinorosos</strong></span> <span class='ocrx_word' id='word_1_59' title='bbox 787 866 1015 937; x_wconf 88' lang='lat' dir='ltr'><strong>quisque</strong></span> <span class='ocrx_word' id='word_1_60' title='bbox 1038 866 1091 920; x_wconf 92' lang='lat' dir='ltr'><strong>in</strong></span> <span class='ocrx_word' id='word_1_61' title='bbox 1123 865 1464 922; x_wconf 82' lang='lat' dir='ltr'><strong>confessione</strong></span> <span class='ocrx_word' id='word_1_62' title='bbox 1505 874 1705 920; x_wconf 77' lang='lat' dir='ltr'><strong>sancta:</strong></span> <span class='ocrx_word' id='word_1_63' title='bbox 1730 865 2013 920; x_wconf 83' lang='lat' dir='ltr'><strong>Trinitatis</strong></span> 
     </span>
    </p>
   </div>
   <div class='ocr_carea' id='block_1_10' title="bbox 428 956 2013 1028">
    <p class='ocr_par' dir='ltr' id='par_1_10' title="bbox 428 956 2013 1028">
     <span class='ocr_line' id='line_1_10' title="bbox 428 956 2013 1028; baseline 0 -19"><span class='ocrx_word' id='word_1_64' title='bbox 428 957 688 1028; x_wconf 84' lang='lat' dir='ltr'><strong>haptizet,</strong></span> <span class='ocrx_word' id='word_1_65' title='bbox 717 971 824 1011; x_wconf 90' lang='lat' dir='ltr'><strong>non</strong></span> <span class='ocrx_word' id='word_1_66' title='bbox 849 956 991 1012; x_wconf 89' lang='lat' dir='ltr'><strong>valet</strong></span> <span class='ocrx_word' id='word_1_67' title='bbox 1019 956 1106 1010; x_wconf 89' lang='lat' dir='ltr'><strong>ille</strong></span> <span class='ocrx_word' id='word_1_68' title='bbox 1128 956 1221 1025; x_wconf 87' lang='lat' dir='ltr'><strong>qui</strong></span> <span class='ocrx_word' id='word_1_69' title='bbox 1250 956 1322 1010; x_wconf 84' lang='lat' dir='ltr'><strong>ita</strong></span> <span class='ocrx_word' id='word_1_70' title='bbox 1339 956 1643 1025; x_wconf 82' lang='lat' dir='ltr'><strong>baptizatus</strong></span> <span class='ocrx_word' id='word_1_71' title='bbox 1667 964 1783 1020; x_wconf 89' lang='lat' dir='ltr'><strong>est,</strong></span> <span class='ocrx_word' id='word_1_72' title='bbox 1806 971 1837 1009; x_wconf 88' lang='lat' dir='ltr'><strong>a</strong></span> <span class='ocrx_word' id='word_1_73' title='bbox 1859 956 2013 1011; x_wconf 87' lang='lat' dir='ltr'><strong>bonis</strong></span> 
     </span>
    </p>
   </div>
   <div class='ocr_carea' id='block_1_11' title="bbox 428 1041 2013 1113">
    <p class='ocr_par' dir='ltr' id='par_1_11' title="bbox 428 1041 2013 1113">
     <span class='ocr_line' id='line_1_11' title="bbox 428 1041 2013 1113; baseline -0.001 -15"><span class='ocrx_word' id='word_1_74' title='bbox 428 1044 715 1100; x_wconf 83' lang='lat' dir='ltr'><strong>catholicis</strong></span> <span class='ocrx_word' id='word_1_75' title='bbox 767 1043 1091 1113; x_wconf 82' lang='lat' dir='ltr'><strong>rebaptizari</strong></span> <span class='ocrx_word' id='word_1_76' title='bbox 1112 1083 1127 1108; x_wconf 95' lang='lat'><strong>,</strong></span> <span class='ocrx_word' id='word_1_77' title='bbox 1181 1057 1253 1097; x_wconf 90' lang='lat' dir='ltr'><strong>ne</strong></span> <span class='ocrx_word' id='word_1_78' title='bbox 1289 1041 1563 1097; x_wconf 79' lang='lat' dir='ltr'><strong>confessio</strong></span> <span class='ocrx_word' id='word_1_79' title='bbox 1608 1042 1693 1096; x_wconf 88' lang='lat' dir='ltr'><strong>vel</strong></span> <span class='ocrx_word' id='word_1_80' title='bbox 1740 1043 2013 1097; x_wconf 75' lang='lat' dir='ltr'><strong>invocatio</strong></span> 
     </span>
    </p>
   </div>
   <div class='ocr_carea' id='block_1_12' title="bbox 428 1132 2013 1203">
    <p class='ocr_par' dir='ltr' id='par_1_12' title="bbox 428 1132 2013 1203">
     <span class='ocr_line' id='line_1_12' title="bbox 428 1132 2013 1203; baseline -0.003 -11"><span class='ocrx_word' id='word_1_81' title='bbox 428 1138 564 1192; x_wconf 89' lang='lat' dir='ltr'><strong>tanti</strong></span> <span class='ocrx_word' id='word_1_82' title='bbox 602 1136 837 1191; x_wconf 83' lang='lat' dir='ltr'><strong>nominis</strong></span> <span class='ocrx_word' id='word_1_83' title='bbox 855 1136 1102 1190; x_wconf 88' lang='lat' dir='ltr'><strong>videatur</strong></span> <span class='ocrx_word' id='word_1_84' title='bbox 1127 1133 1412 1188; x_wconf 87' lang='lat' dir='ltr'><strong>annullari.</strong></span> <span class='ocrx_word' id='word_1_85' title='bbox 1442 1133 1509 1187; x_wconf 89' lang='lat' dir='ltr'><strong>Et</strong></span> <span class='ocrx_word' id='word_1_86' title='bbox 1537 1133 1663 1203; x_wconf 88' lang='lat' dir='ltr'><strong>quia</strong></span> <span class='ocrx_word' id='word_1_87' title='bbox 1689 1132 2013 1189; x_wconf 84' lang='lat' dir='ltr'><strong>Nicodemus</strong></span> 
     </span>
    </p>
   </div>
   <div class='ocr_carea' id='block_1_13' title="bbox 429 1223 2012 1298">
    <p class='ocr_par' dir='ltr' id='par_1_13' title="bbox 429 1223 2012 1298">
     <span class='ocr_line' id='line_1_13' title="bbox 429 1223 2012 1298; baseline -0.003 -16"><span class='ocrx_word' id='word_1_88' title='bbox 429 1229 495 1283; x_wconf 81' lang='lat' dir='ltr'><strong>ad</strong></span> <span class='ocrx_word' id='word_1_89' title='bbox 517 1228 748 1298; x_wconf 84' lang='lat' dir='ltr'><strong>primam</strong></span> <span class='ocrx_word' id='word_1_90' title='bbox 771 1226 981 1280; x_wconf 83' lang='lat' dir='ltr'><strong>Domini</strong></span> <span class='ocrx_word' id='word_1_91' title='bbox 1005 1225 1407 1294; x_wconf 86' lang='lat' dir='ltr'><strong>responsionem</strong></span> <span class='ocrx_word' id='word_1_92' title='bbox 1437 1223 1719 1289; x_wconf 77' lang='lat' dir='ltr'><strong>sollicitus,</strong></span> <span class='ocrx_word' id='word_1_93' title='bbox 1743 1225 2012 1293; x_wconf 89' lang='lat' dir='ltr'><strong>quomodo</strong></span> 
     </span>
    </p>
   </div>
   <div class='ocr_carea' id='block_1_14' title="bbox 429 1312 2010 1388">
    <p class='ocr_par' dir='ltr' id='par_1_14' title="bbox 429 1312 2010 1388">
     <span class='ocr_line' id='line_1_14' title="bbox 429 1312 2010 1388; baseline -0.004 -15"><span class='ocrx_word' id='word_1_94' title='bbox 429 1320 503 1374; x_wconf 89' lang='lat' dir='ltr'><strong>sit</strong></span> <span class='ocrx_word' id='word_1_95' title='bbox 528 1318 869 1388; x_wconf 84' lang='lat' dir='ltr'><strong>intelligenda</strong></span> <span class='ocrx_word' id='word_1_96' title='bbox 897 1316 1178 1385; x_wconf 78' lang='lat' dir='ltr'><strong>diligenter</strong></span> <span class='ocrx_word' id='word_1_97' title='bbox 1207 1314 1454 1384; x_wconf 89' lang='lat' dir='ltr'><strong>inquirit,</strong></span> <span class='ocrx_word' id='word_1_98' title='bbox 1486 1323 1730 1369; x_wconf 89' lang='lat' dir='ltr'><strong>meretur</strong></span> <span class='ocrx_word' id='word_1_99' title='bbox 1750 1313 1863 1381; x_wconf 83' lang='lat' dir='ltr'><strong>jam</strong></span> <span class='ocrx_word' id='word_1_100' title='bbox 1893 1312 2010 1383; x_wconf 89' lang='lat' dir='ltr'><strong>pla-</strong></span> 
     </span>
    </p>
   </div>
   <div class='ocr_carea' id='block_1_15' title="bbox 431 1403 2013 1474">
    <p class='ocr_par' dir='ltr' id='par_1_15' title="bbox 431 1403 2013 1474">
     <span class='ocr_line' id='line_1_15' title="bbox 431 1403 2013 1474; baseline -0.002 -12"><span class='ocrx_word' id='word_1_101' title='bbox 431 1408 552 1462; x_wconf 87' lang='lat' dir='ltr'><strong>nius</strong></span> <span class='ocrx_word' id='word_1_102' title='bbox 586 1405 803 1469; x_wconf 79' lang='lat' dir='ltr'><strong>instrui,</strong></span> <span class='ocrx_word' id='word_1_103' title='bbox 848 1412 904 1459; x_wconf 91' lang='lat' dir='ltr'><strong>et</strong></span> <span class='ocrx_word' id='word_1_104' title='bbox 923 1404 1048 1474; x_wconf 86' lang='lat' dir='ltr'><strong>quia</strong></span> <span class='ocrx_word' id='word_1_105' title='bbox 1076 1404 1311 1458; x_wconf 84' lang='lat' dir='ltr'><strong>secunda</strong></span> <span class='ocrx_word' id='word_1_106' title='bbox 1339 1403 1593 1458; x_wconf 78' lang='lat' dir='ltr'><strong>nativitas</strong></span> <span class='ocrx_word' id='word_1_107' title='bbox 1622 1419 1727 1457; x_wconf 92' lang='lat' dir='ltr'><strong>non</strong></span> <span class='ocrx_word' id='word_1_108' title='bbox 1781 1403 2013 1459; x_wconf 87' lang='lat' dir='ltr'><strong>carnalis</strong></span> 
     </span>
    </p>
   </div>
   <div class='ocr_carea' id='block_1_16' title="bbox 429 1492 2010 1566">
    <p class='ocr_par' dir='ltr' id='par_1_16' title="bbox 429 1492 2010 1566">
     <span class='ocr_line' id='line_1_16' title="bbox 429 1492 2010 1566; baseline -0.003 -14"><span class='ocrx_word' id='word_1_109' title='bbox 429 1506 512 1553; x_wconf 88' lang='lat' dir='ltr'><strong>est</strong></span> <span class='ocrx_word' id='word_1_110' title='bbox 536 1536 552 1561; x_wconf 89' lang='lat'><strong>,</strong></span> <span class='ocrx_word' id='word_1_111' title='bbox 598 1497 693 1551; x_wconf 90' lang='lat' dir='ltr'><strong>sed</strong></span> <span class='ocrx_word' id='word_1_112' title='bbox 737 1494 1016 1566; x_wconf 88' lang='lat' dir='ltr'><strong>spiritalis,</strong></span> <span class='ocrx_word' id='word_1_113' title='bbox 1060 1492 1282 1559; x_wconf 88' lang='lat' dir='ltr'><strong>audire;</strong></span> <span class='ocrx_word' id='word_1_114' title='bbox 1337 1492 1614 1563; x_wconf 82' lang='lat' dir='ltr'><strong>respondit</strong></span> <span class='ocrx_word' id='word_1_115' title='bbox 1654 1508 1886 1563; x_wconf 85' lang='lat' dir='ltr'><strong>namque</strong></span> <span class='ocrx_word' id='word_1_116' title='bbox 1936 1493 2010 1548; x_wconf 89' lang='lat' dir='ltr'><strong>illi</strong></span> 
     </span>
    </p>
   </div>
   <div class='ocr_carea' id='block_1_17' title="bbox 428 1586 629 1642">
    <p class='ocr_par' dir='ltr' id='par_1_17' title="bbox 428 1586 629 1642">
     <span class='ocr_line' id='line_1_17' title="bbox 428 1586 629 1642; baseline 0 -2"><span class='ocrx_word' id='word_1_117' title='bbox 428 1586 587 1642; x_wconf 83' lang='lat' dir='ltr'><strong>Jesus</strong></span> <span class='ocrx_word' id='word_1_118' title='bbox 616 1605 629 1640; x_wconf 88' lang='lat'>:</span> 
     </span>
    </p>
   </div>
   <div class='ocr_carea' id='block_1_18' title="bbox 499 1673 2009 1751">
    <p class='ocr_par' dir='ltr' id='par_1_18' title="bbox 499 1673 2009 1751">
     <span class='ocr_line' id='line_1_18' title="bbox 499 1673 2009 1751; baseline -0.005 -17"><span class='ocrx_word' id='word_1_119' title='bbox 499 1678 659 1751; x_wconf 60' lang='lat'><strong>5,91</strong></span> <span class='ocrx_word' id='word_1_120' title='bbox 690 1678 852 1733; x_wconf 72' lang='lat' dir='ltr'><strong>Vens.</strong></span> <span class='ocrx_word' id='word_1_121' title='bbox 881 1676 934 1731; x_wconf 80' lang='lat'><strong>5.</strong></span> <span class='ocrx_word' id='word_1_122' title='bbox 956 1674 1206 1730; x_wconf 77' lang='lat' dir='ltr'><strong>-—Amen</strong></span> <span class='ocrx_word' id='word_1_123' title='bbox 1252 1690 1403 1727; x_wconf 87' lang='lat' dir='ltr'><strong>amen</strong></span> <span class='ocrx_word' id='word_1_124' title='bbox 1432 1673 1549 1728; x_wconf 83' lang='lat' dir='ltr'><strong>dico</strong></span> <span class='ocrx_word' id='word_1_125' title='bbox 1601 1673 1717 1738; x_wconf 87' lang='lat' dir='ltr'><strong>tibi,</strong></span> <span class='ocrx_word' id='word_1_126' title='bbox 1765 1674 1866 1727; x_wconf 83' lang='lat' dir='ltr'><strong>nisi</strong></span> <span class='ocrx_word' id='word_1_127' title='bbox 1891 1673 2009 1743; x_wconf 84' lang='lat' dir='ltr'><strong>quis</strong></span> 
     </span>
    </p>
   </div>
   <div class='ocr_carea' id='block_1_19' title="bbox 2109 504 3696 580">
    <p class='ocr_par' dir='ltr' id='par_1_19' title="bbox 2109 504 3696 580">
     <span class='ocr_line' id='line_1_19' title="bbox 2109 504 3696 580; baseline 0.005 -23"><span class='ocrx_word' id='word_1_128' title='bbox 2109 513 2196 558; x_wconf 90' lang='lat' dir='ltr'><strong>tus</strong></span> <span class='ocrx_word' id='word_1_129' title='bbox 2222 515 2339 568; x_wconf 86' lang='lat' dir='ltr'><strong>est;</strong></span> <span class='ocrx_word' id='word_1_130' title='bbox 2379 506 2469 559; x_wconf 87' lang='lat' dir='ltr'><strong>sed</strong></span> <span class='ocrx_word' id='word_1_131' title='bbox 2488 522 2590 560; x_wconf 84' lang='lat' dir='ltr'><strong>non</strong></span> <span class='ocrx_word' id='word_1_132' title='bbox 2616 505 2739 570; x_wconf 87' lang='lat' dir='ltr'><strong>scis,</strong></span> <span class='ocrx_word' id='word_1_133' title='bbox 2762 504 2900 559; x_wconf 83' lang='lat' dir='ltr'><strong>unde</strong></span> <span class='ocrx_word' id='word_1_134' title='bbox 2926 505 3117 568; x_wconf 71' lang='lat' dir='ltr'><strong>ueniat,</strong></span> <span class='ocrx_word' id='word_1_135' title='bbox 3146 517 3196 560; x_wconf 85' lang='lat' dir='ltr'><strong>et</strong></span> <span class='ocrx_word' id='word_1_136' title='bbox 3222 522 3326 578; x_wconf 83' lang='lat' dir='ltr'><strong>quo</strong></span> <span class='ocrx_word' id='word_1_137' title='bbox 3352 508 3530 574; x_wconf 75' lang='lat' dir='ltr'><strong>vadat,</strong></span> <span class='ocrx_word' id='word_1_138' title='bbox 3566 509 3696 580; x_wconf 84' lang='lat' dir='ltr'><strong>quia</strong></span> 
     </span>
    </p>
   </div>
   <div class='ocr_carea' id='block_1_20' title="bbox 2107 591 3697 663">
    <p class='ocr_par' dir='ltr' id='par_1_20' title="bbox 2107 591 3697 663">
     <span class='ocr_line' id='line_1_20' title="bbox 2107 591 3697 663; baseline 0.005 -19"><span class='ocrx_word' id='word_1_139' title='bbox 2107 592 2318 645; x_wconf 83' lang='lat' dir='ltr'><strong>etiamsi</strong></span> <span class='ocrx_word' id='word_1_140' title='bbox 2342 602 2393 646; x_wconf 70' lang='lat' dir='ltr'><strong>te</strong></span> <span class='ocrx_word' id='word_1_141' title='bbox 2414 602 2677 662; x_wconf 61' lang='lat' dir='ltr'><strong>prasente</strong></span> <span class='ocrx_word' id='word_1_142' title='bbox 2696 593 3002 663; x_wconf 87' lang='lat' dir='ltr'><strong>quempiam</strong></span> <span class='ocrx_word' id='word_1_143' title='bbox 3025 591 3262 662; x_wconf 88' lang='lat' dir='ltr'><strong>Spiritus</strong></span> <span class='ocrx_word' id='word_1_144' title='bbox 3282 595 3349 649; x_wconf 89' lang='lat' dir='ltr'><strong>ad</strong></span> <span class='ocrx_word' id='word_1_145' title='bbox 3368 596 3561 651; x_wconf 81' lang='lat' dir='ltr'><strong>horam</strong></span> <span class='ocrx_word' id='word_1_146' title='bbox 3595 598 3697 652; x_wconf 77' lang='lat' dir='ltr'><strong>im-</strong></span> 
     </span>
    </p>
   </div>
   <div class='ocr_carea' id='block_1_21' title="bbox 2108 680 3701 759">
    <p class='ocr_par' dir='ltr' id='par_1_21' title="bbox 2108 680 3701 759">
     <span class='ocr_line' id='line_1_21' title="bbox 2108 680 3701 759; baseline 0.006 -26"><span class='ocrx_word' id='word_1_147' title='bbox 2108 680 2354 751; x_wconf 72' lang='lat' dir='ltr'><strong>pleverit,</strong></span> <span class='ocrx_word' id='word_1_148' title='bbox 2370 697 2472 736; x_wconf 90' lang='lat' dir='ltr'><strong>non</strong></span> <span class='ocrx_word' id='word_1_149' title='bbox 2491 691 2668 752; x_wconf 86' lang='lat' dir='ltr'><strong>potest</strong></span> <span class='ocrx_word' id='word_1_150' title='bbox 2687 683 2854 736; x_wconf 61' lang='lat' dir='ltr'><strong>videri</strong></span> <span class='ocrx_word' id='word_1_151' title='bbox 2880 682 2987 754; x_wconf 70' lang='grc' dir='ltr'><strong>[ΔΙ.</strong></span> <span class='ocrx_word' id='word_1_152' title='bbox 2999 722 3015 747; x_wconf 86' lang='grc'><em>,</em></span> <span class='ocrx_word' id='word_1_153' title='bbox 3032 699 3136 738; x_wconf 90' lang='lat' dir='ltr'><strong>non</strong></span> <span class='ocrx_word' id='word_1_154' title='bbox 3150 693 3308 753; x_wconf 88' lang='lat' dir='ltr'><strong>potcs</strong></span> <span class='ocrx_word' id='word_1_155' title='bbox 3322 685 3553 759; x_wconf 71' lang='lat' dir='ltr'><strong>ridere],</strong></span> <span class='ocrx_word' id='word_1_156' title='bbox 3566 704 3701 759; x_wconf 85' lang='lat' dir='ltr'><strong>quo-</strong></span> 
     </span>
    </p>
   </div>
   <div class='ocr_carea' id='block_1_22' title="bbox 2110 773 3699 848">
    <p class='ocr_par' dir='ltr' id='par_1_22' title="bbox 2110 773 3699 848">
     <span class='ocr_line' id='line_1_22' title="bbox 2110 773 3699 848; baseline 0.006 -23"><span class='ocrx_word' id='word_1_157' title='bbox 2110 774 2269 825; x_wconf 86' lang='lat' dir='ltr'><strong>modo</strong></span> <span class='ocrx_word' id='word_1_158' title='bbox 2286 786 2407 826; x_wconf 88' lang='lat' dir='ltr'><strong>eum</strong></span> <span class='ocrx_word' id='word_1_159' title='bbox 2430 773 2730 835; x_wconf 65' lang='lat' dir='ltr'><strong>intraverit,</strong></span> <span class='ocrx_word' id='word_1_160' title='bbox 2758 773 2841 827; x_wconf 81' lang='lat' dir='ltr'><strong>vel</strong></span> <span class='ocrx_word' id='word_1_161' title='bbox 2869 774 3137 843; x_wconf 88' lang='lat' dir='ltr'><strong>quomodo</strong></span> <span class='ocrx_word' id='word_1_162' title='bbox 3164 775 3422 830; x_wconf 89' lang='lat' dir='ltr'><strong>redierit:</strong></span> <span class='ocrx_word' id='word_1_163' title='bbox 3454 778 3581 848; x_wconf 82' lang='lat' dir='ltr'><strong>quia</strong></span> <span class='ocrx_word' id='word_1_164' title='bbox 3602 795 3699 834; x_wconf 81' lang='lat' dir='ltr'><strong>na-</strong></span> 
     </span>
    </p>
   </div>
   <div class='ocr_carea' id='block_1_23' title="bbox 2109 857 3703 939">
    <p class='ocr_par' dir='ltr' id='par_1_23' title="bbox 2109 857 3703 939">
     <span class='ocr_line' id='line_1_23' title="bbox 2109 857 3703 939; baseline 0.006 -26"><span class='ocrx_word' id='word_1_165' title='bbox 2109 866 2229 913; x_wconf 88' lang='lat' dir='ltr'><strong>tura</strong></span> <span class='ocrx_word' id='word_1_166' title='bbox 2249 866 2332 914; x_wconf 89' lang='lat' dir='ltr'><strong>est</strong></span> <span class='ocrx_word' id='word_1_167' title='bbox 2351 858 2652 914; x_wconf 84' lang='lat' dir='ltr'><strong>invisibilis.</strong></span> <span class='ocrx_word' id='word_1_168' title='bbox 2675 857 2765 914; x_wconf 87' lang='lat' dir='ltr'><strong>Sic</strong></span> <span class='ocrx_word' id='word_1_169' title='bbox 2783 870 2857 914; x_wconf 82' lang='lat' dir='ltr'><strong>est</strong></span> <span class='ocrx_word' id='word_1_170' title='bbox 2882 861 3049 916; x_wconf 83' lang='lat' dir='ltr'><strong>omnis</strong></span> <span class='ocrx_word' id='word_1_171' title='bbox 3076 864 3167 934; x_wconf 75' lang='lat' dir='ltr'><strong>qui</strong></span> <span class='ocrx_word' id='word_1_172' title='bbox 3208 874 3365 919; x_wconf 83' lang='lat' dir='ltr'><strong>natus</strong></span> <span class='ocrx_word' id='word_1_173' title='bbox 3387 876 3464 921; x_wconf 87' lang='lat' dir='ltr'><strong>est</strong></span> <span class='ocrx_word' id='word_1_174' title='bbox 3489 883 3556 921; x_wconf 80' lang='lat' dir='ltr'><strong>ea:</strong></span> <span class='ocrx_word' id='word_1_175' title='bbox 3577 865 3703 939; x_wconf 86' lang='lat' dir='ltr'><strong>Spi-</strong></span> 
     </span>
    </p>
   </div>
   <div class='ocr_carea' id='block_1_24' title="bbox 2110 948 3703 1030">
    <p class='ocr_par' dir='ltr' id='par_1_24' title="bbox 2110 948 3703 1030">
     <span class='ocr_line' id='line_1_24' title="bbox 2110 948 3703 1030; baseline 0.009 -28"><span class='ocrx_word' id='word_1_176' title='bbox 2110 948 2214 1002; x_wconf 85' lang='lat' dir='ltr'><strong>ritu</strong></span> <span class='ocrx_word' id='word_1_177' title='bbox 2230 961 2250 1000; x_wconf 89' lang='lat'><strong><em>:</em></strong></span> <span class='ocrx_word' id='word_1_178' title='bbox 2278 957 2335 1004; x_wconf 84' lang='lat' dir='ltr'><strong>et</strong></span> <span class='ocrx_word' id='word_1_179' title='bbox 2360 949 2475 1019; x_wconf 83' lang='lat' dir='ltr'><strong>ipse</strong></span> <span class='ocrx_word' id='word_1_180' title='bbox 2501 949 2645 1004; x_wconf 90' lang='lat' dir='ltr'><strong>enim</strong></span> <span class='ocrx_word' id='word_1_181' title='bbox 2683 948 3021 1006; x_wconf 81' lang='lat' dir='ltr'><strong>invisibiliter</strong></span> <span class='ocrx_word' id='word_1_182' title='bbox 3066 961 3258 1023; x_wconf 77' lang='lat' dir='ltr'><strong>agente</strong></span> <span class='ocrx_word' id='word_1_183' title='bbox 3282 953 3485 1025; x_wconf 89' lang='lat' dir='ltr'><strong>Spiritu</strong></span> <span class='ocrx_word' id='word_1_184' title='bbox 3509 957 3703 1030; x_wconf 81' lang='lat' dir='ltr'><strong>incipit</strong></span> 
     </span>
    </p>
   </div>
   <div class='ocr_carea' id='block_1_25' title="bbox 2110 1036 3702 1111">
    <p class='ocr_par' dir='ltr' id='par_1_25' title="bbox 2110 1036 3702 1111">
     <span class='ocr_line' id='line_1_25' title="bbox 2110 1036 3702 1111; baseline 0.008 -21"><span class='ocrx_word' id='word_1_185' title='bbox 2110 1049 2231 1091; x_wconf 88' lang='lat' dir='ltr'><strong>esse</strong></span> <span class='ocrx_word' id='word_1_186' title='bbox 2249 1036 2391 1107; x_wconf 89' lang='lat' dir='ltr'><strong>quod</strong></span> <span class='ocrx_word' id='word_1_187' title='bbox 2414 1052 2518 1091; x_wconf 91' lang='lat' dir='ltr'><strong>non</strong></span> <span class='ocrx_word' id='word_1_188' title='bbox 2547 1046 2686 1103; x_wconf 88' lang='lat' dir='ltr'><strong>erat,</strong></span> <span class='ocrx_word' id='word_1_189' title='bbox 2716 1038 2790 1093; x_wconf 91' lang='lat' dir='ltr'><strong>ita</strong></span> <span class='ocrx_word' id='word_1_190' title='bbox 2812 1047 2873 1093; x_wconf 91' lang='lat' dir='ltr'><strong>ut</strong></span> <span class='ocrx_word' id='word_1_191' title='bbox 2889 1038 3133 1097; x_wconf 77' lang='lat' dir='ltr'><strong>infideles</strong></span> <span class='ocrx_word' id='word_1_192' title='bbox 3154 1044 3419 1111; x_wconf 86' lang='lat' dir='ltr'><strong>nesciant,</strong></span> <span class='ocrx_word' id='word_1_193' title='bbox 3442 1047 3586 1102; x_wconf 87' lang='lat' dir='ltr'><strong>unde</strong></span> <span class='ocrx_word' id='word_1_194' title='bbox 3604 1064 3702 1103; x_wconf 85' lang='lat' dir='ltr'><strong>ve-</strong></span> 
     </span>
    </p>
   </div>
   <div class='ocr_carea' id='block_1_26' title="bbox 2110 1125 3702 1205">
    <p class='ocr_par' dir='ltr' id='par_1_26' title="bbox 2110 1125 3702 1205">
     <span class='ocr_line' id='line_1_26' title="bbox 2110 1125 3702 1205; baseline 0.009 -28"><span class='ocrx_word' id='word_1_195' title='bbox 2110 1125 2225 1178; x_wconf 88' lang='lat' dir='ltr'><strong>niat</strong></span> <span class='ocrx_word' id='word_1_196' title='bbox 2242 1134 2299 1179; x_wconf 82' lang='lat' dir='ltr'><strong>et</strong></span> <span class='ocrx_word' id='word_1_197' title='bbox 2322 1140 2429 1195; x_wconf 88' lang='lat' dir='ltr'><strong>quo</strong></span> <span class='ocrx_word' id='word_1_198' title='bbox 2448 1125 2632 1191; x_wconf 89' lang='lat' dir='ltr'><strong>vadat,</strong></span> <span class='ocrx_word' id='word_1_199' title='bbox 2653 1126 2707 1182; x_wconf 91' lang='lat' dir='ltr'><strong>id</strong></span> <span class='ocrx_word' id='word_1_200' title='bbox 2724 1136 2828 1192; x_wconf 88' lang='lat' dir='ltr'><strong>est,</strong></span> <span class='ocrx_word' id='word_1_201' title='bbox 2850 1129 2978 1198; x_wconf 88' lang='lat' dir='ltr'><strong>quia</strong></span> <span class='ocrx_word' id='word_1_202' title='bbox 3007 1145 3038 1183; x_wconf 87' lang='lat' dir='ltr'><strong>a</strong></span> <span class='ocrx_word' id='word_1_203' title='bbox 3061 1136 3234 1202; x_wconf 88' lang='lat' dir='ltr'><strong>gratia</strong></span> <span class='ocrx_word' id='word_1_204' title='bbox 3268 1136 3702 1205; x_wconf 75' lang='lat' dir='ltr'><strong>regenerationis</strong></span> 
     </span>
    </p>
   </div>
   <div class='ocr_carea' id='block_1_27' title="bbox 2109 1217 3705 1299">
    <p class='ocr_par' dir='ltr' id='par_1_27' title="bbox 2109 1217 3705 1299">
     <span class='ocr_line' id='line_1_27' title="bbox 2109 1217 3705 1299; baseline 0.009 -29"><span class='ocrx_word' id='word_1_205' title='bbox 2109 1217 2257 1272; x_wconf 85' lang='lat' dir='ltr'><strong>venit</strong></span> <span class='ocrx_word' id='word_1_206' title='bbox 2286 1218 2337 1272; x_wconf 90' lang='lat' dir='ltr'><strong>in</strong></span> <span class='ocrx_word' id='word_1_207' title='bbox 2361 1218 2702 1288; x_wconf 89' lang='lat' dir='ltr'><strong>adoptionem</strong></span> <span class='ocrx_word' id='word_1_208' title='bbox 2734 1219 2964 1275; x_wconf 84' lang='lat' dir='ltr'><strong>lilion</strong></span> <span class='ocrx_word' id='word_1_209' title='bbox 3006 1221 3131 1286; x_wconf 86' lang='lat' dir='ltr'><strong>Dei;</strong></span> <span class='ocrx_word' id='word_1_210' title='bbox 3171 1232 3227 1279; x_wconf 83' lang='lat' dir='ltr'><strong>et</strong></span> <span class='ocrx_word' id='word_1_211' title='bbox 3245 1227 3395 1281; x_wconf 86' lang='lat' dir='ltr'><strong>vadit</strong></span> <span class='ocrx_word' id='word_1_212' title='bbox 3418 1227 3472 1282; x_wconf 92' lang='lat' dir='ltr'><strong>in</strong></span> <span class='ocrx_word' id='word_1_213' title='bbox 3507 1244 3705 1299; x_wconf 84' lang='lat' dir='ltr'><strong>peree—</strong></span> 
     </span>
    </p>
   </div>
   <div class='ocr_carea' id='block_1_28' title="bbox 2110 1307 3702 1379">
    <p class='ocr_par' dir='ltr' id='par_1_28' title="bbox 2110 1307 3702 1379">
     <span class='ocr_line' id='line_1_28' title="bbox 2110 1307 3702 1379; baseline 0.011 -20"><span class='ocrx_word' id='word_1_214' title='bbox 2110 1307 2346 1376; x_wconf 90' lang='lat' dir='ltr'><strong>ptioncm</strong></span> <span class='ocrx_word' id='word_1_215' title='bbox 2378 1310 2525 1379; x_wconf 87' lang='lat' dir='ltr'><strong>regni</strong></span> <span class='ocrx_word' id='word_1_216' title='bbox 2555 1308 2811 1365; x_wconf 72' lang='lat' dir='ltr'><strong>cmlcstis.</strong></span> <span class='ocrx_word' id='word_1_217' title='bbox 2852 1310 3139 1377; x_wconf 72' lang='lat' dir='ltr'><strong>Quaerente</strong></span> <span class='ocrx_word' id='word_1_218' title='bbox 3183 1324 3364 1370; x_wconf 85' lang='lat' dir='ltr'><strong>autem</strong></span> <span class='ocrx_word' id='word_1_219' title='bbox 3399 1318 3580 1374; x_wconf 84' lang='lat' dir='ltr'><strong>adhuc</strong></span> <span class='ocrx_word' id='word_1_220' title='bbox 3600 1319 3702 1375; x_wconf 73' lang='lat' dir='ltr'><strong>Ni-</strong></span> 
     </span>
    </p>
   </div>
   <div class='ocr_carea' id='block_1_29' title="bbox 2113 1397 3705 1479">
    <p class='ocr_par' dir='ltr' id='par_1_29' title="bbox 2113 1397 3705 1479">
     <span class='ocr_line' id='line_1_29' title="bbox 2113 1397 3705 1479; baseline 0.009 -29"><span class='ocrx_word' id='word_1_221' title='bbox 2113 1397 2338 1452; x_wconf 85' lang='lat' dir='ltr'><strong>coJemo</strong></span> <span class='ocrx_word' id='word_1_222' title='bbox 2355 1400 2621 1468; x_wconf 91' lang='lat' dir='ltr'><strong>quomodo</strong></span> <span class='ocrx_word' id='word_1_223' title='bbox 2643 1401 2853 1470; x_wconf 90' lang='lat' dir='ltr'><strong>possint</strong></span> <span class='ocrx_word' id='word_1_224' title='bbox 2879 1401 2997 1457; x_wconf 68' lang='lat' dir='ltr'><strong>haec</strong></span> <span class='ocrx_word' id='word_1_225' title='bbox 3028 1401 3143 1457; x_wconf 88' lang='lat' dir='ltr'><strong>lieri</strong></span> <span class='ocrx_word' id='word_1_226' title='bbox 3166 1404 3351 1476; x_wconf 74' lang='lat' dir='ltr'><strong>(Vens.</strong></span> <span class='ocrx_word' id='word_1_227' title='bbox 3377 1406 3456 1478; x_wconf 82' lang='lat'><strong>9),</strong></span> <span class='ocrx_word' id='word_1_228' title='bbox 3476 1409 3705 1479; x_wconf 82' lang='lat' dir='ltr'><strong>subjun-</strong></span> 
     </span>
    </p>
   </div>
   <div class='ocr_carea' id='block_1_30' title="bbox 2112 1488 2761 1559">
    <p class='ocr_par' dir='ltr' id='par_1_30' title="bbox 2112 1488 2761 1559">
     <span class='ocr_line' id='line_1_30' title="bbox 2112 1488 2761 1559; baseline 0.006 -18"><span class='ocrx_word' id='word_1_229' title='bbox 2112 1488 2189 1559; x_wconf 88' lang='lat' dir='ltr'><strong>git</strong></span> <span class='ocrx_word' id='word_1_230' title='bbox 2216 1489 2495 1555; x_wconf 84' lang='lat' dir='ltr'><strong>Dominus,</strong></span> <span class='ocrx_word' id='word_1_231' title='bbox 2532 1490 2719 1545; x_wconf 88' lang='lat' dir='ltr'><strong>dicens</strong></span> <span class='ocrx_word' id='word_1_232' title='bbox 2748 1508 2761 1544; x_wconf 91' lang='lat'><strong>:</strong></span> 
     </span>
    </p>
   </div>
   <div class='ocr_carea' id='block_1_31' title="bbox 2184 1578 3703 1660">
    <p class='ocr_par' dir='ltr' id='par_1_31' title="bbox 2184 1578 3703 1660">
     <span class='ocr_line' id='line_1_31' title="bbox 2184 1578 3703 1660; baseline 0.007 -26"><span class='ocrx_word' id='word_1_233' title='bbox 2184 1578 2344 1634; x_wconf 72' lang='lat' dir='ltr'><strong>Vsus.</strong></span> <span class='ocrx_word' id='word_1_234' title='bbox 2378 1579 2464 1634; x_wconf 77' lang='grc'><strong>10.</strong></span> <span class='ocrx_word' id='word_1_235' title='bbox 2488 1610 2560 1620; x_wconf 93' lang='grc'><strong>--</strong></span> <span class='ocrx_word' id='word_1_236' title='bbox 2590 1580 2668 1634; x_wconf 87' lang='lat' dir='ltr'><strong>Tu</strong></span> <span class='ocrx_word' id='word_1_237' title='bbox 2699 1597 2753 1636; x_wconf 86' lang='lat' dir='ltr'><strong>es</strong></span> <span class='ocrx_word' id='word_1_238' title='bbox 2776 1582 3024 1653; x_wconf 69' lang='lat' dir='ltr'><strong>magister</strong></span> <span class='ocrx_word' id='word_1_239' title='bbox 3048 1584 3103 1637; x_wconf 83' lang='lat' dir='ltr'><strong>in</strong></span> <span class='ocrx_word' id='word_1_240' title='bbox 3129 1582 3319 1650; x_wconf 83' lang='lat' dir='ltr'><strong>Israel,</strong></span> <span class='ocrx_word' id='word_1_241' title='bbox 3340 1596 3390 1640; x_wconf 88' lang='lat' dir='ltr'><strong>et</strong></span> <span class='ocrx_word' id='word_1_242' title='bbox 3412 1589 3524 1643; x_wconf 80' lang='lat' dir='ltr'><strong>Iure</strong></span> <span class='ocrx_word' id='word_1_243' title='bbox 3544 1590 3703 1660; x_wconf 76' lang='lat' dir='ltr'><strong>igno-</strong></span> 
     </span>
    </p>
   </div>
   <div class='ocr_carea' id='block_1_32' title="bbox 2114 1669 3702 1750">
    <p class='ocr_par' dir='ltr' id='par_1_32' title="bbox 2114 1669 3702 1750">
     <span class='ocr_line' id='line_1_32' title="bbox 2114 1669 3702 1750; baseline 0.008 -27"><span class='ocrx_word' id='word_1_244' title='bbox 2114 1670 2243 1725; x_wconf 79' lang='lat' dir='ltr'><strong>ras?</strong></span> <span class='ocrx_word' id='word_1_245' title='bbox 2263 1669 2380 1724; x_wconf 87' lang='lat' dir='ltr'><strong>Non</strong></span> <span class='ocrx_word' id='word_1_246' title='bbox 2410 1672 2563 1741; x_wconf 89' lang='lat' dir='ltr'><strong>quasi</strong></span> <span class='ocrx_word' id='word_1_247' title='bbox 2592 1671 2850 1727; x_wconf 87' lang='lat' dir='ltr'><strong>insultare</strong></span> <span class='ocrx_word' id='word_1_248' title='bbox 2887 1673 3073 1730; x_wconf 89' lang='lat' dir='ltr'><strong>volens</strong></span> <span class='ocrx_word' id='word_1_249' title='bbox 3100 1675 3151 1729; x_wconf 87' lang='lat' dir='ltr'><strong>ei</strong></span> <span class='ocrx_word' id='word_1_250' title='bbox 3188 1678 3282 1747; x_wconf 88' lang='lat' dir='ltr'><strong>qui</strong></span> <span class='ocrx_word' id='word_1_251' title='bbox 3309 1680 3573 1750; x_wconf 73' lang='lat' dir='ltr'><strong>magister</strong></span> <span class='ocrx_word' id='word_1_252' title='bbox 3597 1697 3702 1736; x_wconf 72' lang='lat' dir='ltr'><strong>vo-</strong></span> 
     </span>
    </p>
   </div>
   <div class='ocr_carea' id='block_1_33' title="bbox 430 1762 3696 1840">
    <p class='ocr_par' dir='ltr' id='par_1_33' title="bbox 430 1762 3696 1840">
     <span class='ocr_line' id='line_1_33' title="bbox 430 1762 3696 1840; baseline 0.001 -14"><span class='ocrx_word' id='word_1_253' title='bbox 430 1784 641 1827; x_wconf 84' lang='lat' dir='ltr'><strong>renatus</strong></span> <span class='ocrx_word' id='word_1_254' title='bbox 671 1770 827 1838; x_wconf 76' lang='lat' dir='ltr'><strong>fuerit</strong></span> <span class='ocrx_word' id='word_1_255' title='bbox 856 1786 921 1824; x_wconf 80' lang='lat' dir='ltr'><strong>ea:</strong></span> <span class='ocrx_word' id='word_1_256' title='bbox 937 1784 1076 1840; x_wconf 82' lang='lat' dir='ltr'><strong>aqua</strong></span> <span class='ocrx_word' id='word_1_257' title='bbox 1100 1777 1146 1821; x_wconf 88' lang='lat' dir='ltr'><strong>et</strong></span> <span class='ocrx_word' id='word_1_258' title='bbox 1177 1765 1398 1837; x_wconf 81' lang='lat' dir='ltr'><strong>Spiritu,</strong></span> <span class='ocrx_word' id='word_1_259' title='bbox 1439 1783 1542 1820; x_wconf 80' lang='lat' dir='ltr'><strong>non</strong></span> <span class='ocrx_word' id='word_1_260' title='bbox 1587 1776 1749 1838; x_wconf 86' lang='lat' dir='ltr'><strong>potest</strong></span> <span class='ocrx_word' id='word_1_261' title='bbox 1795 1767 2009 1820; x_wconf 79' lang='lat' dir='ltr'><strong>introire</strong></span> <span class='ocrx_word' id='word_1_262' title='bbox 2043 1767 2081 1823; x_wconf 78' lang='lat' dir='ltr'><strong>li</strong></span> <span class='ocrx_word' id='word_1_263' title='bbox 2112 1768 2285 1825; x_wconf 69' lang='grc' dir='ltr'>θεων,</span> <span class='ocrx_word' id='word_1_264' title='bbox 2336 1775 2458 1815; x_wconf 77' lang='lat' dir='ltr'><strong>cum</strong></span> <span class='ocrx_word' id='word_1_265' title='bbox 2488 1762 2558 1816; x_wconf 84' lang='lat' dir='ltr'><strong>sit</strong></span> <span class='ocrx_word' id='word_1_266' title='bbox 2598 1762 2818 1833; x_wconf 79' lang='lat' dir='ltr'><strong>ignarus</strong></span> <span class='ocrx_word' id='word_1_267' title='bbox 2860 1774 3324 1823; x_wconf 79' lang='lat' dir='ltr'><strong>sacramentorum</strong></span> <span class='ocrx_word' id='word_1_268' title='bbox 3352 1770 3696 1839; x_wconf 65' lang='lat' dir='ltr'><strong>caelestium;</strong></span> 
     </span>
    </p>
   </div>
   <div class='ocr_carea' id='block_1_34' title="bbox 428 1856 2013 1931">
    <p class='ocr_par' dir='ltr' id='par_1_34' title="bbox 428 1856 2013 1931">
     <span class='ocr_line' id='line_1_34' title="bbox 428 1856 2013 1931; baseline -0.003 -17"><span class='ocrx_word' id='word_1_269' title='bbox 428 1863 486 1914; x_wconf 81' lang='lat' dir='ltr'><strong>in</strong></span> <span class='ocrx_word' id='word_1_270' title='bbox 512 1877 726 1931; x_wconf 82' lang='lat' dir='ltr'><strong>regnum</strong></span> <span class='ocrx_word' id='word_1_271' title='bbox 752 1860 868 1914; x_wconf 85' lang='lat' dir='ltr'><strong>Dei.</strong></span> <span class='ocrx_word' id='word_1_272' title='bbox 901 1858 1064 1929; x_wconf 88' lang='lat' dir='ltr'><strong>Cujus</strong></span> <span class='ocrx_word' id='word_1_273' title='bbox 1091 1856 1391 1911; x_wconf 84' lang='lat' dir='ltr'><strong>nativitatis</strong></span> <span class='ocrx_word' id='word_1_274' title='bbox 1437 1856 1653 1911; x_wconf 90' lang='lat' dir='ltr'><strong>modum</strong></span> <span class='ocrx_word' id='word_1_275' title='bbox 1682 1856 2013 1926; x_wconf 85' lang='lat' dir='ltr'><strong>subsequen-</strong></span> 
     </span>
    </p>
   </div>
   <div class='ocr_carea' id='block_1_35' title="bbox 431 1945 2008 2019">
    <p class='ocr_par' dir='ltr' id='par_1_35' title="bbox 431 1945 2008 2019">
     <span class='ocr_line' id='line_1_35' title="bbox 431 1945 2008 2019; baseline -0.003 -16"><span class='ocrx_word' id='word_1_276' title='bbox 431 1961 515 2004; x_wconf 79' lang='lat' dir='ltr'><strong>ter</strong></span> <span class='ocrx_word' id='word_1_277' title='bbox 563 1964 858 2019; x_wconf 79' lang='lat' dir='ltr'><strong>exponens,</strong></span> <span class='ocrx_word' id='word_1_278' title='bbox 886 1960 1215 2017; x_wconf 89' lang='lat' dir='ltr'><strong>prorsusque</strong></span> <span class='ocrx_word' id='word_1_279' title='bbox 1242 1961 1272 1999; x_wconf 90' lang='lat' dir='ltr'><strong>a</strong></span> <span class='ocrx_word' id='word_1_280' title='bbox 1297 1946 1501 2001; x_wconf 89' lang='lat' dir='ltr'><strong>carnali</strong></span> <span class='ocrx_word' id='word_1_281' title='bbox 1531 1945 1864 2017; x_wconf 79' lang='lat' dir='ltr'><strong>distinguens</strong></span> <span class='ocrx_word' id='word_1_282' title='bbox 1891 1947 1968 2000; x_wconf 92' lang='lat' dir='ltr'><strong>ait</strong></span> <span class='ocrx_word' id='word_1_283' title='bbox 1994 1961 2008 1998; x_wconf 90' lang='lat'><strong>:</strong></span> 
     </span>
    </p>
   </div>
   <div class='ocr_carea' id='block_1_36' title="bbox 426 2032 2013 2108">
    <p class='ocr_par' dir='ltr' id='par_1_36' title="bbox 426 2032 2013 2108">
     <span class='ocr_line' id='line_1_36' title="bbox 426 2032 2013 2108; baseline -0.001 -16"><span class='ocrx_word' id='word_1_284' title='bbox 426 2038 613 2107; x_wconf 68' lang='lat' dir='ltr'><strong>(Vens.</strong></span> <span class='ocrx_word' id='word_1_285' title='bbox 645 2037 698 2107; x_wconf 85' lang='lat'><strong>6)</strong></span> <span class='ocrx_word' id='word_1_286' title='bbox 727 2035 879 2102; x_wconf 83' lang='lat' dir='ltr'><strong>Quod</strong></span> <span class='ocrx_word' id='word_1_287' title='bbox 909 2048 1091 2091; x_wconf 86' lang='lat' dir='ltr'><strong>natum</strong></span> <span class='ocrx_word' id='word_1_288' title='bbox 1117 2046 1191 2090; x_wconf 84' lang='lat' dir='ltr'><strong>est</strong></span> <span class='ocrx_word' id='word_1_289' title='bbox 1217 2051 1283 2090; x_wconf 78' lang='lat' dir='ltr'><strong>ea:</strong></span> <span class='ocrx_word' id='word_1_290' title='bbox 1309 2052 1486 2100; x_wconf 86' lang='lat' dir='ltr'><strong>carne,</strong></span> <span class='ocrx_word' id='word_1_291' title='bbox 1518 2032 1642 2089; x_wconf 78' lang='lat' dir='ltr'><strong>caro</strong></span> <span class='ocrx_word' id='word_1_292' title='bbox 1667 2046 1741 2091; x_wconf 86' lang='lat' dir='ltr'><strong>est</strong></span> <span class='ocrx_word' id='word_1_293' title='bbox 1758 2053 1778 2102; x_wconf 87' lang='lat'><strong>;</strong></span> <span class='ocrx_word' id='word_1_294' title='bbox 1799 2045 1846 2090; x_wconf 89' lang='lat' dir='ltr'><strong>et</strong></span> <span class='ocrx_word' id='word_1_295' title='bbox 1871 2036 2013 2108; x_wconf 86' lang='lat' dir='ltr'><strong>quod</strong></span> 
     </span>
    </p>
   </div>
   <div class='ocr_carea' id='block_1_37' title="bbox 430 2128 2011 2201">
    <p class='ocr_par' dir='ltr' id='par_1_37' title="bbox 430 2128 2011 2201">
     <span class='ocr_line' id='line_1_37' title="bbox 430 2128 2011 2201; baseline 0.001 -18"><span class='ocrx_word' id='word_1_296' title='bbox 430 2140 611 2184; x_wconf 76' lang='lat' dir='ltr'><strong>mrum</strong></span> <span class='ocrx_word' id='word_1_297' title='bbox 665 2138 741 2183; x_wconf 84' lang='lat' dir='ltr'><strong>est</strong></span> <span class='ocrx_word' id='word_1_298' title='bbox 772 2146 836 2184; x_wconf 73' lang='lat' dir='ltr'><strong>ea:</strong></span> <span class='ocrx_word' id='word_1_299' title='bbox 876 2130 1100 2201; x_wconf 81' lang='lat' dir='ltr'><strong>spiritu,</strong></span> <span class='ocrx_word' id='word_1_300' title='bbox 1150 2129 1367 2201; x_wconf 89' lang='lat' dir='ltr'><strong>spiritus</strong></span> <span class='ocrx_word' id='word_1_301' title='bbox 1411 2137 1507 2183; x_wconf 84' lang='lat' dir='ltr'><strong>est.</strong></span> <span class='ocrx_word' id='word_1_302' title='bbox 1535 2129 1738 2182; x_wconf 78' lang='lat' dir='ltr'><strong>Natura</strong></span> <span class='ocrx_word' id='word_1_303' title='bbox 1786 2128 2011 2199; x_wconf 85' lang='lat' dir='ltr'><strong>spiritus</strong></span> 
     </span>
    </p>
   </div>
   <div class='ocr_carea' id='block_1_38' title="bbox 429 2218 2013 2289">
    <p class='ocr_par' dir='ltr' id='par_1_38' title="bbox 429 2218 2013 2289">
     <span class='ocr_line' id='line_1_38' title="bbox 429 2218 2013 2289; baseline 0.001 -17"><span class='ocrx_word' id='word_1_304' title='bbox 429 2220 949 2285; x_wconf 76' lang='lat' dir='ltr'><strong>invisibilis,.carnis</strong></span> <span class='ocrx_word' id='word_1_305' title='bbox 985 2228 1070 2275; x_wconf 91' lang='lat' dir='ltr'><strong>est</strong></span> <span class='ocrx_word' id='word_1_306' title='bbox 1097 2219 1354 2286; x_wconf 88' lang='lat' dir='ltr'><strong>visibilis;</strong></span> <span class='ocrx_word' id='word_1_307' title='bbox 1407 2227 1568 2289; x_wconf 88' lang='lat' dir='ltr'><strong>atque</strong></span> <span class='ocrx_word' id='word_1_308' title='bbox 1623 2219 1745 2273; x_wconf 90' lang='lat' dir='ltr'><strong>ideo</strong></span> <span class='ocrx_word' id='word_1_309' title='bbox 1781 2218 2013 2273; x_wconf 89' lang='lat' dir='ltr'><strong>carnalis</strong></span> 
     </span>
    </p>
   </div>
   <div class='ocr_carea' id='block_1_39' title="bbox 429 2307 2011 2378">
    <p class='ocr_par' dir='ltr' id='par_1_39' title="bbox 429 2307 2011 2378">
     <span class='ocr_line' id='line_1_39' title="bbox 429 2307 2011 2378; baseline 0.001 -17"><span class='ocrx_word' id='word_1_310' title='bbox 429 2308 708 2378; x_wconf 72' lang='lat' dir='ltr'><strong>generatio</strong></span> <span class='ocrx_word' id='word_1_311' title='bbox 754 2307 1040 2363; x_wconf 86' lang='lat' dir='ltr'><strong>visibiliter</strong></span> <span class='ocrx_word' id='word_1_312' title='bbox 1067 2307 1477 2362; x_wconf 88' lang='lat' dir='ltr'><strong>administratur</strong></span> <span class='ocrx_word' id='word_1_313' title='bbox 1505 2307 1803 2362; x_wconf 89' lang='lat' dir='ltr'><strong>visibilibus</strong></span> <span class='ocrx_word' id='word_1_314' title='bbox 1831 2308 2011 2363; x_wconf 88' lang='lat' dir='ltr'><strong>incre-</strong></span> 
     </span>
    </p>
   </div>
   <div class='ocr_carea' id='block_1_40' title="bbox 427 2398 2011 2469">
    <p class='ocr_par' dir='ltr' id='par_1_40' title="bbox 427 2398 2011 2469">
     <span class='ocr_line' id='line_1_40' title="bbox 427 2398 2011 2469; baseline -0.001 -14"><span class='ocrx_word' id='word_1_315' title='bbox 427 2401 643 2455; x_wconf 80' lang='lat' dir='ltr'><strong>mentis.</strong></span> <span class='ocrx_word' id='word_1_316' title='bbox 662 2398 770 2466; x_wconf 74' lang='lat' dir='ltr'><strong>Qui</strong></span> <span class='ocrx_word' id='word_1_317' title='bbox 801 2399 855 2454; x_wconf 92' lang='lat' dir='ltr'><strong>in</strong></span> <span class='ocrx_word' id='word_1_318' title='bbox 879 2414 1045 2454; x_wconf 89' lang='lat' dir='ltr'><strong>carne</strong></span> <span class='ocrx_word' id='word_1_319' title='bbox 1070 2398 1332 2464; x_wconf 90' lang='lat' dir='ltr'><strong>nascitur,</strong></span> <span class='ocrx_word' id='word_1_320' title='bbox 1372 2413 1471 2469; x_wconf 89' lang='lat' dir='ltr'><strong>per</strong></span> <span class='ocrx_word' id='word_1_321' title='bbox 1490 2406 1711 2453; x_wconf 82' lang='lat' dir='ltr'><strong>:etatum</strong></span> <span class='ocrx_word' id='word_1_322' title='bbox 1738 2405 2011 2454; x_wconf 83' lang='lat' dir='ltr'><strong>momenta</strong></span> 
     </span>
    </p>
   </div>
   <div class='ocr_carea' id='block_1_41' title="bbox 425 2488 2013 2560">
    <p class='ocr_par' dir='ltr' id='par_1_41' title="bbox 425 2488 2013 2560">
     <span class='ocr_line' id='line_1_41' title="bbox 425 2488 2013 2560; baseline 0.001 -17"><span class='ocrx_word' id='word_1_323' title='bbox 425 2489 668 2558; x_wconf 65' lang='lat' dir='ltr'><strong>prolicit;</strong></span> <span class='ocrx_word' id='word_1_324' title='bbox 709 2489 966 2560; x_wconf 87' lang='lat' dir='ltr'><strong>spiritalis</strong></span> <span class='ocrx_word' id='word_1_325' title='bbox 999 2496 1179 2543; x_wconf 90' lang='lat' dir='ltr'><strong>autem</strong></span> <span class='ocrx_word' id='word_1_326' title='bbox 1211 2488 1486 2558; x_wconf 75' lang='lat' dir='ltr'><strong>generatio</strong></span> <span class='ocrx_word' id='word_1_327' title='bbox 1510 2496 1622 2543; x_wconf 85' lang='lat' dir='ltr'><strong>tota</strong></span> <span class='ocrx_word' id='word_1_328' title='bbox 1672 2488 2013 2544; x_wconf 84' lang='lat' dir='ltr'><strong>invisibiliter</strong></span> 
     </span>
    </p>
   </div>
   <div class='ocr_carea' id='block_1_42' title="bbox 425 2579 2009 2654">
    <p class='ocr_par' dir='ltr' id='par_1_42' title="bbox 425 2579 2009 2654">
     <span class='ocr_line' id='line_1_42' title="bbox 425 2579 2009 2654; baseline 0.002 -20"><span class='ocrx_word' id='word_1_329' title='bbox 425 2582 622 2652; x_wconf 79' lang='lat' dir='ltr'><strong>agitur.</strong></span> <span class='ocrx_word' id='word_1_330' title='bbox 654 2580 787 2636; x_wconf 84' lang='lat' dir='ltr'><strong>Nam</strong></span> <span class='ocrx_word' id='word_1_331' title='bbox 815 2582 1026 2637; x_wconf 84' lang='lat' dir='ltr'><strong>videtur</strong></span> <span class='ocrx_word' id='word_1_332' title='bbox 1051 2581 1264 2651; x_wconf 88' lang='lat' dir='ltr'><strong>quidem</strong></span> <span class='ocrx_word' id='word_1_333' title='bbox 1292 2580 1593 2651; x_wconf 88' lang='lat' dir='ltr'><strong>baptizatus</strong></span> <span class='ocrx_word' id='word_1_334' title='bbox 1620 2579 1812 2654; x_wconf 87' lang='lat' dir='ltr'><strong>[Beda,</strong></span> <span class='ocrx_word' id='word_1_335' title='bbox 1833 2582 2009 2652; x_wconf 87' lang='lat' dir='ltr'><strong>bapti-</strong></span> 
     </span>
    </p>
   </div>
   <div class='ocr_carea' id='block_1_43' title="bbox 426 2671 2005 2746">
    <p class='ocr_par' dir='ltr' id='par_1_43' title="bbox 426 2671 2005 2746">
     <span class='ocr_line' id='line_1_43' title="bbox 426 2671 2005 2746; baseline 0.002 -21"><span class='ocrx_word' id='word_1_336' title='bbox 426 2672 652 2746; x_wconf 70' lang='lat' dir='ltr'><strong>zandus]</strong></span> <span class='ocrx_word' id='word_1_337' title='bbox 676 2674 729 2728; x_wconf 91' lang='lat' dir='ltr'><strong>in</strong></span> <span class='ocrx_word' id='word_1_338' title='bbox 757 2671 956 2729; x_wconf 82' lang='lat' dir='ltr'><strong>fontem</strong></span> <span class='ocrx_word' id='word_1_339' title='bbox 980 2674 1326 2738; x_wconf 87' lang='lat' dir='ltr'><strong>descendere,</strong></span> <span class='ocrx_word' id='word_1_340' title='bbox 1343 2674 1557 2729; x_wconf 83' lang='lat' dir='ltr'><strong>videtur</strong></span> <span class='ocrx_word' id='word_1_341' title='bbox 1582 2675 1737 2745; x_wconf 90' lang='lat' dir='ltr'><strong>aquis</strong></span> <span class='ocrx_word' id='word_1_342' title='bbox 1756 2674 2005 2746; x_wconf 90' lang='lat' dir='ltr'><strong>intingui,</strong></span> 
     </span>
    </p>
   </div>
   <div class='ocr_carea' id='block_1_44' title="bbox 427 2765 2009 2836">
    <p class='ocr_par' dir='ltr' id='par_1_44' title="bbox 427 2765 2009 2836">
     <span class='ocr_line' id='line_1_44' title="bbox 427 2765 2009 2836; baseline 0.003 -19"><span class='ocrx_word' id='word_1_343' title='bbox 427 2765 640 2819; x_wconf 79' lang='lat' dir='ltr'><strong>videtur</strong></span> <span class='ocrx_word' id='word_1_344' title='bbox 673 2765 737 2821; x_wconf 89' lang='lat' dir='ltr'><strong>de</strong></span> <span class='ocrx_word' id='word_1_345' title='bbox 780 2766 937 2836; x_wconf 88' lang='lat' dir='ltr'><strong>aquis</strong></span> <span class='ocrx_word' id='word_1_346' title='bbox 985 2766 1308 2832; x_wconf 87' lang='lat' dir='ltr'><strong>ascendere;</strong></span> <span class='ocrx_word' id='word_1_347' title='bbox 1341 2765 1433 2836; x_wconf 90' lang='lat' dir='ltr'><strong>qui</strong></span> <span class='ocrx_word' id='word_1_348' title='bbox 1456 2775 1636 2821; x_wconf 89' lang='lat' dir='ltr'><strong>autem</strong></span> <span class='ocrx_word' id='word_1_349' title='bbox 1662 2767 1715 2822; x_wconf 90' lang='lat' dir='ltr'><strong>in</strong></span> <span class='ocrx_word' id='word_1_350' title='bbox 1747 2767 1838 2823; x_wconf 90' lang='lat' dir='ltr'><strong>illo</strong></span> <span class='ocrx_word' id='word_1_351' title='bbox 1862 2767 2009 2822; x_wconf 87' lang='lat' dir='ltr'><strong>lava-</strong></span> 
     </span>
    </p>
   </div>
   <div class='ocr_carea' id='block_1_45' title="bbox 423 2855 2003 2928">
    <p class='ocr_par' dir='ltr' id='par_1_45' title="bbox 423 2855 2003 2928">
     <span class='ocr_line' id='line_1_45' title="bbox 423 2855 2003 2928; baseline 0 -19"><span class='ocrx_word' id='word_1_352' title='bbox 423 2871 581 2911; x_wconf 84' lang='lat' dir='ltr'><strong>crum</strong></span> <span class='ocrx_word' id='word_1_353' title='bbox 628 2855 1051 2927; x_wconf 82' lang='lat' dir='ltr'><strong>regenerationis</strong></span> <span class='ocrx_word' id='word_1_354' title='bbox 1092 2855 1286 2926; x_wconf 90' lang='lat' dir='ltr'><strong>egerit,</strong></span> <span class='ocrx_word' id='word_1_355' title='bbox 1330 2857 1552 2912; x_wconf 89' lang='lat' dir='ltr'><strong>minime</strong></span> <span class='ocrx_word' id='word_1_356' title='bbox 1589 2864 1766 2928; x_wconf 86' lang='lat' dir='ltr'><strong>potest</strong></span> <span class='ocrx_word' id='word_1_357' title='bbox 1812 2856 2003 2913; x_wconf 86' lang='lat' dir='ltr'><strong>videri.</strong></span> 
     </span>
    </p>
   </div>
   <div class='ocr_carea' id='block_1_46' title="bbox 425 2943 2003 3018">
    <p class='ocr_par' dir='ltr' id='par_1_46' title="bbox 425 2943 2003 3018">
     <span class='ocr_line' id='line_1_46' title="bbox 425 2943 2003 3018; baseline 0 -18"><span class='ocrx_word' id='word_1_358' title='bbox 425 2945 551 3001; x_wconf 87' lang='lat' dir='ltr'><strong>Sola</strong></span> <span class='ocrx_word' id='word_1_359' title='bbox 586 2955 764 3001; x_wconf 85' lang='lat' dir='ltr'><strong>autem</strong></span> <span class='ocrx_word' id='word_1_360' title='bbox 816 2943 1008 3018; x_wconf 84' lang='lat' dir='ltr'><strong>[Beda,</strong></span> <span class='ocrx_word' id='word_1_361' title='bbox 1035 2944 1146 3000; x_wconf 88' lang='lat' dir='ltr'><strong>sola</strong></span> <span class='ocrx_word' id='word_1_362' title='bbox 1185 2943 1310 3017; x_wconf 90' lang='lat' dir='ltr'><strong>hoc]</strong></span> <span class='ocrx_word' id='word_1_363' title='bbox 1343 2944 1579 3001; x_wconf 77' lang='lat' dir='ltr'><strong>ﬁdelium</strong></span> <span class='ocrx_word' id='word_1_364' title='bbox 1620 2947 1795 3018; x_wconf 88' lang='lat' dir='ltr'><strong>pietas</strong></span> <span class='ocrx_word' id='word_1_365' title='bbox 1832 2946 2003 3012; x_wconf 91' lang='lat' dir='ltr'><strong>novit,</strong></span> 
     </span>
    </p>
   </div>
   <div class='ocr_carea' id='block_1_47' title="bbox 424 3034 2003 3109">
    <p class='ocr_par' dir='ltr' id='par_1_47' title="bbox 424 3034 2003 3109">
     <span class='ocr_line' id='line_1_47' title="bbox 424 3034 2003 3109; baseline 0.001 -17"><span class='ocrx_word' id='word_1_366' title='bbox 424 3040 549 3109; x_wconf 89' lang='lat' dir='ltr'><strong>quia</strong></span> <span class='ocrx_word' id='word_1_367' title='bbox 574 3048 826 3109; x_wconf 86' lang='lat' dir='ltr'><strong>peccator</strong></span> <span class='ocrx_word' id='word_1_368' title='bbox 850 3037 902 3091; x_wconf 93' lang='lat' dir='ltr'><strong>in</strong></span> <span class='ocrx_word' id='word_1_369' title='bbox 951 3034 1150 3090; x_wconf 81' lang='lat' dir='ltr'><strong>fontem</strong></span> <span class='ocrx_word' id='word_1_370' title='bbox 1198 3036 1506 3103; x_wconf 85' lang='lat' dir='ltr'><strong>descendit,</strong></span> <span class='ocrx_word' id='word_1_371' title='bbox 1539 3038 1631 3093; x_wconf 90' lang='lat' dir='ltr'><strong>sed</strong></span> <span class='ocrx_word' id='word_1_372' title='bbox 1682 3039 2003 3108; x_wconf 80' lang='lat' dir='ltr'><strong>puriﬁcatus</strong></span> 
     </span>
    </p>
   </div>
   <div class='ocr_carea' id='block_1_48' title="bbox 2112 1849 3701 1933">
    <p class='ocr_par' dir='ltr' id='par_1_48' title="bbox 2112 1849 3701 1933">
     <span class='ocr_line' id='line_1_48' title="bbox 2112 1849 3701 1933; baseline 0.009 -30"><span class='ocrx_word' id='word_1_373' title='bbox 2112 1849 2204 1904; x_wconf 87' lang='lat' dir='ltr'><strong>sed</strong></span> <span class='ocrx_word' id='word_1_374' title='bbox 2250 1851 2316 1904; x_wconf 87' lang='lat' dir='ltr'><strong>ad</strong></span> <span class='ocrx_word' id='word_1_375' title='bbox 2346 1851 2662 1908; x_wconf 86' lang='lat' dir='ltr'><strong>humilitatis</strong></span> <span class='ocrx_word' id='word_1_376' title='bbox 2700 1853 2848 1909; x_wconf 91' lang='lat' dir='ltr'><strong>illum</strong></span> <span class='ocrx_word' id='word_1_377' title='bbox 2875 1855 3017 1909; x_wconf 87' lang='lat' dir='ltr'><strong>viam</strong></span> <span class='ocrx_word' id='word_1_378' title='bbox 3059 1872 3380 1926; x_wconf 83' lang='lat' dir='ltr'><strong>provocans,</strong></span> <span class='ocrx_word' id='word_1_379' title='bbox 3428 1860 3547 1916; x_wconf 85' lang='lat' dir='ltr'><strong>sine</strong></span> <span class='ocrx_word' id='word_1_380' title='bbox 3588 1879 3701 1933; x_wconf 86' lang='lat' dir='ltr'><strong>qua</strong></span> 
     </span>
    </p>
   </div>
   <div class='ocr_carea' id='block_1_49' title="bbox 2104 1941 3148 2015">
    <p class='ocr_par' dir='ltr' id='par_1_49' title="bbox 2104 1941 3148 2015">
     <span class='ocr_line' id='line_1_49' title="bbox 2104 1941 3148 2015; baseline 0.006 -17"><span class='ocrx_word' id='word_1_381' title='bbox 2104 1941 2270 2011; x_wconf 88' lang='lat' dir='ltr'><strong>janua</strong></span> <span class='ocrx_word' id='word_1_382' title='bbox 2301 1942 2538 2000; x_wconf 77' lang='lat' dir='ltr'><strong>cmlestis</strong></span> <span class='ocrx_word' id='word_1_383' title='bbox 2558 1960 2663 2000; x_wconf 90' lang='lat' dir='ltr'><strong>non</strong></span> <span class='ocrx_word' id='word_1_384' title='bbox 2690 1954 2869 2015; x_wconf 82' lang='lat' dir='ltr'><strong>potest</strong></span> <span class='ocrx_word' id='word_1_385' title='bbox 2893 1947 3148 2005; x_wconf 81' lang='lat' dir='ltr'><strong>inveniri.</strong></span> 
     </span>
    </p>
   </div>
   <div class='ocr_carea' id='block_1_50' title="bbox 2182 2032 3697 2109">
    <p class='ocr_par' dir='ltr' id='par_1_50' title="bbox 2182 2032 3697 2109">
     <span class='ocr_line' id='line_1_50' title="bbox 2182 2032 3697 2109; baseline 0.007 -21"><span class='ocrx_word' id='word_1_386' title='bbox 2182 2033 2343 2088; x_wconf 73' lang='lat' dir='ltr'><strong>Vens.</strong></span> <span class='ocrx_word' id='word_1_387' title='bbox 2388 2032 2471 2087; x_wconf 77' lang='grc'><strong>12.</strong></span> <span class='ocrx_word' id='word_1_388' title='bbox 2493 2064 2562 2074; x_wconf 92' lang='lat'>—</span> <span class='ocrx_word' id='word_1_389' title='bbox 2584 2034 2642 2089; x_wconf 87' lang='lat' dir='ltr'><strong>Si</strong></span> <span class='ocrx_word' id='word_1_390' title='bbox 2663 2045 2870 2090; x_wconf 84' lang='lat' dir='ltr'><strong>terrena</strong></span> <span class='ocrx_word' id='word_1_391' title='bbox 2910 2037 3024 2091; x_wconf 72' lang='lat' dir='ltr'><strong>dixi</strong></span> <span class='ocrx_word' id='word_1_392' title='bbox 3054 2039 3224 2103; x_wconf 75' lang='lat' dir='ltr'><strong>vobis,</strong></span> <span class='ocrx_word' id='word_1_393' title='bbox 3255 2049 3303 2093; x_wconf 88' lang='lat' dir='ltr'><strong>et</strong></span> <span class='ocrx_word' id='word_1_394' title='bbox 3330 2056 3434 2095; x_wconf 80' lang='lat' dir='ltr'><strong>non</strong></span> <span class='ocrx_word' id='word_1_395' title='bbox 3458 2043 3697 2109; x_wconf 82' lang='lat' dir='ltr'><strong>creditis,</strong></span> 
     </span>
    </p>
   </div>
   <div class='ocr_carea' id='block_1_51' title="bbox 2110 2122 3696 2193">
    <p class='ocr_par' dir='ltr' id='par_1_51' title="bbox 2110 2122 3696 2193">
     <span class='ocr_line' id='line_1_51' title="bbox 2110 2122 3696 2193; baseline 0.009 -18"><span class='ocrx_word' id='word_1_396' title='bbox 2110 2122 2388 2193; x_wconf 86' lang='lat' dir='ltr'><strong>quomodo,</strong></span> <span class='ocrx_word' id='word_1_397' title='bbox 2422 2123 2469 2176; x_wconf 86' lang='lat' dir='ltr'><strong>si</strong></span> <span class='ocrx_word' id='word_1_398' title='bbox 2495 2122 2677 2177; x_wconf 76' lang='lat' dir='ltr'><strong>dixero</strong></span> <span class='ocrx_word' id='word_1_399' title='bbox 2723 2126 2864 2179; x_wconf 74' lang='lat' dir='ltr'><strong>vobis</strong></span> <span class='ocrx_word' id='word_1_400' title='bbox 2891 2124 3139 2191; x_wconf 72' lang='lat' dir='ltr'><strong>cozlestia,</strong></span> <span class='ocrx_word' id='word_1_401' title='bbox 3170 2128 3430 2184; x_wconf 74' lang='lat' dir='ltr'><strong>credetis?</strong></span> <span class='ocrx_word' id='word_1_402' title='bbox 3453 2132 3696 2188; x_wconf 81' lang='lat' dir='ltr'><strong>Terrena</strong></span> 
     </span>
    </p>
   </div>
   <div class='ocr_carea' id='block_1_52' title="bbox 2112 2212 3697 2285">
    <p class='ocr_par' dir='ltr' id='par_1_52' title="bbox 2112 2212 3697 2285">
     <span class='ocr_line' id='line_1_52' title="bbox 2112 2212 3697 2285; baseline 0.007 -17"><span class='ocrx_word' id='word_1_403' title='bbox 2112 2212 2217 2268; x_wconf 90' lang='lat' dir='ltr'><strong>illis</strong></span> <span class='ocrx_word' id='word_1_404' title='bbox 2240 2212 2396 2279; x_wconf 74' lang='lat' dir='ltr'><strong>dixit,</strong></span> <span class='ocrx_word' id='word_1_405' title='bbox 2411 2222 2470 2267; x_wconf 91' lang='lat' dir='ltr'><strong>ut</strong></span> <span class='ocrx_word' id='word_1_406' title='bbox 2499 2214 2551 2267; x_wconf 92' lang='lat' dir='ltr'><strong>in</strong></span> <span class='ocrx_word' id='word_1_407' title='bbox 2572 2216 2850 2283; x_wconf 89' lang='lat' dir='ltr'><strong>superiore</strong></span> <span class='ocrx_word' id='word_1_408' title='bbox 2880 2216 3106 2272; x_wconf 88' lang='lat' dir='ltr'><strong>lectione</strong></span> <span class='ocrx_word' id='word_1_409' title='bbox 3133 2219 3458 2285; x_wconf 81' lang='lat' dir='ltr'><strong>invenimus,</strong></span> <span class='ocrx_word' id='word_1_410' title='bbox 3480 2238 3607 2277; x_wconf 89' lang='lat' dir='ltr'><strong>cum</strong></span> <span class='ocrx_word' id='word_1_411' title='bbox 3633 2224 3697 2279; x_wconf 81' lang='lat' dir='ltr'><strong>de</strong></span> 
     </span>
    </p>
   </div>
   <div class='ocr_carea' id='block_1_53' title="bbox 2110 2302 3697 2381">
    <p class='ocr_par' dir='ltr' id='par_1_53' title="bbox 2110 2302 3697 2381">
     <span class='ocr_line' id='line_1_53' title="bbox 2110 2302 3697 2381; baseline 0.008 -25"><span class='ocrx_word' id='word_1_412' title='bbox 2110 2302 2359 2371; x_wconf 90' lang='lat' dir='ltr'><strong>passione</strong></span> <span class='ocrx_word' id='word_1_413' title='bbox 2388 2303 2535 2358; x_wconf 88' lang='lat' dir='ltr'><strong>etde</strong></span> <span class='ocrx_word' id='word_1_414' title='bbox 2571 2305 2966 2361; x_wconf 89' lang='lat' dir='ltr'><strong>resurrectione</strong></span> <span class='ocrx_word' id='word_1_415' title='bbox 3009 2307 3094 2361; x_wconf 92' lang='lat' dir='ltr'><strong>sui</strong></span> <span class='ocrx_word' id='word_1_416' title='bbox 3138 2311 3407 2379; x_wconf 89' lang='lat' dir='ltr'><strong>corporis,</strong></span> <span class='ocrx_word' id='word_1_417' title='bbox 3455 2313 3599 2381; x_wconf 87' lang='lat' dir='ltr'><strong>quod</strong></span> <span class='ocrx_word' id='word_1_418' title='bbox 3631 2316 3697 2369; x_wconf 86' lang='lat' dir='ltr'><strong>dc</strong></span> 
     </span>
    </p>
   </div>
   <div class='ocr_carea' id='block_1_54' title="bbox 2112 2393 3683 2465">
    <p class='ocr_par' dir='ltr' id='par_1_54' title="bbox 2112 2393 3683 2465">
     <span class='ocr_line' id='line_1_54' title="bbox 2112 2393 3683 2465; baseline 0.004 -17"><span class='ocrx_word' id='word_1_419' title='bbox 2112 2401 2257 2448; x_wconf 81' lang='lat' dir='ltr'><strong>terra</strong></span> <span class='ocrx_word' id='word_1_420' title='bbox 2295 2401 2682 2463; x_wconf 88' lang='lat' dir='ltr'><strong>assumpserat,</strong></span> <span class='ocrx_word' id='word_1_421' title='bbox 2725 2393 3038 2465; x_wconf 91' lang='lat' dir='ltr'><strong>loqueretur</strong></span> <span class='ocrx_word' id='word_1_422' title='bbox 3076 2395 3297 2452; x_wconf 88' lang='lat' dir='ltr'><strong>dicens:</strong></span> <span class='ocrx_word' id='word_1_423' title='bbox 3328 2398 3528 2455; x_wconf 76' lang='lat' dir='ltr'><strong>Solvite</strong></span> <span class='ocrx_word' id='word_1_424' title='bbox 3566 2412 3683 2455; x_wconf 75' lang='lat' dir='ltr'><strong>tem-</strong></span> 
     </span>
    </p>
   </div>
   <div class='ocr_carea' id='block_1_55' title="bbox 2109 2481 3693 2563">
    <p class='ocr_par' dir='ltr' id='par_1_55' title="bbox 2109 2481 3693 2563">
     <span class='ocr_line' id='line_1_55' title="bbox 2109 2481 3693 2563; baseline 0.008 -28"><span class='ocrx_word' id='word_1_425' title='bbox 2109 2481 2253 2554; x_wconf 84' lang='lat' dir='ltr'><strong>plum</strong></span> <span class='ocrx_word' id='word_1_426' title='bbox 2279 2483 2398 2547; x_wconf 87' lang='lat' dir='ltr'><strong>hoc,</strong></span> <span class='ocrx_word' id='word_1_427' title='bbox 2427 2494 2473 2537; x_wconf 88' lang='lat' dir='ltr'><strong>et</strong></span> <span class='ocrx_word' id='word_1_428' title='bbox 2507 2484 2563 2537; x_wconf 84' lang='lat' dir='ltr'><strong>in</strong></span> <span class='ocrx_word' id='word_1_429' title='bbox 2590 2484 2755 2539; x_wconf 82' lang='lat' dir='ltr'><strong>tribus</strong></span> <span class='ocrx_word' id='word_1_430' title='bbox 2787 2486 2967 2541; x_wconf 87' lang='lat' dir='ltr'><strong>diebus</strong></span> <span class='ocrx_word' id='word_1_431' title='bbox 2997 2489 3235 2543; x_wconf 67' lang='lat' dir='ltr'><strong>excitabo</strong></span> <span class='ocrx_word' id='word_1_432' title='bbox 3262 2490 3399 2544; x_wconf 84' lang='lat' dir='ltr'><strong>illud</strong></span> <span class='ocrx_word' id='word_1_433' title='bbox 3422 2491 3605 2563; x_wconf 76' lang='lat' dir='ltr'><strong>(Joan.</strong></span> <span class='ocrx_word' id='word_1_434' title='bbox 3631 2511 3693 2559; x_wconf 87' lang='lat' dir='ltr'><strong>Il,</strong></span> 
     </span>
    </p>
   </div>
   <div class='ocr_carea' id='block_1_56' title="bbox 2112 2572 3691 2649">
    <p class='ocr_par' dir='ltr' id='par_1_56' title="bbox 2112 2572 3691 2649">
     <span class='ocr_line' id='line_1_56' title="bbox 2112 2572 3691 2649; baseline 0.009 -23"><span class='ocrx_word' id='word_1_435' title='bbox 2112 2572 2223 2644; x_wconf 74' lang='grc'><strong>19).</strong></span> <span class='ocrx_word' id='word_1_436' title='bbox 2260 2572 2374 2627; x_wconf 87' lang='lat' dir='ltr'><strong>Non</strong></span> <span class='ocrx_word' id='word_1_437' title='bbox 2426 2582 2605 2630; x_wconf 86' lang='lat' dir='ltr'><strong>tamen</strong></span> <span class='ocrx_word' id='word_1_438' title='bbox 2631 2575 2922 2632; x_wconf 86' lang='lat' dir='ltr'><strong>credebant</strong></span> <span class='ocrx_word' id='word_1_439' title='bbox 2950 2578 3116 2633; x_wconf 84' lang='lat' dir='ltr'><strong>verbo</strong></span> <span class='ocrx_word' id='word_1_440' title='bbox 3141 2579 3282 2649; x_wconf 87' lang='lat' dir='ltr'><strong>quod</strong></span> <span class='ocrx_word' id='word_1_441' title='bbox 3312 2582 3467 2649; x_wconf 82' lang='lat' dir='ltr'><strong>dixit,</strong></span> <span class='ocrx_word' id='word_1_442' title='bbox 3492 2585 3587 2639; x_wconf 88' lang='lat' dir='ltr'><strong>sed</strong></span> <span class='ocrx_word' id='word_1_443' title='bbox 3624 2599 3691 2639; x_wconf 72' lang='lat' dir='ltr'><strong>ne</strong></span> 
     </span>
    </p>
   </div>
   <div class='ocr_carea' id='block_1_57' title="bbox 2110 2661 3691 2748">
    <p class='ocr_par' dir='ltr' id='par_1_57' title="bbox 2110 2661 3691 2748">
     <span class='ocr_line' id='line_1_57' title="bbox 2110 2661 3691 2748; baseline 0.008 -31"><span class='ocrx_word' id='word_1_444' title='bbox 2110 2661 2215 2717; x_wconf 89' lang='lat' dir='ltr'><strong>hoc</strong></span> <span class='ocrx_word' id='word_1_445' title='bbox 2256 2663 2473 2732; x_wconf 81' lang='lat' dir='ltr'><strong>quidem</strong></span> <span class='ocrx_word' id='word_1_446' title='bbox 2532 2663 2828 2736; x_wconf 86' lang='lat' dir='ltr'><strong>intelligere</strong></span> <span class='ocrx_word' id='word_1_447' title='bbox 2868 2666 3119 2723; x_wconf 80' lang='lat' dir='ltr'><strong>valebant</strong></span> <span class='ocrx_word' id='word_1_448' title='bbox 3172 2669 3366 2743; x_wconf 83' lang='lat' dir='ltr'><strong>[Beda,</strong></span> <span class='ocrx_word' id='word_1_449' title='bbox 3393 2674 3691 2748; x_wconf 81' lang='lat' dir='ltr'><strong>volebant],</strong></span> 
     </span>
    </p>
   </div>
   <div class='ocr_carea' id='block_1_58' title="bbox 2110 2755 3676 2834">
    <p class='ocr_par' dir='ltr' id='par_1_58' title="bbox 2110 2755 3676 2834">
     <span class='ocr_line' id='line_1_58' title="bbox 2110 2755 3676 2834; baseline 0.01 -26"><span class='ocrx_word' id='word_1_450' title='bbox 2110 2755 2235 2825; x_wconf 88' lang='lat' dir='ltr'><strong>quia</strong></span> <span class='ocrx_word' id='word_1_451' title='bbox 2267 2771 2372 2810; x_wconf 90' lang='lat' dir='ltr'><strong>non</strong></span> <span class='ocrx_word' id='word_1_452' title='bbox 2402 2756 2467 2811; x_wconf 91' lang='lat' dir='ltr'><strong>de</strong></span> <span class='ocrx_word' id='word_1_453' title='bbox 2494 2756 2620 2822; x_wconf 89' lang='lat' dir='ltr'><strong>alio,</strong></span> <span class='ocrx_word' id='word_1_454' title='bbox 2643 2773 2805 2827; x_wconf 90' lang='lat' dir='ltr'><strong>quam</strong></span> <span class='ocrx_word' id='word_1_455' title='bbox 2838 2759 2907 2814; x_wconf 85' lang='lat' dir='ltr'><strong>de</strong></span> <span class='ocrx_word' id='word_1_456' title='bbox 2943 2760 3141 2831; x_wconf 88' lang='lat' dir='ltr'><strong>templo</strong></span> <span class='ocrx_word' id='word_1_457' title='bbox 3167 2764 3413 2834; x_wconf 86' lang='lat' dir='ltr'><strong>corporis</strong></span> <span class='ocrx_word' id='word_1_458' title='bbox 3430 2767 3512 2821; x_wconf 87' lang='lat' dir='ltr'><strong>sui</strong></span> <span class='ocrx_word' id='word_1_459' title='bbox 3541 2767 3676 2823; x_wconf 86' lang='lat' dir='ltr'><strong>dice-</strong></span> 
     </span>
    </p>
   </div>
   <div class='ocr_carea' id='block_1_59' title="bbox 2110 2845 3687 2926">
    <p class='ocr_par' dir='ltr' id='par_1_59' title="bbox 2110 2845 3687 2926">
     <span class='ocr_line' id='line_1_59' title="bbox 2110 2845 3687 2926; baseline 0.008 -26"><span class='ocrx_word' id='word_1_460' title='bbox 2110 2854 2211 2901; x_wconf 90' lang='lat' dir='ltr'><strong>ret.</strong></span> <span class='ocrx_word' id='word_1_461' title='bbox 2228 2845 2328 2913; x_wconf 85' lang='lat' dir='ltr'><strong>Qui</strong></span> <span class='ocrx_word' id='word_1_462' title='bbox 2348 2862 2476 2917; x_wconf 86' lang='lat' dir='ltr'><strong>ergo</strong></span> <span class='ocrx_word' id='word_1_463' title='bbox 2498 2854 2711 2903; x_wconf 80' lang='lat' dir='ltr'><strong>terrena</strong></span> <span class='ocrx_word' id='word_1_464' title='bbox 2733 2848 3014 2905; x_wconf 87' lang='lat' dir='ltr'><strong>audientes</strong></span> <span class='ocrx_word' id='word_1_465' title='bbox 3033 2867 3140 2907; x_wconf 93' lang='lat' dir='ltr'><strong>non</strong></span> <span class='ocrx_word' id='word_1_466' title='bbox 3163 2853 3470 2923; x_wconf 86' lang='lat' dir='ltr'><strong>capiebant,</strong></span> <span class='ocrx_word' id='word_1_467' title='bbox 3487 2865 3687 2926; x_wconf 89' lang='lat' dir='ltr'><strong>quanto</strong></span> 
     </span>
    </p>
   </div>
   <div class='ocr_carea' id='block_1_60' title="bbox 2108 2937 3686 3020">
    <p class='ocr_par' dir='ltr' id='par_1_60' title="bbox 2108 2937 3686 3020">
     <span class='ocr_line' id='line_1_60' title="bbox 2108 2937 3686 3020; baseline 0.006 -27"><span class='ocrx_word' id='word_1_468' title='bbox 2108 2937 2286 2993; x_wconf 89' lang='lat' dir='ltr'><strong>minus</strong></span> <span class='ocrx_word' id='word_1_469' title='bbox 2314 2938 2383 2992; x_wconf 91' lang='lat' dir='ltr'><strong>ad</strong></span> <span class='ocrx_word' id='word_1_470' title='bbox 2419 2938 2679 3005; x_wconf 73' lang='lat' dir='ltr'><strong>cmlestia,</strong></span> <span class='ocrx_word' id='word_1_471' title='bbox 2720 2940 2774 2994; x_wconf 91' lang='lat' dir='ltr'><strong>id</strong></span> <span class='ocrx_word' id='word_1_472' title='bbox 2801 2947 2904 3005; x_wconf 92' lang='lat' dir='ltr'><strong>est,</strong></span> <span class='ocrx_word' id='word_1_473' title='bbox 2931 2941 3125 2997; x_wconf 64' lang='lat' dir='ltr'><strong>divinae</strong></span> <span class='ocrx_word' id='word_1_474' title='bbox 3151 2947 3514 3013; x_wconf 76' lang='lat' dir='ltr'><strong>generationis</strong></span> <span class='ocrx_word' id='word_1_475' title='bbox 3535 2946 3686 3020; x_wconf 59' lang='grc' dir='ltr'><strong>[Ωιι.</strong></span> 
     </span>
    </p>
   </div>
   <div class='ocr_carea' id='block_1_61' title="bbox 2110 3030 3683 3106">
    <p class='ocr_par' dir='ltr' id='par_1_61' title="bbox 2110 3030 3683 3106">
     <span class='ocr_line' id='line_1_61' title="bbox 2110 3030 3683 3106; baseline 0.007 -22"><span class='ocrx_word' id='word_1_476' title='bbox 2110 3030 2555 3104; x_wconf 82' lang='lat' dir='ltr'><strong>regenerationis]</strong></span> <span class='ocrx_word' id='word_1_477' title='bbox 2586 3033 2845 3103; x_wconf 81' lang='lat' dir='ltr'><strong>capieada</strong></span> <span class='ocrx_word' id='word_1_478' title='bbox 2900 3036 3154 3106; x_wconf 80' lang='lat' dir='ltr'><strong>mysteria</strong></span> <span class='ocrx_word' id='word_1_479' title='bbox 3180 3034 3483 3092; x_wconf 83' lang='lat' dir='ltr'><strong>sulliciunt?</strong></span> <span class='ocrx_word' id='word_1_480' title='bbox 3526 3038 3683 3096; x_wconf 78' lang='lat' dir='ltr'><strong>Addit</strong></span> 
     </span>
    </p>
   </div>
   <div class='ocr_carea' id='block_1_62' title="bbox 424 3110 3686 3194">
    <p class='ocr_par' dir='ltr' id='par_1_62' title="bbox 424 3110 3686 3194">
     <span class='ocr_line' id='line_1_62' title="bbox 424 3110 3686 3194; baseline 0.003 -10"><span class='ocrx_word' id='word_1_481' title='bbox 424 3127 685 3183; x_wconf 85' lang='lat' dir='ltr'><strong>ascendit.</strong></span> <span class='ocrx_word' id='word_1_482' title='bbox 715 3125 883 3179; x_wconf 84' lang='lat' dir='ltr'><strong>Filius</strong></span> <span class='ocrx_word' id='word_1_483' title='bbox 907 3125 1365 3194; x_wconf 62' lang='lat' dir='ltr'><strong>praevaricationis</strong></span> <span class='ocrx_word' id='word_1_484' title='bbox 1404 3126 1700 3193; x_wconf 89' lang='lat' dir='ltr'><strong>descendit,</strong></span> <span class='ocrx_word' id='word_1_485' title='bbox 1734 3129 1829 3183; x_wconf 87' lang='lat' dir='ltr'><strong>sed</strong></span> <span class='ocrx_word' id='word_1_486' title='bbox 1857 3128 1999 3186; x_wconf 83' lang='lat' dir='ltr'><strong>ﬁlius</strong></span> <span class='ocrx_word' id='word_1_487' title='bbox 2028 3110 2072 3173; x_wconf 70' lang='grc' dir='ltr'>ο</span> <span class='ocrx_word' id='word_1_488' title='bbox 2104 3130 2283 3176; x_wconf 65' lang='lat' dir='ltr'><strong>autem</strong></span> <span class='ocrx_word' id='word_1_489' title='bbox 2302 3121 2561 3178; x_wconf 74' lang='lat' dir='ltr'><strong>Dominus</strong></span> <span class='ocrx_word' id='word_1_490' title='bbox 2586 3125 2784 3191; x_wconf 69' lang='lat' dir='ltr'><strong>adhuc.</strong></span> <span class='ocrx_word' id='word_1_491' title='bbox 2811 3134 2864 3180; x_wconf 73' lang='lat' dir='ltr'><strong>el</strong></span> <span class='ocrx_word' id='word_1_492' title='bbox 2881 3127 2948 3182; x_wconf 81' lang='lat' dir='ltr'><strong>de</strong></span> <span class='ocrx_word' id='word_1_493' title='bbox 2973 3126 3283 3183; x_wconf 67' lang='grc' dir='ltr'>οωιθειίῢιιε</span> <span class='ocrx_word' id='word_1_494' title='bbox 3304 3130 3686 3194; x_wconf 65' lang='lat' dir='ltr'><strong>sacramentis.</strong></span> 
     </span>
    </p>
   </div>
   <div class='ocr_carea' id='block_1_63' title="bbox 424 3216 1998 3287">
    <p class='ocr_par' dir='ltr' id='par_1_63' title="bbox 424 3216 1998 3287">
     <span class='ocr_line' id='line_1_63' title="bbox 424 3216 1998 3287; baseline 0.003 -13"><span class='ocrx_word' id='word_1_495' title='bbox 424 3216 873 3274; x_wconf 82' lang='lat' dir='ltr'><strong>reconciliationis</strong></span> <span class='ocrx_word' id='word_1_496' title='bbox 897 3217 1171 3284; x_wconf 88' lang='lat' dir='ltr'><strong>ascendit;</strong></span> <span class='ocrx_word' id='word_1_497' title='bbox 1201 3216 1339 3273; x_wconf 89' lang='lat' dir='ltr'><strong>lilius</strong></span> <span class='ocrx_word' id='word_1_498' title='bbox 1361 3220 1551 3274; x_wconf 90' lang='lat' dir='ltr'><strong>mortis</strong></span> <span class='ocrx_word' id='word_1_499' title='bbox 1577 3219 1874 3287; x_wconf 89' lang='lat' dir='ltr'><strong>descendit,</strong></span> <span class='ocrx_word' id='word_1_500' title='bbox 1902 3224 1998 3279; x_wconf 92' lang='lat' dir='ltr'><strong>sed</strong></span> 
     </span>
    </p>
   </div>
   <div class='ocr_carea' id='block_1_64' title="bbox 424 3306 1998 3381">
    <p class='ocr_par' dir='ltr' id='par_1_64' title="bbox 424 3306 1998 3381">
     <span class='ocr_line' id='line_1_64' title="bbox 424 3306 1998 3381; baseline 0.004 -17"><span class='ocrx_word' id='word_1_501' title='bbox 424 3308 567 3365; x_wconf 78' lang='lat' dir='ltr'><strong>(ilius</strong></span> <span class='ocrx_word' id='word_1_502' title='bbox 588 3307 998 3363; x_wconf 85' lang='lat' dir='ltr'><strong>resurrectionis</strong></span> <span class='ocrx_word' id='word_1_503' title='bbox 1036 3306 1313 3373; x_wconf 87' lang='lat' dir='ltr'><strong>ascendit;</strong></span> <span class='ocrx_word' id='word_1_504' title='bbox 1369 3307 1510 3363; x_wconf 83' lang='lat' dir='ltr'><strong>illius</strong></span> <span class='ocrx_word' id='word_1_505' title='bbox 1562 3309 1657 3365; x_wconf 72' lang='lat' dir='ltr'><strong>ira:</strong></span> <span class='ocrx_word' id='word_1_506' title='bbox 1700 3310 1998 3381; x_wconf 90' lang='lat' dir='ltr'><strong>descendit,</strong></span> 
     </span>
    </p>
   </div>
   <div class='ocr_carea' id='block_1_65' title="bbox 423 3396 2002 3462">
    <p class='ocr_par' dir='ltr' id='par_1_65' title="bbox 423 3396 2002 3462">
     <span class='ocr_line' id='line_1_65' title="bbox 423 3396 2002 3462; baseline 0.001 -5"><span class='ocrx_word' id='word_1_507' title='bbox 423 3403 517 3458; x_wconf 88' lang='lat' dir='ltr'><strong>sed</strong></span> <span class='ocrx_word' id='word_1_508' title='bbox 565 3399 707 3455; x_wconf 88' lang='lat' dir='ltr'><strong>lilius</strong></span> <span class='ocrx_word' id='word_1_509' title='bbox 748 3396 1137 3455; x_wconf 75' lang='lat' dir='ltr'><strong>misericordia:</strong></span> <span class='ocrx_word' id='word_1_510' title='bbox 1176 3397 1447 3462; x_wconf 87' lang='lat' dir='ltr'><strong>ascendit;</strong></span> <span class='ocrx_word' id='word_1_511' title='bbox 1492 3397 1633 3453; x_wconf 77' lang='lat' dir='ltr'><strong>illius</strong></span> <span class='ocrx_word' id='word_1_512' title='bbox 1673 3400 1867 3457; x_wconf 89' lang='lat' dir='ltr'><strong>diaboli</strong></span> <span class='ocrx_word' id='word_1_513' title='bbox 1910 3404 2002 3459; x_wconf 79' lang='lat' dir='ltr'><strong>de-</strong></span> 
     </span>
    </p>
   </div>
   <div class='ocr_carea' id='block_1_66' title="bbox 423 3484 1999 3555">
    <p class='ocr_par' dir='ltr' id='par_1_66' title="bbox 423 3484 1999 3555">
     <span class='ocr_line' id='line_1_66' title="bbox 423 3484 1999 3555; baseline 0 -7"><span class='ocrx_word' id='word_1_514' title='bbox 423 3490 654 3555; x_wconf 84' lang='lat' dir='ltr'><strong>scendit,</strong></span> <span class='ocrx_word' id='word_1_515' title='bbox 689 3489 782 3545; x_wconf 87' lang='lat' dir='ltr'><strong>sed</strong></span> <span class='ocrx_word' id='word_1_516' title='bbox 825 3487 968 3543; x_wconf 81' lang='lat' dir='ltr'><strong>illius</strong></span> <span class='ocrx_word' id='word_1_517' title='bbox 1008 3484 1102 3542; x_wconf 90' lang='lat' dir='ltr'><strong>Dei</strong></span> <span class='ocrx_word' id='word_1_518' title='bbox 1148 3484 1408 3542; x_wconf 85' lang='lat' dir='ltr'><strong>ascendit.</strong></span> <span class='ocrx_word' id='word_1_519' title='bbox 1451 3485 1573 3541; x_wconf 87' lang='lat' dir='ltr'><strong>Sola</strong></span> <span class='ocrx_word' id='word_1_520' title='bbox 1602 3490 1717 3545; x_wconf 73' lang='lat' dir='ltr'><strong>haec</strong></span> <span class='ocrx_word' id='word_1_521' title='bbox 1759 3491 1999 3548; x_wconf 86' lang='lat' dir='ltr'><strong>Ecclesia</strong></span> 
     </span>
    </p>
   </div>
   <div class='ocr_carea' id='block_1_67' title="bbox 424 3576 2004 3650">
    <p class='ocr_par' dir='ltr' id='par_1_67' title="bbox 424 3576 2004 3650">
     <span class='ocr_line' id='line_1_67' title="bbox 424 3576 2004 3650; baseline 0.003 -15"><span class='ocrx_word' id='word_1_522' title='bbox 424 3589 622 3646; x_wconf 83' lang='lat' dir='ltr'><strong>mater,</strong></span> <span class='ocrx_word' id='word_1_523' title='bbox 657 3594 777 3650; x_wconf 78' lang='lat' dir='ltr'><strong>qua:</strong></span> <span class='ocrx_word' id='word_1_524' title='bbox 821 3583 1065 3650; x_wconf 85' lang='lat' dir='ltr'><strong>generat,</strong></span> <span class='ocrx_word' id='word_1_525' title='bbox 1108 3578 1275 3632; x_wconf 91' lang='lat' dir='ltr'><strong>novit.</strong></span> <span class='ocrx_word' id='word_1_526' title='bbox 1319 3576 1605 3646; x_wconf 79' lang='lat' dir='ltr'><strong>Czeterum,</strong></span> <span class='ocrx_word' id='word_1_527' title='bbox 1650 3580 1824 3639; x_wconf 90' lang='lat' dir='ltr'><strong>oculis</strong></span> <span class='ocrx_word' id='word_1_528' title='bbox 1872 3582 2004 3640; x_wconf 89' lang='lat' dir='ltr'><strong>insi-</strong></span> 
     </span>
    </p>
   </div>
   <div class='ocr_carea' id='block_1_68' title="bbox 421 3667 2001 3742">
    <p class='ocr_par' dir='ltr' id='par_1_68' title="bbox 421 3667 2001 3742">
     <span class='ocr_line' id='line_1_68' title="bbox 421 3667 2001 3742; baseline 0.002 -16"><span class='ocrx_word' id='word_1_529' title='bbox 421 3671 680 3741; x_wconf 86' lang='lat' dir='ltr'><strong>pientium</strong></span> <span class='ocrx_word' id='word_1_530' title='bbox 710 3668 923 3723; x_wconf 79' lang='lat' dir='ltr'><strong>videtur</strong></span> <span class='ocrx_word' id='word_1_531' title='bbox 967 3667 1096 3722; x_wconf 86' lang='lat' dir='ltr'><strong>talis</strong></span> <span class='ocrx_word' id='word_1_532' title='bbox 1140 3667 1291 3726; x_wconf 78' lang='lat' dir='ltr'><strong>exire</strong></span> <span class='ocrx_word' id='word_1_533' title='bbox 1332 3668 1400 3723; x_wconf 90' lang='lat' dir='ltr'><strong>de</strong></span> <span class='ocrx_word' id='word_1_534' title='bbox 1442 3667 1588 3726; x_wconf 78' lang='lat' dir='ltr'><strong>fonte</strong></span> <span class='ocrx_word' id='word_1_535' title='bbox 1614 3672 1789 3742; x_wconf 90' lang='lat' dir='ltr'><strong>qualis</strong></span> <span class='ocrx_word' id='word_1_536' title='bbox 1829 3674 2001 3730; x_wconf 87' lang='lat' dir='ltr'><strong>intra-</strong></span> 
     </span>
    </p>
   </div>
   <div class='ocr_carea' id='block_1_69' title="bbox 424 3758 2000 3832">
    <p class='ocr_par' dir='ltr' id='par_1_69' title="bbox 424 3758 2000 3832">
     <span class='ocr_line' id='line_1_69' title="bbox 424 3758 2000 3832; baseline 0.007 -19"><span class='ocrx_word' id='word_1_537' title='bbox 424 3764 521 3826; x_wconf 74' lang='lat' dir='ltr'><strong>vit,</strong></span> <span class='ocrx_word' id='word_1_538' title='bbox 578 3768 855 3828; x_wconf 87' lang='lat' dir='ltr'><strong>totumque</strong></span> <span class='ocrx_word' id='word_1_539' title='bbox 901 3758 1061 3813; x_wconf 87' lang='lat' dir='ltr'><strong>ludus</strong></span> <span class='ocrx_word' id='word_1_540' title='bbox 1100 3773 1226 3815; x_wconf 82' lang='lat' dir='ltr'><strong>esse</strong></span> <span class='ocrx_word' id='word_1_541' title='bbox 1270 3761 1412 3831; x_wconf 90' lang='lat' dir='ltr'><strong>quod</strong></span> <span class='ocrx_word' id='word_1_542' title='bbox 1472 3762 1667 3832; x_wconf 89' lang='lat' dir='ltr'><strong>agitur.</strong></span> <span class='ocrx_word' id='word_1_543' title='bbox 1749 3764 1901 3822; x_wconf 87' lang='lat' dir='ltr'><strong>Unde</strong></span> <span class='ocrx_word' id='word_1_544' title='bbox 1946 3767 2000 3823; x_wconf 90' lang='lat' dir='ltr'><strong>in</strong></span> 
     </span>
    </p>
   </div>
   <div class='ocr_carea' id='block_1_70' title="bbox 426 3848 2003 3928">
    <p class='ocr_par' dir='ltr' id='par_1_70' title="bbox 426 3848 2003 3928">
     <span class='ocr_line' id='line_1_70' title="bbox 426 3848 2003 3928; baseline 0.004 -21"><span class='ocrx_word' id='word_1_545' title='bbox 426 3852 532 3907; x_wconf 69' lang='lat' dir='ltr'><strong>ﬁne</strong></span> <span class='ocrx_word' id='word_1_546' title='bbox 581 3850 825 3906; x_wconf 82' lang='lat' dir='ltr'><strong>videntes</strong></span> <span class='ocrx_word' id='word_1_547' title='bbox 872 3848 1096 3921; x_wconf 87' lang='lat' dir='ltr'><strong>gloriam</strong></span> <span class='ocrx_word' id='word_1_548' title='bbox 1155 3860 1461 3908; x_wconf 90' lang='lat' dir='ltr'><strong>sanctorum</strong></span> <span class='ocrx_word' id='word_1_549' title='bbox 1508 3855 1690 3912; x_wconf 87' lang='lat' dir='ltr'><strong>dicent</strong></span> <span class='ocrx_word' id='word_1_550' title='bbox 1729 3865 2003 3928; x_wconf 86' lang='lat' dir='ltr'><strong>gementes</strong></span> 
     </span>
    </p>
   </div>
   <div class='ocr_carea' id='block_1_71' title="bbox 426 3940 2001 4017">
    <p class='ocr_par' dir='ltr' id='par_1_71' title="bbox 426 3940 2001 4017">
     <span class='ocr_line' id='line_1_71' title="bbox 426 3940 2001 4017; baseline 0.004 -19"><span class='ocrx_word' id='word_1_551' title='bbox 426 3945 480 3999; x_wconf 90' lang='lat' dir='ltr'><strong>in</strong></span> <span class='ocrx_word' id='word_1_552' title='bbox 528 3942 810 3998; x_wconf 81' lang='lat' dir='ltr'><strong>tormentis</strong></span> <span class='ocrx_word' id='word_1_553' title='bbox 859 3940 980 3996; x_wconf 73' lang='grc' dir='ltr'><strong>τηε</strong></span> <span class='ocrx_word' id='word_1_554' title='bbox 1031 3952 1173 4009; x_wconf 88' lang='lat' dir='ltr'><strong>sunt,</strong></span> <span class='ocrx_word' id='word_1_555' title='bbox 1215 3960 1346 4015; x_wconf 86' lang='lat' dir='ltr'><strong>quos</strong></span> <span class='ocrx_word' id='word_1_556' title='bbox 1389 3944 1674 4017; x_wconf 83' lang='lat' dir='ltr'><strong>aliquando</strong></span> <span class='ocrx_word' id='word_1_557' title='bbox 1723 3947 2001 4006; x_wconf 85' lang='lat' dir='ltr'><strong>habuimus</strong></span> 
     </span>
    </p>
   </div>
   <div class='ocr_carea' id='block_1_72' title="bbox 421 4032 2004 4111">
    <p class='ocr_par' dir='ltr' id='par_1_72' title="bbox 421 4032 2004 4111">
     <span class='ocr_line' id='line_1_72' title="bbox 421 4032 2004 4111; baseline 0.001 -22"><span class='ocrx_word' id='word_1_558' title='bbox 421 4037 478 4089; x_wconf 80' lang='lat' dir='ltr'><strong>in</strong></span> <span class='ocrx_word' id='word_1_559' title='bbox 532 4033 766 4089; x_wconf 83' lang='lat' dir='ltr'><strong>derisum</strong></span> <span class='ocrx_word' id='word_1_560' title='bbox 812 4043 861 4087; x_wconf 86' lang='lat' dir='ltr'><strong>et</strong></span> <span class='ocrx_word' id='word_1_561' title='bbox 923 4032 979 4087; x_wconf 84' lang='lat' dir='ltr'><strong>in</strong></span> <span class='ocrx_word' id='word_1_562' title='bbox 1034 4032 1429 4089; x_wconf 84' lang='lat' dir='ltr'><strong>similitudinem</strong></span> <span class='ocrx_word' id='word_1_563' title='bbox 1476 4036 1819 4108; x_wconf 85' lang='lat' dir='ltr'><strong>improperii,</strong></span> <span class='ocrx_word' id='word_1_564' title='bbox 1873 4056 2004 4111; x_wconf 84' lang='lat' dir='ltr'><strong>quo-</strong></span> 
     </span>
    </p>
   </div>
   <div class='ocr_carea' id='block_1_73' title="bbox 421 4121 2003 4201">
    <p class='ocr_par' dir='ltr' id='par_1_73' title="bbox 421 4121 2003 4201">
     <span class='ocr_line' id='line_1_73' title="bbox 421 4121 2003 4201; baseline 0.003 -24"><span class='ocrx_word' id='word_1_565' title='bbox 421 4121 575 4177; x_wconf 82' lang='lat' dir='ltr'><strong>modo</strong></span> <span class='ocrx_word' id='word_1_566' title='bbox 621 4122 904 4193; x_wconf 79' lang='lat' dir='ltr'><strong>computari</strong></span> <span class='ocrx_word' id='word_1_567' title='bbox 944 4132 1065 4176; x_wconf 82' lang='lat' dir='ltr'><strong>sunt</strong></span> <span class='ocrx_word' id='word_1_568' title='bbox 1110 4122 1247 4176; x_wconf 88' lang='lat' dir='ltr'><strong>inter</strong></span> <span class='ocrx_word' id='word_1_569' title='bbox 1286 4122 1568 4192; x_wconf 62' lang='lat' dir='ltr'><strong>ﬁliosbei</strong></span> <span class='ocrx_word' id='word_1_570' title='bbox 1613 4124 1782 4198; x_wconf 90' lang='lat' dir='ltr'><strong>(Sap.</strong></span> <span class='ocrx_word' id='word_1_571' title='bbox 1820 4143 1876 4194; x_wconf 83' lang='lat' dir='ltr'><strong>v,</strong></span> <span class='ocrx_word' id='word_1_572' title='bbox 1914 4128 2003 4201; x_wconf 80' lang='lat'><strong>3)?</strong></span> 
     </span>
    </p>
   </div>
   <div class='ocr_carea' id='block_1_74' title="bbox 418 4208 2003 4284">
    <p class='ocr_par' dir='ltr' id='par_1_74' title="bbox 418 4208 2003 4284">
     <span class='ocr_line' id='line_1_74' title="bbox 418 4208 2003 4284; baseline 0.002 -17"><span class='ocrx_word' id='word_1_573' title='bbox 418 4210 705 4283; x_wconf 74' lang='lat' dir='ltr'><strong>Apostolus</strong></span> <span class='ocrx_word' id='word_1_574' title='bbox 731 4208 985 4276; x_wconf 79' lang='lat' dir='ltr'><strong>Joannes,</strong></span> <span class='ocrx_word' id='word_1_575' title='bbox 1034 4210 1348 4277; x_wconf 86' lang='lat' dir='ltr'><strong>charissimi,</strong></span> <span class='ocrx_word' id='word_1_576' title='bbox 1379 4211 1569 4282; x_wconf 88' lang='lat' dir='ltr'><strong>inquit,</strong></span> <span class='ocrx_word' id='word_1_577' title='bbox 1597 4229 1740 4269; x_wconf 80' lang='lat' dir='ltr'><strong>nunc</strong></span> <span class='ocrx_word' id='word_1_578' title='bbox 1779 4215 1881 4284; x_wconf 83' lang='lat' dir='ltr'><strong>ﬁlii</strong></span> <span class='ocrx_word' id='word_1_579' title='bbox 1906 4216 2003 4270; x_wconf 83' lang='lat' dir='ltr'><strong>Dei</strong></span> 
     </span>
    </p>
   </div>
   <div class='ocr_carea' id='block_1_75' title="bbox 420 4298 2001 4374">
    <p class='ocr_par' dir='ltr' id='par_1_75' title="bbox 420 4298 2001 4374">
     <span class='ocr_line' id='line_1_75' title="bbox 420 4298 2001 4374; baseline 0.004 -20"><span class='ocrx_word' id='word_1_580' title='bbox 420 4316 622 4359; x_wconf 75' lang='lat' dir='ltr'><strong>sumus,</strong></span> <span class='ocrx_word' id='word_1_581' title='bbox 645 4308 694 4353; x_wconf 84' lang='lat' dir='ltr'><strong>et</strong></span> <span class='ocrx_word' id='word_1_582' title='bbox 720 4298 952 4354; x_wconf 83' lang='lat' dir='ltr'><strong>nondum</strong></span> <span class='ocrx_word' id='word_1_583' title='bbox 986 4300 1228 4370; x_wconf 85' lang='lat' dir='ltr'><strong>apparuit</strong></span> <span class='ocrx_word' id='word_1_584' title='bbox 1252 4299 1379 4371; x_wconf 79' lang='lat' dir='ltr'><strong>quid</strong></span> <span class='ocrx_word' id='word_1_585' title='bbox 1404 4300 1600 4356; x_wconf 85' lang='lat' dir='ltr'><strong>erimus</strong></span> <span class='ocrx_word' id='word_1_586' title='bbox 1641 4300 1695 4374; x_wconf 90' lang='lat' dir='ltr'><strong>(I</strong></span> <span class='ocrx_word' id='word_1_587' title='bbox 1718 4303 1879 4358; x_wconf 81' lang='lat' dir='ltr'><strong>Joan.</strong></span> <span class='ocrx_word' id='word_1_588' title='bbox 1916 4321 2001 4372; x_wconf 84' lang='lat' dir='ltr'><strong>tu,</strong></span> 
     </span>
    </p>
   </div>
   <div class='ocr_carea' id='block_1_76' title="bbox 418 4392 2001 4467">
    <p class='ocr_par' dir='ltr' id='par_1_76' title="bbox 418 4392 2001 4467">
     <span class='ocr_line' id='line_1_76' title="bbox 418 4392 2001 4467; baseline 0.002 -17"><span class='ocrx_word' id='word_1_589' title='bbox 418 4393 496 4467; x_wconf 68' lang='lat'><strong>2).</strong></span> <span class='ocrx_word' id='word_1_590' title='bbox 515 4393 666 4464; x_wconf 79' lang='lat' dir='ltr'><strong>Quod</strong></span> <span class='ocrx_word' id='word_1_591' title='bbox 692 4406 820 4464; x_wconf 84' lang='lat' dir='ltr'><strong>ergo</strong></span> <span class='ocrx_word' id='word_1_592' title='bbox 840 4400 1022 4447; x_wconf 88' lang='lat' dir='ltr'><strong>natum</strong></span> <span class='ocrx_word' id='word_1_593' title='bbox 1050 4398 1136 4446; x_wconf 91' lang='lat' dir='ltr'><strong>est</strong></span> <span class='ocrx_word' id='word_1_594' title='bbox 1160 4407 1226 4447; x_wconf 81' lang='lat' dir='ltr'><strong>ex</strong></span> <span class='ocrx_word' id='word_1_595' title='bbox 1254 4392 1466 4464; x_wconf 86' lang='lat' dir='ltr'><strong>spiritu,</strong></span> <span class='ocrx_word' id='word_1_596' title='bbox 1498 4393 1719 4465; x_wconf 87' lang='lat' dir='ltr'><strong>spiritus</strong></span> <span class='ocrx_word' id='word_1_597' title='bbox 1743 4406 1859 4463; x_wconf 87' lang='lat' dir='ltr'><strong>est;</strong></span> <span class='ocrx_word' id='word_1_598' title='bbox 1878 4397 2001 4467; x_wconf 88' lang='lat' dir='ltr'><strong>quia</strong></span> 
     </span>
    </p>
   </div>
   <div class='ocr_carea' id='block_1_77' title="bbox 420 4483 1997 4559">
    <p class='ocr_par' dir='ltr' id='par_1_77' title="bbox 420 4483 1997 4559">
     <span class='ocr_line' id='line_1_77' title="bbox 420 4483 1997 4559; baseline 0.001 -16"><span class='ocrx_word' id='word_1_599' title='bbox 420 4489 510 4559; x_wconf 89' lang='lat' dir='ltr'><strong>qui</strong></span> <span class='ocrx_word' id='word_1_600' title='bbox 541 4503 607 4544; x_wconf 75' lang='lat' dir='ltr'><strong>ex</strong></span> <span class='ocrx_word' id='word_1_601' title='bbox 654 4501 793 4557; x_wconf 88' lang='lat' dir='ltr'><strong>aqua</strong></span> <span class='ocrx_word' id='word_1_602' title='bbox 835 4492 891 4540; x_wconf 88' lang='lat' dir='ltr'><strong>et</strong></span> <span class='ocrx_word' id='word_1_603' title='bbox 930 4483 1132 4557; x_wconf 89' lang='lat' dir='ltr'><strong>Spiritu</strong></span> <span class='ocrx_word' id='word_1_604' title='bbox 1173 4495 1543 4558; x_wconf 82' lang='lat' dir='ltr'><strong>rcgeneratur,</strong></span> <span class='ocrx_word' id='word_1_605' title='bbox 1573 4486 1915 4545; x_wconf 87' lang='lat' dir='ltr'><strong>invisibiliter</strong></span> <span class='ocrx_word' id='word_1_606' title='bbox 1942 4490 1997 4545; x_wconf 91' lang='lat' dir='ltr'><strong>in</strong></span> 
     </span>
    </p>
   </div>
   <div class='ocr_carea' id='block_1_78' title="bbox 420 4575 2001 4652">
    <p class='ocr_par' dir='ltr' id='par_1_78' title="bbox 420 4575 2001 4652">
     <span class='ocr_line' id='line_1_78' title="bbox 420 4575 2001 4652; baseline 0.001 -19"><span class='ocrx_word' id='word_1_607' title='bbox 420 4592 619 4634; x_wconf 84' lang='lat' dir='ltr'><strong>novum</strong></span> <span class='ocrx_word' id='word_1_608' title='bbox 641 4583 878 4630; x_wconf 67' lang='lat' dir='ltr'><strong>minatur</strong></span> <span class='ocrx_word' id='word_1_609' title='bbox 907 4575 1202 4642; x_wconf 84' lang='lat' dir='ltr'><strong>hominem,</strong></span> <span class='ocrx_word' id='word_1_610' title='bbox 1229 4582 1286 4631; x_wconf 87' lang='lat' dir='ltr'><strong>et</strong></span> <span class='ocrx_word' id='word_1_611' title='bbox 1313 4576 1377 4632; x_wconf 90' lang='lat' dir='ltr'><strong>de</strong></span> <span class='ocrx_word' id='word_1_612' title='bbox 1396 4577 1598 4632; x_wconf 90' lang='lat' dir='ltr'><strong>carnali</strong></span> <span class='ocrx_word' id='word_1_613' title='bbox 1631 4576 1865 4637; x_wconf 82' lang='lat' dir='ltr'><strong>ellicitur</strong></span> <span class='ocrx_word' id='word_1_614' title='bbox 1891 4581 2001 4652; x_wconf 86' lang='lat' dir='ltr'><strong>spi-</strong></span> 
     </span>
    </p>
   </div>
   <div class='ocr_carea' id='block_1_79' title="bbox 417 4665 1996 4737">
    <p class='ocr_par' dir='ltr' id='par_1_79' title="bbox 417 4665 1996 4737">
     <span class='ocr_line' id='line_1_79' title="bbox 417 4665 1996 4737; baseline 0.001 -13"><span class='ocrx_word' id='word_1_615' title='bbox 417 4666 611 4725; x_wconf 87' lang='lat' dir='ltr'><strong>ritalis.</strong></span> <span class='ocrx_word' id='word_1_616' title='bbox 634 4666 733 4734; x_wconf 86' lang='lat' dir='ltr'><strong>Qui</strong></span> <span class='ocrx_word' id='word_1_617' title='bbox 763 4665 882 4721; x_wconf 86' lang='lat' dir='ltr'><strong>ideo</strong></span> <span class='ocrx_word' id='word_1_618' title='bbox 907 4674 1052 4723; x_wconf 85' lang='lat' dir='ltr'><strong>recte</strong></span> <span class='ocrx_word' id='word_1_619' title='bbox 1076 4682 1180 4721; x_wconf 91' lang='lat' dir='ltr'><strong>non</strong></span> <span class='ocrx_word' id='word_1_620' title='bbox 1210 4667 1386 4723; x_wconf 88' lang='lat' dir='ltr'><strong>solum</strong></span> <span class='ocrx_word' id='word_1_621' title='bbox 1407 4669 1690 4737; x_wconf 85' lang='lat' dir='ltr'><strong>spiritalis,</strong></span> <span class='ocrx_word' id='word_1_622' title='bbox 1716 4672 1811 4727; x_wconf 85' lang='lat' dir='ltr'><strong>sed</strong></span> <span class='ocrx_word' id='word_1_623' title='bbox 1832 4680 1996 4726; x_wconf 85' lang='lat' dir='ltr'><strong>etram</strong></span> 
     </span>
    </p>
   </div>
   <div class='ocr_carea' id='block_1_80' title="bbox 418 4756 2002 4830">
    <p class='ocr_par' dir='ltr' id='par_1_80' title="bbox 418 4756 2002 4830">
     <span class='ocr_line' id='line_1_80' title="bbox 418 4756 2002 4830; baseline 0.002 -18"><span class='ocrx_word' id='word_1_624' title='bbox 418 4756 643 4829; x_wconf 90' lang='lat' dir='ltr'><strong>spiritus</strong></span> <span class='ocrx_word' id='word_1_625' title='bbox 667 4765 919 4823; x_wconf 87' lang='lat' dir='ltr'><strong>vocatur;</strong></span> <span class='ocrx_word' id='word_1_626' title='bbox 950 4758 1075 4828; x_wconf 90' lang='lat' dir='ltr'><strong>quia</strong></span> <span class='ocrx_word' id='word_1_627' title='bbox 1110 4756 1251 4813; x_wconf 90' lang='lat' dir='ltr'><strong>sicut</strong></span> <span class='ocrx_word' id='word_1_628' title='bbox 1274 4758 1573 4814; x_wconf 89' lang='lat' dir='ltr'><strong>substantia</strong></span> <span class='ocrx_word' id='word_1_629' title='bbox 1601 4760 1824 4830; x_wconf 90' lang='lat' dir='ltr'><strong>spiritus</strong></span> <span class='ocrx_word' id='word_1_630' title='bbox 1862 4761 2002 4816; x_wconf 84' lang='lat' dir='ltr'><strong>invi-</strong></span> 
     </span>
    </p>
   </div>
   <div class='ocr_carea' id='block_1_81' title="bbox 418 4845 1995 4921">
    <p class='ocr_par' dir='ltr' id='par_1_81' title="bbox 418 4845 1995 4921">
     <span class='ocr_line' id='line_1_81' title="bbox 418 4845 1995 4921; baseline 0.002 -19"><span class='ocrx_word' id='word_1_631' title='bbox 418 4847 588 4903; x_wconf 88' lang='lat' dir='ltr'><strong>sibilis</strong></span> <span class='ocrx_word' id='word_1_632' title='bbox 614 4853 696 4902; x_wconf 88' lang='lat' dir='ltr'><strong>cst</strong></span> <span class='ocrx_word' id='word_1_633' title='bbox 723 4845 922 4901; x_wconf 89' lang='lat' dir='ltr'><strong>nostris</strong></span> <span class='ocrx_word' id='word_1_634' title='bbox 968 4845 1294 4917; x_wconf 88' lang='lat' dir='ltr'><strong>aspectibus,</strong></span> <span class='ocrx_word' id='word_1_635' title='bbox 1324 4847 1397 4900; x_wconf 92' lang='lat' dir='ltr'><strong>ita</strong></span> <span class='ocrx_word' id='word_1_636' title='bbox 1441 4847 1488 4902; x_wconf 93' lang='lat' dir='ltr'><strong>is</strong></span> <span class='ocrx_word' id='word_1_637' title='bbox 1525 4847 1616 4918; x_wconf 85' lang='lat' dir='ltr'><strong>qui</strong></span> <span class='ocrx_word' id='word_1_638' title='bbox 1643 4863 1739 4918; x_wconf 90' lang='lat' dir='ltr'><strong>per</strong></span> <span class='ocrx_word' id='word_1_639' title='bbox 1765 4850 1995 4921; x_wconf 83' lang='lat' dir='ltr'><strong>gratiam</strong></span> 
     </span>
    </p>
   </div>
   <div class='ocr_carea' id='block_1_82' title="bbox 418 4934 1995 5005">
    <p class='ocr_par' dir='ltr' id='par_1_82' title="bbox 418 4934 1995 5005">
     <span class='ocr_line' id='line_1_82' title="bbox 418 4934 1995 5005; baseline 0 -12"><span class='ocrx_word' id='word_1_640' title='bbox 418 4937 514 4993; x_wconf 75' lang='lat' dir='ltr'><strong>Dei</strong></span> <span class='ocrx_word' id='word_1_641' title='bbox 543 4942 850 5001; x_wconf 87' lang='lat' dir='ltr'><strong>renovatur,</strong></span> <span class='ocrx_word' id='word_1_642' title='bbox 888 4934 1230 4992; x_wconf 81' lang='lat' dir='ltr'><strong>invisibiliter</strong></span> <span class='ocrx_word' id='word_1_643' title='bbox 1254 4934 1316 4989; x_wconf 92' lang='lat' dir='ltr'><strong>lit</strong></span> <span class='ocrx_word' id='word_1_644' title='bbox 1341 4935 1600 5005; x_wconf 88' lang='lat' dir='ltr'><strong>spiritalis</strong></span> <span class='ocrx_word' id='word_1_645' title='bbox 1627 4944 1683 4991; x_wconf 91' lang='lat' dir='ltr'><strong>et</strong></span> <span class='ocrx_word' id='word_1_646' title='bbox 1708 4936 1803 4993; x_wconf 91' lang='lat' dir='ltr'><strong>Dei</strong></span> <span class='ocrx_word' id='word_1_647' title='bbox 1831 4938 1995 5004; x_wconf 79' lang='lat' dir='ltr'><strong>illius,</strong></span> 
     </span>
    </p>
   </div>
   <div class='ocr_carea' id='block_1_83' title="bbox 418 5024 1999 5099">
    <p class='ocr_par' dir='ltr' id='par_1_83' title="bbox 418 5024 1999 5099">
     <span class='ocr_line' id='line_1_83' title="bbox 418 5024 1999 5099; baseline -0.001 -15"><span class='ocrx_word' id='word_1_648' title='bbox 418 5042 543 5084; x_wconf 90' lang='lat' dir='ltr'><strong>cum</strong></span> <span class='ocrx_word' id='word_1_649' title='bbox 570 5025 853 5083; x_wconf 87' lang='lat' dir='ltr'><strong>visibiliter</strong></span> <span class='ocrx_word' id='word_1_650' title='bbox 881 5024 1130 5081; x_wconf 90' lang='lat' dir='ltr'><strong>omnibus</strong></span> <span class='ocrx_word' id='word_1_651' title='bbox 1157 5040 1285 5082; x_wconf 87' lang='lat' dir='ltr'><strong>caro</strong></span> <span class='ocrx_word' id='word_1_652' title='bbox 1309 5031 1366 5082; x_wconf 87' lang='lat' dir='ltr'><strong>et</strong></span> <span class='ocrx_word' id='word_1_653' title='bbox 1392 5024 1531 5081; x_wconf 88' lang='lat' dir='ltr'><strong>lilius</strong></span> <span class='ocrx_word' id='word_1_654' title='bbox 1557 5026 1791 5083; x_wconf 90' lang='lat' dir='ltr'><strong>hominis</strong></span> <span class='ocrx_word' id='word_1_655' title='bbox 1829 5041 1999 5099; x_wconf 89' lang='lat' dir='ltr'><strong>appa-</strong></span> 
     </span>
    </p>
   </div>
   <div class='ocr_carea' id='block_1_84' title="bbox 421 5116 883 5188">
    <p class='ocr_par' dir='ltr' id='par_1_84' title="bbox 421 5116 883 5188">
     <span class='ocr_line' id='line_1_84' title="bbox 421 5116 883 5188; baseline -0.011 -13"><span class='ocrx_word' id='word_1_656' title='bbox 421 5127 556 5177; x_wconf 84' lang='lat' dir='ltr'><strong>reat.</strong></span> <span class='ocrx_word' id='word_1_657' title='bbox 587 5116 845 5188; x_wconf 87' lang='lat' dir='ltr'><strong>Sequitur</strong></span> <span class='ocrx_word' id='word_1_658' title='bbox 869 5133 883 5170; x_wconf 88' lang='lat'><strong>:</strong></span> 
     </span>
    </p>
   </div>
   <div class='ocr_carea' id='block_1_85' title="bbox 488 5203 1996 5278">
    <p class='ocr_par' dir='ltr' id='par_1_85' title="bbox 488 5203 1996 5278">
     <span class='ocr_line' id='line_1_85' title="bbox 488 5203 1996 5278; baseline -0.001 -13"><span class='ocrx_word' id='word_1_659' title='bbox 488 5207 651 5265; x_wconf 71' lang='lat' dir='ltr'><strong>Vsus.</strong></span> <span class='ocrx_word' id='word_1_660' title='bbox 684 5205 739 5271; x_wconf 84' lang='lat'><strong>7,</strong></span> <span class='ocrx_word' id='word_1_661' title='bbox 768 5207 820 5263; x_wconf 89' lang='lat'><strong>8.</strong></span> <span class='ocrx_word' id='word_1_662' title='bbox 846 5234 918 5246; x_wconf 89' lang='lat'><strong>—-</strong></span> <span class='ocrx_word' id='word_1_663' title='bbox 943 5203 1065 5259; x_wconf 84' lang='lat' dir='ltr'><strong>Non</strong></span> <span class='ocrx_word' id='word_1_664' title='bbox 1091 5205 1296 5258; x_wconf 86' lang='lat' dir='ltr'><strong>mireris</strong></span> <span class='ocrx_word' id='word_1_665' title='bbox 1336 5204 1460 5276; x_wconf 85' lang='lat' dir='ltr'><strong>quia</strong></span> <span class='ocrx_word' id='word_1_666' title='bbox 1486 5204 1600 5260; x_wconf 74' lang='lat' dir='ltr'><strong>dixi</strong></span> <span class='ocrx_word' id='word_1_667' title='bbox 1640 5205 1753 5272; x_wconf 89' lang='lat' dir='ltr'><strong>tibi,</strong></span> <span class='ocrx_word' id='word_1_668' title='bbox 1796 5217 1996 5278; x_wconf 84' lang='lat' dir='ltr'><strong>oportet</strong></span> 
     </span>
    </p>
   </div>
   <div class='ocr_carea' id='block_1_86' title="bbox 416 5294 1991 5368">
    <p class='ocr_par' dir='ltr' id='par_1_86' title="bbox 416 5294 1991 5368">
     <span class='ocr_line' id='line_1_86' title="bbox 416 5294 1991 5368; baseline 0 -14"><span class='ocrx_word' id='word_1_669' title='bbox 416 5316 505 5355; x_wconf 82' lang='lat' dir='ltr'><strong>ros</strong></span> <span class='ocrx_word' id='word_1_670' title='bbox 532 5297 679 5355; x_wconf 79' lang='lat' dir='ltr'><strong>nasci</strong></span> <span class='ocrx_word' id='word_1_671' title='bbox 701 5296 895 5352; x_wconf 79' lang='lat' dir='ltr'><strong>denuo.</strong></span> <span class='ocrx_word' id='word_1_672' title='bbox 937 5294 1189 5366; x_wconf 80' lang='lat' dir='ltr'><strong>Spiritus,</strong></span> <span class='ocrx_word' id='word_1_673' title='bbox 1226 5295 1314 5350; x_wconf 86' lang='lat' dir='ltr'><strong>ubi</strong></span> <span class='ocrx_word' id='word_1_674' title='bbox 1341 5295 1470 5362; x_wconf 80' lang='lat' dir='ltr'><strong>vult,</strong></span> <span class='ocrx_word' id='word_1_675' title='bbox 1500 5298 1686 5368; x_wconf 82' lang='lat' dir='ltr'><strong>spirat,</strong></span> <span class='ocrx_word' id='word_1_676' title='bbox 1730 5308 1776 5353; x_wconf 88' lang='lat' dir='ltr'><strong>et</strong></span> <span class='ocrx_word' id='word_1_677' title='bbox 1820 5316 1991 5355; x_wconf 81' lang='lat' dir='ltr'><strong>vocent</strong></span> 
     </span>
    </p>
   </div>
   <div class='ocr_carea' id='block_1_87' title="bbox 415 5387 1986 5462">
    <p class='ocr_par' dir='ltr' id='par_1_87' title="bbox 415 5387 1986 5462">
     <span class='ocr_line' id='line_1_87' title="bbox 415 5387 1986 5462; baseline 0 -19"><span class='ocrx_word' id='word_1_678' title='bbox 415 5390 531 5462; x_wconf 81' lang='lat' dir='ltr'><strong>ejus</strong></span> <span class='ocrx_word' id='word_1_679' title='bbox 571 5388 748 5454; x_wconf 82' lang='lat' dir='ltr'><strong>audis,</strong></span> <span class='ocrx_word' id='word_1_680' title='bbox 774 5387 865 5444; x_wconf 87' lang='lat' dir='ltr'><strong>sed</strong></span> <span class='ocrx_word' id='word_1_681' title='bbox 895 5403 997 5442; x_wconf 82' lang='lat' dir='ltr'><strong>non</strong></span> <span class='ocrx_word' id='word_1_682' title='bbox 1042 5388 1165 5450; x_wconf 87' lang='lat' dir='ltr'><strong>scis,</strong></span> <span class='ocrx_word' id='word_1_683' title='bbox 1201 5387 1340 5441; x_wconf 85' lang='lat' dir='ltr'><strong>unde</strong></span> <span class='ocrx_word' id='word_1_684' title='bbox 1365 5388 1555 5455; x_wconf 77' lang='lat' dir='ltr'><strong>veniat,</strong></span> <span class='ocrx_word' id='word_1_685' title='bbox 1583 5398 1631 5444; x_wconf 83' lang='lat' dir='ltr'><strong>et</strong></span> <span class='ocrx_word' id='word_1_686' title='bbox 1660 5404 1763 5460; x_wconf 79' lang='lat' dir='ltr'><strong>quo</strong></span> <span class='ocrx_word' id='word_1_687' title='bbox 1812 5389 1986 5445; x_wconf 76' lang='lat' dir='ltr'><strong>vadat.</strong></span> 
     </span>
    </p>
   </div>
   <div class='ocr_carea' id='block_1_88' title="bbox 418 5481 1993 5555">
    <p class='ocr_par' dir='ltr' id='par_1_88' title="bbox 418 5481 1993 5555">
     <span class='ocr_line' id='line_1_88' title="bbox 418 5481 1993 5555; baseline 0.002 -20"><span class='ocrx_word' id='word_1_688' title='bbox 418 5482 507 5535; x_wconf 80' lang='lat' dir='ltr'><strong>Sic</strong></span> <span class='ocrx_word' id='word_1_689' title='bbox 532 5493 606 5538; x_wconf 79' lang='lat' dir='ltr'><strong>est</strong></span> <span class='ocrx_word' id='word_1_690' title='bbox 647 5484 818 5537; x_wconf 85' lang='lat' dir='ltr'><strong>omnis</strong></span> <span class='ocrx_word' id='word_1_691' title='bbox 861 5483 951 5552; x_wconf 84' lang='lat' dir='ltr'><strong>qui</strong></span> <span class='ocrx_word' id='word_1_692' title='bbox 979 5493 1132 5537; x_wconf 86' lang='lat' dir='ltr'><strong>natus</strong></span> <span class='ocrx_word' id='word_1_693' title='bbox 1162 5492 1235 5537; x_wconf 83' lang='lat' dir='ltr'><strong>est</strong></span> <span class='ocrx_word' id='word_1_694' title='bbox 1264 5499 1330 5538; x_wconf 78' lang='lat' dir='ltr'><strong>ea:</strong></span> <span class='ocrx_word' id='word_1_695' title='bbox 1352 5481 1569 5555; x_wconf 87' lang='lat' dir='ltr'><strong>Spiritu.</strong></span> <span class='ocrx_word' id='word_1_696' title='bbox 1618 5481 1875 5553; x_wconf 81' lang='lat' dir='ltr'><strong>Spiritus,</strong></span> <span class='ocrx_word' id='word_1_697' title='bbox 1902 5483 1993 5538; x_wconf 82' lang='lat' dir='ltr'><strong>ubi</strong></span> 
     </span>
    </p>
   </div>
   <div class='ocr_carea' id='block_1_89' title="bbox 417 5569 1995 5645">
    <p class='ocr_par' dir='ltr' id='par_1_89' title="bbox 417 5569 1995 5645">
     <span class='ocr_line' id='line_1_89' title="bbox 417 5569 1995 5645; baseline -0.001 -20"><span class='ocrx_word' id='word_1_698' title='bbox 417 5570 552 5635; x_wconf 81' lang='lat' dir='ltr'><strong>vult,</strong></span> <span class='ocrx_word' id='word_1_699' title='bbox 595 5573 785 5645; x_wconf 89' lang='lat' dir='ltr'><strong>spirat,</strong></span> <span class='ocrx_word' id='word_1_700' title='bbox 811 5572 936 5641; x_wconf 89' lang='lat' dir='ltr'><strong>quia</strong></span> <span class='ocrx_word' id='word_1_701' title='bbox 964 5572 1079 5641; x_wconf 86' lang='lat' dir='ltr'><strong>ipse</strong></span> <span class='ocrx_word' id='word_1_702' title='bbox 1122 5571 1285 5627; x_wconf 85' lang='lat' dir='ltr'><strong>habet</strong></span> <span class='ocrx_word' id='word_1_703' title='bbox 1312 5573 1365 5628; x_wconf 91' lang='lat' dir='ltr'><strong>in</strong></span> <span class='ocrx_word' id='word_1_704' title='bbox 1387 5577 1670 5645; x_wconf 85' lang='lat' dir='ltr'><strong>potestate,</strong></span> <span class='ocrx_word' id='word_1_705' title='bbox 1714 5569 1869 5639; x_wconf 85' lang='lat' dir='ltr'><strong>cujus</strong></span> <span class='ocrx_word' id='word_1_706' title='bbox 1898 5584 1995 5624; x_wconf 91' lang='lat' dir='ltr'><strong>cor</strong></span> 
     </span>
    </p>
   </div>
   <div class='ocr_carea' id='block_1_90' title="bbox 416 5660 1989 5736">
    <p class='ocr_par' dir='ltr' id='par_1_90' title="bbox 416 5660 1989 5736">
     <span class='ocr_line' id='line_1_90' title="bbox 416 5660 1989 5736; baseline 0.001 -21"><span class='ocrx_word' id='word_1_707' title='bbox 416 5661 591 5736; x_wconf 78' lang='lat' dir='ltr'><strong>gratia</strong></span> <span class='ocrx_word' id='word_1_708' title='bbox 619 5676 731 5716; x_wconf 64' lang='lat' dir='ltr'><strong>sum</strong></span> <span class='ocrx_word' id='word_1_709' title='bbox 760 5661 1081 5719; x_wconf 69' lang='lat' dir='ltr'><strong>visitationis</strong></span> <span class='ocrx_word' id='word_1_710' title='bbox 1103 5660 1353 5717; x_wconf 84' lang='lat' dir='ltr'><strong>illustrct.</strong></span> <span class='ocrx_word' id='word_1_711' title='bbox 1387 5661 1453 5716; x_wconf 76' lang='lat' dir='ltr'><strong>Et</strong></span> <span class='ocrx_word' id='word_1_712' title='bbox 1482 5678 1650 5717; x_wconf 79' lang='lat' dir='ltr'><strong>vocem</strong></span> <span class='ocrx_word' id='word_1_713' title='bbox 1673 5663 1790 5733; x_wconf 80' lang='lat' dir='ltr'><strong>ejus</strong></span> <span class='ocrx_word' id='word_1_714' title='bbox 1813 5661 1989 5726; x_wconf 78' lang='lat' dir='ltr'><strong>audis,</strong></span> 
     </span>
    </p>
   </div>
   <div class='ocr_carea' id='block_1_91' title="bbox 2102 3210 3685 3288">
    <p class='ocr_par' dir='ltr' id='par_1_91' title="bbox 2102 3210 3685 3288">
     <span class='ocr_line' id='line_1_91' title="bbox 2102 3210 3685 3288; baseline 0.006 -24"><span class='ocrx_word' id='word_1_715' title='bbox 2102 3218 2158 3265; x_wconf 90' lang='lat' dir='ltr'><strong>et</strong></span> <span class='ocrx_word' id='word_1_716' title='bbox 2193 3210 2258 3265; x_wconf 91' lang='lat' dir='ltr'><strong>de</strong></span> <span class='ocrx_word' id='word_1_717' title='bbox 2307 3213 2537 3268; x_wconf 89' lang='lat' dir='ltr'><strong>terrenis</strong></span> <span class='ocrx_word' id='word_1_718' title='bbox 2564 3213 2837 3269; x_wconf 86' lang='lat' dir='ltr'><strong>instruere</strong></span> <span class='ocrx_word' id='word_1_719' title='bbox 2880 3231 3028 3282; x_wconf 89' lang='lat' dir='ltr'><strong>eum,</strong></span> <span class='ocrx_word' id='word_1_720' title='bbox 3066 3232 3228 3288; x_wconf 89' lang='lat' dir='ltr'><strong>quem</strong></span> <span class='ocrx_word' id='word_1_721' title='bbox 3252 3218 3382 3272; x_wconf 87' lang='lat' dir='ltr'><strong>vidit</strong></span> <span class='ocrx_word' id='word_1_722' title='bbox 3406 3218 3685 3286; x_wconf 86' lang='lat' dir='ltr'><strong>sapienter</strong></span> 
     </span>
    </p>
   </div>
   <div class='ocr_carea' id='block_1_92' title="bbox 2101 3300 3685 3374">
    <p class='ocr_par' dir='ltr' id='par_1_92' title="bbox 2101 3300 3685 3374">
     <span class='ocr_line' id='line_1_92' title="bbox 2101 3300 3685 3374; baseline 0.006 -21"><span class='ocrx_word' id='word_1_723' title='bbox 2101 3314 2167 3354; x_wconf 81' lang='lat' dir='ltr'><strong>ac</strong></span> <span class='ocrx_word' id='word_1_724' title='bbox 2217 3300 2496 3372; x_wconf 87' lang='lat' dir='ltr'><strong>diligenter</strong></span> <span class='ocrx_word' id='word_1_725' title='bbox 2542 3303 2626 3359; x_wconf 91' lang='lat' dir='ltr'><strong>his</strong></span> <span class='ocrx_word' id='word_1_726' title='bbox 2664 3320 2785 3374; x_wconf 77' lang='lat' dir='ltr'><strong>quze</strong></span> <span class='ocrx_word' id='word_1_727' title='bbox 2839 3306 3026 3371; x_wconf 80' lang='lat' dir='ltr'><strong>audit,</strong></span> <span class='ocrx_word' id='word_1_728' title='bbox 3077 3306 3373 3362; x_wconf 73' lang='lat' dir='ltr'><strong>intendere.</strong></span> <span class='ocrx_word' id='word_1_729' title='bbox 3422 3305 3685 3363; x_wconf 75' lang='lat' dir='ltr'><strong>leestis</strong></span> 
     </span>
    </p>
   </div>
   <div class='ocr_carea' id='block_1_93' title="bbox 2102 3394 3687 3468">
    <p class='ocr_par' dir='ltr' id='par_1_93' title="bbox 2102 3394 3687 3468">
     <span class='ocr_line' id='line_1_93' title="bbox 2102 3394 3687 3468; baseline 0.003 -20"><span class='ocrx_word' id='word_1_730' title='bbox 2102 3409 2333 3463; x_wconf 89' lang='lat' dir='ltr'><strong>namque</strong></span> <span class='ocrx_word' id='word_1_731' title='bbox 2375 3402 2461 3449; x_wconf 91' lang='lat' dir='ltr'><strong>est</strong></span> <span class='ocrx_word' id='word_1_732' title='bbox 2505 3397 2751 3452; x_wconf 87' lang='lat' dir='ltr'><strong>ascensio</strong></span> <span class='ocrx_word' id='word_1_733' title='bbox 2778 3394 2893 3466; x_wconf 80' lang='lat' dir='ltr'><strong>ejus</strong></span> <span class='ocrx_word' id='word_1_734' title='bbox 2941 3399 3008 3453; x_wconf 88' lang='lat' dir='ltr'><strong>ad</strong></span> <span class='ocrx_word' id='word_1_735' title='bbox 3047 3399 3211 3452; x_wconf 89' lang='lat' dir='ltr'><strong>vitam</strong></span> <span class='ocrx_word' id='word_1_736' title='bbox 3257 3397 3687 3468; x_wconf 85' lang='lat' dir='ltr'><strong>sempiternam;</strong></span> 
     </span>
    </p>
   </div>
   <div class='ocr_carea' id='block_1_94' title="bbox 2103 3485 3686 3563">
    <p class='ocr_par' dir='ltr' id='par_1_94' title="bbox 2103 3485 3686 3563">
     <span class='ocr_line' id='line_1_94' title="bbox 2103 3485 3686 3563; baseline 0.005 -25"><span class='ocrx_word' id='word_1_737' title='bbox 2103 3490 2317 3539; x_wconf 90' lang='lat' dir='ltr'><strong>terrena</strong></span> <span class='ocrx_word' id='word_1_738' title='bbox 2354 3499 2483 3540; x_wconf 83' lang='lat' dir='ltr'><strong>vero</strong></span> <span class='ocrx_word' id='word_1_739' title='bbox 2510 3485 2764 3543; x_wconf 80' lang='lat' dir='ltr'><strong>exaltatio</strong></span> <span class='ocrx_word' id='word_1_740' title='bbox 2792 3486 2909 3555; x_wconf 86' lang='lat' dir='ltr'><strong>cjas</strong></span> <span class='ocrx_word' id='word_1_741' title='bbox 2937 3489 3004 3543; x_wconf 83' lang='lat' dir='ltr'><strong>ad</strong></span> <span class='ocrx_word' id='word_1_742' title='bbox 3040 3498 3271 3546; x_wconf 87' lang='lat' dir='ltr'><strong>mortem</strong></span> <span class='ocrx_word' id='word_1_743' title='bbox 3316 3489 3686 3563; x_wconf 79' lang='lat' dir='ltr'><strong>temporalem.</strong></span> 
     </span>
    </p>
   </div>
   <div class='ocr_carea' id='block_1_95' title="bbox 2100 3573 2863 3646">
    <p class='ocr_par' dir='ltr' id='par_1_95' title="bbox 2100 3573 2863 3646">
     <span class='ocr_line' id='line_1_95' title="bbox 2100 3573 2863 3646; baseline 0.004 -17"><span class='ocrx_word' id='word_1_744' title='bbox 2100 3573 2242 3629; x_wconf 91' lang='lat' dir='ltr'><strong>Dicit</strong></span> <span class='ocrx_word' id='word_1_745' title='bbox 2264 3590 2394 3646; x_wconf 88' lang='lat' dir='ltr'><strong>ergo</strong></span> <span class='ocrx_word' id='word_1_746' title='bbox 2420 3577 2484 3631; x_wconf 89' lang='lat' dir='ltr'><strong>de</strong></span> <span class='ocrx_word' id='word_1_747' title='bbox 2514 3576 2823 3633; x_wconf 65' lang='lat' dir='ltr'><strong>cutlestibas</strong></span> <span class='ocrx_word' id='word_1_748' title='bbox 2850 3596 2863 3632; x_wconf 91' lang='lat'>:</span> 
     </span>
    </p>
   </div>
   <div class='ocr_carea' id='block_1_96' title="bbox 2176 3672 3689 3750">
    <p class='ocr_par' dir='ltr' id='par_1_96' title="bbox 2176 3672 3689 3750">
     <span class='ocr_line' id='line_1_96' title="bbox 2176 3672 3689 3750; baseline 0.005 -22"><span class='ocrx_word' id='word_1_749' title='bbox 2176 3672 2334 3729; x_wconf 72' lang='lat' dir='ltr'><strong>Vens.</strong></span> <span class='ocrx_word' id='word_1_750' title='bbox 2370 3674 2619 3729; x_wconf 58' lang='lat' dir='ltr'><strong>lin—Et</strong></span> <span class='ocrx_word' id='word_1_751' title='bbox 2647 3693 2798 3730; x_wconf 87' lang='lat' dir='ltr'><strong>nemo</strong></span> <span class='ocrx_word' id='word_1_752' title='bbox 2842 3677 3074 3733; x_wconf 82' lang='lat' dir='ltr'><strong>ascendit</strong></span> <span class='ocrx_word' id='word_1_753' title='bbox 3115 3680 3171 3733; x_wconf 83' lang='lat' dir='ltr'><strong>in</strong></span> <span class='ocrx_word' id='word_1_754' title='bbox 3198 3679 3412 3745; x_wconf 63' lang='lat' dir='ltr'><strong>caelum,</strong></span> <span class='ocrx_word' id='word_1_755' title='bbox 3454 3681 3556 3734; x_wconf 77' lang='lat' dir='ltr'><strong>nisi</strong></span> <span class='ocrx_word' id='word_1_756' title='bbox 3598 3683 3689 3750; x_wconf 70' lang='lat' dir='ltr'><strong>qui</strong></span> 
     </span>
    </p>
   </div>
   <div class='ocr_carea' id='block_1_97' title="bbox 2100 3765 3683 3844">
    <p class='ocr_par' dir='ltr' id='par_1_97' title="bbox 2100 3765 3683 3844">
     <span class='ocr_line' id='line_1_97' title="bbox 2100 3765 3683 3844; baseline 0.005 -25"><span class='ocrx_word' id='word_1_757' title='bbox 2100 3765 2363 3820; x_wconf 74' lang='lat' dir='ltr'><strong>descendit</strong></span> <span class='ocrx_word' id='word_1_758' title='bbox 2411 3766 2477 3821; x_wconf 87' lang='lat' dir='ltr'><strong>de</strong></span> <span class='ocrx_word' id='word_1_759' title='bbox 2523 3767 2672 3833; x_wconf 71' lang='lat' dir='ltr'><strong>cmlo,</strong></span> <span class='ocrx_word' id='word_1_760' title='bbox 2704 3766 2877 3824; x_wconf 76' lang='lat' dir='ltr'><strong>Filius</strong></span> <span class='ocrx_word' id='word_1_761' title='bbox 2920 3772 3171 3836; x_wconf 85' lang='lat' dir='ltr'><strong>hominis,</strong></span> <span class='ocrx_word' id='word_1_762' title='bbox 3213 3775 3406 3844; x_wconf 78' lang='lat' dir='ltr'><strong>quiest</strong></span> <span class='ocrx_word' id='word_1_763' title='bbox 3440 3774 3497 3827; x_wconf 81' lang='lat' dir='ltr'><strong>in</strong></span> <span class='ocrx_word' id='word_1_764' title='bbox 3534 3773 3683 3827; x_wconf 63' lang='lat' dir='ltr'><strong>cae’o.</strong></span> 
     </span>
    </p>
   </div>
   <div class='ocr_carea' id='block_1_98' title="bbox 2103 3856 3686 3936">
    <p class='ocr_par' dir='ltr' id='par_1_98' title="bbox 2103 3856 3686 3936">
     <span class='ocr_line' id='line_1_98' title="bbox 2103 3856 3686 3936; baseline 0.006 -26"><span class='ocrx_word' id='word_1_765' title='bbox 2103 3856 2388 3930; x_wconf 86' lang='lat' dir='ltr'><strong>Subjungit</strong></span> <span class='ocrx_word' id='word_1_766' title='bbox 2412 3874 2543 3915; x_wconf 81' lang='lat' dir='ltr'><strong>vero</strong></span> <span class='ocrx_word' id='word_1_767' title='bbox 2567 3859 2635 3915; x_wconf 91' lang='lat' dir='ltr'><strong>de</strong></span> <span class='ocrx_word' id='word_1_768' title='bbox 2656 3862 2889 3917; x_wconf 85' lang='lat' dir='ltr'><strong>terrenis</strong></span> <span class='ocrx_word' id='word_1_769' title='bbox 2913 3881 2924 3917; x_wconf 92' lang='lat'><strong>:</strong></span> <span class='ocrx_word' id='word_1_770' title='bbox 2960 3863 3143 3935; x_wconf 74' lang='lat' dir='ltr'><strong>(Vens.</strong></span> <span class='ocrx_word' id='word_1_771' title='bbox 3179 3863 3267 3936; x_wconf 72' lang='grc' dir='ltr'>ιι)</span> <span class='ocrx_word' id='word_1_772' title='bbox 3297 3864 3362 3919; x_wconf 85' lang='lat' dir='ltr'><strong>Et</strong></span> <span class='ocrx_word' id='word_1_773' title='bbox 3382 3868 3516 3919; x_wconf 81' lang='lat' dir='ltr'><strong>sicut</strong></span> <span class='ocrx_word' id='word_1_774' title='bbox 3542 3865 3686 3936; x_wconf 67' lang='lat' dir='ltr'><strong>Moy-</strong></span> 
     </span>
    </p>
   </div>
   <div class='ocr_carea' id='block_1_99' title="bbox 2099 3945 3685 4026">
    <p class='ocr_par' dir='ltr' id='par_1_99' title="bbox 2099 3945 3685 4026">
     <span class='ocr_line' id='line_1_99' title="bbox 2099 3945 3685 4026; baseline 0.006 -26"><span class='ocrx_word' id='word_1_775' title='bbox 2099 3962 2180 4000; x_wconf 86' lang='lat' dir='ltr'><strong>ses</strong></span> <span class='ocrx_word' id='word_1_776' title='bbox 2201 3945 2449 4001; x_wconf 68' lang='lat' dir='ltr'><strong>exaltarit</strong></span> <span class='ocrx_word' id='word_1_777' title='bbox 2467 3960 2753 4019; x_wconf 84' lang='lat' dir='ltr'><strong>serpentem</strong></span> <span class='ocrx_word' id='word_1_778' title='bbox 2783 3951 2837 4005; x_wconf 87' lang='lat' dir='ltr'><strong>in</strong></span> <span class='ocrx_word' id='word_1_779' title='bbox 2857 3952 3080 4020; x_wconf 85' lang='lat' dir='ltr'><strong>deserto,</strong></span> <span class='ocrx_word' id='word_1_780' title='bbox 3111 3956 3186 4008; x_wconf 85' lang='lat' dir='ltr'><strong>ita</strong></span> <span class='ocrx_word' id='word_1_781' title='bbox 3219 3955 3447 4010; x_wconf 73' lang='lat' dir='ltr'><strong>exaltari</strong></span> <span class='ocrx_word' id='word_1_782' title='bbox 3486 3966 3685 4026; x_wconf 80' lang='lat' dir='ltr'><strong>oportet</strong></span> 
     </span>
    </p>
   </div>
   <div class='ocr_carea' id='block_1_100' title="bbox 2101 4033 3679 4116">
    <p class='ocr_par' dir='ltr' id='par_1_100' title="bbox 2101 4033 3679 4116">
     <span class='ocr_line' id='line_1_100' title="bbox 2101 4033 3679 4116; baseline 0.007 -28"><span class='ocrx_word' id='word_1_783' title='bbox 2101 4033 2303 4089; x_wconf 81' lang='lat' dir='ltr'><strong>Filium</strong></span> <span class='ocrx_word' id='word_1_784' title='bbox 2329 4037 2570 4092; x_wconf 84' lang='lat' dir='ltr'><strong>hominis.</strong></span> <span class='ocrx_word' id='word_1_785' title='bbox 2614 4039 2804 4096; x_wconf 80' lang='lat' dir='ltr'><strong>Merito</strong></span> <span class='ocrx_word' id='word_1_786' title='bbox 2828 4050 3007 4097; x_wconf 88' lang='lat' dir='ltr'><strong>autem</strong></span> <span class='ocrx_word' id='word_1_787' title='bbox 3037 4045 3296 4113; x_wconf 72' lang='lat' dir='ltr'><strong>quaeritur</strong></span> <span class='ocrx_word' id='word_1_788' title='bbox 3317 4046 3586 4116; x_wconf 84' lang='lat' dir='ltr'><strong>quomodo</strong></span> <span class='ocrx_word' id='word_1_789' title='bbox 3606 4046 3679 4100; x_wconf 85' lang='lat' dir='ltr'><strong>di-</strong></span> 
     </span>
    </p>
   </div>
   <div class='ocr_carea' id='block_1_101' title="bbox 2101 4128 3683 4201">
    <p class='ocr_par' dir='ltr' id='par_1_101' title="bbox 2101 4128 3683 4201">
     <span class='ocr_line' id='line_1_101' title="bbox 2101 4128 3683 4201; baseline 0.007 -20"><span class='ocrx_word' id='word_1_790' title='bbox 2101 4135 2256 4182; x_wconf 89' lang='lat' dir='ltr'><strong>catur</strong></span> <span class='ocrx_word' id='word_1_791' title='bbox 2276 4128 2442 4183; x_wconf 84' lang='lat' dir='ltr'><strong>Filius</strong></span> <span class='ocrx_word' id='word_1_792' title='bbox 2472 4131 2725 4196; x_wconf 84' lang='lat' dir='ltr'><strong>hominis,</strong></span> <span class='ocrx_word' id='word_1_793' title='bbox 2752 4132 2838 4188; x_wconf 88' lang='lat' dir='ltr'><strong>vel</strong></span> <span class='ocrx_word' id='word_1_794' title='bbox 2864 4134 3207 4191; x_wconf 90' lang='lat' dir='ltr'><strong>descendisse</strong></span> <span class='ocrx_word' id='word_1_795' title='bbox 3230 4136 3297 4190; x_wconf 86' lang='lat' dir='ltr'><strong>de</strong></span> <span class='ocrx_word' id='word_1_796' title='bbox 3318 4136 3455 4193; x_wconf 79' lang='lat' dir='ltr'><strong>ccelo</strong></span> <span class='ocrx_word' id='word_1_797' title='bbox 3472 4177 3488 4201; x_wconf 95' lang='lat'><strong>,</strong></span> <span class='ocrx_word' id='word_1_798' title='bbox 3513 4137 3597 4192; x_wconf 88' lang='lat' dir='ltr'><strong>vel</strong></span> <span class='ocrx_word' id='word_1_799' title='bbox 3619 4154 3683 4192; x_wconf 81' lang='lat' dir='ltr'><strong>eo</strong></span> 
     </span>
    </p>
   </div>
   <div class='ocr_carea' id='block_1_102' title="bbox 2101 4221 3676 4299">
    <p class='ocr_par' dir='ltr' id='par_1_102' title="bbox 2101 4221 3676 4299">
     <span class='ocr_line' id='line_1_102' title="bbox 2101 4221 3676 4299; baseline 0.007 -28"><span class='ocrx_word' id='word_1_800' title='bbox 2101 4224 2344 4288; x_wconf 88' lang='lat' dir='ltr'><strong>tempore</strong></span> <span class='ocrx_word' id='word_1_801' title='bbox 2393 4234 2501 4289; x_wconf 85' lang='lat' dir='ltr'><strong>quo</strong></span> <span class='ocrx_word' id='word_1_802' title='bbox 2544 4221 2660 4277; x_wconf 72' lang='lat' dir='ltr'><strong>haec</strong></span> <span class='ocrx_word' id='word_1_803' title='bbox 2705 4222 2758 4277; x_wconf 93' lang='lat' dir='ltr'><strong>in</strong></span> <span class='ocrx_word' id='word_1_804' title='bbox 2809 4231 2952 4278; x_wconf 88' lang='lat' dir='ltr'><strong>terra</strong></span> <span class='ocrx_word' id='word_1_805' title='bbox 2998 4224 3339 4295; x_wconf 85' lang='lat' dir='ltr'><strong>loquebatur,</strong></span> <span class='ocrx_word' id='word_1_806' title='bbox 3370 4226 3532 4299; x_wconf 61' lang='lat'><strong>592</strong></span> <span class='ocrx_word' id='word_1_807' title='bbox 3563 4229 3676 4298; x_wconf 83' lang='lat' dir='ltr'><strong>jam</strong></span> 
     </span>
    </p>
   </div>
   <div class='ocr_carea' id='block_1_103' title="bbox 2101 4306 3678 4387">
    <p class='ocr_par' dir='ltr' id='par_1_103' title="bbox 2101 4306 3678 4387">
     <span class='ocr_line' id='line_1_103' title="bbox 2101 4306 3678 4387; baseline 0.007 -24"><span class='ocrx_word' id='word_1_808' title='bbox 2101 4306 2268 4365; x_wconf 78' lang='lat' dir='ltr'><strong>fuisse</strong></span> <span class='ocrx_word' id='word_1_809' title='bbox 2296 4311 2349 4365; x_wconf 90' lang='lat' dir='ltr'><strong>in</strong></span> <span class='ocrx_word' id='word_1_810' title='bbox 2371 4312 2544 4367; x_wconf 75' lang='grc' dir='ltr'><strong>εωιοῖ</strong></span> <span class='ocrx_word' id='word_1_811' title='bbox 2566 4311 2699 4368; x_wconf 82' lang='lat' dir='ltr'><strong>Nota</strong></span> <span class='ocrx_word' id='word_1_812' title='bbox 2729 4323 2816 4369; x_wconf 91' lang='lat' dir='ltr'><strong>est</strong></span> <span class='ocrx_word' id='word_1_813' title='bbox 2863 4331 3094 4387; x_wconf 90' lang='lat' dir='ltr'><strong>namque</strong></span> <span class='ocrx_word' id='word_1_814' title='bbox 3118 4317 3384 4373; x_wconf 73' lang='lat' dir='ltr'><strong>malessio</strong></span> <span class='ocrx_word' id='word_1_815' title='bbox 3419 4318 3541 4373; x_wconf 74' lang='lat' dir='ltr'><strong>ﬁdei</strong></span> <span class='ocrx_word' id='word_1_816' title='bbox 3583 4334 3678 4374; x_wconf 88' lang='lat' dir='ltr'><strong>ca-</strong></span> 
     </span>
    </p>
   </div>
   <div class='ocr_carea' id='block_1_104' title="bbox 2104 4400 3678 4476">
    <p class='ocr_par' dir='ltr' id='par_1_104' title="bbox 2104 4400 3678 4476">
     <span class='ocr_line' id='line_1_104' title="bbox 2104 4400 3678 4476; baseline 0.008 -22"><span class='ocrx_word' id='word_1_817' title='bbox 2104 4400 2339 4467; x_wconf 66' lang='lat' dir='ltr'><strong>tholicae,</strong></span> <span class='ocrx_word' id='word_1_818' title='bbox 2363 4404 2489 4473; x_wconf 85' lang='lat' dir='ltr'><strong>quia</strong></span> <span class='ocrx_word' id='word_1_819' title='bbox 2515 4404 2849 4461; x_wconf 87' lang='lat' dir='ltr'><strong>descendens</strong></span> <span class='ocrx_word' id='word_1_820' title='bbox 2886 4408 2952 4461; x_wconf 64' lang='grc' dir='ltr'>ατε</span> <span class='ocrx_word' id='word_1_821' title='bbox 2980 4408 3118 4463; x_wconf 77' lang='grc' dir='ltr'>εωιο</span> <span class='ocrx_word' id='word_1_822' title='bbox 3137 4409 3307 4466; x_wconf 81' lang='lat' dir='ltr'><strong>Filius</strong></span> <span class='ocrx_word' id='word_1_823' title='bbox 3336 4409 3455 4476; x_wconf 90' lang='lat' dir='ltr'><strong>Dei,</strong></span> <span class='ocrx_word' id='word_1_824' title='bbox 3485 4410 3678 4468; x_wconf 79' lang='lat' dir='ltr'><strong>Filium</strong></span> 
     </span>
    </p>
   </div>
   <div class='ocr_carea' id='block_1_105' title="bbox 2104 4492 3680 4574">
    <p class='ocr_par' dir='ltr' id='par_1_105' title="bbox 2104 4492 3680 4574">
     <span class='ocr_line' id='line_1_105' title="bbox 2104 4492 3680 4574; baseline 0.008 -27"><span class='ocrx_word' id='word_1_825' title='bbox 2104 4492 2336 4549; x_wconf 83' lang='lat' dir='ltr'><strong>hominis</strong></span> <span class='ocrx_word' id='word_1_826' title='bbox 2378 4495 2432 4552; x_wconf 91' lang='lat' dir='ltr'><strong>in</strong></span> <span class='ocrx_word' id='word_1_827' title='bbox 2463 4505 2617 4552; x_wconf 88' lang='lat' dir='ltr'><strong>utero</strong></span> <span class='ocrx_word' id='word_1_828' title='bbox 2663 4499 2911 4570; x_wconf 84' lang='lat' dir='ltr'><strong>virginali</strong></span> <span class='ocrx_word' id='word_1_829' title='bbox 2954 4503 3211 4572; x_wconf 88' lang='lat' dir='ltr'><strong>suscepit,</strong></span> <span class='ocrx_word' id='word_1_830' title='bbox 3257 4518 3491 4574; x_wconf 86' lang='lat' dir='ltr'><strong>eumque</strong></span> <span class='ocrx_word' id='word_1_831' title='bbox 3516 4519 3680 4559; x_wconf 79' lang='lat' dir='ltr'><strong>com-</strong></span> 
     </span>
    </p>
   </div>
   <div class='ocr_carea' id='block_1_106' title="bbox 2100 4581 3680 4659">
    <p class='ocr_par' dir='ltr' id='par_1_106' title="bbox 2100 4581 3680 4659">
     <span class='ocr_line' id='line_1_106' title="bbox 2100 4581 3680 4659; baseline 0.009 -24"><span class='ocrx_word' id='word_1_832' title='bbox 2100 4581 2242 4651; x_wconf 88' lang='lat' dir='ltr'><strong>pleta</strong></span> <span class='ocrx_word' id='word_1_833' title='bbox 2263 4584 2661 4656; x_wconf 87' lang='lat' dir='ltr'><strong>dispensatione</strong></span> <span class='ocrx_word' id='word_1_834' title='bbox 2682 4590 2949 4659; x_wconf 88' lang='lat' dir='ltr'><strong>passionis</strong></span> <span class='ocrx_word' id='word_1_835' title='bbox 2974 4605 3088 4646; x_wconf 66' lang='lat' dir='ltr'><strong>suae</strong></span> <span class='ocrx_word' id='word_1_836' title='bbox 3105 4594 3446 4649; x_wconf 82' lang='lat' dir='ltr'><strong>resuscitavit</strong></span> <span class='ocrx_word' id='word_1_837' title='bbox 3469 4609 3500 4648; x_wconf 88' lang='lat' dir='ltr'><strong>a</strong></span> <span class='ocrx_word' id='word_1_838' title='bbox 3531 4611 3680 4649; x_wconf 88' lang='lat' dir='ltr'><strong>rnor-</strong></span> 
     </span>
    </p>
   </div>
   <div class='ocr_carea' id='block_1_107' title="bbox 2103 4671 3678 4755">
    <p class='ocr_par' dir='ltr' id='par_1_107' title="bbox 2103 4671 3678 4755">
     <span class='ocr_line' id='line_1_107' title="bbox 2103 4671 3678 4755; baseline 0.009 -30"><span class='ocrx_word' id='word_1_839' title='bbox 2103 4671 2228 4737; x_wconf 89' lang='lat' dir='ltr'><strong>tuis,</strong></span> <span class='ocrx_word' id='word_1_840' title='bbox 2257 4680 2314 4729; x_wconf 90' lang='lat' dir='ltr'><strong>et</strong></span> <span class='ocrx_word' id='word_1_841' title='bbox 2336 4678 2626 4748; x_wconf 87' lang='lat' dir='ltr'><strong>assumpsit</strong></span> <span class='ocrx_word' id='word_1_842' title='bbox 2643 4679 2697 4733; x_wconf 91' lang='lat' dir='ltr'><strong>in</strong></span> <span class='ocrx_word' id='word_1_843' title='bbox 2729 4681 2946 4735; x_wconf 78' lang='lat' dir='ltr'><strong>cmlum.</strong></span> <span class='ocrx_word' id='word_1_844' title='bbox 2994 4681 3111 4737; x_wconf 87' lang='lat' dir='ltr'><strong>Non</strong></span> <span class='ocrx_word' id='word_1_845' title='bbox 3151 4698 3282 4755; x_wconf 85' lang='lat' dir='ltr'><strong>ergo</strong></span> <span class='ocrx_word' id='word_1_846' title='bbox 3307 4699 3438 4740; x_wconf 89' lang='lat' dir='ltr'><strong>caro</strong></span> <span class='ocrx_word' id='word_1_847' title='bbox 3478 4685 3678 4742; x_wconf 82' lang='lat' dir='ltr'><strong>Christi</strong></span> 
     </span>
    </p>
   </div>
   <div class='ocr_carea' id='block_1_108' title="bbox 2100 4764 3679 4847">
    <p class='ocr_par' dir='ltr' id='par_1_108' title="bbox 2100 4764 3679 4847">
     <span class='ocr_line' id='line_1_108' title="bbox 2100 4764 3679 4847; baseline 0.007 -27"><span class='ocrx_word' id='word_1_848' title='bbox 2100 4764 2381 4823; x_wconf 86' lang='lat' dir='ltr'><strong>descendit</strong></span> <span class='ocrx_word' id='word_1_849' title='bbox 2417 4769 2484 4824; x_wconf 90' lang='lat' dir='ltr'><strong>de</strong></span> <span class='ocrx_word' id='word_1_850' title='bbox 2508 4770 2674 4836; x_wconf 71' lang='lat' dir='ltr'><strong>uelo,</strong></span> <span class='ocrx_word' id='word_1_851' title='bbox 2720 4788 2894 4843; x_wconf 88' lang='lat' dir='ltr'><strong>neque</strong></span> <span class='ocrx_word' id='word_1_852' title='bbox 2921 4782 3047 4830; x_wconf 86' lang='lat' dir='ltr'><strong>ante</strong></span> <span class='ocrx_word' id='word_1_853' title='bbox 3090 4783 3299 4847; x_wconf 86' lang='lat' dir='ltr'><strong>tempus</strong></span> <span class='ocrx_word' id='word_1_854' title='bbox 3344 4778 3679 4833; x_wconf 81' lang='lat' dir='ltr'><strong>ascensionis</strong></span> 
     </span>
    </p>
   </div>
   <div class='ocr_carea' id='block_1_109' title="bbox 2098 4858 3678 4939">
    <p class='ocr_par' dir='ltr' id='par_1_109' title="bbox 2098 4858 3678 4939">
     <span class='ocr_line' id='line_1_109' title="bbox 2098 4858 3678 4939; baseline 0.006 -28"><span class='ocrx_word' id='word_1_855' title='bbox 2098 4858 2293 4913; x_wconf 82' lang='lat' dir='ltr'><strong>eratin</strong></span> <span class='ocrx_word' id='word_1_856' title='bbox 2315 4859 2468 4916; x_wconf 81' lang='lat' dir='ltr'><strong>cmlo.</strong></span> <span class='ocrx_word' id='word_1_857' title='bbox 2500 4861 2567 4916; x_wconf 85' lang='lat' dir='ltr'><strong>Et</strong></span> <span class='ocrx_word' id='word_1_858' title='bbox 2587 4877 2693 4932; x_wconf 90' lang='lat' dir='ltr'><strong>qua</strong></span> <span class='ocrx_word' id='word_1_859' title='bbox 2715 4865 2926 4920; x_wconf 82' lang='lat' dir='ltr'><strong>ratione</strong></span> <span class='ocrx_word' id='word_1_860' title='bbox 2942 4865 3143 4921; x_wconf 87' lang='lat' dir='ltr'><strong>dicitur</strong></span> <span class='ocrx_word' id='word_1_861' title='bbox 3168 4885 3181 4920; x_wconf 90' lang='lat'>:</span> <span class='ocrx_word' id='word_1_862' title='bbox 3222 4865 3343 4921; x_wconf 83' lang='lat' dir='ltr'><strong>Nisi</strong></span> <span class='ocrx_word' id='word_1_863' title='bbox 3357 4868 3448 4939; x_wconf 68' lang='lat' dir='ltr'><strong>qui</strong></span> <span class='ocrx_word' id='word_1_864' title='bbox 3471 4867 3678 4921; x_wconf 72' lang='lat' dir='ltr'><strong>descen-</strong></span> 
     </span>
    </p>
   </div>
   <div class='ocr_carea' id='block_1_110' title="bbox 2096 4946 3723 5029">
    <p class='ocr_par' dir='ltr' id='par_1_110' title="bbox 2096 4946 3723 5029">
     <span class='ocr_line' id='line_1_110' title="bbox 2096 4946 3723 5029; baseline 0.008 -29"><span class='ocrx_word' id='word_1_865' title='bbox 2096 4946 2175 5001; x_wconf 82' lang='lat' dir='ltr'><strong>dit</strong></span> <span class='ocrx_word' id='word_1_866' title='bbox 2199 4949 2266 5002; x_wconf 84' lang='lat' dir='ltr'><strong>de</strong></span> <span class='ocrx_word' id='word_1_867' title='bbox 2289 4949 2438 5015; x_wconf 78' lang='lat' dir='ltr'><strong>carlo,</strong></span> <span class='ocrx_word' id='word_1_868' title='bbox 2465 4949 2637 5007; x_wconf 82' lang='lat' dir='ltr'><strong>Filius</strong></span> <span class='ocrx_word' id='word_1_869' title='bbox 2661 4955 2911 5021; x_wconf 78' lang='lat' dir='ltr'><strong>hominis,</strong></span> <span class='ocrx_word' id='word_1_870' title='bbox 2936 4958 3027 5028; x_wconf 82' lang='lat' dir='ltr'><strong>qui</strong></span> <span class='ocrx_word' id='word_1_871' title='bbox 3053 4966 3128 5012; x_wconf 83' lang='lat' dir='ltr'><strong>est</strong></span> <span class='ocrx_word' id='word_1_872' title='bbox 3156 4959 3212 5012; x_wconf 83' lang='lat' dir='ltr'><strong>in</strong></span> <span class='ocrx_word' id='word_1_873' title='bbox 3239 4958 3388 5024; x_wconf 70' lang='lat' dir='ltr'><strong>calo,</strong></span> <span class='ocrx_word' id='word_1_874' title='bbox 3418 4959 3520 5015; x_wconf 84' lang='lat' dir='ltr'><strong>nisi</strong></span> <span class='ocrx_word' id='word_1_875' title='bbox 3550 4958 3674 5029; x_wconf 83' lang='lat' dir='ltr'><strong>quia</strong></span> <span class='ocrx_word' id='word_1_876' title='bbox 3714 5009 3723 5028; x_wconf 72' lang='grc'>,</span> 
     </span>
    </p>
   </div>
   <div class='ocr_carea' id='block_1_111' title="bbox 2097 5033 3724 5109">
    <p class='ocr_par' dir='ltr' id='par_1_111' title="bbox 2097 5033 3724 5109">
     <span class='ocr_line' id='line_1_111' title="bbox 2097 5033 3724 5109; baseline 0.007 -19"><span class='ocrx_word' id='word_1_877' title='bbox 2097 5034 2294 5091; x_wconf 86' lang='lat' dir='ltr'><strong>Christi</strong></span> <span class='ocrx_word' id='word_1_878' title='bbox 2322 5054 2549 5108; x_wconf 83' lang='lat' dir='ltr'><strong>persona</strong></span> <span class='ocrx_word' id='word_1_879' title='bbox 2577 5058 2682 5097; x_wconf 90' lang='lat' dir='ltr'><strong>una</strong></span> <span class='ocrx_word' id='word_1_880' title='bbox 2709 5052 2794 5099; x_wconf 90' lang='lat' dir='ltr'><strong>est</strong></span> <span class='ocrx_word' id='word_1_881' title='bbox 2812 5085 2827 5109; x_wconf 95' lang='lat'><strong>,</strong></span> <span class='ocrx_word' id='word_1_882' title='bbox 2867 5046 2921 5100; x_wconf 92' lang='lat' dir='ltr'><strong>in</strong></span> <span class='ocrx_word' id='word_1_883' title='bbox 2950 5045 3157 5102; x_wconf 87' lang='lat' dir='ltr'><strong>duabus</strong></span> <span class='ocrx_word' id='word_1_884' title='bbox 3179 5048 3419 5105; x_wconf 75' lang='lat' dir='ltr'><strong>existens</strong></span> <span class='ocrx_word' id='word_1_885' title='bbox 3436 5049 3678 5103; x_wconf 71' lang='lat' dir='ltr'><strong>nanti-is?</strong></span> <span class='ocrx_word' id='word_1_886' title='bbox 3716 5033 3724 5067; x_wconf 74' lang='grc'><strong><em>⁵</em></strong></span> 
     </span>
    </p>
   </div>
   <div class='ocr_carea' id='block_1_112' title="bbox 2098 5128 3675 5203">
    <p class='ocr_par' dir='ltr' id='par_1_112' title="bbox 2098 5128 3675 5203">
     <span class='ocr_line' id='line_1_112' title="bbox 2098 5128 3675 5203; baseline 0.009 -23"><span class='ocrx_word' id='word_1_887' title='bbox 2098 5133 2258 5197; x_wconf 77' lang='lat' dir='ltr'><strong>atque</strong></span> <span class='ocrx_word' id='word_1_888' title='bbox 2283 5128 2401 5185; x_wconf 74' lang='lat' dir='ltr'><strong>ilco</strong></span> <span class='ocrx_word' id='word_1_889' title='bbox 2437 5129 2606 5186; x_wconf 87' lang='lat' dir='ltr'><strong>Filius</strong></span> <span class='ocrx_word' id='word_1_890' title='bbox 2650 5134 2886 5190; x_wconf 85' lang='lat' dir='ltr'><strong>hominis</strong></span> <span class='ocrx_word' id='word_1_891' title='bbox 2934 5145 3081 5192; x_wconf 72' lang='lat' dir='ltr'><strong>recte</strong></span> <span class='ocrx_word' id='word_1_892' title='bbox 3118 5138 3335 5203; x_wconf 87' lang='lat' dir='ltr'><strong>dicitur,</strong></span> <span class='ocrx_word' id='word_1_893' title='bbox 3356 5148 3414 5194; x_wconf 90' lang='lat' dir='ltr'><strong>et</strong></span> <span class='ocrx_word' id='word_1_894' title='bbox 3450 5140 3675 5193; x_wconf 79' lang='lat' dir='ltr'><strong>descen-</strong></span> 
     </span>
    </p>
   </div>
   <div class='ocr_carea' id='block_1_113' title="bbox 2098 5215 3675 5298">
    <p class='ocr_par' dir='ltr' id='par_1_113' title="bbox 2098 5215 3675 5298">
     <span class='ocr_line' id='line_1_113' title="bbox 2098 5215 3675 5298; baseline 0.008 -28"><span class='ocrx_word' id='word_1_895' title='bbox 2098 5215 2243 5271; x_wconf 89' lang='lat' dir='ltr'><strong>disse</strong></span> <span class='ocrx_word' id='word_1_896' title='bbox 2267 5218 2332 5272; x_wconf 90' lang='lat' dir='ltr'><strong>de</strong></span> <span class='ocrx_word' id='word_1_897' title='bbox 2351 5218 2512 5283; x_wconf 64' lang='lat' dir='ltr'><strong>caelo,</strong></span> <span class='ocrx_word' id='word_1_898' title='bbox 2533 5229 2588 5275; x_wconf 88' lang='lat' dir='ltr'><strong>et</strong></span> <span class='ocrx_word' id='word_1_899' title='bbox 2612 5230 2736 5276; x_wconf 76' lang='lat' dir='ltr'><strong>ante</strong></span> <span class='ocrx_word' id='word_1_900' title='bbox 2756 5225 3062 5293; x_wconf 86' lang='lat' dir='ltr'><strong>passionem</strong></span> <span class='ocrx_word' id='word_1_901' title='bbox 3091 5226 3257 5284; x_wconf 83' lang='lat' dir='ltr'><strong>fuisse</strong></span> <span class='ocrx_word' id='word_1_902' title='bbox 3276 5229 3328 5283; x_wconf 85' lang='lat' dir='ltr'><strong>in</strong></span> <span class='ocrx_word' id='word_1_903' title='bbox 3351 5228 3520 5295; x_wconf 75' lang='lat' dir='ltr'><strong>cmlo;</strong></span> <span class='ocrx_word' id='word_1_904' title='bbox 3548 5230 3675 5298; x_wconf 82' lang='lat' dir='ltr'><strong>quia</strong></span> 
     </span>
    </p>
   </div>
   <div class='ocr_carea' id='block_1_114' title="bbox 2098 5305 3676 5385">
    <p class='ocr_par' dir='ltr' id='par_1_114' title="bbox 2098 5305 3676 5385">
     <span class='ocr_line' id='line_1_114' title="bbox 2098 5305 3676 5385; baseline 0.007 -27"><span class='ocrx_word' id='word_1_905' title='bbox 2098 5305 2239 5373; x_wconf 89' lang='lat' dir='ltr'><strong>quod</strong></span> <span class='ocrx_word' id='word_1_906' title='bbox 2265 5307 2318 5361; x_wconf 88' lang='lat' dir='ltr'><strong>in</strong></span> <span class='ocrx_word' id='word_1_907' title='bbox 2349 5322 2446 5362; x_wconf 82' lang='lat' dir='ltr'><strong>sua</strong></span> <span class='ocrx_word' id='word_1_908' title='bbox 2477 5316 2667 5363; x_wconf 84' lang='lat' dir='ltr'><strong>natura</strong></span> <span class='ocrx_word' id='word_1_909' title='bbox 2714 5311 2914 5367; x_wconf 83' lang='lat' dir='ltr'><strong>habere</strong></span> <span class='ocrx_word' id='word_1_910' title='bbox 2953 5328 3060 5369; x_wconf 85' lang='lat' dir='ltr'><strong>non</strong></span> <span class='ocrx_word' id='word_1_911' title='bbox 3089 5316 3285 5385; x_wconf 88' lang='lat' dir='ltr'><strong>potuit,</strong></span> <span class='ocrx_word' id='word_1_912' title='bbox 3311 5317 3415 5371; x_wconf 82' lang='lat' dir='ltr'><strong>hoc</strong></span> <span class='ocrx_word' id='word_1_913' title='bbox 3455 5316 3509 5370; x_wconf 90' lang='lat' dir='ltr'><strong>in</strong></span> <span class='ocrx_word' id='word_1_914' title='bbox 3541 5315 3583 5368; x_wconf 64' lang='grc' dir='ltr'>Ρ</span> <span class='ocrx_word' id='word_1_915' title='bbox 3586 5316 3676 5369; x_wconf 89' lang='lat' dir='ltr'><strong>ilio</strong></span> 
     </span>
    </p>
   </div>
   <div class='ocr_carea' id='block_1_115' title="bbox 2103 5392 3677 5476">
    <p class='ocr_par' dir='ltr' id='par_1_115' title="bbox 2103 5392 3677 5476">
     <span class='ocr_line' id='line_1_115' title="bbox 2103 5392 3677 5476; baseline 0.01 -29"><span class='ocrx_word' id='word_1_916' title='bbox 2103 5392 2217 5459; x_wconf 88' lang='lat' dir='ltr'><strong>Dei,</strong></span> <span class='ocrx_word' id='word_1_917' title='bbox 2276 5410 2307 5448; x_wconf 76' lang='grc' dir='ltr'>ι</span> <span class='ocrx_word' id='word_1_918' title='bbox 2346 5411 2459 5464; x_wconf 77' lang='lat' dir='ltr'><strong>quo</strong></span> <span class='ocrx_word' id='word_1_919' title='bbox 2510 5409 2820 5467; x_wconf 73' lang='lat' dir='ltr'><strong>assumptus</strong></span> <span class='ocrx_word' id='word_1_920' title='bbox 2860 5410 2968 5467; x_wconf 68' lang='lat' dir='ltr'><strong>est,</strong></span> <span class='ocrx_word' id='word_1_921' title='bbox 3017 5403 3225 5466; x_wconf 82' lang='lat' dir='ltr'><strong>habuit,</strong></span> <span class='ocrx_word' id='word_1_922' title='bbox 3257 5403 3412 5460; x_wconf 76' lang='lat' dir='ltr'><strong>Sient</strong></span> <span class='ocrx_word' id='word_1_923' title='bbox 3455 5413 3677 5476; x_wconf 68' lang='lat' dir='ltr'><strong>propter</strong></span> 
     </span>
    </p>
   </div>
   <div class='ocr_carea' id='block_1_116' title="bbox 2084 5485 3677 5564">
    <p class='ocr_par' dir='ltr' id='par_1_116' title="bbox 2084 5485 3677 5564">
     <span class='ocr_line' id='line_1_116' title="bbox 2084 5485 3677 5564; baseline 0.006 -27"><span class='ocrx_word' id='word_1_924' title='bbox 2084 5485 2341 5539; x_wconf 17' lang='lat' dir='ltr'><strong>{eamdem</strong></span> <span class='ocrx_word' id='word_1_925' title='bbox 2391 5486 2550 5541; x_wconf 87' lang='lat' dir='ltr'><strong>unius</strong></span> <span class='ocrx_word' id='word_1_926' title='bbox 2586 5486 2787 5545; x_wconf 81' lang='lat' dir='ltr'><strong>Christi</strong></span> <span class='ocrx_word' id='word_1_927' title='bbox 2834 5506 3144 5560; x_wconf 66' lang='lat' dir='ltr'><strong>personam,</strong></span> <span class='ocrx_word' id='word_1_928' title='bbox 3184 5508 3307 5564; x_wconf 69' lang='lat' dir='ltr'><strong>qua</strong></span> <span class='ocrx_word' id='word_1_929' title='bbox 3348 5506 3419 5550; x_wconf 75' lang='lat' dir='ltr'><strong>ex</strong></span> <span class='ocrx_word' id='word_1_930' title='bbox 3464 5492 3677 5549; x_wconf 59' lang='lat' dir='ltr'><strong>dum</strong></span> 
     </span>
    </p>
   </div>
   <div class='ocr_carea' id='block_1_117' title="bbox 2097 5571 3676 5653">
    <p class='ocr_par' dir='ltr' id='par_1_117' title="bbox 2097 5571 3676 5653">
     <span class='ocr_line' id='line_1_117' title="bbox 2097 5571 3676 5653; baseline 0.008 -27"><span class='ocrx_word' id='word_1_931' title='bbox 2097 5571 2284 5626; x_wconf 75' lang='lat' dir='ltr'><strong>existit</strong></span> <span class='ocrx_word' id='word_1_932' title='bbox 2318 5574 2547 5641; x_wconf 85' lang='lat' dir='ltr'><strong>naturis,</strong></span> <span class='ocrx_word' id='word_1_933' title='bbox 2576 5574 2869 5647; x_wconf 82' lang='lat' dir='ltr'><strong>Apostolus</strong></span> <span class='ocrx_word' id='word_1_934' title='bbox 2895 5578 3012 5634; x_wconf 81' lang='lat' dir='ltr'><strong>ait:</strong></span> <span class='ocrx_word' id='word_1_935' title='bbox 3054 5577 3158 5636; x_wconf 83' lang='lat' dir='ltr'><strong>Vos</strong></span> <span class='ocrx_word' id='word_1_936' title='bbox 3202 5578 3432 5653; x_wconf 69' lang='lat' dir='ltr'><strong>Spiritus</strong></span> <span class='ocrx_word' id='word_1_937' title='bbox 3459 5594 3676 5638; x_wconf 67' lang='lat' dir='ltr'><strong>sanctus</strong></span> 
     </span>
    </p>
   </div>
   <div class='ocr_carea' id='block_1_118' title="bbox 2082 5660 3673 5745">
    <p class='ocr_par' dir='ltr' id='par_1_118' title="bbox 2082 5660 3673 5745">
     <span class='ocr_line' id='line_1_118' title="bbox 2082 5660 3673 5745; baseline 0.01 -31"><span class='ocrx_word' id='word_1_938' title='bbox 2082 5660 2271 5730; x_wconf 52' lang='lat' dir='ltr'><strong>possit</strong></span> <span class='ocrx_word' id='word_1_939' title='bbox 2293 5661 2557 5733; x_wconf 75' lang='lat' dir='ltr'><strong>episcopos</strong></span> <span class='ocrx_word' id='word_1_940' title='bbox 2578 5680 2759 5738; x_wconf 69' lang='lat' dir='ltr'><strong>ngare</strong></span> <span class='ocrx_word' id='word_1_941' title='bbox 2784 5666 3086 5726; x_wconf 65' lang='lat' dir='ltr'><strong>Ecclesium</strong></span> <span class='ocrx_word' id='word_1_942' title='bbox 3103 5666 3226 5738; x_wconf 69' lang='lat' dir='ltr'><strong>Dei.</strong></span> <span class='ocrx_word' id='word_1_943' title='bbox 3250 5686 3416 5744; x_wconf 65' lang='lat' dir='ltr'><strong>quam</strong></span> <span class='ocrx_word' id='word_1_944' title='bbox 3445 5671 3673 5745; x_wconf 70' lang='lat' dir='ltr'><strong>acquisi-</strong></span> 
     </span>
    </p>
   </div>
   <div class='ocr_carea' id='block_1_119' title="bbox 2268 5808 2303 5819">
    <p class='ocr_par' dir='ltr' id='par_1_119' title="bbox 2268 5808 2303 5819">
     <span class='ocr_line' id='line_1_119' title="bbox 2268 5808 2303 5819; baseline 0 -5"><span class='ocrx_word' id='word_1_945' title='bbox 2268 5808 2303 5819; x_wconf 80' lang='lat'><strong>,-</strong></span> 
     </span>
    </p>
   </div>
  </div>
