4020 6186
417 218 510 278 781

408 340 476 396 vit
501 341 757 412 sanguine
808 359 902 398 suo
933 344 1068 417 (Act.

405 431 460 484 in
487 444 584 484 sua
625 431 944 498 substantia,
972 437 1066 490 sed
1107 438 1161 493 in
1209 441 1428 499 homine
1456 445 1734 517 assumpto
1761 455 1978 523 sangui-

402 535 568 582 nem,
613 519 702 582 qui
751 533 848 590 pro
905 521 1145 581 Ecclesia
1198 525 1513 586 funderetur
1560 531 1766 607 [Beda,
1818 519 1980 610 quem

400 610 694 681 funderet],
725 612 927 668 habuit.
961 613 1095 672 ilinc
1123 620 1267 674 enim
1288 617 1570 680 Psalmista
1593 627 1724 682 dicit
1748 648 1760 684 :
1787 631 1980 688 Ascen-

401 698 477 751 dit
503 698 640 753 Deus
667 701 721 754 in
741 700 1053 770 jubilatione
1077 703 1248 777 (Psal.
1271 725 1418 778 XLVI,
1442 712 1514 785 ὃ).
1543 714 1818 781 Quomodo
1834 723 1974 778 enim

403 789 544 841 Dens
568 788 670 843 nisi
716 789 770 843 in
805 790 1021 848 homine
1050 798 1384 865 ascenderet,
1408 803 1499 872 qui
1540 805 1593 858 in
1632 823 1742 862 sum
1785 819 1975 866 natura

403 878 699 947 majestatis
725 895 939 950 semper
966 883 1162 954 ubique
1181 902 1419 957 praesens
1448 894 1635 949 adest?
1658 895 1763 951 Sed
1791 906 1846 953 ct
1873 900 1975 955 hoc

401 972 746 1038 quatrendum
775 985 856 1028 est
895 979 1163 1045 quomodo
1190 981 1387 1036 dictum
1419 985 1508 1045 sit,
1536 997 1585 1040 et
1614 1004 1761 1044 nemo
1795 1007 1974 1046 ascen-

398 1059 475 1111 dit
503 1059 556 1113 in
590 1061 792 1124 caelum,
823 1065 925 1118 nisi
949 1068 1038 1136 qui
1063 1068 1325 1124 descendit
1353 1072 1417 1127 de
1444 1075 1591 1142 caelo,
1629 1094 1750 1134 cum
1784 1095 1974 1138 omnes

394 1146 548 1201 electi
589 1164 648 1204 se
693 1153 960 1207 veraciter
987 1157 1257 1212 confidant
1296 1176 1617 1220 aseensuros
1659 1165 1711 1221 in
1751 1171 1966 1238 caelum,

393 1239 741 1306 promittente
789 1243 889 1296 sibi
933 1244 1182 1311 Domino,
1213 1249 1360 1318 quia,
1387 1251 1475 1305 ubi
1498 1270 1594 1323 ego
1619 1273 1754 1320 sum,
1785 1258 1895 1314 illic
1919 1271 1969 1314 et

393 1325 630 1379 minister
650 1344 792 1383 meus
819 1331 965 1384 erit?
1005 1332 1167 1402 Cujus
1200 1345 1377 1392 tamen
1425 1342 1622 1397 nodum
1655 1350 1966 1414 quaestionis

393 1415 733 1482 apertissima
759 1419 898 1473 ratio
926 1421 1105 1488 solvit,
1151 1425 1277 1494 quia
1305 1428 1552 1485 videlicet
1582 1435 1843 1491 mediator
1870 1439 1966 1496 Dei

388 1511 446 1556 et
469 1504 767 1571 hominum,
798 1508 958 1564 homo
1001 1510 1248 1568 Christus
1294 1514 1472 1584 Jesus,
1503 1521 1795 1580 electorum
1843 1543 1962 1583 om-

385 1786 542 1844 caput
590 1794 748 1848 super
774 1781 949 1835 omnia
1001 1782 1249 1840 Ecclesia:
1280 1787 1402 1860 [Ms.
1444 1800 1499 1846 et
1542 1793 1708 1861 Beda,
1756 1816 1959 1856 omnem

388 1861 700 1938 Ecclesiam]
752 1867 965 1938 (Ep/tes.
1004 1887 1052 1936 ι,
1083 1873 1195 1944 22).
1242 1877 1310 1932 Et
1353 1894 1568 1936 rursum
1610 1903 1622 1937 :
1670 1884 1766 1941 Vos
1821 1891 1959 1944 enim

385 1953 508 2006 estis
531 1971 718 2024 corpus
744 1955 936 2012 Christi
959 1971 1006 2013 et
1031 1963 1258 2019 membra
1277 1967 1342 2020 de
1363 1971 1590 2026 membro
1617 1973 1667 2045 (1
1710 1973 1829 2031 Cor.
1855 1996 1954 2044 xu,

382 2039 476 2111 2'1)
515 2040 682 2096 Nemo
707 2060 835 2116 ergo
855 2051 1094 2104 ascendit
1115 2053 1167 2106 in
1189 2054 1406 2121 coelum,
1432 2060 1535 2114 nisi
1563 2039 1652 2130 qui
1683 2039 1958 2122 descendit

381 2131 452 2186 de
480 2133 619 2188 caelo
680 2133 849 2191 Filius
874 2138 1126 2204 hominis,
1156 2145 1246 2211 qui
1289 2155 1373 2201 est
1410 2149 1462 2202 in
1489 2151 1656 2217 coelo;
1684 2157 1826 2224 quod
1873 2173 1956 2214 est

1223 237 1635 297 EXEGETICA.
1675 275 1745 286 —
1783 246 2139 306 COMMENT.
2178 251 2246 308 IN
2276 251 2466 313 JOAN.
2506 291 2575 302 —
2613 261 2740 320 LIB.
2777 269 2838 323 ll.

3549 283 3658 341 7ῗὲ

1112 365 1202 418 xx,
1233 352 1345 423 28).
1424 354 1607 427 Neque
1644 361 1786 415 enim
1835 362 1975 418 Deus
2007 367 2047 421 Α
2079 363 2262 437 plagas
2307 379 2362 424 et
2404 385 2605 431 mortes
2649 379 3023 450 plurimorum,
3073 402 3193 444 cum
3247 391 3542 454 clamarent
3583 405 3650 457 ad

2084 452 2321 525 Moysen,
2370 470 2424 515 et
2468 463 2553 519 ille
2581 479 2762 524 oraret
2788 488 2886 542 pro
2924 475 3023 540 eis,
3047 475 3208 544 jussit
3233 497 3354 537 eum
3397 486 3654 548 Dominus

2081 539 2259 600 facere
2303 563 2610 620 serpentem
2651 575 2879 627 :nneum,
2911 574 2964 620 et
2993 585 3190 638 ponere
3216 591 3315 645 pro
3344 581 3513 650 signo.
3549 587 3653 653 Qui

2076 647 2371 703 percussus,
2413 641 2604 712 inquit,
2635 656 2891 718 aspexerit
2919 674 3056 724 eum,
3085 641 3233 718 vivet:
3260 667 3326 722 Et
3352 641 3424 726 ita
3449 641 3650 734 factum

2077 728 2159 773 est
2190 721 2377 829 (Num.
2427 732 2561 834 an).
2587 734 2746 807 Plaga
2788 739 2913 812 [Ills.
2960 758 3006 800 et
3043 721 3218 821 'Beda,

2076 816 2404 880 serpentium
2438 820 2746 893 ignitorum,
2791 847 2995 892 venena
3025 854 3169 910 sunt,
3197 858 3252 903 ct
3276 816 3542 913 inet-mir;
3572 878 3651 917 vt-

2076 899 2294 968 tiorum,
2338 923 2456 977 quae
2487 916 2721 973 animam
2766 938 2926 992 quam
2967 938 3192 1002 tangunt
3221 944 3450 1010 spiritali
3475 965 3647 1010 morte

2789 991 2795 992 7
3059 991 3088 1002 υ
3230 991 3450 1010 ῨΓ“““““¹.
3475 991 3646 1010 ιιιιιικ,

2072 991 2361 1057 Ρθτῖῐηυηῑ.
2393 999 2458 1054 Et
2486 1001 2620 1060 bene
2650 1025 2990 1074 murmurans
3028 1035 3215 1082 contra
3242 1032 3522 1096 Dominum
3553 1061 3648 1114 po-

2073 1079 2225 1114 I'III'IIL'
2255 1093 2577 1114 EA-nnnl:--‘-
2605 1111 2648 1114 μ-
2669 1113 2681 1114 κ
2755 1100 2786 1114 οι
3085 1113 3088 1114 ,

3159 1079 3170 1080 κ
3191 1079 3214 1082 κ-
3242 1079 3522 1096 -νυ--ι-ιιιιι
3589 1079 3648 1102 υ-

2071 1079 2228 1147 pulus
2255 1093 2581 1156 serpentium
2603 1100 2871 1158 morsibus
2900 1113 3260 1185 sternebatur,
3284 1132 3342 1178 ut
3365 1143 3430 1183 ex
3459 1079 3649 1191 ordli’ne

2072 1165 2134 1191 η..
2146 1171 2261 1191 ..μιν
2382 1185 2394 1191 -
2465 1180 2479 1191 -
2549 1183 2561 1191 -

3058 1165 3071 1167 -
3095 1165 3260 1185 -------,
3285 1165 3342 1178 υ·
3366 1165 3430 1183 ua
3459 1165 3644 1191 usuum

2070 1165 2269 1239 flagelli
2309 1180 2593 1238 exterioris
2639 1202 2953 1258 agnosceret
2999 1215 3253 1268 quantam
3290 1213 3436 1274 intus
3461 1227 3644 1290 perni-

2071 1255 2207 1290 ninm
2238 1277 2546 1290 m-----“*“‘
2565 1273 2614 1290 j‘
2740 1288 2749 1290 ⁴
2995 1289 3007 1290 7

2679 1255 2695 1258 ν
3017 1255 3030 1268 ι
3081 1255 3253 1263 ,,_-..---
3290 1255 3436 1274 ιιι-νο
3499 1255 3546 1277 υι
3561 1255 3642 1280 lu“

2071 1255 2207 1312 ciem
2237 1273 2623 1327 murmurando
2665 1288 2958 1344 pateretur.
2992 1289 3258 1354 Exaltatio
3301 1255 3494 1363 auter:
3531 1328 3642 1369 ser-

3192 1349 3253 1354 -_-
3301 1349 3479 1363 πη...
3531 1349 3642 1369 σω-

2067 1349 2245 1415 peutis
2265 1355 2421 1421 aenei,
2447 1374 2603 1428 quem
2629 1365 2753 1420 dum
2775 1380 3016 1440 percussi
3041 1387 3365 1460 aspicerent,
3383 1403 3643 1461 sanaban-

2068 1443 2177 1565 ηιξ)
2205 1446 2385 1565 ναῖεἰο
2410 1461 2494 1504 est
2524 1457 2691 1511 nostri
2720 1459 3092 1538 Redemptoris
3115 1477 3166 1530 in
3191 1443 3373 1554 cruce:
3403 1492 3456 1545 in
3485 1496 3639 1565 cuius

2068 1541 2124 1565 cn
2148 1545 2235 1565 nm
2284 1537 2366 1565 “In
2387 1538 2538 1565 inn
2569 1560 2647 1565 __,
2679 1563 2687 1565 -
2956 1559 2967 1565 -

2922 1529 2937 1538 .
3118 1529 3166 1530 μγ
3196 1529 3351 1542 ---νυ
3403 1529 3456 1545 ιιι
3485 1529 3515 1549 υ
3576 1529 3632 1554 ua

2065 1529 2235 1649 iclum
2263 1533 2538 1613 ﬁdeA93
2569 1560 2786 1618 regnum
2812 1559 3000 1614 mortis
3029 1573 3081 1617 et
3100 1575 3304 1636 peccati
3330 1529 3632 1649 superari".

2643 1617 2647 1618 7
3100 1617 3304 1636 f-vuw--
3330 1617 3389 1632 νυ
3431 1617 3632 1643 υιαιυϊι

2066 1617 2232 1740 Recte
2269 1631 2466 1685 etenim
2495 1649 2593 1702 per
2639 1655 2915 1711 serpentes
2964 1667 3204 1727 peccata,
3233 1680 3352 1734 quae
3393 1617 3635 1740 :nimam

377 2231 568 2292 aperte
592 2223 771 2279 dicere
804 2243 820 2279 :
846 2226 1012 2282 Nemo
1036 2235 1280 2289 ascendit
1311 2236 1365 2292 in
1395 2240 1614 2307 cmlum,
1646 2223 1748 2300 nisi
1797 2247 1950 2304 Chri—
2049 2259 2197 2307 venit

377 2322 498 2368 stus
524 2316 576 2369 in
599 2331 828 2387 corpore
853 2334 975 2385 suo,
1005 2325 1146 2392 quod
1173 2334 1257 2380 est
1283 2327 1545 2397 Ecclesia,
1577 2336 1668 2404 qui
1693 2337 1744 2391 in
1774 2341 1952 2410 seipso

376 2405 596 2474 quidem
633 2410 864 2476 primum
906 2414 1252 2473 cernentibus
1274 2422 1550 2488 apostolis,
1576 2405 1948 2488 eminentiori-

375 2493 478 2548 bus
519 2495 770 2552 nimirum
819 2500 1074 2557 membris
1099 2503 1232 2570 suis,
1270 2511 1532 2576 ascendit,
1577 2521 1632 2567 et
1655 2517 1846 2574 exinde
1892 2522 1945 2576 in

374 2586 635 2642 membris
661 2589 772 2643 suis
797 2591 1036 2660 quotidie
1059 2597 1356 2653 ascendens
1388 2614 1446 2654 se
1483 2602 1683 2674 colligit
1725 2607 1779 2661 in
1832 2625 1945 2667 ca:-

371 2671 503 2729 lum.
556 2674 691 2730 Hinc
715 2687 798 2732 est
824 2679 966 2734 enim
995 2683 1137 2750 quod
1183 2684 1358 2755 ipsum
1404 2671 1774 2763 corpus—ejus,
1801 2699 1942 2756 intra

369 2766 597 2822 adversa
637 2771 916 2836 praesentis
953 2773 1132 2827 saeculi
1173 2776 1564 2847 deprehensum
1602 2785 1862 2855 gloriatur
1888 2801 1944 2847 et

366 2855 542 2911 dicit:
585 2855 740 2911 Nunc
787 2869 960 2913 autem
999 2862 1247 2919 exultavit
1275 2878 1429 2938 caput
1458 2889 1628 2928 meum
1652 2893 1808 2948 super
1833 2882 1938 2936 ini-

366 2947 528 3000 micos
547 2964 686 3001 meos
719 2946 888 3019 (Psal.
920 2967 1068 3017 xxvr,
1090 2953 1166 3024 6).
1189 2954 1268 3010 Ac
1291 2957 1336 3011 si
1358 2969 1606 3027 patenter
1625 2946 1804 3023 dicat:
1834 2972 1934 3038 Qui

362 3037 600 3092 occisum
628 3053 658 3092 a
687 3036 885 3095 Judznis
925 3042 1220 3111 Christum,
1261 3058 1422 3119 caput
1465 3053 1713 3114 videlicet
1756 3036 1934 3119 meum

360 3235 482 3274 rum
504 3221 730 3288 insidiis,
753 3223 1050 3278 sublevavit
1078 3227 1131 3281 in
1151 3229 1368 3296 coelum,
1413 3248 1572 3303 spero
1623 3238 1810 3316 [quod]
1850 3262 1936 3302 me

359 3315 522 3369 etiam
570 3313 636 3368 de
685 3318 1035 3384 praesentibus
1078 3323 1335 3388 periculis
1368 3339 1587 3394 eruens,
1620 3347 1740 3388 meo
1769 3313 1933 3407 capiti

353 3405 546 3475 jungat
563 3405 617 3458 in
639 3420 803 3476 regno
831 3421 947 3460 suo.
974 3407 1108 3475 Quia
1136 3426 1265 3482 ergo
1293 3429 1451 3469 nemo
1477 3421 1716 3476 ascendit
1750 3425 1802 3478 in
1824 3405 1934 3482 coe-

359 3493 492 3559 lum,
522 3495 624 3549 nisi
648 3495 740 3565 qui
769 3496 1045 3552 descendit
1081 3499 1148 3555 de
1193 3502 1350 3566 coelo,
1379 3506 1623 3577 quisquis
1654 3511 1707 3564 in
1737 3515 1930 3571 coelum

356 3584 650 3640 ascendere
668 3583 961 3650 desiderat,
979 3587 1028 3641 ei
1055 3588 1146 3657 qui
1173 3590 1238 3644 de
1263 3592 1402 3647 ctelo
1421 3595 1698 3656 descendit
1721 3611 1774 3657 et
1802 3603 1927 3679 [est]

357 3673 412 3726 in
431 3672 587 3737 cmlo,
608 3687 668 3728 se
684 3688 815 3727 vera
833 3671 957 3729 fidei
974 3683 1029 3730 et
1055 3677 1355 3736 dilectionis
1385 3685 1591 3742 unitate
1609 3671 1924 3765 coniungat;

311 3817 320 3820 -
355 3773 538 3835 aperte
560 3765 860 3836 intelligens
882 3768 1008 3838 quia
1029 3769 1174 3825 nullo
1193 3772 1300 3828 alio
1319 3778 1529 3844 ordine,
1556 3782 1657 3837 nisi
1679 3799 1777 3854 per
1803 3803 1926 3844 eum

352 3860 444 3929 qui
493 3861 770 3915 descendit
819 3863 886 3918 de
925 3864 1083 3931 ccelo,
1111 3875 1289 3937 potest
1310 3878 1601 3932 ascendere
1628 3880 1682 3934 in
1707 3884 1921 3940 caelum.

355 3948 506 4005 Unde
523 3949 656 4004 alias
683 3965 794 4020 Ipse
820 3953 984 4007 dicit:
1013 3951 1180 4010 Nemo
1208 3961 1342 4046 venit
1369 3964 1438 4016 ad
1465 3962 1680 4022 Patrem
1710 3973 1813 4027 nisi
1832 3994 1928 4046 per

351 4055 452 4093 me.
481 4037 605 4094 Haec
631 4040 751 4095 ideo
777 4039 1068 4098 Nicodemo
1094 4053 1148 4100 et
1176 4043 1329 4117 [δίδη
1349 4050 1456 4123 vel]
1485 4057 1696 4113 cunctis
1733 4037 1924 4120 dicun-

349 4136 440 4182 tur
458 4129 878 4196 catechumenis,
906 4140 966 4186 ut
989 4132 1200 4189 discant
1218 4136 1338 4206 ejus
1358 4142 1615 4199 membris
1641 4160 1922 4208 renascen-

347 4218 421 4274 do
459 4218 809 4290 incorporari,
846 4237 945 4292 per
978 4239 1138 4293 quem
1182 4228 1388 4296 possint
1426 4237 1718 4294 ascendere
1746 4242 1799 4296 in
1829 4259 1916 4299 re-

345 4323 512 4380 gnum
534 4309 644 4365 Dei.
669 4311 734 4366 Et
757 4311 882 4382 quia
910 4315 1156 4427 asaelnsio
1180 4317 1266 4372 vel
1300 4319 1573 4427 ingressus
1603 4330 1753 4427 regni
1797 4331 1913 4389 fieri
1941 4367 1994 4427 υ

343 4417 452 4458 nm
495 4410 667 4472 potest
731 4405 935 4475 absque
981 4405 1087 4461 fide
1133 4414 1189 4462 et
1230 4417 1587 4472 sacramentis
1627 4418 1916 4480 Dominicae

339 4491 629 4562 passionis,
677 4500 824 4547 recte
871 4492 1099 4550 infertur
1139 4514 1154 4550 :
1202 4497 1271 4552 Et
1315 4502 1451 4557 sicut
1479 4505 1685 4579 Moyses
1712 4514 1914 4571 exalta-

337 4582 409 4634 rit
453 4591 738 4651 serpentem
754 4583 810 4637 in
848 4583 1073 4650 deserto,
1099 4587 1173 4640 ita
1215 4589 1442 4648 exaltari
1467 4608 1662 4666 oportet
1710 4601 1910 4661 Filium

336 4669 582 4723 hominis.

405 4760 568 4815 Vens.
594 4759 858 4817 l5.—Ut
904 4781 1072 4821 omnis
1117 4769 1205 4839 qui
1249 4771 1412 4826 credit
1461 4790 1515 4829 ιη
1560 4793 1751 4848 ipsum,
1802 4801 1905 4840 non

330 4859 526 4918 pereat,
572 4850 663 4904 sed
703 4849 890 4905 habeat
935 4854 1092 4907 vitam
1133 4864 1402 4913 eternam.
1447 4861 1581 4919 Mira
1607 4871 1902 4939 magisterii

329 4939 570 4996 omlestis
611 4950 727 4997 arte
775 4942 1034 5000 Dominus
1086 4948 1402 5018 magistrum
1463 4951 1593 5022 legis
1655 4959 1900 5020 Mosaicae

327 5029 397 5084 ad
437 5031 731 5099 spiritalem
758 5033 891 5104 legis
933 5033 1171 5102 ejusdem
1199 5053 1415 5093 sensum
1447 5042 1670 5112 inducit,
1719 5067 1899 5108 recor-

325 5123 463 5177 dans
509 5124 746 5181 historiae
781 5128 1001 5193 veteris,
1039 5138 1094 5184 et
1119 5131 1259 5186 hanc
1286 5132 1338 5186 in
1370 5132 1596 5204 figuram
1637 5157 1748 5198 sua:
1772 5161 1898 5215 pas-

321 5212 491 5269 sionis
525 5223 687 5286 atque
711 5217 957 5272 humana:
983 5220 1292 5278 salvationis
1330 5222 1525 5282 factam
1565 5212 1889 5292 edisserens.

318 5299 518 5356 Narrat
568 5305 765 5375 quippe
808 5306 944 5361 liber
967 5306 1345 5378 Numerorum,
1383 5317 1508 5386 quia
1539 5330 1804 5390 pertaesus
1836 5329 1888 5384 in

2051 2445 2230 2514 ignitis
2280 2455 2620 2520 serpentibus
2666 2461 2919 2533 similem,
2949 2445 3043 2527 sed
3073 2445 3278 2538 nullum
3305 2445 3624 2556 prolis—tis";

2047 2537 2160 2592 suis
2186 2542 2442 2598 membris
2473 2545 2660 2603 habuit
2688 2555 2934 2612 ardorem
2974 2570 3166 2622 veneni
3193 2537 3468 2647 nocentis;
3494 2589 3622 2655 quin

2045 2628 2226 2696 potius
2274 2647 2561 2701 percussos
2588 2654 2619 2693 a
2646 2649 3012 2720 serpentibus,
3044 2671 3140 2714 sua
3185 2628 3619 2734 exaltatione‘sa‘:

2043 2719 2207 2774 nabat
2235 2739 2248 2774 :
2276 2723 2355 2778 sic
2382 2725 2658 2798 nimirum,
2685 2734 2765 2791 sic
2791 2737 3116 2815 Redemptor
3140 2719 3618 2838 hurnan—ivgve-neris,

2040 2826 2146 2865 non
2173 2827 2390 2870 carnem
2419 2822 2647 2889 peccati,
2677 2826 2769 2880 sed
2800 2825 3208 2899 similitudinem
3238 2822 3416 2908 indui:
3437 2822 3616 2918 carni;

2039 2901 2271 2998 peccati,
2295 2904 2348 2959 in
2391 2922 2496 2976 qua
2525 2921 2754 2970 mortem
2799 2925 2978 2980 crucis
3011 2933 3286 3005 patiendo,
3335 2947 3614 3009 credentes

2041 2986 2093 3040 in
2125 3003 2184 3044 se
2225 2992 2298 3097 ab.
2317 2997 2464 3050 omni
2491 3011 2711 3067 peccato
2744 3015 2798 3062 et
2833 3011 2902 3066 ab
2939 2986 3053 3084 ipsa
3080 3022 3242 3080 etiam
3270 2986 3608 3097 inor;

2041 3086 2204 3132 raret.
2238 3077 2384 3136 Sicut
2410 3101 2532 3157 ergo
2554 3089 2759 3162 Moyses
2787 3077 3031 3159 exaltabit
3055 3125 3341 3176 serpentem
3369 3124 3423 3177 in
3443 3077 3623 3184 des:-

2037 3175 2111 3231 to,
2138 3169 2211 3224 ita
2238 3168 2455 3248 [inquit]
2495 3179 2722 3236 exaltari
2747 3201 2944 3257 oportet
2975 3168 3174 3255 Filium
3201 3205 3448 3268 hominis.
3475 3168 3610 3284 ριξίε.

2037 3259 2172 3284 δτι---Δ
2199 3261 2276 3284 3112
2315 3266 2397 3284 ..με
2435 3281 2449 3284 ,
2529 3269 2564 3284 ι.
2610 3279 2622 3284 -
2925 3283 2929 3284 ,

2035 3259 2175 3315 sicut
2199 3261 2279 3317 illi
2307 3266 2406 3335 qui
2426 3269 2718 3328 exaltatum
2759 3293 2856 3346 pro
2890 3283 3041 3354 signo
3067 3259 3376 3364 serpentem

2034 3351 2728 3423 aspiciebant,sanabantur
2753 3373 2820 3425 ad
2849 3351 3058 3448 tempus
3081 3397 3108 3436 a
3135 3351 3411 3460 temporali
3438 3351 3606 3458 morte

2031 3450 2085 3495 et
2115 3441 2267 3513 plaga
2297 3461 2458 3516 quam
2497 3459 2825 3524 serpentium
2871 3480 3081 3526 morsus
3109 3441 3384 3548 intulerat,
3434 3487 3506 3541 ita
3553 3503 3612 3548 et

2030 3534 2122 3602 qui
2149 3541 2464 3608 mysterium
2508 3546 2798 3608 Dominica:
2823 3561 3086 3624 passionis
3111 3534 3394 3639 credendo,
3437 3534 3601 3638 conti:

2033 3627 2209 3691 tendo,
2257 3630 2543 3689 sinceriter
2589 3637 2846 3696 imitando
2897 3649 3201 3721 aspiciunt,
3247 3627 3522 3724 salvantur
3549 3673 3600 3728 in

2028 3726 2342 3786 perpetuum
2371 3723 2439 3777 ab
2461 3725 2607 3779 omni
2634 3736 2826 3796 morte,
2857 3747 3017 3803 quam
3049 3749 3320 3810 peccando
3348 3751 3399 3808 in

2027 3807 2230 3872 pariter
2257 3816 2313 3863 et
2355 3826 2519 3867 carne
2564 3827 2970 3881 contraxerant.
3015 3807 3167 3890 Unde
3209 3849 3354 3899 recte
3381 3807 3595 3920 subjuu:

2027 3897 2301 3920 ,,ε.,,,,η,
2457 3904 2469 3916 .
2597 3908 2609 3920 .
2756 3911 2788 3920 ..
2867 3915 2880 3920 -
2953 3919 2960 3920 ,

2025 3897 2204 3966 gitur:
2234 3897 2301 3952 Ut
2329 3904 2495 3958 omnis
2518 3908 2609 3977 qui
2645 3911 2812 3965 credit
2860 3915 2914 3969 in
2943 3919 3113 3989 ipsum
3159 3897 3347 3999 [Beda,

2025 4000 2126 4038 non
2149 3999 2346 4056 pereat,
2376 3992 2466 4046 sed
2487 3993 2672 4050 Itabeat
2700 4000 2855 4055 vitam
2878 3992 3341 4086 mternam.‘Cujus
3381 3992 3594 4093 quidem

2022 4076 2170 4130 verbi
2196 4087 2343 4146 patet
2371 4096 2591 4151 sensus;
2620 4087 2744 4156 quia
2773 4092 2863 4160 qui
2887 4097 3057 4153 credit
3083 4099 3134 4155 in
3162 4076 3591 4180 cenandi-Ha;

2021 4164 2191 4220 solum
2239 4171 2594 4237 perditionem
2642 4179 2821 4235 evadit
2871 4199 3184 4257 pmqarum,
3213 4197 3305 4252 sed

2018 4349 2320 4418 veritatem,
2354 4355 2478 4425 quia
2504 4374 2602 4428 per
2624 4360 2767 4417 illam
2799 4366 2904 4421 vita
2929 4349 3227 4438 proteletur
3252 4377 3440 4464 [Reum
3462 4349 3584 4458 ι)τᾷ

2020 4441 2304 4464 .,.--ι-.---τ
2359 4455 2403 4464 ._
2451 4463 2456 4464 ,
2602 4450 2634 4464 ..
2871 4458 2885 4464 _

2020 4441 2304 4516 telabatur]
2359 4450 2686 4516 temporalis,
2725 4467 2823 4522 per
2869 4458 3010 4516 hanc
3053 4465 3161 4521 vita
3202 4441 3438 4530 donatur

2017 4527 2122 4584 tlne
2165 4546 2435 4587 mansura.
2471 4534 2575 4591 Sed
2625 4545 2920 4601 curandum
2959 4551 3186 4614 solerter
3228 4569 3330 4627 est,
3358 4527 3578 4638 utqqu

2013 4618 2314 4677 intellectus
2353 4624 2490 4680 bene
2519 4631 2704 4696 sentit,
2741 4640 2986 4704 Operatio
3010 4647 3270 4718 condigna
3316 4618 3574 4724 perficiat:

2009 4717 2273 4776 quatenus
2298 4713 2565 4772 confessio
2590 4729 2750 4777 rectae
2785 4737 2982 4785 nostra:
3018 4713 3279 4808 ﬂdei,'ple
3304 4713 3360 4800 et
3399 4713 3577 4807 sobrie
3672 4737 3679 4792 ί

2007 4803 2389 4866 conversando,
2427 4807 2492 4862 ad
2525 4808 2906 4877 perfectionem
2934 4817 3121 4890 (Beda,
3168 4803 3234 4883 ad
3278 4803 3575 4906 perceptio:

2005 4890 2148 4965 nem]
2163 4897 2442 4963 promissae
2466 4901 2620 4958 nobis
2639 4904 2764 4961 vita:
2783 4921 3053 4970 mereatur
3075 4890 3354 4992 attingere.
3375 4890 3569 4988 verum

1999 4983 2128 5052 quia
2159 4987 2274 5042 haec
2309 4989 2374 5044 de
2399 4990 2537 5047 Filio
2564 4995 2798 5054 hominis
2833 5001 3104 5072 dicuntur,
3151 4983 3240 5081 qui
3263 4983 3568 5079 exaltari};

1999 5085 2177 5136 cruce,
2207 5081 2262 5128 et
2283 5085 2506 5134 mortem
2531 5086 2705 5150 potuit
2734 5089 2867 5156 pati,
2903 5108 2970 5147 ne
2995 5105 3209 5165 putaret
3245 5102 3567 5170 Nicodemus

1995 5159 2188 5217 Filium
2238 5174 2444 5224 tantum
2487 5186 2611 5228 eum
2642 5176 2874 5235 hominis
2901 5159 3044 5252 esse,
3071 5203 3100 5241 a
3135 5205 3242 5261 quo
3286 5159 3402 5253 vita
3423 5216 3565 5261 esset

1991 5339 2232 5456 v'initatis
2397 5351 2704 5456 patefacere
2746 5374 3160 5436 sacramentum,
3205 5339 3476 5456 unumque
3506 5397 3560 5441 et

2169 5395 2175 5396 '
2193 5395 2227 5398 "
2253 5395 2360 5400 ”””⁷
2397 5395 2659 5418 l'“"'"'"‘"
2673 5395 2703 5410 ν
2746 5395 2853 5414 "‘“J'
2869 5395 3137 5422 οιιιυυιυιη
3205 5395 3368 5432 υηιηῃ

314 5404 504 5446 eremo
528 5395 756 5463 populus
775 5395 939 5452 Israel
963 5397 1174 5454 itineris
1197 5401 1338 5474 lor-si
1368 5421 1433 5461 ac
1469 5408 1690 5479 laboris.
1737 5431 1887 5472 mur-
1987 5431 2233 5486 eumdem
2262 5433 2452 5491 Filium
2477 5439 2592 5506 Dei,
2614 5453 2668 5497 et
2688 5445 3146 5525 Filiumihomf
3104 5459 3115 5470 -
3145 5412 3352 5528 ’πηηηη

314 5485 554 5535 muravit
577 5497 766 5535 contra
797 5489 1078 5535 hominum
1102 5499 1158 5535 el
1177 5492 1392 5535 anepn
1409 5516 1422 5528 -
1456 5501 1684 5535 imm"..-
1705 5508 1856 5535 n-_.:
2005 5518 2020 5535 1
2039 5534 2042 5535 ,
2196 5521 2210 5535 .
2288 5531 2298 5535 Α
2501 5529 2545 5535 --
2886 5530 2896 5535 -
3425 5533 3428 5535 ,

314 5485 554 5539 muravit
577 5497 767 5543 contra
796 5489 1079 5544 Dominum
1102 5499 1158 5545 et
1177 5492 1424 5566 Moysen;
1455 5501 1684 5576 ideoque
1704 5508 1885 5566 Domi—

313 5589 418 5626 nus
441 5577 723 5635 immisth
749 5585 804 5635 In
833 5581 980 5636 illum
1021 5581 1215 5652 ignitos
1238 5599 1534 5658 serpentes,
1564 5598 1631 5650 ad
1651 5614 1881 5670 quorum

1987 5518 2114 5576 dere
2132 5521 2474 5581 salvatorem.
2500 5529 2633 5586 Nam
2657 5518 2936 5613 εαιυὶωῆ

2057 5613 2216 5670 Vens.
2251 5616 2334 5672 l6.
2363 5628 2439 5659 ⁷-
2478 5620 2566 5677 Sic
2610 5629 2744 5681 enim
2779 5623 2960 5689 ἀξιεαῂ
3005 5635 3156 5701 Bru-
3199 5654 3468 5711 nr-ndum,
3495 5666 3551 5709 ut
