4020 6186
384 297 493 355 783

1254 286 1313 341 Β.
1353 286 1414 340 F.
1455 281 1679 343 ALle
1717 278 1847 335 εει]
1872 273 2164 333 »Αωυικι
2202 272 2482 330 OPERUM
2523 266 2703 326 PARS
2740 267 2805 321 ll.

3545 260 3647 315 ἵει

391 409 588 467 Filium
614 426 766 464 suum
790 404 1111 476 unigenitum
1133 399 1303 463 daret,
1334 406 1388 450 ut
1412 395 1582 455 omnis
1600 393 1691 465 qui
1713 391 1875 447 credit
1914 391 1970 444 in
1999 397 2043 451 Α
2072 403 2191 453 sua,
2211 387 2325 457 jam
2362 401 2485 440 cum
2512 384 2624 439 Deo
2649 380 2796 465 iacit.
2822 379 3056 435 Accusat
3081 377 3223 430 Deus
3257 379 3480 450 peccata
3507 384 3597 429 tua
3631 395 3647 428 :

389 511 528 566 eum,
572 516 673 553 non
712 502 906 567 pereat,
936 490 1027 545 sed
1069 488 1256 543 habeat
1295 486 1453 540 vitam
1491 493 1763 538 wternam.
1817 480 1969 536 Unde

390 589 682 648 notandum
705 584 849 655 quod
869 582 1057 637 eadem
1084 580 1149 634 de
1184 577 1323 633 Filio
1356 575 1449 632 Dei
1485 572 1764 643 unigenito
1811 569 1973 640 repli-

391 691 499 743 cat,
530 692 649 748 qum
678 677 744 730 de
768 673 905 729 Filio
933 671 1168 727 hominis
1194 670 1247 724 in
1278 682 1440 724 cruce
1482 665 1720 720 exaltato
1759 662 1974 734 ρι’ωωὶ-

390 778 560 834 serat,
592 768 819 823 dicens:
864 762 930 818 Ut
953 763 1120 818 omnis
1158 762 1248 834 qui
1274 758 1435 814 credit
1464 759 1520 812 in
1558 772 1706 820 eum,
1743 771 1848 809 non
1887 770 1976 818 pe-

392 871 526 927 reat,
557 858 647 915 sed
680 859 866 913 habeat
888 856 1048 911 vitam
1073 862 1344 908 retentam.
1376 848 1512 915 Quia
1542 846 1785 918 profecto
1834 844 1976 899 idem

393 953 701 1022 redemptor
727 959 782 1005 et
810 948 1058 1003 conditor
1087 953 1289 1007 uoster,
1316 940 1485 994 Filius
1506 938 1601 993 Dei
1630 946 1755 992 ante
1780 933 1975 991 sarcula

393 1041 651 1101 existens,
675 1038 844 1093 Filius
869 1033 1103 1091 hominis
1122 1031 1298 1087 factus
1319 1037 1400 1085 est
1426 1028 1480 1082 in
1510 1028 1614 1081 line
1635 1025 1977 1089 saeculorum,

396 1140 476 1196 ut,
505 1132 596 1201 qui
620 1145 716 1200 per
739 1127 1042 1185 divinitatis
1079 1140 1190 1179 sum
1230 1121 1529 1193 potentiam
1558 1135 1656 1175 nos
1704 1123 1983 1173 creaverat

399 1223 467 1276 ad
497 1220 875 1292 pcrfruendam
898 1219 1021 1272 vitm
1041 1214 1428 1271 beatitudinem
1455 1211 1731 1282 perennis,
1754 1210 1868 1278 ipse
1885 1222 1985 1278 per

399 1310 745 1382 fragilitatem
770 1305 1126 1362 humanitatis
1163 1312 1360 1358 nostra:
1402 1318 1505 1356 nos
1534 1306 1866 1357 restauraret
1915 1296 1985 1352 ad

402 1398 764 1471 recipiendam
803 1411 965 1467 quam
1012 1393 1345 1465 perdidimus
1389 1392 1573 1447 vitam.
1605 1404 1629 1431 τι
1670 1410 1689 1443 t
1728 1389 1989 1460 Sequitur

402 1496 585 1546 autem
629 1505 642 1541 :
982 1558 987 1563 '

471 1578 637 1635 Vnus.
670 1576 981 1631 l7.-Non
1014 1577 1153 1631 enim
1187 1576 1328 1630 misit
1356 1575 1499 1629 Deus
1526 1572 1727 1628 Filium
1755 1587 1909 1627 suum
1933 1571 1991 1624 in

2072 480 2114 535 si
2137 488 2191 533 et
2215 488 2272 533 tu
2298 492 2540 540 accuses,
2556 472 2902 544 conjungeris
2924 470 3054 525 Deo.
3071 468 3236 537 Quasi
3257 468 3375 523 dua:
3396 481 3485 522 res
3505 477 3656 533 sunt,

2076 572 2240 626 homo
2270 578 2324 623 et
2351 575 2622 639 peccator.
2664 564 2819 633 Quod
2865 562 3021 618 audis
3064 561 3247 622 homo,
3297 557 3442 614 Deus
3496 555 3656 622 fecit;

2073 661 2216 733 quod
2236 660 2390 715 audis
2411 665 2684 730 peccator,
2706 657 2822 724 ipse
2840 655 3009 710 homo
3024 652 3173 707 fecit.
3196 649 3326 706 Dele
3350 650 3494 720 quod
3523 647 3657 704 ieci-

2075 753 2166 817 sti,
2188 759 2249 806 ut
2267 750 2411 807 Deus
2435 749 2607 805 salvet
2627 747 2771 818 quod
2795 746 2943 801 feeit.
2968 743 3193 814 Oportet
3218 749 3280 798 ut
3307 741 3493 796 oderis
3523 742 3578 795 in
3606 748 3661 794 te

2076 860 2212 915 opus
2239 853 2417 906 tuum,-
2437 850 2493 897 et
2519 856 2670 896 ames
2696 841 2748 894 in
2775 847 2829 894 te
2854 853 2995 908 opus
3023 836 3137 891 Dei.
3171 834 3308 891 Cum
3345 840 3526 887 autem
3553 847 3665 886 cm-

2078 933 2218 1005 perit
2245 933 2341 988 tibi
2372 929 2658 1001 diSplicere
2692 927 2834 998 quod
2860 926 3065 991 iecisti,
3089 924 3216 978 inde
3236 921 3504 992 incipiunt
3522 920 3664 975 bona

2080 1038 2244 1094 opera
2268 1032 2378 1086 tua,
2403 1021 2529 1089 quia
2564 1032 2793 1072 accusas
2815 1015 2954 1070 mala
2984 1028 3146 1084 opera
3176 1020 3288 1067 tua.
3316 1009 3538 1065 initium
3564 1008 3668 1062 bo—

2083 1128 2274 1168 norum
2303 1124 2551 1181 operum,
2572 1106 2845 1165 confessio
2861 1113 2945 1160 est
2972 1118 3196 1174 operum
3233 1101 3524 1156 malorum.
3564 1096 3671 1151 Fa-

2083 1205 2164 1260 cis
2185 1203 2488 1264 veritatem,
2510 1208 2566 1255 et
2592 1198 2745 1254 venis
2784 1197 2851 1252 ad
2884 1195 3081 1251 lucem.
3108 1192 3247 1260 Quid
3268 1198 3372 1255 est,
3402 1189 3536 1243 iacis
3576 1201 3673 1240 vc-

2087 1292 2334 1349 ritatezu?
2373 1289 2489 1345 Non
2527 1298 2580 1344 te
2604 1287 2809 1359 palpas,
2837 1301 2944 1340 non
2984 1284 3081 1339 tibi
3135 1279 3435 1343 blandiris,
3460 1293 3569 1333 non
3615 1285 3674 1330 te

2087 1383 2309 1447 adulas;
2339 1397 2446 1436 non
2467 1380 2603 1435 dicis
2627 1377 2842 1446 :justus
2877 1391 2997 1431 sum
3016 1415 3032 1439 ,
3057 1389 3181 1429 cum
3232 1372 3309 1428 sis
3348 1370 3585 1439 iniquus,
3617 1375 3677 1420 et

2090 1474 2283 1544 incipis
2323 1472 2502 1527 facere
2541 1468 2846 1524 veritatem.
2886 1466 3048 1521 Venis
3086 1470 3264 1519 autem
3292 1462 3359 1517 ad
3383 1460 3585 1525 lucem,
3612 1468 3680 1511 ut

2092 1564 2508 1621 manifestentur
2524 1574 2690 1631 opera
2716 1567 2806 1614 tua
2837 1557 2963 1627 quia
2992 1556 3049 1610 in
3073 1555 3185 1610 Deo
3210 1560 3337 1608 sunt
3357 1551 3526 1615 facta,
3544 1548 3677 1619 quia

402 1669 676 1734 mundum,
699 1678 756 1722 ut
776 1667 979 1738 judicet
1010 1666 1283 1732 mundum,
1312 1665 1401 1720 sed
1423 1674 1479 1718 ut
1507 1663 1735 1718 salvetur
1758 1660 1988 1716 mundus
2020 1720 2060 1738 _‘
2093 1665 2149 1711 et
2182 1657 2283 1711 hoc
2319 1654 2495 1725 ipsum
2531 1649 2674 1721 quod
2704 1648 2804 1703 tibi
2838 1645 3113 1716 displicuit
3133 1650 3439 1738 peccatum
3486 1649 3677 1738 tuum,

401 1777 494 1831 per
521 1720 710 1831 ipsum.
741 1720 818 1809 «ab
847 1758 989 1827 Ergo
1008 1720 1357 1826 quantum'in
1408 1754 1621 1809 medico
1665 1760 1768 1818 est,
1795 1767 1989 1808 sanare
2020 1720 2066 1784 Β
2092 1764 2197 1804 non
2243 1720 2358 1800 tibi
2380 1720 2717 1813 displiceret,
2743 1740 2847 1796 nisi
2896 1739 3039 1794 Deus
3087 1736 3185 1790 tibi
3233 1734 3460 1797 luceret,
3480 1735 3537 1785 et
3558 1728 3686 1831 eius

403 1850 550 1905 venit
599 1856 885 1919 aegrotum.
931 1846 1002 1902 Se
1062 1860 1192 1916 ergo
1243 1844 1537 1908 interimit,
1577 1843 1669 1913 qui
1724 1850 1990 1913 praecepta

404 1941 599 1997 medici
624 1941 915 1996 observare
938 1954 1045 1993 non
1073 1936 1208 1992 vult.
1236 1935 1396 1991 Venit
1431 1934 1680 1989 Salvator
1727 1933 1783 1986 in
1838 1947 1991 1985 mun-

406 2035 534 2089 dum
575 2051 587 2087 :
618 2046 786 2103 quare
831 2031 1079 2086 Salvator
1105 2030 1280 2085 dictus
1308 2037 1392 2083 est
1422 2026 1628 2091 mundi,
1666 2024 1772 2081 nisi
1798 2031 1860 2077 ut
1886 2022 1991 2078 sal-

407 2124 495 2181 vet
522 2124 802 2189 mundum,
825 2138 931 2178 non
961 2122 1241 2195 utjudicet
1288 2120 1580 2176 mundum?
1630 2118 1839 2175 Salvari
1882 2133 1991 2174 non

408 2217 492 2270 vis
515 2215 583 2269 ab
605 2214 739 2284 ipso,
774 2228 839 2269 ex
870 2220 923 2268 te
943 2211 1293 2281 judicaberis.
1321 2211 1387 2265 Et
1415 2209 1544 2280 quid
1573 2210 1750 2267 dicam
1781 2204 1991 2277 judica-

412 2302 599 2359 beris?
629 2303 753 2358 vide
781 2302 908 2372 quid
930 2302 1007 2356 ait
1035 2318 1051 2358 :
1094 2300 1198 2366 Qui
1222 2300 1383 2354 credit
1415 2300 1471 2353 in
1496 2315 1630 2363 eum,
1656 2315 1760 2353 non
1779 2297 1994 2368 judica-

411 2397 550 2449 bitur
577 2392 708 2467 [Al.,
730 2390 1050 2464 judicatur].
1101 2391 1204 2457 Qui
1237 2400 1412 2446 autem
1454 2405 1559 2443 non
1601 2388 1762 2443 credit
1807 2404 1824 2442 :
1864 2386 1994 2457 quid

410 2485 678 2539 dicturum
714 2484 991 2555 sperabas,
1024 2483 1148 2548 nisi,
1164 2480 1484 2552 judicatur?
1524 2480 1667 2543 Jam,
1692 2478 1887 2548 inquit,
1900 2479 1995 2548 ju-

410 2574 616 2629 dicatus
657 2583 753 2628 est.
797 2572 1044 2630 Nondum
1074 2572 1322 2643 apparuit
1344 2568 1630 2640 judicnum,
1660 2568 1753 2625 sed
1775 2566 1892 2636 jam
1915 2568 1995 2623 fa-

412 2674 559 2721 ctum
602 2674 689 2720 est
715 2665 1009 2735 judicium;
1062 2660 1219 2718 Novit
1253 2664 1391 2718 enim
1436 2662 1717 2726 Dominus,
1748 2661 1838 2732 qui
1875 2669 1994 2715 sunt

411 2760 548 2829 ejus,
579 2758 665 2833 (II
694 2759 829 2813 Tim.
856 2776 918 2824 ιι,
946 2759 1065 2832 19);
1106 2754 1274 2822 novit,
1302 2758 1394 2828 qui
1422 2765 1773 2828 permaneant
1801 2757 1868 2811 ad
1904 2771 1996 2811 co—

413 2864 625 2915 ronam,
653 2850 744 2920 qui
765 2858 1118 2920 permaneant
1144 2850 1212 2904 ad
1236 2847 1537 2913 ﬂammam;
1585 2848 1733 2904 novit
1768 2849 1822 2902 in
1871 2863 1996 2903 area

413 2955 509 2995 sua
541 2940 780 2997 triticum
819 2941 1167 3004 suum,novit
1191 2947 1246 2995 et
1282 2939 1523 3010 paleam;
1572 2940 1721 2996 nevit
1755 2949 1812 2995 et
1850 2955 1998 3011 sege-

2090 1840 2295 1896 veritas
2324 1837 2420 1892 tibi
2449 1834 2760 1891 ostenderet
2782 1831 2957 1886 lucem
2989 1828 3081 1901 [In
3105 1828 3239 1898 Aug.
3261 1818 3679 1893 deest,lucem];

2090 1935 2184 1990 sed
2208 1933 2300 2003 qui
2322 1931 2490 1986 etiam
2515 1926 2826 1983 admonitus
2850 1923 3025 1993 diligit
3050 1926 3276 1992 peccata
3298 1932 3419 1982 sua,
3441 1914 3559 1969 odit
3581 1913 3687 1968 ad—

2091 2033 2399 2082 monentem
2428 2022 2625 2084 lucem,
2660 2026 2714 2073 et
2759 2003 2896 2087 fugit
2933 2031 3086 2080 eam,
3127 2023 3187 2069 ut
3226 2029 3334 2068 non
3372 2015 3689 2084 arguantur

2090 2131 2254 2186 opera
2275 2114 2392 2184 ejus
2428 2110 2566 2166 mala
2593 2124 2713 2180 quae
2741 2107 2936 2179 diligit.
2968 2105 3075 2173 Qui
3106 2114 3287 2160 autem
3320 2102 3451 2158 facit
3480 2102 3689 2157 verita-

2094 2219 2224 2272 tem,
2250 2213 2473 2262 accusat
2500 2204 2553 2257 in
2588 2217 2646 2257 sc
2676 2200 2814 2255 mala
2841 2214 2959 2263 sua,
3004 2213 3113 2253 non
3165 2196 3269 2251 sibi
3321 2195 3528 2266 parcit,
3568 2208 3683 2248 non

2091 2300 2192 2355 sibi
2217 2296 2466 2369 ignoscit,
2495 2300 2552 2347 ut
2596 2292 2740 2346 Deus
2782 2290 3054 2361 ignoscat;
3104 2287 3233 2357 quia
3274 2286 3420 2357 quod
3461 2283 3578 2339 vult
3623 2292 3689 2338 ut

2094 2389 2236 2444 Deus
2274 2386 2539 2456 ignoscat,
2563 2381 2677 2450 ipse
2705 2379 2974 2448 agnoscit,
3003 2386 3060 2433 et
3079 2377 3227 2431 venit
3258 2376 3327 2430 ad
3368 2374 3567 2437 lucem,
3592 2372 3689 2429 cui

2093 2476 2297 2547 gratias
2326 2473 2437 2544 agit
2465 2470 2608 2541 quod
2636 2469 2733 2533 illi,
2758 2469 2885 2537 quid
2918 2469 2972 2523 in
3012 2482 3072 2523 se
3108 2466 3333 2530 odisset,
3359 2464 3687 2521 ostenderit.

2095 2570 2233 2623 Dicit
2256 2566 2481 2621 Domino
2512 2582 2525 2617 :
2554 2564 2745 2618 Averte
2771 2562 2963 2630 faciem
2978 2570 3130 2614 tuam
3148 2577 3181 2612 α
3198 2558 3429 2629 peccatis
3446 2557 3593 2611 meis.
3618 2556 3687 2610 Et

2094 2677 2198 2731 qua
2222 2659 2400 2713 fronte
2425 2656 2575 2720 dicit,
2607 2655 2711 2709 nisi
2742 2654 2941 2709 iterum
2963 2652 3144 2708 dicat?
3168 2650 3434 2718 Quoniam
3467 2650 3688 2719 facinus

2096 2767 2266 2805 meum
2291 2765 2382 2820 ego
2414 2762 2635 2817 agnosco
2651 2786 2667 2810 ,
2689 2754 2738 2799 et
2764 2753 3031 2814 peccatum
3054 2759 3233 2798 meum
3253 2752 3435 2797 contra
3473 2758 3556 2795 me
3604 2750 3683 2794 est

2097 2856 2296 2911 semper
2335 2836 2513 2908 (Psal.
2560 2852 2612 2901 1.,
2643 2835 2698 2901 5,
2733 2834 2846 2905 Η).
2875 2833 2960 2889 Sit
2999 2841 3127 2888 ante
3155 2839 3238 2897 te,
3279 2838 3423 2902 quod
3466 2845 3573 2885 non
3606 2845 3697 2885 vis.

2096 2948 2218 2987 esse
2245 2940 2368 2986 ante
2397 2931 2680 2985 Dominum
2706 2928 2890 3001 [Aug.,
2926 2926 3140 2999 Deum].
3176 2926 3239 2981 Si
3259 2934 3443 2981 autem
3469 2935 3591 2996 post
3635 2932 3689 2979 te

416 3040 546 3098 tem,
569 3032 718 3087 novit
747 3031 974 3085 zizania.
999 3030 1114 3085 1am
1138 3031 1410 3102 judicatus
1447 3041 1528 3087 est
1556 3031 1647 3102 qui
1676 3047 1782 3087 non
1803 3032 1993 3088 credit.
2024 3061 2070 3124 ο
2103 3021 2300 3077 feceris
2345 3028 2628 3090 peccatum
2677 3027 2859 3081 tuum.
2892 3024 3173 3087 retorquet
3225 3015 3321 3070 tibi
3368 3014 3499 3069 illud
3545 3013 3695 3067 Dens

419 3127 594 3194 Quare
621 3125 929 3194 judicatus?
975 3125 1112 3192 Quia
1142 3145 1243 3183 non
1274 3129 1438 3184 credit
1474 3129 1531 3183 in
1573 3131 1780 3185 nomine
1813 3130 1996 3201 unige-

416 3218 513 3273 niti
542 3216 672 3271 Filii
693 3217 809 3273 Dei.
853 3219 1038 3289 (Vens.
1074 3220 1185 3293 19.)
1221 3220 1332 3276 Hoc
1382 3233 1456 3276 est
1501 3231 1673 3276 autem
1712 3222 1997 3293 judicium,

414 3311 539 3379 quia
566 3309 658 3365 lux
696 3312 830 3365 venit
859 3312 911 3365 in
944 3312 1216 3375 mundum,
1243 3321 1291 3365 et
1315 3311 1608 3365 dilexerunt
1638 3311 1870 3365 homines
1896 3328 2005 3365 ma-

417 3401 495 3469 gis
519 3402 756 3457 tenebras
801 3418 960 3473 quant
1008 3401 1176 3456 lucem
1223 3416 1241 3455 :
1290 3409 1439 3455 erant
1478 3401 1615 3453 enim
1668 3400 1809 3455 mala
1848 3417 2005 3472 opera

418 3508 616 3547 eorum.
666 3493 891 3549 Fratres
936 3493 1058 3556 mei,
1094 3507 1325 3564 quorum
1376 3507 1537 3562 opera
1598 3492 1740 3546 bona
1799 3492 2007 3547 invenit

420 3583 711 3640 Dominus?
747 3583 1046 3640 Nullorum.
1080 3582 1270 3640 Omnia
1320 3583 1500 3656 [Aug.,
1533 3582 1810 3656 Omnium]
1861 3585 2009 3640 enim

420 3675 562 3728 mala
583 3689 750 3743 opera
777 3674 997 3730 invenit.
1022 3674 1304 3742 Quomodo
1330 3690 1460 3746 ergo
1499 3675 1717 3746 quidam
1764 3675 2011 3731 fecerunt

420 3761 704 3818 veritatem
725 3804 739 3828 ,
770 3774 824 3818 et
863 3773 1125 3819 venerunt
1158 3766 1226 3822 ad
1255 3766 1466 3822 lucem?
1503 3766 1620 3823 Hoc
1646 3769 1791 3825 enim
1824 3768 2012 3838 sequi-

428 3863 517 3908 tur
558 3872 570 3907 :

495 3945 656 4000 Vens.
684 3946 775 4001 21.
815 3977 885 3989 —-
915 3944 1019 4014 Qui
1047 3958 1225 4003 autem
1260 3949 1388 4019 facit
1440 3950 1733 4016 veritatem,
1768 3951 1914 4006 venit.
1940 3950 2011 4004 ad

425 4034 609 4101 lucem,
635 4046 691 4090 ut
717 4038 1118 4108 manifestentur
1151 4055 1308 4109 opera
1333 4040 1469 4110 ejus,
1490 4041 1618 4112 quia
1642 4042 1697 4094 in
1734 4040 1845 4096 Deo
1869 4040 2012 4110 facta

423 4136 564 4182 sunt.
597 4125 875 4195 Quomodo
911 4145 1041 4200 ergo
1090 4125 1309 4198 quidam
1350 4131 1552 4193 bonum
1578 4144 1716 4201 opus
1743 4129 2013 4195 fecerunt,

425 4226 483 4273 ut
502 4220 750 4277 venirent
767 4219 937 4295 494
959 4220 1025 4276 ad
1055 4214 1229 4275 lucem
1245 4262 1262 4287 ,
1287 4221 1341 4276 id
1361 4230 1473 4285 est,
1500 4221 1568 4276 ad
1593 4221 1901 4277 Christum?
1950 4220 2016 4277 Et

425 4308 696 4381 quomodo
708 4310 928 4382 quidam
953 4311 1258 4367 dilexerunt
1275 4312 1556 4369 tenebras?
1580 4310 1639 4367 Si
1659 4312 1803 4367 enim
1825 4327 2016 4368 omnes

2103 3121 2228 3167 ante
2270 3111 2455 3167 oculos
2502 3119 2670 3164 tuos:
2709 3115 2762 3162 et
2808 3115 2937 3161 tunc
2983 3112 3279 3176 retorquet,
3320 3103 3535 3174 quando
3571 3102 3696 3172 iam

2100 3202 2428 3273 pmniteutia:
2464 3200 2679 3256 fructus
2716 3199 2900 3254 nullus
2924 3199 3048 3253 erit.
3080 3197 3294 3254 Currite
3333 3196 3463 3250 dum
3503 3195 3695 3249 lucens

2102 3293 2330 3359 habetis,
2348 3308 2414 3346 ne
2446 3290 2679 3346 tenebrze
2704 3289 2896 3345 mortis
2921 3304 3019 3343 vos
3043 3287 3515 3359 comprehendant.
3538 3302 3561 3337 ι
3582 3281 3690 3340 Se-

2103 3384 2286 3453 quitur
2312 3391 2492 3439 autem
2525 3400 2539 3435 :

2179 3476 2340 3530 Vsus.
2367 3474 2457 3529 22.
2486 3505 2555 3513 —
2585 3472 2712 3529 Post
2749 3471 2860 3525 hau:
2887 3480 3062 3524 autem
3083 3479 3220 3524 venit
3245 3467 3399 3522 lem
3437 3473 3489 3519 et
3527 3463 3696 3519 disci-

2105 3572 2215 3643 puli
2239 3572 2354 3640 ejus
2380 3570 2433 3623 in
2457 3568 2703 3624 Judream
2729 3575 2944 3620 terram.
2973 3563 3038 3619 Et
3057 3562 3169 3616 illic
3188 3560 3700 3616 demorabaturcum

2110 3664 2206 3726 eis,
2234 3671 2282 3716 et
2306 3660 2415 3713 illic
2437 3656 2761 3729 baptizabat.
2804 3673 2823 3705 ε
2863 3666 2884 3695 ο
2919 3654 3237 3723 Baptizatus
3263 3651 3537 3722 baptizat;
3588 3661 3697 3701 non

2110 3757 2162 3810 in
2191 3770 2256 3809 eo
2297 3752 2623 3823 baptismate
2663 3748 2904 3819 baptizat
2948 3762 3056 3818 quo
3103 3745 3406 3815 baptizatus
3447 3750 3552 3797 est.
3596 3740 3700 3794 Dat

2110 3847 2437 3918 baptismum
2489 3838 2953 3915 [Ms.,baptisma]
3004 3838 3266 3893 Dominus
3309 3835 3627 3905 baptizatus
3665 3847 3702 3886 a

2112 3951 2286 3999 servo,
2309 3930 2953 3991 ostendenshumiiitatis
2979 3929 3143 3994 viam,
3177 3934 3232 3982 et
3274 3926 3583 3997 perducens
3632 3922 3701 3978 ad

2110 4028 2443 4100 baptismum
2496 4023 2652 4097 μὴ..
2675 4020 2968 4094 baptism]
3025 4019 3259 4075 Domini.
3308 4018 3425 4072 Hoc
3477 4023 3563 4071 est
3604 4016 3704 4071 ba-

2113 4118 2310 4192 ptisma
2353 4129 2532 4178 suum,
2559 4111 2850 4184 praebendo
2876 4109 3198 4166 humilitatis
3222 4105 3548 4177 exemplum,
3574 4105 3704 4176 quia

2115 4209 2230 4279 ipse
2266 4222 2375 4262 non
2399 4204 2608 4275 respuit
2635 4204 2898 4273 baptisma
2920 4200 3097 4266 servi;
3127 4209 3183 4254 et
3209 4200 3536 4270 baptismate
3556 4197 3702 4254 servi

2113 4301 2200 4354 via
2226 4298 2639 4369 prmparabatur
2664 4294 2892 4350 Domino
2921 4311 2935 4347 :
2961 4302 3019 4348 et
3059 4293 3365 4363 baptizatus
3407 4290 3701 4353 Domino,

421 4411 738 4477 peccatores
760 4401 986 4467 invenit,
1010 4411 1065 4457 et
1089 4416 1280 4459 omnes
1296 4418 1325 4457 a
1349 4412 1572 4473 peccato
1601 4411 1787 4469 sanat;
1818 4410 1876 4458 et
1898 4417 2014 4458 ser-

2119 4390 2259 4445 viam
2290 4404 2350 4444 se
2375 4386 2505 4443 fecit
2526 4386 2595 4442 ad
2622 4401 2681 4442 se
2722 4381 3130 4442 [venientibus]
3164 4381 3340 4453 Ipsum
3372 4381 3658 4436 audiamus
3685 4399 3700 4432 :

429 4476 561 4563 peus
590 4491 679 4548 ille
698 4533 714 4557 ,
732 4493 786 4547 in
812 4508 919 4563 quo
941 4491 1168 4565 ﬁgurata
1197 4501 1281 4549 est
1307 4488 1455 4549 mors
1484 4494 1726 4560 Domini,
1744 4509 1840 4550 eos
1861 4502 2018 4550 sanat

428 4584 519 4654 qui
558 4584 724 4639 morsi
757 4581 998 4651 fuerant;
1031 4593 1087 4639 et
1121 4592 1583 4665 pr0ptervmorsus
1602 4587 1869 4658 serpentis
1895 4602 2017 4643 ere-

430 4688 550 4733 ctus
575 4687 660 4733 est
688 4676 934 4750 serpens,
962 4679 1014 4734 id
1044 4688 1157 4745 est,
1185 4695 1333 4736 mors
1362 4680 1601 4745 Domini,
1624 4687 1849 4751 propter.
1867 4694 2017 4735 mor-

431 4768 569 4825 tales
596 4768 862 4835 homines,
882 4785 1019 4839 quos
1046 4770 1252 4828 invenit
1278 4770 1540 4840 injustas;
1564 4770 1840 4841 quomodo
1869 4769 2020 4826 intel—

431 4860 634 4929 ligitur,
662 4859 761 4913 hoc
797 4870 872 4914 est
894 4860 1186 4930 judicium,
1212 4862 1461 4934 quoniam
1496 4860 1589 4925 lu;
1615 4861 1753 4918 venit
1790 4861 1847 4914 in
1869 4876 2019 4915 mun-

430 4954 555 5006 dum
580 4991 595 5015 ,
635 4962 683 5008 et
722 4938 1016 5008 dilexerunt
1070 4952 1309 5009 homines
1358 4954 1525 5025 magis
1567 4952 1804 5009 tenebras
1858 4967 2018 5023 quam

431 5044 597 5097 lucem
625 5062 637 5097 :
663 5052 812 5097 erant
837 5043 976 5099 enim
998 5042 1139 5098 mala
1162 5061 1319 5117 opera
1355 5060 1533 5101 eorum
1548 5044 1575 5098 7
1601 5043 1743 5110 Quid
1766 5042 1912 5098 enim
1932 5049 2021 5099 est

433 5133 569 5188 hoc?
598 5131 841 5200 Quorum
870 5134 1015 5189 enim
1046 5144 1205 5210 erant
1222 5135 1591 5206 operabona?
1616 5133 1809 5191 Nonne
1824 5132 2019 5189 venisti

433 5221 774 5291 utjustiﬁces
798 5224 1025 5297 impios?
1061 5224 1168 5283 Sed
1199 5224 1519 5292 dilexerunt,
1548 5226 1747 5296 inquit,
1783 5224 2025 5281 tenebras

436 5316 599 5386 magis
633 5333 793 5388 quam
825 5314 1011 5372 lucem.
1042 5317 1119 5373 ibi
1140 5317 1321 5387 posuit
1346 5316 1489 5383 vim;
1533 5315 1687 5371 multi
1714 5315 1861 5371 enim
1888 5313 2023 5370 dile-

439 5416 630 5461 xerunt
655 5415 875 5477 peccata
897 5423 1015 5473 sua,
1031 5406 1209 5481 [multi
1231 5405 1462 5464 confessi
1485 5416 1609 5463 sunt
1623 5415 1843 5477 peccata
1859 5403 1981 5476 sua]
2007 5422 2021 5457 :

439 5491 589 5558 quia,
617 5496 710 5566 qui
750 5497 1041 5553 conﬁtetur
1069 5507 1289 5568 peccata
1319 5514 1415 5554 sua
1441 5508 1497 5552 et
1542 5505 1763 5553 accusat
1803 5503 2024 5565 peccata
2082 5540 2101 5549 -

510 5636 538 5699 9
576 5628 863 5699 tlucusqtte
886 5644 952 5686 ex
979 5622 1136 5685 Beda:
1164 5631 1386 5686 humilia
1408 5632 1595 5687 citata.

515 5696 539 5734 δ
572 5698 647 5754 lix
661 5696 848 5754 sancto
863 5700 1187 5771 Augustino,
1204 5702 1381 5755 Tract.
1400 5717 1473 5756 xu
1496 5702 1548 5756 in
1566 5699 1698 5756 Joan
1712 5743 1718 5750 .
1733 5740 1748 5767 ,
1766 5716 1815 5753 n.
1838 5700 1922 5769 12,
1944 5700 2025 5755 l3.

2116 4478 2232 4550 Ego
2260 4495 2377 4533 sum
2406 4479 2515 4541 via,
2533 4478 2727 4531 veritas
2752 4485 2798 4528 et
2825 4475 2929 4529 vita
2958 4473 3142 4546 (Joau.
3166 4489 3279 4537 xiv,
3302 4472 3379 4544 6).
3406 4471 3467 4528 Si
3503 4472 3707 4526 verita-

2118 4579 2229 4627 tem
2252 4569 2474 4641 quaeris,
2503 4568 2648 4623 viain
2673 4577 2794 4621 tene
2825 4582 2841 4618 :
2877 4580 3001 4620 nam
3053 4564 3166 4635 ipse
3218 4571 3302 4618 est
3342 4563 3450 4626 via,
3479 4561 3574 4632 qui
3621 4568 3708 4615 est

2118 4661 2340 4718 veritas.
2366 4659 2661 4713 Audiamus
2683 4655 2978 4719 Joannem;
3011 4652 3320 4724 Baptizabat
3351 4650 3706 4707 πεπιεῡίχὶ-

2119 4767 2240 4807 mus
2286 4750 2412 4819 quia
2460 4746 2698 4818 baptizat
2747 4744 2922 4801 iesus.
2960 4742 3272 4811 Quomodo,
3300 4736 3705 4814 inquiulesus.

2119 4840 2390 4915 quomodo
2440 4837 2721 4901 Dominus,
2749 4834 3019 4905 quomodo
3063 4833 3167 4888 Dei
3211 4831 3406 4899 Filius,
3432 4831 3709 4913 quomodo

2122 4912 2392 4995 Verbum;
2442 4930 2535 4985 sed
2572 4926 2804 4983 Verbum
2824 4940 2960 4982 caro
2973 4923 3173 4980 factum
3193 4932 3295 4980 est.
3326 4940 3346 4977 ι
3510 4912 3513 4913 7

2737 5079 2964 5137 CAPUT
3002 5078 3087 5135 Vl.

2125 5220 2406 5298 Jeanniiu
2440 5218 2635 5298 non
2657 5215 2944 5298 baptizantt
2983 5230 3016 5266 a
3048 5211 3710 5298 emancipatis-dieitur,

2196 5290 2358 5361 quod,
2381 5291 2466 5363 cui
2491 5289 2580 5343 ille
2618 5280 2973 5363 testimonium
3002 5280 3331 5363 perhibebat,
3460 5283 3710 5354 baptizat,

2197 5352 2243 5417 et
2274 5352 2413 5431 quod
2448 5374 2626 5433 ontnes
2646 5355 2714 5410 ad
2745 5372 2864 5410 eum
2899 5352 3126 5421 veniant.
3151 5352 3320 5433 Quem
3459 5352 3712 5433 sponsum

2199 5419 2326 5491 esse,
2352 5440 2399 5482 et
2438 5428 2671 5497 operiere
2699 5440 2949 5490 crescere,
2976 5440 3030 5478 se
3049 5420 3430 5497 autem_minui.
3448 5419 3715 5497 ﬁlumque

2200 5490 2505 5563 desursum,
2532 5507 2580 5551 et
2617 5508 2777 5567 supra
2817 5498 2996 5549 amnes
3032 5504 3161 5547 esse.
3207 5490 3629 5553 Credentcmaue
3658 5490 3714 5540 in

2207 5642 2227 5668 ε
2273 5630 2349 5685 Ex
2388 5639 2575 5686 sancto
2616 5628 2951 5700 Augustino,
2982 5623 3162 5680 Tract.
3214 5643 3352 5691 ant,
3402 5639 3530 5683 nunt
3572 5621 3624 5686 ἁ,
3653 5619 3712 5675 6.
