4020 6186
356 333 464 395 785

1158 332 1572 397 EXEGII'I’JCA.
1612 363 1681 372 —-
1717 331 2072 393 COMMENT.
2114 333 2180 388 lN
2218 332 2412 393 JOAN.
2452 365 2522 375 -——
2560 330 2692 391 LIB.
2732 331 2797 391 ιι.

3512 326 3616 395 τεῦ

426 469 545 510 ain
574 451 762 508 habere
788 452 951 505 vitain
974 459 1247 511 (sternant.
1264 448 1436 520 Super
1459 449 1933 513 incredulitas-uero
1963 456 2012 511 Α
2035 459 2293 501 enarrare
2323 445 2660 517 mysterium.
2693 445 2936 502 Audistis
2986 445 3353 503 testimonium
3405 463 3613 518 meum;

426 529 565 587 iram
593 541 805 583 manete
839 524 1136 593 conﬁrmat.

430 646 593 700 Vens.
611 644 779 699 25.--—
792 640 925 694 Erat
937 647 1112 693 autern
1120 637 1359 699 Joannes
1377 635 1647 699 baptizatus
1666 635 1721 689 in
1736 633 1938 698 Ξιιωι,

359 740 509 808 ima
536 730 708 790 Satin.
733 731 906 786 Locus
929 727 1149 800 quidem
1173 725 1370 799 [Forte
1386 766 1401 793 ,
1424 724 1573 783 lacus
1595 723 1850 796 quidam]
1872 738 1941 779 es

358 828 576 884 nomine
600 821 937 892 intelligitur,
958 819 1083 887 quia
1093 833 1248 887 aquze
1267 816 1450 875 multa:
1467 821 1625 869 erant
1651 814 1745 868 ibi.
1762 812 1941 877 Enen

352 922 508 991 juxta
524 915 615 971 Sal
622 916 695 970 im
711 913 861 973 locus
873 921 978 976 est,
994 910 1084 965 ubi
1099 908 1411 979 baptizabat
1419 906 1679 975 Joannes,
1696 912 1943 962 etostene

356 1011 507 1065 ditur
528 1021 673 1061 nunc
695 1018 864 1074 usque
882 1003 1052 1067 locus,
1068 1001 1124 1056 in
1143 1009 1338 1058 octavo
1356 998 1534 1069 lapide
1557 994 1721 1068 495
1750 994 1941 1065 Scyta-

359 1100 547 1172 poleos
604 1097 674 1152 ad
729 1094 1049 1156 meridiem,
1094 1091 1251 1160 juxta
1301 1089 1467 1145 Salim
1522 1095 1581 1142 et
1626 1084 1938 1150 Jordanem.

356 1194 549 1263 (Vens.
581 1187 697 1259 24.)
735 1184 986 1241 Nondum
1021 1185 1156 1238 enim
1191 1183 1382 1236 missus
1417 1178 1586 1249 fuerat
1626 1174 1858 1230 Joannes
1885 1172 1942 1228 in

354 1298 643 1338 carcerem.
673 1280 855 1346 Quare
876 1276 1184 1347 baptizabat
1204 1270 1471 1328 Joannes?
1501 1268 1636 1336 Quia
1658 1266 1944 1338 oportebat

357 1384 424 1429 ut
447 1372 816 1443 baptizaretur
837 1368 1114 1424 Dominus.
1145 1365 1325 1431 Quare
1352 1362 1636 1433 oportebat
1664 1368 1723 1415 ut
1759 1356 1942 1413 Domi-

358 1481 466 1520 nus
492 1460 898 1532 baptizaretur?
939 1457 1020 1512 Ne
1048 1456 1245 1526 aliquis
1274 1470 1465 1526 magna
1514 1452 1640 1507 licet
1684 1449 1942 1520 praeditus

355 1556 533 1630 gratia
554 1553 639 1609 vel
658 1560 943 1623 potestate,
967 1555 1341 1606 contemneret
1359 1545 1646 1618 baptizari.
1681 1544 1797 1613 Ipse
1832 1543 1940 1597 Do-

363 1648 543 1703 minus
565 1659 672 1700 non
694 1642 1022 1712 contempsit
1042 1640 1293 1710 baptismi
1316 1647 1735 1702 sacramentum,
1753 1651 1942 1705 quam-

365 1741 445 1796 vis
483 1739 538 1794 in
579 1738 669 1792 illo
698 1752 803 1792 non
834 1743 980 1795 esset
1016 1733 1160 1804 quod
1186 1732 1537 1787 mandaretur
1565 1732 1620 1784 in
1650 1730 1939 1799 baptismo,

2038 536 2243 601 credite
2264 536 2575 593 testimonio
2594 550 2734 593 meo.
2752 535 3071 595 Concurrite
3099 539 3166 593 ad
3197 537 3367 604 illum,
3384 540 3438 595 in
3466 541 3622 611 cujus

2037 624 2306 696 baptismo
2338 634 2443 705 est
2495 625 2743 681 remissio
2795 636 3147 696 peccatorum
3223 626 3330 684 Iste
3382 625 3620 688 Joannes

2041 720 2203 771 tantae
2227 715 2569 770 auctoritatis
2596 716 2924 783 habebatur,
2958 726 3017 773 ut
3044 733 3076 771 a
3123 717 3321 788 populo
3370 717 3620 778 Christus

2038 814 2349 881 putaretur;
2381 808 2476 862 sed
2506 806 2594 862 ille
2622 807 2817 865 falsum
2841 809 3047 879 respuit
3084 809 3364 877 honorem,
3392 820 3452 865 ut
3490 811 3621 868 solis

2039 894 2164 948 dam
2190 897 2455 965 potuisset
2484 888 2686 952 habere
2712 899 3017 954 veritatem.
3049 898 3233 967 Noluit
3259 902 3326 958 de
3345 918 3404 957 se
3413 903 3626 973 jactare

2040 984 2185 1054 quod
2212 1000 2319 1040 non
2342 986 2464 1050 fuit,
2496 1001 2565 1041 ne
2589 987 2706 1043 sine
2731 1002 2796 1045 eo
2823 973 2967 1045 esset
2991 978 3083 1059 qui
3112 1006 3327 1060 semper
3350 991 3468 1048 fuit.

2112 1075 2275 1131 Vens.
2306 1075 2396 1131 29.
2420 1106 2490 1115 -
2516 1076 2620 1159 Qui
2654 1077 2805 1131 habet
2835 1094 3103 1147 sponsam,
3126 1068 3349 1149 sponsus
3381 1091 3474 1136 est.
3515 1083 3626 1154 Ego

2042 1178 2149 1218 non
2175 1179 2292 1219 sum
2318 1179 2566 1234 sponsus.
2619 1166 2723 1221 Sed
2763 1167 2894 1235 quid
2936 1169 3096 1230 sum?
3145 1169 3369 1223 Amicus
3422 1171 3624 1240 sponsi,

2039 1259 2280 1330 gaudens
2293 1246 2553 1317 invocem
2579 1260 2739 1315 illius.
2756 1261 2890 1328 Quis
2906 1270 2990 1316 est
3015 1264 3283 1331 sponsus?
3312 1261 3407 1318 ille
3429 1263 3495 1317 de
3518 1278 3629 1332 quo

2041 1352 2242 1408 dicitur
2255 1370 2268 1406 :
2286 1352 2394 1409 Rex
2407 1353 2574 1407 omnis
2587 1363 2739 1407 terra:
2754 1355 2929 1419 Deus;
2947 1363 2994 1411 et
3009 1352 3303 1409 adorabunt
3317 1371 3436 1408 eum
3449 1372 3629 1410 omnes

2044 1458 2185 1514 reges
2214 1452 2388 1509 terrae,
2419 1459 2595 1503 attines
2621 1455 2798 1514 gentes
2827 1445 3049 1519 servient
3073 1445 3121 1497 ei
3156 1442 3626 1516 ll’sal.ux1,ll).

2041 1532 2134 1589 ille
2159 1547 2389 1609 sponsus
2417 1548 2611 1598 verus;
2665 1550 2865 1605 sponsa
2903 1549 3031 1590 vero
3056 1545 3246 1591 saneta
3275 1536 3534 1601 Ecclesia,
3563 1553 3629 1593 ex

2042 1622 2293 1680 omnibus
2320 1632 2643 1697 congregata
2664 1625 2935 1696 gentibus,
2964 1627 3029 1680 de
3060 1642 3166 1697 qua
3193 1626 3481 1697 Apostolus
3512 1628 3588 1680 ait
3612 1642 3626 1678 :

2043 1716 2365 1788 Desponsavi
2407 1734 2496 1773 vos
2542 1719 2635 1772 uni
2686 1719 2816 1781 viro,
2852 1720 3102 1789 uirginem
3147 1729 3347 1773 castam
3391 1718 3631 1773 exhibere

357 1830 456 1900 qui
501 1826 707 1882 nullum
735 1826 923 1881 habuit
961 1831 1263 1894 peccaturo,
1288 1822 1429 1891 quod
1471 1822 1833 1877 dimitteretur
1886 1819 1941 1873 in
1977 1819 2019 1878 Β
2045 1806 2254 1865 ειινίειο
2283 1809 2368 1881 (ΙΙ
2407 1808 2529 1864 Cor.
2563 1826 2638 1885 si,
2668 1809 2749 1882 2).
2789 1811 2951 1883 Virgo
2974 1820 3058 1866 est
3079 1820 3133 1865 et
3160 1827 3417 1882 sponsum
3445 1812 3629 1876 1131381.

364 1922 616 1994 baptismi
640 1920 873 1973 lavacro.
900 1918 1213 1986 Baptizatus
1234 1924 1318 1971 est
1346 1930 1377 1968 a
1403 1929 1559 1969 servo
1584 1912 1945 1977 Dominus,ne

365 2027 557 2067 servus
615 2008 829 2064 Domini
888 2007 1213 2076 baptismum
1262 2012 1649 2061 contemneret.
1696 2002 1945 2056 Nondum

358 2103 505 2156 enim
523 2101 714 2155 missus
740 2099 912 2168 fuerat
931 2098 1163 2152 Joannes
1186 2097 1241 2150 in
1257 2111 1537 2153 carcerem.
1556 2095 1677 2149 Ideo
1696 2094 1797 2147 hoc
1810 2092 1948 2147 dixit

364 2192 717 2263 evangelista,
747 2200 805 2244 ut
848 2189 1243 2262 intelligeretur
1275 2187 1435 2260 [hinc
1462 2184 1787 2256 ηιίιοηυυι.ι],
1825 2199 1947 2252 quae

365 2292 493 2339 ante
517 2282 713 2355 posuit,
736 2282 912 2351 primo
940 2296 1083 2335 anno
1109 2280 1368 2335 doctrinm
1393 2278 1600 2338 Domini
1629 2276 1799 2331 nostri
1820 2273 1945 2331 Jesu

360 2379 585 2442 Christi,
601 2393 720 2448 qua!
734 2378 1022 2446 incipiebat
1035 2393 1064 2430 a
1079 2376 1344 2445 baptismo
1361 2390 1476 2438 suo,
1490 2381 1607 2428 acta
1622 2386 1743 2427 esse
1761 2387 1775 2436 ;
1793 2367 1947 2437 cujus

366 2472 494 2525 anni
510 2478 679 2542 gesta,
695 2471 924 2524 maxime
938 2469 1069 2523 alios
1087 2468 1346 2523 intellexit
1372 2466 1728 2537 evangelistas
1746 2475 1943 2518 tacere.

441 2563 605 2619 Vens.
633 2562 724 2617 25.
754 2592 825 2602 ——
844 2560 1013 2615 Facta
1039 2569 1114 2614 est
1140 2569 1313 2614 autem
1339 2560 1560 2629 qun'stio
1583 2574 1648 2611 ea:
1674 2554 1947 2627 discipulis

366 2657 592 2712 Joannis
622 2671 741 2708 cum
769 2654 972 2708 Judtris
1009 2653 1074 2705 de
1098 2651 1484 2723 puriﬁcatione.
1532 2649 1781 2703 Zelantes
1821 2660 1949 2702 vero

369 2746 613 2821 discipuli
642 2746 862 2802 Joannis
892 2745 1228 2817 magistrum,
1257 2742 1382 2813 quia
1427 2743 1609 2812 plures
1655 2740 1948 2795 audiebant

368 2851 692 2895 concurrere
718 2835 783 2891 ad
810 2837 1072 2905 baptisma
1100 2833 1299 2889 Clu-isti
1327 2875 1341 2898 ,
1367 2841 1421 2887 et
1451 2832 1702 2903 praeferre
1734 2831 1949 2887 Judzros

368 2928 636 2999 baptismo
650 2924 874 2981 Joannis
893 2925 1218 2995 baptismum
1240 2923 1460 2989 Christi,
1481 2925 1551 2977 ita
1578 2934 1636 2977 ut
1659 2923 1949 2979 uov‘ssime

371 3029 592 3074 ventum
617 3028 700 3073 est
723 3018 790 3073 ad
811 3017 985 3087 ipsum
1010 3014 1273 3071 Joannem
1289 3056 1305 3081 ,
1329 3024 1387 3071 ut
1417 3015 1650 3070 solveret
1688 3016 1943 3085 quwstio-

370 3124 494 3162 nem
523 3122 685 3176 quam
710 3106 1017 3161 habuerunt
1043 3105 1289 3177 discipuli
1315 3106 1458 3160 illius
1479 3121 1601 3161 cum
1638 3105 1857 3171 Judaeis,
1882 3106 1947 3161 de

2046 1914 2167 1971 qua:
2197 1900 2437 1970 quotidie
2462 1910 2687 1973 generat
2725 1909 2779 1955 et
2825 1902 2976 1975 virgo
3017 1918 3277 1973 perpetua
3321 1911 3626 1972 permanet.

2048 1991 2339 2062 Virginitas
2361 1992 2478 2046 huic
2503 1992 2788 2062 integritas
2810 2002 2896 2046 est
2921 1995 3148 2058 mentis,
3177 1992 3463 2048 charitatis
3501 2008 3626 2062 per-

2046 2082 2228 2149 fectio,
2245 2083 2427 2138 unitas
2445 2083 2725 2139 catholica:
2744 2082 2891 2150 ﬁdei,
2907 2084 3057 2157 pacis
3074 2086 3385 2150 concordia,
3405 2086 3631 2151 castitas

2047 2172 2103 2226 in
2128 2172 2293 2227 corde
2323 2180 2379 2226 et
2396 2172 2613 2237 anima;
2643 2173 2770 2243 quia
2803 2173 2937 2226 nihil
2961 2174 3105 2228 valet
3136 2176 3382 2245 corporis
3409 2175 3634 2230 castitas

2046 2263 2164 2320 sine
2212 2262 2493 2319 catholica:
2544 2261 2670 2317 ﬁdei
2713 2262 3057 2333 integritate;
3105 2264 3260 2334 cujus
3309 2263 3551 2335 virginis,
3581 2264 3636 2319 id

2046 2362 2153 2420 est,
2179 2352 2502 2408 universalis
2551 2352 2831 2420 Ecclesiae,
2859 2354 3020 2409 amici
3068 2363 3197 2409 sunt
3250 2355 3484 2425 pra-dics
3509 2370 3635 2411 ores

2048 2445 2374 2516 evangelicae
2415 2445 2678 2500 veritatis.
2732 2446 2800 2499 Et
2850 2446 2970 2501 ideo
3033 2445 3164 2501 dicit
3216 2445 3321 2501 iste
3368 2443 3632 2511 Joannes,

2046 2538 2247 2592 anticus
2268 2537 2446 2605 sponsi
2472 2548 2491 2586 .'
2519 2535 2623 2602 Qui
2658 2545 2764 2590 stat
2799 2546 2848 2589 et
2870 2537 3040 2600 audit,
3071 2536 3268 2606 gaudio
3292 2538 3484 2606 gaudet
3510 2555 3631 2608 pro-

2044 2635 2162 2696 pter
2184 2641 2360 2693 vocem
2390 2627 2589 2694 sponsi.
2628 2624 2749 2680 Stat
2774 2626 2941 2693 enim,
2970 2626 3064 2695 qui
3093 2627 3146 2680 in
3185 2624 3289 2681 (ide
3318 2636 3468 2683 recta
3507 2642 3634 2697 pcr-

2050 2725 2251 2783 manet,
2278 2726 2332 2772 et
2379 2716 2522 2786 quod
2565 2717 2758 2781 credit,
2787 2716 3067 2787 praedicat.
3124 2735 3141 2768 ε
3191 2730 3215 2757 ιι
3265 2717 3446 2785 Quare
3489 2722 3633 2774 suit?

2049 2806 2186 2874 Quia
2211 2822 2318 2862 non
2348 2806 2511 2865 cadit.
2536 2804 2717 2873 Quare
2738 2821 2846 2861 non
2885 2808 3065 2862 cadit?
3103 2807 3238 2874 Quia
3271 2809 3487 2864 humilis
3527 2820 3629 2883 est.

2048 2896 2154 2952 iste
2182 2911 2485 2967 prazcursor
2524 2896 2735 2951 Domini
2766 2897 2821 2950 in
2860 2898 3029 2955 solida
3074 2907 3230 2967 petra
3281 2900 3476 2965 stabat,
3506 2902 3631 2957 dum

2050 2987 2129 3043 ait
2155 3006 2169 3042 :
2194 2986 2312 3042 Non
2345 3004 2466 3042 sum
2490 3002 2591 3061 ego
2617 2988 2896 3052 Christus,
2931 3005 3034 3042 noti
3076 3005 3195 3044 sum
3238 3006 3337 3059 ego
3377 3006 3627 3067 sponsus,

2050 3083 2145 3138 sed
2194 3083 2403 3137 amicus
2456 3082 2656 3153 sponsi.
2705 3082 2807 3151 Qui
2854 3083 3082 3154 gloriam
3129 3084 3272 3139 illius
3315 3088 3628 3157 quieritqui

374 3152 494 3162 "‘""
527 3152 685 3176 *ι’-*⁵⁸-
713 3152 904 3161 ··“⁶’“·ν’
923 3152 1017 3161 *⁵⁸*
1045 3152 1289 3177 “"""r""
1317 3152 1457 3160 """"
1482 3152 1601 3161 """
1638 3152 1857 3171 '“"“""1
1884 3152 1945 3161 “·ν
2115 3174 2125 3184 _
2164 3173 2175 3185 ,
2492 3152 2495 3153 ⁷
2568 3175 2578 3185 _
2863 3152 2874 3154 ‘
2951 3176 2961 3186 ,
3164 3176 3174 3186 ⁸
3335 3152 3349 3155 -
3378 3152 3383 3155 τ
3552 3152 3570 3157 -
3598 3152 3607 3157 -

374 3200 697 3255 discretione
725 3200 865 3253 inter
906 3198 1232 3268 baptismum
1276 3199 1477 3253 Christi
1515 3206 1572 3253 et
1623 3152 2023 3267 baptismumc
2054 3181 2206 3268 ""3"
2255 3188 2402 3240 eum,
2446 3183 2642 3268 mem?
2692 3191 2798 3229 “0"
2845 3176 3012 3243 “ad”,
3044 3184 3238 3268 '“F'mo
3278 3186 3406 3241 δίων
3441 3179 3635 3235 metu”

369 3287 616 3354 Joannis,
647 3297 700 3344 et
726 3290 977 3344 dixerunt
998 3289 1046 3343 ei
1079 3305 1092 3341 :

447 3381 607 3436 Vens.
631 3379 807 3434 26.~
824 3378 1006 3445 Rabbi,
1024 3380 1113 3450 qui
1135 3389 1245 3433 erat
1273 3389 1441 3434 (ecum
1465 3391 1610 3434 trans
1643 3379 1947 3445 Iordanem,

369 3475 458 3528 cui
498 3483 553 3526 tu
604 3472 954 3527 testimonium
991 3470 1318 3542 perhibuisti,
1349 3488 1463 3525 ecce
1501 3472 1584 3525 hic
1632 3472 1879 3542 baptism,
1902 3485 1949 3527 et

370 3582 551 3620 omnes
579 3565 789 3618 veniunt
817 3563 886 3617 ad
911 3579 1047 3617 eum.
1066 3563 1226 3630 Quasi
1251 3563 1589 3635 indignantes
1614 3565 1753 3633 quod
1770 3565 1952 3633 plures

371 3657 650 3711 venissent
691 3655 757 3710 ad
802 3655 1125 3725 baptismum
1170 3654 1392 3720 Clu-isti,
1423 3656 1676 3710 dixerunt
1713 3673 1726 3708 :
1762 3653 1951 3710 Omnes

374 3745 584 3799 ueniunt
622 3744 691 3799 ad
727 3760 863 3808 eum,
890 3754 939 3798 et
986 3754 1035 3798 te
1074 3745 1363 3810 dimittunt,
1390 3745 1515 3800 dum
1542 3753 1634 3799 tuo
1685 3747 1953 3816 baptismo

374 3834 680 3903 baptizatus
700 3842 784 3889 est
805 3834 914 3899 ille,
938 3833 1005 3889 ad
1033 3834 1186 3905 cujus
1217 3836 1542 3906 baptismum
1572 3852 1762 3891 omnes
1793 3837 1953 3903 modo

374 3930 728 3978 emicurrunt.

447 4013 609 4068 Vens.
633 4013 723 4068 27.
748 4045 818 4055 ——
842 4014 1120 4086 Respondit
1148 4014 1383 4072 Joannes
1414 4028 1460 4073 et
1485 4018 1618 4073 dixit
1649 4031 1670 4072 :
1714 4016 1838 4073 Non
1857 4035 1953 4089 po-

375 4111 475 4154 test
510 4102 663 4157 homo
701 4104 935 4175 accipere
961 4104 1266 4177 quidquam,
1294 4107 1394 4161 nisi
1417 4107 1574 4177 fuerit
1596 4110 1645 4162 ei
1675 4108 1863 4164 datum
1889 4108 1954 4163 de

376 4189 525 4245 caelo.
567 4191 674 4247 Vos
709 4193 842 4249 mihi
887 4196 1254 4251 testimonium
1290 4199 1605 4267 perhibetis,
1634 4201 1776 4271 quod
1805 4200 1955 4257 dixe-

379 4282 485 4337 rim
515 4298 529 4334 :
567 4279 684 4336 Non
707 4298 822 4338 sum
843 4301 937 4355 ego
958 4284 1215 4341 Christus.
1246 4287 1305 4343 Si
1334 4303 1456 4343 meo
1480 4290 1787 4347 testimonio
1832 4308 1954 4348 cre-

374 4372 527 4438 ditis,
557 4374 752 4431 scitote
780 4393 865 4432 me
904 4394 1010 4433 non
1055 4393 1176 4435 esse
1216 4379 1513 4446 Christum,
1537 4383 1632 4437 sed
1673 4381 1854 4451 illum;
1900 4393 1956 4440 et

2049 3265 2200 3320 audit
2219 3280 2404 3320 vocem
2433 3264 2636 3337 sponsi,
2660 3276 2715 3327 et
2738 3267 2935 3338 gaudio
2967 3266 3168 3337 gaudet
3192 3278 3414 3338 propter
3445 3284 3632 3339 vocem

2049 3356 2253 3425 sponsi.
2300 3377 2319 3408 ι
2364 3344 2479 3411 Vos
2516 3371 2648 3425 ergo
2679 3358 2863 3427 sponsi
2911 3368 2994 3413 est
3034 3372 3047 3411 :
3096 3357 3200 3424 Ite,
3238 3358 3414 3415 docete
3456 3376 3635 3417 attines

2048 3457 2241 3517 gentes,
2270 3445 2593 3516 baptizantes
2637 3462 2724 3501 eos
2763 3447 2816 3500 in
2863 3448 3071 3507 nomine
3109 3445 3308 3513 Patris,
3333 3459 3381 3502 et
3410 3447 3564 3515 Filii,
3585 3458 3634 3521 et

2052 3534 2280 3607 Spiritus
2304 3538 2492 3592 sancti.
2512 3536 2678 3615 496
2702 3557 2719 3587 ε
2748 3539 2772 3578 b
2795 3538 3087 3593 Confessus
3113 3546 3205 3601 est
3221 3555 3350 3609 ergo
3373 3537 3630 3607 Joannes,

2053 3625 2194 3682 sicut
2220 3628 2469 3698 superius
2498 3627 2747 3689 audistis,
2772 3627 2896 3697 quia
2927 3641 3033 3679 non
3057 3642 3174 3678 sum
3213 3643 3304 3696 ego
3339 3627 3581 3685 Christus
3614 3643 3632 3681 .'

2053 3722 2178 3790 quia
2203 3736 2325 3779 cum
2352 3719 2642 3787 discipulos
2669 3718 2866 3787 multos
2906 3719 3106 3776 laceret
3133 3718 3307 3787 Jesus,
3340 3732 3396 3778 et
3427 3724 3635 3794 perfes-

2055 3822 2204 3867 retur
2229 3811 2295 3875 ad
2314 3808 2649 3885 eum,vcluti
2697 3808 2798 3881 [ut]
2849 3812 3218 3881 instigaretur,
3256 3816 3411 3885 quasi
3455 3816 3637 3881 inviin

2052 3900 2196 3967 enim
2222 3908 2582 3967 narraverunt
2606 3913 2621 3950 :
2649 3898 2783 3965 Ecce
2812 3899 2901 3954 ille
2942 3901 3073 3969 facit
3123 3902 3300 3971 plures
3348 3906 3635 3978 discipulos

2051 4004 2212 4060 quam
2229 3997 2309 4055 tu,
2335 3988 2423 4044 ille
2448 3989 2730 4044 confessus
2761 3999 2844 4044 est
2869 3990 2999 4059 quid
3026 4003 3192 4054 esset,
3215 4002 3270 4047 et
3291 3994 3414 4048 inde
3442 4000 3640 4063 meruit

2053 4078 2323 4148 pertinere
2347 4078 2417 4134 ad
2460 4092 2608 4144 eum,
2636 4078 2761 4148 quia
2809 4092 2917 4133 non
2967 4085 3053 4139 est
3105 4094 3271 4135 ausus
3326 4096 3387 4136 se
3434 4084 3635 4149 dicere.

2053 4172 2196 4244 quod
2232 4179 2318 4226 est
2343 4170 2452 4226 ille.
2498 4169 2615 4225 Hoc
2652 4185 2786 4242 ergo
2830 4170 2962 4227 dicit
2999 4169 3254 4238 Joannes,
3296 4173 3420 4231 Non
3472 4187 3637 4247 potest

2055 4262 2208 4317 homo
2221 4264 2454 4333 accipere
2475 4261 2785 4335 quidquam,
2809 4262 2910 4316 nisi
2937 4260 3097 4332 fuerit
3124 4264 3172 4318 ei
3193 4263 3376 4321 datum
3397 4264 3461 4320 de
3488 4268 3634 4322 cwlo.

2055 4353 2197 4424 Ergo
2218 4352 2466 4410 Christus
2495 4352 2654 4426 [dat],
2680 4354 2841 4408 homo
2860 4352 3082 4424 accipit.

375 4464 524 4520 illius
547 4466 879 4538 baptismum
914 4471 1112 4526 essein
1140 4488 1247 4542 quo
1288 4481 1372 4529 est
1424 4476 1671 4531 remissio
1712 4487 1958 4547 peccato-

2129 4464 2291 4520 νεεδ.
2320 4464 2412 4530 28,
2434 4464 2526 4520 29.
2555 4493 2621 4504 —
2645 4463 2759 4532 Ipsi
2785 4479 2875 4517 vos
2902 4461 3032 4517 inihi
3072 4464 3426 4520 testimonium
3468 4467 3637 4537 perhi-

378 4569 498 4608 rum
527 4562 584 4610 et
613 4554 849 4626 Spiritus
873 4569 1093 4617 sanctus
1123 4562 1309 4629 datur;
1361 4580 1467 4619 non
1522 4580 1701 4621 meum
1749 4567 1801 4622 in
1848 4583 1956 4637 quo

2059 4554 2205 4613 beris.
2228 4553 2367 4625 quod
2392 4553 2618 4607 dixerim
2638 4566 2659 4606 .'
2681 4552 2795 4623 Ego
2817 4569 2921 4608 non
2937 4569 3054 4607 sum
3083 4551 3360 4622 Christus;
3397 4557 3491 4611 sed
3514 4563 3636 4630 quis

377 4647 755 4702 tantummodo
779 4650 1093 4719 poenitentia
1132 4652 1380 4719 dabatur,
1408 4663 1463 4710 et
1498 4656 1631 4712 ﬁdes
1673 4659 1727 4712 in
1751 4674 1872 4714 eum
1903 4660 1954 4713 in

376 4750 486 4805 quo
515 4735 668 4807 [Ms.,
702 4739 769 4794 de
791 4737 921 4813 quo]
948 4743 1338 4811 querimoniam
1376 4762 1519 4803 nunc
1555 4748 1784 4804 habetis.
1834 4749 1959 4805 Non

374 4832 541 4892 potest
565 4825 719 4882 homo
745 4828 948 4901 aliquid
975 4832 1225 4903 accipere,
1254 4835 1356 4889 nisi
1387 4835 1545 4905 fuerit
1570 4837 1649 4891 illi
1675 4838 1857 4895 datum
1892 4842 1959 4896 de

376 4914 526 4969 caelo.
570 4915 927 4976 Ministerium
970 4922 1151 4992 πωρί
1201 4924 1345 4993 quod
1373 4924 1503 4978 mihi
1528 4925 1712 4981 datum
1760 4927 1860 4983 fuit
1894 4931 1959 4985 de

378 5005 538 5061 coelo.
566 5006 752 5064 Prteco
778 5026 917 5078 sum,
946 5012 1034 5067 ille
1054 5011 1251 5081 judex;
1301 5028 1401 5083 ego
1426 5029 1633 5079 servus,
1660 5017 1750 5072 ille
1777 5018 1958 5073 Domi-

380 5114 511 5164 nus;
546 5100 636 5157 ille
657 5118 905 5174 sponsus,
931 5122 1033 5179 ego
1055 5110 1262 5165 amicus
1291 5109 1496 5178 sponsi.
1552 5107 1715 5162 Illum
1760 5119 1957 5180 oportet

379 5203 632 5255 crescere,
648 5209 728 5247 me
749 5204 922 5250 autem
944 5198 1131 5252 minui.
1156 5199 1448 5254 Veniebam
1475 5198 1550 5254 illi
1582 5192 1721 5253 viam
1744 5214 1955 5271 parare,

381 5292 488 5334 non
508 5295 596 5336 me
621 5284 877 5341 exaltare.
910 5286 1023 5357 Ego
1054 5305 1152 5342 vox
1174 5288 1472 5354 clamantis,
1497 5289 1583 5343 ille
1616 5290 1844 5345 Verbum
1870 5305 1959 5359 pa-

381 5370 504 5426 tris.
561 5372 665 5438 Qui
699 5384 817 5443 post
866 5393 947 5429 me
992 5378 1148 5442 venit,
1180 5389 1300 5433 ante
1345 5396 1425 5434 me
1459 5380 1630 5450 factus
1657 5390 1751 5445 est,
1781 5380 1833 5437 id
1852 5389 1955 5448 est,

381 5458 651 5529 dignitate
672 5464 924 5533 praelatus
949 5473 1033 5518 est
1062 5465 1213 5519 mihi.
1252 5465 1416 5537 Cujus
1441 5485 1534 5539 ego
1575 5485 1678 5524 non
1716 5485 1833 5524 sum
1879 5470 1960 5523 di-

382 5564 519 5618 gnus
542 5553 824 5624 corrigiam
851 5552 1188 5608 calceamenti
1215 5554 1374 5628 [ejus]
1404 5557 1622 5624 solvere,
1637 5559 1692 5614 id
1729 5569 1834 5624 est,
1864 5574 1959 5614 na-

382 5637 616 5697 tivitatis
652 5644 795 5700 illius
811 5646 904 5715 qui
936 5660 1002 5701 ex
1033 5644 1239 5715 virgine
1264 5653 1422 5700 natus
1442 5650 1585 5703 venit
1619 5650 1671 5703 in
1702 5642 1957 5705 mundum

462 5761 489 5793 ι
528 5752 761 5814 Sanctus
788 5758 1114 5829 Augustinus
1146 5755 1245 5810 loc.
1274 5755 1364 5809 cit.
1398 5771 1544 5811 num.
1581 5758 1659 5812 l2.

2059 4646 2248 4698 missus
2288 4660 2406 4697 sum
2449 4653 2570 4701 ante
2615 4643 2784 4699 illum.
2819 4643 2924 4710 Qui
2950 4645 3102 4700 habet
3127 4662 3390 4715 sponsam,
3418 4665 3637 4721 sponsus

2058 4746 2166 4801 est,
2205 4735 2406 4789 amicus
2450 4744 2628 4790 autem
2661 4737 2860 4805 sponsi,
2881 4737 2971 4808 qui
2998 4747 3102 4792 stat
3148 4747 3199 4791 et
3235 4740 3387 4797 audit
3423 4757 3562 4805 euut,
3591 4752 3639 4794 et

2057 4826 2251 4897 gaudio
2271 4825 2464 4898 gaudet
2491 4836 2702 4897 propter
2718 4843 2891 4881 vocem
2910 4828 3109 4898 sponsi.
3124 4827 3241 4884 Non
3259 4830 3362 4885 sibi
3386 4830 3634 4901 gaudium

2059 4919 2193 4974 facit
2215 4919 2283 4974 de
2320 4933 2399 4973 se.
2425 4917 2528 4986 Qui
2552 4920 2668 4974 vult
2696 4918 2930 4989 gaudere
2955 4920 3021 4975 de
3047 4935 3126 4985 se,
3157 4920 3331 4976 tristis
3356 4920 3490 4987 erit;
3514 4946 3517 4951 η
3545 4936 3627 4991 (ιω
3726 4928 3733 4931 “

2060 5021 2242 5067 autem
2278 5010 2345 5066 de
2384 5010 2497 5065 Deo
2523 5009 2639 5065 vult
2676 5009 2931 5079 gaudere,
2962 5024 3179 5079 semper
3204 5008 3488 5080 gaudebit,
3511 5012 3623 5079 quis

2062 5101 2202 5156 Deus
2232 5102 2590 5171 sempiternus
2609 5109 2713 5155 est.
2764 5100 2856 5156 Vis
2910 5100 3085 5173 [ergo]
3138 5101 3339 5156 habere
3383 5102 3639 5173 gaudium

2059 5191 2485 5261 sempiternum?
2514 5191 2718 5246 iubare
2738 5189 2813 5245 illi
2835 5190 2926 5259 qui
2955 5190 3316 5259 sempiternus
3333 5199 3436 5244 est.
3456 5189 3637 5246 Talem

2060 5297 2121 5339 se
2150 5285 2286 5340 dixit
2310 5284 2565 5340 Joannes.
2583 5281 2808 5354 Propter
2826 5300 2998 5339 uocem
3027 5285 3206 5354 sponsi
3223 5284 3417 5357 gaudet
3438 5285 3638 5340 anticus

2059 5374 2257 5446 sponsi,
2284 5374 2382 5438 ait,
2403 5389 2509 5428 non
2537 5382 2759 5443 propter
2781 5388 2968 5428 vocem
2988 5389 3175 5439 sitam;
3209 5386 3261 5429 et
3296 5384 3400 5429 stat
3422 5383 3471 5429 et
3486 5375 3638 5429 audit

2059 5480 2178 5518 eum
2214 5476 2232 5514 :
2280 5465 2326 5519 si
2372 5480 2503 5534 ergo
2530 5464 2709 5529 cadit,
2730 5478 2835 5519 non
2860 5465 3009 5519 audit
3035 5480 3178 5521 eum.
3218 5464 3294 5520 De
3325 5465 3417 5520 illo
3447 5464 3637 5539 [enim]

2061 5555 2327 5626 quondam
2381 5553 2563 5626 [Aug.,
2591 5553 2849 5626 quodam]
2875 5555 2965 5624 qui
3012 5556 3463 5622 cecidit,dictnm
3506 5566 3634 5612 est:

2061 5649 2127 5705 Et
2156 5651 2209 5702 in
2243 5649 2456 5705 veritate
2486 5663 2587 5703 non
2612 5648 2751 5702 stetit
2790 5646 2952 5719 (Iona
3000 5663 3120 5714 vm,
3147 5649 3258 5719 Μ),
3303 5649 3376 5705 De
3423 5648 3634 5705 diabolo

2137 5762 2161 5800 ¹ι
2201 5760 2255 5816 S.
2290 5730 2422 5831 Aug.
2458 5760 2639 5817 Tradt.
2665 5777 2782 5827 XIV,
2807 5778 2935 5819 num
2979 5764 3034 5829 2,
3059 5766 3115 5827 3.
3140 5765 3192 5820 5.
