4020 6186
419 351 521 408 787

1251 351 1310 406 Β.
1352 351 1413 405 F.
1456 350 1675 407 ALBINI
1717 350 1848 406 SEU
1885 347 2155 406 ALCUlNl
2194 346 2475 404 OPERUM
2510 347 2691 405 PARS
2728 349 2789 405 ll.

3569 353 3670 410 788

420 471 619 523 dictum
641 475 742 524 est.
771 468 908 538 Ergo
935 479 1079 524 stare
1109 470 1484 526 debetamicus
1496 471 1984 541 sponsi,etaudire.
2016 483 2060 540 Α
2149 468 2310 542 497
2329 468 2740 523 νεκε.51.-‹ι
2757 467 3154 532 Quidesursum
3169 467 3675 538 uenit,superousnes

421 562 558 626 Quid
583 572 666 615 est
688 561 868 615 stare?
897 559 1222 617 Permanere
1248 562 1298 616 in
1323 564 1498 633 gratia
1521 565 1636 633 ejus
1655 579 1816 633 quam
1840 578 1993 618 acce-

421 651 519 718 pit,
535 659 587 704 et
603 655 789 704 audire
812 649 995 722 [Aug.,
1011 659 1064 706 et
1077 650 1248 724 audit]
1281 667 1467 706 vocem
1485 653 1550 707 ad
1563 668 1724 720 quam
1740 653 1987 723 gaudeat.

423 737 513 794 Sic
538 747 655 793 erat
675 737 929 794 Joannes.
970 739 1237 807 Noverat,
1264 742 1404 795 unde
1427 743 1712 812 gaudebat.
1739 742 1852 796 Non
1889 743 1990 796 sibi

420 829 728 898 nrrogabat,
758 829 898 900 quod
950 831 1062 900 ipse
1099 841 1320 887 noverat
1358 829 1541 903 [Aug.,
1569 834 1711 899 quod
1741 832 1854 902 ipse
1883 846 1989 885 non

418 918 556 992 erat]
588 937 602 972 :
635 919 837 974 sciebat
885 919 1238 973 illuminatum
1288 934 1347 974 se
1367 959 1381 983 ,
1415 935 1518 973 non
1550 920 1987 974 illuminatorcm.

417 1010 552 1066 Erat
579 1012 715 1066 enim
736 1010 910 1065 lumen
931 1028 1130 1076 verum,
1153 1012 1228 1067 ait
1255 1013 1599 1082 evangelista,
1617 1013 1758 1083 quod
1794 1012 1992 1067 illumi-

418 1112 509 1157 nat
557 1119 761 1157 onmem
804 1102 1060 1157 hominem
1115 1105 1397 1157 venientem
1449 1105 1503 1157 in
1550 1105 1687 1158 hunc
1738 1105 1989 1157 mundum

418 1190 677 1258 (Joan.|,
706 1193 782 1266 9).
841 1193 897 1250 Si
959 1211 1087 1266 ergo
1136 1211 1348 1251 omnem
1393 1197 1684 1260 hominem,
1715 1205 1769 1250 et
1814 1197 1986 1264 ipsum

417 1283 705 1352 Joannem,
748 1289 873 1357 quia
898 1297 952 1344 et
989 1289 1102 1358 ipse
1137 1289 1202 1343 de
1233 1289 1539 1344 hominibus
1563 1299 1700 1343 erat.
1734 1289 1990 1358 Sequitur

416 1383 470 1428 et
499 1375 629 1430 diett
654 1375 885 1432 Joannes
913 1392 927 1430 :
959 1377 1075 1432 Hoc
1104 1394 1225 1448 ergo
1250 1378 1501 1448 gaudium
1529 1396 1698 1432 meum
1721 1379 1987 1449 impletum

414 1474 509 1518 est.
545 1463 696 1531 Quod
723 1474 804 1520 est
835 1466 1085 1535 gaudium
1117 1466 1322 1536 ipsius?
1358 1475 1416 1520 ut
1443 1467 1674 1535 gaudeat
1700 1467 1767 1521 ad
1799 1481 1986 1522 vocem

414 1556 616 1626 sponsi.
649 1555 798 1610 Multi
828 1557 970 1612 enim
999 1557 1118 1612 ideo
1157 1557 1284 1613 facti
1335 1568 1459 1613 sunt
1503 1559 1836 1629 insipientes,
1862 1560 1986 1627 quia

415 1647 666 1702 dixerunt
689 1663 746 1702 sc
771 1663 890 1703 esse
920 1649 1224 1718 sapientes;
1255 1665 1391 1720 quos
1417 1650 1593 1721 arguit
1617 1650 1905 1720 Apostolus
1931 1652 1984 1704 in

333 1769 338 1776 -
413 1735 652 1805 Epistola
704 1737 771 1791 ad
809 1737 1080 1793 Romanos
1121 1738 1304 1794 dicens
1347 1757 1360 1792 :
1401 1739 1748 1793 zEstimantes
1783 1757 1838 1794 se
1877 1757 1986 1794 esse

2093 571 2187 624 est,
2212 573 2258 614 et
2271 561 2437 630 quide
2461 569 2600 613 terra
2622 569 2717 623 est,
2744 559 2809 612 de
2837 569 2975 612 terra
2989 556 3236 628 loquitur.
3265 555 3371 622 Qui
3383 557 3448 612 de
3468 574 3677 615 sursum

2092 658 2245 714 venit,
2269 665 2413 719 super
2441 663 2616 702 omnes
2645 657 2739 712 est,
2762 653 2816 701 ιιι
2842 656 2928 702 est
2953 647 3220 702 Christus.
3247 648 3352 714 Qui
3385 657 3560 703 autem
3595 661 3675 705 est

2091 740 2156 794 de
2186 751 2345 804 terra,
2389 750 2528 794 terra
2557 751 2650 806 est,
2678 751 2727 794 et
2763 741 2828 795 de
2867 752 3009 796 terra
3035 741 3284 812 loquitur,
3314 743 3366 797 id
3403 752 3486 798 est
3511 743 3676 800 Joan-

2092 844 2206 883 nes.
2242 849 2260 881 ι
2295 829 2572 896 Quomodo
2594 845 2724 901 ergo
2744 831 2811 885 de
2831 839 2973 884 terra
3003 830 3274 900 loquitur?
3301 832 3490 888 Omnis
3514 833 3674 888 homo

2092 929 2338 976 terrenus
2363 931 2466 986 est,
2489 931 2544 977 et
2569 921 2699 977 dum
2726 929 2941 978 terrena
2963 923 3224 993 loquitur,
3252 927 3320 981 de
3343 935 3483 982 terra
3505 928 3676 999 loqui—

2091 1017 2210 1074 tur;
2241 1009 2332 1078 qui
2363 1024 2490 1065 vero
2519 1010 2852 1068 illuminatus
2891 1021 2976 1068 est
3011 1013 3080 1068 ab
3107 1029 3192 1080 eo,
3230 1017 3322 1086 qui
3365 1027 3448 1072 est
3490 1017 3671 1075 lumen

2091 1115 2300 1166 verum,
2327 1101 2394 1156 de
2415 1101 2612 1157 divinis
2637 1101 2894 1172 loquitur.
2928 1103 3072 1175 Ergo
3099 1121 3340 1160 seorsum
3367 1106 3520 1179 [Hs.,
3552 1125 3676 1164 sur-

2091 1189 2230 1260 sum]
2270 1201 2353 1246 est
2379 1192 2548 1261 gratia
2577 1192 2702 1257 Dei,
2749 1208 2994 1249 seorsum
3023 1204 3214 1250 natura
3251 1196 3506 1252 hominis.
3536 1198 3664 1254 Car-

2091 1279 2226 1333 nalis
2249 1281 2540 1335 carnaliter
2565 1282 2820 1347 aestimat,
2851 1284 3146 1338 carnaliter
3174 1286 3497 1356 suspicatur.
3535 1288 3677 1342 Dum

2087 1371 2235 1424 venit
2271 1372 2440 1441 gratia
2473 1371 2567 1427 Dei
2600 1373 2908 1428 illuminans
2956 1375 3228 1429 hominem
3253 1414 3267 1439 ,
3308 1376 3551 1432 caelestia
3588 1377 3674 1433 lo-

2089 1461 2302 1530 quitur,
2350 1462 2489 1516 sicut
2528 1461 2730 1517 dictum
2763 1471 2845 1517 est
2879 1481 2891 1516 :
2929 1463 3034 1529 Qui
3084 1464 3354 1519 illuminas
3399 1465 3674 1522 lucernam

2088 1566 2275 1614 meam,
2303 1550 2544 1612 Domine.
2585 1551 2728 1605 Deus
2752 1568 2914 1618 meus,
2965 1552 3205 1608 illumina
3254 1554 3491 1608 tenebras
3526 1572 3675 1611 meas

2090 1639 2260 1709 (Psal.
2278 1657 2408 1704 xvu,
2433 1640 2547 1711 29).
2572 1658 2594 1694 ι
2623 1641 2734 1696 Ποε
2763 1651 2868 1707 εει,
2895 1643 3044 1697 illum
3065 1652 3278 1712 oportet
3293 1659 3560 1710 crescere,
3584 1661 3676 1702 me

2089 1738 2265 1784 autem
2288 1731 2474 1786 minui.
2499 1732 2640 1802 Ergo
2667 1731 2920 1797 Joannes,
2948 1733 3090 1802 quod
3112 1733 3178 1787 ad
3205 1731 3466 1789 Joannem
3497 1737 3670 1806 perti-

412 1827 690 1896 sapientes,
715 1826 862 1881 stulti
900 1827 1030 1896 facti
1074 1838 1195 1881 sunt
1234 1826 1405 1900 (Rom.
1435 1845 1474 1894 1,
1507 1828 1618 1900 20).
1662 1829 1803 1900 Ergo
1846 1829 1986 1886 Deus

2091 1828 2200 1884 net,
2231 1820 2299 1874 de
2329 1828 2472 1875 terra
2503 1830 2618 1886 est,
2647 1831 2703 1876 et
2729 1822 2796 1876 de
2829 1833 2974 1876 terra
2999 1822 3275 1892 loquitur:
3307 1825 3354 1879 si
3383 1825 3510 1894 quid
3536 1826 3678 1882 divi-

413 1916 554 1984 quod
583 1916 673 1970 dat
705 1917 906 1987 gratias
932 1917 1230 1987 agentibus,
1258 1917 1380 1971 tulit
1407 1935 1512 1973 non
1544 1919 1846 1989 agentibus.
1880 1919 1986 1976 No-

412 2005 512 2057 luit
533 2020 652 2060 esse
680 2006 782 2060 hoc
805 2005 1073 2072 Joannes;
1112 2015 1296 2077 gratus
1320 2023 1440 2062 esse
1467 2009 1652 2063 voluit.
1699 2009 1988 2067 Confessus

413 2103 496 2148 est
524 2097 796 2166 accepisse
831 2113 909 2164 se,
933 2105 987 2153 et
1012 2098 1248 2168 gaudere
1275 2112 1332 2152 se
1359 2096 1520 2163 dixit,
1545 2107 1768 2168 propter
1795 2114 1983 2154 vocem

412 2187 616 2252 sponsi,
632 2195 686 2240 et
713 2186 788 2240 ait
818 2205 832 2240 :

486 2274 646 2330 Vens.
675 2275 764 2331 50.
801 2307 875 2318 -
913 2277 1028 2331 Hoc
1069 2294 1191 2349 ergo
1228 2279 1479 2349 gaudium
1507 2296 1676 2334 meum
1714 2281 1983 2351 impletum

408 2375 504 2419 est.
548 2365 706 2420 Illum
747 2378 943 2438 oportet
974 2385 1231 2435 crescere,
1271 2387 1351 2424 me
1400 2381 1574 2424 autem
1605 2373 1789 2425 minui.
1845 2371 1981 2438 Quid

408 2457 646 2512 esthoc?
674 2457 822 2511 illum
855 2467 1068 2527 oportet
1093 2459 1338 2523 exaltari,
1367 2475 1453 2516 me
1479 2470 1658 2516 autem
1689 2462 1980 2518 humiliari.

410 2544 656 2616 Magnum
695 2545 795 2600 hoc
829 2557 1226 2602 sacramentum
1253 2557 1335 2602 est
1377 2567 1389 2602 :
1436 2557 1725 2618 antequam
1775 2550 1984 2606 veniret

408 2636 666 2692 Dominus
710 2637 888 2703 Jesus,
915 2640 1159 2694 homines
1196 2639 1564 2709 gloriabantur
1605 2640 1674 2696 de
1702 2656 1760 2696 se
1791 2658 1805 2695 :
1836 2643 1983 2696 venit

407 2730 496 2785 ille
522 2732 702 2796 homo,
719 2741 778 2786 ut
809 2732 1143 2786 minueretur
1168 2731 1309 2786 illius
1336 2731 1490 2804 [Ms.,
1514 2731 1768 2804 hominis]
1791 2732 1977 2802 gloria,

406 2831 463 2876 et
489 2831 780 2893 augeretur
803 2823 972 2892 gloria
1008 2822 1122 2876 Dei.
1157 2823 1368 2878 Etenim
1393 2823 1540 2877 venit
1568 2823 1657 2878 ille
1704 2824 1820 2878 sine
1856 2839 1982 2893 pec-

406 2920 546 2976 cato,
577 2920 631 2968 ct
660 2912 864 2966 invenit
903 2928 1091 2967 omnes
1138 2929 1258 2967 cum
1311 2922 1553 2983 peccato.
1610 2913 1668 2968 Si
1722 2914 1802 2969 sic
1837 2913 1985 2968 venit

404 3001 514 3066 ille,
542 3011 600 3056 ut
627 3003 921 3057 dimitteret
946 3010 1183 3071 peccata,
1207 3003 1348 3058 Deus
1372 3004 1648 3074 largiatur,
1666 3005 1828 3060 homo
1849 3021 1981 3060 con-

403 3095 644 3150 ﬁteatur.
697 3093 908 3148 Etenim
949 3092 1216 3149 confessio
1265 3095 1529 3159 hominis,
1569 3096 1844 3150 humilitas
1884 3096 1982 3149 ho-

2089 1924 2216 1962 num
2264 1924 2295 1963 a
2335 1907 2542 1964 Joanne
2594 1909 2812 1975 audisti,
2855 1910 3208 1968 illuminantis
3242 1920 3347 1978 est,
3382 1928 3490 1968 non
3529 1915 3673 1969 reci-

2089 2000 2305 2070 pientis.

2159 2093 2321 2148 Vens.
2343 2094 2432 2148 52.
2453 2124 2526 2134 -
2553 2094 2658 2161 Qui
2683 2095 2748 2150 de
2771 2094 2898 2150 coelo
2923 2097 3078 2160 venit,
3102 2111 3258 2166 super
3281 2112 3457 2150 omnes
3484 2106 3591 2162 est,
3620 2108 3675 2152 et

2085 2185 2223 2254 quod
2251 2185 2375 2238 vidit
2400 2194 2448 2239 et
2482 2186 2702 2252 audivit,
2732 2187 2830 2241 hoc
2873 2187 3202 2256 testiﬁcatur,
3237 2197 3285 2241 et
3309 2188 3669 2244 testimonium

2085 2276 2198 2345 ejus
2236 2291 2384 2329 nemo
2425 2277 2641 2347 accepit.
2669 2276 2770 2343 Qui
2805 2277 2872 2333 de
2910 2277 3047 2333 cmlo
3078 2279 3254 2343 venit,
3284 2293 3444 2347 super
3479 2293 3675 2334 omnes

2085 2376 2186 2429 est,
2223 2365 2482 2421 Dominus
2510 2377 2694 2422 noster
2711 2367 2867 2423 Jesus
2893 2368 3162 2434 Christus,
3197 2370 3263 2424 de
3283 2385 3391 2438 quo
3413 2371 3669 2440 superius

2085 2455 2289 2510 dictum
2311 2464 2394 2510 est
2418 2473 2432 2509 :
2462 2455 2630 2511 Nemo
2651 2458 2886 2513 ascendit
2912 2460 2967 2513 in
2991 2459 3196 2526 caelum,
3225 2461 3327 2514 nisi
3347 2463 3437 2531 qui
3457 2447 3673 2516 descen-

2085 2545 2161 2599 dit
2182 2547 2245 2599 de
2267 2545 2411 2612 caelo,
2443 2545 2617 2601 Filius
2647 2547 2889 2611 hominis,
2913 2549 3004 2618 qui
3023 2559 3095 2602 est
3119 2551 3172 2602 in
3197 2550 3343 2604 caelo.
3368 2551 3462 2605 Est
3486 2561 3671 2606 autem

2084 2651 2244 2705 super
2269 2652 2480 2702 omnes,
2511 2647 2566 2691 et
2594 2638 2737 2706 quod
2765 2638 2898 2692 vidit
2927 2647 2982 2692 et
3008 2639 3243 2704 audivit,
3277 2641 3378 2694 hoc
3409 2641 3665 2710 loquitur.

2087 2724 2257 2780 Habet
2283 2726 2424 2780 enim
2447 2735 2501 2780 et
2531 2727 2744 2780 Patrem
2775 2727 2889 2796 ipse
2916 2727 3083 2783 Filius
3109 2729 3236 2793 Dei;
3266 2729 3427 2784 habet
3457 2740 3511 2784 et
3550 2746 3666 2784 ma-

2085 2825 2222 2871 trem
2252 2817 2433 2888 |‘.Aug.,
2459 2825 2514 2873 et
2548 2817 2812 2890 Patrem],
2842 2827 2896 2872 et
2925 2818 3128 2873 audivit
3158 2835 3188 2874 a
3220 2819 3402 2874 Patre.
3433 2820 3498 2874 Et
3521 2820 3666 2889 quod

2085 2907 2288 2962 audivit
2311 2923 2340 2961 a
2367 2906 2542 2971 Patre,
2568 2908 2698 2977 quid
2723 2909 2839 2963 est?
2877 2908 3009 2975 Quis
3031 2911 3131 2964 hoc
3153 2910 3417 2979 explicet?
3444 2911 3668 2978 Quando

2083 3000 2260 3069 lingua
2291 3015 2428 3064 mea,
2461 3003 2676 3068 quando
2717 3016 2811 3056 cor
2841 3017 3018 3056 meum
3046 3004 3291 3058 sufﬁcere
3331 3014 3529 3073 potest,
3576 3006 3664 3059 vel

2084 3107 2178 3144 cor
2205 3090 2270 3144 ad
2314 3090 2748 3162 intelligendum,
2788 3093 2869 3146 vel
2911 3093 3092 3165 lingua
3136 3095 3204 3149 ad
3243 3096 3668 3164 proferendum?

406 3184 595 3248 minis;
647 3183 922 3239 miseratio
951 3183 1067 3250 Dei,
1100 3185 1325 3240 altitudo
1368 3186 1485 3241 Dei.
1541 3185 1597 3240 Si
1654 3201 1784 3255 ergo
1834 3171 2051 3240 ι·εηίιο
2085 3183 2222 3247 Quid
2251 3192 2334 3236 est
2371 3185 2513 3251 quod
2561 3183 2728 3238 Filius
2756 3184 2962 3239 audivit
3003 3203 3035 3239 a
3075 3186 3276 3240 Patre?
3304 3185 3463 3240 Forte
3492 3186 3667 3241 Filius

405 3275 496 3333 ille
531 3275 800 3331 dimittere
837 3285 1059 3346 peccata
1089 3276 1270 3349 [Aug.,
1303 3278 1515 3333 homini.
1534 3276 1799 3350 peccata],
1825 3293 1984 3348 agno-

404 3373 523 3422 scat
550 3365 712 3420 homo
742 3366 1096 3421 humilitatem
1127 3383 1297 3430 suam,
1322 3376 1377 3421 et
1409 3367 1556 3422 Deus
1602 3367 1765 3422 faciet
1816 3369 1978 3422 mise-

407 3457 695 3512 ricordiam
736 3474 908 3512 suam.
939 3457 1100 3512 Illum
1148 3469 1346 3530 oportet
1401 3477 1644 3523 crescere,
1679 3477 1760 3515 me
1805 3471 1981 3515 autem

404 3549 572 3604 minui
598 3566 611 3603 :
644 3549 744 3604 hoc
768 3557 874 3614 est,
904 3549 1051 3602 illum
1081 3558 1294 3618 oportet
1320 3549 1468 3614 dare,
1505 3565 1592 3604 me
1620 3559 1801 3606 autem
1841 3551 1982 3606 acci-

405 3657 573 3711 pere;
603 3641 749 3695 illum
775 3650 988 3712 oportet
1014 3641 1323 3712 gloriﬁcari,
1355 3655 1443 3696 me
1481 3651 1665 3696 autem
1707 3643 1975 3698 confiteri.

401 3732 670 3803 lntelligat
707 3734 868 3786 homo
908 3733 1133 3802 gradum
1163 3748 1348 3798 suum,
1397 3743 1451 3789 et
1488 3733 1809 3790 confiteatur
1847 3735 1978 3802 Deo,

401 3833 457 3876 et
492 3823 675 3876 audiat
699 3823 1011 3894 Apostolum
1039 3823 1304 3879 dicentem
1333 3825 1537 3880 homini
1564 3826 1895 3894 superbienti
1925 3837 1979 3884 et

404 3911 547 3967 elato
578 3921 631 3966 ει
654 3913 910 3967 extollere
939 3929 997 3968 se
1027 3915 1224 3968 volenti
1256 3928 1272 3968 :
1309 3913 1450 3980 Quid
1473 3917 1608 3969 enim
1640 3917 1817 3982 habes,
1839 3919 1979 3989 quod

403 4018 507 4057 non
553 4004 834 4073 accepisi?
878 4003 936 4058 Si
990 4014 1162 4058 autem
1226 4007 1492 4076 accepisti,
1535 4007 1663 4076 quid
1700 4007 1977 4078 gloriaris,

400 4095 554 4160 quasi
599 4111 700 4148 non
750 4103 1008 4165 acceperis
1050 4095 1112 4167 (1
1136 4093 1257 4149 Cor.
1287 4113 1360 4160 tv,
1391 4097 1490 4168 7)?
1541 4098 1804 4168 lntelligat
1848 4115 1976 4169 ergo

400 4188 744 4257 homo,-quia
773 4189 999 4256 accepit,
1027 4188 1116 4258 qui
1156 4188 1368 4242 volebat
1408 4204 1564 4243 suum
1608 4190 1786 4245 dicere
1833 4193 1977 4261 quod

403 4293 508 4332 non
543 4285 626 4331 est
653 4275 786 4344 ejus,
812 4284 865 4330 et
895 4279 1185 4331 minuatur.
1226 4276 1434 4331 Bonum
1483 4287 1565 4332 est
1610 4278 1684 4332 illi
1731 4280 1874 4334 enim
1919 4289 1977 4336 ut

402 4368 543 4423 Deus
572 4367 624 4422 in
652 4368 739 4422 illo
765 4367 1123 4438 glorificetur;
1179 4370 1291 4437 ipse
1319 4367 1372 4421 in
1404 4383 1462 4422 se
1487 4367 1780 4436 minuatur,
1814 4377 1873 4424 ut
1920 4372 1973 4425 in

392 4456 513 4512 Deo
541 4468 822 4529 augeatur.
843 4457 967 4513 Hzec
998 4457 1319 4521 testimonia,
1347 4458 1487 4512 hanc
1517 4456 1699 4529 [Aug.,
1728 4469 1784 4516 et
1809 4461 1971 4534 hanc]

401 4549 712 4613 veritatem,
755 4550 916 4604 etiam
969 4549 1310 4618 passionibus
1351 4549 1494 4614 suis,
1536 4549 1972 4621 signiﬁcaverunt

400 4638 650 4692 Christus
669 4647 722 4692 et
741 4636 994 4692 Joannes.
1020 4637 1152 4692 Nam
1187 4636 1419 4693 Joannes
1457 4641 1632 4708 capite
1676 4641 1971 4696 minor-atus

399 4737 502 4794 est,
528 4737 583 4784 et
607 4728 855 4783 Christus
885 4728 938 4782 in
964 4743 1124 4784 cruce
1151 4729 1420 4785 exaltatus
1447 4739 1561 4794 est,
1592 4740 1653 4785 ut
1689 4743 1744 4786 et
1777 4733 1850 4786 ibi
1877 4748 1971 4801 ap-

400 4829 634 4890 pareret,
665 4820 791 4890 quid
817 4829 919 4885 est,
941 4820 1090 4874 illum
1135 4832 1334 4891 oportet
1385 4837 1630 4885 crescere,
1672 4838 1752 4874 me
1795 4832 1968 4875 autem

398 4913 585 4974 minui,
618 4931 637 4963 ι
673 4913 774 4966 hoc
800 4920 904 4975 est,
936 4911 1083 4965 illum
1121 4919 1338 4981 oportet
1373 4911 1624 4974 exaltari,
1658 4925 1744 4964 me
1789 4919 1968 4965 autem

400 5003 693 5056 humiliari.
726 5003 838 5057 Hoc
859 5003 1002 5057 enim
1032 5003 1298 5073 signiﬁcat
1317 5011 1372 5056 et
1393 5002 1507 5072 ipsa
1537 5011 1786 5057 creatura
1813 5003 1965 5058 lucis.

399 5092 530 5147 Nam
554 5091 802 5148 Christus
825 5102 984 5147 natus
1002 5101 1088 5146 est
1112 5093 1301 5147 diebus
1322 5091 1712 5156 crescentibus,
1736 5091 1972 5148 Joannes

399 5197 528 5238 vero
555 5185 1022 5248 decrescentibus;
1067 5192 1126 5237 ut
1147 5183 1525 5238 ostenderetur
1553 5184 1678 5252 quid
1705 5192 1788 5238 est
1814 5183 1969 5240 Chri-

397 5284 534 5341 stus,
555 5277 658 5331 boc
683 5283 767 5330 est
792 5275 969 5329 lumen
996 5289 1215 5338 verum;
1249 5283 1302 5328 et
1325 5273 1456 5343 quid
1481 5281 1565 5328 est
1590 5271 1846 5340 Joannes,
1865 5275 1968 5330 hoc

401 5373 830 5428 estilluminatus
849 5373 916 5426 ab
937 5388 1020 5426 eo.
1046 5373 1366 5428 Crescamus
1394 5370 1537 5444 [nos]
1570 5373 1622 5427 in
1652 5373 1764 5438 illo,
1794 5381 1849 5426 et
1868 5385 1966 5438 per

399 5461 568 5528 illum,
599 5473 658 5518 ut
686 5465 773 5520 ille
812 5474 1021 5521 crescat
1072 5465 1126 5519 in
1169 5465 1344 5530 nobis,
1375 5465 1545 5521 donec
1589 5465 1967 5536 perveniamus

397 5551 465 5604 ad
495 5552 786 5619 perfectum
815 5555 975 5609 diem.
1016 5553 1310 5610 Audiamus
1337 5555 1516 5610 adhuc
1559 5555 1689 5623 quid
1733 5552 1968 5606 Joannes

397 5646 466 5702 dc
490 5641 707 5699 Christo
737 5647 954 5710 dixerit,
978 5645 1062 5698 vel
1087 5645 1213 5712 quid
1239 5647 1304 5700 de
1323 5645 1520 5715 seipso.
1549 5645 1690 5700 Dicit
1716 5641 1893 5697 enim:

465 5771 489 5800 ε·
524 5757 580 5812 S.
620 5755 756 5824 Aug.
788 5755 888 5810 loc.
926 5755 1019 5810 cit.
1050 5770 1196 5809 num.
1228 5755 1280 5819 6,
1311 5755 1362 5819 7,
1400 5753 1452 5808 8.

2083 3273 2320 3328 Verbum
2365 3275 2540 3329 Patris
2572 3276 2817 3330 audivit?
2846 3277 2958 3332 lmo
3003 3275 3173 3331 Filius
3211 3276 3434 3332 Verbum
3477 3277 3662 3331 Patris

2079 3373 2182 3418 est.
2224 3365 2358 3419 Cum
2389 3379 2518 3436 ergo
2555 3367 2790 3422 Verbum
2823 3366 2916 3421 Dei
2944 3367 3112 3422 Filius
3158 3368 3258 3431 sit,
3285 3367 3453 3422 Filius
3477 3373 3660 3422 autem

2080 3455 2293 3510 locutus
2338 3464 2420 3510 est
2455 3456 2640 3520 nobis;
2673 3474 2780 3512 non
2815 3457 3037 3512 verbum
3076 3474 3258 3524 suum,
3303 3459 3400 3514 sed
3428 3459 3666 3512 Verbum

2081 3545 2258 3599 Patris
2283 3562 2340 3600 se
2385 3548 2541 3602 nobis
2569 3549 2716 3618 loqui
2748 3548 2944 3613 voluit,
2974 3549 3065 3619 qui
3106 3550 3343 3605 Verbum
3369 3549 3544 3604 Patris
3580 3549 3663 3605 lo-

2080 3637 2361 3704 quebatur.
2430 3637 2545 3691 lloc
2578 3653 2736 3708 ergo,
2787 3641 3057 3709 quomodo
3097 3640 3278 3695 decuit
3318 3649 3375 3694 et
3402 3641 3660 3710 oportuit,

2079 3727 2212 3780 dixit
2235 3724 2486 3782 Joannes.
2528 3727 2631 3792 Qui
2654 3729 2718 3782 de
2746 3729 2871 3782 coelo
2900 3732 3066 3795 venit,
3101 3747 3258 3802 super
3283 3747 3459 3784 omnes
3485 3739 3589 3791 est,
3615 3740 3663 3784 et

2076 3817 2216 3888 quod
2248 3816 2371 3870 vidit
2397 3827 2444 3871 et
2485 3819 2718 3883 audivit,
2759 3818 2891 3872 illud
2927 3830 3178 3886 testatur,
3222 3829 3271 3874 et
3311 3820 3662 3874 testimonium

2077 3911 2191 3980 ejus
2217 3928 2365 3965 nemo
2398 3912 2614 3982 accepit.
2657 3910 2713 3966 Si
2741 3928 2919 3977 nemo,
2953 3921 3014 3966 ut
3039 3913 3169 3982 quid
3195 3912 3376 3967 venit?
3403 3927 3664 3981 quorum-

2078 4001 2202 4057 dam
2242 4002 2386 4057 enim
2437 4001 2578 4074 [Αι.,
2621 4003 2771 4075 ergo]
2812 4018 2990 4058 nemo.
3036 4004 3133 4058 Est
3168 4001 3386 4073 quidam
3434 4003 3664 4073 populus

2076 4103 2410 4162 prteparatus
2445 4095 2512 4150 ad
2554 4096 2690 4150 iram
2719 4097 2842 4160 Dei,
2870 4096 3207 4151 damnandus
3250 4112 3372 4152 cum
3411 4097 3661 4163 diabolo,

2074 4187 2266 4241 borum
2315 4203 2474 4242 nemo
2522 4189 2728 4258 accepit
2777 4187 2967 4260 [Aug.,
3017 4187 3233 4261 accipit]
3291 4189 3661 4244 testimonium

2075 4275 2299 4331 Christi.
2332 4277 2464 4332 Nam
2495 4279 2542 4333 si
2585 4280 2803 4333 omnino
2831 4295 3018 4347 nemo,
3055 4281 3230 4336 nullus
3281 4281 3473 4347 homo;
3525 4281 3660 4352 quid

2063 4382 2205 4438 ergo
2234 4376 2318 4423 est
2345 4369 2486 4437 quod
2518 4370 2798 4437 sequitur?

2145 4463 2308 4517 Vens.
2341 4464 2430 4517 35.
2458 4493 2529 4502 —
2558 4461 2661 4526 Qui
2694 4464 2890 4532 accepit
2921 4463 3272 4517 testimonium
3303 4462 3440 4532 ejus,
3475 4462 3659 4531 signa-

2075 4555 2166 4618 vit,
2193 4556 2318 4625 quia
2343 4555 2479 4610 Deus
2505 4572 2660 4610 verax
2687 4565 2782 4609 est.
2809 4554 2969 4610 Certe
2987 4569 3116 4624 ergo
3141 4570 3318 4619 nemo,
3345 4555 3438 4609 sed
3461 4562 3517 4607 tu
3537 4553 3654 4622 ipse

2075 4646 2210 4700 dicis
2239 4644 2417 4716 [Aug.,
2451 4662 2556 4699 non
2586 4659 2760 4709 nemo,
2801 4645 2843 4699 si
2875 4654 2929 4698 tu
2961 4645 3076 4714 ipse
3101 4643 3258 4715 dicis]
3287 4659 3301 4697 :
3333 4642 3436 4708 Qui
3458 4642 3659 4712 accepit

2074 4738 2419 4791 testimonium
2451 4754 2592 4807 ejus,
2623 4737 2871 4807 signavit,
2899 4737 3023 4807 quia
3060 4735 3197 4789 Deus
3224 4750 3379 4788 uerax
3402 4743 3499 4788 est.
3544 4732 3653 4786 Re—

2073 4827 2360 4896 sponderet
2384 4842 2511 4897 ergo
2550 4826 2777 4882 fortasse
2800 4827 3161 4897 interrogatus
3187 4825 3453 4884 Joannes.
3487 4834 3547 4878 et
3569 4823 3655 4878 di-

2045 4984 2048 4988 ,
2073 4928 2219 4975 ceret
2247 4920 2420 4984 nobis,
2447 4919 2575 4989 quid
2615 4919 2812 4973 dixerit
2853 4918 3010 4990 [Λεία.
3035 4958 3050 4983 ,
3077 4918 3200 4972 novi
3229 4916 3356 4985 quid
3385 4914 3614 4969 dixerim
3633 4953 3651 4975 ,

2072 5007 2251 5079 nemo]
2287 5023 2445 5062 nemo
2476 5006 2628 5078 [Ms.,
2652 5007 2810 5061 Certe
2830 5021 2960 5076 ergo
2988 5021 3168 5069 nemo,
3197 5004 3241 5058 si
3272 5013 3328 5057 tu
3352 5003 3466 5072 ipse
3491 5001 3653 5065 dicis,

2073 5098 2177 5164 Qui
2217 5100 2432 5170 accepit,
2465 5108 2649 5164 etc...,
2681 5107 2735 5152 et
2777 5099 2980 5153 diceret
3008 5115 3021 5150 :
3053 5097 3186 5151 Novi
3225 5095 3350 5165 quid
3378 5093 3607 5149 dixerim
3633 5109 3650 5144 :

2071 5206 2230 5246 nemo
2263 5199 2344 5244 est
2371 5191 2589 5259 quidam
2620 5189 2888 5260 populus].
2921 5189 3017 5242 Est
3046 5188 3262 5256 quidam
3289 5184 3519 5256 populus
3551 5198 3651 5238 na-

2071 5289 2158 5333 tus
2196 5279 2260 5333 ad
2292 5280 2424 5332 iram
2455 5279 2547 5333 Dei
2579 5318 2595 5344 ,
2634 5288 2687 5333 et
2727 5278 2795 5332 ad
2829 5280 2934 5332 hoc
2976 5277 3356 5347 pnecognitus.
3403 5273 3501 5340 Qui
3542 5273 3653 5327 sint

2068 5370 2212 5424 enim
2241 5369 2497 5423 credituri
2523 5408 2536 5433 ,
2565 5377 2619 5424 et
2643 5375 2735 5438 qui
2775 5385 2882 5424 non
2907 5368 3014 5422 sint
3041 5365 3322 5428 credituri,
3358 5364 3509 5419 novit
3549 5363 3651 5416 Do-

2069 5460 2274 5522 minus;
2319 5457 2408 5525 qui
2439 5456 2546 5511 sint
2578 5458 2976 5527 perseveraturi
3013 5457 3066 5511 in
3113 5473 3179 5512 eo
3215 5455 3358 5526 quod
3406 5452 3650 5509 credidw

2069 5549 2209 5611 rint,
2236 5556 2290 5600 et
2315 5547 2405 5615 qui
2437 5547 2545 5600 sint
2591 5547 2827 5617 lapsuri,
2874 5548 3024 5603 novit
3056 5547 3226 5613 Deus;
3274 5554 3331 5602 et
3378 5541 3649 5599 numerati

2069 5647 2192 5693 sunt
2222 5637 2328 5693 Deo
2358 5652 2543 5694 omnes
2594 5638 2756 5696 futuri
2799 5639 2849 5695 in
2901 5639 3062 5695 vitam
3103 5646 3381 5696 aeternam.
3413 5655 3432 5690 ι
3468 5633 3642 5691 Testi-
