4020 6186
416 325 527 390 m

1218 322 1632 387 EXEGETICA.
1671 363 1741 373 —-
1773 325 2133 393 COMMENT.
2174 330 2242 388 ΙΝ
2278 332 2472 393 JOAN.
2510 367 2576 378 -—
2612 334 2740 392 LIB.
2774 332 2846 391 ll.
3565 339 3666 394 7S20

409 442 651 501 monium
675 441 796 516 eius
839 441 931 514 qui
956 443 1103 499 venit
1124 441 1194 501 de
1225 443 1383 509 emta,
1419 457 1580 499 nemo
1604 443 1849 514 accepit;
1894 443 1985 512 qui
2016 444 2063 505 Δ
2090 452 2226 511 stus,
2248 446 2340 517 qui
2367 448 2479 515 dat,
2499 464 2608 505 non
2631 449 2699 505 ad
2732 462 3041 506 mensuram
3071 450 3285 522 accipit.
3315 449 3343 491 1³
3364 451 3502 506 Audi
3524 454 3664 507 enim

408 541 591 589 autem
621 534 831 603 accepit
860 531 1231 589 testimonium
1254 529 1402 600 eius,
1424 532 1670 603 signavit,
1700 532 1827 603 quia
1849 528 1990 586 Deus

407 641 566 682 teras:
595 634 693 681 est.
720 622 986 697 Signum,
1011 621 1179 689 dixit;
1202 623 1305 680 hoc
1338 632 1452 688 est,
1479 625 1696 695 signum
1718 624 1900 693 posuit
1936 623 1989 678 in

404 717 572 774 corde
596 728 718 783 suo,
755 716 910 786 quasi
938 711 1210 787 singulare
1233 722 1289 770 et
1313 711 1547 785 speciale
1585 712 1813 783 aliquid,
1848 713 1992 768 hunc

403 818 528 865 esse
556 800 730 862 Deum
769 816 990 870 mnam,
1032 802 1124 875 qui
1152 802 1351 862 missus
1388 814 1473 861 est
1512 803 1582 861 ob
1616 801 1846 860 salutem
1892 800 1992 859 hu-

405 897 554 953 mani
592 892 826 967 generis.
863 914 882 947 ι
917 896 1060 963 Quid
1089 904 1176 951 est
1196 936 1211 960 ,
1244 897 1484 967 signauit,
1512 894 1636 966 quia
1662 893 1805 950 Deus
1834 909 1993 949 uerax

407 1000 504 1056 est,
538 987 640 1044 nisi
667 986 793 1058 quia
817 987 997 1044 omnis
1023 989 1185 1043 homo
1225 988 1474 1047 mendax,
1509 987 1650 1042 Deus
1690 994 1871 1041 autem
1894 999 1988 1039 ve-

407 1095 502 1133 ras
532 1078 651 1133 est?
684 1075 821 1144 Quia
852 1089 1010 1131 nemo
1039 1075 1314 1131 hominum
1352 1083 1531 1145 potest
1577 1075 1760 1131 dicere
1784 1115 1800 1139 ,
1848 1074 1993 1145 quod

412 1169 612 1224 veritas
650 1165 835 1239 [Ang.,
887 1167 1132 1223 veritatis
1159 1165 1266 1238 est]
1287 1174 1390 1231 est,
1425 1166 1529 1222 nisi
1560 1165 1897 1222 illuminetur
1922 1165 1990 1221 ab

405 1272 494 1322 eo,
512 1255 604 1323 qui
628 1256 844 1310 mentiri
869 1270 977 1311 non
996 1262 1195 1326 potest.
1220 1256 1369 1311 Deus
1380 1271 1512 1326 ergo
1534 1271 1718 1318 veras,
1743 1255 1993 1312 Christus

407 1355 590 1401 autem
617 1345 778 1400 Deus.
807 1344 905 1400 Vis
929 1344 1195 1413 probare!
1222 1343 1423 1415 Accipe
1454 1345 1823 1400 testimonium
1851 1342 1987 1413 eius,

405 1444 464 1493 et
493 1435 722 1492 invenis.
764 1434 867 1503 Qui
888 1437 1025 1491 enim
1052 1437 1254 1508 accepit
1277 1437 1630 1491 testimonium
1656 1437 1792 1507 ejus,
1819 1438 1993 1508 signa-

409 1527 479 1581 uit
513 1526 640 1597 quia
673 1524 816 1581 Deus
845 1542 1003 1582 uerax
1028 1535 1125 1582 est.
1164 1527 1331 1595 Quis?
1359 1526 1477 1599 Ipse
1504 1527 1596 1597 qui
1625 1526 1693 1583 de
1718 1529 1858 1584 cmlo
1894 1545 1989 1584 ve-

409 1619 493 1673 nit
507 1623 564 1673 et
583 1616 880 1682 descendit,
899 1625 956 1671 et
970 1631 1135 1687 super
1145 1632 1334 1673 omnes
1353 1625 1459 1683 est,
1478 1617 1623 1673 Deus
1642 1633 1803 1673 verax
1826 1629 1929 1673 est.
1966 1637 1985 1669 ι

414 1708 586 1777 Quem
606 1709 755 1765 enim
778 1708 930 1765 misit
950 1709 1114 1776 Deus,
1150 1712 1317 1765 verba
1346 1710 1447 1765 Dei
1465 1710 1737 1782 loquitur;
1765 1712 1879 1782 ipse
1906 1720 1991 1768 est

2092 537 2266 592 adhuc
2286 578 2302 602 ,
2332 538 2477 608 quod
2501 539 2745 608 sequitur
2768 580 2785 607 ,
2813 540 2942 610 quia
2981 539 3048 596 de
3079 540 3219 595 Filio
3253 541 3462 598 dixerat
3493 560 3505 596 :
3545 543 3667 598 Non

2090 626 2227 680 enim
2248 626 2318 681 ad
2337 644 2636 683 mensuram
2657 628 2750 684 dat
2767 628 2910 684 Deus
2932 628 3209 702 Spiritum.

2164 717 2325 773 Vsus.
2355 716 2445 775 '55.
2471 747 2544 759 -—
2571 717 2737 773 Pater
2771 718 2943 791 diligit
2969 718 3212 788 Filium,
3240 730 3293 776 et
3321 724 3497 778 omnia
3522 722 3666 777 dedit

2089 806 2146 863 in
2164 824 2324 864 manu
2341 808 2478 880 ejus.
2505 809 2761 866 Addidit:
2789 810 2854 866 Et
2877 812 3053 866 omnia
3079 812 3219 867 dedit
3240 814 3295 868 in
3322 830 3507 870 manus
3531 815 3665 885 ejus,

2089 908 2151 955 ut
2169 915 2355 956 nosses
2367 909 2423 956 et
2440 902 2524 956 bit
2543 917 2706 971 quam
2718 903 2971 959 distincte
2986 903 3285 976 [Aug.,qua
3300 903 3666 981 distinctione]

2091 989 2297 1046 dictum
2335 996 2420 1045 est
2447 1007 2461 1044 :
2495 989 2659 1045 Pater
2692 991 2863 1061 diligit
2892 990 3115 1046 Filium.
3145 993 3357 1060 Quare?
3390 995 3532 1066 Ergo
3566 995 3673 1051 Pa-

2090 1087 2172 1135 ter
2200 1092 2308 1133 non
2335 1078 2508 1150 diligit
2526 1078 2825 1136 Joannem?
2845 1088 2900 1136 et
2926 1088 3105 1136 tamen
3134 1081 3288 1156 [non]
3316 1085 3494 1138 omnia
3527 1085 3676 1141 dedit

2090 1167 2148 1223 in
2170 1183 2335 1224 manu
2376 1169 2529 1241 ejus;
2562 1169 2724 1225 Pater
2753 1187 2857 1226 non
2907 1170 3080 1243 diligit
3101 1171 3365 1228 Paulum?
3409 1181 3466 1228 et
3494 1180 3672 1230 tamen

2090 1259 2247 1334 [non]
2274 1263 2457 1317 Omnia
2471 1263 2617 1317 dedit
2644 1263 2698 1318 in
2712 1279 2875 1318 manu
2893 1264 3029 1336 ejus.
3065 1264 3226 1319 Pater
3239 1263 3409 1335 diligit
3436 1263 3634 1319 Filium
3654 1285 3671 1321 .-

2088 1352 2185 1407 sed
2214 1354 2484 1422 quomodo
2508 1352 2670 1408 Pater
2695 1352 2931 1421 Filium,
2972 1370 3079 1409 non
3108 1355 3378 1426 quomodo
3416 1354 3677 1411 Dominus

2089 1456 2337 1509 servum;
2361 1444 2629 1512 quomodo
2650 1443 2899 1510 Unicum,
2924 1459 3030 1499 non
3046 1444 3316 1515 quomodo
3336 1447 3669 1518 adoptatum.

2089 1532 2277 1604 Itaque
2315 1533 2493 1588 omnia
2531 1533 2674 1587 dedit
2712 1534 2769 1588 in
2794 1550 2954 1588 manu
2984 1534 3118 1605 ejus.
3164 1533 3304 1601 Quid
3330 1542 3414 1591 est
3458 1536 3675 1590 omnia?

2093 1621 2164 1680 Ut
2190 1631 2373 1681 tantus
2399 1624 2471 1679 sit
2494 1624 2692 1691 Filius,
2721 1635 2955 1697 quantus
2979 1634 3063 1681 est
3089 1625 3269 1681 Pater.
3297 1625 3551 1696 Sequitur
3584 1647 3597 1681 :

2159 1711 2343 1770 CAPUT
2374 1730 2448 1771 tv.
2477 1714 2642 1769 Vens.
2678 1714 2727 1777 l,
2751 1713 2788 1768 2
2807 1754 2823 1779 ,
2853 1713 2906 1768 5.
2936 1745 3009 1755 -
3035 1711 3101 1767 Ut
3119 1731 3240 1785 ergo
3261 1716 3496 1785 cognovit
3516 1713 3672 1769 Iesus

410 1801 556 1858 Dem
589 1814 778 1866 verax,
810 1801 926 1872 ipse
951 1810 1037 1856 est
1057 1802 1220 1867 Deus,
1251 1811 1306 1855 et
1328 1801 1590 1857 Dominus
1621 1812 1806 1858 noster
1832 1802 1989 1859 Jesus
2019 1806 2066 1869 B
2092 1804 2217 1875 quia
2241 1804 2521 1860 audierunt
2547 1804 2828 1869 Pharistri,
2866 1808 2991 1877 quia
3012 1807 3168 1862 Iesus
3193 1807 3367 1878 plures
3389 1808 3671 1879 discipulos

408 1889 680 1956 Christus,
703 1891 770 1948 de
790 1907 898 1962 quo
917 1890 1205 1963 Apostolus
1228 1893 1303 1948 ait
1330 1909 1345 1948 :
1403 1891 1691 1965 Postquam
1719 1895 1850 1949 venit
1881 1893 1990 1965 ple-

408 1980 595 2036 nitudo
614 1982 879 2052 temporis,
900 1982 1042 2036 misit
1079 1981 1222 2038 Deus
1263 1981 1465 2038 Filium
1503 2000 1659 2038 suum
1692 1983 1888 2057 factum
1925 2001 1992 2043 ea:

408 2070 666 2135 muliere,
702 2071 901 2142 factum
938 2072 1036 2128 sub
1078 2071 1188 2145 lege
1209 2071 1351 2146 (Gal.
1384 2089 1459 2139 tv,
1486 2072 1567 2145 li).

484 2161 645 2217 Vens.
669 2161 760 2217 54.
793 2192 867 2202 -
894 2181 914 2215 t
949 2175 976 2205 ι
1001 2162 1166 2230 Quem
1193 2164 1330 2219 enim
1355 2165 1496 2219 misit
1520 2164 1686 2232 Deus,
1715 2165 1868 2220 verba
1893 2165 1993 2219 Dei

407 2252 660 2324 loquitur.
692 2253 805 2310 Hoc
828 2254 1017 2324 utique
1044 2255 1111 2311 de
1130 2255 1350 2310 Christo
1377 2256 1613 2321 dicebat,
1637 2264 1696 2311 ut
1725 2271 1783 2311 se
1810 2255 1992 2310 abillo

409 2342 783 2415 distingueret.
811 2344 953 2412 Quid
994 2345 1179 2406 enim?
1213 2343 1475 2401 Joannem
1515 2360 1694 2401 nonne
1726 2345 1868 2401 Deus
1895 2345 1994 2400 mi-

409 2433 515 2489 sit?
556 2433 641 2490 An
677 2450 784 2490 non
815 2435 930 2505 ipse
958 2436 1094 2493 dixit
1125 2454 1138 2491 :
1172 2436 1370 2491 Missus
1403 2450 1522 2491 sum
1568 2444 1695 2489 ante
1727 2452 1851 2491 eum
1888 2451 1909 2490 :
1942 2445 1992 2490 et

408 2523 503 2591 qui
527 2538 610 2577 me
628 2523 771 2578 misit
784 2525 1054 2594 baptizare
1077 2525 1135 2579 in
1158 2542 1296 2596 aqua
1324 2540 1347 2579 ξ
1368 2533 1425 2579 et
1444 2524 1511 2580 de
1531 2521 1624 2580 iilo
1644 2523 1846 2578 dictum
1869 2531 1953 2577 est
1975 2540 1989 2576 :

413 2609 551 2666 Ecce
571 2626 667 2683 ego
692 2613 839 2666 mitto
868 2612 1121 2683 Angelurn
1151 2629 1322 2668 meum
1343 2623 1465 2668 ante
1491 2623 1561 2679 te,
1594 2623 1649 2668 et
1676 2612 1994 2685 prmparabit

414 2702 552 2757 riam
581 2713 728 2757 tuam
747 2701 1006 2776 (Halat-Ic.
1034 2719 1117 2769 tu,
1148 2703 1222 2777 l).
1259 2704 1450 2760 Nonne
1471 2712 1528 2760 et
1562 2704 1679 2775 ipse
1706 2706 1868 2761 verba
1898 2705 1992 2760 Dei

413 2791 676 2862 loquitur,
714 2793 782 2849 de
807 2808 915 2863 quo
941 2795 1107 2849 etiam
1140 2794 1342 2850 dictum
1366 2804 1452 2850 est
1493 2795 1637 2866 quod
1662 2796 1736 2852 sit
1765 2797 1997 2867 amplius

413 2896 581 2953 quam
623 2884 924 2955 propheta?
972 2884 1034 2941 Si
1072 2899 1204 2958 ergo
1246 2894 1303 2942 et
1342 2887 1515 2956 ipsum
1559 2888 1703 2944 Deus
1730 2888 1899 2955 misit,
1942 2898 1997 2945 et

411 2973 578 3031 verba
622 2975 717 3030 Dei
760 2975 1035 3048 loquitur,
1062 2979 1333 3048 quomodo
1371 2978 1441 3035 ad
1482 2979 1892 3036 dis:inctionem
1929 2981 1997 3036 de

412 3068 634 3125 Christo
669 3084 796 3125 eum
834 3070 1038 3126 dixisse
1065 3070 1373 3142 accepimus
1413 3089 1441 3125 :-
1464 3070 1631 3138 Quem
1666 3074 1805 3127 enim
1851 3073 1993 3127 misit

2089 1897 2218 1972 facit
2240 1914 2399 1969 quam
2424 1897 2675 1962 Joannes,
2702 1909 2752 1952 et
2779 1898 3005 1970 baptth
3031 1911 3049 1951 :
3078 1917 3376 1972 quanquam
3396 1900 3549 1954 Iesus
3571 1916 3672 1954 non

2089 1988 2406 2060 baptizaret,
2445 1988 2536 2042 sed
2569 1987 2814 2061 discipuli
2849 1989 2963 2061 ejus
3003 2006 3022 2045 :
3051 1991 3256 2064 reliquit
3285 1991 3530 2045 Judwam
3572 2000 3675 2044 ter-

2092 2092 2230 2143 ram,
2257 2086 2305 2132 et
2329 2076 2456 2131 abiit
2476 2077 2531 2132 in
2557 2070 2855 2132 Galilazain.
2892 2096 2911 2129 ι
2944 2089 2967 2118 α
2994 2077 3193 2150 Utique
3215 2079 3473 2135 Dominus
3500 2080 3543 2133 si
3568 2079 3675 2133 sci-

2091 2175 2177 2223 ret
2203 2166 2504 2224 Pharismos
2529 2167 2605 2223 ita
2637 2168 2704 2224 de
2724 2183 2785 2224 se
2807 2168 3122 2239 cognovisse
3147 2170 3289 2239 quod
3308 2170 3490 2240 plures
3513 2168 3674 2223 disci-

2091 2258 2249 2329 pulos
2269 2257 2472 2314 faceret
2491 2267 2547 2315 et
2574 2259 2718 2330 quod
2737 2259 2921 2329 plures
2937 2259 3259 2331 baptizaret,
3290 2271 3349 2315 ut
3375 2260 3478 2316 hoc
3503 2259 3586 2316 eis
3607 2261 3676 2315 ad

2093 2348 2322 2406 salutem
2362 2348 2659 2419 pertineret
2711 2347 2907 2419 [Aug.,
2954 2347 3181 2422 valeret]
3222 2348 3480 2419 sequendi
3527 2366 3672 2413 eum,

2093 2444 2154 2490 ut
2172 2448 2226 2490 et
2248 2436 2347 2507 ipsi
2369 2444 2553 2491 essent
2572 2435 2852 2505 discipuli,
2881 2444 2937 2492 et
2970 2436 3071 2507 ipsi
3092 2437 3295 2493 vellent
3318 2437 3385 2493 ab
3413 2452 3479 2493 eo
3502 2437 3676 2510 bapti-

2095 2526 2237 2592 zari;
2279 2526 2450 2596 magis
2494 2541 2600 2580 non
2648 2525 2980 2597 relinqueret
3030 2525 3270 2583 Judzeam
3310 2539 3527 2594 terram,
3579 2532 3672 2587 sed

2094 2625 2313 2687 propter
2335 2615 2457 2671 illos
2480 2623 2725 2672 maneret
2752 2616 2827 2672 ibi
2856 2631 2871 2670 :
2896 2616 3023 2686 quia
3047 2632 3177 2672 vero
3195 2618 3449 2687 cognovit
3485 2633 3674 2674 eorum

2095 2706 2398 2773 scicntiam,
2428 2705 2589 2763 simul
2616 2707 2869 2776 cognovit
2892 2716 2946 2763 et
2975 2706 3322 2763 invidentiam
3341 2749 3356 2774 ,
3401 2709 3527 2779 quia
3569 2725 3674 2766 non

2096 2800 2199 2856 hoc
2221 2808 2507 2871 propterea
2536 2798 2840 2855 didicerunt
2862 2807 2919 2855 ut
2941 2810 3316 2868 sequerentur,
3346 2799 3439 2853 sed
3470 2810 3529 2853 ut
3557 2815 3676 2869 per-

2096 2898 2450 2959 sequerentur
2468 2929 2485 2956 ,
2513 2888 2649 2943 abiit
2672 2887 2814 2944 inde.
2846 2887 3067 2943 Poterat
3086 2889 3303 2959 quidem
3345 2887 3433 2943 ille
3453 2897 3510 2943 et
3533 2904 3673 2959 pra:-

2097 2995 2227 3037 sens
2250 2979 2320 3034 ab
2342 2979 2431 3036 his
2459 2994 2567 3034 non
2612 2979 2804 3046 teneri,
2833 2978 2880 3034 si
2908 2978 3103 3045 nollet;
3133 2995 3237 3034 non
3267 2978 3459 3044 occidi,
3491 2978 3537 3034 si
3565 2978 3676 3033 nol-

2098 3070 2202 3136 let;
2233 3069 2325 3140 qui
2354 3068 2540 3143 [Aug.,
2570 3068 2721 3142 quia]
2746 3069 2957 3139 potuit,
2987 3078 3043 3124 et
3071 3084 3177 3124 non
3205 3068 3382 3134 nasci,
3410 3069 3456 3124 si
3476 3067 3675 3124 nollet:

413 3160 557 3217 Deus
581 3201 596 3226 ,
621 3160 774 3217 verba
806 3160 903 3216 Dei
930 3161 1207 3233 loquitur?
1228 3161 1335 3218 Sed
1358 3163 1502 3230 vide,
1536 3164 1666 3235 quid
1691 3162 1947 3234 adjtmgat
1976 3182 1994 3217 ι
2022 3154 2067 3217 C
2098 3162 2193 3217 sed
2218 3161 2344 3233 quia
2359 3161 2415 3215 in
2450 3160 2599 3215 omni
2626 3176 2686 3217 re
2708 3176 2868 3231 quam
2888 3161 3057 3232 gessit
3081 3167 3140 3214 ut
3167 3160 3346 3224 homo,
3372 3159 3683 3215 hominibus

481 3250 740 3325 498-
769 3252 894 3309 Non
939 3254 1077 3308 enim
1114 3253 1186 3308 ad
1226 3271 1526 3310 mensuram
1567 3255 1658 3309 dat
1706 3255 1845 3310 Deus
1877 3254 1994 3326 Spl-

408 3346 590 3400 ritum.
638 3345 780 3401 Audi
833 3343 1149 3418 Apostolum
1172 3346 1439 3405 dicentem
1468 3366 1483 3403 :
1518 3347 1818 3405 Secundum
1848 3364 1997 3403 men-

407 3451 591 3491 suram
633 3436 932 3493 donationis
975 3437 1173 3495 Christi
1229 3424 1449 3513 (Epltes.
1492 3454 1565 3504 tv,
1610 3436 1689 3509 7).
1751 3435 1996 3495 Homini-

408 3526 515 3583 bus
540 3527 609 3583 ad
644 3542 955 3585 mensuram
994 3528 1104 3595 dat,
1132 3530 1294 3586 unico
1328 3529 1467 3586 Filio
1503 3543 1610 3585 non
1633 3528 1725 3584 dat
1748 3528 1815 3584 ad
1840 3543 1995 3584 men-

408 3633 617 3675 suram.
648 3618 928 3687 Quomodo
962 3618 1270 3675 hominibus
1296 3620 1388 3675 dat
1416 3620 1485 3675 ad
1513 3618 1859 3675 mensuram?
1891 3617 1997 3673 Alii

408 3709 633 3783 quidem
677 3708 839 3765 datur
879 3725 982 3783 per
1013 3709 1275 3782 Spiritum
1324 3726 1506 3767 sermo
1551 3710 1851 3780 sapientiae,
1906 3707 1997 3763 alii

407 3817 597 3860 sermo
620 3802 862 3859 scientia:
882 3802 1179 3858 secundum
1214 3802 1464 3858 eumdem
1499 3801 1795 3872 Spiritum;
1819 3800 1912 3855 alii
1938 3798 1997 3855 li-

410 3897 510 3951 des
549 3894 607 3950 in
635 3895 826 3950 eodem
859 3893 1086 3966 Spiritu,
1120 3893 1212 3950 alii
1256 3895 1565 3965 prophetia,
1597 3893 1688 3947 alii
1732 3891 1998 3962 iudicatio

407 3983 595 4056 (Aug,
627 3982 959 4056 dijudicatio]
1009 3983 1317 4055 spirituum,
1360 3983 1514 4038 alteri
1546 3998 1743 4052 genera
1792 3982 2000 4053 lingua-

407 4092 557 4143 rum,
594 4075 689 4130 alii
730 4076 869 4132 dona
911 4076 1255 4131 curationum
1301 4073 1355 4145 (l
1383 4074 1506 4130 Cor.
1539 4091 1641 4140 xu,
1692 4073 1769 4144 8).
1814 4072 1998 4146 [Aug.,

407 4168 664 4238 Nunquid
711 4183 901 4223 omnes
946 4167 1174 4238 apostoli
1204 4166 1268 4240 Ἰ]
1341 4165 1593 4237 Nunquid
1644 4180 1835 4221 omnes
1875 4179 2001 4235 pro-

406 4259 633 4329 pbetae?
669 4257 921 4328 Nunquid
965 4273 1157 4314 omnes
1185 4257 1479 4313 doctores?
1523 4255 1777 4325 Nunquid
1809 4269 2001 4311 omnes

408 4348 615 4405 habent
653 4347 920 4404 virtutes?
955 4346 1207 4418 Nunquid
1237 4362 1426 4403 omnes
1475 4346 1614 4401 dona
1660 4344 1863 4402 habent
1909 4360 1998 4399 sa-

406 4436 685 4494 nitatum?
713 4436 971 4508 Nunquid
1018 4450 1210 4492 omnes
1245 4435 1442 4508 linguis
1481 4433 1811 4507 loquuntur?
1848 4432 1998 4488 Nun-

402 4527 542 4600 quid
579 4543 770 4585 omnes
819 4495 1285 4600 interpretantur?
1322 4495 1487 4583 Aliud
1529 4495 1692 4584 habet
1717 4526 1827 4590 ille,
1855 4526 2003 4600 aliud
2031 4495 2080 4559 θ

406 4623 547 4688 iste;
596 4629 653 4677 et
687 4622 832 4692 quod
863 4622 1028 4679 habet
1077 4621 1214 4686 iste,
1269 4621 1360 4676 ille
1409 4638 1512 4675 non
1557 4621 1739 4675 habet.
1789 4618 2003 4674 Mensu-

406 4727 469 4766 ra
490 4751 506 4776 ,
556 4711 755 4767 divisio
796 4712 1044 4781 quaedam
1088 4710 1353 4767 donorum
1397 4718 1499 4765 est.
1578 4709 1719 4781 Ergo
1766 4708 2002 4763 homini-

402 4805 510 4859 bus
548 4817 805 4859 meusura
850 4800 1045 4876 [ldem,
1073 4801 1143 4856 ad
1182 4798 1516 4871 mensuram]
1562 4799 1760 4864 datur;
1793 4806 1848 4853 et
1882 4813 2007 4853 eon-

404 4894 591 4952 cordia
643 4893 720 4951 ibi
767 4908 935 4950 unum
986 4905 1182 4962 corpus
1221 4889 1370 4945 facit.
1420 4888 1698 4956 Quomodo
1737 4888 1882 4944 aliud
1915 4904 2005 4944 ac-

404 4986 552 5057 cepit
601 5001 796 5042 manus
842 4993 904 5040 ut
947 4991 1239 5056 Operetur;
1280 4979 1426 5036 aliud
1469 4981 1654 5037 oculos
1695 4988 1755 5036 ut
1787 4980 2005 5047 videat;

406 5074 559 5131 aliud
583 5089 745 5131 aures
772 5083 834 5130 ut
876 5074 1101 5139 audiat;
1150 5069 1296 5127 aliud
1325 5069 1494 5143 pedes
1524 5067 1696 5141 [Idem
1724 5109 1739 5134 ,
1786 5069 2002 5133 oculus,

408 5164 584 5232 auris,
627 5164 749 5241 pes]
769 5174 830 5221 ut
854 5165 1095 5222 ambulet
1125 5180 1144 5221 :
1178 5164 1359 5221 anima
1386 5170 1568 5219 tamen
1592 5176 1699 5215 una
1743 5169 1853 5224 est,
1879 5176 2002 5230 qua:

409 5255 525 5328 agit
545 5256 758 5323 omnia;
784 5256 843 5313 in
873 5272 1057 5323 manu,
1097 5266 1158 5311 ut
1193 5263 1491 5329 operetur;
1534 5252 1588 5308 in
1617 5251 1772 5323 pede,
1802 5261 1865 5308 ut
1890 5268 2006 5307 am-

410 5346 599 5413 bulet;
631 5347 685 5404 in
723 5363 875 5415 aure,
904 5355 964 5403 ut
1005 5346 1228 5415 audiat;
1262 5348 1318 5404 in
1361 5345 1540 5412 oculo,
1589 5352 1648 5400 ut
1671 5344 1854 5400 videat
1881 5358 1899 5398 :
1926 5343 2006 5399 sic

410 5448 542 5498 sunt
561 5441 730 5498 etiam
758 5442 972 5498 diversa
995 5439 1136 5496 dona
1160 5438 1397 5496 fidelium
1415 5480 1428 5502 ,
1460 5446 1718 5509 tanquam
1748 5436 2008 5492 membris

418 5533 486 5588 ad
506 5546 820 5593 mensuram
847 5534 1043 5605 cuique
1083 5533 1360 5605 propriam
1387 5533 1693 5591 distributa.
1725 5529 1833 5588 Sed
1860 5528 2015 5585 Chri-

489 5657 512 5715 f‘
547 5644 606 5715 S.
634 5646 773 5715 Aug.
801 5644 934 5700 lbid.
970 5658 1123 5699 num.
1154 5639 1239 5715 ιιι.

489 5714 517 5755 δ
558 5710 865 5777 1‹1εω,”Ιοο.
896 5715 988 5769 cit.
1019 5727 1167 5769 num.
1200 5710 1259 5765 ll

2096 3253 2152 3308 in
2198 3267 2259 3309 se
2311 3251 2599 3308 credituris
2642 3253 2920 3322 praebebat
2960 3251 3267 3323 exemplum
3314 3250 3463 3324 (quia
3509 3266 3676 3305 unus-

2095 3345 2325 3416 quisque
2345 3359 2537 3400 servus
2561 3344 2655 3399 Dei
2681 3359 2787 3401 non
2811 3352 3019 3416 peccat,
3048 3343 3093 3398 si
3128 3344 3413 3400 secesserit
3436 3342 3489 3397 in
3513 3341 3677 3396 alium

2096 3441 2305 3507 locum,
2334 3440 2525 3497 videns
2564 3439 2801 3495 furorem
2847 3440 3039 3496 fortem
3069 3438 3257 3513 [Auq.,
3299 3437 3461 3509 forte]
3500 3453 3680 3507 persc-

2095 3530 2377 3602 quentium
2435 3546 2497 3587 se
2561 3538 2656 3585 aut
2693 3531 3047 3600 querentium
3091 3530 3142 3585 in
3194 3529 3393 3583 malum
3447 3528 3682 3581 animant

2098 3639 2287 3690 suam;
2316 3624 2594 3679 videretur
2618 3630 2799 3677 autem
2823 3621 2924 3675 sibi
2948 3634 3136 3675 servus
3161 3620 3255 3675 Dei
3281 3634 3508 3690 peccare
3533 3618 3578 3674 si
3606 3617 3683 3674 fa—

2098 3721 2267 3779 ceret,
2295 3713 2399 3768 nisi
2437 3713 2492 3766 in
2520 3710 2764 3766 faciendo
2803 3710 3063 3765 Dominus
3102 3707 3525 3781 prmcessisset),
3555 3706 3684 3765 fecit

2096 3803 2203 3859 hoc
2222 3803 2311 3857 ille
2336 3800 2595 3871 magister
2619 3801 2823 3866 bonus,
2838 3809 2898 3854 ut
2924 3800 3158 3864 doceret,
3200 3815 3304 3855 non
3349 3800 3492 3871 quod
3524 3800 3683 3855 time-

2100 3900 2203 3948 ret.
2250 3891 2521 3961 Fortassis
2567 3890 2731 3946 etiam
2775 3891 2879 3946 hoc
2904 3898 3155 3957 moveat,
3190 3907 3287 3946 cur
3330 3892 3536 3946 dictum
3565 3891 3636 3946 sit
3671 3908 3682 3941 :

2099 3981 2413 4054 Baptizabat
2456 3979 2617 4038 Iesus
2649 3978 2824 4050 plures
2869 3995 3028 4050 quam
3065 3979 3317 4043 Joannes,
3369 3988 3425 4034 et
3475 3988 3686 4048 postea-

2101 4089 2264 4144 quam
2310 4071 2515 4127 dictum
2557 4076 2662 4136 est,
2694 4069 2921 4142 baptizat
2969 4067 3124 4142 [Ms..,
3162 4068 3514 4140 baptizabat],
3557 4056 3687 4123 sub-

2095 4165 2302 4239 jectum
2328 4164 2401 4220 sit
2426 4181 2439 4217 :
2471 4163 2787 4235 Quanquam
2820 4161 2976 4217 Iesus
3008 4178 3112 4215 non
3140 4159 3424 4232 baptisaret
3445 4200 3463 4225 ,
3488 4160 3579 4216 sed
3604 4160 3685 4215 di-

2101 4256 2288 4328 scipuli
2324 4255 2460 4326 ejus.
2491 4253 2631 4322 Quid
2656 4254 2820 4329 ergo?
2848 4253 3063 4309 Falsum
3088 4252 3290 4309 dictum
3329 4259 3464 4316 erat,
3492 4259 3548 4306 et
3563 4266 3684 4325 cor—

2106 4355 2309 4405 rectum
2347 4355 2433 4403 est
2471 4361 2597 4403 cum
2624 4345 2871 4400 additum
2909 4351 3027 4407 est,
3057 4359 3355 4414 quanquam
3398 4341 3553 4396 .lesus
3581 4358 3684 4396 nan

2104 4438 2424 4510 baptizarct,
2454 4436 2542 4492 sed
2580 4434 2823 4506 discipuli
2853 4435 3010 4506 ejus?
3042 4433 3124 4488 Au
3167 4443 3456 4504 utrumque
3498 4446 3684 4486 verum

2108 4537 2208 4593 est,
2241 4528 2366 4598 quia
2409 4525 2570 4583 Jesus
2596 4536 2655 4581 et
2696 4524 3026 4596 baptizabat,
3080 4533 3134 4579 et
3187 4539 3291 4578 non
3334 4522 3691 4593 baptizabat?

2110 4616 2425 4686 Baptizabat
2451 4614 2621 4680 enim,
2646 4614 2772 4684 quia
2807 4622 2865 4668 et
2890 4612 3004 4681 ipse
3028 4613 3349 4677 mundabat;
3384 4627 3488 4666 non
3516 4610 3692 4680 bapti—

2108 4708 2282 4772 zabat,
2311 4708 2439 4777 quia
2480 4720 2590 4761 non
2639 4705 2753 4776 ipse
2801 4704 3065 4774 tingebat.
3099 4704 3414 4759 Praebebunt
3442 4700 3690 4771 discipuli

2110 4799 2471 4856 ministerium
2504 4798 2780 4869 corporis,
2817 4797 3091 4870 praebebat
3115 4796 3203 4852 ille
3224 4795 3550 4865 adiutorium
3576 4811 3692 4851 ma~

2101 4878 2338 4962 jestatis.
2368 4888 2595 4957 Quando
2624 4889 2770 4945 enim
2788 4896 3029 4944 cessaret
3050 4902 3083 4941 a
3102 4886 3444 4958 baptizando,
3463 4884 3555 4956 qui
3580 4900 3688 4943 nan

2110 4989 2345 5038 cessata
2393 4979 2735 5044 mundando,
2782 4978 2849 5033 de
2875 4993 2984 5048 quo
3023 4976 3226 5032 dictum
3265 4985 3349 5031 est
3392 4976 3461 5031 ab
3502 4974 3690 5032 eodem

2110 5070 2316 5128 Joanne
2339 5085 2437 5140 per
2459 5069 2682 5126 Joannis
2730 5069 2985 5140 Baptistae
3029 5083 3318 5140 personam
3367 5065 3693 5140 [dicentis]:

2112 5161 2216 5215 llic
2254 5171 2330 5216 est
2357 5161 2448 5232 qui
2478 5160 2747 5232 baptism?
2782 5160 2926 5231 Ergo
2953 5158 3111 5215 Jesus
3138 5158 3316 5215 adhuc
3348 5158 3703 5229 baptizatum

2108 5266 2389 5322 quousque
2432 5250 2796 5321 baptizantur,
2843 5248 2936 5322 qui
2982 5248 3291 5319 baptizandi
3337 5256 3462 5304 sunt
3510 5248 3695 5322 [Aug.,

2111 5354 2394 5410 quousque
2421 5337 2729 5409 baptizandi
2758 5336 3000 5410 sumus],
3042 5332 3199 5392 Iesus
3231 5338 3487 5415 baptizat.
3530 5338 3698 5395 Secu-

2116 5445 2209 5486 rus
2254 5431 2417 5485 homo
2447 5428 2671 5485 accedat
2704 5429 2772 5485 ad
2819 5428 3129 5484 inferiorem
3158 5429 3487 5497 ministrum,
3537 5427 3701 5484 habet

2117 5523 2263 5580 enim
2291 5521 2622 5593 superiorem
2640 5522 2975 5593 magistrum.
3012 5520 3118 5577 Sed
3140 5519 3279 5578 forte
3310 5521 3452 5579 dicat
3473 5522 3699 5593 aliquis:

2195 5651 2217 5679 ο
2251 5640 2307 5696 S.
2335 5638 2471 5710 Aug.
2505 5637 2689 5695 Tract.
2716 5653 2781 5693 xv
2804 5638 2857 5694 in
2887 5636 3043 5696 loeti.
3071 5654 3225 5697 num.
3249 5638 3309 5707 2,
3338 5640 3400 5708 '5,
3421 5638 3477 5695 ιι.
