4020 6186
417 302 514 360 79!

1285 298 1347 353 B.
1387 295 1455 352 ιτ,
1489 291 1711 350 ALBlNi
1752 287 1881 348 SEU
1921 285 2196 342 ALCUlNl
2235 286 2518 344 ()PEllUM
2555 283 2736 345 PARS
2773 283 2834 337 ll.

3566 275 3664 334 792

418 415 669 490 Daptisat
691 415 908 488 quidem
933 411 1182 471 Christus
1209 410 1264 464 in
1291 409 1504 480 spiritu,
1529 422 1635 462 non
1657 407 1711 462 in
1740 414 1986 490 corpore.
2016 401 2066 478 ρ
2163 397 2711 490 atqno‘rumfrfdpnt
2745 397 2801 450 in
2848 409 2988 458 eum,
3017 392 3246 448 dicentes
3284 404 3301 442 :
3333 387 3466 448 Vere
3485 388 3570 446 hic
3596 400 3669 446 est

423 489 587 577 Quasi
607 521 734 562 vero
753 503 974 560 alterius
993 501 1133 556 dono
1153 515 1314 569 quam
1335 497 1498 562 illius,
1529 495 1809 566 quisquam
1834 489 1998 544 etiam

423 603 762 656 sacramento
787 590 1084 662 corporalis
1107 598 1160 646 et
1185 587 1414 644 visibilis
1433 583 1770 656 baptismatis
1798 578 2000 634 imbua-

423 697 532 742 tur.
563 684 656 740 Vis
679 696 836 738 nosse
862 681 986 750 quia
1027 681 1141 750 ipse
1163 677 1401 748 haptizat
1425 691 1528 730 non
1570 674 1743 729 solum
1784 668 1996 740 spiritu,

423 774 519 831 sed
547 773 708 829 etiam
736 771 911 842 aqua?
945 769 1081 824 Audi
1104 767 1446 838 Apostolum:
1473 763 1620 821 Sicut
1638 760 1894 822 Christus,
1920 756 2001 810 in-

423 861 562 934 quit,
769 861 950 914 dilexit
975 856 1260 912 Ecclesium
1284 872 1454 920 suam,
1479 863 1527 908 et
1538 852 1763 922 seipsum
1784 844 1999 901 tradidit

420 969 517 1024 pro
541 969 624 1017 ea,
655 949 913 1005 mandans
939 963 1052 1002 eam
1075 944 1282 1000 lavacro
1313 961 1462 1016 aqua:
1499 944 1554 996 in
1581 940 1750 1004 verba,
1781 947 1835 990 ut
1858 935 2003 990 exhi-

423 1045 559 1100 beret
589 1043 687 1098 sibi
724 1043 829 1114 ipse
867 1039 1148 1112 gloriosam
1201 1035 1488 1090 Ecclesium
1516 1075 1530 1098 ,
1577 1049 1682 1086 non
1732 1027 2001 1083 habentem

423 1132 687 1188 maculam
715 1141 806 1186 aut
846 1145 1049 1200 rugam,
1075 1137 1164 1181 aut
1197 1125 1398 1196 aliquid
1423 1121 1679 1194 ejusmodi
1707 1117 1922 1190 (Ephcs.
1945 1132 1998 1182 v,

423 1224 538 1298 25).
589 1224 851 1278 Mundans
875 1236 1015 1288 eam,
1054 1218 1228 1274 unde?
1270 1217 1510 1271 Lavacro
1537 1227 1690 1282 aqua:
1730 1210 1784 1264 in
1812 1207 1998 1263 verbo.

425 1297 577 1372 Tolle
604 1329 822 1386 aquam,
865 1327 969 1366 non
997 1319 1080 1365 est
1107 1308 1454 1378 baptismum.
1487 1300 1748 1358 Similiter
1778 1297 2002 1386 verbum

424 1405 469 1460 si
497 1385 702 1466 tuleris,
743 1399 1068 1470 baptismum
1099 1412 1204 1450 non
1243 1394 1303 1450 ﬁt
1340 1392 1490 1465 [Λίδη
1538 1389 1827 1460 baptisma,
1879 1385 2004 1440 tolle

422 1494 648 1549 verbum
669 1531 686 1558 ,
713 1506 819 1546 non
845 1497 931 1546 est
955 1485 1264 1560 baptisma].
1295 1498 1320 1525 α
1368 1504 1386 1537 ι
1419 1480 1597 1550 (ξηαπ-ἱ
1624 1479 1764 1535 enim
1795 1477 1932 1532 solet
1959 1476 2003 1530 si

426 1582 480 1636 in
509 1567 621 1650 hoc
646 1577 912 1648 baptismo
941 1573 1326 1645 discipulorum
1353 1569 1580 1633 Christi,
1609 1564 1842 1638 Spiritus
1879 1579 2003 1618 san-

2169 466 2413 522 Salvator
2447 465 2649 521 mundi.

2172 579 2334 635 Vens.
2364 577 2418 645 5,
2449 578 2502 632 6.
2529 609 2600 617 -
2635 575 2785 637 Venit
2814 574 2972 632 Iesus
2997 576 3051 630 in
3085 576 3350 640 civitatem
3375 571 3634 632 Samaria'
3655 617 3672 640 .

2097 685 2214 740 qum
2237 669 2431 722 dicitur
2457 667 2678 742 Sic/lar,
2700 667 2861 738 juxta
2895 666 3150 738 prtrdinm
3181 665 3322 738 quod
3349 665 3490 720 dedit
3511 665 3678 722 Iacob

2097 759 2294 830 Ioseph
2327 759 2440 830 ﬁlio
2477 775 2594 814 suo.
2645 758 2777 814 Erat
2797 757 2934 812 enim
2971 757 3046 811 ibi
3091 756 3210 826 fons
3253 754 3442 824 Iacob.
3485 755 3680 819 Iesus.

2099 851 2310 921 inquit,
2357 850 2607 922 fatigatus
2649 849 2852 914 itinere,
2899 847 3106 904 sedebat
3142 847 3219 904 sic
3259 863 3416 918 super
3460 847 3679 918 fontem.

2103 941 2276 1011 Super
2311 941 2512 998 fontem
2539 941 2791 998 videlicet
2833 941 3014 1012 putei,
3065 938 3180 1011 [qui
3222 947 3342 1008 erat
3367 940 3422 994 in
3451 939 3681 1010 przedio,

2099 1029 2265 1103 quod]
2308 1039 2528 1088 sanctus
2551 1029 2716 1089 Iacob
2765 1029 2966 1100 Ioseph
3005 1029 3115 1090 lilio
3137 1043 3238 1085 suo
3269 1028 3636 1098 dereliquerat
3667 1047 3682 1082 :

2102 1124 2244 1194 quod
2264 1125 2522 1194 praedium
2552 1139 2658 1180 non
2683 1133 2790 1180 tam
2800 1121 2998 1194 Ioseph
3029 1135 3190 1194 quam
3212 1120 3431 1177 Christo
3447 1121 3686 1176 arbitror

2102 1215 2439 1280 derelictum,
2462 1213 2616 1283 cuius
2637 1213 2862 1284 ﬁguram
2895 1221 3114 1268 sanctus
3147 1209 3345 1282 Ioseph
3373 1211 3688 1282 patriarcha

2102 1309 2356 1382 portavit,
2405 1323 2566 1378 quem
2593 1321 2724 1363 vere
2761 1307 2842 1362 sol
2880 1307 3070 1362 adorat
3107 1313 3162 1360 et
3197 1304 3347 1370 luna,
3395 1313 3452 1359 et
3493 1319 3690 1360 omnes

2105 1397 2273 1454 stella:
2320 1396 2665 1452 benedicunt.
2706 1395 2791 1450 Ad
2819 1396 2921 1452 hoc
2951 1393 3212 1466 praulium
3255 1392 3374 1448 ideo
3403 1393 3552 1449 venit
3573 1394 3692 1450 Do-

2105 1492 2306 1550 minus,
2333 1499 2391 1544 ut
2419 1489 2778 1556 Samaritani,
2810 1489 2906 1560 qui
2930 1489 3296 1544 hmreditatem
3327 1488 3430 1544 sibi
3452 1489 3670 1558 patriar

2105 1583 2224 1638 cha:
2254 1580 2416 1636 Israel
2441 1579 2718 1636 vindicare
2748 1579 3056 1649 cupiebant,
3093 1587 3450 1650 agnoscerent
3473 1593 3696 1648 posses-

426 1678 547 1724 ctus
577 1666 800 1724 daretur
825 1707 841 1732 ,
881 1671 1100 1735 propter
1124 1663 1288 1718 verba
1315 1676 1435 1732 quae
1476 1659 1528 1713 in
1575 1655 1818 1726 sequenti
1849 1652 2007 1724 hujus

2113 1687 2284 1728 sorezn
2307 1687 2480 1735 suum,
2498 1678 2553 1726 et
2575 1677 3020 1726 converterentur
3039 1669 3108 1724 ad
3136 1667 3412 1724 Christum
3435 1669 3530 1740 qui
3553 1669 3692 1738 legi-

425 1755 701 1829 Evangelii
722 1724 840 1812 loco
859 1724 1130 1826 leguntur,
1161 1751 1253 1806 ubi
1280 1724 1476 1804 dicitur
1502 1766 1515 1801 :
1548 1724 1774 1818 Spiritus
1796 1751 2007 1826 sanctus

2113 1763 2274 1817 timus
2288 1759 2614 1832 patriarchae
2633 1760 2808 1816 hteres
2835 1766 2920 1812 est
2947 1757 3138 1813 factus.
3173 1757 3312 1813 Dicit
3325 1724 3690 1830 evangelista:

431 1848 665 1903 nondum
693 1847 867 1917 fuerat
895 1845 1074 1909 datus,
1108 1845 1232 1914 quia
1263 1840 1420 1896 Iesus
1449 1838 1678 1894 nondum
1705 1836 1876 1907 fuerat
1897 1833 2006 1906 glo-

429 1937 670 2008 riﬁcatus
716 1935 898 2010 (Ioan.
939 1952 1038 2000 vn,
1067 1934 1196 2006 59)?
1226 1932 1475 1988 Profecto
1511 1929 1742 1984 dahatur
1773 1926 2012 1998 Spiritus

428 2036 647 2084 sanctus
684 2028 736 2082 in
771 2025 876 2082 hoc
915 2023 1300 2095 discipulorum
1330 2021 1529 2076 Christi
1555 2019 1844 2088 baptismo,
1885 2014 2011 2068 licet

427 2133 536 2174 non
565 2134 628 2174 ea
649 2117 1098 2178 manifestatione,
1127 2129 1229 2185 qua
1257 2122 1377 2184 post
1407 2111 1774 2166 ascensionem
1808 2107 2008 2164 Christi

433 2207 642 2262 decima
665 2207 750 2263 die
769 2207 824 2260 in
845 2205 1016 2278 igneis
1043 2203 1240 2274 linguis
1269 2202 1425 2256 datus
1451 2209 1551 2255 est.
1583 2199 1736 2266 Quod
1763 2197 2008 2268 quaedam

429 2294 682 2363 latenter,
709 2295 954 2368 quaadam
987 2309 1116 2348 vero
1139 2309 1236 2366 per
1263 2290 1527 2346 visibilem
1561 2297 1862 2344 creaturam
1883 2327 1896 2350 ,
1932 2287 2010 2340 vi-

431 2383 660 2440 sibiliter
699 2385 842 2439 Deus
887 2390 1164 2452 operatur,
1211 2381 1444 2452 pertinet
1471 2379 1537 2433 ad
1568 2377 2012 2449 gubernationem

429 2473 752 2546 prudentue,
797 2471 922 2541 quia
960 2484 1150 2525 omnes
1192 2467 1384 2523 divinae
1427 2466 1696 2528 actiones,
1743 2463 2009 2528 locorum,

433 2567 846 2632 temporumque
873 2557 1080 2613 ordinis
1107 2555 1263 2628 [Ms.,
1293 2552 1504 2625 ordine]
1532 2551 1876 2607 distinctione
1898 2549 2012 2620 pul-

433 2652 700 2712 cherrima
741 2659 992 2724 aguntur.
1046 2648 1326 2716 Quomodo
1363 2655 1541 2701 autem
1588 2644 1702 2714 ipse
1756 2641 2014 2698 Dominus

434 2753 620 2799 seenm
647 2740 881 2797 habebat
903 2739 1087 2808 utique
1121 2736 1380 2808 Spiritum
1424 2743 1668 2790 sanctum
1699 2735 1751 2787 in
1777 2733 1894 2802 ipso
1912 2732 2011 2786 ho-

436 2837 582 2894 mine
618 2850 781 2906 quem
807 2833 1048 2906 gerebat,
1101 2831 1314 2901 quando
1354 2835 1414 2884 ut
1459 2829 1825 2900 baptizaretur
1869 2825 2014 2880 venit

437 2931 506 2987 ad
535 2921 826 2988 Iordanem
856 2925 1010 3000 [Ms.,
1057 2922 1323 2995 amnem];
1359 2929 1416 2977 et
1459 2931 1638 2977 tamen
1663 2929 2011 2992 posteaquam

435 3021 748 3094 baptizatus
771 3027 875 3080 est,
898 3014 1226 3071 descendere
1243 3011 1300 3068 in
1319 3029 1440 3069 eum
1471 3013 1524 3067 in
1551 3011 1812 3068 columbae
1833 3008 2014 3079 specie

438 3111 579 3167 idem
606 3107 842 3179 Spiritus
870 3101 1133 3177 [sanctus]
1168 3103 1314 3158 visus
1343 3111 1462 3158 est:
1489 3101 1568 3157 sic
1610 3098 2014 3169 intelligendum

436 3209 542 3266 est,
571 3209 696 3254 ante
726 3195 1070 3251 manifestum
1093 3201 1148 3250 et
1179 3191 1444 3250 visibilem
1465 3193 1754 3246 adventum
1780 3189 2014 3261 Spiritus

440 3289 614 3346 sancti
641 3300 991 3357 quoscunque
1026 3291 1244 3340 sanctos
1281 3297 1404 3337 eum
1431 3281 1660 3336 latenter
1684 3280 1884 3334 habere
1913 3293 2011 3348 po-

439 3379 628 3434 tuisse.
675 3375 753 3432 lta
779 3389 910 3430 sane
937 3376 1040 3429 hoc
1079 3373 1314 3428 diximus
1353 3381 1414 3424 ut
1451 3369 1814 3440 intelligamus
1849 3369 2013 3424 etiam

437 3469 638 3526 visibili
665 3465 1124 3524 demonstratione
1147 3463 1384 3534 Spiritus
1411 3461 1602 3525 sancti,
1633 3461 1724 3532 qui
1753 3461 2017 3516 adventus

437 3559 555 3634 ejus
579 3557 812 3624 dicitur,
861 3553 1118 3612 ineffabili
1158 3553 1242 3610 vel
1274 3553 1440 3610 etiam
1489 3551 1819 3624 incogitabili
1857 3550 2017 3606 modo

436 3651 640 3724 largius
659 3651 714 3706 in
733 3649 1012 3706 hominum
1037 3646 1202 3704 corda
1221 3643 1610 3718 plenitudinem
1627 3643 1744 3716 ejus
1761 3643 2012 3698 infusam.

439 3741 698 3810 Sequitur
723 3757 736 3792 :
771 3738 996 3809 Reliquit
1023 3733 1300 3802 Iudaeam,
1329 3745 1377 3790 et
1414 3735 1543 3790 abiit
1571 3737 1760 3789 iterum
1788 3735 1844 3788 in
1865 3729 1988 3786 Gali
1996 3763 2015 3773 -

440 3829 619 3884 lream.
649 3826 790 3894 Quid
819 3835 922 3892 est,
955 3823 1162 3896 reliquit
1205 3824 1474 3892 Iudwam,
1505 3825 1607 3880 nisi
1647 3823 1866 3894 reliquit
1891 3822 2016 3878 inli-

443 3916 719 3974 delitatem
748 3915 961 3970 illorum
1008 3913 1100 3985 qni
1149 3928 1274 3971 eum
1308 3915 1552 3986 recipere
1592 3913 1912 3978 noluerunt;
1963 3921 2020 3968 et

440 4007 675 4080 lapidem
703 4021 864 4077 quem
893 4006 1162 4063 :edillcare
1188 4006 1505 4070 debuerunt,
1555 4005 2020 4076 reprohaverunt?

440 4101 510 4158 Et
537 4099 672 4156 abiit
715 4113 814 4170 per
835 4097 1104 4169 apostolos
1135 4099 1187 4152 in
1209 4097 1498 4162 Galilaeam,
1529 4096 1589 4152 id
1630 4107 1744 4161 est,
1785 4098 1841 4152 in
1869 4097 2018 4152 volu-

439 4193 702 4248 bilitatem
742 4190 902 4246 istius
943 4189 1161 4254 mundi,
1213 4188 1529 4260 praecipiens
1571 4188 1828 4259 apostolis
1861 4204 1875 4241 :
1914 4187 2016 4253 Ite,

442 4282 620 4336 docete
635 4295 810 4336 omnes
836 4289 1032 4349 gentes,
1060 4277 1380 4350 baptizantes
1405 4293 1491 4333 eos
1515 4281 1571 4333 in
1591 4279 1798 4334 nomine
1813 4275 2016 4346 Patris,

436 4383 486 4430 et
513 4371 662 4439 Filii,
694 4381 744 4427 et
777 4371 1004 4445 Spiritus
1034 4371 1204 4426 sancti
1217 4367 1430 4444 (Matth.
1465 4385 1660 4437 xxvur,
1693 4369 1803 4444 i9).

2107 1850 2262 1906 Iesus
2289 1861 2462 1905 autem
2486 1849 2737 1926 fatigatus
2757 1865 2822 1904 ea:
2843 1849 3046 1914 itinere,
3071 1847 3281 1905 sedebat
3300 1847 3376 1902 sic
3393 1865 3551 1918 super
3569 1847 3697 1918 {on-

2109 1951 2210 1996 tem
2269 1940 2416 2013 [Ms.,
2459 1957 2620 2011 supra
2671 1938 2928 2012 puteum].
2978 1939 3300 2010 Evangelica
3345 1950 3694 1998 sacramenta

2111 2034 2162 2087 in
2199 2033 2411 2088 Domini
2443 2033 2616 2088 nostri
2643 2031 2770 2087 Iesu
2793 2031 2994 2087 Christi
3026 2031 3478 2102 dictis-factisque
3501 2032 3691 2103 signa-

2111 2134 2181 2188 ta,
2228 2140 2332 2178 non
2359 2124 2612 2178 omnibus
2633 2131 2848 2192 patent;
2889 2130 2945 2178 et
2983 2137 3048 2177 ea
3087 2123 3325 2178 nonnulli
3357 2124 3538 2179 minus
3564 2125 3693 2180 dili-

2109 2222 2296 2284 genter
2339 2213 2624 2283 minusque
2654 2213 2834 2268 sobrie
2863 2212 3266 2283 interpretando
3307 2211 3542 2268 afferunt
3575 2215 3692 2284 ple'

2111 2321 2338 2378 rumque
2365 2321 2466 2376 pro
2493 2305 2664 2362 salute
2686 2305 2979 2375 perniciem
3005 2313 3059 2360 et
3092 2319 3190 2375 pro
3216 2306 3522 2376 cognitione
3545 2307 3690 2362 veri-

2111 2397 2238 2453 tatis
2261 2413 2521 2454 errorem.
2548 2398 2690 2452 Inter
2709 2413 2830 2469 qua:
2852 2390 2981 2452 illud
3007 2406 3093 2453 est
3115 2407 3520 2457 sacramentum
3542 2399 3687 2467 quod

2112 2486 2372 2557 scriptum
2406 2495 2492 2542 est
2517 2486 2804 2542 Dominum
2846 2487 2980 2542 hora
3015 2486 3123 2541 diei
3173 2497 3328 2542 sexta
3367 2487 3584 2544 venisse
3619 2488 3688 2544 ad

2111 2584 2332 2646 puteum
2365 2575 2564 2644 Iacob,
2618 2575 2928 2646 fessumque
2965 2578 3036 2632 ab
3083 2577 3280 2635 itinere
3323 2578 3628 2644 resedisse,
3657 2595 3688 2634 a

2116 2664 2341 2720 muliere
2368 2664 2708 2720 Samaritana
2735 2674 2918 2736 potum
2964 2666 3190 2738 petisse,
3222 2677 3280 2724 et
3328 2678 3523 2726 cetera
3569 2683 3692 2740 qua:

2113 2755 2167 2808 in
2195 2755 2382 2809 eodem
2419 2753 2536 2810 loco
2582 2753 2985 2826 Scripturarum
3015 2755 3350 2812 discutienda
3392 2766 3452 2812 et
3474 2765 3688 2827 pertra-

2111 2847 2305 2902 ctanda
2334 2845 2605 2902 dicuntur.
2647 2847 2724 2902 De
2749 2862 2855 2918 qua
2883 2847 3014 2904 reid
3043 2849 3276 2918 primum
3305 2849 3469 2920 500
3508 2859 3690 2906 tenen-

2115 2938 2243 2993 dum
2270 2947 2374 3004 est,
2422 2938 2566 3008 quod
2597 2938 2650 2992 in
2689 2939 2942 2998 omnibus
2981 2939 3280 3010 Scripturis
3319 2956 3534 2999 summa
3558 2942 3692 3013 vigi-

2115 3028 2278 3082 lantia
2304 3029 2577 3084 custodire
2604 3038 2819 3100 oportet
2842 3039 2904 3086 ut
2925 3031 3220 3086 secundum
3243 3030 3404 3090 (idem
3424 3033 3498 3088 sit
3517 3049 3695 3090 sacta-

2115 3121 2282 3178 menti
2307 3121 2474 3176 divini
2513 3121 2801 3192 expositio.
2851 3121 2994 3178 Hora
3029 3123 3194 3195 igitur
3229 3122 3338 3178 diei
3361 3131 3509 3179 sexta
3537 3124 3691 3183 venit

2113 3211 2182 3265 ad
2210 3219 2427 3280 puteum
2458 3210 2717 3266 Dominus
2742 3220 2945 3268 noster.
2981 3211 3149 3270 Video
3183 3213 3238 3268 in
3267 3221 3422 3284 puteo
3441 3215 3689 3269 tenebrae

2114 3317 2226 3355 sam
2248 3299 2690 3370 profunditatem.
2721 3301 3000 3359 Admoneo
3017 3316 3146 3374 ergo
3177 3302 3396 3374 intelligi
3429 3301 3691 3374 [Ms.,,itt«-

2117 3388 2376 3462 telligere]
2413 3391 2596 3446 mundi
2623 3389 2782 3459 iulius
2805 3391 3046 3446 inﬁrmas
3081 3400 3284 3462 partes,
3310 3393 3364 3448 id
3398 3401 3498 3456 est,
3522 3401 3696 3450 terre-

2117 3499 2232 3546 nas,
2263 3498 2370 3556 quo
2401 3483 2548 3538 venit
2576 3483 2854 3540 Dominus
2877 3481 3034 3540 Iesus
3063 3484 3198 3542 hora
3246 3493 3398 3540 sexta
3419 3525 3436 3550 ,
3482 3485 3538 3542 id
3579 3496 3694 3546 est.

2116 3582 2266 3630 sexta
2297 3581 2456 3629 aetate
2479 3573 2694 3644 generis
2715 3573 2974 3639 humani,
3005 3582 3261 3646 tanquam
3299 3583 3580 3632 senectute
3603 3589 3699 3632 vo-

2117 3665 2248 3720 teris
2271 3664 2526 3728 hominis,
2553 3680 2660 3733 quo
2695 3663 2950 3733 juhemur
2973 3665 3116 3728 exui,
3157 3672 3218 3720 ut
3245 3665 3537 3722 induamur
3559 3681 3700 3722 novo

2117 3758 2210 3828 qui
2237 3756 2532 3813 secundum
2548 3756 2715 3810 Deum
2739 3765 2956 3812 creatus
2980 3765 3063 3812 est
3087 3755 3302 3828 (Ephes.
3329 3772 3404 3822 IV,
3426 3756 3540 3830 24).
3563 3757 3698 3812 Nam

2117 3855 2270 3903 sexta
2292 3854 2424 3903 aetas
2442 3854 2690 3926 senectus
2709 3851 2824 3910 est,
2853 3846 3106 3914 quoniam
3133 3847 3310 3916 prima
3335 3855 3422 3904 est
3449 3848 3698 3912 infantia,

2119 3940 2354 3996 secunda
2397 3938 2648 4010 pueritia,
2685 3938 2843 4010 tertia
2869 3935 3257 4005 adolescentia,
3287 3947 3481 4008 quarta
3500 3937 3697 4008 juven-

2123 4037 2232 4095 tus,
2291 4029 2482 4098 quinta
2515 4027 2772 4100 gravitas.
2819 4027 3030 4083 Veteris
3061 4027 3246 4098 itaque
3271 4027 3506 4084 hominis
3549 4027 3700 4092 vita,

2121 4133 2240 4187 quae
2285 4117 2579 4174 secundum
2629 4131 2849 4171 carnem
2901 4116 3182 4186 temporali
3229 4117 3540 4174 conditione
3579 4131 3703 4187 per-

2121 4209 2318 4282 agitur,
2373 4217 2524 4264 sexta
2567 4216 2748 4274 aetate,
2777 4208 2830 4263 id
2875 4216 3296 4280 est,.senectute
3342 4208 3698 4272 cqududitur,

2121 4301 2248 4370 quia
2293 4308 2592 4364 senectute,
2641 4310 2702 4353 ut
2749 4299 2891 4365 dixi,
2937 4299 3156 4356 humani
3203 4300 3418 4371 generis
3443 4300 3703 4358 Dominus

2126 4399 2308 4446 noster
2324 4399 2534 4446 creator
2568 4389 2725 4446 nolis
2747 4397 2802 4444 et
2815 4399 3091 4460 reparator
3101 4389 3342 4454 advenit,
3355 4399 3420 4444 ut
3436 4391 3704 4448 moriente

512 4463 675 4519 Vens.
701 4461 756 4518 4.
787 4440 858 4504 -έ-
879 4461 1160 4534 Oportebat
1184 4440 1322 4518 enim
1343 4479 1460 4518 eum
1473 4463 1698 4519 transire
1716 4440 1810 4534 per
1832 4462 2020 4518 Sama-

2125 4483 2332 4538 scilicet
2365 4490 2550 4538 vetere
2594 4483 2841 4548 homine,
2888 4498 3088 4540 novum
3129 4483 3184 4540 in
3209 4498 3270 4542 se
3315 4483 3702 4550 Constitueret,

439 4555 601 4608 riam.
638 4553 696 4608 ln
729 4551 963 4609 lectione
1001 4565 1130 4608 vero
1161 4551 1457 4624 Evangelii,
1507 4551 1875 4608 inﬁrmitatem
1915 4553 2018 4608 hu-

440 4640 588 4695 mani
636 4641 851 4710 generis
878 4642 1182 4712 suscepisse
1216 4642 1499 4698 Dominnm
1532 4640 1715 4699 Iesum
1743 4643 2019 4700 Christum

439 4727 752 4798 plenissime
785 4729 942 4784 nobis
969 4740 1188 4787 sanctus
1210 4733 1541 4802 evangelista
1563 4733 1888 4790 monstravit
1909 4751 1922 4799 ;
1943 4734 2018 4789 si-

441 4819 661 4890 quidem
700 4833 822 4876 cum
851 4821 1077 4878 dixisset
1096 4823 1308 4880 venisse
1347 4823 1631 4878 Dominum
1663 4823 1716 4878 in
1743 4824 2016 4879 civitatem

379 4966 390 4990 ο
435 4911 720 4977 Samaria,
765 4926 887 4982 qua:
915 4911 1112 4968 dicitur
1147 4912 1361 4978 Sichar,
1399 4911 1554 4982 juxta
1586 4913 1846 4983 prmdium
1873 4914 2013 4982 quod

436 4997 588 5056 dedit
607 4997 776 5056 Iacob
805 4999 915 5056 lilio
938 5015 1036 5058 suo
1063 4999 1280 5072 Ioseph,
1313 5001 1367 5056 in
1393 5015 1500 5071 quo
1522 5001 1726 5070 praedio
1753 5010 1873 5057 erat
1897 5000 2016 5059 fons

435 5089 624 5157 Iacob,
671 5090 880 5148 addidit
916 5108 929 5145 :
965 5089 1141 5155 Iesus,
1192 5091 1386 5163 inquit,
1416 5092 1672 5163 fatigatus
1703 5107 1768 5147 ex
1806 5093 2012 5162 itinere,

431 5179 644 5237 sedebat
665 5181 744 5236 sic
760 5195 923 5252 supra
945 5181 1139 5252 fontem
1163 5177 1308 5254 [δίδη
1337 5195 1496 5254 supra
1531 5182 1788 5258 puteum].

1031 5289 1258 5352 CAPUT
1309 5287 1400 5350 γιι

434 5401 517 5460 Ad
537 5414 748 5476 puteum
767 5401 934 5476 Iacob
957 5406 1164 5463 mulieri
1187 5407 1540 5464 Samaritana:
1563 5407 1806 5466 Christus
1831 5427 1884 5466 se
1905 5427 2016 5466 nta-

507 5473 756 5543 nifestans
789 5475 1018 5547 plurima
1045 5481 1254 5548 mystice
1279 5479 1508 5551 loquitur
1527 5519 1540 5544 ,
1572 5490 1618 5534 ct
1647 5479 1798 5534 multi
1829 5477 2016 5533 Sama-

510 5657 536 5688 ι
571 5644 856 5720 ﬂuensque
878 5649 1228 5720 Augustinus.

2124 4587 2284 4641 quem
2322 4581 2544 4628 exutum
2583 4573 2695 4628 luto
2718 4581 2932 4628 terreno
2969 4575 3022 4628 in
3066 4573 3314 4630 coelestia
3335 4588 3503 4646 regna
3529 4581 3709 4629 trans-

2125 4662 2310 4717 ferret.
2339 4661 2480 4732 Ergo
2501 4678 2643 4718 nunc
2659 4672 2868 4733 puteus,
2899 4673 2958 4718 ut
2982 4662 3190 4720 dictum
3207 4673 3310 4734 est,
3339 4665 3524 4720 mundi
3546 4662 3710 4734 huius

2124 4760 2399 4808 terrenum
2425 4750 2666 4808 laborem
2689 4761 2744 4808 et
2769 4768 3010 4810 errorem
3035 4753 3318 4810 tenebrosa
3338 4753 3706 4831 profunditate

2121 4844 2407 4915 signiﬁcat.
2439 4844 2508 4899 Et
2535 4845 2790 4915 quoniam
2835 4847 3076 4902 exterior
3099 4854 3183 4902 est
3210 4847 3372 4904 homo
3419 4855 3606 4910 vetus,
3646 4854 3706 4901 et

2122 4951 2292 4992 novus
2331 4935 2577 5000 interior,
2609 4934 2816 4992 dictum
2845 4945 2928 4992 est
2955 4937 3023 4993 ab
3049 4935 3348 5008 Apostolo:
3376 4937 3446 4992 Et
3473 4938 3518 4994 si
3549 4946 3703 4993 exte-

2123 5026 2234 5081 rior
2268 5025 2430 5082 homo
2463 5033 2650 5080 noster
2678 5027 3044 5100 corrumpitur
3066 5067 3082 5093 ,
3113 5027 3343 5084 interior
3389 5036 3594 5084 autem.
3619 5042 3704 5082 re-

2120 5125 2348 5174 novatur
2376 5118 2441 5173 de
2491 5117 2578 5176 die
2619 5117 2672 5172 in
2726 5116 2888 5174 diem.
2947 5118 3270 5174 Rectissime
3297 5119 3540 5184 omnino,
3571 5133 3706 5188 quo-

2118 5209 2264 5264 niam
2293 5209 2476 5262 omnia
2501 5208 2732 5264 visibilia
2776 5209 2842 5267 ad
2869 5211 3192 5268 exteriorem
3219 5211 3496 5268 hominem
3539 5209 3704 5281 perti—

2123 5311 2268 5364 nent,
2299 5301 2494 5370 quibus
2540 5300 2848 5358 Christiana
2878 5302 3156 5374 disciplina
3201 5303 3498 5360 renuntiat.
3549 5301 3695 5358 llot‘a

2119 5401 2268 5448 sexta
2300 5393 2446 5448 venit
2474 5391 2732 5448 Dominus
2757 5393 2826 5449 ad
2853 5403 3095 5466 puteum,
3139 5395 3194 5452 id
3216 5401 3322 5460 est,
3377 5394 3556 5452 medio
3591 5392 3699 5458 die,

2119 5481 2260 5537 unde
2277 5481 2387 5551 jam
2419 5480 2607 5550 incipit.
2649 5483 2728 5538 sol
2766 5485 2867 5540 iste
2897 5485 3123 5544 visibilis
3150 5485 3425 5544 declinare
3459 5485 3516 5542 in
3545 5499 3702 5542 occa.-
