4022 6194
261 310 367 371 795

1085 308 1496 381 exessum,
1538 344 1605 350 —
1646 312 2002 397 conuerti.
2043 318 2116 377 nt
2148 318 2340 381 JOAN.
2369 354 2442 367 -.-
2481 324 2610 383 LIB.
2636 327 2714 383 tt.

3428 343 3533 402 794

254 439 378 483 sum
400 438 415 477 :
441 420 699 494 quoniam
728 427 785 476 et
821 419 975 517 nobis
997 423 1206 517 vocatis
1239 438 1268 479 a
1310 423 1527 479 Christo
1569 425 1637 480 ad
1664 425 1844 481 invisi-
1876 434 1917 507 ᾼ
1948 429 2213 503 Spiritum
2252 445 2503 503 sancqu
2531 440 2659 501 dum
2700 442 2969 513 cupiebat.
3020 447 3171 507 lim
3214 454 3363 509 ευίιη
3380 467 3536 517 τοοκ

255 516 444 574 bilium
468 528 728 573 amorem.
764 513 926 567 homo
950 513 1179 569 interior
1205 524 1499 580 recreatus,
1527 516 1595 569 ad
1626 516 1845 573 interio-

255 621 372 662 rem
410 605 585 661 lucem
613 618 734 673 qua:
780 618 1055 673 nunquam
1097 604 1329 670 occidit,
1381 614 1713 671 revertatur;
1761 623 1844 661 se-

253 695 493 753 cundant
524 690 874 765 apostolicam
902 692 1265 767 disciplinam,
1292 711 1399 751 non
1436 710 1686 767 quaerens
1723 712 1842 767 qute

252 787 527 849 videntur,
551 786 648 841 sed
680 802 802 856 quae
831 802 938 842 non
966 787 1234 843 videnlur.
1263 787 1393 855 Qua:
1421 790 1566 845 enim
1592 790 1845 846 videntur

254 877 575 951 temporalia
624 887 769 944 sunt,
805 894 925 950 quae
972 886 1151 935 autem
1188 896 1296 934 non
1343 880 1595 936 videntur
1638 891 1843 938 aeterna

252 979 400 1027 sunt.
440 970 594 1038 Quod
619 979 798 1025 autem
828 969 1088 1043 fatigatus
1115 971 1264 1026 venit
1291 971 1357 1026 ad
1395 979 1617 1043 puteum
1637 1013 1652 1037 ,
1686 972 1840 1027 inﬁr-

252 1064 499 1118 mitatem
528 1063 707 1117 carnis
732 1063 1033 1134 signiﬁcat;
1065 1062 1209 1134 quod
1240 1064 1411 1129 sedit,
1440 1065 1796 1122 humilitatem
1820 1107 1839 1132 ,

253 1153 382 1222 quia
399 1161 456 1207 et
484 1151 906 1209 imbecillitatem
938 1155 1121 1210 carnis
1154 1170 1253 1225 pro
1294 1154 1448 1210 nobis
1487 1157 1742 1225 suscepit,
1786 1165 1843 1211 et

255 1244 423 1300 homo
468 1243 778 1300 hominibus
805 1252 913 1299 tam
953 1244 1230 1301 humiliter
1276 1261 1539 1317 apparere
1589 1247 1843 1317 dignatus

253 1347 357 1395 est.
388 1338 464 1392 De
489 1338 594 1393 hac
620 1337 936 1393 inﬁrmitate
964 1338 1147 1393 carnis
1167 1338 1435 1408 Propheta
1463 1337 1595 1393 dicit
1619 1353 1635 1392 :
1668 1337 1841 1394 Homo

253 1430 309 1485 in
340 1428 497 1500 plaga
518 1427 748 1498 positos,
795 1437 851 1483 et
879 1428 1057 1484 sciens
1089 1429 1230 1484 ferre
1263 1428 1721 1492 imbecillitatem;
1774 1429 1841 1485 de

252 1520 557 1577 humilitate
578 1536 706 1574 Vero
734 1518 1024 1589 Apostolus
1046 1520 1286 1590 loquitur
1310 1519 1498 1575 dicens
1528 1538 1540 1574 :
1570 1520 1842 1577 Humilia-

249 1614 319 1668 vit
339 1630 417 1677 se,
444 1613 615 1684 factus
639 1612 879 1667 subditus
905 1628 1070 1683 usque
1093 1610 1163 1665 ad
1183 1620 1400 1665 mortem
1426 1608 1647 1682 (Philip.
1678 1629 1738 1677 ιι,
1761 1612 1838 1685 8).

250 1703 571 1774 Quanquam
601 1702 733 1759 illud
765 1702 912 1771 quod
948 1703 1119 1767 sedit,
1152 1702 1409 1772 quoniam
1439 1702 1614 1757 solent
1651 1704 1841 1759 sedere

1947 524 2294 597 intelligimus
2321 544 2515 598 aquam
2548 532 2745 596 vivam,
2777 538 2919 605 quod
2942 547 3025 594 est
3053 541 3403 612 deosunnei,
3432 550 3534 606 sie-

1943 623 2005 669 ut
2051 615 2163 687 ipse
2191 619 2268 673 ait
2315 619 2423 676 :Si
2468 623 2631 678 scires
2676 625 2871 683 donum
2920 628 3056 697 Dei;
3106 642 3164 689 et
3199 636 3349 692 sicut
3388 639 3535 699 idm

1941 702 2180 765 Joannes
2227 716 2456 767 testatur
2494 712 2601 768 alio
2640 714 2759 771 loco
2787 718 2973 777 dicens
3003 736 3023 775 :
3049 721 3315 789 Quoniam
3357 730 3530 791 stabas

1940 792 2122 890 desus,
2149 805 2212 890 ἐι
2229 797 2548 890 clamabat:
2579 803 2640 858 Si
2663 807 2781 875 quis
2809 809 2941 874 sitit,
2982 813 3156 877 veniat
3202 813 3294 886 [ad
3331 819 3434 890 me]
3480 831 3531 879 et

1941 885 2105 941 bibat.
2134 887 2239 953 Qui
2263 891 2425 946 credit
2460 894 2516 948 in
2545 912 2648 960 nte,
2676 898 2808 953 sicut
2828 900 2957 955 dicit
2986 885 3279 974 Scriptura,
3307 885 3535 977 ﬂumina

1939 978 2004 1074 de
2033 990 2206 1036 ventre
2229 982 2345 1051 ejus
2372 984 2536 1053 ﬂuent
2557 1004 2709 1057 aqua?
2745 990 2872 1045 vivat
2903 991 3083 1063 (Joan.
3113 1012 3242 1063 vm,
3270 1001 3338 1055 57
3367 1040 3384 1067 ,
3412 1002 3527 1074 '58).

1940 1068 2349 1142 Consequenter
2372 1077 2608 1142 omnino,
2650 1080 2740 1149 qui
2764 1082 2926 1136 credit
2953 1085 3013 1138 in
3033 1102 3134 1151 me,
3180 1088 3376 1157 inquit,
3424 1068 3530 1161 ﬂu-

1940 1162 2083 1216 mina
2109 1162 2174 1217 de
2200 1174 2371 1219 ventre
2391 1166 2505 1235 ejus
2529 1168 2705 1237 ﬂuent
2722 1187 2873 1241 aqum
2899 1173 3045 1240 viva,
3077 1177 3199 1244 quia
3220 1179 3396 1246 primo
3416 1196 3532 1237 ere-

1941 1252 2142 1319 dimus,
2170 1263 2231 1310 ut
2276 1256 2391 1313 lucc
2416 1258 2553 1314 dona
2597 1277 2925 1318 mereamur.
2981 1265 3110 1323 Haec
3133 1284 3263 1340 ergo
3303 1271 3527 1330 ﬁumina

1940 1356 2095 1410 aqua:
2122 1343 2281 1409 vivae,
2308 1362 2430 1417 quat
2452 1346 2529 1402 illi
2558 1350 2768 1405 mulieri
2800 1353 3012 1409 volebat
3032 1356 3183 1425 dum,
3208 1377 3417 1421 merces
3443 1373 3530 1421 est

1942 1431 2064 1487 ﬁdei
2093 1450 2258 1504 quam
2304 1438 2458 1507 prius
2503 1440 2740 1496 sitiebat.
2787 1442 2953 1512 Cujus
2997 1462 3152 1516 aqua:
3195 1452 3333 1506 viva:
3362 1454 3531 1510 inter-

1940 1525 2298 1615 pretationem
2330 1528 2404 1585 ita
2428 1530 2687 1599 su'jicit:
2725 1533 2838 1588 Hoc
2866 1546 3041 1593 autem
3056 1540 3289 1605 dicebat.
3325 1543 3526 1615 inquit,

1940 1614 2005 1668 de
2032 1612 2256 1684 Spiritu,
2284 1635 2436 1688 quem
2465 1626 2727 1693 accepturi
2754 1638 2903 1683 erant
2932 1639 2986 1683 tu
3011 1647 3101 1701 (με
3129 1650 3186 1686 ιη
3209 1652 3331 1691 eum
3358 1612 3527 1693 credi-

1941 1706 2047 1800 turi
2071 1708 2519 1800 eraiu._Nondum
2548 1723 2731 1771 autem
2773 1726 2892 1775 erat
2927 1720 3164 1790 Spiritus
3191 1727 3365 1790 datus,
3396 1732 3526 1800 quia

250 1795 518 1862 doctores,
542 1796 714 1866 possit
741 1795 848 1851 alio
882 1795 1154 1851 intellectu
1186 1810 1294 1850 non
1315 1795 1634 1851 humilitatis
1653 1796 1835 1851 mode—
1871 1779 1913 1839 Β
1938 1791 2095 1850 Jesus
2121 1798 2361 1855 nondum
2386 1799 2562 1865 fuerat
2588 1804 2935 1867 clariﬁcatus.
2967 1779 3089 1869 lico

247 1889 444 1954 stiam,
486 1888 582 1945 sed
641 1888 888 1960 magistri
946 1890 1319 1953 demonstrare
1364 1904 1671 1958 personam.
1727 1888 1843 1944 Sed

245 1986 417 2051 quaeri
444 1987 625 2049 potest
650 1993 819 2049 quare
846 1995 878 2035 a
902 1979 1127 2035 muliere
1154 1978 1516 2045 Samaritana,
1538 1996 1663 2050 quae
1681 1996 1836 2052 aqum

248 2069 534 2140 implendas
560 2071 733 2141 gratia
766 2079 1021 2136 venerat,
1071 2072 1259 2128 bibere
1287 2072 1645 2142 postulaverit
1663 2112 1679 2139 ,
1706 2087 1830 2131 cum

246 2163 363 2232 ipse
386 2171 573 2234 postea
604 2163 868 2233 spiritalis
895 2163 1058 2219 fontis
1077 2163 1404 2231 allluentiam
1429 2179 1500 2220 se.
1526 2166 1837 2235 petentibus

246 2253 383 2309 dare
426 2268 588 2323 posse
630 2254 1042 2323 prtedicaverit?
1064 2253 1170 2311 Sed
1200 2255 1407 2310 scilicet
1444 2256 1665 2312 sitiebat
1692 2255 1834 2311 Deus

246 2349 492 2406 mulieris
520 2350 666 2405 illius
708 2350 888 2415 ﬁdem,
926 2351 1182 2422 quoniam
1224 2350 1567 2405 Samaritana
1595 2358 1747 2415 erat,
1776 2359 1834 2406 et

245 2440 387 2495 solet
416 2441 661 2497 Samaria
693 2442 1010 2497 idololatrize
1055 2441 1343 2513 imaginem
1389 2442 1696 2506 sustinere;
1729 2442 1835 2511 ipsi

246 2533 391 2589 enim
420 2533 653 2603 separati
677 2548 707 2587 a
732 2534 928 2603 populo
951 2532 1290 2596 Judteorum,
1324 2532 1626 2588 simulacris
1657 2540 1833 2589 muto-

245 2640 368 2680 rum
398 2624 811 2689 animalium,-id
838 2633 942 2688 est,
974 2625 1155 2680 vaccis
1175 2624 1355 2679 aureis
1382 2624 1685 2679 animarum
1707 2640 1835 2679 sua-

248 2729 369 2768 rum
417 2714 654 2771 dedecus
677 2715 1016 2771 adduxerant
1055 2714 1212 2786 [Ms.,
1243 2715 1409 2771 decus
1461 2714 1828 2786 addixeram].

246 2805 484 2863 Venerat
526 2815 706 2861 autem
753 2806 911 2862 Jesus
947 2805 1206 2862 Dominus
1248 2813 1437 2861 noster
1466 2813 1525 2860 ut
1589 2806 1831 2877 gentium

241 2898 642 2954 nuiltitudinem
666 2938 681 2959 ,
719 2913 841 2967 qua:
887 2896 1191 2953 simulacris
1232 2896 1515 2961 servierat,
1560 2876 1626 2952 ad
1654 2876 1853 2952 muniﬁ’

244 3000 489 3047 ruentum
530 2990 653 3046 ﬁdei
706 2989 1027 3044 Christiana:
1078 2997 1135 3044 et
1184 2989 1509 3057 incorrupte
1554 2987 1831 3058 religionis

244 3081 556 3136 adduceret.
591 3079 712 3134 Non
735 3080 873 3134 enim
896 3088 989 3141 est,
1016 3079 1210 3148 inquit,
1233 3078 1377 3133 sanis
1416 3094 1546 3149 Opus
1570 3078 1822 3142 medicus,

240 3172 338 3226 sed
374 3169 513 3225 male
550 3168 879 3224 habentibus.
924 3169 1068 3240 Ergo
1112 3184 1302 3225 eorum
1329 3168 1488 3225 ﬁdem
1532 3169 1679 3235 sitit,
1728 3182 1829 3239 pro

242 3265 445 3337 quibus
470 3263 789 3332 sanguinem
815 3262 977 3318 fudit.

316 3357 480 3412 Vens.
514 3355 566 3409 7.
596 3385 669 3395 ——
696 3354 846 3409 Dixit
874 3370 995 3424 ergo
1020 3353 1090 3407 ad
1114 3370 1230 3407 eam
1251 3352 1410 3407 Iesus
1438 3367 1459 3405 :
1489 3352 1706 3419 Mulier,
1756 3354 1833 3407 da

243 3448 375 3502 mihi
395 3448 582 3502 bibere.
611 3447 678 3501 Et
704 3454 764 3501 ut
791 3445 1009 3500 noveris
1035 3445 1165 3515 quid
1199 3445 1420 3500 sitiebat
1447 3444 1704 3501 Dominus
1727 3460 1829 3500 no-

241 3550 359 3597 ster
404 3548 525 3612 post
550 3538 825 3609 paululum
869 3538 1092 3593 veniunt
1123 3537 1368 3607 discipuli
1409 3535 1553 3606 ejus,
1598 3538 1688 3608 qui
1711 3552 1832 3608 per-

244 3638 502 3685 rexerant
526 3645 579 3684 in
602 3629 898 3692 civitatem,
923 3636 981 3683 ut
1001 3627 1153 3683 cibos
1171 3636 1437 3691 emerent,
1462 3636 1517 3683 et
1538 3627 1725 3683 dicunt
1741 3628 1823 3683 ei:

242 3718 433 3788 Rabiri,
474 3722 754 3776 manduca.
786 3720 888 3776 Ille
909 3729 1083 3775 autem
1102 3721 1236 3775 dixit
1255 3721 1340 3807 ‘eis
1362 3732 1382 3771 :
1410 3718 1523 3789 Ego
1553 3719 1716 3773 aliam
1739 3719 1829 3774 Ita-

240 3813 336 3869 ιω
365 3830 534 3869 escam
555 3814 893 3875 manducare,
922 3828 1078 3881 quam
1099 3827 1185 3864 vos
1225 3812 1452 3864 nescitis.
1491 3810 1681 3862 Dicunt
1707 3826 1829 3879 ergo

239 3903 488 3974 discipuli
513 3904 625 3974 ejus
656 3904 724 3956 ad
745 3902 1054 3956 alterutrum
1081 3913 1099 3952 :
1143 3899 1399 3969 Nunquid
1439 3899 1630 3968 aliquis
1651 3898 1831 3953 attulit

240 4000 290 4052 ei
317 3994 675 4051 manducare?
694 3993 835 4045 Dicit
864 3993 938 4045 eis
964 3988 1118 4045 Iesus
1147 4003 1166 4041 :
1195 3990 1345 4044 Meus
1376 3990 1522 4043 cibus
1545 3998 1639 4051 est,
1665 3997 1725 4041 ut
1745 3987 1829 4057 fa-

241 4090 380 4144 ciant
408 4083 726 4140 voluntatem
765 4082 880 4151 ejus
920 4081 1010 4150 qui
1038 4098 1120 4135 me
1166 4081 1328 4143 misit,
1375 4089 1421 4133 et
1459 4089 1515 4133 ut
1557 4078 1826 4148 perficiam

241 4193 374 4248 opus
398 4173 533 4244 ejus.
564 4170 815 4241 Nunquid
850 4170 939 4226 hic
966 4169 1284 4239 intelligitur
1316 4169 1422 4225 alia
1451 4169 1700 4225 voluntas
1723 4168 1829 4223 Pa-

245 4266 348 4321 tris
387 4263 478 4334 qui
517 4278 641 4319 eum
671 4261 836 4326 misit,
863 4269 919 4316 et
939 4275 1074 4329 opus
1094 4261 1212 4330 ejus
1239 4260 1381 4328 quod
1405 4258 1666 4328 perﬁcere
1688 4258 1828 4315 velle

246 4354 524 4425 respondit
557 4394 573 4419 ,
616 4353 718 4408 nisi
761 4361 819 4406 ut
845 4367 944 4407 nos
992 4352 1058 4406 ad
1085 4350 1243 4406 ﬁdem
1268 4366 1422 4405 suam
1445 4366 1476 4404 a
1518 4350 1825 4420 pernicioso

245 4448 431 4503 mundi
460 4461 647 4502 errore
690 4444 1077 4501 converteret?
1124 4442 1310 4509 Qualis
1352 4452 1438 4498 est
1484 4457 1616 4512 ergo
1669 4442 1829 4500 cibus

243 4537 383 4607 ejus,
428 4539 552 4593 talis
577 4545 632 4592 et
656 4545 834 4607 potus.
879 4535 1220 4605 Quapropter
1238 4536 1341 4590 hoc
1367 4535 1421 4589 in
1461 4535 1550 4590 illa
1597 4536 1825 4592 muliere

244 4630 483 4695 sitiebat,
512 4640 575 4685 ut
605 4630 808 4685 laceret
827 4629 882 4683 in
907 4642 972 4683 ea
1002 4627 1333 4683 voluntatem
1360 4627 1556 4691 Patris,
1588 4636 1642 4683 et
1661 4627 1822 4698 perii.

240 4729 394 4777 ceret
435 4735 571 4790 opus
597 4718 731 4788 ejus.
766 4719 871 4775 Sed
919 4719 1009 4773 illa
1044 4718 1340 4773 carnaliter
1388 4719 1693 4790 intelligens
1739 4736 1827 4776 τοτ-

242 4812 460 4882 spondit
491 4828 504 4864 :
537 4810 720 4883 (Vens.
753 4810 831 4882 9.)
865 4809 943 4864 Tu
958 4826 1078 4864 cum
1101 4809 1175 4864 sis
1211 4808 1455 4875 Judteus,
1502 4811 1761 4880 quomodo
1789 4830 1825 4866 α

244 4919 331 4957 me
351 4902 520 4957 bibere
557 4902 727 4972 poscis
744 4940 760 4965 ,
791 4918 909 4956 cum
939 4903 1040 4957 sint
1067 4900 1260 4955 mulier
1286 4899 1626 4955 Samaritana
1643 4903 1670 4954 ?
1701 4901 1825 4958 Non

242 4993 383 5047 enini
402 5000 684 5047 mittuntur
711 4991 888 5046 Iudici
918 4991 1291 5049 Samnritanis.
1324 4992 1421 5048 Cui
1448 4992 1706 5049 Dominus
1731 5010 1828 5050 no-

242 5094 360 5140 ster
395 5084 524 5139 dixit
564 5100 578 5138 τ

319 5176 482 5231 Vsus.
516 5174 602 5229 10.
632 5204 703 5216 -—
727 5174 787 5229 Si
824 5177 984 5231 scires
1012 5177 1208 5231 donum
1234 5174 1332 5229 Dei
1360 5215 1376 5240 ,
1421 5184 1469 5229 et
1496 5175 1612 5246 quis
1636 5183 1712 5228 est
1737 5174 1828 5245 qui

244 5267 376 5322 dicit
398 5267 522 5332 tibi,
545 5265 629 5321 Da
657 5267 786 5321 mihi
816 5266 1004 5331 bibere,
1035 5278 1094 5321 tu
1123 5268 1293 5339 magis
1317 5268 1532 5338 petisses
1560 5266 1627 5321 ab
1655 5283 1737 5331 eo,
1767 5278 1827 5322 ut

242 5357 471 5411 dedisset
493 5356 585 5410 tibi
608 5372 803 5427 aquam
832 5355 1017 5409 vitiant.
1055 5356 1127 5412 Ut
1162 5357 1289 5412 hinc
1306 5357 1357 5413 ei
1383 5357 1692 5412 ostenderet
1715 5372 1824 5412 non

241 5461 304 5503 se
333 5447 493 5501 tnlrm
523 5446 678 5518 501
704 5461 900 5517 aquam
923 5446 1139 5515 petisse,
1166 5447 1379 5517 qualem
1409 5449 1524 5519 ipse
1549 5446 1824 5504 intellexe-

242 5544 367 5601 rat;
399 5537 492 5591 sed
514 5537 646 5606 quia
680 5537 792 5607 ipse
814 5536 1032 5592 sitiebat
1066 5535 1224 5593 ﬁdem
1251 5536 1386 5605 ejus,
1418 5539 1591 5594 eidem
1621 5539 1823 5595 sitienti

318 5724 343 5751 ⁸
397 5711 527 5769 Vide
582 5724 826 5772 sanctum
882 5715 1222 5771 Ambrosium
1280 5715 1329 5768 in
1387 5713 1514 5767 Luc.
1576 5731 1691 5785 cap.
1765 5716 1822 5771 lli

1940 1882 2177 1954 Spiritus
2203 1898 2427 1946 sanctus
2447 1901 2554 1958 est,
2584 1897 2727 1964 quod
2753 1908 2876 1966 post
2903 1915 3055 1961 suam
3079 1882 3528 1969 clariﬁcatioueus

1936 1974 2085 2031 dedit
2106 1977 2383 2045 Ecclesiae,
2412 1981 2552 2041 sicut
2576 1984 2680 2039 alia
2712 1985 2989 2065 Scriptura
3017 1993 3145 2049 dicit
3178 2013 3191 2048 :
3229 1996 3526 2059 Ascendet”

1935 2067 1989 2120 in
2022 2067 2188 2122 altum
2214 2073 2474 2141 captivam
2499 2074 2653 2131 duxit
2679 2081 3054 2151 captivitatem,
3082 2086 3227 2142 dedit
3254 2089 3394 2147 dona
3423 2092 3521 2146 Ito~

1933 2162 2160 2218 minibus
2188 2162 2404 2235 (Ephes.
2436 2183 2510 2233 tv,
2534 2168 2613 2240 8).
2644 2170 2752 2229 Sed
2781 2174 2958 2231 adhuc
2990 2177 3080 2231 illa
3110 2180 3304 2234 mulier
3334 2198 3526 2239 carita-

1933 2250 2057 2307 liter
2083 2255 2241 2325 sapit.
2275 2255 2367 2313 Sic
2400 2259 2546 2315 enim
2594 2266 2863 2332 respondit
2898 2281 2915 2320 :
2946 2266 3133 2338 (Vens.
3166 2270 3253 2333 il,
3285 2273 3521 2342 l2)-Do-.

1932 2343 2091 2408 mine,
2121 2359 2286 2416 neque
2325 2345 2683 2405 ltauritorium
2729 2352 2912 2421 babes,
2956 2366 3004 2411 et
3045 2368 3230 2427 puteus
3257 2360 3397 2417 altus
3424 2374 3500 2418 est

1935 2430 2086 2524 Unde
2132 2435 2460 2524 nti/ti_ltabes
2507 2440 2635 2496 dare
2690 2461 2881 2514 aquam
2920 2449 3133 2504 vivant?
3184 2452 3438 2524 Nunquid
3465 2466 3523 2513 tu

1931 2522 2108 2591 major
2152 2540 2207 2579 es
2254 2522 2419 2582 Patre
2466 2540 2642 2587 nostra
2687 2532 2877 2599 Jacob,
2918 2539 3009 2605 qui
3036 2538 3179 2593 dedit
3207 2522 3354 2597 nobis
3380 2545 3524 2603 linito

1930 2623 2169 2682 puteum,
2191 2626 2240 2669 et
2262 2617 2371 2686 ipse
2391 2636 2457 2673 ea:
2477 2637 2537 2675 eo
2562 2621 2711 2687 bibit,
2736 2634 2784 2677 et
2807 2625 2909 2694 ﬁlii
2931 2627 3073 2695 ejus,
3091 2638 3140 2685 et
3162 2648 3350 2701 pecora
3370 2635 3526 2703 ejus!

1932 2703 2086 2759 Nunc
2138 2721 2266 2763 vero
2311 2706 2427 2777 jam
2487 2710 2745 2767 Dominus
2799 2716 3020 2783 exponit
3064 2718 3196 2785 quid
3257 2721 3458 2779 dixerit
3505 2739 3521 2781 :

1932 2794 2117 2864 (Vnus.
2153 2799 2245 2863 i5,
2268 2799 2355 2871 14)
2384 2800 2591 2869 Omnis,
2620 2805 2811 2875 inquit,
2831 2809 2922 2878 qui
2948 2809 3132 2865 biberit
3156 2812 3222 2866 de
3237 2831 3374 2883 aqua
3395 2817 3525 2883 ista,

1930 2886 2069 2940 sitiet
2093 2887 2305 2948 iterum.
2339 2892 2445 2957 Qui
2466 2905 2645 2951 autem
2671 2897 2735 2953 de
2763 2915 2924 2969 aqua,
2947 2917 3106 2969 quam
3137 2901 3519 2976 [ego1dedero,

1931 2976 2135 3045 biberit,
2166 2996 2271 3035 non
2287 2983 2426 3037 sitiet
2451 2984 2507 3037 in
2526 2989 2917 3057 sempiternum.
2947 2988 3050 3046 Sed
3076 3008 3215 3063 aqua
3242 2993 3337 3049 illa
3358 3012 3522 3066 quam

1930 3066 2142 3134 dedero,
2172 3070 2261 3139 [iet
2289 3072 2344 3125 in
2384 3090 2445 3129 eo
2480 3074 2598 3144 fons
2644 3094 2796 3148 aqua
2823 3079 3059 3137 salientis
3096 3083 3151 3138 in
3180 3085 3339 3141 vitam
3362 3098 3520 3144 arter-

1935 3174 2077 3217 nam.
2128 3158 2234 3216 Sed
2282 3163 2460 3219 adhuc
2496 3166 2690 3222 mulier
2722 3170 3063 3238 prudentiam
3103 3175 3283 3231 carnis
3319 3179 3522 3248 ample.

1930 3249 2114 3304 etitur.
2147 3251 2286 3317 Quid
2311 3254 2457 3308 enim
2477 3257 2787 3327 respondit?
2813 3258 3001 3330 (Vens.
3024 3261 3109 3326 15,
3142 3262 3251 3335 16.)
3274 3264 3520 3337 Bantius,

1929 3340 2000 3394 da
2046 3342 2175 3409 mihi
2203 3342 2339 3399 hanc
2366 3362 2580 3416 aquam,
2606 3356 2664 3401 ut
2703 3365 2867 3421 neque
2892 3352 3092 3418 sitiam,
3126 3369 3289 3425 neque
3312 3357 3519 3413 veniant

1928 3428 2029 3484 huc
2055 3430 2288 3486 haurire.
2318 3432 2457 3487 Dicit
2486 3435 2534 3489 ei
2561 3434 2717 3490 Jesus
2747 3451 2766 3489 :
2807 3437 2970 3505 Vade,
3003 3456 3130 3494 voca
3152 3442 3320 3496 virum
3343 3451 3518 3510 buunt,

1928 3529 1975 3572 et
2004 3520 2119 3575 veni
2144 3521 2265 3577 huc.
2316 3521 2449 3576 Cum
2483 3524 2650 3579 sciret
2680 3542 2800 3581 eam
2828 3528 3006 3583 virum
3031 3544 3137 3584 non
3167 3532 3386 3594 habere,
3416 3548 3518 3589 cur

1928 3609 2031 3664 hoc
2061 3610 2279 3676 dixerit,
2310 3613 2601 3680 quaeritur;
2635 3628 2870 3682 namque
2900 3630 3025 3671 cum
3049 3616 3243 3674 mulier
3275 3619 3474 3677 dixerit
3499 3640 3515 3677 :

1930 3697 2056 3753 Non
2084 3699 2249 3755 habeo
2277 3701 2468 3766 virum,

1998 3810 2160 3866 Vens.
2194 3811 2279 3868 18.
2302 3840 2373 3852 -—
2390 3811 2533 3867 Dicit
2560 3812 2606 3867 ei
2620 3812 2777 3869 Iesus
2795 3831 2814 3869 :
2840 3814 2983 3871 Bene
3001 3817 3186 3874 elisisti
3204 3837 3309 3877 non
3327 3822 3519 3880 habere

1928 3911 1978 3956 te
2014 3903 2204 3958 virum.
2235 3902 2476 3974 Quinque
2494 3905 2632 3958 enim
2654 3906 2791 3959 viros
2812 3906 3063 3973 habuisti,
3093 3920 3140 3962 et
3168 3928 3305 3966 nunc
3324 3953 3338 3976 ,
3363 3931 3516 3984 quem

1926 3993 2226 4059 habes,non
2253 4004 2331 4048 est
2354 4004 2478 4049 tuus
2504 3996 2607 4050 vir.
2633 3994 2750 4049 Hoc
2764 4013 2882 4051 vere
2908 3996 3057 4069 [λίβη
3084 4003 3285 4072 rerum]
3311 4005 3515 4061 dixisti.

1929 4082 2035 4145 Sed
2060 4099 2168 4140 non
2195 4087 2459 4141 sunthaec
2485 4086 2776 4144 carnaliter
2801 4088 3133 4159 accipienda,
3167 4107 3234 4147 ne
3264 4093 3395 4149 huic
3416 4095 3517 4165 ipsi

1926 4174 2104 4230 adhuc
2118 4175 2331 4232 mulieri
2349 4175 2707 4233 Samaritanus
2732 4179 2938 4235 similes
2950 4196 3071 4236 esse
3083 4182 3368 4238 videamur
3384 4202 3398 4237 :
3425 4186 3520 4243 sed

1926 4267 1992 4322 de
2020 4267 2111 4323 illo
2138 4268 2280 4325 dono
2300 4268 2397 4325 Dei
2422 4269 2467 4325 si
2494 4270 2700 4340 aliquid
2717 4272 2830 4341 jam
2854 4273 3221 4343 guﬁavimus,
3258 4275 3523 4345 spiritali.

1926 4370 2011 4416 ter
2032 4360 2138 4417 ista
2187 4369 2500 4417 tractemus.
2536 4372 2563 4403 ι
2598 4362 2850 4433 Quinque
2876 4364 3053 4430 viros,
3084 4367 3325 4436 quinque
3350 4367 3523 4422 libros

1848 4470 1901 4533 υ
1926 4452 2017 4521 qui
2046 4467 2146 4521 per
2174 4452 2390 4524 Moysen
2428 4454 2723 4509 ministrati
2742 4462 2895 4519 «sunt,
2925 4457 3167 4513 nonnulli
3219 4460 3514 4529 accipiunt.

1924 4542 2079 4609 Quod
2120 4550 2301 4599 autem
2337 4543 2540 4599 dictum
2568 4552 2654 4599 est
2681 4561 2694 4597 :
2724 4543 2794 4598 Et
2823 4561 2965 4599 nunc
2984 4561 3137 4616 quem
3185 4548 3363 4614 habes,
3411 4566 3519 4613 non

1923 4642 1999 4690 est
2028 4643 2149 4687 tuus
2163 4633 2259 4697 vir,
2275 4634 2412 4691 dese
2439 4635 2555 4704 ipso
2572 4634 2861 4691 Dominum
2884 4636 3087 4694 dixisse
3111 4638 3437 4712 intelligunt,
3455 4652 3518 4699 nt

1924 4725 2029 4784 iste
2056 4725 2127 4780 sit
2155 4739 2348 4781 sensus
2378 4745 2391 4781 :
2426 4727 2609 4783 Primo
2636 4728 2891 4798 quinque.
2930 4728 3087 4786 ﬁbris
3133 4731 3324 4803 Moysi,
3352 4738 3511 4804 quasi

1925 4816 2163 4885 quinque
2188 4815 2319 4873 viris
2354 4818 2601 4883 servisti;
2630 4834 2776 4875 nunc
2801 4827 2983 4876 autem
3014 4822 3107 4878 hic
3129 4838 3291 4892 quem
3310 4825 3510 4892 babes,

1928 4907 1982 4965 id
2009 4914 2111 4973 est,
2143 4923 2306 4977 quem
2342 4907 2514 4973 audis,
2544 4922 2651 4963 non
2695 4916 2782 4964 est
2809 4918 2936 4966 tuus
2966 4910 3072 4976 vis,
3100 4913 3229 4981 quia
3274 4915 3514 4971 nondum

1928 4998 1981 5052 in
2032 5014 2153 5054 eum
2202 4998 2507 5054 credidisti.
2541 4997 2647 5053 Sed
2695 5002 2954 5068 quoniam
2998 5004 3237 5057 nondum
3284 5005 3517 5063 credens

1927 5089 2172 5153 Christo,
2224 5090 2401 5145 adhuc
2455 5090 2640 5161 utique
2694 5090 2910 5147 illorum
2955 5093 3193 5164 quinque
3242 5094 3504 5160 virorum,

1929 5180 1983 5235 id
2008 5189 2113 5243 est,
2142 5181 2381 5249 quinque
2407 5180 2667 5235 librorum
2688 5181 3031 5250 copulatione
3066 5186 3384 5249 tenebatur;
3412 5199 3508 5255 μου

1929 5277 2034 5325 test
2068 5284 2286 5325 movere
2334 5271 2603 5339 quomodo
2632 5270 2738 5326 dici
2780 5272 3037 5341 potuerit,
3088 5275 3314 5345 quinque
3363 5273 3504 5330 viros

1926 5358 2174 5422 habuisti,
2227 5358 2382 5431 quasi
2422 5374 2567 5415 nunc
2612 5373 2709 5415 eos
2755 5360 2868 5429 jam
2922 5375 3028 5414 non
3074 5361 3333 5426 haberet,
3385 5379 3507 5419 cum

1927 5450 2103 5505 adhuc
2154 5450 2340 5521 utiqu
2389 5450 2521 5518 ipsis
2570 5448 2784 5505 subdita
2834 5450 3077 5506 viveret?
3126 5452 3329 5511 Deinde
3383 5471 3505 5514 cum

1928 5541 2163 5613 quinque
2189 5542 2312 5599 iihri
2354 5541 2533 5612 Moysi
2550 5541 2685 5599 nihil
2706 5542 2850 5599 aliud
2876 5558 3039 5612 quam
3066 5544 3339 5603 Chiistum
3368 5562 3507 5618 prie,

1862 5728 1913 5772 et
1954 5719 2041 5774 ‘20.
