4020 6186
270 353 374 409 797

1098 356 1509 414 EXEGETICA.
1547 390 1618 404 --
1655 361 2012 422 COMMENT.
2053 365 2121 421 IN
2157 366 2349 423 JOAN.
2386 397 2458 411 -—
2488 369 2614 426 LIB.
2655 369 2714 426 ll.

3426 375 3530 433 798

344 471 506 525 Vsus.
538 469 623 524 l9.
647 499 719 508 —
759 468 893 522 Dicit
926 469 972 522 ei
1005 468 1192 557 mulier
1226 485 1244 524 :
1290 469 1534 536 Domine,
1581 482 1638 526 ut
1676 474 1842 537 video,
1876 478 1920 534 Α
1951 491 2075 531 reus
2101 486 2394 544 estmons;
2442 481 2726 550 oportebat
2769 490 2892 535 eum
2943 481 3156 536 adorari
3204 482 3258 538 ln
3305 488 3527 557 templo,

266 559 397 631 quia
421 558 671 629 propheta
707 574 764 612 es
799 567 876 610 tu.
907 576 925 609 ι
971 569 998 598 ι
1039 556 1214 628 Carpit
1241 559 1428 614 venire
1458 560 1559 624 vir,
1590 562 1684 616 sed
1719 578 1848 617 non-

271 653 401 708 dum
427 650 582 722 plene
605 649 770 704 venit.
801 648 1124 720 Prophetam
1150 651 1429 704 Dominum
1450 653 1694 720 putabat.
1723 653 1851 707 Erat

269 744 490 815 quidem
527 749 584 796 et
619 741 920 811 propheta;
969 756 1093 794 nam
1130 740 1196 795 de
1230 754 1288 796 se
1313 740 1428 809 ipso
1472 741 1585 794 ait:
1628 741 1750 796 Non
1775 751 1851 796 est

269 832 520 905 propheta
540 831 652 885 sine
678 829 893 894 honore,
923 830 1025 884 nisi
1047 833 1102 883 in
1125 830 1299 901 patria
1329 847 1427 884 sua
1449 829 1601 902 (Luc.
1630 845 1707 894 tv,
1732 831 1844 902 2i).

269 926 402 982 Item
434 927 501 980 de
525 925 616 980 illo
647 925 849 979 dictum
897 933 982 980 est
1026 924 1094 978 ad
1121 924 1376 994 Moysen:
1419 923 1735 994 Prophetam
1775 925 1848 976 eis

267 1014 529 1070 suscitabo
553 1014 620 1068 de
647 1013 900 1084 fratribus
933 1030 1111 1067 eorum
1136 1013 1357 1067 similem
1377 1015 1454 1067 tui
1483 1013 1661 1083 (Deut.
1689 1005 1850 1073 xvm.

268 1105 393 1176 {8);
420 1105 649 1160 similem
678 1104 886 1159 scilicet
911 1105 979 1158 ad
1004 1103 1232 1158 formam
1265 1105 1466 1160 curuis.
1491 1120 1597 1158 non
1618 1105 1686 1158 ad
1711 1105 1848 1159 emi--

265 1196 508 1251 nentiam
547 1191 862 1262 maiestatis.
911 1192 1055 1262 Ergo
1083 1193 1385 1248 invenimus
1431 1193 1713 1248 Dominum
1753 1194 1846 1248 Je-

267 1300 388 1340 snm
414 1284 615 1340 dictum
643 1283 982 1354 prophetam.
1030 1283 1260 1339 Proinde
1295 1285 1407 1355 iam
1456 1301 1563 1339 non
1615 1285 1844 1340 multum

264 1382 415 1431 errat
441 1374 635 1429 mulier
661 1373 789 1438 ista,
821 1371 1006 1438 Video,
1037 1373 1230 1442 inquit,
1257 1375 1381 1444 quia
1412 1373 1662 1444 propheta
1686 1390 1739 1427 es
1765 1382 1842 1427 tu.

265 1465 457 1536 Incipit
477 1465 654 1518 virum
685 1463 987 1518 adulterum
1027 1463 1332 1527 excludere,
1370 1478 1492 1517 cum
1520 1463 1635 1516 ait:
1683 1461 1844 1517 Video

263 1556 388 1628 quia
408 1554 654 1626 propheta
676 1570 764 1618 es;
791 1561 844 1607 et
873 1553 1062 1623 incipit
1093 1567 1336 1622 qnzerere
1363 1552 1507 1621 quod
1533 1551 1678 1606 illam
1707 1551 1845 1606 sole-

264 1647 358 1704 bat
384 1659 620 1700 movere.
649 1643 934 1700 Contentio
957 1643 1154 1712 quippe
1179 1641 1357 1697 fuerat
1380 1643 1521 1696 inter
1542 1641 1842 1697 Samarita-

265 1751 367 1791 nos
398 1744 453 1790 et
478 1733 714 1798 Judzeos,
754 1733 878 1802 quia
918 1731 1086 1787 Judaei
1127 1733 1180 1786 in
1233 1733 1430 1802 templo
1477 1747 1508 1786 a
1555 1732 1842 1787 Salomone

1949 567 2074 636 quia
2099 584 2414 638 corporeum
2456 578 2539 625 est
2569 570 2847 640 templum.
2880 570 3108 641 Spiritus
3148 583 3225 627 est
3269 574 3433 641 Deus,
3473 588 3529 633 et

1946 672 2053 720 eos,
2078 657 2168 728 qui
2199 657 2421 713 adorant
2444 677 2581 722 eum,
2612 661 2664 714 in
2692 660 2875 730 spiritu
2897 670 3094 730 oportet
3123 661 3366 717 adorare.
3405 665 3518 722 Nos

1946 745 2230 798 adoramus
2266 747 2407 816 quod
2453 748 2666 813 scimus,
2717 765 2804 802 vos
2834 748 3068 803 adoratis
3114 751 3256 820 quod
3297 756 3524 822 nescitis,

1946 836 2070 905 quia
2115 835 2258 890 salus
2295 853 2360 890 ea:
2383 837 2590 892 Iudaeis
2628 849 2723 892 est.
2773 839 2802 878 δ
2842 837 3065 892 Multum
3108 840 3257 896 dedit
3295 841 3523 909 Iuda-is;

1948 923 2041 976 sed
2075 923 2181 976 noli
2213 924 2347 978 istos
2379 927 2638 993 reprobos
2662 929 2924 996 accipere.
2956 929 3225 985 Parietem
3259 932 3407 987 illum
3440 950 3528 990 ac-

1944 1011 2082 1080 cipe,
2117 1012 2202 1065 cui
2231 1011 2515 1080 adjunctus
2543 1022 2626 1067 est
2659 1015 2814 1078 alius,
2842 1024 2902 1068 ut
2928 1017 3102 1084 pacati
3149 1017 3202 1071 in
3227 1018 3402 1088 lapide
3429 1038 3526 1077 an-

1946 1104 2138 1174 gulari,
2167 1105 2257 1173 qui
2296 1113 2379 1159 est
2422 1105 2695 1170 Christus,
2746 1108 3145 1175 copularentur.
3199 1111 3349 1167 Unus
3375 1115 3520 1169 enim

1946 1194 2124 1262 paries
2162 1208 2192 1247 a
2241 1192 2460 1260 Judaais,
2500 1212 2640 1250 unus
2682 1211 2711 1250 a
2761 1196 3024 1252 Gentibus
3054 1215 3069 1252 :
3102 1199 3256 1270 longe
3281 1218 3309 1255 a
3342 1219 3401 1257 se
3434 1205 3525 1259 isti

1947 1283 2182 1352 parietes
2223 1284 2517 1348 distabant,
2563 1287 2734 1341 donec
2780 1288 2832 1341 in
2885 1287 3080 1358 angulo
3109 1288 3240 1360 [Al.,
3287 1290 3523 1364 Christo]

1946 1369 2362 1441 coniunguntur.
2391 1373 2720 1444 Alienigena;
2760 1383 2940 1430 autem
2985 1384 3038 1430 et
3080 1378 3319 1448 hospites
3367 1391 3525 1438 erant

1945 1457 2163 1523 Gentes,
2189 1469 2242 1514 et
2264 1463 2530 1532 peregrini
2557 1479 2588 1516 a
2618 1470 2946 1518 testamento
2980 1464 3134 1536 [Δίκη
3163 1470 3520 1542 testamentis]

1947 1547 2060 1601 Dei.
2095 1546 2401 1604 Secundum
2444 1567 2573 1622 ergo
2611 1553 2715 1607 hoc
2744 1553 2945 1608 dictum
2986 1563 3110 1610 est:
3169 1556 3283 1612 Nos
3328 1559 3524 1613 adora-

1944 1654 2059 1692 mus
2090 1641 2230 1710 quod
2268 1643 2482 1696 scimus.
2514 1644 2590 1698 Ex
2618 1659 2848 1713 persona
2873 1645 3088 1715 quidem
3116 1646 3422 1704 Iudaeorum
3443 1652 3523 1706 di-

1943 1736 2089 1782 ctum
2117 1737 2220 1794 est,
2247 1731 2342 1786 sed
2374 1747 2482 1786 non
2512 1733 2753 1787 omnium
2777 1732 3104 1800 Judazorum,
3136 1752 3244 1791 non
3269 1740 3520 1808 reprobo-

263 1825 528 1880 iabricato
559 1823 854 1878 adorabant
893 1822 1060 1876 Deum
1088 1840 1100 1875 :
1143 1821 1466 1876 Satuaritani
1516 1821 1675 1892 longe
1715 1822 1841 1875 inde
1875 1813 1917 1870 Β
1944 1833 2062 1871 rum
2097 1817 2406 1874 Judteorum
2438 1839 2452 1874 :
2495 1822 2590 1876 sed
2637 1821 2705 1877 de
2737 1822 2985 1893 qualibus
3014 1823 3228 1878 luerunt
3268 1828 3516 1894 apostoli.

263 1915 450 1988 positi,
488 1931 595 1970 non
634 1913 688 1968 in
718 1929 783 1968 eo
827 1912 1153 1976 adorabunt;
1185 1919 1240 1966 et
1279 1926 1344 1965 en
1387 1910 1558 1966 Judaei
1589 1911 1841 1966 meliores

261 2023 324 2062 se
395 2021 514 2060 esse
570 2005 913 2069 laetabantur,
971 2003 1097 2072 quia
1164 2003 1218 2056 in
1285 2002 1482 2071 templo
1544 2003 1842 2057 adorabant

264 2097 454 2150 Deutn.
483 2093 605 2148 Non
629 2093 765 2147 enim
792 2101 1075 2146 coutuntur
1093 2091 1272 2144 Iudici
1299 2091 1684 2155 Samaritonis;
1716 2091 1841 2160 quia

261 2185 513 2239 dicebant
531 2183 610 2238 eis
637 2200 653 2236 :
677 2181 952 2248 Quomodo
972 2196 1066 2236 vos
1086 2180 1304 2249 iactatis
1329 2180 1463 2252 [Al.,
1483 2182 1677 2236 Iactatis
1697 2199 1711 2248 ;
1739 2181 1840 2248 al.,

263 2275 564 2346 lzctamini],
603 2283 662 2330 et
696 2274 816 2328 ideo
849 2288 944 2328 vos
970 2273 1126 2328 nobis
1163 2272 1416 2328 meliores
1439 2288 1560 2328 esse
1594 2273 1844 2343 perhibe-

265 2369 358 2432 tis,
391 2367 517 2438 quia
541 2366 796 2435 templum
832 2365 1069 2429 habetis,
1109 2366 1251 2434 quod
1281 2381 1380 2420 nos
1405 2381 1512 2420 nou
1550 2365 1843 2420 habemus?

263 2457 514 2526 Nunquid
553 2464 738 2526 patres
773 2454 966 2520 nostri,
999 2455 1090 2524 qui
1129 2455 1236 2510 Deo
1278 2455 1613 2525 placuerunt,
1654 2455 1709 2509 in
1751 2454 1842 2510 illo

263 2547 462 2616 templo
490 2545 883 2601 adoraverunt?
924 2542 1113 2599 Nonne
1157 2545 1210 2598 in
1247 2545 1353 2600 isto
1381 2554 1561 2601 monte
1587 2547 1843 2602 adorave-

263 2645 411 2700 runt,
448 2635 538 2690 ubi
568 2649 666 2690 uos
699 2634 923 2689 sumus?
960 2633 1146 2689 Melius
1178 2648 1306 2703 ergo
1335 2650 1455 2700 nos,
1488 2635 1754 2706 inquiunt,
1786 2637 1840 2690 in

262 2729 367 2782 hoc
395 2733 575 2781 monte
605 2726 768 2780 Deum
801 2740 1072 2796 rogamus,
1094 2724 1186 2778 ubi
1215 2734 1396 2794 patres
1419 2727 1591 2780 nostri
1617 2742 1841 2798 rogave-

259 2827 407 2872 runt.
446 2815 850 2872 Contendebant
883 2815 1100 2884 utrique
1137 2815 1330 2886 ignari,
1361 2817 1488 2885 quia
1515 2817 1687 2871 virum
1731 2833 1839 2873 non

260 2909 544 2972 haben'es,
574 2906 646 2961 illi
686 2921 784 2976 pro
822 2905 1040 2977 templo,
1070 2906 1158 2961 isti
1186 2921 1286 2975 pro
1317 2916 1500 2962 monte
1541 2906 1839 2963 inﬂamma-

258 2999 459 3053 bantur
493 2996 621 3068 [ιιι.
650 3006 700 3051 et
740 2997 899 3067 Aug.,
940 2996 1286 3070 inﬂabantur]
1327 2998 1586 3054 adversus
1613 3013 1672 3054 se
1701 2999 1839 3056 invi-

253 3104 399 3144 cem.
447 3087 704 3142 Dominus
746 3094 923 3141 tamen
969 3087 1128 3142 modo
1172 3088 1298 3158 quid
1341 3089 1498 3143 docet
1529 3089 1832 3153 mulierem,

257 3189 516 3248 tanquam
560 3176 715 3247 cuius
743 3178 824 3231 vir
865 3178 1092 3246 coeperit
1133 3152 1374 3249 prieseus
1420 3182 1576 3236 esse?
1621 3182 1761 3237 Dicit
1785 3152 1834 3237 ei
1864 3152 1910 3218 ο

257 3269 455 3324 mulier
478 3287 493 3323 :
532 3267 770 3332 Domine,
797 3267 942 3322 rideo
962 3269 1085 3339 quia
1111 3269 1359 3339 propheta
1380 3287 1434 3324 es
1453 3279 1532 3324 tu.

332 3361 492 3414 Vsus.
521 3359 610 3422 20,
625 3358 713 3412 ﬁl.
728 3389 798 3398 —
812 3357 997 3413 Patres
1019 3360 1182 3413 nostri
1203 3361 1258 3413 in
1271 3370 1444 3414 monte
1463 3361 1562 3415 hoc
1583 3362 1837 3417 adorare-

257 3458 406 3513 runt,
445 3458 495 3503 et
516 3466 603 3503 vos
624 3449 798 3502 dicitis
822 3450 946 3520 quia
975 3448 1352 3519 Hierosolymis
1371 3449 1596 3504 adorare
1613 3462 1834 3522 oportet.

255 3539 400 3594 Dicit
429 3540 477 3593 ei
497 3540 652 3594 Jesus
679 3556 698 3594 :
724 3539 934 3604 Mulier,
964 3539 1116 3594 crede
1153 3540 1303 3604 mihi,
1329 3543 1454 3612 quia
1479 3543 1642 3597 veniet
1681 3543 1834 3609 hora,

253 3629 468 3700 quando
489 3646 650 3700 neque
665 3631 718 3684 in
729 3639 901 3684 monte
919 3630 1038 3695 hoc,
1052 3647 1214 3701 neque
1233 3632 1288 3684 in
1311 3631 1690 3703 Hierosolymis
1705 3635 1839 3689 ado—

256 3721 446 3775 rabitis
494 3720 723 3775 Patrem.
766 3721 957 3776 Veniet
991 3721 1134 3776 enim
1168 3721 1425 3786 Ecclesia,
1466 3723 1605 3778 sicut
1633 3724 1836 3778 dictum

253 3823 347 3870 est
394 3814 447 3867 in
481 3813 718 3869 Canticis
748 3814 1080 3869 canticorum
1107 3828 1123 3867 :
1163 3812 1396 3868 Dilectus
1425 3831 1570 3867 meus
1606 3814 1840 3885 loquitur

232 3898 242 3904 ’
259 3906 393 3960 mihi
409 3922 428 3959 :
449 3904 630 3976 Surge,
650 3922 888 3976 propera,
903 3905 1072 3959 amica
1091 3921 1226 3967 mea,
1242 3921 1433 3975 sponsa
1449 3921 1586 3970 mea,
1599 3903 1838 3958 columba

259 4015 400 4062 mea,
452 3995 789 4050 immaculata
833 4013 969 4061 mea,
1009 4006 1059 4050 et
1109 3996 1223 4050 veni
1255 4011 1274 4049 :
1323 3996 1437 4065 jam
1485 3995 1622 4049 enim
1673 3995 1836 4048 hiems

256 4090 498 4153 transiit,
545 4088 709 4141 imber
745 4087 871 4140 abiit
921 4096 971 4140 et
1018 4088 1258 4150 recessit;
1285 4087 1438 4156 ﬂores
1485 4092 1836 4156 apparuerunt

255 4185 317 4238 in
339 4192 502 4244 terra,
546 4189 745 4250 tempus
774 4179 1059 4249 putationis
1094 4177 1328 4240 advenit,
1364 4193 1461 4231 vos:
1491 4178 1712 4230 turturis
1741 4193 1840 4231 au-

254 4274 376 4328 dita
399 4280 471 4324 est
501 4271 557 4324 in
576 4279 714 4323 terra
736 4279 913 4324 nostra
939 4267 1115 4337 (Cant.
1149 4283 1217 4330 ll,
1249 4267 1334 4330 10,
1368 4267 1475 4340 l2).
1504 4267 1697 4322 Merito
1723 4267 1838 4336 iam

255 4370 528 4434 pnesente
555 4360 672 4415 viro
710 4360 906 4415 audit:
939 4357 1132 4414 Mulier
1169 4357 1320 4412 crede
1359 4358 1509 4422 mihi,
1545 4357 1659 4426 iam
1693 4359 1837 4413 enim

254 4462 343 4508 est
371 4453 424 4506 iu
453 4460 506 4505 te
531 4450 621 4520 qui
647 4451 850 4515 credat,
892 4449 1018 4519 quia
1056 4463 1295 4518 praesens
1319 4457 1404 4504 est
1431 4449 1518 4502 vir
1541 4457 1684 4503 tuus.
1717 4447 1839 4503 Cm-

258 4544 388 4614 pisti
417 4543 604 4596 adesse
632 4541 924 4604 intellectu,
957 4540 1173 4610 quando
1198 4555 1284 4594 me
1307 4540 1624 4610 prophetam
1648 4539 1832 4610 appel-

261 4634 406 4687 lasti.
438 4632 646 4697 Mulier,
673 4631 833 4685 crede
871 4631 1020 4692 mihi,
1047 4629 1174 4698 quia
1207 4629 1309 4684 nisi
1330 4630 1688 4695 credideritis,
1729 4647 1834 4685 non

260 4723 616 4793 intelligetis:
675 4721 818 4789 Ergo
865 4719 1053 4774 mulier
1098 4720 1248 4773 crede
1304 4719 1454 4782 mihi,
1500 4721 1624 4788 quia
1673 4720 1835 4774 veniet

260 4819 419 4880 liora,
446 4815 656 4886 quando
691 4830 854 4884 neque
890 4815 946 4867 in
977 4822 1150 4866 monte
1175 4812 1296 4876 hoc,
1324 4827 1484 4882 neque
1509 4813 1563 4864 in
1588 4809 1838 4867 Hieroso-

260 4907 419 4978 lymis
439 4905 726 4960 adorabitis
761 4903 994 4959 Patrem.
1036 4902 1224 4974 (Vsus.
1245 4901 1340 4965 2‘2,
1365 4902 1481 4971 25.)
1520 4901 1621 4956 Vos
1645 4904 1839 4958 adora-

260 4999 334 5053 tis
357 4995 496 5067 quod
516 4996 742 5057 nescitis,
785 5010 880 5050 nos
927 4993 1209 5047 adoramus
1277 4991 1414 5062 quod
1455 4993 1667 5055 scimus,
1715 4995 1840 5062 quia

259 5089 411 5146 salus
440 5105 505 5142 ea:
525 5087 730 5142 Judwis
767 5095 862 5140 est.
906 5083 1010 5138 Sed
1058 5083 1219 5138 veniet
1265 5083 1416 5147 hora,
1467 5081 1756 5154 [quando‘l]
1793 5093 1841 5138 et

261 5195 406 5234 nunc
445 5186 541 5240 est,
579 5175 723 5248 [qum
762 5190 895 5245 ergo
938 5171 1128 5244 hora?]
1155 5172 1366 5243 quando
1394 5172 1498 5226 veri
1537 5170 1841 5226 adoratores

261 5270 560 5326 adorabunt
584 5269 795 5325 Patrem
825 5268 880 5320 in
899 5266 1087 5336 spiritu
1107 5275 1156 5319 et
1177 5269 1428 5329 veritate;
1455 5279 1560 5318 non
1585 5262 1638 5316 in
1659 5271 1842 5318 monte

261 5362 392 5423 isto,
424 5376 530 5416 non
562 5360 615 5414 in
648 5357 870 5426 templo,
905 5354 998 5410 sed
1029 5355 1084 5409 in
1113 5355 1301 5424 spiritu
1330 5363 1387 5410 et
1413 5354 1659 5409 veritate.

341 5453 502 5507 Vsus.
530 5451 621 5506 9.5.
650 5480 723 5491 —-
753 5447 983 5520 Spiritus
1001 5454 1078 5500 est
1105 5445 1267 5500 Deus.
1298 5445 1356 5503 Si
1381 5460 1672 5517 corporeus
1696 5453 1841 5502 esset

261 5543 429 5606 Deus,
461 5541 746 5611 oportebat
777 5553 904 5594 eum
930 5533 1146 5591 adorari
1182 5534 1236 5590 in
1268 5545 1468 5602 monte,
1494 5539 1619 5607 quia
1644 5552 1838 5607 corpo-

339 5728 364 5754 ιι
409 5715 466 5768 S.
495 5714 629 5787 Aug.
663 5715 790 5772 [.oc.
820 5722 912 5771 cit.
940 5729 1086 5769 num.
1115 5713 1208 5777 9.5,
1233 5709 1318 5766 2i.

1939 1907 2126 1976 quales
2153 1907 2373 1964 fuerunt
2402 1911 2699 1980 prophetm,
2743 1912 2932 1981 quales
2961 1911 3178 1968 luerunt
3223 1914 3294 1968 illi
3328 1931 3518 1972 omnes

1939 1997 2132 2062 sancti,
2157 1997 2250 2066 qui
2275 2012 2455 2052 omnia
2487 2014 2583 2053 sua
2611 2000 2986 2065 vendiderunt,
3028 2010 3080 2056 et
3122 2003 3294 2072 pretia
3335 2019 3517 2060 rerum

1941 2100 2158 2140 suarum
2181 2087 2250 2140 ad
2274 2087 2440 2156 pedes
2458 2089 2822 2156 apostolorum
2844 2102 3137 2159 posuerunt
3157 2092 3296 2163 (Act.
3312 2110 3385 2160 tv,
3400 2094 3515 2166 54).

1939 2173 2057 2229 Non
2081 2174 2275 2245 repulit
2297 2176 2440 2231 enim
2463 2177 2606 2231 Deus
2629 2177 2838 2247 plebem
2862 2194 3015 2234 suam
3041 2196 3201 2250 quam
3223 2184 3516 2252 prazscivit.

1939 2264 2159 2322 Audivit
2184 2268 2285 2325 hoc
2315 2269 2506 2323 mulier
2539 2270 2662 2335 ista,
2692 2279 2747 2326 et
2772 2273 2995 2328 addidit.
3023 2274 3143 2330 lam
3168 2277 3368 2333 dudum
3396 2294 3522 2349 pro-

1939 2357 2154 2427 phetam
2179 2359 2422 2414 dixerat:
2467 2361 2600 2415 vidit
2627 2361 2731 2417 alia
2764 2361 2946 2435 [Aug.,
2978 2365 3111 2420 vidit
3146 2367 3295 2441 talia]
3341 2370 3522 2428 dicere

1938 2463 2085 2513 eum,
2112 2463 2236 2503 cum
2257 2465 2364 2518 quo
2391 2451 2733 2520 loquebatur,
2763 2453 2854 2522 qui
2876 2454 3039 2508 etiam
3073 2454 3225 2526 [Ms.,
3243 2456 3384 2530 iam]
3401 2460 3523 2528 plus

1938 2547 2084 2593 esset
2138 2554 2298 2608 quam
2350 2541 2632 2609 propheta.
2685 2542 2751 2594 Et
2794 2542 2922 2610 quid
2973 2546 3268 2614 respondit,
3299 2549 3518 2603 videte:

1939 2627 2078 2682 Dicit
2105 2630 2153 2683 ei
2182 2627 2370 2682 mulier
2397 2645 2415 2683 :
2439 2630 2586 2694 Scio,
2619 2631 2742 2700 quia
2767 2631 2988 2686 Messias
3013 2636 3196 2699 veniet,
3219 2636 3309 2706 qui
3330 2637 3525 2692 dicitur

1941 2719 2214 2786 Christus;
2238 2737 2359 2776 cum
2381 2737 2504 2792 ergo
2541 2724 2752 2787 venerit,
2791 2722 2881 2777 ille
2910 2724 3058 2780 nobis
3095 2729 3273 2781 omnia
3307 2729 3523 2785 demon-

1937 2811 2143 2864 strabit.
2167 2810 2306 2877 Quid
2341 2821 2426 2867 est
2467 2814 2606 2868 hoc?
2633 2812 2805 2878 Modo,
2842 2815 3034 2884 inquit,
3066 2817 3132 2871 de
3168 2818 3366 2887 templo
3392 2835 3522 2875 con—

1941 2905 2164 2959 tendunt
2187 2903 2378 2968 Judaei,
2407 2913 2462 2958 et
2494 2920 2593 2959 nos
2616 2905 2778 2978 505
2802 2906 2869 2960 de
2899 2913 3082 2963 monte
3103 2909 3518 2975 contendimus;

1937 3011 2061 3050 cum
2093 2995 2178 3049 ille
2203 2995 2430 3059 venerit,
2459 3003 2695 3050 montem
2724 3004 2960 3066 spernet,
2987 3006 3042 3052 et
3075 2999 3330 3068 templum
3354 3016 3514 3056 ever-

1938 3092 2034 3139 tet.
2064 3084 2288 3139 Docebit
2313 3099 2412 3139 nos
2441 3085 2544 3139 iste
2569 3085 2772 3151 omnia,
2803 3094 2864 3139 ut
2888 3086 2943 3141 in
2981 3088 3172 3157 spiritu
3211 3099 3266 3144 et
3295 3092 3521 3147 veritate

1938 3181 2149 3244 oportet
2177 3172 2329 3245 [Ms.,
2361 3174 2690 3247 noverimus]
2711 3173 2958 3231 adorare.
2985 3177 3222 3244 Sciebat,
3249 3180 3373 3248 quis
3397 3195 3520 3236 eam

1937 3274 2120 3335 posset
2144 3266 2360 3329 docere,
2387 3266 2484 3320 sed
2512 3265 2629 3335 iam
2669 3265 2952 3322 docentem
2996 3269 3233 3324 nondum
3260 3285 3521 3340 agnosce-

1937 3357 2048 3411 bat.
2074 3355 2190 3411 .lam
2221 3371 2352 3426 ergo
2379 3355 2539 3426 digna
2575 3365 2716 3422 erat,
2755 3359 2841 3412 cui
2884 3358 3336 3414 manilestaretur.
3380 3360 3523 3416 Mes-

1937 3448 2046 3502 sias
2079 3457 2259 3502 autem
2286 3456 2481 3502 unctus
2505 3455 2590 3501 est
2617 3464 2629 3500 :
2659 3457 2854 3503 unctus
2881 3449 3026 3502 enim
3055 3448 3243 3505 Graece
3275 3451 3524 3506 Christus

1936 3545 2036 3599 est,
2074 3537 2336 3607 Hebraice
2359 3536 2601 3592 Messias.
2647 3538 2788 3608 Ergo
2814 3540 2942 3592 dicit
2969 3539 3018 3592 ei
3052 3540 3282 3594 mulier:
3329 3540 3516 3610 (vas.

1936 3628 2026 3699 25)
2073 3626 2192 3682 Scio
2235 3627 2358 3698 quia
2405 3627 2627 3680 Messias
2676 3627 2858 3688 veniet,
2902 3627 2990 3695 qui
3036 3627 3220 3680 dicitur
3257 3627 3518 3686 Christus.

1937 3719 2068 3774 Cum
2093 3736 2214 3789 ergo
2242 3719 2451 3781 venerit,
2483 3717 2570 3770 ille
2597 3716 2744 3770 nobis
2776 3718 3105 3773 annuntiabit
3139 3721 3334 3775 omnia.

2007 3810 2166 3864 Vens.
2207 3809 2295 3860 26.
2335 3837 2390 3846 ---
2431 3807 2572 3862 Dicit
2601 3809 2650 3862 ei
2677 3809 2831 3862 Jesus
2858 3825 2877 3863 :
2906 3809 3018 3882 Ego
3036 3827 3170 3874 sum,
3203 3814 3294 3883 qui
3335 3813 3524 3886 loquor

1935 3912 2122 3957 tecum.
2154 3901 2379 3956 Vocavit
2436 3902 2614 3954 virum
2668 3917 2848 3966 suum,
2900 3902 3074 3959 factus
3110 3913 3196 3959 est
3229 3906 3313 3960 vir
3358 3916 3522 3976 caput

1935 3993 2199 4057 mulieris,
2227 3992 2401 4048 factus
2433 4001 2518 4048 est
2559 3991 2808 4048 Christus
2837 4002 3000 4062 caput
3020 3993 3144 4046 viri.
3181 3994 3298 4048 Jam
3325 3998 3519 4052 mulier

1935 4085 2220 4141 ordinatur
2242 4086 2298 4140 in
2330 4085 2451 4148 lide,
2499 4093 2555 4140 et
2587 4085 2790 4155 regitur
2827 4086 2966 4140 bene
2995 4084 3200 4140 victura
3248 4085 3382 4157 [Al.,
3425 4089 3522 4142 du-

1937 4177 2136 4250 ctura].
2167 4179 2524 4247 Posteaquam
2550 4179 2756 4234 audivit
2793 4180 2917 4243 hoc,
2972 4179 3086 4250 Ego
3126 4196 3274 4242 sum,
3321 4182 3411 4251 qui
3450 4181 3522 4235 lo-

1935 4285 2069 4341 quor
2087 4280 2277 4332 tecum,
2295 4267 2409 4336 iam
2439 4269 2578 4322 ultra
2605 4269 2732 4338 quid
2761 4270 2996 4333 diceret,
3027 4272 3244 4341 quando
3272 4271 3522 4327 Christus

1940 4359 2197 4414 Dominus
2221 4358 2567 4415 manifestare
2613 4374 2672 4413 se
2697 4359 2868 4414 voluit
2903 4361 3139 4426 mulieri,
3169 4362 3254 4418 cui
3286 4362 3518 4426 dixerat,

1939 4451 2090 4504 crede
2115 4449 2498 4520 mittil-’(Vsas.
2539 4449 2654 4520 27.)
2681 4450 2749 4503 Ει
2785 4451 3032 4504 continuo
3075 4464 3318 4506 venerunt
3361 4454 3522 4508 disci-

1940 4538 2051 4609 puli
2077 4539 2211 4608 ejus,
2239 4549 2286 4592 et
2317 4537 2798 4607 mirabantur,quia
2819 4555 2937 4592 cum
2959 4538 3172 4592 muliere
3193 4539 3516 4610 loquebatur.

1943 4627 2076 4694 Quia
2105 4628 2379 4696 qumrebat
2415 4626 2700 4696 perditam,
2728 4627 2819 4695 qui
2852 4637 3073 4682 venerat
3106 4644 3347 4697 quarrere
3375 4633 3520 4698 quoi

1941 4718 2196 4787 perierat,
2223 4717 2326 4772 hoc
2356 4716 2430 4770 illi
2460 4717 2811 4772 mirabantur.
2840 4719 3047 4772 Bonum
3071 4721 3213 4774 enim
3241 4722 3518 4776 miraban-

1941 4815 2046 4872 tur,
2099 4823 2206 4861 uon
2256 4807 2458 4861 malum
2503 4807 2935 4876 suspicabantur.
2969 4808 3154 4877 (Vsus.
3185 4811 3301 4879 28.)
3348 4811 3518 4867 Nemo

1941 4908 2114 4952 tamen
2128 4897 2282 4963 dixit,
2303 4898 2429 4969 quid
2448 4898 2682 4968 quieris?
2715 4907 2808 4952 aut
2841 4897 2968 4968 quid
3011 4898 3235 4970 loqueris
3267 4919 3381 4956 cum
3419 4904 3523 4957 ea?

1947 4991 2170 5063 Reliquit
2186 5010 2308 5063 ergo
2319 4993 2423 5062 hyd
2429 4994 2558 5048 riam
2569 5009 2718 5047 suout
2735 4992 2941 5058 mulier,
2954 5003 3003 5048 et
3018 4994 3144 5048 abiit
3157 4995 3227 5048 ad
3237 4996 3516 5050 civitatem.

1940 5081 2136 5136 Audito
2165 5081 2276 5151 Ego
2301 5099 2437 5144 sum,
2455 5083 2546 5152 qui
2567 5082 2752 5153 loquor
2779 5095 2970 5146 tecum,
2991 5093 3046 5137 et
3076 5093 3293 5152 recepto
3318 5083 3372 5138 in
3401 5099 3520 5138 cor-

1943 5171 2009 5224 de
2033 5169 2250 5225 Christo
2281 5171 2528 5236 Domiuo,
2558 5172 2688 5239 quid
2725 5171 2926 5226 faceret
2965 5172 3071 5226 nisi
3109 5170 3224 5240 iam
3271 5171 3519 5242 hydriam

1943 5262 2259 5326 dimitteret,
2287 5269 2340 5317 et
2378 5262 2750 5332 evangelizare
2791 5263 3069 5317 curreret?
3100 5261 3333 5331 Proiecit
3371 5263 3521 5332 cupi-

1941 5351 2191 5418 ditatem,
2219 5359 2275 5404 et
2302 5352 2612 5420 properavit
2629 5351 2948 5406 annuntiare
2971 5353 3270 5408 veritatem.
3303 5353 3521 5408 Discant

1941 5443 2032 5512 qui
2065 5443 2247 5497 volunt
2287 5442 2679 5514 evangelizare,
2722 5442 3007 5514 proiiciant
3044 5445 3289 5517 hydriam
3323 5445 3390 5500 ad
3417 5461 3517 5514 pu-

1943 5543 2108 5590 tcum.
2142 5533 2519 5589 Recordamini
2543 5533 2670 5603 quid
2699 5536 2947 5606 superius
2970 5535 3201 5592 dixerim
3227 5536 3293 5592 de
3307 5536 3515 5609 hydria.

2013 5714 2039 5754 δ
2080 5713 2210 5768 ibid.
2245 5727 2389 5766 nutu.
2417 5711 2512 5774 ‘26,
2553 5711 2639 5776 9.7,
2669 5711 2761 5776 28,
2787 5711 2878 5778 ‘29,
2903 5712 2989 5775 50,
3014 5713 3103 5778 5!,
3128 5711 3217 5778 59.,
3249 5713 3337 5768 53.
