4022 6194
514 345 619 404 799

1378 331 1438 386 Β.
1468 329 1544 387 ‘F.
1582 325 1807 384 ALBI'Nl
1834 324 1978 383 SEU
2021 316 2301 376 ALCUlNl
2336 313 2622 372 OPEBUM
2661 310 2841 371 PARS
2878 310 2938 375 ιιι

3678 313 3814 367 ὃθεν

511 455 714 527 maria
739 465 834 513 vss
858 454 1000 512 erat,
1031 443 1176 499 unde
1208 456 1349 511 aqua
1377 438 1755 501 hauriebatur;
1785 435 1976 491 ϐιωοο
2003 449 2099 487 no-
2131 434 2175 490 Α
2202 429 2436 494 Christi;
2477 436 2533 482 et
2556 427 2677 489 ideo
2723 425 3104 527 seminatores.
3138 422 3349 496 lloyses
3374 432 3430 479 et
3698 444 3816 496 νει-

514 526 665 611 ruiue
683 542 985 615 appellatur
1006 536 1219 609 hydria,
1248 533 1504 604 quoniam
1530 529 1737 596 Grzece,
1766 543 1929 601 aqua,
1961 526 2100 601 ὕδωρ

515 638 737 698 dicitur,
782 640 1039 700 tauquam
1096 626 1142 685 si
1186 623 1485 694 aquarium
1524 621 1818 683 diceretur.
1871 616 2105 681 Proiecit

513 740 644 793 ergo
686 721 953 793 hydrialn.
986 731 1108 786 quae
1157 730 1263 770 non
1305 712 1420 784 jam
1461 710 1604 773 usui,
1634 710 1733 764 sed
1780 707 1933 761 oneri
1982 706 2101 769 fuit,

515 815 674 873 avida
705 810 905 883 quippe
932 803 1277 863 desiderabat
1316 818 1456 871 aqua
1496 799 1584 854 illa
1628 798 1838 854 satiari.
1872 796 1942 853 Ut
1970 812 2107 851 Iulu-

516 908 679 963 tisret
706 902 1005 962 Christum,
1035 909 1203 952 onere
1250 891 1466 960 abjccto
1508 888 1755 946 cucurrit
1806 886 1871 942 al
1916 885 2108 942 civita-

518 1009 652 1062 tem,
693 1003 752 1056 et
777 991 912 1048 dicit
939 989 1046 1045 illis
1074 985 1382 1042 hominibus
1413 1001 1426 1036 :
1459 982 1646 1053 (Vnus.
1689 981 1782 1046 29)
1824 977 2024 1042 Venite,
2059 989 2109 1032 et

517 1089 684 1148 ridete
738 1085 1022 1144 hominem,
1073 1079 1163 1150 qui
1201 1077 1337 1130 dixit
1381 1073 1510 1128 mihi
1564 1072 1740 1127 omnia
1788 1086 2111 1140 qua'cnnquc

518 1178 639 1248 feci.
665 1171 904 1241 Projecit
946 1169 1224 1240 hydriam,
1252 1173 1307 1220 et
1332 1164 1492 1228 abiit,
1529 1171 1588 1222 et
1612 1160 1881 1217 nuntiavit
1905 1157 2111 1214 civitati

517 1265 874 1341 pedetentim,
901 1259 1075 1317 ncilli
1119 1257 1274 1327 quasi
1299 1253 1414 1324 jam
1444 1254 1831 1313 irascerentur,
1875 1258 1933 1304 et
1976 1248 2115 1313 indi-

517 1367 837 1433 gnarentur,
880 1365 939 1412 et
961 1358 1440 1425 persequerentur.
1473 1347 1564 1402 Ait
1601 1346 1746 1401 enim
1789 1360 1807 1398 :
1847 1342 2023 1407 Venite
2065 1348 2115 1395 et

518 1452 684 1507 videte
727 1448 1010 1511 hominem,
1071 1443 1161 1515 qui
1211 1442 1346 1496 dixit
1398 1439 1526 1495 mihi
1574 1437 1752 1491 omnia
1796 1448 2116 1506 quwcunque

522 1542 624 1613 [cci
650 1558 669 1595 :
693 1536 937 1609 nunquid
961 1537 1070 1607 ipse
1102 1544 1180 1589 est
1211 1531 1495 1587 Christus?

594 1635 757 1688 Vnus.
781 1629 874 1693 50,
914 1630 1005 1685 '55.
1031 1660 1104 1670 --
1132 1628 1392 1691 Exierunt
1416 1625 1482 1679 de
1507 1624 1735 1686 civitate,
1773 1630 1823 1676 et
1851 1620 2119 1676 ueniebant

520 1723 592 1777 ad
617 1737 759 1786 eum,
789 1729 838 1774 et
873 1717 1128 1790 rogabant
1171 1733 1293 1771 eum
1317 1713 1566 1785 discipuli
1606 1712 1878 1766 dicentes:
1927 1709 2117 1774 Rabbi,

2207 521 2483 584 triarcbzn,
2505 527 2565 577 et
2579 532 2771 574 omnes
2807 516 3107 587 propheta,
3133 522 3337 584 quanta
3363 515 3710 586 pertulerunt
3748 519 3818 575 in

2207 611 2301 667 illo
2339 609 2539 682 frigore
2565 606 2785 677 quando
2809 605 3184 667 seminabant?
3208 604 3354 676 Ergo
3378 604 3493 675 jam
3518 605 3575 661 in
3615 603 3818 665 Judaei

2208 700 2399 757 messis
2425 706 2617 769 pirrata
2646 704 2783 752 erat.
2830 693 3023 755 Merito
3053 694 3127 761 ibi
3164 703 3424 763 tanquam
3468 704 3691 752 natura
3720 711 3820 755 se-

2208 804 2302 860 ges
2330 787 2451 852 fuit,
2488 785 2705 856 quando
2751 792 2833 840 tot
2872 782 3041 843 millia
3084 782 3363 839 hominum
3406 784 3588 853 pretia
3618 799 3818 843 rerum

2208 893 2430 935 suarum
2455 876 2780 940 aﬂ'erebant;
2820 882 2878 931 et
2901 874 2971 928 ad
3005 873 3170 944 pedes
3207 873 3576 945 apostolorum
3598 891 3822 945 potien-

2212 977 2312 1031 tcs,
2340 965 2609 1036 expeditis
2637 962 2883 1019 humeris
2909 978 2943 1017 a
2976 962 3209 1018 sarcinis
3238 962 3611 1027 mal-aribus,
3643 963 3819 1019 Chri-

2211 1065 2357 1113 stum
2407 1054 2694 1111 Dominum
2746 1052 3114 1122 sequebantur
3166 1049 3308 1122 (Aet.
3361 1067 3438 1116 ιν,
3492 1052 3611 1123 35).
3666 1053 3822 1108 Vere

2213 1153 2427 1201 matura
2447 1143 2667 1199 messis!
2693 1140 2832 1209 Quid
2850 1141 2975 1196 inde
2994 1139 3198 1197 factum
3226 1142 3347 1196 est?
3376 1140 3601 1211 Deipsa
3628 1155 3823 1197 messe

2213 1235 2385 1309 ejecta
2425 1242 2554 1293 sunt
2601 1248 2777 1304 pauca
2822 1247 3012 1304 grana,
3062 1239 3118 1284 et
3162 1228 3570 1287 seminaverunt
3616 1232 3825 1287 orbem

2217 1337 2511 1392 terrarum,
2539 1336 2596 1382 et
2632 1326 2805 1395 surgit
2834 1325 2940 1380 alia
2971 1323 3165 1378 messis
3208 1338 3331 1392 qua:
3363 1323 3419 1378 in
3468 1322 3595 1389 line.
3625 1322 3821 1389 standi

2216 1419 2465 1477 metenda
2494 1427 2600 1474 est.
2650 1417 2726 1472 De
2761 1416 2881 1486 ipsa
2930 1413 3116 1486 [Aug.,
3165 1412 3295 1485 ista]
3328 1428 3523 1487 messe
3565 1412 3822 1467 dicitur:

2219 1513 2324 1579 Qui
2349 1513 2606 1569 seminam
2654 1511 2713 1564 in
2754 1508 3029 1578 lacrumis,
3072 1508 3130 1561 in
3177 1505 3374 1575 gaudio
3413 1514 3605 1561 utsicut
3631 1502 3825 1574 (Psal.

2217 1618 2382 1665 cxxv,
2410 1601 2489 1672 5).
2518 1600 2792 1661 Adistam
2832 1612 2965 1667 ergo
3001 1610 3233 1661 messem
3279 1609 3389 1651 non
3433 1593 3694 1663 apostoli,
3728 1594 3829 1649 sed

2218 1693 2395 1764 angeli
2425 1692 2716 1751 mittuntur
2753 1686 2910 1760 Ws...
2939 1683 3267 1757 mittentur].
3291 1682 3578 1767 'Messorcs,
3613 1685 3828 1753 inquit,

521 1812 804 1867 manduca.
851 1809 1035 1864 lerant
1088 1806 1232 1862 enim
1275 1820 1460 1861 emere
1514 1803 1691 1869 cibos,
1736 1810 1793 1857 et
1836 1808 2115 1856 venerant.

2226 1784 2395 1855 angeli
2427 1792 2549 1839 sunt
2591 1780 2807 1854 (Matth.
2841 1795 2973 1844 xm,
3002 1777 3118 1850 59).
3156 1776 3263 1835 Ista
3308 1792 3441 1848 ergo
3464 1777 3667 1835 messis
3703 1792 3829 1833 cre-

524 1902 626 1958 Ille
654 1912 830 1956 autem
848 1901 1022 1955 dixit:
1055 1898 1168 1970 Ego
1198 1897 1373 1951 cibum
1394 1894 1563 1950 ltabeo
1598 1894 1943 1958 manducare,
1965 1908 2118 1964 quem

520 2009 613 2048 vos
636 1993 864 2048 nescitis.
894 1991 1147 2051 Dicebant
1173 2006 1294 2060 ergo
1322 1985 1569 2058 discipuli
1590 1985 1659 2039 ad
1682 1986 1934 2039 invicem:
1967 1983 2017 2036 Ν
2026 1999 2122 2037 nn-

522 2086 650 2157 quid
676 2082 867 2156 aliquis
908 2082 1162 2136 attulit‘ei
1211 2078 1575 2135 manducare?
1627 2077 1767 2143 Quid
1820 2076 2021 2130 mirum
2075 2075 2120 2128 si

526 2174 721 2232 mulier
746 2175 835 2229 illa
866 2188 977 2226 non
1002 2171 1265 2241 intelligat
1288 2169 1523 2239 aquam?
1544 2167 1686 2221 Ecce
1714 2164 1963 2235 discipuli
1990 2180 2123 2218 non-

526 2268 653 2322 dum
680 2266 984 2335 intelligunt
1021 2277 1225 2317 escam.
1275 2260 1498 2315 Audivit
1537 2268 1720 2313 autem
1768 2257 2124 2329 cogitationes

527 2360 765 2423 illorum,
793 2366 848 2413 et
868 2358 980 2424 jam
1010 2355 1246 2419 instruit,
1271 2362 1331 2407 ut
1358 2352 1640 2422 magister,
1668 2367 1773 2405 non
1804 2364 1902 2419 per
1928 2349 2125 2404 circui-

532 2463 671 2518 tum,
717 2452 857 2506 sicut
902 2450 990 2504 illa
1018 2447 1171 2516 cujus
1217 2447 1395 2500 adhuc
1418 2445 1597 2497 virum
1646 2442 1983 2511 requirebat,
2029 2439 2125 2494 sed

527 2545 641 2617 jam
689 2552 877 2614 aperte
920 2541 1053 2595 dicit
1088 2538 1168 2592 eis
1204 2536 1360 2592 Jesus
1393 2555 1405 2589 :
1439 2535 1626 2607 (Vens.
1663 2534 1779 2605 54.)
1824 2533 1995 2597 Meus,
2038 2534 2123 2587 iu-

529 2635 668 2705 quit,
712 2634 862 2687 cibus
885 2639 981 2695 est,
1011 2638 1071 2684 ut
1112 2629 1307 2699 faciam
1360 2625 1680 2681 voluntatem
1724 2624 1863 2695 ejus,
1910 2623 2000 2693 qui
2045 2638 2128 2676 me

529 2727 691 2782 misit.
720 2726 864 2797 Ergo
892 2733 949 2778 et
973 2730 1133 2795 potus
1159 2720 1248 2775 ille
1273 2718 1425 2791 [Ms.,
1474 2717 1613 2790 ipse]
1656 2724 1777 2770 erat
1806 2717 1860 2770 iu
1899 2714 1985 2768 illa
2015 2726 2130 2766 mu-

529 2817 689 2881 liere,
739 2824 820 2870 ιιι·
854 2813 1063 2868 iaceret
1108 2811 1443 2866 voluntatem
1493 2806 1610 2876 ejus
1643 2808 1735 2877 qui
1786 2820 1911 2861 eum
1957 2805 2125 2860 misit.

530 2905 658 2960 Ideo
678 2904 896 2959 dicebat
927 2920 941 2955 :
967 2900 1122 2964 Sitio,
1144 2900 1214 2952 da
1239 2898 1369 2953 mihi
1391 2896 1562 2952 bibere
1590 2913 1608 2952 :
1636 2896 1866 2959 scilicet,
1887 2900 1945 2949 ut
1967 2894 2127 2949 ﬁdem

534 2998 679 3053 inea
706 3001 1049 3064 operaretur,
1091 2998 1148 3044 et
1195 2988 1355 3043 tidem
1398 2987 1517 3055 ejus
1554 2989 1787 3051 biberet,
1822 2994 1878 3041 et
1915 3000 2038 3040 eam
2074 2983 2125 3036 in

531 3098 734 3156 corpus
758 3097 913 3139 suum
945 3081 1220 3150 trajiceret
1252 3099 1265 3133 :
1291 3094 1492 3150 corpus
1512 3080 1657 3134 enim
1685 3080 1803 3150 ejus
1830 3088 1914 3134 est
1941 3077 2127 3131 Eccle-

2223 1876 2324 1932 seit
2360 1877 2501 1933 inter
2529 1873 2761 1937 zizania,
2801 1879 2858 1929 et
2897 1876 3180 1940 exspectat
3204 1869 3258 1923 in
3309 1868 3412 1925 (ide
3437 1868 3691 1939 purgari.
3733 1868 3829 1922 llis

2221 1981 2351 2036 ergo
2372 1964 2567 2023 messis
2598 1962 2708 2033 jam
2734 1968 2959 2019 matura
2985 1968 3125 2024 erat,
3168 1974 3276 2028 quo
3318 1957 3471 2028 prius
3697 1967 3829 2011 sunt

2221 2053 2488 2126 discipuli,
2541 2053 2635 2107 ubi
2669 2049 2943 2120 prophetae
3003 2048 3408 2107 laboraverunt.
3447 2044 3555 2101 Sed
3611 2054 3827 2111 tamen,

2224 2145 2440 2205 fratres,
2470 2142 2650 2203 videte
2698 2140 2827 2210 quid
2858 2139 3066 2195 dictum
3109 2137 3216 2199 sit:
3268 2133 3441 2193 Simul
3489 2135 3731 2207 gaudeat
3777 2145 3828 2189 et

2222 2235 2312 2306 qui
2336 2233 2583 2297 seminat,
2620 2240 2669 2291 et
2698 2231 2789 2301 qui
2824 2229 3011 2283 metit?
3040 2227 3283 2298 Dispsris
3309 2226 3572 2297 temporis
3606 2225 3827 2287 labores

2227 2326 2554 2388 habuerunt,
2593 2322 2689 2381 sed
2714 2320 2914 2390 gaudio
2952 2319 3159 2389 pariter
3204 2316 3579 2388 perfruentur,
3611 2334 3822 2374 merce-

2226 2416 2347 2475 dem
2375 2412 2537 2475 simul
2564 2410 2842 2481 accepturi
2880 2420 3007 2464 stunt
3047 2408 3213 2464 vitam
3242 2417 3526 2463 aitet-nam.

2298 2504 2461 2559 Vnus.
2493 2500 2685 2559 59-42.
2734 2531 2802 2542 —-
2841 2499 2925 2553 Ea:
2954 2499 3161 2555 civitate
3184 2508 3360 2557 autem
3392 2497 3487 2553 illa
3512 2497 3671 2557 multa
3710 2514 3817 2563 cre-

2226 2597 2474 2653 diderunt
2502 2596 2558 2659 in
2584 2609 2725 2657 euut,
2759 2600 2968 2663 propter
2992 2605 3281 2649 sermonem
3304 2588 3421 2658 ejus
3436 2629 3455 2652 .
3480 2606 3587 2645 non
3610 2601 3819 2660 propter

2230 2689 2438 2753 verbum
2468 2685 2706 2741 mulieris
2733 2681 3089 2745 testiinoruum
3126 2679 3442 2750 perhibentis
3471 2696 3489 2731 :
3514 2678 3655 2745 Quia
3686 2682 3817 2734 dixit

2231 2781 2357 2837 mihi
2386 2778 2564 2834 omnia
2587 2790 2910 2847 quacunque
2931 2773 3050 2842 feci.
3089 2770 3237 2837 Cum,
3262 2772 3515 2826 iuuissent
3550 2783 3727 2829 autem
3750 2772 3816 2831 ad

2230 2873 2379 2931 illuni
2423 2870 2775 2932 Samaritani,
2806 2876 3117 2937 rogaverunt
3164 2874 3221 2923 ut
3260 2863 3402 2941 apud
3427 2880 3516 2923 eos
3546 2875 3815 2927 maneres,-

2228 2976 2279 3023 et
2318 2966 2511 3020 mansit
2553 2963 2623 3018 ibi
2651 2962 2785 3019 duos
2819 2960 2950 3023 dies,
2980 2968 3027 3019 et
3069 2957 3233 3019 multo
3266 2957 3441 3028 plures
3487 2957 3817 3024 credulam

2229 3067 2441 3131 propter
2466 3072 2728 3115 sermones
2754 3055 2906 3124 ejus;
2926 3062 2976 3108 et
3004 3052 3219 3111 mulieri
3241 3051 3513 3107 dicebant:
3540 3051 3682 3116 Quia
3699 3051 3817 3121 jam

534 3141 650 3229 sla.-
676 3172 863 3245 (Vsus.
890 3171 1004 3239 35.)
1025 3141 1198 3242 'Ergo,
1238 3141 1431 3240 inquit,
1459 3172 1568 3242 ipse
1588 3179 1665 3223 est
1701 3141 1846 3223 dibus
1878 3183 2046 3231 meus,
2070 3176 2127 3221 ut

2234 3166 2339 3205 non
2373 3156 2583 3218 propter
2608 3156 2758 3202 tuam
2786 3144 3045 3215 loquelam
3073 3143 3354 3207 credimus,
3376 3143 3477 3212 ipsi
3500 3141 3819 3197 cnim-audi-

537 3262 736 3332 faciam
763 3260 1075 3316 voluntatem
1103 3262 1218 3331 ejus
1261 3262 1353 3331 qui
1393 3275 1472 3313 me
1499 3261 1661 3314 misit.
1707 3260 1898 3313 Nonne
1918 3275 2004 3313 vos
2047 3258 2132 3312 di-

534 3353 676 3415 citis,
716 3352 857 3423 quod
886 3352 1058 3405 adhuc
1084 3361 1313 3421 quatuor
1348 3366 1550 3404 menses
1577 3361 1720 3415 sunt,
1747 3360 1795 3404 et
1822 3352 2002 3405 messis
2026 3349 2131 3423 [re-

537 3441 688 3515 nit]?
728 3441 785 3496 in
812 3456 948 3511 opus
993 3440 1256 3503 fervebat,
1300 3448 1357 3495 et
1384 3441 1666 3509 operarios
1702 3441 1917 3495 mittere
1949 3443 2131 3511 dispo—

537 3534 722 3590 nebat.
757 3533 868 3588 Vos
894 3526 1128 3602 quatuor
1168 3542 1382 3585 menses
1420 3531 1746 3600 computatis
1783 3531 1850 3585 ad
1877 3546 2130 3596 messem,

535 3638 639 3696 ego
662 3623 817 3679 vobis
840 3623 1003 3677 aliam
1036 3636 1269 3677 messem
1300 3622 1479 3675 albam
1517 3629 1574 3676 et
1600 3629 1850 3692 paratam
1876 3622 2126 3677 ostendo.

542 3717 679 3770 Ecce
698 3716 818 3769 dico
856 3714 1020 3778 vobis,
1051 3712 1214 3768 levate
1245 3714 1423 3769 oculos
1470 3723 1687 3780 vestros,
1717 3721 1767 3766 et
1797 3712 1962 3767 uidete
2009 3714 2135 3785 quia

531 3806 652 3878 jam
694 3804 831 3858 albae
874 3814 994 3859 sunt
1024 3804 1258 3875 regiones
1285 3804 1356 3859 ad
1399 3820 1636 3860 messem.
1689 3805 1833 3877 Ergo
1865 3821 2137 3862 messores

538 3897 806 3954 missurus
842 3905 927 3951 est
960 3895 1110 3968 [Ms.,
1147 3895 1329 3969 sum]?
1374 3896 1443 3951 In
1483 3898 1580 3951 hoc
1623 3897 1760 3951 enim
1796 3906 1871 3951 est
1924 3897 2135 3951 uerbum

539 4004 742 4051 urunt,
766 3989 891 4060 quia
915 3988 1057 4043 alius
1082 3998 1158 4043 est
1197 3990 1287 4061 qui
1322 3989 1490 4053 metit,
1513 3998 1562 4042 et
1604 3988 1743 4043 alius
1772 3989 1862 4060 qui
1888 3989 2133 4056 seminat,

542 4090 601 4139 ut
623 4090 673 4138 et
697 4082 788 4154 qui
807 4082 1051 4142 seminat,
1082 4079 1240 4133 simul
1261 4079 1487 4150 gaudeat
1516 4088 1565 4133 et
1590 4080 1681 4149 qui
1718 4080 1885 4134 metit.

614 4171 779 4228 Vsus.
795 4173 885 4227 38.
898 4169 1094 4240 -—Ego
1115 4170 1236 4223 misi
1248 4185 1335 4223 vos
1352 4177 1543 4223 metere
1559 4169 1697 4239 quod
1710 4184 1917 4223 uosnon
1929 4167 2139 4223 labora-

538 4265 661 4320 stis.
699 4262 805 4317 Alii
829 4262 1217 4324 laboraverunt,
1244 4270 1293 4313 et
1315 4274 1400 4313 ros
1416 4261 1470 4313 in
1497 4274 1678 4312 eorum
1699 4258 1930 4313 laborem
1951 4261 2139 4315 introi-

539 4357 658 4411 stis.
685 4354 825 4422 Quid
850 4349 1469 4425 ergoﬂlessoresmisit,
1491 4363 1597 4403 non
1612 4349 1985 4404 seminatorrs.
2018 4350 2138 4418 Quo

542 4444 853 4501 titessores?
875 4443 967 4497 ubi
987 4441 1100 4511 jam
1124 4441 1213 4496 alii
1230 4440 1633 4496 laboraverunt.
1666 4437 1802 4494 Nam
1818 4440 1907 4494 ubi
1933 4438 2046 4509 iam
2058 4441 2136 4496 la—

544 4537 561 4589 l
577 4542 795 4588 oratum
807 4540 945 4594 erat,
958 4532 1148 4602 utique
1170 4531 1493 4587 semiustum
1510 4537 1631 4586 erat
1647 4546 1662 4595 ;
1682 4538 1738 4585 et
1748 4530 1891 4600 quod
1901 4530 2136 4586 semina-

543 4633 817 4687 tnmerat,
832 4622 945 4692 jam
963 4630 1234 4679 maturum
1251 4622 1475 4687 factum,
1496 4621 1690 4676 falcem
1706 4630 1758 4677 et
1777 4621 2027 4676 trituram
2044 4623 2137 4677 de-

546 4714 848 4770 siderabat.
866 4714 986 4781 Quo
1002 4726 1133 4785 ergo
1157 4720 1313 4768 erant
1327 4726 1599 4768 messores
1610 4712 1894 4768 mittendi?
1912 4712 2003 4767 ubi
2021 4711 2135 4782 jam

544 4804 824 4877 prephetaa
838 4804 1271 4875 prmdicaverunt
1288 4821 1302 4857 :
1328 4803 1431 4873 ipsi
1445 4802 1590 4858 enim
1604 4803 1979 4858 seminatores.
1996 4801 2131 4858 Nam

546 4894 594 4949 si
617 4893 722 4964 ipsi
740 4906 850 4948 non
878 4892 1257 4957 seminatores,
1288 4892 1383 4947 sed
1419 4900 1879 4955 messoreserant,
1898 4892 2039 4945 unde
2066 4891 2133 4945 ad

547 4986 696 5042 ιιι-ιω
724 4985 1007 5039 mulierem
1029 4991 1370 5053 pervenerat,
1406 4996 1527 5052 quae
1552 4980 1664 5036 ait:
1701 4978 1823 5035 Scio
1845 4981 1971 5052 quia
1992 4980 2132 5036 Mes-

548 5080 659 5135 sias
694 5077 874 5133 «sit?
897 5075 1018 5131 iam
1059 5076 1164 5129 ista
1191 5074 1385 5129 mulier
1410 5073 1620 5128 fructus
1646 5079 1892 5127 maturus
1912 5080 2050 5137 erat,
2078 5082 2136 5127 et

544 5173 708 5224 erant
733 5166 869 5223 albze
897 5176 1125 5229 messes,
1150 5172 1207 5218 et
1232 5162 1424 5219 falcem
1466 5162 1798 5232 quaerebant.
1844 5159 1970 5216 Misi
2005 5176 2130 5217 eos:

549 5260 691 5330 quo?
722 5256 913 5314 κρίθη
953 5257 1094 5332 quod
1117 5273 1223 5311 non
1242 5256 1539 5311 semiuastis
1565 5267 1582 5306 :
1611 5253 1705 5308 alii
1727 5252 2131 5320 seminaverunt,

549 5359 600 5406 et
618 5368 707 5407 ros
730 5350 785 5405 in
815 5366 996 5406 eorum
1024 5350 1226 5405 labores
1266 5350 1539 5405 introistis.
1577 5349 1680 5416 Qui
1722 5349 2136 5404 laboraverunt?

552 5440 671 5510 Ipse
705 5442 1001 5507 Abraham,
1026 5442 1186 5514 505
1216 5442 1387 5507 Isaac,
1408 5449 1465 5496 et
1489 5440 1674 5498 Jacob.
1699 5442 1886 5514 Legite
1923 5442 2137 5497 labores

557 5532 767 5587 illorum
798 5551 811 5588 :
845 5536 898 5590 in
937 5535 1188 5590 omnibus
1210 5546 1399 5590 eorum
1428 5534 1702 5591 laboribus
1729 5543 1813 5590 est
1851 5533 2131 5605 prophetia

632 5715 655 5743 ιι
683 5701 971 5775 Hucusque
1002 5723 1066 5764 ex
1096 5717 1285 5766 sancto
1320 5709 1636 5780 Augustino.

2230 3242 2398 3296 vimus
2436 3248 2482 3292 et
2517 3238 2711 3296 sciurus
2734 3237 2861 3308 quia
2887 3236 2972 3293 lu'c
2995 3243 3071 3290 est
3102 3249 3219 3289 rere
3243 3232 3479 3291 Salrator
3510 3233 3721 3288 mundi.
3749 3231 3823 3288 Et

2231 3331 2335 3387 hoc
2359 3329 2636 3399 paululum
2663 3326 3200 3385 animadvertendum
3220 3332 3329 3387 est.
3363 3323 3489 3393 quia
3508 3322 3673 3378 lectio
3698 3330 3820 3377 ter-

2232 3419 2438 3476 minata
2466 3427 2570 3473 est.
2600 3417 2794 3473 Mulier
2840 3416 3016 3485 prima
3054 3416 3341 3478 nuntiavit,
3386 3422 3442 3471 et
3469 3413 3534 3469 ad
3564 3414 3821 3471 .uiulien's

2236 3508 2607 3567 testimonium
2632 3507 2981 3567 crediderunt
3018 3505 3370 3568 Ssmaritani,
3415 3513 3475 3560 et
3500 3514 3818 3575 rogaverunt

2233 3614 2359 3659 eum
2385 3608 2448 3655 ut
2474 3598 2616 3667 apud
2644 3612 2740 3653 eos
2766 3604 3050 3661 maneret;
3086 3605 3146 3651 et
3189 3596 3390 3651 mansit
3436 3596 3512 3650 ibi
3540 3597 3736 3661 buteo,
3762 3606 3817 3649 et

2236 3690 2419 3762 plures
2459 3688 2825 3745 crediderunt.
2870 3688 2938 3743 Et
2978 3703 3101 3745 cum
3144 3686 3522 3750 credidissent,
3572 3687 3819 3742 dicebant

2236 3782 2484 3840 mulieri:
2512 3780 2637 3835 Non
2653 3780 2770 3850 jam
2791 3787 3002 3850 propter
3016 3777 3233 3834 verbum
3251 3788 3403 3833 tuum
3428 3779 3713 3842 credimus,
3728 3781 3817 3834 sed

2234 3871 2335 3942 ipsi
2369 3870 2702 3941 cognovimus
2730 3879 2778 3925 et
2804 3870 3005 3925 scimus
3041 3868 3167 3938 quia
3195 3868 3281 3923 hic
3306 3878 3383 3922 est
3426 3885 3542 3925 sere
3582 3868 3816 3924 Saluator

2236 3961 2441 4021 mundi.
2479 3959 2662 4019 Primo
2697 3974 2795 4028 per
2828 3958 3060 4025 lautam,
3106 3966 3293 4028 postea
3334 3973 3433 4029 per
3456 3960 3811 4029 praesentius.

2238 4051 2334 4109 Sic
2360 4052 2540 4124 agitur
2570 4051 2730 4107 hodie
2755 4066 2881 4107 cum
2913 4049 3001 4106 eis
3023 4050 3117 4119 qui
3146 4049 3280 4105 foris
3302 4060 3456 4115 sunt,
3496 4059 3554 4107 et
3588 4051 3815 4107 inundat

2236 4153 2366 4202 sunt
2403 4143 2718 4201 Christiani.
2762 4142 3013 4199 Christus
3046 4144 3328 4205 nuntiatur
3360 4159 3460 4214 per
3488 4145 3818 4201 Christianos

2238 4236 2484 4302 amicos;
2516 4243 2774 4304 tanquam
2803 4234 2893 4289 ills
2923 4234 3170 4296 muliere,
3197 4236 3301 4291 hoc
3327 4244 3431 4300 est,
3460 4237 3699 4293 Ecclesia
3726 4256 3817 4293 sn-

2239 4329 2521 4385 nuntiaute
2539 4368 2558 4394 ,
2588 4327 2659 4382 ad
2685 4326 2960 4382 Christum
2988 4327 3233 4383 veniunt.
3270 4327 3510 4384 Crednnt
3540 4345 3639 4399 per
3662 4331 3815 4385 istam

2241 4420 2479 4486 famam;
2509 4426 2694 4474 manet
2716 4419 2857 4489 apud
2880 4432 2977 4473 eos
3003 4419 3186 4484 biduo,
3212 4420 3317 4475 hoc
3341 4429 3449 4485 est,
3473 4421 3567 4476 dat
3592 4422 3698 4477 illis
3713 4423 3817 4476 duo

2166 4495 2214 4556 D
2239 4519 2506 4582 praecepta
2532 4509 2849 4574 charitatis;
2870 4516 2928 4562 et
2952 4508 3122 4564 multo
3147 4510 3331 4579 plures
3360 4511 3417 4565 in
3443 4527 3571 4567 eum
3596 4513 3815 4568 creduit

2238 4601 2468 4664 ﬁrmius,
2493 4599 2751 4670 quoniam
2785 4613 2911 4655 rere
2933 4599 3051 4670 ipse
3077 4608 3162 4655 est
3188 4599 3348 4670 [Νι.
3376 4601 3546 4674 esset]
3577 4602 3816 4659 Salvator

2237 4688 2423 4745 mundi
2453 4701 2504 4743 ⁸.
2532 4709 2549 4742 r

2311 4792 2470 4846 Vens.
2499 4790 2688 4847 45-“.
2713 4820 2785 4833 -~
2815 4791 2944 4847 Post
2964 4792 3098 4846 duos
3120 4800 3295 4848 autem
3316 4795 3431 4848 dies
3448 4795 3578 4849 exiit
3604 4795 3741 4857 inde,
3766 4806 3811 4848 et

2234 4883 2360 4937 abiit
2384 4884 2439 4936 in
2458 4881 2755 4937 Galila'am.
2790 4881 2910 4953 Ipse
2929 4884 3070 4938 enim
3097 4884 3254 4939 Iesus
3279 4886 3633 4941 testimonium
3654 4888 3815 4958 perbi-

2235 4975 2341 5028 buit
2362 4991 2380 5028 :
2402 4974 2529 5044 quia
2555 4982 2803 5044 propheta
2840 4975 2897 5029 in
2924 4990 3023 5030 sua
3050 4977 3225 5046 putris
3247 4977 3498 5032 honorent
3517 4994 3624 5032 non
3646 4977 3811 5033 habet.

2234 5068 2581 5123 Conﬁrmatis
2607 5082 2736 5123 vero
2764 5068 2819 5122 in
2848 5068 2953 5123 ﬁde
2979 5077 3034 5124 et
3060 5069 3326 5125 cbaritate
3354 5070 3728 5133 Samaritsnis,
3762 5071 3814 5126 id

2234 5168 2320 5215 est
2379 5158 2644 5215 Gentibus
2667 5200 2682 5223 ,
2739 5159 3033 5214 revertitur
3077 5162 3387 5217 novissimis
3428 5161 3624 5218 diebus
3662 5164 3813 5233 huius

2237 5249 2418 5303 aemili
2459 5247 2515 5302 in
2557 5249 2809 5319 patriam,
2836 5248 2890 5303 in
2912 5262 3018 5317 qua
3044 5252 3279 5305 necdum
3318 5251 3580 5306 honorem
3611 5250 3809 5306 habuit.

2239 5339 2314 5394 De
2341 5352 2446 5409 qua
2472 5339 2588 5407 ipse
2616 5339 2669 5392 in
2713 5337 2816 5394 hoc
2861 5339 3253 5403 locoteststur,
3288 5343 3412 5410 quia
3452 5343 3715 5413 propheta
3760 5358 3813 5398 ru

2237 5444 2332 5483 sua
2360 5428 2536 5496 triatria
2567 5427 2827 5484 honorem
2857 5443 2963 5485 non
2991 5430 3171 5485 habet.
3211 5429 3270 5485 in
3299 5432 3473 5502 patria
3506 5446 3637 5487 rem
3657 5431 3815 5487 mira-

2237 5520 2356 5575 cula
2402 5519 2548 5587 fecit,
2584 5529 2632 5574 et
2665 5533 2768 5576 non
2812 5523 3157 5580 crediderunt
3194 5524 3247 5579 in
3275 5540 3440 5590 cum;
3480 5526 3533 5579 in
3573 5525 3813 5582 Samaria

2607 5838 2629 5873 ο
