4020 6186
305 283 409 349 801

1134 283 1551 343 EXEGETICA.
1607 314 1637 328 -
1684 284 2043 343 COMMENT.
2086 286 2153 343 IN
2192 287 2384 347 JOAN.
2428 319 2496 330 --
2534 290 2662 353 LIB.
2696 293 2758 348 ll.

3474 304 3592 357 Μ

301 414 413 456 non
441 395 595 458 fecit,
623 403 803 453 tamen
828 394 1198 461 crediderunt.
1231 395 1392 451 unius
1414 395 1630 454 t'eminai
1660 397 1899 453 testimo-
1922 402 1971 461 Α
1995 395 2153 467 jussu
2180 396 2411 453 salutem
2442 398 2697 465 reddidit,
2720 401 2818 471 qui
2850 401 3125 459 voluntate
3146 403 3331 459 omnia
3357 407 3585 461 creavit.

303 506 396 545 nio
445 486 678 542 incitati.
738 483 966 539 Mundus
1012 485 1245 545 credidit
1286 485 1595 555 apostolicae
1640 486 1895 543 Ecclesia!

299 579 705 650 praedicatione,
733 590 855 647 quae
876 585 962 631 est
980 591 1083 631 una
1106 575 1375 643 columba,
1402 576 1683 642 incitatus;
1707 578 1896 648 patria:

298 687 432 729 vero
456 680 705 735 terrenae,
734 684 832 724 nec
864 667 981 738 ipse
1004 666 1223 725 Christo
1242 669 1587 738 pra-dicantc,
1613 670 1716 724 nisi
1737 669 1895 740 pauci

299 763 670 817 eruituerunt.
716 759 785 814 Et
826 759 931 814 hoc
976 768 1060 814 est
1100 759 1244 829 quod
1284 760 1337 814 in
1368 759 1476 813 alio
1506 759 1624 813 loco
1653 758 1895 828 ejusdem

302 855 458 929 μισ..
490 851 672 927 hujus]
704 853 980 922 Evangelii
1023 852 1139 906 ait:
1181 851 1289 918 Qui
1329 852 1491 907 credit
1528 853 1584 906 in
1610 867 1711 919 me,
1737 867 1895 922 opera

296 964 419 1018 qua!
441 962 534 1017 ego
555 945 716 1015 facio,
757 953 805 998 et
849 944 959 1014 ipse
988 942 1164 1007 faciet,
1201 952 1249 997 et
1278 942 1484 1013 majora
1521 942 1712 997 horum
1737 942 1893 1012 faciet

298 1044 485 1116 (Ioau.
521 1056 635 1105 xw,
666 1038 776 1109 η).
819 1038 1020 1109 Majora
1055 1051 1221 1108 opera
1265 1036 1484 1092 luerunt
1514 1037 1680 1092 totius
1708 1035 1893 1093 mundi

300 1138 439 1193 ﬁdes
463 1149 563 1205 per
588 1130 940 1203 apostolicam
965 1129 1428 1201 pradicationem,
1458 1143 1618 1198 quam
1647 1126 1888 1192 Christi;

298 1227 394 1298 qui
438 1226 492 1280 in
517 1223 704 1279 Iudaea
732 1236 937 1292 paucos
974 1220 1267 1277 admodum
1304 1218 1564 1283 salvavit,
1598 1218 1652 1273 in
1683 1225 1891 1273 tantum

296 1330 531 1387 paucos,
571 1320 631 1368 ut
655 1311 904 1381 discipuli
932 1310 1016 1368 sui
1051 1325 1191 1380 pene
1211 1324 1423 1375 omnes,
1458 1316 1656 1379 pnnter
1691 1309 1893 1365 duode-

298 1410 427 1471 cim,
456 1405 763 1463 dimiserint
795 1419 942 1467 eum,
971 1402 1115 1459 sicut
1135 1401 1341 1458 dictum
1370 1409 1487 1458 est:
1513 1400 1601 1456 Ea:
1618 1402 1716 1455 hoc
1736 1399 1891 1455 multi

297 1496 676 1570 discipulorum
698 1495 813 1566 ejus
840 1495 1083 1549 abierunt
1115 1502 1280 1558 retro,
1305 1503 1353 1553 et
1374 1492 1492 1562 jam
1518 1508 1636 1547 cum
1669 1490 1761 1545 illo
1785 1508 1890 1547 non

294 1589 635 1647 ambulabant
662 1586 843 1657 (Joan.
884 1602 960 1651 v1,
990 1584 1102 1656 67).
1134 1584 1321 1656 (Vens.
1349 1581 1464 1656 45.)
1492 1580 1624 1639 Cum
1653 1599 1776 1653 ergo
1802 1599 1886 1638 ve-

296 1683 454 1737 nisset
481 1681 536 1733 ia
564 1677 871 1740 Galilaam,
910 1686 1224 1747 exceperunt
1268 1675 1433 1749 [eum]
1481 1674 1723 1741 Galitwi,
1767 1691 1887 1729 cum

1999 485 2115 554 Qua
2134 486 2189 542 in
2212 501 2270 542 re
2296 486 2400 541 hoc
2420 497 2503 543 cst
2522 490 2682 546 nobis
2699 490 2927 547 solerter
2950 492 3288 561 intuendum,
3309 496 3585 565 quoniam,

1995 575 2155 642 sicut,
2184 576 2293 631 alio
2312 579 2643 649 evangelista
2669 589 2978 649 attestante,
3004 583 3313 651 didicimus,
3338 588 3589 643 centurio

1996 667 2065 721 ad
2095 667 2378 721 Dotninum
2406 669 2555 724 venit
2582 669 2767 726 (licens
2792 689 2805 725 :
2849 671 3090 741 Domine,
3114 691 3247 745 puer
3273 692 3418 731 meus
3432 677 3584 747 jacet

1993 757 2317 828 paralyticus
2358 759 2413 813 in
2453 759 2641 826 domo,
2671 771 2717 815 et
2748 762 2883 816 male
2925 772 3213 833 torquetur.
3257 765 3356 821 Cui
3392 759 3423 822 a
3452 766 3581 825 Jcsu

1994 849 2243 916 protinus
2280 853 2673 920 reSpondeturt
2717 853 2828 923 Ego
2879 856 3203 921 veniam,.et
3243 858 3438 914 curabo
3463 878 3583 915 eum

1996 937 2213 1010 (Matth.
2243 954 2363 1005 vm,
2392 941 2446 1005 6,
2494 940 2568 1011 7).
2617 940 2757 1008 Quid
2797 952 2881 998 est
2909 947 3050 1013 quod
3082 948 3301 1018 regulus
3330 962 3483 1020 rogat
3523 960 3586 1008 ut

1993 1029 2063 1084 ad
2084 1029 2202 1100 ejus
2228 1029 2397 1085 tilium
2429 1032 2633 1095 veniat,
2659 1043 2713 1087 et
2740 1041 2920 1088 tamen
2948 1036 3301 1105 corporaliter
3324 1038 3404 1093 ire
3429 1054 3586 1095 recu-

1993 1128 2117 1187 sat;
2145 1121 2214 1176 ad
2235 1136 2452 1176 servum
2478 1137 2608 1178 vero
2636 1126 2968 1181 centurionis
2988 1142 3094 1182 non
3118 1128 3399 1195 invitatur,
3426 1140 3481 1186 et
3504 1140 3584 1185 ta-

1992 1228 2117 1269 men
2145 1227 2205 1269 se
2232 1216 2590 1285 corporaliter
2632 1218 2713 1273 ire
2755 1219 3080 1289 pollicetur?
3118 1221 3309 1292 Reguli
3338 1224 3450 1279 tilio
3486 1240 3586 1294 per

1988 1302 2327 1373 corporalem
2356 1306 2702 1374 praesentiam
2733 1323 2839 1363 non
2869 1311 3124 1381 dignatur
3147 1312 3358 1380 adesse,
3397 1328 3585 1369 centu-

1993 1391 2163 1447 riouis
2189 1408 2348 1447 servo
2371 1408 2480 1448 non
2506 1394 2828 1467 dedignatur
2847 1412 3158 1454 occurrere.
3186 1399 3326 1467 Quid
3347 1409 3433 1457 est
3450 1403 3579 1467 hoc,

1990 1481 2096 1537 nisi
2117 1482 2261 1551 quod
2294 1484 2546 1553 superbia
2585 1495 2772 1541 nostra
2810 1489 3146 1553 retunditur,
3171 1490 3265 1559 qui
3302 1491 3356 1545 in
3402 1493 3579 1547 horni-

1990 1573 2150 1628 nibus
2180 1588 2288 1629 non
2317 1582 2590 1639 naturam,
2619 1591 2726 1646 qua
2748 1577 2817 1632 ad
2845 1578 3133 1651 imaginem
3161 1581 3255 1635 Dei
3279 1580 3406 1638 lacti
3430 1592 3577 1648 sunt,

1988 1665 2085 1720 sed
2118 1664 2351 1723 honores
2376 1674 2431 1720 et
2460 1667 2677 1724 divitias
2703 1672 3071 1725 veneramur?
3103 1669 3348 1744 Cumque
3383 1690 3580 1745 pensa-

294 1771 473 1828 omnia
503 1770 746 1825 uidissent
765 1785 883 1839 (μιαν
911 1744 1105 1837 fecerat
1136 1744 1516 1838 Hierosolymis
1535 1783 1591 1821 tn
1617 1766 1703 1821 die
1728 1767 1884 1837 festo,
1920 1744 1962 1803 Β
1991 1769 2111 1810 mus
2134 1770 2255 1826 qua:
2281 1756 2426 1812 circa
2459 1772 2556 1814 eos
2581 1768 2728 1826 sunt,
2776 1761 3019 1831 profecto
3052 1763 3311 1819 interiora
3356 1744 3580 1825 minime

291 1872 343 1916 et
370 1862 470 1930 ipsi
498 1859 843 1915 ascenderunt
872 1858 941 1913 ad
971 1859 1112 1913 diem
1146 1859 1384 1929 festum;
1422 1856 1562 1914 forte
1589 1857 1884 1914 miraculo-

295 1968 414 2007 rum
444 1951 758 2007 curiositate
788 1949 1021 2014 incitati,
1050 1964 1157 2005 non
1188 1949 1465 2013 voluntate
1484 1948 1884 2018 pmdieationis

291 2043 592 2098 audientiae.
642 2042 829 2113 (Vsus.
865 2040 982 2111 46.)
1025 2039 1169 2095 Venit
1212 2055 1339 2111 ergo
1385 2041 1573 2095 iterum
1608 2040 1780 2095 Iesus
1826 2041 1883 2095 in

290 2133 439 2188 Caua
469 2132 724 2196 Galila'a',
751 2132 837 2187 ubi
862 2149 1055 2204 aquam
1081 2131 1257 2187 uiuunt
1280 2132 1423 2203 fecit.
1449 2130 1613 2199 Quasi
1641 2132 1880 2188 diceret:

289 2225 552 2292 Quamvis
574 2225 730 2295 plena
753 2225 945 2281 domus
969 2233 1115 2281 esset
1143 2225 1616 2290 discumbentium,
1654 2225 1744 2281 ubi
1782 2226 1883 2280 nti-

289 2318 533 2372 raculum
564 2318 616 2372 in
643 2325 934 2386 conspectu
973 2317 1193 2372 illorum
1237 2316 1363 2373 fecit
1394 2316 1669 2382 Christus,
1701 2327 1880 2373 tamen

287 2409 444 2478 pauci
481 2409 825 2464 crediderunt
854 2408 907 2463 in
943 2422 1098 2471 eum,
1154 2409 1366 2463 dicente
1393 2408 1723 2479 evangelista
1754 2426 1768 2464 :
1809 2408 1882 2464 Et

286 2500 617 2554 crediderunt
648 2501 702 2555 in
728 2516 847 2554 euut
886 2498 1130 2572 discipuli
1164 2499 1298 2570 ejus.
1328 2500 1401 2555 Et
1421 2499 1650 2556 forsitan
1689 2502 1759 2556 ad
1785 2517 1881 2556 ve-

287 2592 599 2646 recundiam
630 2592 834 2646 dictum
857 2600 941 2647 est
965 2592 1162 2647 civium
1200 2607 1424 2648 suorum
1446 2634 1463 2658 ,
1487 2600 1544 2649 et
1566 2595 1637 2650 ad
1664 2596 1879 2652 laudem

284 2683 747 2754 alienigenarum;
780 2700 906 2739 nam
935 2684 1142 2740 Galikei
1166 2684 1316 2740 cives
1333 2684 1552 2741 fuerunt
1571 2686 1802 2754 Christi,
1821 2697 1880 2745 et

286 2773 614 2839 Samaritani
638 2774 966 2845 alienigena:
998 2775 1237 2839 fuerunt,
1285 2784 1345 2829 ut
1378 2774 1435 2829 in
1478 2790 1634 2832 sacra
1683 2777 1880 2849 legitur

287 2863 537 2921 historia.

779 2953 945 3028 506
977 2955 1204 3013 CAPUT
1247 2956 1380 3012 vut.

288 3049 471 3121 Reguli
496 3050 773 3121 cujusdam
796 3049 941 3119 ﬁlius
968 3060 1229 3174 u'grqtans
1258 3050 1485 3107 absentis
1510 3051 1723 3107 Domini
1755 3068 1875 3107 τοι-θ

955 3137 1086 3174 sana
1112 3137 1195 3174 ur.

955 3137 1195 3175 sanatur.

367 3236 518 3293 Vsus.
548 3236 636 3291 46.
663 3266 735 3276 —
763 3236 897 3291 Erat
922 3246 1096 3291 autem
1119 3238 1337 3308 quidam
1363 3239 1595 3310 regulus,
1629 3241 1783 3311 cujus
1809 3242 1875 3311 [i-

283 3330 391 3383 lius
412 3327 785 3396 inﬁrmabatur
803 3326 1196 3398 Capharnaum.
1228 3330 1467 3401 Regulus
1486 3347 1617 3387 vero
1643 3334 1879 3388 diminu-

283 3421 455 3476 tivum
482 3434 681 3475 nomen
705 3428 789 3474 est
810 3435 841 3473 a
866 3432 1024 3490 rege;
1052 3428 1109 3475 et
1138 3422 1261 3477 ideo
1285 3421 1509 3479 vorsitan
1543 3424 1760 3497 regulus
1795 3428 1891 3481 di-'

282 3515 431 3568 citur
452 3513 576 3576 iste,
594 3512 688 3582 qui
711 3512 940 3568 salutem
964 3515 1211 3583 poposcit
1235 3514 1346 3571 lilio
1365 3532 1489 3583 suo,
1512 3520 1638 3589 quia
1660 3520 1873 3589 plenam

285 3620 394 3657 nos:
425 3603 609 3658 'ahult
634 3602 814 3658 ﬁdem.
844 3603 1073 3670 lluhuit,
1100 3613 1157 3660 et
1185 3618 1290 3661 non
1321 3608 1529 3676 habuit,
1571 3611 1690 3666 ideo
1724 3614 1877 3667 audi-

283 3696 367 3748 vit
393 3707 410 3745 :
453 3693 638 3763 (Vitas.
663 3691 785 3762 48.)
811 3692 935 3746 Nisi
955 3693 1109 3764 signa
1135 3704 1182 3749 et
1210 3698 1740 3768 prodigia‘videritis,
1770 3714 1874 3758 non

282 3782 519 3837 creditis.
550 3800 570 3833 ε
604 3795 631 3823 ι
658 3782 765 3849 Qui
809 3783 952 3839 enim
1000 3784 1231 3841 sakitem
1276 3791 1555 3857 quaerebat
1598 3806 1696 3861 pro
1726 3793 1869 3857 lilio,

281 3872 474 3943 pmcul
514 3872 677 3928 dubio
701 3873 960 3929 credebat
988 3892 1002 3927 :
1032 3891 1209 3946 neque
1240 3878 1383 3931 enim
1418 3879 1486 3931 ah
1511 3894 1581 3934 eo
1608 3896 1875 3949 quaereret

283 3966 531 4030 salutem,
561 3980 724 4035 quem
744 3982 851 4022 non
877 3968 1124 4023 crederet
1157 3969 1516 4025 Salvatorem.
1544 3972 1722 4038 Quare
1746 3986 1875 4042 ergo

281 4058 500 4120 dicitur,
528 4057 631 4113 nisi
656 4058 811 4129 signa
833 4067 889 4114 et
918 4060 1162 4132 prodigia
1188 4061 1453 4127 videritis,
1493 4080 1599 4120 non
1630 4066 1871 4135 creditis,

281 4148 377 4217 qui
396 4157 534 4202 ante
555 4147 808 4204 credebat
828 4166 992 4220 quam
1019 4166 1231 4223 signum
1250 4153 1489 4208 videret?
1508 4152 1615 4211 Sed
1634 4171 1870 4213 memen-

280 4247 401 4294 tote
437 4239 580 4308 quod
617 4241 792 4309 petiit,
824 4249 879 4296 et
906 4250 1092 4312 aperte
1134 4244 1470 4314 cognoscetis
1498 4246 1625 4314 quia
1671 4246 1724 4301 in
1766 4247 1872 4306 ﬁde

278 4328 573 4385 dubitavit.
619 4329 864 4401 Poposcit
890 4346 1129 4404 namque
1155 4342 1216 4389 ut
1243 4334 1598 4391 descenderet
1634 4344 1689 4392 et
1712 4351 1870 4393 sana-

1986 1846 2349 1917 pervidemus.
2375 1848 2512 1907 Dum
2530 1865 2595 1905 ea
2616 1852 3025 1910 eo..sideramus
3040 1871 3161 1925 quae
3183 1856 3238 1911 in
3258 1860 3580 1929 corporibus

1985 1937 2239 2009 despecta
2263 1948 2408 2007 sunt,
2425 1941 2748 2013 negligimus
2767 1960 2998 2016 pensare
3019 1948 3160 2017 quod
3182 1958 3325 2004 sunt.
3347 1940 3576 2007 Redem-

1983 2037 2107 2097 ptor
2130 2044 2259 2084 vero
2302 2039 2509 2099 noster,
2548 2040 2608 2087 ut
2648 2035 2961 2092 ostenderet
2986 2038 3112 2106 quia
3156 2054 3278 2110 qua:
3307 2041 3416 2096 alta
3449 2052 3577 2098 sunt

1984 2120 2284 2187 hominum,
2314 2124 2518 2179 sanctis
2543 2124 2892 2196 despicienda
2916 2137 3073 2196 sunt;
3097 2140 3153 2186 et
3175 2147 3296 2201 quae
3325 2134 3576 2204 despecta

1982 2220 2109 2267 sunt
2138 2213 2441 2283 hominum,
2472 2216 2818 2286 despicienda
2858 2234 2965 2275 non
2994 2232 3120 2277 sunt
3149 2225 3372 2291 sanctis,
3412 2228 3483 2282 ad
3511 2228 3577 2282 ηρ

1983 2302 2112 2359 lium
2147 2306 2318 2377 reguli
2350 2308 2431 2363 ire
2469 2309 2660 2377 noluit,
2693 2319 2752 2367 et
2787 2313 2854 2368 ad
2880 2328 3097 2371 servum
3127 2320 3462 2377 centurionis
3498 2323 3577 2378 ite

1981 2406 2205 2467 paratus
2230 2400 2348 2455 fuit.
2381 2403 2767 2475 Inerepata‘est
2786 2422 2919 2477 ergo
2942 2412 3189 2479 superbia
3212 2422 3419 2479 nostra,
3452 2430 3575 2485 quis

1981 2487 2156 2541 nescit
2183 2502 2411 2558 pensare
2434 2492 2684 2548 homines
2703 2504 2927 2566 propter
2950 2499 3213 2555 homines.
3239 2500 3388 2567 Sola,
3414 2513 3473 2557 ut
3496 2505 3578 2560 di-

1980 2578 2184 2642 ximus,
2205 2595 2327 2648 qua:
2350 2582 2708 2639 circumstant
2731 2586 3058 2654 hominibus,
3082 2600 3296 2659 pensat,
3322 2605 3573 2651 naturam

1982 2688 2087 2729 non
2114 2676 2325 2745 aspicit,
2356 2676 2615 2733 honorem
2644 2678 2743 2736 Dei
2765 2681 2817 2734 in
2843 2681 3153 2738 hominibus
3174 2698 3280 2740 non
3301 2689 3571 2757 agnoscit.

1980 2766 2116 2821 Ecce
2152 2767 2230 2822 ire
2258 2781 2364 2822 non
2391 2767 2503 2821 vult
2531 2767 2701 2825 Filius
2735 2771 2830 2826 Dei
2856 2773 2925 2827 ad
2960 2772 3128 2827 lilium
3157 2775 3350 2845 reguli,
3382 2786 3438 2831 et
3483 2785 3568 2833 ta-

1978 2873 2100 2913 men
2132 2859 2316 2914 venire
2343 2869 2566 2929 paratus
2587 2869 2675 2917 est
2695 2863 2764 2918 ad
2792 2863 3019 2925 salutem
3043 2866 3186 2921 servi
3214 2867 3263 2920 ι).
3297 2886 3316 2919 ι
3352 2868 3465 2925 lloc
3487 2882 3574 2927 est

1976 2948 2120 3019 quod
2162 2950 2451 3019 Apostolus
2493 2953 2603 3007 ait:
2650 2953 2873 3024 Inﬁnita
2905 2957 3086 3011 mundi
3122 2956 3271 3030 elegit
3310 2959 3472 3029 Deus,
3513 2970 3569 3017 ut

1976 3046 2265 3116 confundat
2294 3047 2454 3117 fortia
2485 3047 2537 3121 (ι
2568 3046 2693 3105 Cor.
2722 3067 2763 3116 ι,
2792 3049 2907 3124 27).

1930 3135 1948 3157 ⁸
2048 3148 2212 3203 Vens.
2239 3148 2331 3214 50,
2359 3149 2454 3215 5|,
2481 3148 2569 3204 5%.
2599 3181 2670 3193 -—
2692 3150 2925 3207 Credidit
2950 3153 3103 3207 homo
3130 3155 3381 3219 sermoni,
3416 3170 3571 3226 quem

1974 3238 2108 3292 dixit
2145 3240 2194 3293 ei
2226 3238 2403 3305 Iesus,
2431 3249 2480 3294 ct
2507 3240 2633 3295 ibat.
2664 3240 2857 3311 Incipit
2881 3242 3024 3296 enim
3041 3240 3155 3311 jam
3186 3241 3345 3297 fidem
3370 3244 3573 3300 habere

1976 3330 2031 3383 in
2059 3344 2309 3385 sermone
2333 3329 2495 3397 Iesu,
2535 3341 2590 3386 et
2615 3330 2736 3387 ideo
2767 3322 3053 3388 sanitatem
3097 3334 3294 3389 meruit
3336 3334 3475 3402 lilii;
3518 3349 3571 3385 ειν

1975 3419 2066 3488 qni
2089 3434 2155 3474 ex
2179 3429 2336 3491 parte
2364 3421 2561 3476 dubius
2587 3424 2758 3488 venit,
2788 3423 2963 3479 lldelis
2987 3426 3232 3491 recessit,
3261 3435 3314 3481 et
3337 3426 3458 3481 ideo
3482 3443 3568 3482 sa—

1976 3512 2199 3565 nitatem
2228 3513 2426 3567 meruit
2455 3512 2570 3566 lilii.
2597 3513 2721 3567 Iunt
2744 3522 2918 3569 autem
2949 3531 3010 3569 eo
3045 3516 3408 3581 descendente,
3434 3524 3568 3573 serti

1976 3612 2315 3657 occurrerunt
2364 3602 2435 3668 ei,
2482 3606 2782 3656 nuntiantes
2828 3604 2969 3672 quod
3012 3602 3157 3671 ﬁlius
3201 3606 3317 3674 ejus
3356 3608 3563 3661 vireret.

1975 3693 2323 3763 Interrogavit
2347 3710 2470 3763 ergo
2493 3693 2681 3746 horam
2709 3693 2773 3746 ab
2797 3695 2895 3759 eis,
2926 3695 2982 3749 in
3015 3712 3121 3766 qua
3152 3697 3336 3753 melius
3364 3700 3563 3756 Itabaca

1978 3791 2078 3834 ινιτ.
2103 3782 2361 3835 Dixerunt
2391 3784 2440 3835 ei
2464 3797 2481 3835 :
2512 3780 2650 3847 Quia
2678 3782 2793 3836 lteri
2818 3783 2949 3839 hora
2971 3788 3190 3857 septima
3214 3789 3422 3862 reliquit
3445 3810 3562 3847 cum

1976 3871 2155 3939 febris.
2179 3870 2301 3940 Sept
2312 3870 2531 3926 enarius
2553 3886 2811 3928 numerus
2830 3877 3202 3935 sanctiﬁcatus
3222 3889 3305 3935 est
3332 3883 3381 3937 in
3409 3883 3565 3941 donis

1977 3963 2212 4033 Spiritus
2239 3963 2438 4028 sancti,
2465 3963 2518 4017 in
2547 3978 2657 4033 quo
2684 3966 2889 4022 sanitas
2932 3969 3183 4024 omnibus
3220 3974 3564 4032 credentibus

1975 4066 2210 4124 constat,
2246 4058 2373 4128 quin
2408 4058 2465 4113 in
2502 4067 2693 4114 sancto
2717 4057 2942 4128 Spiritu,
2972 4059 3063 4129 qui
3097 4069 3180 4115 est
3209 4061 3407 4116 donum
3442 4064 3559 4129 Dci,

1976 4149 2226 4204 remissio
2240 4157 2327 4205 est
2348 4151 2589 4206 omnium
2611 4159 2957 4222 peccatorum
2986 4152 3355 4208 credentibus.
3380 4153 3565 4225 Septo-

1973 4243 2159 4298 narius
2183 4258 2396 4314 quoque
2422 4258 2702 4310 numerus,
2732 4245 2778 4300 si
2808 4245 3067 4301 dividitur
3093 4246 3146 4301 in
3179 4246 3280 4301 tria
3325 4255 3382 4302 et
3427 4262 3564 4319 qua-

1946 4344 2118 4400 .tuor,
2146 4345 2389 4393 sanctam
2415 4339 2734 4394 Trinitatem
2772 4339 3041 4411 signiﬁcat
3086 4339 3138 4394 in
3184 4340 3411 4395 trinario
3455 4355 3562 4396 nu-

280 4430 371 4477 ret
397 4420 565 4477 Ilium
591 4420 726 4490 ejus.
754 4423 1100 4494 Corporalem
1126 4436 1256 4511 ergo
1281 4428 1625 4500 praesentiam
1656 4430 1864 4486 Domini
1888 4444 1948 4502 ὐ
1974 4440 2124 4481 mero
2150 4434 2258 4491 ;'et
2277 4429 2516 4482 omnium
2539 4437 2910 4485 creaturarum
2932 4430 3321 4500 perfectionem
3350 4431 3404 4487 in
3429 4447 3566 4501 quae-

282 4512 585 4583 quanebst,
613 4514 705 4582 qui
741 4529 837 4584 per
862 4516 1404 4588 spiritum-nusquam
1437 4519 1647 4576 deerat.
1696 4519 1873 4579 Minus

282 4603 471 4672 itaque
496 4602 548 4657 in
576 4602 668 4658 illo
697 4604 947 4669 credidit,
985 4614 1147 4675 quem
1176 4622 1283 4664 non
1311 4611 1519 4679 putavit
1542 4628 1702 4683 posse
1730 4615 1874 4670 salu-

285 4702 395 4748 tem
416 4693 567 4759 dare,
595 4694 700 4749 nisi
720 4706 1126 4765 pmsens'esset
1154 4707 1209 4754 et
1228 4710 1473 4772 corpore.
1502 4703 1560 4758 Si
1581 4705 1724 4760 enim
1748 4721 1872 4776 pcr-

282 4783 427 4840 l'ectc
442 4784 787 4852 credidisset,
811 4788 1003 4857 procul
1038 4789 1202 4847 dubio
1234 4792 1398 4848 sciret
1422 4794 1547 4863 quia
1584 4810 1692 4851 non
1731 4806 1875 4854 esset

283 4875 455 4939 locus,
484 4875 716 4931 ubituon
740 4887 883 4934 esset
904 4878 1172 4935 Deus-Ek
1201 4896 1393 4954 magna
1422 4894 1551 4957 ergo
1580 4897 1736 4957 parte
1771 4874 1891 4943 dif?

281 4964 630 5037 fusus:[«.lls.,
679 4967 911 5041 diuisus}
952 4979 1068 5035 est,
1113 4971 1238 5041 quia
1270 4971 1545 5029 honorem
1578 4990 1686 5032 non
1728 4970 1891 5034 dedit

280 5057 572 5127 inajeststi,
590 5060 699 5143 sed
716 5063 1019 5131 praesentes
1040 5064 1339 5135 corporali:
1361 5075 1416 5122 et
1441 5067 1667 5125 salutem
1691 5062 1889 5143 itaque

281 5149 407 5204 nm
420 5150 593 5220 petiit,
624 5142 895 5209 alumen
927 5156 981 5211 in
1010 5156 1114 5213 ηδε
1145 5157 1428 5247 dubitavit,
1475 5162 1602 5225 quia
1647 5142 1873 5218 eamad

278 5251 446 5311 quem
478 5247 699 5296 venerat
727 5250 782 5299 et
806 5253 1080 5313 potentem
1113 5247 1508 5305 ad'curandum
1540 5251 1789 5316 credidit,
1818 5262 1872 5309 et

281 5338 468 5384 tamen
500 5332 768 5388 morienti
815 5328 928 5389 ﬁlio
973 5350 1097 5391 esse
1140 5339 1419 5397 absentem
1456 5341 1666 5412 putavit
1704 5342 1870 5398 Deum

280 5419 464 5494 (Apud
490 5419 648 5494 Greg.
677 5424 839 5490 deest,
866 5427 1079 5499 Deum).
1112 5427 1221 5484 Sed
1246 5433 1873 5508 Dominusqui'rogatur

280 5518 342 5564 ut
377 5510 560 5577 vadat,
595 5514 723 5583 quia
748 5518 856 5571 non
883 5515 1025 5571 desit
1049 5517 1139 5573 ubi
1163 5518 1441 5596 invitatur,
1476 5518 1677 5582 indicat
1714 5544 1727 5580 :
1758 5529 1871 5583 solo

356 5692 380 5721 α
414 5682 492 5737 Ex
526 5696 714 5744 sancto
743 5689 1026 5764 Gregorio,
1060 5691 1204 5748 hom.
1234 5693 1322 5760 28,
1352 5710 1499 5751 num.
1542 5699 1593 5769 l,
1614 5701 1665 5753 2.

1974 4519 2244 4584 ternario,
2287 4527 2508 4590 propter
2535 4531 2768 4590 quatuor
2802 4521 3068 4578 elementa
3113 4523 3355 4593 plenaria
3403 4522 3567 4596 μη..

1972 4609 2249 4682 plenalia],
2278 4617 2336 4663 et
2359 4618 2591 4679 quatuor
2611 4610 2797 4683 plagas
2824 4614 3033 4681 mundi,
3064 4624 3121 4670 et
3156 4624 3388 4685 quatuor
3429 4618 3565 4673 anni

1976 4710 2234 4770 tempora.
2267 4699 2398 4768 Qua:
2436 4701 2618 4757 omnia
2646 4719 2713 4759 ex
2757 4703 2896 4776 ipso,
2942 4715 2999 4763 et
3037 4723 3136 4778 per
3165 4707 3376 4778 ipsum,
3417 4717 3473 4766 et
3504 4712 3567 4767 im

1975 4792 2091 4863 ipso
2111 4799 2291 4847 creata
2321 4800 2468 4858 sunt,
2495 4802 2744 4850 constant
2773 4803 2828 4851 et
2855 4798 3247 4866 gubernantur,
3287 4800 3569 4870 quomodo.

1975 4881 2129 4953 υἷι,
2153 4881 2429 4955 quoniam]
2473 4885 2529 4939 in
2558 4885 2669 4955 ipso
2709 4886 2955 4950 vivimus,
2991 4903 3257 4943 moremur
3293 4896 3341 4943 et
3375 4904 3569 4946 sumus

1976 4970 2112 5041 (Act.
2146 4987 2281 5036 xm,
2308 4972 2421 5045 28).

2032 5082 2205 5155 ’507
2227 5086 2395 5142 Vens.
2434 5082 2523 5141 53.
2564 5116 2631 5126 —-
2669 5086 2920 5158 Cognovit
2962 5106 3084 5159 ergo
3123 5101 3272 5162 pater
3306 5090 3432 5162 quia
3461 5088 3563 5146 illis

1973 5174 2103 5229 liora
2138 5185 2249 5229 erat
2275 5179 2330 5231 in
2354 5195 2457 5249 qua
2481 5178 2613 5232 dixit
2636 5179 2684 5232 ei
2713 5179 2869 5234 Iesus
2896 5197 2915 5234 :
2954 5178 3128 5235 Filius
3151 5196 3274 5236 tuus
3311 5182 3453 5235 vivit.
3483 5179 3562 5237 Et

1973 5260 2189 5319 credidit
2207 5268 2333 5336 ipse,
2360 5276 2407 5321 et
2432 5268 2619 5323 donms
2641 5269 2759 5340 ejus
2786 5279 2917 5334 tota,
2942 5272 3068 5340 quia
3094 5271 3381 5327 nuntiatus
3401 5278 3486 5327 est
3504 5270 3560 5330 ci

1974 5356 2117 5411 filius
2138 5354 2256 5425 ejus
2286 5372 2469 5412 satius.
2510 5358 2590 5412 Ad
2613 5358 2788 5413 solum
2810 5375 2941 5431 ergo
2968 5376 3274 5418 sermonem
3306 5360 3553 5416 credide-

1975 5452 2102 5501 runt
2126 5447 2306 5518 plures
2336 5446 2669 5503 Samaritani
2694 5465 2708 5513 ;
2735 5450 2802 5503 ad
2831 5446 2957 5505 illud
3008 5460 3190 5506 autem
3232 5450 3555 5509 miraculum

1973 5537 2084 5592 sola
2112 5531 2732 5606 domuslillalercdidit.
2772 5542 2902 5609 Quae
2957 5556 3043 5600 res
3077 5546 3349 5616 protendit
3397 5543 3550 5617 [Ms.,

2046 5710 2072 5751 δ
2104 5709 2391 5784 Hucusquc
2422 5729 2487 5769 ex
2520 5724 2705 5774 sancto
2730 5715 3013 5788 Gregorio.

3311 5838 3361 5852 σοι»
