4020 6186
527 296 633 354 803

1395 289 1455 344 Β.
1494 288 1556 344 F.
1594 285 1814 343 ALBINI
1854 283 1984 340 SEU
2026 279 2300 336 ALCUINI
2333 280 2614 336 OPERUM
2651 279 2830 337 PARS
2868 280 2930 337 ﬂ.

3675 282 3792 337 8οι

529 402 822 477 portendit]
849 404 901 458 in
929 399 1270 457 multitudine
1320 399 1479 454 ﬁdem
1503 399 1776 461 Gentium,
1805 409 1860 452 et
1885 397 1938 450 in
1967 411 2096 466 pau-
2125 396 2170 452 Α
2201 407 2327 448 vero
2352 395 2504 464 signa
2553 397 2804 450 viderunt
2838 396 3012 465 ipsum
3066 393 3161 449 Dei
3186 392 3354 449 ﬁlium
3385 390 3696 460 facientem,
3729 402 3792 450 et

527 494 690 550 citate
732 494 886 548 ﬁdem
915 490 1240 545 Iudaeorum.
1280 489 1480 544 Gentes
1522 505 1652 544 vero
1677 489 1790 544 solo
1819 503 2094 552 sermone,
2148 548 2151 550 _

527 584 580 638 id
615 593 716 646 est,
745 581 1121 652 praedicatione
1165 580 1455 651 apostolica
1509 579 1892 645 crediderunt;
1932 577 2101 634 Judaei

2202 495 2380 542 tamen
2405 485 2559 555 pauci
2583 484 2927 541 crediderunt
2947 499 3014 540 ex
3043 485 3142 539 eis.

3440 707 3768 731 ﬂ

1721 838 2022 915 LIBER
2095 834 2572 914 TERTIUS.

592 1037 888 1093 Delectatio
916 1036 1094 1109 [Bed.,
1121 1037 1370 1111 Dilectio]
1403 1038 1708 1093 divinorum
1739 1038 2097 1108 eloquiorum,

519 1135 575 1181 et
617 1128 842 1183 dulcedo
866 1127 1225 1198 intelligenda:
1270 1137 1471 1184 sancta:
1503 1129 1816 1199 Scriptum,
1845 1139 1900 1182 et
1927 1129 2102 1182 maxi-

520 1234 608 1273 me
638 1219 856 1274 humilis
893 1220 1213 1290 evangelica:
1256 1221 1518 1284 veritatis,
1570 1221 1622 1274 in
1665 1237 1771 1290 qua
1813 1222 2099 1276 verborum

521 1309 746 1364 honesta
791 1310 1108 1378 simplicitas
1136 1319 1356 1379 patctet
1393 1326 1647 1366 sensuum
1677 1311 1783 1366 alta
1828 1309 2104 1382 profundi-

522 1408 604 1453 tas
632 1399 781 1462 latet,
807 1398 1092 1466 adiuvante
1131 1401 1248 1470 ipso
1274 1401 1499 1455 Domino
1544 1403 1634 1472 qui
1663 1403 1754 1456 dat
1779 1403 2101 1457 suavitatem

521 1499 578 1542 ut
610 1498 748 1543 terra
777 1498 957 1544 nostra
990 1490 1078 1544 det
1107 1489 1338 1544 fructum
1365 1507 1544 1555 suum,
1575 1501 1628 1545 et
1656 1507 1753 1545 nos
1781 1492 1845 1544 ad
1880 1491 2101 1559 loquen-

520 1580 646 1632 dum
685 1588 738 1632 et
781 1595 876 1634 vos
920 1581 987 1634 ad
1035 1581 1356 1635 audiendum
1408 1583 1746 1636 exhortatur.
1787 1582 1962 1650 Atque
1990 1581 2099 1635 uti-

2199 1034 2374 1088 l'ertur
2396 1033 2681 1106 appellata,
2707 1033 2849 1103 quod
2877 1033 2930 1088 in
2953 1047 3017 1088 ea
3040 1035 3352 1092 sacerdotes
3368 1037 3577 1095 hostias
3607 1039 3790 1101 lavare

2201 1126 2600 1182 consueverint.
2642 1124 2926 1178 Multitudo
2947 1125 3324 1196 languentium,
3356 1145 3476 1199 qua:
3503 1132 3554 1184 in
3580 1147 3788 1190 memo-

2201 1218 2334 1272 ratis
2362 1219 2660 1287 porticibus
2698 1215 2935 1284 jacebat,
2991 1232 3143 1286 aqua:
3189 1230 3392 1275 motum
3443 1237 3788 1293 exspectans,

2203 1309 2472 1380 signitlcat
2523 1323 2711 1362 eorum
2759 1315 3030 1373 catervas,
3084 1323 3204 1377 quae
3243 1309 3434 1382 (Beda,
3483 1314 3601 1386 qui]
3651 1316 3792 1388 legis

2203 1400 2368 1453 verba
2395 1399 2696 1464 audientes,
2743 1399 2856 1454 suis
2901 1414 2960 1454 se
2997 1401 3138 1456 hanc
3172 1403 3382 1458 viribus
3423 1405 3650 1475 implere
3678 1425 3790 1464 non

2203 1508 2360 1564 posse
2386 1493 2659 1558 dolebant,
2690 1501 2854 1562 atque
2881 1494 3001 1548 ideo
3034 1494 3324 1550 Dominicm
3365 1499 3628 1553 auxilium
3655 1517 3787 1570 gra-

2206 1582 2295 1636 tim
2322 1583 2449 1637 totis
2475 1583 2669 1636 animae
2693 1583 2975 1638 allectibus
3009 1585 3384 1653 implorabant.
3426 1588 3568 1643 Ca'ci
3605 1603 3789 1655 erant,

521 1685 643 1722 nam
681 1677 790 1723 tam
832 1668 1026 1724 efﬁcax
1072 1671 1224 1725 nobis
1261 1680 1406 1725 esset
1434 1671 1682 1740 loquendi
1710 1647 1900 1725 sensus
1939 1685 2098 1739 quam
2133 1647 2180 1708 θ
2205 1671 2297 1740 qui
2327 1672 2554 1726 necdum
2584 1671 2878 1742 perfectiun
2915 1673 3038 1728 ﬁdei
3070 1647 3247 1730 lumen
3270 1677 3579 1742 habebant;
3607 1647 3793 1736 claudi

521 1759 672 1814 vobis
706 1760 943 1814 studiosa
981 1758 1130 1830 [Λίδη
1165 1759 1424 1833 studiose]
1459 1762 1710 1816 audiendi
1765 1762 1888 1815 data
1918 1771 2001 1815 est
2025 1761 2102 1815 di-

520 1849 735 1918 ligentia
762 1867 778 1915 ;
819 1851 943 1905 dum
978 1851 1131 1904 video
1159 1851 1275 1906 sine
1302 1850 1518 1906 fastidio
1540 1869 1636 1907 vos
1669 1853 1875 1916 audire,
1897 1861 1952 1907 et
1972 1869 2102 1922 gau-

520 1938 619 1992 deo
657 1939 834 2007 palato
863 1941 1046 1995 cordis
1071 1942 1258 2005 vestri,
1290 1957 1319 1995 a
1343 1958 1452 2011 quo
1499 1943 1551 1996 id
1586 1943 1728 2011 quod
1775 1943 1990 1996 salubre
2017 1950 2102 1996 est

521 2043 627 2082 non
653 2029 944 2098 respuitur,
977 2030 1069 2084 sed
1097 2047 1219 2085 cum
1249 2031 1505 2084 aviditate
1549 2031 1843 2100 percipitur
1875 2039 1928 2084 et
1956 2032 2102 2084 utili-

518 2129 602 2174 ter
646 2122 971 2178 continetur.
1034 2123 1343 2191 Loquamur
1388 2137 1520 2192 ergo
1563 2124 1718 2178 vobis
1763 2133 1819 2177 et
1865 2139 2008 2178 nunc
2033 2125 2102 2180 de

521 2209 827 2279 evangeliea
857 2211 1086 2266 lectione
1111 2212 1162 2264 in
1199 2227 1304 2281 qua
1336 2212 1441 2265 duo
1482 2213 1686 2280 pariter
1715 2213 1969 2268 miracula
2001 2214 2101 2268 bu-

523 2311 697 2352 manm
721 2300 973 2355 sanitatis
1019 2301 1292 2371 leguntur,
1319 2317 1484 2354 unum
1508 2301 1851 2356 invisibiliter
1877 2317 1975 2372 per
2003 2320 2102 2357 au-

523 2386 740 2457 gelicam
767 2388 1304 2452 administrationem,
1354 2390 1582 2444 alterum
1618 2406 1716 2460 per
1765 2392 2100 2447 Dominicam

523 2478 858 2545 praesentiam
892 2479 1178 2534 visibiliter
1196 2480 1518 2534 exhibitum.
1561 2479 1667 2534 Sed
1693 2480 1976 2551 utriusque
2011 2497 2102 2537 no-

516 2567 602 2624 bis
626 2577 752 2623 sunt
801 2570 1040 2624 breviter
1073 2570 1388 2641 exponenda
1437 2572 1716 2642 mysteria,
1757 2588 1826 2628 ne
1873 2574 2100 2643 prolixa

516 2658 761 2714 lectionis
797 2660 1004 2730 prolixa
1041 2676 1256 2732 quoque
1308 2661 1616 2733 explanatio
1660 2662 1915 2733 cuiquam
1959 2663 2100 2720 forte

523 2749 732 2818 gravior
764 2751 980 2806 existat.

1098 2883 1326 2941 CAPUT
1378 2884 1469 2940 IX.

525 2993 798 3051 Hominem
831 2997 1048 3065 triginta
1080 3005 1194 3048 octo
1237 3013 1401 3049 annos
1442 2995 1712 3050 habentem
1739 2995 1793 3049 in
1821 2995 2098 3063 inﬁrmita-
2120 2990 2168 3053 Ο

588 3077 636 3122 te
662 3083 768 3136 sua
795 3065 950 3136 Iesus
993 3065 1214 3136 dicendo
1244 3083 1264 3119 :
1303 3065 1454 3119 Tolle
1485 3068 1769 3136 grabatum
1813 3073 1984 3136 tuum,
2034 3073 2091 3120 et

589 3133 908 3207 ambula,_in
930 3133 1146 3188 sabbato
1173 3136 1396 3199 curavit,
1439 3133 1695 3207 aequalem
1726 3152 1802 3200 se,
1832 3135 1924 3206 qui
1951 3143 2089 3200 erat,

591 3203 790 3274 faciens
815 3203 948 3259 Deo.

587 3313 772 3370 Caru'r
808 3329 842 3369 v
927 3315 1082 3370 tiens.
1134 3315 1188 3380 1,
1237 3315 1294 3380 2,
1339 3315 1395 3380 3,
1447 3314 1501 3369 ι.
1537 3346 1612 3356 -
1646 3314 1772 3370 Post
1817 3317 1929 3370 lucc
1983 3325 2094 3370 erat

524 3406 629 3461 :lies
657 3405 819 3475 fenus
863 3404 1196 3467 Judteorum,
1241 3414 1290 3458 et
1317 3405 1547 3459 ascendit
1603 3405 1761 3459 Jesus
1794 3405 2098 3477 Hierosoly-

524 3512 678 3550 mam.
704 3493 798 3548 Est
825 3503 1000 3548 autem
1029 3492 1406 3564 Hierosolymis
1429 3493 1710 3549 Probatica
1734 3497 1955 3566 piscina,
1978 3513 2096 3568 quin

519 3584 916 3656 cognominatur
957 3581 1213 3638 Hebraice
1246 3583 1550 3648 Betltsaida,
1601 3584 1830 3655 quinque
1867 3586 2096 3656 porticus

521 3675 729 3731 bibens.
766 3676 835 3728 In
862 3674 943 3728 his
964 3673 1175 3744 Jacebat
1198 3672 1476 3728 multitudo
1497 3690 1688 3744 magna
1715 3673 2095 3744 languentium,

519 3779 796 3827 cit-corum,
821 3760 1155 3826 claudorum,
1183 3762 1474 3828 aridorum,
1520 3763 1927 3834 exspectantium
1949 3779 2098 3834 aqua

525 3862 738 3908 motum.
795 3852 1023 3923 Angelus
1071 3837 1244 3907 autem
1289 3853 1502 3908 Domini
1554 3851 1840 3908 secundum
1899 3863 2100 3917 tempus

523 3944 860 4001 descendebat
883 3945 938 4000 in
959 3945 1235 4016 piscinam,
1279 3955 1327 4000 et
1366 3945 1666 4000 movebatur
1715 3963 1871 4016 aqua.
1915 3945 1984 4000 Et
2009 3945 2101 4016 qui

522 4037 669 4106 prior
703 4037 1050 4092 descendisset
1080 4038 1135 4092 in
1161 4038 1418 4109 piscinam
1464 4048 1577 4109 post
1614 4039 1892 4093 motionem
1929 4055 2098 4110 aqum,

523 4146 686 4184 sanus
737 4130 894 4200 [lebat
957 4147 990 4183 α
1036 4145 1344 4200 quacunque
1390 4128 1720 4184 detinebatur
1775 4130 2098 4198 infirmitate.

530 4238 551 4273 ι
577 4234 600 4260 ι
642 4221 925 4276 Probatica
955 4219 1156 4290 piscina
1189 4236 1309 4290 qua:
1337 4220 1574 4290 quinque
1599 4221 1894 4290 porticibus
1915 4221 2101 4293 cinge-

528 4309 708 4374 batur,
741 4309 966 4380 p0pulus
988 4317 1074 4364 est
1095 4307 1422 4374 Judzeorum,
1451 4309 1587 4381 legis
1609 4311 1843 4380 undique
1858 4311 2100 4367 custodia

525 4419 595 4457 ne
623 4417 850 4472 peccare
877 4400 1072 4457 debeat
1109 4401 1368 4456 munitus.
1410 4400 1577 4456 Recte
1615 4401 1816 4456 etenim
1842 4401 1950 4467 lex,
1981 4417 2100 4472 quae

526 4492 766 4563 quinque
793 4488 946 4545 libris
977 4490 1149 4563 Moysi
1175 4491 1445 4562 descripta
1474 4499 1576 4556 est,
1605 4491 1853 4562 quinario
1875 4509 2102 4548 numero

526 4585 826 4656 ﬁguratur;
857 4592 1004 4640 recte
1032 4582 1280 4654 populus,
1324 4584 1416 4654 qui
1445 4585 1498 4639 in
1524 4583 1845 4655 quibusdam
1884 4585 2100 4639 mundi-

525 4677 653 4730 tiam
683 4676 806 4729 vittc
850 4689 1070 4730 servare
1108 4672 1263 4746 μισ..
1309 4673 1583 4730 munditia:
1610 4674 1735 4730 vita:
1762 4673 2011 4746 servire],
2047 4674 2103 4729 in

523 4767 842 4838 quibusdam
862 4781 993 4821 vero
1017 4765 1224 4822 solebat
1251 4765 1649 4820 immundorum
1675 4764 1963 4834 spirituum
1992 4770 2102 4818 ten-

525 4859 781 4916 tameutis
823 4856 1042 4928 agitari,
1089 4871 1186 4927 per
1230 4871 1426 4927 aquam
1477 4853 1813 4925 signiﬁcatur
1859 4853 2099 4923 piscium,

525 4965 646 5020 qua:
676 4963 817 5004 nunc
837 4946 1045 5017 placida
1069 4943 1245 5001 ventis
1271 4953 1436 5009 stare,
1480 4958 1623 4998 nunc
1665 4943 1747 4997 eis
1774 4942 2104 4998 irruentibus

526 5040 733 5096 turbari
761 5045 1135 5094 consueverat.
1167 5037 1234 5091 Et
1258 5036 1395 5091 bene
1439 5034 1648 5106 piscina
1690 5034 1878 5090 eadem
1915 5034 2103 5107 proba-

525 5131 630 5186 tira
658 5139 884 5186 vocatur
913 5143 929 5183 :
967 5127 1186 5200 probata
1238 5125 1435 5197 quippe
1460 5123 1647 5180 Grtece
1672 5139 1802 5180 oves
1828 5125 2100 5181 dicuntur.

526 5219 662 5288 Quia
708 5225 864 5275 erant
912 5218 1164 5275 nimirum
1208 5217 1262 5272 in
1287 5215 1380 5271 illo
1412 5215 1625 5287 populo,
1677 5215 1766 5286 qui
1796 5215 1975 5272 dicere
2001 5216 2105 5272 Do-

529 5310 675 5366 mino
707 5319 962 5366 nossent:
996 5307 1109 5364 Nos
1135 5316 1310 5363 autem
1334 5304 1556 5379 populus
1582 5316 1728 5372 tuus,
1759 5315 1807 5362 et
1845 5323 1960 5362 oves
1988 5323 2105 5378 gre—

529 5398 608 5469 gis
663 5400 762 5464 tui,
810 5399 1176 5469 conﬁtebimur
1215 5398 1309 5454 tibi
1343 5414 1398 5452 in
1427 5395 1621 5453 swcula
1653 5395 1825 5468 (Psal.
1872 5413 2102 5464 Lxxvtu,

532 5488 643 5560 t5).
682 5488 855 5560 Vulgo
881 5496 1060 5546 autem
1096 5489 1384 5562 probatica.
1417 5487 1471 5543 id
1499 5495 1605 5555 est,
1635 5487 1871 5559 pecualis
1899 5487 2102 5556 piscina

607 5649 635 5679 δ
671 5638 750 5693 Ex
780 5639 935 5696 Bedae
961 5641 1106 5695 hom.
1131 5641 1182 5696 7.

2203 1768 2379 1825 erant,
2422 1762 2513 1831 qui
2565 1763 2701 1816 bona
2732 1779 2852 1833 qua:
2898 1774 3178 1829 noverant,
3223 1770 3477 1836 «perandi
3508 1775 3794 1840 gressibus

2202 1851 2425 1919 implere
2489 1853 2829 1920 nequibant;
2871 1854 3030 1918 aridi,
3085 1857 3175 1924 qui
3223 1859 3518 1927 quamlibet
3570 1863 3792 1918 oculum

2202 1941 2443 1995 scientiae
2498 1942 2780 2007 habentes,
2823 1944 3147 2013 pinguedine
3200 1955 3375 2002 tamen
3427 1952 3540 2018 spei
3571 1959 3629 2006 et
3656 1952 3793 2007 dile-

2201 2032 2397 2086 ctionis
2443 2035 2691 2101 egebant.
2733 2034 2890 2090 Tales
2921 2035 2973 2088 in
3011 2037 3247 2106 quinque
3293 2041 3595 2108 porticibus
3638 2043 3792 2112 iaceo

2200 2123 2350 2189 bant,
2379 2126 2473 2179 sed
2517 2126 2729 2180 nonnisi
2761 2126 2814 2180 in
2839 2127 3048 2196 piscina
3105 2129 3298 2199 angelo
3346 2132 3598 2188 veniente
3623 2151 3789 2190 sana-

2199 2217 2436 2284 bantur;
2475 2219 2599 2288 quia
2625 2234 2720 2287 per
2744 2218 2916 2289 legem
2953 2221 3196 2291 cognitio
3221 2224 3447 2291 peccati,
3480 2227 3654 2295 gratia
3687 2243 3789 2281 au—

2207 2318 2316 2364 tem
2353 2311 2689 2366 remissionis
2729 2312 2938 2365 nonnisi
2975 2326 3073 2380 per
3113 2311 3295 2368 Iesum
3343 2314 3618 2370 Christum
3643 2317 3788 2374 facta

2199 2409 2285 2456 est
2325 2401 2497 2472 (Rom.
2528 2419 2610 2467 nt,
2637 2401 2727 2466 2|,
2750 2402 2902 2474 seq.).
2942 2403 3094 2458 llunc
3124 2405 3371 2474 designat
3413 2409 3658 2478 angelus,
3695 2413 3786 2480 qui

2201 2490 2544 2547 invisibiliter
2578 2493 2911 2548 descendens
2945 2493 2997 2547 in
3045 2493 3209 2565 508
3255 2496 3537 2566 piscinam,
3568 2501 3635 2554 ad
3660 2517 3791 2573 sug-

2135 2645 2142 2654 ι
2199 2582 2490 2652 gerendam
2516 2583 2626 2637 vim
2673 2584 2898 2638 sanandi
2937 2587 3191 2640 movebat
3225 2603 3446 2658 aquam.
3495 2589 3784 2646 Descendit

2198 2671 2341 2726 enim
2365 2687 2529 2727 carne
2558 2673 2774 2728 indutus
2802 2676 2982 2744 magni
3010 2675 3220 2730 consilii
3247 2677 3472 2748 angelus
3523 2679 3577 2750 (I
3583 2682 3684 2734 sai.
3705 2697 3782 2747 ix,

2198 2761 2274 2833 6),
2309 2763 2362 2818 id
2389 2771 2495 2828 est,
2544 2772 2783 2833 paterna:
2828 2764 3118 2820 voluntatis
3157 2767 3401 2834 nuntius,
3445 2769 3500 2824 iu
3529 2771 3780 2840 populum

2197 2850 2526 2919 Judteorum,
2554 2862 2610 2908 et
2639 2853 2805 2908 movit
2846 2863 3159 2923 peccatores
3212 2856 3374 2912 factis
3425 2875 3490 2914 ac
3532 2861 3774 2916 doctrina

2198 2958 2316 3009 sua,
2347 2951 2409 2998 ut
2430 2945 2772 2999 occideretur
2826 2945 2962 3015 ipse,
3015 2946 3106 3014 qui
3155 2962 3250 3000 Slll
3295 2958 3471 3004 morte
3511 2952 3782 3023 corporali

2199 3049 2308 3090 non
2360 3033 2531 3090 solum
2581 3035 2902 3104 spiritaliter
2951 3036 3270 3107 languentes
3321 3055 3539 3106 sanare,
3591 3045 3686 3098 sed
3723 3052 3781 3099 et

2197 3135 2442 3182 mortuos
2467 3127 2743 3184 viviﬁcare
2780 3128 3072 3185 sufﬁceret.
3110 3130 3288 3187 Motus
3313 3147 3441 3202 ergo
3476 3150 3632 3204 aqua:
3655 3151 3782 3206 pas-

2197 3217 2406 3273 sionem
2433 3217 2668 3282 Domini,
2697 3235 2805 3289 qua
2838 3218 2968 3291 [Με.
2999 3229 3048 3274 et
3077 3219 3244 3286 Beda,
3282 3237 3397 3291 quae
3421 3233 3559 3278 mota
3585 3228 3781 3282 turba-

2199 3315 2365 3378 taque
2425 3307 2734 3366 Judteorum
2789 3311 2970 3384 gente]
3025 3323 3170 3368 mota
3211 3316 3364 3370 turba
3408 3331 3437 3369 a
3463 3315 3784 3376 Judzeorum

2199 3407 2359 3470 gente
2403 3396 2547 3454 facta
2597 3408 2715 3463 est,
2779 3401 3054 3468 insinuat;
3112 3413 3167 3458 et
3217 3405 3343 3474 quia
3387 3421 3485 3475 per
3533 3408 3785 3465 eamdem

2198 3487 2504 3556 pensionem
2535 3490 2794 3560 redempti
2825 3499 2952 3546 sunt
2999 3492 3287 3548 credentes
3325 3509 3354 3548 a
3396 3495 3684 3552 maledicto
3710 3498 3788 3553 le-

2199 3579 2300 3650 gis,
2333 3579 2486 3649 quasi
2514 3581 2902 3638 descendentes
2929 3583 2984 3638 in
3015 3598 3212 3654 aquam
3240 3585 3462 3654 piscina:
3513 3588 3782 3643 turbatam

2199 3670 2554 3736 saaabantur,
2620 3673 2713 3740 qui
2779 3681 3008 3730 eatenus
3063 3673 3324 3744 iacebant
3377 3677 3432 3732 in
3487 3680 3783 3747 porticibus

2199 3761 2407 3831 aegroti.
2446 3760 2604 3832 Legis
2628 3763 2895 3833 siquidem
2923 3765 3124 3831 littera,
3163 3783 3283 3838 qua:
3327 3769 3636 3825 nescientes
3655 3770 3780 3841 quid

2201 3851 2483 3922 agendum,
2537 3853 2666 3924 quid
2713 3855 2991 3912 vitandum
3053 3867 3232 3924 esset,
3281 3861 3504 3927 docuit;
3558 3877 3660 3916 nec
3703 3870 3782 3917 ta-

2201 3957 2324 3996 men
2350 3941 2589 4009 cdoctos,
2621 3953 2681 3999 ut
2705 3962 2802 4001 sua
2853 3947 3071 4002 decreta
3100 3951 3523 4020 complerentur,
3553 3950 3776 4020 adjuvit,

2200 4035 2357 4105 quasi
2384 4036 2607 4092 eductos
2632 4037 2704 4093 de
2729 4040 2949 4095 sedibus
2973 4040 3292 4112 ignorantia:
3319 4044 3540 4112 prioris,
3573 4045 3630 4100 in
3654 4060 3780 4116 por-

2203 4123 2396 4179 ticibus
2425 4125 2539 4179 suis
2563 4128 2890 4191 continebat,
2922 4145 3024 4186 nec
3051 4132 3281 4186 sanabat
3305 4131 3626 4202 languidos:
3655 4149 3779 4205 gra-

2204 4215 2278 4268 tia
2301 4222 2480 4270 autem
2519 4215 2820 4286 Evangelii,
2856 4234 2977 4290 quae
3023 4233 3121 4289 per
3150 4219 3308 4275 ﬁdem
3352 4236 3419 4276 ac
3466 4222 3777 4292 mysterium

2205 4303 2496 4360 Dominicis
2517 4307 2785 4376 passionis
2829 4316 2987 4363 sanat
3024 4324 3212 4364 omnes
3254 4309 3544 4380 languores
3587 4310 3781 4381 iniqui-

2206 4403 2373 4450 tatum
2407 4405 2732 4460 nostrarum,
2763 4413 2792 4452 a
2819 4399 3018 4468 quibus
3047 4399 3100 4454 in
3129 4399 3247 4470 lege
3276 4399 3445 4470 Moysi
3477 4416 3584 4461 non
3606 4400 3779 4471 potui-

2203 4502 2324 4542 mus
2376 4485 2684 4556 justiﬁcari,
2715 4490 2870 4560 quasi
2933 4489 3135 4546 electos
3193 4491 3261 4545 de
3305 4492 3602 4563 porticibus
3646 4492 3780 4564 legis

2201 4585 2432 4646 aegrotos
2460 4577 2514 4631 in
2557 4593 2752 4648 aquam
2786 4579 3007 4649 piscinae
3045 4579 3339 4646 turbidam,
3363 4589 3426 4636 ut
3452 4581 3634 4636 sanari
3657 4594 3781 4652 pos-

2203 4665 2332 4729 sint,
2380 4666 2638 4731 immittit,
2677 4669 2854 4739 quiaa
2902 4670 3141 4740 peccatis
3189 4685 3309 4740 qua:
3335 4670 3422 4727 lex
3469 4673 3782 4728 ostenderat

2200 4772 2299 4827 per
2324 4773 2519 4828 aquam
2572 4759 2914 4829 baptismatis
2949 4761 3145 4826 abluit,
3189 4770 3422 4820 testante
3474 4763 3732 4836 Apostolo
3756 4781 3776 4819 :

2204 4847 2342 4914 Quia
2373 4849 2666 4920 quicunque
2715 4851 2964 4922 baptizati
2991 4868 3172 4906 sumus
3209 4853 3265 4907 in
3307 4851 3513 4908 Christo
3550 4853 3698 4916 Iesu,
3722 4853 3782 4908 in

2200 4948 2365 4993 morte
2393 4939 2557 5010 ipsius
2585 4940 2834 5012 baptizati
2870 4958 3095 5006 sumus;
3125 4943 3412 5014 consepulti
3435 4945 3576 4999 enim
3596 4960 3782 5000 sumus

2200 5045 2318 5084 cum
2345 5029 2436 5085 illo
2459 5047 2552 5102 per
2573 5030 2882 5102 baptismum
2926 5032 2982 5085 in
3007 5041 3242 5092 mortem,
3275 5041 3331 5086 ut
3354 5034 3620 5104 quomodo
3659 5052 3782 5091 sur-

2201 5117 2335 5172 rexit
2370 5117 2610 5174 Christus
2649 5137 2681 5172 a
2709 5120 2926 5174 mortuis
2967 5137 3060 5190 per
3103 5119 3329 5190 gloriam
3384 5121 3586 5188 Patris,
3629 5125 3780 5179 itaet

2202 5224 2295 5262 nos
2327 5209 2380 5263 in
2406 5210 2631 5264 novitate
2668 5209 2786 5264 vita:
2831 5207 3156 5264 ambulemus
3183 5209 3356 5280 (Rom.
3391 5225 3471 5276 vr,
3508 5210 3589 5282 5).
3633 5210 3781 5266 Bene

2202 5309 2382 5356 autem
2431 5300 2629 5356 dicitur
2676 5299 2804 5370 quia
2857 5299 2950 5370 qui
2987 5300 3194 5369 primus
3238 5299 3611 5357 descendisset
3659 5310 3782 5370 post

2202 5399 2406 5446 motum
2453 5404 2626 5462 aquae,
2656 5405 2823 5446 sanm
2877 5390 3060 5456 ﬁebat,
3088 5405 3118 5446 a
3149 5407 3471 5464 quocunque
3520 5392 3782 5465 languore

2204 5481 2520 5545 tenebatur;
2558 5480 2686 5550 quia
2711 5496 2850 5538 unus
2878 5480 3156 5549 Dominus,
3187 5497 3294 5540 una
3314 5481 3465 5548 ﬁdes,
3491 5499 3658 5540 unum
3681 5485 3783 5540 ha-
