4020 6186
278 249 385 305 805'

1091 245 1498 308 EXEGETICA.
1539 276 1609 292 ---
1644 248 2000 309 COMMENT.
2039 252 2105 307 IN
2144 251 2338 311 JOAN.
2376 283 2447 295 —
2485 249 2613 310 LIB.
2654 253 2742 311 ιιι.

3415 261 3523 317 806

278 361 497 433 ptisma,
531 373 670 417 unus
696 359 840 416 Deus
876 359 1094 433 (Ephes.
1130 377 1207 425 iv,
1236 362 1313 433 5).
1357 362 1423 415 Et
1447 362 1539 431 qui
1568 362 1623 419 in
1655 363 1859 425 unitate
1887 374 1933 433 Α
1962 363 2292 432 proximum,
2323 372 2380 419 et
2405 364 2621 421 ambula
2668 366 3031 437 exspectando
3059 366 3273 423 beatam
3297 385 3446 440 spem
3475 381 3535 427 et

278 452 548 509 catholica
602 451 803 521 Christi
852 452 1126 522 mysteriis
1179 454 1457 518 imbuitur,
1524 468 1691 511 sanus
1740 453 1799 508 llt
1821 470 1853 509 a

277 555 600 613 quocunque
626 550 967 610 peccatorum
992 542 1251 614 languore
1289 543 1630 600 detinebatur
1662 544 1851 617 [Berlin

277 629 642 703 detineatur];
681 630 911 700 quisque
957 641 1139 689 autem
1188 634 1257 689 ab
1312 633 1525 690 unitate
1559 634 1851 704 discrepat.

276 721 505 776 salutem
528 734 649 790 quae
677 719 747 774 ab
775 733 883 774 uno
910 728 1015 786 est,
1069 723 1327 793 consequi
1376 737 1482 777 non
1524 721 1684 780 valet.
1727 722 1855 778 Haec

154 798 165 805 ’
277 810 343 866 de
388 809 564 880 primo
608 807 932 879 evangelicae
975 809 1219 865 lectionis
1269 810 1533 866 miraculo
1575 811 1720 880 quod
1749 811 1854 866 Do—

276 901 456 957 minus
481 899 629 956 dedit
667 900 847 965 locuti,
880 915 1023 954 nunc
1057 901 1123 955 de
1150 902 1389 957 secundo
1428 902 1570 972 quod
1617 902 1733 972 ipse
1758 902 1854 956 de-

277 990 439 1056 derit,
467 989 793 1045 fraternitati
840 1000 1037 1045 vestraa
1083 990 1386 1060 loquamur,
1441 992 1494 1045 in
1544 1006 1652 1060 quo
1678 991 1845 1047 etiam

277 1083 394 1154 ipso
418 1098 560 1137 unus
583 1082 993 1138 commendatur
1018 1091 1239 1138 sanatus
1264 1100 1278 1136 :
1317 1097 1422 1137 non
1449 1083 1574 1152 quia
1603 1084 1852 1152 omnipo-

277 1175 442 1231 tentis
471 1174 643 1243 pictas
672 1172 969 1229 Salvatoris
1005 1188 1196 1229 omnes
1246 1189 1384 1244 quos
1410 1173 1484 1229 ibi
1536 1172 1852 1244 languentes

276 1262 502 1325 invenit,
524 1276 719 1318 sanare
741 1261 929 1331 nequit
959 1259 1144 1333 [Beda,
1174 1259 1519 1332 nequiverit],
1556 1261 1653 1316 sed
1674 1269 1734 1315 ut
1757 1263 1852 1315 do-

274 1359 444 1414 ceret,
473 1358 671 1420 praeter
698 1351 958 1405 unitatem
1006 1350 1285 1406 catholiae
1331 1349 1457 1406 ﬁdei
1500 1349 1705 1406 nullum
1738 1350 1853 1407 cui-

274 1439 407 1494 libet
442 1441 616 1495 locum
647 1449 831 1511 patere
850 1440 1058 1495 salutis.

346 1532 510 1588 Vens.
539 1531 595 1586 5.
633 1561 708 1574 —
747 1532 877 1587 Erat
903 1541 1076 1587 autem
1105 1531 1319 1603 quidam
1362 1532 1516 1587 homo
1540 1532 1631 1597 ibi,
1656 1532 1849 1602 inquit,

271 1623 490 1693 triginta
515 1632 562 1676 et
589 1632 704 1676 octo
730 1638 895 1677 annos
924 1621 1118 1676 habens
1147 1623 1204 1676 in
1244 1622 1550 1692 inﬁrmitate
1587 1639 1707 1676 sua.
1745 1622 1853 1677 llo-

1956 452 2243 507 adventum
2268 452 2453 523 gloriae
2480 455 2661 526 magni
2685 455 2781 511 Dei
2810 455 2938 529 (Tit.
2970 473 3034 523 ιι,
3066 457 3176 532 15).
3208 457 3315 514 Sed
3337 476 3372 516 o
3391 460 3531 519 mila

1953 543 2282 613 perfidorum
2335 546 2603 603 dementia
2634 549 2648 603 l
2682 548 2772 621 qui
2803 550 2873 604 ad
2922 558 3032 604 tam
3083 551 3412 622 inopinatam
3434 554 3528 611 diu

1954 634 2258 706 languentis
2297 639 2632 695 sanationem
2661 641 2885 696 credere
2917 656 2981 696 ac
3008 642 3324 712 spiritaliter
3346 647 3533 702 sanari

1954 723 2273 788 debuerant,
2304 741 2335 780 e
2359 736 2548 781 contra
2588 728 3046 793 scandalizentur,
3079 738 3134 785 et
3157 731 3365 786 salvato
3386 735 3532 803 pari-

1954 821 2038 866 ter
2059 829 2121 868 ac
2148 813 2413 869 Salvatori
2438 816 2739 887 calumnias
2766 827 3001 873 struunt.
3043 819 3259 877 Salvato
3286 824 3528 894 quidem,

1951 905 2077 976 quia
2116 905 2339 960 sabbato
2393 907 2676 976 grabatum
2723 907 2942 974 tulerit;
2994 908 3263 966 Salvatori
3323 921 3541 979 autem,-

1952 995 2077 1065 quia
2099 994 2324 1051 sabbato
2352 995 2500 1051 illum
2529 995 2744 1061 salvari,
2774 1005 2831 1051 et
2862 998 3144 1068 grabatum
3188 1000 3300 1054 tolli
3327 1017 3531 1071 prame-

1950 1086 2109 1154 perit,
2160 1086 2316 1156 quasi
2345 1087 2538 1142 melius
2584 1087 2699 1158 ipse
2727 1087 2868 1142 diem
2892 1089 3101 1143 sabbati
3152 1089 3305 1161 [Ms.,
3334 1092 3434 1162 ipsi
3462 1093 3530 1148 de

1952 1171 2199 1246 sabbato]
2262 1190 2425 1245 quam
2455 1183 2601 1230 tanta
2663 1176 2960 1232 divinitatis
3026 1180 3264 1248 potentia
3322 1192 3525 1236 nosset.

1952 1264 2138 1336 (Vsus.
2180 1264 2290 1337 10.)
2338 1266 2613 1331 Dicebant,
2666 1267 2858 1338 inquit,
2892 1268 3072 1324 Judari
3111 1270 3190 1324 illi
3237 1273 3328 1342 qui
3366 1289 3527 1328 sanus

1953 1353 2101 1426 [δίδη
2126 1354 2370 1427 sanatus]
2395 1355 2568 1426 fuerat
2594 1372 2613 1411 :
2644 1355 2931 1411 Sabbatum
2982 1368 3078 1423 est,
3124 1377 3228 1415 non
3270 1361 3388 1416 licet
3429 1364 3525 1418 tibi

1949 1442 2127 1498 tollere
2149 1443 2424 1515 grabatum
2449 1456 2615 1500 tuum.
2648 1446 2910 1502 Litteram
2933 1448 3065 1519 legis
3091 1450 3253 1504 stulte
3274 1450 3527 1507 defende-

1950 1533 2081 1588 bant
2108 1534 2406 1604 ignorando
2431 1536 2883 1607 dispensationem
2917 1536 3053 1606 ejus,
3083 1540 3175 1610 qui
3195 1540 3329 1611 legis
3357 1558 3528 1612 quon-

1952 1621 2077 1676 dam
2106 1623 2282 1678 edicta
2309 1636 2409 1692 per
2451 1638 2666 1679 servum
2694 1625 3010 1692 decernens,
3043 1643 3185 1683 nunc
3231 1628 3346 1698 ipse
3366 1630 3516 1685 adve-

276 1731 366 1770 mo
396 1716 497 1770 iste
526 1714 813 1770 multorum
850 1713 1162 1769 inﬁrmitate
1200 1714 1448 1769 detentus
1485 1728 1747 1769 annorum
1776 1715 1849 1769 si-
1880 1712 1925 1773 Β
1954 1710 2109 1766 uicus
2155 1712 2402 1766 eamdem
2456 1711 2628 1785 legem
2667 1713 2840 1786 gratia
2888 1726 3099 1771 mutare
3141 1716 3436 1788 disposuit;
3468 1731 3528 1776 ut

272 1806 494 1879 gnificat
541 1815 879 1877 peccatorem
932 1804 1266 1876 quemlibet,
1322 1805 1528 1859 enormi
1585 1805 1848 1859 scelerum

272 1898 641 1969 magnitudine
668 1896 750 1951 vel
791 1895 1181 1950 numerositate
1230 1894 1565 1963 depressum,
1597 1893 1750 1962 cujus
1777 1892 1850 1948 si-

272 1988 577 2059 gnificando
604 1986 798 2051 reatui,
847 1986 1011 2040 etiam
1061 1992 1236 2039 motus
1260 1983 1449 2057 [Beda,
1473 1982 1685 2054 modus]
1716 1990 1853 2037 tem-

272 2078 442 2147 poris,
468 2092 575 2147 quo
602 2077 703 2132 iste
729 2076 1036 2147 languebat,
1066 2074 1351 2145 congruit;
1383 2088 1508 2127 nam
1536 2072 1845 2142 duodequa-

273 2168 525 2238 draginta
581 2181 753 2222 annos
792 2166 1025 2222 habebat
1067 2164 1120 2220 in
1152 2163 1466 2218 infirmitate
1506 2176 1521 2217 :
1552 2162 1851 2233 quadrage-

272 2260 461 2315 narius
485 2266 663 2314 autem
725 2271 1002 2320 numerus,
1032 2255 1123 2324 qui
1164 2253 1384 2313 denario
1447 2261 1641 2323 quater
1688 2252 1850 2308 ducto

224 2340 237 2351 ’
270 2349 573 2412 mulieitur,
603 2363 703 2420 pro
731 2345 1057 2417 perfectione
1086 2352 1244 2399 rectm
1265 2341 1693 2399 conversationis
1711 2340 1850 2396 solet

270 2441 330 2495 in
357 2439 651 2508 Scripturis
687 2434 895 2507 accipi;
928 2436 1053 2506 quia
1098 2434 1342 2504 quisquis
1379 2431 1672 2504 perfectam
1714 2447 1848 2487 con-

268 2531 633 2586 versationem
685 2527 817 2600 [Ms.
845 2537 893 2582 et
938 2525 1106 2592 Beda,
1132 2526 1384 2596 perfecta:
1425 2524 1848 2582 conversationis

266 2620 460 2693 opera]
490 2621 678 2692 egerit,
710 2618 843 2690 legis
863 2616 1106 2689 profecto
1131 2617 1444 2689 decalogum
1487 2632 1584 2687 per
1611 2625 1845 2687 quatuor

268 2713 444 2770 sancti
495 2710 766 2777 Evangelii
803 2709 970 2764 libros
1015 2709 1240 2779 implet:
1281 2710 1349 2764 ad
1377 2724 1538 2780 quam
1588 2709 1844 2764 nimirum

266 2802 654 2875 perfectionem
700 2798 867 2872 ιλιι,
918 2814 950 2853 a
976 2815 1138 2869 qua..
1167 2837 1182 2852 .
1219 2796 1569 2870 perfectione]
1611 2796 1717 2853 duo
1745 2796 1846 2852 mi-

266 2907 376 2947 nus
421 2891 602 2953 habet,
658 2887 805 2957 quia
835 2886 927 2940 Dei
967 2898 1022 2941 et
1046 2885 1275 2956 proximi
1326 2885 1632 2951 dilectione,
1673 2899 1838 2955 quam

266 2981 406 3052 legis
449 2979 651 3051 pariter
696 2985 752 3033 et
816 2975 1085 3046 Evangelii
1147 2974 1426 3046 Scriptura
1476 2973 1838 3038 commendat,

268 3049 475 3129 vacuus
498 3070 713 3127 incedit.
754 3067 907 3136 Quod
932 3067 1097 3122 etiam
1118 3066 1342 3138 mystice
1370 3067 1626 3122 Dominus
1643 3081 1841 3121 sanans
1866 3049 1916 3115 C

268 3163 545 3222 inﬁrmum
581 3159 782 3223 docuit,
820 3174 940 3212 cum
968 3157 1086 3211 ait:

345 3256 505 3312 Vsus.
540 3255 594 3310 8.
632 3281 705 3293 —
743 3249 930 3320 Surge,
961 3246 1083 3303 tolle
1119 3248 1394 3320 grabatum
1443 3256 1610 3311 tuum,
1654 3257 1701 3301 et
1723 3264 1840 3301 am-

267 3345 414 3403 bula.
454 3343 620 3416 Surge
676 3343 819 3399 enim
864 3341 1079 3406 dicitur,
1108 3341 1360 3396 vitiorum
1413 3350 1705 3410 torporem,
1739 3337 1839 3412 [in]

269 3439 469 3509 quibus
507 3438 596 3493 diu
620 3435 936 3506 languebas,
963 3441 1175 3496 excute,
1217 3440 1272 3487 et
1296 3433 1363 3487 ad
1402 3432 1842 3489 exercitiumvir-

271 3536 473 3592 tutum,
502 3526 697 3597 quibus
724 3531 985 3595 perpetuo
1012 3523 1261 3588 salveris,
1291 3522 1522 3593 erigere.
1554 3522 1698 3577 Tolle
1720 3539 1842 3593 gra-

269 3617 450 3670 batum
493 3625 662 3677 tuum,
688 3613 744 3669 id
770 3620 874 3678 est,
902 3620 1078 3681 porta.
1112 3609 1301 3679 Diligis
1325 3610 1625 3681 proximum
1652 3611 1842 3665 tuum?

267 3704 548 3760 Patienter
593 3702 710 3771 ejus
761 3700 974 3756 infirma
1036 3698 1315 3754 tolerando
1372 3707 1527 3769 porta
1557 3710 1621 3763 ι,
1673 3699 1764 3769 qui
1790 3708 1843 3755 te

268 3795 449 3851 adhuc
500 3794 853 3850 tentationum
898 3790 1044 3845 fasce
1071 3790 1386 3860 depressum
1416 3790 1506 3844 diu
1552 3788 1844 3858 patienter-

268 3902 377 3960 que
405 3885 673 3942 sustinuit.
715 3882 878 3948 Alter,
908 3880 1319 3943 enim,.alterius
1361 3897 1520 3934 onera
1544 3890 1767 3951 portate,
1791 3891 1842 3935 et

266 3978 345 4032 sic
373 3973 718 4046 adimplebitis
743 3972 904 4044 legem
932 3969 1128 4026 Christi
1183 3967 1323 4041 (Gal.
1356 3985 1435 4034 vi,
1462 3968 1541 4041 2).
1604 3968 1673 4023 Et
1701 3969 1843 4024 sicut

266 4070 399 4125 alibi
427 4068 660 4123 dicitur:
702 4065 1071 4137 Supportantes
1105 4063 1321 4117 invicem
1348 4062 1403 4115 in
1431 4060 1709 4127 alacritate,
1737 4061 1843 4117 sol-

262 4156 403 4212 liciti
432 4171 636 4209 servare
655 4154 902 4208 unitatem
924 4150 1137 4222 spiritus
1157 4149 1214 4203 in
1233 4146 1442 4203 vinculo
1453 4148 1597 4219 pacis
1625 4148 1840 4220 (Ephes.

266 4260 348 4309 ιν,
374 4240 454 4315 2).
505 4240 726 4296 Ambula
753 4248 931 4295 autem
955 4255 970 4305 ;
1014 4247 1126 4293 toto
1153 4238 1334 4302 corde,
1367 4244 1476 4293 tota
1504 4237 1707 4303 anima,
1730 4246 1843 4293 tota

266 4334 474 4388 virtute
503 4331 667 4386 Deum
696 4330 877 4402 dilige,
904 4338 961 4384 et
1003 4337 1064 4383 ut
1089 4328 1158 4383 ad
1185 4328 1303 4399 ejus
1326 4327 1589 4383 visionem
1638 4328 1846 4397 pertin-

1949 1800 2091 1870 qqu
2105 1798 2262 1869 juxta
2302 1800 2538 1857 litteram
2558 1804 2649 1858 diu
2678 1805 2924 1860 carnales
2952 1807 3245 1866 carnaliter
3269 1811 3524 1866 observa—

1948 1890 2100 1955 bant,
2141 1890 2397 1962 deinceps
2449 1892 2718 1962 spiritales
2779 1894 3093 1966 spiritaliter
3127 1899 3522 1955 observandum

1948 1991 2352 2051 cognoscerent.
2395 1983 2631 2038 Sabbato
2654 1986 2852 2054 quippe
2877 1984 2987 2058 [ΑΙ.
3021 1987 3261 2060 quidem]
3297 1990 3519 2055 carnali,

1947 2071 2090 2142 quod
2126 2070 2284 2140 juxta
2339 2072 2573 2128 litteram
2622 2075 3045 2142 custodiebatur,
3094 2078 3321 2148 populus
3349 2078 3519 2151 [Edit.

1948 2162 2284 2216 custodiebat
2331 2162 2585 2234 populus]
2616 2164 2682 2217 ab
2711 2164 2855 2219 omni
2901 2180 3067 2237 Opere
3113 2167 3295 2222 servili
3325 2168 3411 2223 die
3436 2185 3523 2225 se-

1946 2252 2115 2323 ptima
2139 2267 2332 2309 vacare
2360 2260 2662 2323 prmeeptus
2687 2265 2811 2319 est;
2841 2253 3082 2324 spiritale
3120 2264 3300 2311 autem
3328 2258 3525 2316 sabba-

1947 2351 2062 2398 tum
2088 2350 2174 2398 est
2211 2342 2266 2396 in
2307 2342 2426 2398 luce
2487 2343 2675 2415 gratia:
2711 2346 2990 2415 spiritalis,
3040 2363 3158 2416 quae
3194 2349 3523 2419 septiformis

1946 2436 2228 2506 accipitur,
2251 2435 2379 2505 quia
2397 2451 2503 2490 non
2530 2451 2658 2501 una,
2687 2438 2780 2491 sed
2800 2439 2947 2492 omni
2976 2439 3063 2493 die
3091 2456 3190 2494 nos
3214 2442 3284 2495 ab
3314 2442 3523 2513 inquie-

1947 2526 2130 2581 tudine
2179 2525 2435 2580 vitiorum
2487 2540 2707 2581 manere
2750 2526 2970 2584 feriatos
3017 2539 3246 2599 oportet.
3295 2532 3354 2587 Si
3374 2535 3521 2589 enim

1938 2614 2096 2686 juxta
2127 2632 2312 2672 vocem
2339 2614 2694 2683 Dominicam,
2745 2621 2934 2685 omnis,
2952 2622 3042 2691 qui
3070 2622 3202 2691 facit
3228 2634 3514 2693 peccatum,

1944 2722 2121 2760 servus
2159 2715 2232 2760 est
2252 2708 2447 2777 peccati
2472 2706 2652 2778 (Joan.
2685 2724 2803 2775 vni,
2831 2708 2940 2781 54).
2970 2718 3120 2780 patet
3143 2711 3345 2781 liquido
3388 2713 3516 2782 quia

1944 2802 2163 2864 peccata
2200 2802 2348 2849 recte
2375 2810 2541 2865 opera
2585 2796 2799 2851 servilia
2846 2797 3232 2868 intelliguntur,
3262 2816 3292 2854 a
3323 2801 3520 2872 quibus

1944 2884 2098 2954 quasi
2127 2884 2180 2939 in
2218 2883 2305 2939 die
2333 2885 2559 2955 septima
2586 2885 2638 2939 in
2686 2887 3050 2956 praeceptione
3104 2886 3295 2960 [Beda,
3329 2906 3517 2961 perce-

1943 2973 2147 3048 ptione]
2177 2975 2365 3046 gratia:
2385 2975 2658 3045 apiritalis,
2688 2977 2951 3032 immunes
2974 2979 3221 3034 incedere
3241 2978 3513 3047 jubemur,

1944 3079 2043 3120 nec
2071 3065 2242 3121 solum
2271 3080 2302 3118 a
2327 3066 2507 3135 pravis
2554 3066 2850 3133 continere,
2880 3068 2973 3123 sed
3003 3077 3057 3122 et
3081 3069 3237 3123 bonis
3266 3070 3519 3127 insistere

1946 3153 2121 3209 factis.
2160 3152 2357 3227 [Quod]
2388 3156 2440 3210 in
2470 3155 2575 3211 bac
2608 3172 2819 3227 quoque
2872 3156 3099 3214 lectione
3148 3159 3409 3216 Dominus
3439 3170 3521 3235 ty-

1946 3243 2068 3313 pice
2089 3245 2342 3309 ostendit,
2372 3260 2496 3300 cum
2524 3261 2648 3301 eum
2671 3248 2762 3318 qui
2791 3236 3522 3320 duodequadraginta'annos

1942 3334 2248 3405 languebat,
2272 3336 2325 3390 in
2354 3336 2439 3391 die
2468 3336 2677 3392 sabbati
2708 3353 2812 3393 non
2841 3338 3013 3394 solum
3051 3355 3296 3411 surgere,
3329 3356 3519 3398 verum

1940 3423 2104 3479 etiam
2132 3424 2416 3496 grabatum
2445 3426 2633 3483 tollere
2659 3436 2715 3483 et
2747 3429 3025 3485 ambulate
3049 3419 3305 3502 praecepit
3331 3449 3345 3486 :
3373 3431 3520 3487 vide-

1941 3512 2068 3569 licet
2104 3513 2382 3569 insinuans
2406 3530 2502 3571 eos
2528 3506 2617 3584 qui
2661 3515 2821 3586 longo
2849 3518 3101 3572 vitiorum
3155 3518 3412 3589 languore
3438 3526 3519 3572 ta-

1940 3606 2184 3668 bescunt,
2215 3613 2271 3660 et
2295 3605 2388 3660 Dei
2433 3620 2497 3660 ac
2517 3604 2748 3674 proximi
2777 3605 3062 3660 dilectione
3093 3605 3244 3679 [Hs.,
3275 3608 3521 3665 dilectio-

1942 3696 2048 3769 nis]
2089 3698 2297 3760 inanes,
2344 3696 2499 3766 quasi
2537 3712 2568 3751 a
2597 3694 2835 3764 perfecta
2872 3697 3130 3753 virtutum
3170 3716 3380 3757 summa
3408 3700 3516 3757 duo

1940 3788 2120 3841 minus
2147 3784 2363 3850 habent,
2405 3782 2519 3854 jam
2555 3798 2653 3854 per
2678 3784 2878 3841 donum
2929 3788 3101 3844 sancti
3129 3787 3365 3859 Spiritus
3388 3806 3418 3845 a
3438 3791 3523 3855 vi-y

1942 3879 2031 3933 tiis
2054 3890 2213 3947 posse
2264 3890 2544 3947 resurgere
2572 3915 2590 3941 ,
2643 3890 2940 3946 eorumque
2995 3878 3241 3934 discusso
3277 3889 3519 3958 tagione,

1941 3982 2062 4022 cum
2095 3965 2348 4020 fraternae
2395 3964 2702 4022 dilectionis
2747 3980 2914 4021 onere
2940 3967 3006 4021 ad
3033 3967 3294 4029 visionem
3322 3970 3520 4035 debere

1941 4059 2022 4113 sui
2048 4072 2337 4130 properare
2360 4056 2676 4113 conditoris.
2700 4055 2835 4112 Nam
2864 4058 3109 4129 sequitur
3133 4075 3147 4111 :

2012 4149 2174 4204 Vens.
2217 4148 2303 4204 η.
2340 4179 2411 4189 -
2451 4147 2639 4204 Postea
2668 4148 2859 4204 invenit
2886 4167 3003 4205 eum
3045 4152 3198 4208 Jesus
3220 4150 3277 4204 iu
3306 4148 3519 4222 templo,

1941 4251 1990 4296 et
2016 4241 2151 4297 dixit
2176 4243 2223 4296 ci
2247 4258 2266 4297 :
2306 4241 2442 4297 Ecce
2466 4259 2627 4297 sanus
2657 4241 2829 4311 factas
2870 4260 2944 4308 es,
2989 4241 3106 4313 jam
3137 4240 3246 4296 noli
3282 4256 3519 4313 peccare,

1944 4349 2007 4387 ne
2034 4333 2260 4387 deterius
2312 4332 2408 4386 tibi
2449 4333 2652 4405 aliquid
2697 4335 2983 4403 contingat.
3028 4331 3181 4398 Quod
3240 4338 3423 4386 autem
3472 4330 3520 4387 is

265 4438 397 4496 gere
420 4422 702 4488 merearis,
731 4397 1057 4491 quotidianis
1101 4397 1366 4475 bonorum
1402 4432 1630 4488 operum
1672 4418 1845 4489 passi-
1874 4397 1922 4460 υ
1948 4422 2037 4491 qui
2060 4432 2280 4477 sanatus
2304 4429 2388 4475 est
2422 4397 2606 4476 Jcsum
2635 4437 2740 4477 non
2777 4421 2830 4475 in
2869 4397 3024 4475 turba
3056 4397 3253 4475 adhuc
3281 4420 3515 4489 positus,

263 4515 372 4571 bus
409 4515 475 4570 de
498 4513 698 4569 virtute
722 4512 776 4568 in
811 4512 1064 4567 virtutem
1096 4510 1440 4582 progredere,
1471 4525 1572 4566 nec
1619 4509 1845 4566 fratrem

266 4621 432 4676 quem
478 4603 781 4660 sull‘erendo
839 4603 991 4658 ducis
1017 4602 1088 4657 ob
1131 4616 1372 4656 amorem
1435 4599 1552 4669 ejus
1594 4601 1661 4657 ad
1683 4616 1845 4672 quem

265 4694 469 4764 pergis,
501 4693 722 4748 deseras
750 4691 905 4764 [ιιι.
927 4688 1240 4761 deserens];
1282 4705 1382 4744 nec
1404 4690 1475 4745 ob
1500 4689 1685 4747 fratris
1705 4705 1850 4746 amo-

269 4801 405 4848 rem,
435 4784 503 4839 ab
541 4783 631 4839 illo
673 4782 961 4855 quaerendo
988 4776 1111 4836 cuin
1148 4795 1259 4850 quo
1284 4795 1506 4835 manere
1547 4780 1846 4847 desideras,

264 4872 622 4928 intentionem
649 4872 785 4928 recti
819 4872 1061 4926 incessus
1095 4877 1308 4925 avertas
1347 4867 1501 4941 [Ns.,
1529 4870 1845 4943 avertens];

267 4964 367 5021 sed
392 4972 454 5018 ut
479 4963 719 5034 perfecte
758 4963 935 5035 possis
971 4961 1194 5026 salvari,
1220 4977 1396 5032 surge,
1426 4960 1548 5014 tolle
1574 4961 1849 5032 grabatum

265 5062 417 5107 tuum
444 5062 493 5107 et
525 5052 758 5119 ambula,
786 5052 841 5107 id
885 5059 992 5118 est,
1038 5051 1278 5122 relinque
1325 5057 1548 5120 peccata
1592 5050 1846 5119 pristina,

268 5143 685 5199 necessitatibus
724 5141 955 5197 fratrum
1010 5154 1286 5206 succurre,
1328 5147 1383 5195 et
1454 5139 1511 5194 in
1575 5138 1848 5194 universis

266 5248 393 5304 qua:
418 5233 553 5305 agis,
584 5233 710 5289 vide
734 5248 802 5287 ne
847 5229 1009 5302 509
1051 5232 1103 5286 in
1156 5230 1259 5285 hoc
1284 5229 1482 5285 saeculo
1521 5236 1755 5284 mentem
1784 5229 1848 5283 ll-

267 5338 392 5394 gas,
417 5324 515 5379 sed
546 5323 615 5379 ad
643 5322 934 5378 videndum
958 5318 1148 5375 faciem
1175 5321 1251 5375 tui
1278 5319 1502 5376 festines
1527 5318 1850 5389 Redempto-

268 5411 370 5467 ris.
398 5410 571 5482 Surge
597 5411 738 5467 bona
782 5407 1075 5481 operando,
1105 5415 1255 5476 porta
1278 5411 1558 5480 grabatum
1581 5408 1849 5480 diligendo

1949 4511 2043 4567 sed
2084 4519 2205 4581 post
2229 4511 2283 4565 in
2320 4511 2519 4581 templo
2566 4513 2856 4582 cognoscit,
2892 4511 3117 4582 mystice
3142 4528 3239 4567 nos
3287 4512 3524 4568 instituit

1949 4611 2010 4659 ut
2030 4603 2074 4659 si
2102 4616 2230 4657 vere
2273 4602 2566 4658 conditoris
2612 4603 2780 4659 nostri
2827 4602 3054 4675 gratiam
3095 4618 3440 4674 cognoscere,
3472 4602 3520 4659 si

1951 4690 2069 4761 ejus
2092 4707 2276 4748 amore
2308 4691 2639 4758 conﬁrmari,
2670 4693 2717 4748 si
2743 4694 2811 4750 ad
2861 4694 2978 4765 ejus
3031 4693 3292 4749 visionem
3323 4708 3519 4764 perve-

1953 4783 2071 4839 nire
2126 4783 2510 4848 desideramus,
2548 4782 2818 4854 fugiamus
2866 4783 3090 4838 sollicite
3145 4784 3377 4847 turbam,
3411 4798 3518 4837 non

1953 4874 2126 4929 solum
2173 4872 2503 4928 turbantium
2552 4887 2652 4928 nos
2696 4874 3081 4945 cogitationum
3129 4871 3523 4940 all'ectnumque

1953 4979 2264 5034 pravorum,
2308 4979 2495 5019 verum
2516 4963 2679 5019 etiam
2712 4964 2988 5019 hominum
3025 4978 3278 5033 nequam,
3306 4962 3399 5032 qui
3424 4977 3521 5017 no-

1951 5062 2077 5108 stra:
2114 5054 2439 5108 sinceritatis
2482 5062 2706 5123 possunt
2754 5053 3012 5124 impedire
3053 5052 3404 5123 propositum,
3436 5049 3521 5105 vel

1952 5143 2090 5197 mala
2131 5143 2377 5199 videlicet
2422 5145 2671 5216 exemplo
2699 5159 2799 5199 suo
2846 5143 3216 5207 monstrando,
3265 5142 3348 5197 vel
3376 5142 3518 5196 bona

1951 5238 2132 5288 nostra
2154 5246 2316 5302 opera
2343 5233 2655 5299 deridendo,
2690 5242 2783 5288 aut
2807 5234 2968 5288 etiam
3001 5232 3354 5302 prohibendo.
3382 5230 3524 5288 Con-

1949 5319 2217 5391 fugiamus
2270 5320 2439 5375 seduli
2486 5322 2564 5377 ad
2591 5321 2809 5377 domum
2852 5317 3137 5388 orationis,
3172 5321 3264 5378 ubi
3308 5327 3520 5377 secreta

1950 5409 2198 5466 libertate
2226 5408 2510 5466 Dominum
2540 5410 2870 5477 invocantes,
2895 5421 2952 5467 et
2977 5410 3047 5469 de
3067 5413 3336 5483 perceptis
3354 5412 3427 5468 ab
3452 5425 3521 5467 oo

343 5541 633 5615 {Deda‘et
670 5556 775 5604 uis.
816 5559 840 5596 ξ
874 5558 894 5595 ι
928 5538 1074 5595 Tolle
1101 5538 1372 5611 grabatum
1409 5547 1578 5606 tuum,
1634 5549 1786 5610 porta
1827 5539 2056 5612 diligens
2086 5541 2388 5614 proximum
2437 5551 2615 5607 tuum,
2658 5542 2927 5615 patienter
2969 5543 3087 5615 ejus
3133 5545 3344 5603 infirma
3382 5545 3519 5604 tole-

271 5610 464 5677 rando,
490 5610 584 5681 qui
612 5619 688 5679 te,
707 5619 814 5667 etc.
845 5629 866 5664 ι
