4020 6186
526 327 636 386 807

1385 319 1445 374 Β.
1487 318 1548 372 1·“.
1587 315 1812 370 ALBINI
1851 315 1982 371 μευ
2021 316 2298 372 ΑιιςιτΙΝΙ
2335 317 2616 372 OPEBUM
2657 315 2834 372 PARS
2869 317 2936 372 11.

3673 315 3782 372 808

523 439 802 499 beneﬁciis
835 435 1298 510 gratiasagamus,
1329 438 1384 486 et
1415 431 1480 484 de
1507 427 1870 499 perceptiouis
1895 425 2026 497 (Hs.
2052 435 2100 480 et
2134 426 2180 489 Α
2281 430 2444 482 Vens.
2475 429 2557 480 i7.
2599 457 2668 466 ——-
2710 427 2873 481 Pater
2901 443 3046 481 meus
3095 443 3258 498 usque
3313 427 3468 482 Modo
3519 437 3790 496 operatur,

524 533 674 588 Beda
697 519 1076 600 percipiendis]
1109 521 1296 578 humili
1327 521 1613 576 devotione
1645 532 1948 590 precemur.
1992 519 2104 574 lmo

523 619 687 677 etiam
725 617 822 687 ipsi
877 614 1135 685 templum
1187 612 1284 668 Dei
1328 618 1594 677 sanctum,
1618 609 1678 664 in
1702 623 1811 680 quo
1837 610 2024 665 venire
2047 619 2105 666 et

523 705 858 762 mansionem
889 703 1067 758 facere
1119 703 1394 774 dignetur,
1430 701 1668 757 existere
1709 713 1978 764 curemus,
2005 713 2103 754 au-

521 795 731 850 dientes
768 795 836 849 ab
862 793 1156 865 Apostolo:
1200 793 1340 859 Quia
1370 809 1559 864 corpus
1591 784 1825 847 veslrum
1857 789 2104 860 templum

518 893 594 940 est
623 882 852 956 Spiritus
898 886 1090 950 sancti,
1120 883 1214 956 qui
1254 883 1309 937 in
1345 883 1488 936 vobis
1524 892 1598 936 est
1632 881 1687 953 (Ι
1717 879 1838 935 Cor.
1881 895 1960 945 vt,
1987 879 2099 951 19).

519 975 664 1031 later
691 990 811 1046 qua:
839 975 1150 1047 diligentius
1177 974 1516 1038 intuendum,
1572 971 1772 1027 fratres
1795 971 1925 1036 mei,
1954 970 2103 1040 quod

487 1067 801 1131 inveniens
830 1069 884 1123 in
925 1068 1126 1139 templo
1171 1083 1332 1137 quem
1384 1072 1695 1131 sanaverat,
1741 1063 2002 1118 Dominus
2027 1061 2104 1116 ait

519 1157 596 1215 illi
629 1178 642 1214 :
675 1158 811 1214 Ecce
838 1175 999 1214 sanus
1025 1159 1196 1229 factus
1225 1174 1299 1223 es,
1333 1157 1450 1228 jam
1482 1154 1590 1210 noli
1611 1170 1848 1226 peccare,
1876 1169 1940 1207 ne
1961 1151 2106 1207 dete-

520 1251 631 1305 rius
657 1250 748 1304 tibi
779 1249 978 1321 aliquid
1004 1250 1288 1319 contingat.
1311 1247 1518 1314 Quibus
1545 1245 1725 1301 verbis
1743 1252 1928 1314 aperte
1950 1258 2103 1298 mon-

519 1351 726 1399 stratur
765 1343 888 1410 quia
917 1349 1135 1411 propter
1163 1347 1382 1410 peccata
1415 1337 1719 1407 languebat,
1753 1349 1852 1389 nec
1893 1332 1997 1388 nisi
2021 1331 2103 1387 di-

519 1433 699 1488 missis
727 1431 925 1487 eisdem
955 1430 1193 1502 peccatis
1228 1437 1439 1499 poterat
1463 1428 1645 1484 sanari
1673 1443 1688 1492 ;
1724 1425 1819 1481 sed
1841 1425 1932 1495 qui
1968 1424 2102 1478 foris

517 1527 586 1579 ab
617 1521 952 1588 infirmitate,
997 1522 1112 1592 ipse
1155 1521 1319 1576 etiam
1356 1521 1501 1574 intus
1553 1517 1782 1573 salvavit
1810 1534 1840 1572 a
1871 1516 2096 1572 scelere.

522 1615 671 1672 Unde
705 1624 760 1670 et
792 1623 952 1670 caute
977 1613 1300 1684 prremonuit
1337 1627 1404 1666 ne
1428 1610 1657 1680 amplius
1685 1607 1957 1680 peccando
1976 1623 2100 1680 gra-

515 1704 684 1762 vioris
741 1705 843 1761 sibi
915 1705 1240 1760 sententiam
1308 1702 1672 1758 damnationis
1726 1699 2093 1756 contraheret.

517 1795 670 1863 Quod
696 1811 801 1850 non
830 1795 905 1848 ita
929 1794 1267 1850 sentiendum
1297 1801 1402 1858 est,
1440 1791 1595 1864 quasi
1621 1791 1798 1846 omnis
1826 1791 1917 1860 qui
1947 1788 2098 1844 inﬁr—
2130 1777 2172 1836 Β

515 1894 716 1949 matur,
739 1886 808 1940 ob
831 1893 1050 1955 peccata
1079 1883 1402 1938 iuﬁrmetur.
1427 1904 1447 1937 ι
1482 1882 1637 1954 Saepe
1668 1881 1974 1936 infirmatur
2004 1879 2100 1936 ho-

514 1990 605 2032 mo
635 1991 701 2030 ne
723 1976 1014 2031 extollatur
1037 1976 1092 2030 in
1137 1975 1291 2030 donis
1329 1973 1448 2039 Dei,
1503 1973 1646 2030 sicut
1671 1973 1738 2028 de
1763 1971 1929 2027 Paulo
1973 1988 2101 2042 apo-

514 2067 653 2123 stolo
709 2066 905 2138 legitur
951 2066 1036 2141 (II
1081 2066 1207 2122 Cor.
1247 2083 1346 2132 xu,
1384 2065 1480 2140 7);
1543 2081 1684 2135 sa'pe
1723 2074 1784 2120 ut
1817 2065 2096 2136 probetur,

515 2157 823 2224 tribulatur,
849 2158 989 2212 sicut
1016 2158 1162 2214 beati
1189 2155 1290 2212 Job
1318 2156 1580 2226 patientia
1611 2155 1862 2210 tribulam
1902 2165 1956 2211 et
1975 2172 2100 2226 pro-

512 2248 639 2302 bats
667 2255 790 2312 est;
836 2261 978 2316 saepe
1018 2245 1307 2302 inﬁrmitas
1373 2261 1472 2315 pro
1517 2245 1873 2316 castigatione
1917 2245 2096 2310 datur,

513 2345 577 2393 ut
603 2337 731 2394 illud
759 2352 774 2391 :
804 2334 1070 2407 Flagellat
1104 2335 1249 2390 Deus
1287 2351 1492 2390 onmem
1521 2335 1713 2406 filium,
1737 2353 1890 2408 quem
1918 2337 2100 2407 recipit

516 2421 704 2500 (Hebr.
747 2443 849 2493 xu,
890 2426 983 2501 6);
1033 2425 1356 2499 quibusdam
1383 2443 1514 2484 vero
1551 2425 1841 2482 inﬁrmitas
1868 2443 1966 2498 pro
1987 2428 2099 2498 glo-

516 2519 598 2576 ria
625 2519 720 2576 Dei
747 2521 988 2584 datur,ut
1012 2521 1077 2575 de
1106 2536 1250 2574 eteco
1271 2527 1419 2586 nato,
1450 2519 1535 2574 vel
1562 2520 1626 2575 de
1653 2520 1861 2575 Lazaro
1881 2519 2096 2593 legitur.

513 2609 676 2670 Novit
706 2611 962 2668 Dominus
987 2628 1086 2684 pro
1122 2628 1230 2682 quo
1249 2611 1543 2682 quemlibet
1580 2611 1770 2682 iubeat
1815 2613 2097 2678 inﬁrmari,

509 2702 601 2763 vel
653 2704 892 2760 dimittat
942 2719 1082 2775 szepe
1131 2703 1345 2759 occulto
1391 2703 1704 2758 hominibus
1745 2701 1972 2774 judicio,
2003 2703 2098 2760 sed

513 2812 792 2867 nunquam
819 2793 1042 2866 injuste.
1080 2813 1099 2846 ι
1135 2793 1243 2849 Sed
1273 2794 1548 2850 discamus
1594 2793 1821 2866 ﬂagellis
1867 2795 2097 2866 piissimi

513 2885 892 2956 Redemptoris
930 2883 1100 2938 nostri
1129 2881 1403 2937 humiliter
1445 2883 1737 2946 substerni,
1775 2883 2100 2939 arbitrantes

515 2993 614 3034 nos
649 2977 828 3031 minus
851 2973 962 3044 pati
990 2990 1154 3044 quam
1182 2988 1476 3040 meremur,
1529 2989 1744 3044 semper
1773 2974 1934 3046 510
1958 2976 2100 3032 illius

513 3068 795 3125 sententiae
832 3079 1098 3118 memores
1125 3078 1140 3116 :
1173 3061 1310 3128 Quia
1336 3063 1515 3118 beatus
1565 3064 1742 3129 homo,
1763 3067 1854 3136 qui
1881 3068 2101 3138 corripi-

514 3168 604 3211 tur
631 3175 663 3210 a
701 3156 926 3208 Domino
967 3153 1108 3225 (Job.
1139 3154 1329 3225 v,l7).
1393 3154 1461 3208 Et
1505 3155 1618 3225 ipse
1646 3155 1698 3208 in
1727 3127 2044 3226 Apocalypsi
2079 3173 2094 3212 :
2128 3127 2172 3188 Ο

516 3242 651 3316 Ego,
697 3241 891 3312 inquit,
923 3259 1054 3313 quos
1087 3261 1224 3305 amo,
1259 3259 1424 3312 arguo
1451 3253 1499 3296 et
1531 3244 1728 3314 castigo
1778 3245 1961 3316 (Apoc.
2011 3263 2094 3310 In,

517 3327 632 3406 {9).
669 3331 938 3402 Longaevo
963 3340 1142 3386 autem
1166 3331 1459 3403 languenti,
1500 3332 1725 3388 interius
1751 3337 2100 3406 exteriusque

514 3431 728 3488 sanato,
759 3422 812 3478 id
840 3431 941 3496 est,
969 3433 1024 3475 et
1050 3438 1081 3475 a
1127 3421 1352 3494 ﬂagellis
1403 3432 1604 3492 aperta:
1646 3425 2018 3497 castigationis
2046 3438 2101 3483 et

515 3529 546 3567 a
573 3509 812 3584 peccatis
853 3510 1050 3582 quibus
1091 3510 1206 3564 inec
1261 3510 1568 3565 merebatur
1597 3521 1829 3582 erepto;
1871 3512 2041 3571 Judaei
2069 3532 2100 3572 e

514 3615 706 3662 contra
735 3603 875 3658 male
918 3602 1064 3658 intus
1114 3601 1353 3672 languidi
1385 3602 1499 3672 jam
1549 3603 1788 3660 deterius
1834 3617 2100 3678 mgrotare

517 3698 1206 3770 incipiunt,°persequeudo
1225 3696 1478 3753 videlicet
1523 3697 1729 3762 Jesum,
1755 3701 1847 3771 qui
1876 3701 1979 3757 hoc
2017 3703 2100 3758 fa-

516 3803 667 3851 ceret
695 3793 748 3848 iu
778 3793 1024 3846 sabbato.
1075 3787 1546 3861 Persequebantur
1587 3801 1768 3848 autem
1793 3809 1916 3849 eum
1945 3797 2099 3865 quasi

517 3884 652 3956 legis
679 3882 1057 3938 auctoritatem
1083 3880 1242 3936 simul
1261 3889 1316 3936 et
1344 3882 1540 3937 divina:
1559 3883 1892 3953 Operationis
1917 3899 2101 3940 exem-

514 3974 602 4046 pla
629 3973 798 4030 secuti
825 3989 838 4037 ;
869 3973 995 4043 quia
1033 3979 1090 4026 ct
1119 3970 1376 4026 Dominus
1423 3987 1514 4026 sex
1551 3971 1742 4028 diebus
1773 3973 1952 4029 mundi
1979 3990 2102 4044 per—

518 4067 656 4120 fecta
695 4065 990 4128 creatione,
1046 4061 1278 4132 septimo
1327 4061 1592 4130 requievit
1629 4059 1820 4134 [Beda,
1888 4064 2101 4133 requie-

513 4156 677 4232 verit]
707 4157 777 4211 ab
820 4154 1071 4210 omnibus
1125 4151 1382 4222 operibus
1425 4154 1562 4218 suis,
1619 4162 1672 4208 et
1703 4153 1962 4224 populum
2003 4171 2099 4209 sex

513 4243 704 4310 diebus
731 4251 966 4322 operari,
1009 4249 1238 4318 septimo
1268 4263 1462 4304 vacare
1502 4250 1858 4320 pueceperit;
1890 4267 1996 4307 non
2021 4251 2102 4306 in-

515 4346 817 4416 telligentes
842 4342 968 4412 quia
989 4340 1230 4396 carnalia
1259 4338 1393 4410 legis
1416 4340 1634 4395 decreta
1663 4339 1924 4410 paulatim
1945 4352 2102 4398 erant

2203 529 2251 572 et
2284 533 2378 588 ego
2403 533 2606 583 operor.
2653 517 2924 587 Operatur
2973 517 3136 572 Pater
3165 526 3221 572 et
3253 517 3440 585 Filius,
3469 529 3531 573 ut
3569 527 3793 573 natura-

2203 622 2323 661 rum
2349 607 2634 662 diversitas
2661 616 2998 678 permaneat,
3046 623 3168 678 qua:
3196 607 3250 661 in
3273 609 3448 678 prima
3477 608 3796 664 conditione

2203 698 2386 752 mundi
2417 699 2651 753 condita:
2700 707 2846 753 sunt.
2877 699 3004 754 Ideo
3053 699 3260 754 dictum
3315 707 3400 754 est
3427 699 3482 754 in
3525 699 3788 755 Pssimo:

2205 786 2309 853 Qui
2339 788 2494 858 ﬁnxit
2519 787 2830 860 singillatim
2855 787 3015 843 corda
3044 805 3228 843 eorum
3258 787 3430 862 (Psal.
3465 804 3643 852 xxxu,
3671 789 3782 856 1‘5),

2204 895 2311 933 non
2340 879 2612 949 incognita
2659 880 2963 934 animarum
2990 895 3208 951 genera,
3261 880 3357 935 sed
3384 877 3629 948 ejusdem
3659 881 3792 934 sub-

2202 971 2415 1025 stantiae
2441 971 2670 1035 animas,
2695 987 2816 1042 qua:
2861 972 2915 1024 in
2942 972 3120 1041 primo
3165 971 3389 1028 homine
3429 972 3650 1028 condita
3673 981 3789 1038 est.

2202 1059 2481 1116 reformat.
2513 1080 2532 1111 ι
2568 1061 2596 1102 δ
2625 1061 2966 1132 Quapropter
2986 1061 3271 1118 Psalmista
3305 1075 3430 1119 cum
3459 1079 3568 1118 non
3612 1063 3789 1120 solum

2202 1151 2601 1222 primordialem
2623 1149 2808 1208 mundi
2837 1154 3194 1217 creationem,
3215 1154 3310 1208 sed
3331 1163 3390 1208 et
3410 1154 3790 1224 quotidianam

2201 1249 2464 1298 creatura:
2508 1242 2954 1314 gubernationem
2983 1243 3051 1298 ad
3077 1243 3290 1298 laudem
3330 1243 3598 1299 creatoris
3622 1243 3796 1300 refer-

2202 1343 2306 1400 ret,
2349 1334 2424 1389 ait
2475 1334 2622 1389 iuter
2667 1343 2908 1390 cetera:
2967 1335 3162 1390 Omnia
3216 1335 3271 1390 in
3309 1335 3567 1408 sapientia
3621 1337 3796 1406 fecisti

2204 1423 2376 1497 (Psal.
2431 1440 2548 1491 cm,
2575 1425 2688 1499 24).
2731 1427 2792 1481 Si
2845 1437 3028 1482 autem
3058 1425 3332 1482 Christum
3381 1427 3476 1484 Dei
3527 1428 3788 1483 virtutem

2200 1527 2255 1572 et
2281 1517 2376 1572 Dei
2397 1519 2716 1588 sapientiam
2749 1527 2898 1573 recte
2942 1517 3285 1585 confitemur,
3312 1527 3368 1574 et
3399 1519 3584 1574 omnia
3617 1519 3672 1574 iu
3699 1535 3791 1574 sa-

2199 1610 2404 1679 pientia
2445 1609 2574 1666 fecit
2605 1625 2668 1666 ac
2717 1609 2857 1682 regit
2883 1610 3046 1675 Deus,
3095 1619 3310 1666 constat
3350 1609 3611 1665 nimirum
3659 1612 3792 1680 quia

2201 1701 2363 1757 Pater
2407 1717 2577 1772 usque
2625 1703 2786 1758 modo
2838 1710 3116 1772 operatur,
3158 1711 3417 1772 operatur
3465 1710 3522 1758 et
3568 1701 3790 1765 Filius;

2201 1809 2331 1866 ergo
2359 1793 2521 1850 Pater
2541 1813 2704 1860 meus,
2735 1796 2928 1864 inquit,
2977 1810 3083 1850 non
3114 1795 3288 1850 solum
3331 1811 3448 1860 sex,
3479 1804 3540 1850 ut
3559 1798 3792 1866 putatis,

2201 1885 2390 1940 diebus
2418 1887 2608 1956 primis
2635 1897 2891 1958 operatus
2915 1897 3016 1953 est,
3055 1902 3239 1942 verum
3287 1905 3450 1960 usque
3479 1890 3634 1944 modo
3665 1907 3794 1961 ope-

2202 1985 2372 2043 ratur,
2406 1993 2510 2032 non
2543 1993 2738 2032 novum
2771 1989 3037 2033 creatura:
3090 1994 3260 2050 genus
3315 1979 3665 2044 instituendo,
3695 1983 3793 2035 sed

2199 2085 2320 2140 qua:
2349 2070 2404 2124 in
2435 2069 2702 2140 principio
2720 2078 3020 2133 creaverat,
3048 2087 3114 2124 ne
3137 2071 3388 2125 deﬁciant
3415 2072 3788 2142 propagando.

2200 2159 2270 2213 Et
2292 2177 2384 2230 ego
2408 2177 2610 2232 operor,
2652 2161 2992 2224 subauditur,
3022 2178 3190 2232 usque
3225 2162 3402 2223 modo,
3426 2177 3550 2216 cum
3573 2177 3640 2216 eo
3664 2178 3796 2215 cun-

2199 2255 2284 2302 cta
2315 2249 2621 2319 disponens,
2655 2264 2865 2320 regens,
2895 2250 3276 2315 aecumulans;
3337 2265 3402 2305 ac
3423 2251 3469 2304 si
3498 2263 3688 2320 aperte
3709 2252 3791 2304 di-

2198 2345 2284 2390 eat
2310 2355 2323 2390 :
2354 2336 2493 2405 Quid
2538 2338 2669 2392 mihi
2702 2338 2955 2394 invidetis
2975 2339 3001 2392 ‘l
3033 2338 3146 2394 Cur
3170 2353 3256 2393 me
3280 2338 3621 2408 vituperatis,
3662 2339 3792 2394 caici

2199 2427 2332 2498 legis
2397 2427 2627 2482 lectores
2665 2423 2856 2500 (Beda,
2906 2426 3288 2498 legislalorts],
3340 2429 3484 2498 quod
3521 2429 3575 2482 in
3615 2427 3790 2482 forma

2201 2515 2434 2570 hominis
2481 2516 2706 2572 sabbato
2762 2517 2992 2572 salutem
3046 2517 3204 2572 unius
3267 2519 3501 2573 hominis
3535 2528 3791 2588 operatus

2200 2607 2324 2671 sim,
2355 2607 2446 2678 qui
2497 2609 2550 2662 in
2585 2617 2778 2662 natura
2811 2609 3109 2663 divinitatis
3155 2625 3259 2663 una
3306 2625 3430 2664 eum
3481 2611 3593 2666 Deo
3627 2611 3792 2666 Patre

2202 2703 2372 2750 totum
2417 2711 2588 2767 genus
2614 2698 2929 2764 lmmanum,
2963 2697 3072 2753 imo
3133 2708 3298 2754 totam
3343 2701 3530 2755 mundi
3583 2703 3789 2758 maelii-o

2202 2801 2347 2850 nam,
2376 2795 2429 2840 et
2450 2796 2645 2842 cuncta
2671 2788 2903 2843 visibilia
2941 2798 2996 2844 et
3023 2788 3310 2845 invisibilia
3337 2793 3556 2860 quietus
3578 2807 3790 2862 semper

2201 2877 2441 2944 operor?
2477 2877 2582 2931 Sed
2614 2877 2713 2946 ipsi
2767 2879 2888 2934 talis
2918 2893 2983 2935 ac
3013 2881 3146 2934 tanti
3186 2881 3426 2952 mysterii
3482 2884 3663 2938 minus
3692 2901 3786 2939 ca-

2201 2969 2382 3038 paces,
2414 2979 2698 3040 prapterea
2737 2971 2910 3042 magis
2954 2971 3267 3042 qumrebant
3307 2988 3431 3028 eum
3463 2975 3786 3042 interﬁcere,

2203 3062 2328 3130 quia
2358 3079 2463 3116 non
2514 3063 2685 3118 solum
2719 3064 2959 3120 solvebat
3010 3067 3313 3134 sabbatum,
3354 3069 3445 3123 sed
3481 3077 3536 3124 et
3573 3069 3789 3127 Patrem

2203 3167 2359 3207 suum
2381 3153 2594 3208 dicebat
2621 3155 2805 3219 Deum,
2845 3157 3106 3224 atqualem
3146 3174 3204 3211 se
3247 3157 3445 3214 faciens
3468 3161 3597 3214 Deo.
3629 3161 3688 3215 In
3720 3176 3790 3216 ro

2200 3243 2433 3296 maxime
2457 3245 2728 3310 dolebant,
2753 3246 2880 3315 quia
2913 3247 2960 3300 is
2981 3263 3142 3317 quem
3166 3265 3349 3303 verum
3377 3266 3438 3303 ex
3464 3249 3555 3303 mli
3566 3251 3792 3307 rmitatc

2200 3333 2382 3388 carnis
2411 3334 2682 3389 hominem
2717 3347 3100 3406 cognoverant,
3149 3353 3336 3392 vermn
3361 3355 3416 3392 se
3462 3338 3556 3392 Dei
3581 3339 3792 3396 Filium

2199 3425 2346 3479 credi
2377 3423 2652 3492 voluisset,
2696 3427 2747 3480 id
2783 3436 2886 3492 est,
2911 3443 3016 3484 non
3043 3431 3218 3500 gratia
3241 3433 3574 3501 adoptatum,
3601 3441 3664 3485 ut
3684 3449 3791 3487 ca:-

2201 3524 2344 3570 teros
2369 3525 2604 3582 sanctos,
2634 3519 2829 3588 quibus
2868 3519 3106 3590 loquitur
3131 3521 3403 3593 Propheta
3454 3543 3464 3576 τ
3510 3523 3621 3595 Ego
3650 3525 3785 3588 dixi,

2200 3609 2274 3661 dii
2310 3609 2452 3674 estis,
2499 3620 2547 3663 et
2601 3609 2700 3679 ﬁlii
2759 3611 2966 3666 Επειεὶ
3012 3630 3188 3668 omnes
3244 3613 3417 3694 (Psal.
3464 3633 3652 3684 Lxxxt,
3692 3615 3786 3689 li);

2201 3698 2295 3753 sed
2327 3707 2516 3753 natura
2545 3699 2690 3754 Patri
2712 3716 2809 3770 per
2845 3702 3024 3755 omnia
3055 3705 3318 3774 arqualem
3346 3715 3393 3758 ε.
3444 3727 3462 3758 ι

2271 3796 2572 3854 Notandum
2615 3814 2746 3853 sane
2789 3800 2933 3870 quod
2969 3799 3172 3856 dictum
3199 3811 3301 3866 est,
3349 3805 3604 3875 a'qualem
3630 3824 3684 3861 se
3706 3809 3788 3875 fa—

2201 3887 2340 3940 ciens
2372 3886 2501 3952 Deo,
2527 3903 2554 3940 a
2573 3885 2879 3942 Judzeorum
2901 3903 3131 3958 persona
3158 3892 3384 3958 dictum,
3413 3897 3504 3965 qui
3533 3899 3791 3964 putabant

2203 3975 2487 4029 Dominum
2517 3974 2700 4031 lcsum
2734 3978 3075 4045 puediraudo
3101 3997 3159 4036 se
3190 3981 3368 4038 facere
3395 3986 3538 4054 quod
3567 4002 3671 4041 non
3700 4002 3784 4040 es-

2201 4076 2303 4130 set,
2329 4075 2510 4120 etnon
2535 4067 2804 4122 veraciter
2835 4069 3086 4124 intimare
3101 4073 3243 4142 qqu
3266 4083 3431 4130 esset.
3454 4095 3471 4124 ι
3492 4075 3516 4114 ἀ
3534 4074 3790 4130 Commoti

2200 4159 2364 4227 igitur
2392 4157 2592 4222 Juda‘i,
2625 4168 2672 4212 et
2700 4159 2964 4232 indignati
2986 4175 3128 4217 sunt.
3163 4164 3354 4220 Merito
3382 4169 3622 4236 quidem,
3648 4169 3788 4240 quod

2203 4247 2435 4302 audebat
2460 4247 2622 4303 homo
2645 4251 2906 4320 aequalem
2937 4269 2995 4308 se
3025 4255 3203 4310 facere
3227 4257 3376 4324 Deo;
3419 4260 3515 4316 sed
3544 4260 3668 4314 ideo
3691 4261 3789 4316 im-

2203 4339 2417 4406 merito,
2449 4341 2576 4410 quia
2603 4343 2656 4396 in
2683 4344 2900 4400 homine
2928 4363 3036 4402 non
3055 4348 3427 4421 intelligebant
3447 4353 3642 4408 Deum.
3661 4352 3788 4408 Car-

516 4433 743 4506 spiritali
775 4431 1216 4502 interpretatione
1254 4429 1531 4494 mutanda,
1570 4440 1862 4500 apparente
1895 4431 1985 4487 illo
2008 4433 2098 4502 qui
2133 4467 2182 4530 ι)
2206 4445 2329 4484 nem
2354 4430 2626 4498 videbant,
2683 4433 2850 4489 Deum
2881 4440 3194 4496 neseiehant
3223 4457 3242 4506 ;
3278 4441 3648 4500 habitaculum
3673 4459 3788 4500 cer-

516 4541 624 4582 non
657 4529 863 4579 tantum
891 4520 1182 4592 legislator,
1211 4519 1305 4576 sed
1336 4527 1390 4574 et
1417 4519 1538 4588 linis
1577 4518 1704 4591 legis
1733 4528 1810 4574 est
1837 4519 2100 4590 Christus,

517 4615 587 4670 ad
625 4612 894 4684 justitiam
923 4611 1064 4664 omni
1088 4607 1320 4664 credenti
1362 4605 1534 4681 (Rom.
1560 4626 1616 4676 x,
1643 4609 1698 4682 4)
1727 4627 1742 4675 ;
1779 4626 1956 4682 neque
1976 4613 2096 4667 ani-

519 4706 920 4763 madverteutes
974 4703 1100 4774 quia
1135 4701 1384 4758 conditor
1431 4702 1484 4756 in
1513 4703 1599 4758 die
1647 4704 1876 4774 septima
1905 4721 2012 4762 non
2036 4705 2104 4760 ab

517 4814 683 4872 opere
712 4795 994 4853 mundana:
1023 4793 1430 4866 gubernationis
1456 4800 1512 4848 et
1532 4809 1744 4857 annuze,
1780 4793 1888 4850 imo
1928 4794 2104 4866 quoli-

519 4893 679 4948 diana
747 4888 896 4963 [Ms.,
945 4886 1275 4942 cottidianae.
1330 4922 1346 4939 .
1401 4923 1414 4937 .
1448 4884 1870 4958 substitutionis]
1924 4901 2103 4942 rerum

519 4989 831 5038 creatarum
885 4975 1287 5039 substitutione,
1344 4973 1439 5028 sed
1481 4988 1512 5028 a
1551 4989 1689 5030 nova
1725 4983 2103 5032 creaturarum

523 5072 862 5131 institutione
890 5067 1122 5126 cessavit
1144 5081 1191 5122 ιι.
1216 5087 1234 5118 ι
1267 5065 1420 5134 Quod
1454 5081 1582 5122 vero
1606 5067 1820 5133 dicitur,
1839 5055 2105 5142 Requietvit

525 5163 666 5222 Deus
713 5164 769 5218 in
796 5161 881 5218 die
931 5159 1148 5232 septimo
1194 5157 1260 5214 ab
1287 5157 1526 5214 omnibus
1575 5158 1813 5230 operibus
1860 5161 1993 5229 suis,
2029 5162 2104 5220 ita

524 5254 929 5328 intelligendum
969 5260 1074 5316 est,
1098 5264 1342 5310 cessasse
1367 5251 1536 5307 Deum
1569 5265 1604 5305 a
1627 5267 1892 5314 novarum
1921 5255 2106 5312 condi.

525 5344 672 5402 tione
719 5352 1112 5408 creaturarum.
1154 5341 1296 5411 Quid
1324 5356 1456 5398 vero
1481 5341 1570 5400 hic
1599 5341 1716 5416 ipsa
1745 5345 1960 5404 Veritas
1979 5346 2106 5404 ait?

597 5486 622 5514 ι
661 5472 762 5528 ilic
787 5487 892 5528 non
919 5475 1150 5529 obscure
1171 5473 1310 5529 Deda
1339 5475 1559 5530 minime
1587 5477 1991 5534 contradicente
2018 5472 2106 5536 hic

526 5539 751 5614 Alcuino
773 5543 986 5599 videtur
1012 5559 1208 5614 negare
1233 5545 1600 5614 quotidianam
1631 5547 1932 5602 animarum
1959 5565 2107 5604 crea-

529 5560 751 5598 mcumo
773 5560 986 5599 vutetur
1012 5560 1208 5666 negare
1233 5560 1600 5614 quotidianam
1631 5561 1932 5602 animarum
1959 5565 2105 5604 crea-

529 5611 768 5684 tionem:
808 5615 950 5681 quod
979 5627 1082 5684 pau
1108 5631 1142 5669 o
1177 5622 1299 5684 post
1353 5613 1552 5670 clarius
1581 5615 1820 5671 dederat
1862 5617 1948 5672 his
1986 5635 2105 5672 ver-

529 5681 655 5734 l'is:
697 5680 818 5755 Non
831 5680 1040 5755 novum
1097 5680 1362 5739 creaturae
1406 5700 1576 5755 genus
1630 5685 1984 5748 instituendo.
2015 5691 2106 5743 sed

529 5767 697 5824 quat:
739 5750 1004 5823 principio
1036 5762 1335 5818 creaverat,
1383 5750 1450 5808 ne
1500 5755 1769 5821 deﬁciant,
1806 5771 2105 5829 propagan~

2209 4523 2430 4587 nebant,
2455 4522 2814 4580 habitatorem
2838 4527 3180 4597 ignorabant.
3213 4531 3352 4587 Caro
3379 4533 3527 4590 enim
3549 4533 3637 4589 illa
3661 4542 3791 4589 tem-

2206 4612 2350 4682 plmn
2377 4623 2516 4681 erat,
2555 4617 2698 4674 Deus
2747 4619 3085 4676 inhabitabat
3114 4621 3277 4678 intus.
3315 4623 3434 4680 Non
3473 4640 3611 4697 ergo
3636 4621 3794 4684 Jesus

2206 4719 2428 4761 carnem
2459 4710 2712 4778 mquabat
2739 4709 2909 4776 Patri,
2967 4726 3074 4766 non
3120 4712 3351 4768 formam
3388 4716 3534 4771 servi
3567 4715 3794 4780 Domino

2207 4804 2558 4872 comparabat
2582 4821 2594 4858 :
2636 4820 2744 4860 non
2771 4806 2915 4876 quod
2945 4805 3144 4862 factum
3183 4818 3269 4863 est
3303 4819 3528 4880 propter
3557 4825 3674 4872 nos,
3697 4810 3793 4866 sed

2206 4893 2349 4960 quod
2369 4902 2490 4949 erat
2512 4895 2729 4964 quando
2771 4895 2902 4951 fecit
2945 4913 3064 4954 nos.
3097 4895 3230 4966 Quis
3258 4915 3492 4970 namque
3539 4901 3612 4956 sit
3630 4900 3790 4956 Chri—

2208 4991 2345 5049 stus,
2379 4984 2680 5042 (catholicis
2703 4986 2940 5060 loquor.)
2972 4990 3164 5056 nostis,
3214 4991 3341 5062 quia
3390 4992 3530 5050 bene
3556 4993 3793 5050 credidi-

2208 5093 2344 5134 sus:
2375 5095 2482 5135 non
2528 5081 2763 5136 Verbum
2794 5088 3024 5161 tantum,
3068 5098 3174 5140 non
3226 5099 3362 5148 caro
3415 5094 3626 5146 tantm
3651 5103 3668 5153 ;
3697 5087 3792 5143 sed

2219 5166 2442 5226 Verbum
2465 5187 2595 5226 caro
2624 5171 2822 5239 factum
2849 5182 2948 5238 est,
2971 5183 3022 5228 et
3049 5173 3302 5232 habitauit
3335 5175 3516 5249 μηδ..
3549 5188 3609 5232 ut
3643 5177 3795 5232 lubi-

2207 5257 2365 5330 taret]
2405 5259 2459 5314 in
2494 5262 2664 5316 nobis.
2711 5259 3013 5319 Recensete
3051 5263 3120 5320 de
3167 5265 3364 5332 Verbo,
3410 5268 3560 5338 quod
3600 5268 3791 5326 nostis.

2208 5353 2276 5410 In
2293 5358 2552 5428 principio
2569 5369 2684 5414 erat
2714 5357 2958 5427 Verbum,
2979 5373 3028 5417 et
3059 5360 3284 5418 Verbum
3303 5376 3414 5423 erat
3435 5366 3582 5436 apud
3601 5366 3796 5434 Deum,

2209 5487 2298 5541 do.
2348 5487 2633 5545 ΜΑιιτεκε.

2281 5559 2307 5598 δ
2347 5559 2423 5614 Ex
2462 5561 2648 5616 eadem
2677 5563 2892 5621 homilia
2920 5563 3094 5620 Bedze.

2283 5639 2303 5701 ἡ
2350 5625 2634 5701 ﬂuensque
2656 5648 2722 5688 ex
2755 5634 2972 5689 homilia
3003 5633 3032 5686 Ἰ
3058 5633 3231 5694 Βθὰπ.

2281 5697 2306 5737 ά
2349 5701 2405 5755 S.
2452 5697 2564 5771 Aug
2587 5703 2788 5758 .Tract.
2815 5719 2946 5760 xvm
2983 5705 3036 5760 in
3059 5705 3242 5774 Joan.,
3268 5721 3416 5763 num.
3448 5710 3501 5764 2.
