4022 6194
308 339 410 395 ΒζΘ

1114 339 1524 396 Ελιωιίἰω.
1567 372 1634 382 -ν
1670 342 2022 399 CUMMENF.
2063 345 2127 399 IN
2165 347 2352 403 JOAN.
2395 379 2462 388 —-—
2500 348 2626 406 ιω.
2665 351 2750 406 lli.

3436 360 3541 414 ϐω

310 447 468 523 511
506 457 553 500 et
586 442 729 500 Deus
762 457 873 500 erat
908 444 1146 500 Verbum.
1200 447 1299 501 Hic
1325 445 1602 516 aequalitas
1635 465 1756 505 cum
1789 450 1886 503 Pa-
1911 459 1961 514 Α
1991 455 2262 524 subjunxit
2295 477 2305 509 :
2333 458 2514 528 (Vens.
2562 459 2650 529 20)
2678 460 2838 515 Pater
2877 463 3014 515 enim
3051 464 3220 535 diligit
3255 461 3474 535 Filium,
3500 482 3549 525 et

310 549 412 592 tre.
462 534 570 589 Sed
623 531 846 588 Verbum
868 547 989 586 caro
1012 535 1210 603 factum
1240 545 1334 596 est,
1365 545 1414 588 et
1440 537 1692 590 habitavit
1722 539 1774 591 in
1789 555 1885 591 no-

312 627 428 680 bis:
469 625 571 680 hac
598 638 759 678 carne
785 622 955 689 major
984 632 1065 677 est
1091 625 1270 677 Pater.
1312 625 1391 678 lta
1426 625 1586 680 Pater
1610 636 1664 681 et
1701 643 1882 696 (equa-

313 713 380 766 lis
409 719 463 765 et
489 708 660 776 major
687 725 700 761 :
738 708 960 777 :equalis
990 709 1186 774 Verbo,
1227 710 1399 778 major
1435 727 1634 775 carne;
1666 715 1887 782 aequalis

311 801 361 855 ei
385 814 483 869 per
519 813 677 866 quem
707 796 833 851 fecit
863 813 979 859 nos,
1022 797 1193 866 major
1217 815 1282 854 eo
1327 801 1416 870 qui
1449 801 1624 857 factus
1651 812 1733 856 est
1757 819 1884 872 pro-

310 897 432 957 pter
469 901 585 940 nos.
625 904 644 935 θ
683 883 979 939 Commotis
1009 900 1136 939 vero
1171 896 1224 940 et
1261 889 1491 942 turbatis
1518 887 1735 954 Judaeis,
1762 891 1886 958 quia

312 993 371 1032 se
389 976 650 1046 aqualem
694 975 943 1029 Christus
980 976 1124 1030 Patri
1157 975 1303 1041 fecit,
1349 980 1440 1048 qui
1473 980 1741 1033 hominem
1771 989 1886 1032 tan-

313 1066 586 1120 tummodo
631 1063 1033 1124 intellexerunt,
1081 1081 1186 1119 non
1236 1067 1439 1131 Deum;
1477 1083 1695 1122 carnem
1736 1070 1884 1122 vide-

315 1165 457 1218 runt,
489 1155 820 1209 divinitatem
857 1169 962 1208 non
989 1155 1368 1219 crediderunt;
1399 1159 1531 1212 dixit
1559 1159 1702 1213 enim
1731 1178 1742 1211 :

388 1245 544 1297 Vens.
575 1243 656 1296 19.
681 1272 750 1282 —-
776 1242 896 1296 Non
913 1253 1074 1312 potest
1091 1262 1123 1297 a
1139 1261 1193 1298 se
1209 1243 1253 1297 F
1256 1247 1378 1300 ilius
1392 1247 1562 1315 facere
1579 1250 1880 1319 quidquam,

314 1335 413 1387 nisi
438 1333 576 1402 quod
600 1332 784 1384 viderit
816 1331 1026 1386 Patrem
1050 1334 1343 1402 facientem.
1374 1354 1392 1385 ‹
1417 1348 1442 1375 α
1458 1336 1573 1390 Non
1600 1339 1703 1391 alia
1724 1354 1884 1408 opera

314 1423 444 1478 facit
474 1421 634 1475 Pater
673 1436 793 1488 qua:
847 1421 1025 1475 videat
1075 1423 1260 1487 Filius,
1293 1434 1348 1477 et
1399 1425 1502 1480 alia
1565 1427 1732 1482 Filius
1761 1445 1885 1483 cum

313 1509 464 1583 [st.,
487 1509 626 1580 quae]
644 1509 834 1563 viderit
849 1509 1061 1564 Patrem
1077 1509 1390 1576 facientem;
1413 1513 1504 1566 sed
1525 1515 1710 1568 eadem
1725 1531 1886 1583 opera

311 1603 428 1672 ipse
467 1600 627 1654 Pater
672 1610 726 1653 et
751 1599 918 1654 Filius
966 1599 1114 1655 facit.
1161 1600 1388 1656 Secutus
1429 1604 1570 1657 enim
1620 1605 1696 1658 ait
1733 1605 1883 1676 [Ms.,

313 1691 557 1759 sequitur
585 1689 752 1760 enim]
787 1708 799 1740 :
835 1688 1169 1758 Quaecunque
1197 1689 1284 1743 ille
1305 1691 1506 1759 fecerit,
1532 1693 1642 1746 haec
1667 1692 1759 1764 [et]
1791 1692 1886 1746 Fi-

1987 549 2161 600 omnia
2186 548 2500 602 demonstrat
2541 549 2590 603 ei
2635 568 2752 621 qua:
2791 553 2898 622 ipse
2925 553 3072 621 facit.
3136 554 3203 610 Ut
3242 559 3546 616 ostenderet

1985 651 2199 691 omnem
2244 639 2381 692 hanc
2410 638 2588 694 Patris
2627 639 3138 698 demonstrationem
3178 645 3297 700 fidei
3347 659 3544 705 nostra:

1987 741 2104 780 esse
2153 729 2470 783 doctrinam.
2513 731 2580 786 Ut
2611 733 2815 788 scilicet
2865 745 2916 790 et
2949 735 3107 790 Pater
3157 739 3310 793 nobis
3338 742 3391 796 in
3418 758 3546 797 con-

1987 815 2218 869 fessione
2243 827 2384 870 esset
2426 828 2482 871 et
2513 819 2718 885 Filius;
2764 834 2816 876 et
2847 840 2913 878 ne
2967 841 3070 893 qua
3099 827 3363 894 ignoratio
3387 831 3438 884 in
3461 832 3548 886 Fi-

1988 902 2058 956 lio
2093 914 2275 971 posset
2316 906 2560 977 intelligi,
2622 912 2706 964 cui
2766 911 2924 966 Pater
2970 929 3132 983 Opera
3191 921 3370 973 omnia
3424 938 3544 991 qua:

1988 992 2102 1061 ipse
2131 992 2351 1057 faceret,
2408 1008 2751 1062 monstraret.
2794 1004 3050 1058 continuo
3077 1007 3154 1059 ait
3185 1024 3197 1058 :
3229 1008 3296 1061 Et
3339 1013 3544 1080 majora

1985 1081 2170 1134 horum
2191 1099 2346 1154 opera
2388 1085 2758 1141 demonstrabit
2781 1092 2847 1153 ei,
2892 1101 2946 1143 ut
2992 1108 3076 1145 ros
3125 1094 3474 1152 admiremini.

2599 1221 2824 1278 CAPUT
2863 1225 2928 1278 Χ.

1989 1304 2140 1370 Quod
2169 1308 2301 1387 sicut
2334 1308 2492 1387 Pater
2510 1314 2746 1387 suscitat_
2770 1326 3015 1376 mortuos,
3046 1319 3119 1370 sic
3165 1329 3211 1372 et
3259 1318 3464 1387 Filius;
3509 1337 3554 1380 et

2054 1376 2195 1454 quod
2232 1378 2504 1454 mqualiter
2535 1397 2650 1433 cum
2707 1381 2864 1454 Patre
2891 1387 2958 1436 sit
3004 1387 3371 1454 honorandus;
3426 1376 3551 1448 etin

2056 1445 2195 1512 quod
2223 1446 2484 1500 credentes
2507 1458 2772 1503 transeant
2821 1453 2883 1504 de
2904 1465 3067 1507 morte
3093 1457 3160 1509 ad
3201 1445 3376 1514 vitam:
3424 1445 3552 1517 Ven;

2055 1523 2227 1592 turqm
2249 1531 2450 1592 quoque
2469 1521 2767 1584 pronuntiat
2805 1522 3004 1592 lteram,
3049 1541 3150 1592 qua
3165 1526 3230 1579 de
3252 1546 3554 1584 monumen—

2057 1583 2124 1633 tis
2153 1582 2272 1634 boni
2309 1582 2534 1654 malique
2562 1600 2846 1656 resurgent.

2060 1694 2222 1748 Vens.
2255 1695 2344 1748 2|.
2376 1727 2445 1735 --
2479 1696 2626 1751 Sicut
2664 1702 2800 1752 enim
2851 1701 3012 1757 Pater
3038 1708 3254 1760 suscitat
3293 1722 3550 1777 mortuos,

311 1778 416 1832 lius
446 1777 680 1832 similiter
705 1777 979 1847 facit.Non
1011 1793 1131 1832 cum
1160 1779 1247 1834 ille
1276 1779 1482 1845 fecerit,
1503 1782 1604 1835 alia
1619 1783 1783 1838 Filius
1809 1785 1882 1839 si-
1914 1774 1956 1832 Β
1986 1792 2033 1834 et
2062 1784 2306 1852 vivi/5601,
2333 1787 2405 1838 sic
2431 1797 2476 1837 ει
2507 1785 2678 1841 Filius
2699 1806 2826 1858 quos
2871 1792 2976 1844 υτιίι
3017 1796 3259 1863 viui/icui.
3291 1799 3363 1852 Ea
3404 1803 3546 1855 enim

314 1873 514 1926 militer
525 1871 652 1926 facit
668 1889 678 1923 :
695 1872 786 1925 sed
799 1888 1117 1942 quacunque
1128 1871 1214 1924 ille
1227 1873 1424 1942 fecerit,
1439 1874 1548 1928 lucc
1557 1885 1607 1928 et
1623 1874 1794 1929 Filius
1816 1877 1882 1930 si-

312 1961 503 2016 militer
537 1960 681 2029 facit.
712 1961 768 2012 Si
802 1961 914 2014 haec
958 1959 1086 2014 facit
1111 1960 1279 2015 Filius
1326 1978 1444 2030 quae
1483 1962 1674 2019 fecerit
1699 1964 1874 2027 Pater,

310 2066 409 2120 per
464 2047 655 2104 Filium
711 2049 838 2105 facit
885 2049 1076 2115 Pater;
1112 2051 1155 2104 si
1207 2065 1302 2119 per
1335 2051 1528 2106 Filium
1568 2053 1697 2107 facit
1720 2054 1882 2108 Pater

312 2155 430 2210 qua:
477 2140 634 2204 facit,
671 2155 776 2194 non
833 2140 937 2193 alia
988 2141 1163 2204 Pater,
1220 2141 1322 2195 alia
1381 2141 1546 2196 Filius
1585 2143 1748 2209 facit,
1785 2145 1878 2198 sed

310 2231 499 2284 eadem
524 2245 685 2300 Opera
732 2237 855 2283 sunt
897 2229 1072 2285 Patris
1095 2241 1145 2285 et
1172 2231 1311 2286 Filii.
1369 2233 1436 2287 Et
1484 2236 1750 2302 quomodo
1786 2249 1877 2289 ea-

309 2319 431 2374 dem
485 2319 610 2374 facit
665 2320 863 2383 Filius,
903 2321 1088 2374 eadem
1126 2329 1179 2376 et
1227 2321 1385 2376 Pater
1431 2325 1678 2381 similiter
1707 2326 1756 2379 b.
1802 2325 1878 2380 Ne

311 2411 448 2465 forte
468 2411 674 2474 eadem,
701 2411 794 2465 sed
816 2410 1175 2465 dissimiliter:
1206 2411 1427 2479 Eadem,
1456 2415 1646 2484 inquit,
1663 2425 1709 2469 et
1735 2417 1880 2469 simi-

309 2501 445 2553 liter.
473 2499 537 2554 Et
559 2501 822 2568 quomodo
838 2501 1006 2568 possit
1028 2502 1213 2556 eadem
1229 2517 1335 2556 non
1353 2503 1622 2568 similiter,
1649 2515 1670 2542 ο
1704 2526 1721 2555 ι
1752 2507 1877 2559 dum

308 2591 507 2654 omnia,
545 2605 663 2659 quae
697 2589 853 2645 Pater
881 2589 1028 2656 facit,
1080 2607 1178 2660 per
1204 2592 1396 2647 Filium
1427 2593 1594 2648 facit?
1622 2595 1770 2650 Sicut
1801 2597 1878 2650 di-

307 2689 452 2734 ctum
481 2689 599 2734 est;
632 2677 820 2733 Omnia
853 2697 944 2750 per
973 2681 1145 2751 ipsum
1171 2682 1310 2750 facta
1351 2694 1490 2748 sunt,
1526 2694 1572 2737 et
1618 2686 1730 2738 sine
1766 2687 1876 2755 ipso

307 2775 504 2837 factum
555 2769 804 2822 estnihil.
868 2769 990 2824 Ideo
1015 2771 1262 2824 similiter
1303 2772 1455 2837 dixit,
1519 2774 1646 2842 quia
1697 2776 1876 2829 eadem

307 2861 435 2930 facit
474 2859 668 2926 Filius,
699 2879 816 2932 qua:
843 2862 966 2930 facit
998 2873 1044 2917 et
1075 2864 1234 2917 Pater
1266 2880 1279 2918 :
1314 2867 1448 2934 quia.
1480 2883 1583 2922 una
1617 2868 1800 2924 Patris
1825 2878 1878 2923 et

306 2947 426 3004 Filii
470 2951 520 3004 in
551 2951 828 3005 divinitate
853 2952 1165 3007 substantia:
1193 2961 1275 3008 est
1295 2953 1445 3024 μίση
1479 2957 1777 3011 substantia
1801 2957 1876 3029 et]

303 3042 567 3110 operatio,
597 3058 699 3096 una
725 3043 969 3098 voluntas
983 3053 1036 3098 et
1056 3055 1312 3114 potestas,
1344 3064 1447 3102 una
1477 3039 1676 3106 vita'et
1702 3067 1878 3107 essen-

307 3130 402 3193 tia,
447 3140 502 3185 et
519 3131 743 3201 aequalia
786 3135 964 3188 omnia
1015 3145 1140 3189 sunt.
1195 3138 1247 3191 in
1277 3137 1436 3194 Patre
1491 3149 1546 3194 et
1588 3142 1744 3206 Filio,
1775 3144 1875 3197 nisi

303 3222 446 3292 quod
467 3221 623 3276 Pater
649 3231 801 3292 pater
819 3233 919 3288 est,
971 3234 1027 3280 et
1058 3225 1226 3280 Filius
1268 3228 1408 3283 filius
1434 3239 1535 3285 est.
1578 3231 1859 3300 Separatio

303 3321 389 3366 est
435 3313 486 3367 in
505 3313 769 3382 personis,
797 3315 889 3368 sed
922 3317 1102 3368 unitas
1133 3315 1183 3369 in
1209 3325 1421 3372 natura.
1454 3319 1575 3374 Non
1609 3323 1744 3375 enim
1770 3339 1869 3392 po-

303 3410 401 3454 test
436 3400 606 3456 Filius
627 3420 659 3456 a
689 3419 742 3456 se
769 3402 940 3469 facere
952 3404 1363 3473 quidquam,nisi
1385 3407 1523 3478 quod
1553 3409 1735 3462 uiderit
1765 3409 1870 3463 Pa-

305 3501 437 3545 trem
457 3491 752 3562 facientem.
800 3491 915 3546 Non
961 3493 1215 3547 debemus
1244 3497 1534 3552 carnaliter
1572 3498 1872 3570 intelligere

306 3581 445 3635 hanc
483 3582 828 3646 sententiam,
865 3599 883 3631 ‹
914 3580 940 3620 ἀ
973 3583 1126 3650 quasi
1148 3584 1374 3638 duorum
1400 3585 1672 3640 hominum
1697 3588 1870 3643 Patris

303 3679 359 3723 et
403 3669 541 3735 Filii,
577 3671 735 3724 unius
775 3671 1126 3736 ostendentis,
1158 3673 1378 3728 alterius
1402 3677 1661 3741 videntis;
1710 3679 1871 3733 unius

303 3759 591 3829 loquentis,
635 3761 855 3817 alterius
910 3764 1206 3829 audientis;
1266 3782 1386 3835 qua:
1429 3769 1608 3821 omnia
1646 3770 1872 3836 phanta-

301 3861 474 3906 smata
511 3853 688 3906 cordis
717 3861 860 3906 sunt.
904 3871 921 3903 ι
953 3853 1102 3906 Talis
1137 3856 1394 3923 cogitatio
1419 3857 1653 3924 procula
1691 3865 1870 3924 pecto-

302 3941 450 3995 ribus
474 3939 795 3997 Christianis
834 3945 1146 4011 expellenda
1196 3954 1295 3999 est.
1352 3947 1493 4014 Ergo
1548 3948 1613 4000 de
1642 3946 1775 4000 Filio
1818 3956 1870 4000 et

300 4029 459 4082 Patre
501 4029 782 4096 prtesentis
823 4030 977 4083 docet
998 4030 1241 4085 lectionis
1266 4033 1584 4100 exemplum,
1615 4035 1740 4103 quia
1771 4049 1870 4088 nec

299 4117 462 4171 Pater
488 4116 747 4172 minorem
772 4133 930 4186 quam
961 4118 1150 4183 Filius,
1203 4135 1301 4175 nec
1345 4121 1436 4175 Dei
1488 4122 1653 4177 Filius
1694 4125 1865 4193 majo-

301 4217 436 4266 rem,
480 4217 642 4272 quam
671 4202 831 4258 Pater
867 4205 1030 4260 habet
1054 4221 1338 4274 personam
1386 4221 1429 4272 ε’,
1487 4211 1784 4271 cumPatri
1814 4222 1867 4268 et

300 4294 436 4350 Filio
460 4295 606 4349 nulla
631 4297 880 4350 distantia
899 4298 1198 4354 divinitatis
1233 4302 1320 4366 sit,
1347 4302 1440 4357 sed
1465 4320 1567 4356 una
1591 4306 1862 4375 majestas.

301 4383 450 4448 Quod
483 4386 626 4440 enim
649 4387 726 4442 ait
747 4387 940 4443 Filium
972 4390 1103 4444 nihil
1144 4389 1342 4457 facere,
1403 4395 1504 4449 nisi
1533 4400 1674 4465 quod
1721 4400 1866 4454 vide-

301 4473 374 4526 rit
401 4473 610 4528 Patrem
675 4475 980 4542 facientem,
1028 4495 1133 4534 non
1173 4483 1525 4550 corporaliter
1568 4487 1865 4558 intelligen-

297 4562 425 4615 dum
444 4571 544 4625 est,
579 4565 702 4632 quia
754 4581 860 4620 non
888 4566 1255 4634 corporalibus
1279 4569 1451 4624 modis
1493 4571 1634 4626 Deus
1677 4573 1858 4629 videt:

299 4649 391 4702 scd
418 4649 565 4704 visus
588 4651 637 4704 ei
667 4653 840 4706 omnis
870 4654 922 4706 in
951 4655 1148 4708 virtute
1165 4663 1370 4710 naturae
1389 4667 1499 4723 est;
1528 4675 1700 4730 neque
1723 4663 1864 4717 enim

299 4737 517 4802 partitio
549 4754 666 4794 esse
697 4741 895 4810 poterit
942 4743 992 4796 in
1041 4745 1269 4814 simplici
1298 4755 1486 4802 natura
1531 4750 1862 4815 divinitatis;

298 4824 391 4876 sed
418 4823 579 4895 [idem
613 4829 716 4901 est]
770 4831 908 4886 Filio
931 4833 1113 4888 videre
1149 4836 1325 4891 Patris
1346 4853 1526 4907 opera,
1557 4856 1678 4896 cum
1707 4843 1866 4900 Patre

295 4915 572 4981 mqualiter
602 4919 801 4982 facere,
841 4921 968 4990 quia
999 4923 1137 4978 idem
1162 4934 1242 4978 est
1273 4926 1408 4982 Filio
1436 4930 1618 4984 videre
1646 4941 1861 4988 etesse.

297 5000 418 5057 Ideo
447 5005 672 5072 subjecit
697 5026 708 5059 :
737 5007 928 5063 Omnia
969 5013 1102 5066 enim
1134 5030 1456 5086 quatcunque
1507 5018 1634 5088 facit
1682 5020 1862 5085 Pater,

293 5092 476 5146 eadem
495 5105 542 5147 et
571 5093 746 5151 Filius
784 5098 910 5166 facit
931 5102 1190 5156 similiter.
1218 5103 1680 5174 Significationem
1706 5111 1866 5166 unius

295 5189 501 5236 natura:
530 5186 766 5240 ostendit
820 5196 874 5241 et
893 5192 1053 5246 unius
1078 5195 1428 5262 operationis,
1475 5197 1599 5266 quia
1628 5213 1866 5254 commu-

293 5271 379 5324 nis
402 5270 532 5350 [est]
564 5277 810 5345 operatio
853 5276 1030 5336 Patris
1056 5293 1111 5338 et
1158 5284 1300 5349 Filii,
1341 5301 1571 5356 quorum
1627 5297 1712 5344 est
1758 5305 1863 5344 una

291 5370 506 5429 natura,
559 5381 666 5420 una
699 5368 862 5422 etiam
911 5379 967 5423 et
991 5376 1250 5441 operatio.
1301 5377 1423 5433 Ideo
1473 5389 1866 5450 consequenter

430 5451 490 5526 _S_.
520 5454 661 5526 Aug.
691 5455 888 5511 ibidem
911 5473 1059 5512 num.
1089 5461 1143 5515 8.

362 5522 390 5562 ι’
419 5521 531 5597 με.
562 5521 775 5597 ειᾊυε.
811 5543 824 5578 :
863 5543 882 5576 ι
902 5526 983 5597 Ει
1006 5530 1274 5596 quomodo
1303 5535 1488 5590 eadem
1530 5536 1658 5592 facit
1681 5546 1736 5594 et
1770 5538 1862 5592 Fi-

290 5590 433 5644 lius?
475 5603 532 5648 et
556 5590 752 5650 eadem
779 5603 835 5649 et
868 5590 1136 5652 similiter.
1178 5618 1196 5648 ι

362 5671 384 5698 ο
436 5660 720 5731 ﬂuensque
765 5672 981 5718 sanctus
1006 5666 1350 5733 Augustinus,
1380 5672 1495 5725 loco
1532 5675 1712 5732 citato.

732 5757 1006 5830 Parnm.
1045 5757 1112 5814 C.

1986 1873 2199 1925 Patrem
2256 1875 2744 1930 demonstraturum
2789 1879 2924 1934 Filio
2958 1883 3087 1936 dicit
3121 1901 3238 1953 quae
3268 1890 3549 1946 mirentur.

1984 1960 2046 2013 Et
2077 1977 2194 2029 quze
2219 1965 2404 2016 eadem
2435 1977 2616 2019 essent
2641 1967 2753 2032 illa,
2803 1985 2924 2024 mox
2961 1973 3140 2027 docuit
3173 1992 3185 2026 :
3219 1975 3362 2030 Sicut
3410 1982 3545 2034 enim

1983 2048 2144 2104 Pater
2163 2054 2377 2106 suscitat
2401 2065 2650 2120 mortuos,
2668 2061 2742 2111 sic
2760 2070 2806 2112 et
2830 2059 3001 2115 Filius
3021 2081 3147 2132 quos
3174 2067 3279 2119 vult
3303 2070 3548 2138 vivi/ient.

1980 2140 2268 2209 Extequata
2320 2143 2491 2196 virtus
2529 2153 2609 2198 est
2661 2147 2993 2204 indissimilis
3029 2168 3123 2221 per
3161 2166 3366 2211 natura:
3393 2157 3549 2230 [Ms.,

1983 2243 2081 2296 per
2103 2239 2314 2285 naturae
2347 2231 2706 2308 indissimilis]
2767 2239 3050 2305 unitatem,
3089 2254 3142 2296 et
3167 2247 3555 2305 demonstratio

1980 2337 2199 2390 operum
2233 2338 2337 2376 non
2371 2323 2722 2393 ignorationis
2770 2329 3052 2386 instructio
3081 2344 3186 2399 est,
3221 2341 3312 2392 Sed
3351 2350 3550 2395 nostrae

1980 2408 2102 2468 fidei
2177 2426 2295 2479 quze
2326 2412 2484 2482 512
2514 2431 2618 2468 non
2649 2416 2784 2472 Filio
2828 2422 3107 2476 scientiam
3160 2427 3544 2497 ignoratorunn,

1980 2503 2075 2556 sed
2108 2505 2261 2557 nobis
2299 2505 2691 2561 confessionem
2727 2512 3022 2568 nativitatis
3055 2516 3275 2571 invexit.
3319 2521 3550 2576 Demon-

1980 2601 2154 2647 strare
2182 2595 2321 2646 enim
2339 2594 2667 2660 Patrem,est
2697 2615 2792 2668 per
2817 2600 3010 2655 Filium
3032 2603 3208 2661 facere
3237 2623 3354 2675 qure
3379 2610 3544 2665 factu-

1983 2699 2074 2739 rus
2099 2694 2200 2738 est.
2228 2683 2359 2738 Nam
2391 2685 2593 2752 majora
2617 2703 2777 2757 opera
2811 2701 2934 2744 sunt
2956 2697 3278 2750 resurrectio
3310 2707 3538 2752 mortuo-

1981 2787 2097 2824 rum
2126 2786 2243 2840 qua:
2268 2773 2370 2825 crit
2408 2774 2459 2826 in
2483 2775 2774 2829 novissimo
2803 2777 2910 2844 die,
2934 2795 3094 2848 quam
3119 2783 3272 2838 istius
3295 2785 3548 2856 languen—

1980 2861 2050 2914 tis
2077 2862 2299 2924 sanitas,
2354 2863 2445 2930 qui
2494 2863 2692 2919 Christi
2738 2868 2901 2923 verbo
2935 2881 3158 2926 sanatus
3186 2883 3286 2928 est.
3336 2877 3412 2930 Ex
3442 2893 3548 2946 quo

1979 2959 2103 3004 nata
2127 2959 2209 3005 est
2255 2951 2411 3019 hujus
2451 2956 2665 3009 occasio
2701 2965 2812 3022 tota
2860 2964 3158 3028 sermonis;
3190 2965 3316 3019 dicit
3357 2968 3499 3023 enim
3531 2989 3544 3024 :

1981 3039 2048 3094 Ut
2074 3058 2162 3095 vos
2183 3042 2461 3096 miremini.
2495 3063 2512 3094 ι
2561 3046 2579 3083 τ
2607 3046 2672 3100 Ει
2696 3047 2798 3103 hoc
2825 3050 3039 3106 difﬁcile
3065 3063 3148 3108 est
3176 3056 3379 3122 videre,
3409 3074 3545 3128 quo-

1978 3131 2139 3186 modo
2169 3140 2420 3200 tanquam
2453 3139 2820 3206 temporaliter
2866 3141 3004 3199 Filio
3050 3154 3317 3202 cozeterno
3364 3150 3544 3220 aliqua

1975 3224 2370 3278 demonstraret
2392 3233 2627 3282 :etcrnus
2655 3227 2832 3295 Pater,
2857 3235 3036 3288 omnia
3063 3237 3250 3292 scienti
3279 3254 3396 3308 qum
3422 3252 3546 3296 sunt

1973 3313 2114 3381 apud
2155 3312 2390 3368 Patrem.
2433 3315 2562 3383 Quae
2607 3329 2731 3374 sunt
2781 3329 2961 3378 tamen
3005 3324 3091 3378 illa
3140 3326 3379 3396 majora?
3429 3329 3546 3386 Hoc

1971 3403 2114 3457 enim
2141 3403 2297 3460 facile
2323 3416 2406 3461 est
2431 3407 2744 3480 intelligere.
2780 3413 2928 3468 Sicut
2957 3417 3092 3470 enim
3144 3413 3324 3483 Pater,
3346 3420 3535 3489 inquit,

1971 3493 2186 3546 suscitat
2207 3505 2438 3550 mortuos
2455 3507 2503 3550 et
2533 3499 2776 3568 viviﬁcat,
2803 3503 2878 3556 sic
2901 3512 2947 3555 et
2973 3501 3148 3559 Filius
3169 3521 3299 3576 quos
3331 3507 3439 3559 vult
3463 3509 3543 3568 vis

1970 3582 2164 3650 viﬁcat.
2209 3583 2405 3652 Majora
2431 3601 2559 3656 ergo
2595 3599 2718 3643 sunt
2763 3606 2924 3658 opera
2971 3604 3212 3649 mortuos
3259 3598 3542 3662 suscitare.

1971 3687 2130 3738 quam
2184 3671 2464 3742 languidos
2507 3690 2719 3729 sanare.
2774 3677 2879 3732 Sed
2925 3679 3057 3733 sicut
3103 3684 3320 3743 suscitat
3380 3682 3542 3741 Pater

1971 3772 2200 3815 mortuos
2226 3773 2275 3815 et
2315 3763 2564 3830 viviﬁcat,
2610 3767 2685 3817 sic
2706 3775 2753 3818 et
2789 3765 2833 3818 F
2837 3767 2958 3823 ilius
2983 3787 3111 3842 quos
3134 3773 3241 3833 vult
3291 3776 3535 3848 vivificat.

1973 3851 2086 3904 Non
2116 3851 2250 3905 alios
2278 3867 2408 3920 ergo
2435 3853 2616 3919 Pater,
2673 3857 2806 3912 alios
2825 3859 2992 3919 Filius
3035 3882 3046 3918 :
3091 3866 3183 3922 sed
3226 3868 3404 3925 omnia
3442 3884 3539 3942 per

1971 3940 2176 4008 ipsum;
2233 3942 2376 4010 ipsos
2404 3945 2585 4014 itaque
2612 3946 2781 4004 Filius
2804 3966 2938 4021 quos
2975 3961 3028 4006 et
3052 3953 3209 4009 Pater
3243 3975 3256 4012 :
3281 3940 3533 4028 quianon

1970 4031 2098 4094 alia,
2152 4048 2249 4088 nec
2291 4035 2464 4099 aliter,
2525 4038 2616 4093 sed
2643 4040 2753 4096 hac
2774 4039 2945 4097 Filius
2988 4045 3227 4102 similiter
3267 4051 3414 4119 facit.
3459 4054 3536 4108 Ita

1970 4119 2125 4186 plane
2168 4121 2564 4193 intelligendum
2593 4137 2692 4191 est,
2739 4140 2792 4186 et
2823 4132 2893 4185 ita
2919 4135 3205 4191 tenendum
3237 4153 3251 4194 :
3281 4141 3373 4196 sed
3421 4158 3532 4196 me-

1970 4220 2223 4276 mentote,
2249 4217 2372 4284 quia
2403 4215 2573 4274 Filius
2602 4239 2729 4295 quos
2761 4223 2864 4278 uult
2911 4226 3157 4295 viviﬁcat.
3214 4228 3415 4286 Tenetc
3449 4231 3536 4287 hic

1969 4314 2096 4370 ergo
2121 4318 2224 4357 non
2239 4305 2406 4358 solum
2419 4318 2734 4374 potestatem
2750 4311 2891 4378 Filii,
2915 4329 3100 4370 verum
3115 4317 3274 4373 etiam
3293 4319 3536 4376 volunta-

1893 4427 1942 4486 υ
1969 4402 2075 4444 tem
2104 4391 2252 4464 [Ms.,
2271 4404 2324 4452 et
2345 4397 2673 4456 voluntatem
2690 4403 2908 4476 Patris].
2934 4405 3105 4461 Filius
3119 4422 3252 4476 quos
3276 4410 3386 4464 vult
3408 4411 3538 4465 vivi-

1971 4478 2114 4547 ficat,
2166 4494 2220 4538 et
2243 4483 2401 4540 Pater
2448 4505 2583 4558 quos
2607 4492 2719 4545 vult
2775 4494 3009 4551 vivificat
3041 4513 3053 4548 :
3085 4505 3139 4550 et
3173 4498 3314 4570 ipsos
3345 4499 3534 4566 Filius,

1968 4584 2100 4638 quos
2128 4580 2181 4624 et
2206 4573 2365 4628 Pater
2393 4595 2404 4632 :
2438 4592 2499 4632 ac
2521 4594 2618 4649 per
2643 4582 2744 4636 hoc
2781 4583 2962 4638 eadem
3001 4584 3176 4641 Patris
3195 4596 3249 4642 et
3282 4587 3403 4644 Filii
3435 4591 3534 4670 [et]

1967 4675 2204 4734 potestas
2229 4677 2310 4722 est
2345 4678 2398 4724 et
2430 4673 2693 4739 voluntas,
2719 4697 2735 4727 ι
2765 4678 2948 4732 eadem
2987 4695 3198 4752 quoque
3228 4683 3335 4737 vita
3374 4695 3429 4740 et
3457 4687 3534 4740 vi-

1967 4755 2200 4810 vificatio
2224 4767 2577 4816 mortuorum.
2610 4764 2675 4818 Et
2701 4767 2818 4820 ideo
2842 4768 2970 4821 dicit
2999 4787 3008 4820 :
3041 4768 3188 4824 Sicut
3224 4771 3384 4827 Pater
3415 4791 3532 4829 sus-

1967 4845 2092 4898 citat
2119 4857 2370 4913 mortuos,
2388 4860 2434 4904 et
2456 4852 2681 4920 viviﬁcat
2711 4872 2838 4928 quos
2868 4857 2996 4921 vult,
3026 4860 3102 4912 sic
3126 4870 3171 4913 et
3207 4860 3380 4917 Filius
3404 4879 3533 4934 quos

1965 4937 2072 4991 uult
2124 4940 2374 5009 vivi/Scal.
2424 4943 2538 5000 Non
2563 4948 2706 5001 enim
2735 4949 2868 5003 alios
2895 4949 3073 5014 Pater,
3107 4953 3241 5008 alios
3268 4953 3438 5009 Filius
3455 4955 3534 5010 vi-

1965 5027 2171 5092 viﬁcat;
2205 5031 2297 5085 sed
2334 5047 2438 5086 una
2471 5042 2706 5101 potestas
2740 5051 2899 5092 unam
2925 5039 3334 5098 vivificationem
3366 5041 3529 5109 facit;

1964 5129 2082 5183 qua:
2107 5119 2265 5171 etiam
2288 5129 2524 5188 potestas
2553 5137 2658 5176 uno
2685 5124 2888 5180 honore
2915 5127 3228 5185 honoranda
3262 5140 3345 5185 est
3394 5131 3529 5203 [Al.,

1963 5205 2307 5278 veneranda].
2333 5207 2400 5260 Et
2422 5208 2541 5264 ideo
2565 5223 2948 5281 consequenter
2970 5217 3242 5286 suhjnnxit
3267 5261 3280 5272 .

2034 5294 2194 5348 Vens.
2237 5295 2327 5359 22,
2357 5296 2448 5351 25.
2499 5329 2572 5339 -
2604 5297 2765 5354 Pater
2788 5305 2924 5357 enim
2956 5321 3061 5360 non
3098 5307 3310 5376 jndicat
3356 5325 3532 5380 quem-

1963 5398 2137 5451 quam,
2169 5384 2260 5437 sed
2283 5400 2434 5439 omne
2456 5386 2715 5455 judicium
2737 5392 2879 5446 dedit
2902 5391 3066 5459 Filio,
3090 5405 3145 5448 ut
3165 5411 3340 5452 omnes
3367 5399 3530 5454 hono-

2032 5471 2058 5512 ἀ
2104 5472 2195 5545 ΔΕι
2223 5472 2280 5526 8.
2331 5469 2686 5545 ᾼυςέΤι-εᾱ.
2712 5496 2822 5543 xIx,
2853 5497 3001 5537 num.
3030 5485 3078 5538 l.

2036 5553 2059 5582 ο
2103 5541 2200 5620 Μεζ
2241 5541 2450 5620 ς-ρμὶξ
2480 5560 2580 5600 nec
2604 5546 2762 5603 Pater
2783 5541 3043 5608 minorem
3071 5554 3251 5620 habet,
3281 5570 3381 5615 nec
3409 5575 3530 5619 tua.

1957 5610 2127 5677 iorem
2167 5611 2257 5666 Dei
2283 5613 2489 5668 Filius:
2521 5631 2710 5672 εηιιι...
2752 5640 2769 5669 ι

2037 5681 2054 5717 ΐ
2100 5680 2172 5733 Ex
2204 5680 2262 5733 S.
2295 5683 2430 5753 Aug.
2461 5684 2640 5740 Tract.
2682 5703 2792 5756 xix,
2815 5706 2962 5746 num.
2989 5692 3041 5757 4,
3067 5693 3118 5746 5.

3119 5788 3198 5853 26
