4000 6190
442 310 521 364 81⁷
535 308 553 362 1

1272 292 1347 344 Ἡ.
1390 289 1451 343 F.
1490 288 1716 345 ALBlNl
1759 289 1890 345 SEU
1929 287 2204 345 ALCUIN'.
2245 287 2528 344 OPERUM
2567 284 2748 341 PARS
2784 284 2828 342 11

3613 290 3718 346 812

459 412 660 481 riﬁcent
682 408 897 472 Filium,
922 406 1053 459 sicut
1074 403 1419 472 honoriﬁcam
1434 399 1667 456 Patrem.
1701 398 1804 465 Qui
1826 400 2035 454 nonho-
2065 405 2112 460 Α
2211 401 2371 454 Vens.
2410 398 2762 454 24.—Amen
2799 416 2949 454 amen
2987 400 3103 455 dico
3127 402 3288 465 vobis,
3328 399 3453 471 quia
3492 404 3582 471 qui
3611 418 3719 460 vero

459 502 698 569 noriﬁcat
731 496 963 560 Patrem,
1000 512 1103 549 non
1129 494 1437 564 honoriﬁcat
1476 492 1696 547 Fiiium.
1737 491 1897 546 Pater
1924 506 2030 546 non

456 588 658 658 iudicat
693 600 1037 656 quemquam,
1093 586 1219 654 quia
1259 583 1438 639 Patris
1466 597 1704 653 persona
1756 581 2029 637 hominem

459 694 564 733 non
600 675 852 745 suscepit,
882 690 982 729 nec
1020 676 1075 729 in
1106 676 1308 747 judicio
1331 675 1602 730 videbitur
1628 693 1642 727 :
1668 675 1763 730 sed
1800 674 1914 730 sola
1941 673 2031 728 Fi-

457 767 512 820 lii
550 780 801 835 persona,
851 765 906 818 in
934 778 994 819 ea
1016 763 1193 819 forma
1220 780 1339 834 quae
1358 766 1599 836 judicata
1628 773 1711 819 est
1737 762 1954 833 injuste,
1975 770 2029 818 et

454 856 596 925 justc
614 852 1053 922 juditabitvivos
1100 869 1165 909 ac
1194 863 1454 910 mortuos.
1503 854 1614 911 Nec
1668 855 1811 909 enim
1862 854 2028 910 Filius

455 945 727 999 videbitur
755 945 807 999 in
823 944 1029 1013 judicio
1058 946 1110 999 in
1137 961 1201 999 ea
1229 956 1422 999 natura
1462 960 1567 1015 qua
1591 946 2030 1001 consubstantia-

446 1037 518 1090 lis
547 1045 633 1091 est
660 1036 771 1090 Deo
792 1036 960 1100 Patri,
1009 1036 1104 1091 sed
1125 1035 1178 1088 in
1214 1052 1274 1090 ea
1309 1051 1415 1105 qua
1446 1036 1917 1091 consubstantialis
1945 1044 2028 1091 est

456 1129 637 1192 matri,
683 1136 737 1182 et
773 1129 934 1182 homo
979 1126 1155 1182 factus
1176 1137 1276 1182 est.
1334 1128 1411 1182 Ita
1464 1128 1866 1196 intelligendum
1896 1136 2022 1182 est:

457 1215 620 1270 Pater
646 1232 748 1271 non
765 1218 973 1286 judicat
1001 1233 1330 1288 quemquam,
1358 1217 1448 1270 sed
1487 1233 1636 1270 omne
1651 1216 1913 1285 judicium
1937 1216 2028 1270 de-

455 1307 530 1359 dit
581 1305 762 1370 Filio;
817 1322 880 1360 ac
914 1306 957 1360 si
1014 1306 1286 1361 diceretur
1326 1323 1338 1358 :
1377 1305 1592 1361 Patrem
1635 1319 1794 1360 nemo
1823 1305 2028 1361 videbit

455 1396 509 1449 in
524 1395 731 1463 judicio
760 1396 1001 1449 vivorum
1027 1402 1081 1447 et
1104 1405 1455 1458 mortuorum,
1483 1396 1577 1449 sed
1588 1410 1777 1449 omnes
1798 1394 2022 1461 Filium;

454 1485 579 1555 quia
615 1494 668 1540 et
719 1485 860 1540 ﬁlius
912 1486 1143 1541 hominis
1172 1494 1274 1549 est,
1328 1494 1387 1540 ut
1426 1487 1597 1555 possit
1646 1495 1702 1540 et
1754 1485 2025 1556 abimpiis

453 1578 646 1641 videri,
703 1594 825 1633 cum
852 1587 906 1633 ει
934 1577 1010 1631 illi
1060 1578 1313 1633 videbunt
1355 1579 1409 1633 in
1456 1593 1614 1648 quem
1659 1585 2020 1649 pupugerunt.

446 1670 607 1735 Quod
632 1684 700 1723 ne
722 1668 990 1738 conjicere
1037 1668 1215 1736 potius
1253 1684 1416 1738 quam
1443 1677 1628 1738 aperte
1656 1668 2025 1723 demonstrare

2134 490 2253 543 bum
2274 506 2445 544 meum
2470 490 2637 555 audit,
2661 501 2707 543 et
2733 491 2894 544 credit
2916 491 2983 556 ei,
3013 493 3103 562 qui
3138 493 3278 546 misit
3312 509 3417 559 me,
3455 494 3607 548 habet
3646 496 3724 551 vi-

2131 588 2239 633 tam
2262 590 2534 644 cateruam,
2555 589 2602 633 et
2634 581 2688 633 in
2708 579 2973 649 judicium
3010 597 3115 635 non
3150 582 3335 638 veniet.
3374 582 3466 636 sed
3502 585 3721 638 transiet

2129 687 2161 723 a
2205 678 2370 722 morte
2411 669 2479 722 ad
2506 669 2682 722 vitam.
2732 667 2848 723 Non
2889 684 3031 724 nunc
3058 670 3275 735 transit,
3296 667 3414 737 jam
3439 672 3656 727 transiit
3686 688 3722 727 a

2130 766 2306 812 morte
2345 758 2397 812 in
2435 758 2619 812 vitam.
2659 758 2729 812 Et
2753 759 2856 812 hoc
2881 759 3166 825 attendite,
3193 761 3283 829 qui
3309 761 3522 816 verbum
3547 779 3718 817 meum

2129 850 2320 904 audit:
2346 857 2402 904 et
2428 864 2533 904 non
2565 850 2742 905 dixit:
2772 850 2948 905 credit
2982 851 3149 917 mihi;
3178 853 3293 917 sed,
3322 855 3487 909 credit
3514 857 3596 922 ei,
3628 858 3722 927 qui

2128 940 2266 993 misit
2307 956 2406 995 me.
2454 939 2689 995 Verbum
2717 955 2849 1012 ergo
2885 941 3006 995 Filii
3034 942 3237 1007 audiat,
3267 945 3319 999 in
3343 945 3505 1001 Patre
3533 948 3723 1004 credat

2130 1027 2284 1099 [Ms.,
2307 1038 2356 1083 et
2380 1028 2542 1099 Aug.,
2572 1036 2633 1083 ut
2650 1028 2800 1084 Patri
2825 1030 3057 1102 credat].
3098 1030 3277 1098 Quare
3301 1034 3541 1091 Verbum
3569 1038 3723 1091 audit

2127 1127 2301 1184 tuum,
2331 1127 2387 1174 et
2405 1120 2581 1175 credit
2606 1119 2765 1175 alteri
2793 1121 2816 1173 ?
2857 1119 3045 1176 Nonne
3078 1137 3202 1178 cum
3232 1125 3456 1180 verbum
3487 1125 3721 1195 alicujus

2125 1207 2395 1272 audimus,
2416 1208 2595 1263 eidem
2613 1208 2838 1264 verbum
2859 1207 3156 1279 proferenti
3175 1212 3470 1279 credimus,
3490 1214 3717 1285 loquen-

2126 1294 2180 1349 di
2208 1296 2363 1351 nobis
2387 1296 2547 1352 ﬁdem
2574 1299 3080 1354 accommodamus?
3126 1299 3265 1367 Quid
3293 1317 3424 1371 ergo
3449 1302 3621 1358 voluit
3638 1305 3723 1359 di-

2126 1399 2271 1451 cere,
2306 1387 2395 1456 qui
2424 1387 2634 1441 verbum
2662 1403 2832 1441 meum
2869 1389 3039 1455 audit,
3078 1399 3124 1444 et
3165 1391 3330 1444 credit
3360 1395 3427 1457 ei,
3459 1394 3548 1463 qui
3577 1395 3722 1449 misit

2125 1490 2227 1539 me,
2254 1475 2358 1530 nisi
2381 1476 2508 1546 quia
2536 1478 2763 1532 verbum
2789 1479 2907 1548 ejus
2926 1480 3089 1534 estin
3116 1481 3236 1535 me?
3264 1481 3332 1537 Et
3352 1483 3476 1552 quis
3497 1492 3598 1548 est,
3624 1483 3721 1554 qui

2124 1563 2274 1617 audit
2314 1565 2517 1619 verbum
2556 1582 2748 1632 meum,
2779 1568 2906 1635 nisi,
2936 1569 3029 1639 qui
3067 1570 3220 1626 audit
3271 1575 3395 1627 me?
3428 1572 3614 1645 [Aug.:
3650 1574 3727 1628 Et

2126 1653 2254 1723 quid
2294 1661 2398 1720 cst,
2446 1655 2594 1709 audit
2630 1656 2839 1710 verbum
2880 1674 3073 1722 meum,
3109 1658 3212 1714 nisi
3241 1661 3393 1715 audit
3417 1676 3505 1717 me
3522 1660 3568 1734 ἲ]
3613 1661 3721 1729 Qui

451 1758 753 1823 videamur,
801 1757 1125 1826 proferimus
1151 1757 1389 1827 ejusdem
1425 1757 1634 1813 Domini
1674 1765 1878 1811 certam
1906 1771 2025 1810 ma-

2129 1744 2302 1799 credit
2325 1745 2380 1799 in
2409 1760 2517 1811 me,
2544 1746 2719 1801 credit
2738 1749 2904 1802 etiam
2926 1749 2977 1803 ei
3007 1749 3098 1819 qui
3123 1751 3273 1805 misit
3290 1766 3377 1806 me
3402 1768 3415 1804 :
3438 1736 3569 1821 quia
3590 1767 3722 1808 eum

453 1847 810 1917 nifestamque
825 1847 1169 1911 sententiam,
1200 1863 1304 1916 qua
1316 1847 1832 1917 ostendimusipsam
1862 1846 2029 1902 fuisse

451 1953 669 1992 causam
693 1946 752 1992 ut
774 1937 977 1991 diceret
1008 1955 1021 1991 :
1052 1934 1215 1990 Pater
1235 1953 1337 1991 non
1351 1937 1560 2007 judicat
1580 1952 1910 2008 quemquam,
1936 1936 2028 1990 sed

450 2045 602 2083 omne
618 2028 882 2099 judicium
919 2026 1060 2081 dedit
1104 2025 1265 2088 Filio,
1318 2027 1445 2094 quia
1498 2025 1663 2094 judex
1711 2025 1886 2080 forma
1931 2024 2026 2079 ﬁlii

452 2118 686 2172 hominis
712 2116 1009 2186 apparebit.
1064 2114 1194 2181 Quae
1243 2114 1414 2168 forma
1467 2130 1574 2169 non
1597 2121 1680 2169 est
1702 2114 1903 2179 Patris,
1934 2114 2027 2169 sed

452 2206 594 2271 Filii,
652 2221 750 2260 nec
780 2204 888 2277 [ea]
934 2204 1055 2259 Filii
1102 2205 1155 2258 in
1180 2219 1286 2275 qua
1329 2203 1552 2274 aequalis
1594 2213 1675 2260 est
1711 2204 1880 2269 Patri,
1934 2205 2028 2260 sed

452 2295 510 2348 in
536 2310 640 2363 qua
670 2294 846 2348 minor
862 2301 945 2348 est
968 2292 1129 2347 Patre
1172 2311 1185 2345 :
1217 2300 1277 2347 ut
1304 2292 1376 2348 sit
1395 2292 1452 2347 in
1471 2290 1674 2362 judicio
1705 2293 2028 2363 conspicuus

451 2385 610 2438 bonis
655 2391 710 2437 et
738 2383 914 2438 malis.

526 2472 594 2528 Ut
622 2490 796 2527 omnes
845 2473 1190 2542 honoriﬁcam
1219 2471 1441 2539 Filium,
1496 2473 1633 2527 sicut
1676 2472 2027 2543 honoriﬁcam

456 2566 694 2621 Patrem.
721 2564 824 2630 Qui
845 2581 947 2618 non
973 2564 1284 2634 honoriﬁcat
1314 2562 1549 2628 Patrem,
1585 2578 1688 2618 non
1714 2563 2025 2633 honoriﬁcat

455 2657 674 2713 Filium.
712 2675 730 2707 ι
770 2668 795 2697 ι
823 2654 963 2723 Quid
1000 2663 1083 2710 est
1107 2656 1251 2710 enim
1274 2655 1632 2711 honoriﬁcare
1655 2656 1890 2722 Patrem,
1921 2657 2024 2712 nisi

454 2752 595 2820 quod
622 2751 815 2806 habeat
847 2749 1076 2803 Filium?
1106 2749 1268 2804 Aliud
1297 2757 1381 2804 est
1426 2750 1571 2807 enim
1596 2765 1718 2806 cum
1756 2751 1854 2806 tibi
1878 2767 2025 2807 com-

457 2841 739 2897 mendatur
765 2839 907 2894 Deus
944 2838 1069 2907 quia
1107 2837 1251 2893 Deus
1298 2845 1399 2903 est,
1441 2847 1496 2893 et
1535 2839 1702 2904 aliud,
1758 2855 1879 2894 cum
1930 2840 2024 2894 tibi

454 2931 864 2986 commendatur
896 2928 1041 2982 Deus
1080 2928 1204 2995 quia
1233 2927 1396 2982 Pater
1439 2937 1540 2983 est.
1580 2927 1714 2984 Cum
1751 2928 1848 2983 tibi
1884 2929 2027 2984 Deus

2130 1839 2205 1893 illi
2245 1840 2437 1906 credit,
2476 1842 2701 1896 verbum
2742 1840 2925 1914 [Aug.,
2961 1843 3151 1916 verbo]
3188 1845 3307 1914 ejus
3346 1847 3550 1910 credit;
3590 1863 3720 1903 cum

2130 1938 2308 1984 autem
2337 1931 2562 1986 verbum
2586 1932 2704 2001 ejus
2731 1933 2923 1996 credit,
2953 1934 3082 1988 mihi
3111 1934 3304 2001 credit,
3326 1937 3454 2005 quia
3475 1937 3721 1993 Verbum

2127 2020 2308 2075 Patris
2334 2036 2435 2092 ego
2464 2037 2602 2077 sum.

2198 2112 2226 2153 1³
2256 2111 2373 2166 Νοη
2404 2114 2551 2168 enim
2592 2116 2849 2170 transiret
2875 2116 2941 2171 de
2967 2126 3141 2172 morte
3167 2119 3240 2172 ad
3266 2120 3454 2185 vitam,
3479 2122 3583 2176 nisi
3606 2124 3723 2191 pri—

2127 2216 2217 2256 mo
2241 2210 2386 2257 esset
2414 2204 2469 2256 in
2490 2212 2686 2269 morte,
2726 2212 2784 2259 et
2815 2220 2921 2260 non
2959 2216 3107 2262 esset
3145 2209 3198 2262 in
3240 2210 3370 2263 vita.
3415 2209 3552 2266 Cum
3586 2228 3724 2284 ergo

2130 2292 2407 2348 transierit
2427 2293 2481 2346 in
2509 2294 2698 2360 vitam,
2726 2309 2832 2350 non
2860 2297 2968 2351 erit
2989 2299 3043 2351 in
3066 2307 3264 2353 morte.
3314 2299 3559 2356 Mortuus
3580 2316 3721 2373 ergo

2125 2389 2265 2448 erat,
2284 2390 2341 2437 et
2359 2383 2573 2448 revixit,
2595 2384 2852 2453 perierat,
2875 2394 2931 2440 et
2950 2386 3201 2442 inventus
3218 2396 3303 2443 est
3319 2388 3475 2459 (Luc.
3488 2406 3581 2455 xv,
3595 2390 3713 2460 ΞΩ).

2125 2471 2215 2527 Fit
2253 2473 2478 2543 proinde
2513 2473 2629 2544 jam
2668 2477 2915 2545 quaedam
2948 2479 3296 2545 resurrectio,
3338 2490 3396 2536 et
3433 2490 3719 2538 transeunt

2124 2565 2369 2621 homines
2397 2581 2430 2620 a
2456 2574 2631 2622 morte
2657 2568 2893 2638 quadam
2913 2569 2981 2625 ad
2995 2572 3283 2640 quamdam
3303 2573 3502 2641 vitam;
3520 2589 3554 2628 a
3572 2590 3717 2629 mor-

2126 2661 2179 2708 te
2204 2654 2536 2710 inﬁdelitatis
2562 2656 2630 2711 ad
2670 2657 2836 2711 vitam
2878 2658 3030 2723 ﬁdei;
3068 2674 3098 2713 a
3136 2670 3312 2716 morte
3346 2661 3603 2720 falsitatis
3641 2666 3714 2720 ad

2124 2746 2292 2801 vitam
2317 2748 2591 2813 veritatis;
2627 2763 2659 2802 a
2697 2756 2869 2804 morte
2906 2750 3207 2820 iniquitatis
3243 2752 3312 2807 ad
3351 2754 3518 2807 vitam
3551 2752 3713 2822 justi-

2127 2837 2232 2891 tiae.
2268 2837 2364 2892 Est
2386 2852 2517 2909 ergo
2551 2847 2608 2893 et
2643 2838 2745 2894 ista
2781 2837 2961 2910 [Aug.,
2996 2849 3055 2894 et
3081 2841 3185 2896 ista
3221 2842 3490 2914 quaedam]
3532 2859 3711 2897 resur-
3800 2912 3801 2917 η

2126 2926 2298 2980 rectio
2324 2936 2680 2982 mortuorum.
2717 2928 2942 2999 Aperiat
2966 2928 3111 2985 illam
3136 2930 3368 3001 plenius,
3395 2942 3452 2986 et
3470 2932 3707 2988 lucescat

455 3020 579 3088 quia
609 3018 751 3073 Deus
777 3024 860 3071 est
881 3016 1307 3080 commendatur,
1356 3026 1571 3072 creator
1620 3017 1718 3070 tibi
1753 3031 2027 3070 commen-
2054 3076 2093 3089 Δ
2127 3017 2302 3082 nobis,
2326 3028 2385 3072 ut
2406 3020 2587 3089 coepit.
2613 3040 2633 3071 ι

453 3076 630 3171 datur,
674 3105 1014 3174 omnipotens
1034 3106 1131 3160 tibi
1168 3106 1595 3169 commendatur,
1656 3104 1878 3175 spiritus
1898 3105 2019 3174 qui-
2047 3076 2093 3139 ϐ
2198 3106 2357 3162 Vens.
2397 3076 2740 3163 25.;Amea
2761 3125 2912 3163 amen
2932 3110 3049 3163 dico
3069 3111 3229 3175 vobis,
3252 3113 3374 3181 quia
3398 3114 3529 3166 venit
3554 3115 3705 3173 liora.

453 3200 574 3252 deut
614 3196 800 3269 [Aug.,
836 3196 1075 3269 quidam]
1107 3213 1368 3261 summus,
1404 3205 1660 3261 aeternus,
1717 3196 2021 3259 invisibilis,

455 3286 907 3342 incommutabilis
948 3287 1047 3342 tibi
1084 3286 1528 3342 commendatur:
1558 3301 1680 3339 cum
1736 3300 1865 3340 vero
1925 3285 2023 3340 tibi

334 3382 351 3391 ‘
452 3379 614 3433 Pater
649 3377 773 3447 quia
802 3383 956 3445 pater
996 3383 1079 3429 est
1107 3372 1533 3437 commendatur,
1576 3374 1713 3428 nihil
1753 3373 1850 3428 tibi
1879 3373 2025 3428 aliud

455 3484 616 3541 quam
650 3476 704 3523 et
732 3466 900 3522 Filius
928 3465 1352 3528 commendatur,
1388 3464 1514 3532 quia
1552 3462 1712 3517 Pater
1757 3479 1867 3519 non
1919 3464 2022 3518 dici

448 3566 650 3629 potest,
678 3556 722 3612 si
744 3555 940 3609 Filium
995 3570 1101 3609 non
1131 3554 1319 3615 habet;
1356 3553 1495 3608 sicut
1517 3568 1617 3608 nec
1635 3552 1826 3618 Filius,
1851 3553 1895 3607 si
1926 3553 2026 3606 Pa—

453 3659 589 3704 trem
614 3664 718 3704 nou
771 3649 952 3703 habet.
1000 3645 1106 3700 Sed
1132 3660 1201 3699 ne
1238 3643 1379 3700 forte
1412 3644 1629 3698 Patrem
1657 3643 1873 3713 quidem
1928 3644 2025 3698 ho-

452 3740 704 3795 noriﬁees
745 3747 1000 3807 tanquam
1036 3735 1313 3805 majorem,
1365 3736 1558 3792 Filium
1615 3751 1744 3792 vero
1770 3746 2023 3807 tanquam

455 3834 739 3898 minorem,
778 3839 837 3885 ut
859 3830 1008 3884 dicas
1050 3830 1178 3883 mihi
1213 3847 1225 3882 :
1259 3828 1564 3884 Honoriﬁco
1613 3827 1859 3892 Patrem;
1913 3826 2025 3882 scio

454 3924 597 3979 enim
640 3922 781 3993 quod
811 3922 1005 3977 habeat
1024 3918 1247 3987 Filium,
1270 3928 1324 3976 et
1353 3936 1458 3976 non
1497 3935 1620 3976 erro
1643 3921 1696 3975 in
1727 3921 1903 3975 Patris
1930 3936 2025 3977 no-

454 4015 619 4080 mine,
672 4029 778 4069 non
799 4013 943 4067 enim
976 4012 1190 4066 Patrem
1236 4010 1474 4081 intelligo
1512 4011 1628 4065 sine
1654 4009 1813 4075 Filio,
1862 4010 2028 4065 hono-

452 4106 603 4162 riﬁco
649 4114 827 4159 tamen
859 4110 913 4156 et
941 4101 1135 4155 Filium
1179 4108 1431 4169 tanquam
1475 4100 1736 4154 minorem
1767 4117 1780 4152 :
1807 4099 2028 4169 corrigit

455 4208 505 4253 te
534 4199 646 4269 ipse
667 4196 852 4259 Filius,
882 4201 936 4247 et
960 4200 1176 4248 revocat
1206 4190 1307 4263 [te]
1340 4192 1524 4245 dicens
1552 4210 1565 4244 :
1597 4189 1664 4243 Ut
1712 4206 1888 4244 omnes
1932 4190 2028 4243 lto-

452 4287 725 4357 noriﬁcent
746 4282 967 4347 Filium,
999 4298 1104 4337 non
1133 4280 1373 4345 inferius,
1406 4280 1500 4335 sed
1521 4282 1655 4334 sicut
1676 4277 2028 4346 honoriﬁcam

2123 3206 2170 3249 et
2199 3214 2333 3250 nunc
2363 3208 2459 3263 est,
2482 3198 2692 3269 quando
2722 3200 2915 3253 mortui
2936 3201 3149 3255 audient
3173 3217 3344 3256 vocem
3364 3201 3489 3255 Filii
3508 3201 3629 3266 Dei,
3655 3213 3704 3254 et

2122 3290 2212 3358 qui
2241 3289 2522 3354 audierint,
2551 3291 2732 3344 vivent.
2782 3288 2894 3346 Hoc
2931 3292 3211 3361 proprium
3240 3302 3320 3348 est
3345 3292 3571 3362 piorum,
3606 3294 3705 3362 qui

2124 3378 2203 3433 sic
2231 3379 2457 3434 audiunt
2482 3380 2550 3434 de
2574 3382 2943 3437 incarnatione
2972 3380 3109 3450 ejus,
3136 3392 3197 3437 ut
3222 3383 3445 3438 credant
3466 3385 3594 3453 quia
3614 3383 3708 3437 Fi-

2124 3467 2229 3522 lius
2262 3469 2355 3523 Dei
2395 3478 2498 3534 est,
2528 3470 2581 3524 id
2609 3478 2711 3535 est,
2743 3470 2821 3525 sic
2850 3485 2975 3525 eum
3000 3480 3227 3542 propter
3246 3488 3305 3527 se
3332 3470 3534 3528 factum
3562 3475 3707 3528 acci-

2123 3560 2277 3629 piunt
2299 3561 2560 3615 minorem
2585 3560 2746 3617 Patre
2774 3563 2829 3616 in
2851 3559 3026 3617 forma
3053 3564 3217 3626 servi,
3247 3571 3308 3617 ut
3330 3565 3558 3619 credant
3577 3565 3705 3634 quia

2124 3649 2346 3719 aequalis
2372 3659 2457 3706 est
2481 3650 2628 3705 Patri
2662 3652 2715 3706 in
2744 3650 2917 3707 forma
2952 3651 3066 3705 Dei.
3107 3652 3175 3706 Et
3195 3653 3318 3708 ideo
3350 3655 3613 3724 sequitur,
3652 3663 3710 3707 et

2125 3739 2228 3794 hoc
2251 3740 2423 3810 ipsum
2448 3741 2829 3796 commendans
2856 3740 3020 3796 dicit:
3048 3741 3233 3812 (Vens.
3260 3741 3352 3814 26)
3399 3741 3548 3797 Sicut
3569 3745 3707 3797 enim

2127 3833 2288 3888 Pater
2310 3832 2462 3887 habet
2489 3832 2646 3885 vitam
2675 3832 2732 3885 in
2750 3833 3044 3902 semetipso,
3075 3834 3150 3887 ita
3175 3833 3317 3887 dedit
3342 3843 3391 3887 et
3418 3831 3560 3887 Filio
3587 3850 3710 3903 gra-

2125 3924 2254 3977 tiam
2284 3922 2434 3994 [Ms.,
2463 3922 2648 3995 vitam]
2675 3923 2862 3977 habere
2889 3923 2945 3976 in
2974 3925 3264 3995 semetipso.
3296 3943 3316 3976 ι
3351 3935 3373 3963 ε
3401 3924 3554 3991 Quod
3578 3939 3708 3994 ergo

2127 4015 2224 4079 ait,
2277 4013 2431 4067 Dedit
2481 4011 2623 4067 Filio
2668 4014 2825 4067 vitam
2872 4014 3061 4067 habere
3096 4014 3151 4067 in
3194 4014 3487 4084 semetipso,
3524 4014 3706 4069 brevi-

2129 4114 2213 4162 ter
2256 4107 2430 4162 dicam
2462 4102 2698 4160 :Genuit
2740 4103 2958 4166 Filium,
3001 4105 3167 4159 vitam
3214 4104 3268 4158 in
3299 4119 3358 4158 se
3398 4103 3706 4159 habentem.

2128 4203 2313 4273 Neque
2333 4202 2476 4258 enim
2504 4208 2624 4256 erat
2650 4200 2766 4255 sine
2786 4199 2915 4262 vita,
2945 4206 3001 4254 et
3024 4198 3234 4268 accepit
3256 4198 3441 4260 vitam,
3485 4197 3577 4252 sed
3612 4212 3713 4250 na-

2129 4296 2327 4352 scendo
2354 4296 2463 4351 vita
2489 4302 2591 4349 est.
2640 4292 2799 4347 Pater
2823 4291 2932 4347 vita
2959 4300 3045 4348 est
3076 4306 3182 4346 non
3222 4291 3511 4353 nascendo,
3537 4288 3711 4342 Filius

455 4377 687 4432 Patrem-
748 4374 851 4441 Qui
898 4389 1018 4443 ergo
1043 4388 1152 4470 ξιοιξ
1175 4370 1499 4470 (tegumen:
1523 4366 1769 4470 Filium._
1792 4387 1885 4424 nec
1920 4367 2019 4470 ιξα·
2051 4410 2105 4470 D
2129 4388 2238 4442 vita
2275 4397 2360 4441 est
2396 4385 2684 4441 nascendo.
2731 4383 2892 4438 Pater
2928 4382 2994 4437 de
3034 4382 3181 4437 nullo
3218 4391 3391 4453 patre,
3432 4380 3600 4435 Filius
3637 4378 3710 4433 de

453 4483 583 4526 trem
605 4467 939 4537 Itonoriﬁcat,
967 4465 1054 4538 qui
1074 4465 1217 4518 misit
1238 4462 1408 4517 illum.
1458 4461 1594 4533 Ego,
1622 4460 1821 4531 inquis,
1862 4460 2027 4530 majo-

454 4576 569 4617 rem
598 4561 856 4614 honorem
876 4555 996 4611 volo
1017 4556 1144 4611 dare
1172 4554 1339 4618 Patri,
1369 4552 1631 4607 minorem
1653 4551 1806 4607 Filio.
1833 4551 1909 4606 lbi
1927 4551 2028 4607 tol-

455 4652 524 4708 lis
584 4651 844 4705 honorem
884 4646 1053 4711 Patri,
1104 4645 1196 4700 ubi
1239 4647 1500 4699 minorem
1551 4644 1650 4698 das
1695 4642 1852 4697 Filio.
1887 4642 2027 4709 Quid

454 4744 598 4802 enim
627 4744 723 4809 tibi
746 4741 890 4797 aliud
913 4741 1124 4795 videtur
1150 4739 1252 4794 ista
1280 4736 1545 4793 sententia
1582 4735 1763 4807 [Aug.,
1802 4736 1875 4790 ita
1906 4749 2028 4789 sen-

453 4833 670 4908 tiendi],
715 4832 819 4888 nisi
845 4830 971 4902 quia
992 4829 1153 4885 Pater
1181 4827 1438 4897 :equalem
1474 4825 1575 4880 sibi
1626 4824 1821 4878 Filium
1869 4838 2029 4894 gene-

454 4942 579 4984 rare
618 4931 713 4978 aut
736 4921 907 4977 noluit
954 4928 1046 4974 aut
1084 4933 1189 4972 non
1230 4917 1438 4986 potuit?
1480 4914 1537 4969 Si
1560 4913 1749 4978 noluit,
1799 4912 2024 4978 invidit;

457 5015 615 5089 513
645 5015 689 5072 si
714 5029 820 5069 non
848 5009 1044 5082 potuit,
1083 5007 1296 5063 defecit.
1323 5006 1438 5062 Non
1465 4992 1593 5076 ergo
1611 5005 1777 5069 vides,
1802 5004 1925 5075 quia
1954 5005 2027 5059 ita

455 5120 539 5167 est
562 5106 900 5165 sentiendum
936 5122 947 5158 :
987 5101 1089 5160 Ubi
1114 5098 1294 5174 [Aug.,
1325 5098 1449 5168 quia
1470 5097 1542 5151 ita
1565 5095 1865 5162 sentiendo,
1913 5093 2027 5167 ubi]

457 5205 715 5276 majorem
727 5204 984 5259 honorem
1004 5198 1083 5254 vis
1105 5197 1233 5252 dare
1257 5195 1422 5259 Patri,
1452 5194 1523 5249 ibi
1539 5207 1598 5249 es
1610 5193 2032 5249 contumeliosus

458 5297 512 5352 in
535 5295 771 5352 Patrem.
816 5290 1044 5346 Proinde
1072 5286 1151 5343 sic
1178 5283 1475 5340 honoriﬁca
1511 5282 1732 5348 Filium,
1763 5283 2031 5354 quomodo

461 5384 783 5443 honoriﬁcus
806 5381 1046 5438 Patrem.
1101 5379 1146 5435 si
1170 5378 1250 5432 vis
1272 5370 1632 5432 honoriﬁcare
1660 5382 1716 5431 et
1738 5373 1935 5432 Filium
1976 5379 2031 5426 et

461 5475 696 5532 Patrem.

531 5617 557 5646 ⁸
582 5604 641 5675 S.
666 5609 799 5675 Aug.
822 5604 936 5675 loc.
969 5604 1063 5675 cit.
1095 5616 1243 5675 num.
1268 5600 1321 5664 6,
1351 5599 1402 5652 7.

531 5676 559 5717 b
597 5674 675 5728 Ex
709 5668 775 5728 8:7
809 5674 941 5744 Aug.
977 5672 1079 5727 loc.
1118 5670 1210 5723 cit.
1252 5684 1400 5723 num.
1438 5668 1489 5722 8.

2126 4482 2236 4537 Deo
2262 4477 2443 4531 Patre.
2486 4474 2645 4530 Pater
2671 4481 2892 4544 propter
2928 4472 3116 4528 Filium
3153 4481 3259 4537 est,
3291 4471 3459 4526 Filius
3487 4484 3616 4524 vero
3646 4477 3711 4521 et

2125 4569 2269 4640 quod
2295 4564 2506 4639 [Filius]
2531 4573 2635 4630 est,
2662 4571 2882 4635 propter
2903 4562 3118 4618 Patrem
3147 4571 3264 4627 est;
3293 4572 3349 4616 et
3369 4560 3514 4632 quod
3540 4567 3639 4623 est,
3671 4573 3710 4613 ι

2125 4660 2286 4715 Patre
2312 4666 2414 4715 est.
2460 4656 2576 4711 Hoc
2602 4671 2730 4725 ergo
2754 4654 2888 4710 dixit
2914 4672 2927 4707 :
2960 4651 3134 4707 Vitam
3163 4654 3284 4707 dedi
3317 4651 3479 4717 Filio,
3513 4662 3570 4704 ut
3608 4651 3714 4703 Iza-

2128 4749 2262 4803 beret
2285 4764 2397 4803 eam
2434 4747 2487 4799 in
2524 4746 2815 4816 semetipso,
2848 4752 3105 4812 tanquam
3145 4743 3350 4798 diceret
3374 4760 3387 4795 :
3410 4741 3572 4796 Pater
3610 4743 3714 4809 qui

2127 4846 2211 4893 est
2237 4839 2344 4892 vita
2377 4836 2429 4890 in
2451 4835 2758 4904 semetipso,
2782 4834 2962 4904 genuit
2986 4832 3204 4899 Filium,
3226 4832 3318 4902 qui
3336 4841 3482 4887 esset
3505 4833 3611 4886 vita
3646 4831 3710 4885 in

2127 4927 2432 4996 semetipso.
2459 4925 2560 4979 Pro
2586 4939 2653 4979 eo
2681 4924 2843 4985 enim,
2870 4923 3011 4992 quod
3039 4923 3244 4993 genuit,
3271 4922 3445 4977 voluit
3478 4919 3715 4990 intelligi

2127 5018 2287 5072 dedit.
2338 5016 2617 5085 Tanquam
2661 5014 2707 5068 si
2751 5013 2965 5068 cuidam
3011 5013 3312 5068 diceremus
3353 5030 3365 5064 :
3407 5010 3565 5066 Dedit
3607 5010 3714 5064 tibi

2128 5107 2267 5161 Deus
2292 5121 2430 5161 esse.
2464 5125 2482 5158 ι
2528 5104 2783 5174 Sequitur
2808 5103 2952 5157 enim
2979 5111 3034 5158 et
3059 5103 3223 5158 dicit:

2200 5198 2360 5252 Vens.
2401 5195 2653 5250 27.—-Et
2679 5194 2819 5248 dedit
2843 5194 2890 5248 ei
2913 5202 3211 5263 potestatem
3234 5193 3405 5264 facere
3416 5192 3709 5262 judicium,

2127 5291 2251 5360 quia
2282 5286 2452 5341 Filius
2477 5287 2700 5348 hominis
2728 5293 2822 5340 est.
2857 5284 2993 5339 Puto
3020 5283 3155 5338 nihil
3181 5299 3300 5339 esse
3326 5281 3713 5348 manifestius;

2129 5394 2254 5432 nam
2282 5378 2410 5447 quia
2432 5376 2603 5432 Filius
2627 5375 2723 5431 Dei
2746 5383 2849 5440 est,
2877 5373 3097 5443 aequalis
3118 5381 3202 5428 est
3227 5373 3407 5437 Patri;
3434 5388 3542 5427 non
3565 5371 3715 5427 aeri.

2131 5468 2212 5537 pit
2236 5468 2373 5521 hanc
2398 5473 2720 5536 potestatem
2741 5464 3004 5533 judicium
3028 5463 3286 5525 faciendi,
3316 5464 3411 5520 sed
3440 5453 3605 5521 habet
3638 5463 3711 5519 il-

2205 5615 2226 5642 ε
2267 5604 2346 5658 Ex
2383 5603 2594 5672 eodem,
2634 5618 2779 5658 num.
2825 5601 2906 5656 l5.
