4000 6190
239 371 344 429 Si?)

1054 366 1460 424 EXEGETICA.
1501 397 1568 407 --
1606 365 1961 423 COMMENT.
2001 366 2066 420 lN
2111 364 2299 422 JOAN.
2345 396 2413 406 —
2451 367 2578 420 LIB.
2618 364 2702 420 Ill.

3393 366 3499 422 821

239 485 345 538 lam
394 497 515 536 cum
569 480 728 535 Patre
776 479 828 534 in
857 477 1088 533 occulto.
1139 477 1347 548 Accipit
1408 485 1586 532 autem
1640 476 1819 538 illam,
1848 480 1899 537 Α
1927 476 2251 530 resurrectio
2287 476 2620 541 animarum,
2659 475 2760 530 ista
2795 491 3022 545 sequens
3048 479 3371 532 resurrectio
3397 483 3504 535 erit

239 585 300 629 ut
320 574 444 628 boni
473 572 553 626 vel
579 571 707 627 mali
737 585 860 625 eum
886 570 1103 624 videant
1126 567 1482 636 judicantem,
1510 568 1635 636 quia
1683 567 1824 622 ﬁlius

239 661 474 716 hominis
500 667 602 714 est.
641 659 789 713 Visio
819 658 1016 728 quippe
1051 657 1143 710 ﬁlii
1190 657 1424 711 hominis
1457 656 1744 710 exhibetur
1770 664 1825 710 et

239 751 418 806 malis.
467 748 603 802 Nam
629 748 766 802 visio
793 746 979 800 formm
1001 747 1094 800 Dei
1124 762 1228 800 non
1257 747 1357 801 nisi
1390 745 1603 799 mundis
1629 746 1788 798 corde
1808 784 1822 807 ,

239 843 367 913 quia
397 839 498 910 ipsi
520 839 688 892 Deum
713 836 967 890 videbunt
996 835 1210 904 (Matth.
1245 852 1299 897 v,
1331 835 1407 905 8).
1460 836 1517 889 ld
1553 846 1657 900 est,
1698 836 1827 890 solis

238 931 366 1000 piis,
409 941 639 997 quorum
689 925 960 979 dilectioni
1004 927 1106 978 hoc
1155 925 1326 994 ipsum
1369 925 1652 993 promittit,
1699 925 1824 993 quia

238 1021 490 1075 ostendet
531 1019 763 1086 seipsum
797 1017 920 1070 illis.
964 1017 1029 1070 Et
1063 1018 1184 1070 ideo
1215 1017 1336 1070 vide
1371 1017 1497 1085 quid
1535 1026 1824 1085 sequatur:

244 1112 431 1182 (Vsus.
453 1110 544 1179 28)
572 1108 748 1162 Nolite
773 1109 956 1160 mirari
996 1108 1112 1170 hoc,
1137 1108 1333 1175 inquit.
1370 1107 1507 1172 Quid
1530 1122 1626 1160 nos
1647 1107 1828 1176 prohi-

249 1203 339 1255 bet
364 1198 584 1254 mirari?
611 1197 714 1252 nisi
736 1195 863 1250 illud
887 1197 1028 1264 quod
1066 1212 1253 1250 revera
1282 1196 1511 1250 miratur
1534 1197 1712 1250 omnis
1738 1196 1831 1264 qui

248 1307 353 1346 non
383 1289 664 1359 intelligit?
691 1296 750 1341 ut
775 1288 895 1342 ideo
917 1287 1120 1340 diceret
1149 1286 1361 1339 Patrem
1401 1286 1610 1340 dedisse
1645 1285 1695 1339 ci
1732 1300 1828 1353 po-

250 1390 499 1438 testatem
531 1379 792 1448 judicium
840 1377 1037 1442 facere,
1086 1379 1340 1447 quoniam
1383 1377 1550 1431 Filius
1598 1377 1831 1432 hominis

246 1482 349 1538 est,
380 1487 503 1528 cum
543 1471 713 1541 magis
749 1471 904 1540 quasi
944 1470 1044 1522 hoc
1089 1477 1497 1538 exspectaretur
1535 1477 1595 1522 ut
1631 1469 1836 1522 diceret

249 1563 382 1636 [Αι.,
414 1561 736 1632 judicaret],
781 1560 1034 1629 quoniam
1070 1558 1238 1612 Filius
1278 1559 1372 1612 Dei
1410 1566 1512 1612 est.
1563 1558 1669 1612 Sed
1707 1558 1832 1625 quia

246 1656 442 1710 Filium
471 1654 566 1708 Dei
595 1652 886 1708 secundum
915 1651 967 1706 id
1005 1650 1148 1720 quod
1183 1651 1236 1703 in
1273 1649 1446 1703 forma
1484 1649 1578 1703 Dei
1613 1647 1834 1717 :equalis

247 1755 330 1802 est
358 1745 506 1800 Patri
538 1744 722 1799 videre
761 1742 928 1811 iniqui
968 1756 1072 1795 non
1113 1749 1357 1811 possunt,
1393 1748 1640 1810 oporteat
1677 1739 1830 1809 [Με.,

1923 583 2230 637 corporum.
2254 567 2355 634 Qui
2374 584 2504 623 vero
2523 569 2577 622 in
2599 569 2701 623 hac
2721 569 2893 638 prima
2915 571 3168 640 resurgit,
3195 572 3246 624 in
3268 573 3504 628 secunda

1926 667 2168 728 resurget
2193 658 2262 712 ad
2290 658 2532 727 gloriam.
2585 658 2686 724 Qui
2718 674 2845 713 vero
2873 658 2928 712 in
2958 660 3057 713 hac
3087 661 3257 729 prima
3286 677 3387 716 non
3419 678 3506 719 re-

1925 746 2117 814 surgit,
2149 747 2203 799 in
2242 748 2478 800 secunda
2515 756 2695 801 tamen
2733 757 2997 818 resurget,
3038 750 3132 803 scd
3165 751 3231 804 ad
3267 767 3500 820 poenam.

1928 835 2222 905 Utramque
2250 837 2377 891 facit
2402 839 2543 892 Deus
2566 853 2662 907 per
2687 839 2980 892 Christum.
3028 840 3129 906 Qui
3161 843 3247 896 hic
3273 845 3503 915 resurgit

1926 939 2024 994 per
2043 940 2201 990 eum,
2231 927 2304 980 ibi
2333 937 2576 998 resurget
2605 930 2672 982 ad
2693 945 2835 982 eum.
2882 930 2981 996 Qui
3011 932 3096 984 hic
3121 947 3217 999 per
3245 949 3365 986 eum
3395 952 3502 988 non

1929 1017 2180 1086 resurgit,
2219 1033 2316 1071 nec
2356 1018 2429 1071 ibi
2467 1019 2534 1072 ad
2573 1034 2696 1071 eum
2736 1029 2994 1089 resurget.
3036 1040 3053 1070 ι
3096 1034 3119 1059 ιι
3150 1023 3288 1075 Hora
3328 1034 3505 1078 autem

1929 1123 2074 1161 nunc
2101 1116 2204 1172 est,
2247 1116 2308 1162 ut
2344 1118 2627 1178 resurgant
2661 1111 2889 1174 mortui;
2922 1112 3052 1164 hora
3079 1112 3183 1166 erit
3204 1114 3255 1165 in
3284 1114 3388 1168 line
3417 1132 3510 1169 sm-

1931 1197 2057 1262 culi,
2084 1207 2144 1252 ut
2170 1207 2454 1269 resurgant
2476 1199 2692 1253 mortui.
2741 1200 2844 1254 Sed
2889 1212 3174 1272 resurgunt
3207 1203 3389 1273 [Aug.,
3429 1222 3513 1259 re-

1932 1288 2176 1360 surgant]
2214 1304 2354 1343 nunc
2390 1289 2446 1342 in
2483 1298 2682 1352 mente,
2729 1299 2853 1343 tunc
2891 1291 2942 1343 in
2977 1306 3161 1344 carne.
3210 1292 3514 1364 Resurgant

1935 1378 2151 1432 nuncin
2181 1386 2359 1433 mente
2395 1394 2492 1448 per
2527 1380 2747 1433 verbum
2790 1380 2905 1444 Dei,
2937 1381 3133 1434 Filium
3173 1382 3264 1437 Dei
3294 1403 3306 1435 :
3332 1401 3512 1439 resur-

1933 1478 2059 1538 gent
2085 1478 2212 1522 tunc
2244 1470 2295 1523 in
2330 1485 2492 1524 carne
2514 1485 2615 1538 per
2641 1470 2875 1524 Verbum
2907 1471 3033 1535 Dei,
3065 1489 3282 1526 carnem
3313 1473 3513 1528 tinctum

1933 1561 2104 1615 ﬁlium
2133 1562 2385 1616 hominis.
2430 1560 2614 1630 Neque
2651 1562 2796 1616 enim
2823 1564 2888 1617 ad
2910 1563 3169 1632 judicium
3195 1565 3438 1619 vivorum
3463 1576 3518 1619 ω

1937 1660 2268 1706 mortuorum
2290 1652 2452 1706 Pater
2473 1654 2586 1722 ipse
2612 1662 2869 1707 venturus
2895 1663 3005 1718 est;
3038 1670 3134 1709 nec
3162 1664 3337 1709 tamen
3371 1673 3518 1710 rece-

1939 1743 2015 1796 dit
2045 1759 2072 1795 a
2101 1742 2236 1796 Filio
2272 1743 2469 1796 Pater:
2499 1745 2768 1812 quomodo
2799 1760 2930 1814 ergo
2969 1761 3071 1800 non
3110 1747 3222 1815 ipse
3262 1757 3518 1801 venturus

245 1835 478 1907 oportet]
517 1843 696 1889 autem
732 1841 788 1888 et
824 1832 1064 1901 judicent
1107 1832 1354 1886 vivorum
1388 1840 1443 1885 et
1477 1839 1831 1894 mortuorum,
1868 1818 1912 1877 Β
1939 1834 2062 1888 est?
2103 1834 2227 1902 quia
2278 1849 2383 1887 non
2434 1834 2545 1903 ipse
2581 1835 2850 1888 videbitur
2895 1836 2946 1889 in
2978 1837 3200 1905 judicio.
3253 1839 3522 1893 Videbunt

245 1941 370 1980 cum
386 1940 572 1980 coram
591 1938 656 1978 eo
667 1921 1079 1993 judicabantur,
1099 1931 1154 1976 et
1167 1922 1297 1991 justi
1320 1922 1537 1977 videant
1554 1931 1609 1976 et
1631 1922 1832 1990 iniqui;

252 2015 452 2079 Nolite,
484 2014 679 2084 inquit,
709 2013 804 2066 hoc
832 2013 1038 2066 mirari.
1066 2012 1250 2082 (Vens.
1283 2011 1397 2080 29.)
1444 2011 1705 2077 Quoniam
1750 2028 1833 2066 ve-

250 2107 356 2160 niet
384 2105 532 2169 hora,
565 2107 621 2158 in
647 2121 751 2176 qua
779 2119 955 2156 omnes
979 2104 1068 2173 qui
1098 2104 1152 2157 in
1178 2104 1524 2157 monumentis
1561 2112 1680 2157 sunt
1698 2143 1711 2167 ,
1741 2120 1836 2156 au-

249 2200 393 2255 dient
420 2216 591 2254 vocem
619 2199 770 2268 ejus:
798 2207 844 2252 et
880 2197 1177 2266 procedent,
1201 2198 1291 2266 qui
1320 2197 1454 2249 bona
1489 2196 1738 2265 fecerunt,
1781 2196 1837 2248 in

251 2293 681 2346 resurrectionem
720 2291 855 2352 vitte,
883 2289 970 2353 qui
1008 2305 1126 2342 vero
1165 2287 1306 2341 mala
1337 2296 1622 2358 gesserunt,
1665 2287 1719 2338 in
1760 2303 1838 2339 rc-

249 2383 624 2436 surrectionem
643 2380 858 2450 judicii.
903 2379 983 2433 Ad
1011 2379 1113 2434 hoc
1149 2393 1278 2448 ergo
1309 2376 1591 2447 oportebat
1623 2383 1683 2430 ut
1717 2375 1838 2428 ideo

244 2472 525 2540 acciperet
553 2468 697 2522 illam
722 2474 1064 2538 potestatem,
1089 2463 1250 2536 514
1270 2465 1395 2533 quia
1429 2463 1572 2517 ﬁlius
1606 2461 1840 2516 hominis

250 2570 337 2616 est
355 2601 370 2625 ,
402 2569 462 2614 ut
490 2566 830 2627 resurgentes
859 2572 1049 2611 omnes
1076 2556 1320 2609 viderent
1344 2569 1467 2606 eum
1498 2553 1552 2605 in
1583 2552 1756 2606 forma
1785 2550 1839 2604 in

254 2667 362 2722 qua
387 2650 557 2705 videri
585 2648 652 2703 ab
684 2647 934 2702 omnibus
967 2653 1164 2716 potest,
1195 2645 1287 2698 sed
1314 2643 1399 2696 alii
1441 2643 1508 2696 ad
1543 2641 1841 2695 damnatio-

256 2756 402 2803 nem,
442 2737 532 2791 alii
575 2737 642 2790 ad
681 2736 846 2789 vitam
889 2743 1166 2788 aaternam.
1213 2733 1342 2798 Quae
1383 2739 1468 2786 est
1510 2738 1687 2783 autem
1731 2729 1840 2782 vita

254 2843 480 2895 aeterna,
530 2829 632 2884 nisi
668 2829 756 2882 illa
791 2828 926 2882 visio
965 2842 1086 2896 qua:
1119 2841 1230 2880 -non
1268 2824 1585 2878 conceditur
1622 2821 1842 2892 impiis?

255 2921 326 2975 Ut
353 2927 660 2990 cognoscant
684 2927 752 2982 te,
775 2917 970 2986 inquit,
1000 2932 1162 2970 unum
1191 2931 1365 2969 verum
1392 2913 1578 2976 Deum,
1609 2922 1658 2965 et
1691 2927 1840 2982 quem

257 3010 445 3064 misisti
479 3009 661 3062 Iesum
694 3007 954 3061 Christum
994 3006 1174 3076 (loan.
1207 3021 1340 3069 xvtt,
1369 3004 1444 3072 5).
1485 3001 1762 3068 Quomodo
1789 3010 1844 3055 et

258 3102 434 3170 ipsum
471 3098 654 3152 Jesum
682 3096 989 3159 Christum,
1033 3095 1135 3149 nisi
1175 3092 1622 3164 quemadmodum
1673 3106 1838 3144 unum

1939 1921 1992 1976 in
2015 1937 2174 1992 quem
2203 1933 2632 1993 compunxerunt
2669 1924 2848 1993 (Joan.
2894 1941 3004 1988 snt,
3047 1926 3157 1997 57).
3201 1926 3395 1981 Forma
3428 1929 3520 1983 illa

1935 2012 2041 2066 erit
2059 2013 2244 2082 judex,
2278 2027 2396 2080 qua:
2423 2013 2572 2066 stet-it
2597 2015 2696 2068 sub
2719 2011 2934 2081 judice;
2968 2015 3055 2068 illa
3079 2014 3340 2083 judicabit
3359 2058 3373 2081 ,
3397 2032 3518 2086 qua:

1931 2101 2170 2170 judicata
2200 2111 2283 2156 est
2313 2121 2326 2155 :
2353 2100 2592 2168 iudicata
2631 2111 2714 2156 est
2744 2104 2886 2157 enim
2919 2105 3119 2174 inique,
3143 2103 3410 2174 judicabit
3427 2107 3487 2175 ju
3506 2138 3520 2148 -

1937 2200 2038 2246 ste.
2082 2192 2228 2247 Talis
2253 2193 2531 2262 apparebit
2550 2194 2733 2263 judex,
2766 2195 2938 2263 qualis
2961 2195 3124 2249 videri
3154 2198 3323 2266 possit
3358 2207 3412 2252 et
3451 2201 3520 2254 ab

1937 2282 2038 2346 eis,
2069 2297 2205 2351 quos
2234 2292 2589 2338 cou'onaturus
2608 2292 2713 2346 est,
2737 2295 2792 2337 et
2819 2284 2888 2338 ab
2915 2285 2995 2338 eis
3017 2301 3151 2354 quos
3171 2287 3524 2344 damnaturus

1938 2380 2039 2426 est.
2067 2392 2085 2423 ι
2133 2373 2414 2427 Distinctio
2439 2383 2522 2428 est
2549 2375 2690 2428 inter
2716 2375 2843 2429 illud
2865 2378 3084 2431 verbum
3113 2380 3252 2446 quod
3275 2381 3525 2450 superius

1939 2459 2095 2522 dixit,
2125 2461 2262 2529 quod
2294 2462 2485 2514 mortui
2517 2462 2728 2514 audient
2756 2480 2925 2516 uocem
2971 2463 3100 2518 Filii
3141 2467 3262 2530 Dei,
3300 2477 3356 2521 et
3390 2469 3528 2524 inter

1941 2548 2068 2601 illud
2106 2549 2248 2617 quoi
2281 2549 2372 2603 hic
2411 2549 2522 2602 ait:
2551 2551 2682 2603 venit
2721 2551 2873 2614 liora,
2906 2553 2962 2606 in
3005 2570 3107 2622 qua
3129 2571 3306 2608 omnes
3343 2559 3436 2627 qui
3471 2559 3529 2614 in

1940 2639 2284 2692 monumentis
2321 2648 2462 2702 sunt,
2491 2639 2706 2692 audient
2742 2657 2912 2693 vocem
2958 2639 3086 2694 Filii
3116 2641 3238 2695 Dei.
3281 2643 3357 2697 lbi
3401 2660 3528 2702 vero

1941 2729 2053 2782 ait:
2081 2730 2313 2793 audient,
2357 2730 2410 2782 id
2444 2738 2546 2794 est,
2585 2731 2856 2784 obedient.
2901 2731 3023 2785 ideo
3065 2733 3167 2786 ista
3203 2736 3529 2792 resurrectio

1942 2825 2025 2872 εει
2045 2818 2112 2872 ad
2140 2819 2326 2881 vitam,
2356 2819 2442 2872 illa
2472 2834 2598 2873 vero
2629 2835 2747 2888 quae
2774 2819 2954 2874 futura
2985 2831 3088 2887 est,
3124 2822 3190 2876 de
3228 2839 3332 2893 qua
3373 2825 3526 2890 dicit,

1942 2909 2155 2962 audient
2181 2926 2350 2962 vocem
2378 2908 2506 2963 Filii
2535 2910 2653 2976 Dei,
2671 2913 2895 2965 audient
2920 2922 2978 2967 ut
3003 2925 3284 2985 resurgant
3303 2917 3368 2970 ad
3383 2917 3528 2985 judi-

1943 2999 2118 3064 cium;
2154 3015 2259 3053 non
2295 3000 2443 3053 addit
2476 3000 2562 3053 hic
2587 3001 2651 3054 ad
2691 3001 2874 3066 vitam,
2916 3004 3041 3071 quia
3082 3019 3270 3060 omnes
3310 3008 3376 3062 ad
3417 3008 3528 3078 glo-

1947 3090 2082 3143 riam
2107 3104 2211 3142 non
2237 3098 2536 3158 resurgent,
2569 3090 2661 3144 sed
2692 3091 2844 3145 multi
2876 3093 2942 3146 ad
2979 3109 3214 3163 poenam.
3262 3097 3387 3152 Ideo
3427 3101 3524 3151 ad-

259 3153 448 3246 ζει-ωτι
475 3189 663 3252 Deum,
690 3188 781 3257 qui
801 3187 1050 3242 ostendet
1068 3202 1126 3242 se
1143 3153 1316 3258 ipsum
1339 3185 1464 3248 illis,
1491 3199 1596 3238 non
1617 3196 1840 3252 quomo-
1865 3153 1912 3214 θ
1943 3178 2080 3232 didit
2107 3179 2173 3232 de
2198 3177 2377 3232 futura
2403 3182 2800 3237 resurrectione
2825 3202 2837 3236 :
2869 3153 3142 3250 Qui-bona
3182 3187 3435 3256 fecerunt,
3473 3190 3528 3244 in

257 3281 411 3334 dose
435 3276 685 3332 ostendet
705 3277 866 3331 etiam
895 3275 1177 3346 puniendis
1228 3275 1280 3328 in
1319 3274 1490 3327 forma
1531 3272 1624 3326 ﬁlii
1666 3270 1838 3325 homi-

258 3371 367 3423 nis.
419 3367 724 3422 Secundum
753 3374 934 3419 autem
961 3365 1104 3418 illam
1132 3365 1391 3418 visionem
1421 3363 1593 3416 bonus
1620 3369 1723 3424 est,
1751 3374 1837 3414 se-

259 3458 496 3511 cundum
526 3470 686 3524 quam
716 3454 976 3509 visionem
1003 3455 1144 3508 Deus
1173 3461 1394 3523 apparet
1420 3451 1632 3505 mundis
1653 3450 1838 3513 corde,

261 3564 571 3618 quanquam
600 3546 752 3618 [.lls.,
777 3544 1064 3616 quomodo]
1093 3545 1265 3599 bonus
1301 3545 1443 3598 Deus
1480 3543 1641 3597 Israel
1681 3541 1844 3596 rectis

263 3641 445 3694 corde.
488 3639 712 3704 Quando
747 3646 930 3691 autem
959 3635 1197 3704 judicem
1245 3634 1501 3690 videbunt
1535 3633 1696 3699 mali,
1735 3648 1841 3686 non

262 3731 346 3783 eis
371 3730 638 3784 videbitur
659 3729 850 3791 bonus,
877 3727 1002 3796 quia
1029 3741 1133 3780 non
1156 3725 1221 3780 ad
1245 3739 1367 3779 eum
1397 3723 1705 3795 gaudebunt
1725 3737 1844 3776 cor—

264 3821 354 3883 de,
385 3819 478 3874 sed
509 3827 634 3873 tunc
659 3835 717 3873 se
745 3819 1000 3888 plangent
1024 3833 1212 3871 omnes
1243 3818 1413 3871 tribus
1441 3824 1635 3871 terrae:
1661 3816 1712 3868 in
1745 3829 1844 3867 nu-

269 3925 418 3964 tnero
448 3911 625 3979 itaque
659 3908 859 3980 (Forte,
894 3907 1100 3979 utique]
1129 3908 1389 3962 malorum
1413 3907 1653 3962 omnium
1682 3915 1738 3960 et
1764 3906 1844 3958 in—

260 4003 524 4056 ﬁdelium.
556 4001 782 4071 Propter
812 4003 913 4055 hoc
935 4001 1096 4054 etiam
1120 4001 1193 4052 illi
1219 4000 1308 4068 qui
1332 4015 1460 4054 eum
1489 3999 1702 4052 dixerat
1730 4013 1843 4050 ma-

265 4095 494 4164 gistrum
517 4093 736 4157 bonum,
765 4108 1009 4161 quaerens
1036 4092 1104 4144 ab
1123 4108 1189 4146 eo
1208 4091 1490 4145 consilium
1515 4105 1846 4158 consequen-

267 4187 352 4240 da:
390 4187 511 4239 vita
548 4195 783 4248 aeternae,
827 4185 1132 4252 respondit:
1159 4182 1298 4247 Quid
1342 4199 1422 4236 me
1460 4183 1747 4251 interrogas
1783 4181 1846 4233 de

266 4276 447 4329 bona?
494 4273 660 4326 Nemo
699 4274 861 4326 bonus
897 4273 998 4325 nisi
1025 4289 1157 4325 unus
1186 4273 1324 4325 Deus
1351 4271 1501 4339 (Luc.
1533 4287 1689 4334 xvm,
1733 4270 1842 4338 l9).

265 4366 405 4419 Cum
437 4371 490 4418 et
521 4364 787 4417 hominem
819 4362 924 4416 alio
955 4362 1074 4415 loco
1102 4363 1244 4416 dicat
1283 4362 1478 4414 bonum
1518 4361 1631 4428 ipse
1674 4359 1848 4412 Domi-

269 4469 375 4506 nus
403 4469 415 4505 :
443 4451 618 4504 Bonus
657 4452 832 4514 homo,
875 4451 1065 4519 inquit,
1112 4449 1174 4502 de
1220 4449 1352 4501 bono
1390 4449 1633 4501 thesauro
1675 4445 1845 4498 cordis

265 4544 353 4597 sui
380 4541 574 4612 profert
604 4541 757 4604 bona,
781 4551 827 4594 et
854 4539 1023 4592 malus
1053 4539 1206 4592 homo
1230 4539 1293 4591 de
1315 4537 1453 4592 malo
1474 4538 1714 4590 thesauro
1735 4551 1848 4586 cor-

267 4632 352 4685 dis
390 4632 470 4684 sui
507 4629 705 4700 profert
742 4628 884 4682 mala
919 4627 1130 4698 (Matth.
1171 4643 1270 4689 xu,
1303 4626 1416 4696 55).
1462 4624 1568 4678 Sed
1605 4623 1730 4692 quia
1763 4621 1848 4674 ille

269 4723 436 4775 vitam
463 4728 721 4774 aeternam
747 4719 1041 4786 quaerebat,
1079 4716 1186 4768 vita
1223 4722 1402 4768 autem
1435 4723 1639 4768 aeterna
1674 4721 1758 4765 est
1795 4711 1847 4764 in

270 4815 363 4868 illa
380 4811 855 4882 contemplatione,
879 4825 982 4877 qua
1006 4822 1108 4861 non
1131 4807 1196 4860 ad
1218 4820 1431 4874 pmnam
1454 4804 1665 4858 videtur
1686 4802 1847 4864 Deus,

267 4903 367 4959 sed
394 4903 462 4957 ad
489 4901 740 4970 gaudium
764 4913 1052 4969 supernum
1076 4895 1228 4966 υἷι,
1251 4891 1655 4962 sempiternum]
1683 4910 1693 4942 :
1719 4889 1854 4943 duas

269 4991 365 5046 hic
391 4989 814 5044 resurrectiones
839 4988 952 5056 ipse
979 4984 1236 5040 Dominus
1259 4981 1504 5036 Christus
1533 4981 1584 5034 in
1617 4981 1702 5034 his
1731 4995 1850 5032 ver-

267 5079 362 5136 bis
381 5080 535 5133 nobis
556 5080 906 5133 demonstrat.
945 5075 1182 5129 Primam
1211 5087 1330 5140 quae
1355 5071 1408 5124 in
1437 5071 1541 5125 lide
1567 5077 1652 5124 est
1673 5084 1849 5123 resur-

266 5173 448 5245 gendo
476 5188 506 5226 a
538 5173 792 5242 peccatis,
829 5171 894 5225 de
921 5185 1026 5239 qua
1057 5170 1134 5223 ait
1158 5187 1170 5222 :
1197 5167 1359 5221 Amen
1383 5183 1532 5220 amen
1553 5165 1668 5218 dico
1691 5166 1849 5229 vobis,

264 5260 398 5330 quia
437 5269 570 5312 venit
597 5259 752 5322 liora,
788 5268 834 5310 et
875 5273 1010 5310 nunc
1056 5266 1152 5320 est,
1189 5257 1244 5309 in
1277 5271 1381 5325 qua
1414 5253 1605 5306 ntortui
1641 5251 1852 5306 audient

264 5364 448 5403 vocent
473 5346 602 5401 Filii
641 5347 754 5402 Dei.
803 5347 1042 5402 Alteram
1080 5347 1170 5402 ubi
1209 5349 1322 5401 ait:
1348 5346 1508 5398 Amen
1545 5359 1696 5398 amen
1735 5343 1852 5396 dico

265 5439 436 5502 vobis,
467 5440 591 5508 quia
625 5439 786 5492 veniet
821 5439 974 5500 hora,
1014 5438 1068 5488 in
1105 5453 1207 5504 qua
1247 5453 1422 5490 omnes
1458 5435 1547 5506 qui
1583 5435 1637 5489 in
1670 5450 1853 5488 monu-

1944 3271 2369 3323 resurrectionem
2395 3271 2511 3324 vita:
2526 3288 2544 3336 ;
2569 3273 2659 3343 qui
2685 3273 2825 3327 mala
2845 3285 3078 3345 egerunt,
3110 3278 3164 3330 in
3188 3280 3525 3334 resurrectio-

1939 3377 2057 3414 nem
2096 3361 2300 3427 iudicii,
2344 3361 2397 3415 id
2429 3368 2532 3428 est,
2571 3365 2947 3430 damnationis,
2987 3368 3110 3437 quia
3153 3368 3238 3423 hic
3267 3368 3528 3436 judicium

1943 3466 2041 3520 pro
2061 3467 2216 3522 poena
2245 3453 2441 3520 posuit.
2485 3454 2634 3509 Tunc
2655 3457 2764 3511 erit
2790 3458 2971 3512 ultima
3003 3459 3120 3528 pala
3145 3457 3297 3529 [Ms.,
3322 3461 3523 3532 palea],

1944 3556 2064 3609 qua:
2096 3549 2312 3612 separat
2343 3543 2512 3600 bonos
2533 3561 2570 3598 .a
2609 3546 2780 3609 malis,
2817 3549 3052 3601 triticum
3083 3565 3112 3602 a
3142 3551 3332 3618 paleis.
3377 3553 3526 3608 Tunc

1945 3630 2099 3684 ibunt
2122 3632 2274 3702 impii
2305 3633 2356 3686 in
2382 3633 2559 3701 ignem
2585 3642 2868 3697 internum,
2899 3635 3027 3703 justi
3070 3647 3247 3692 autem
3274 3640 3327 3694 in
3359 3642 3523 3698 vitam

1945 3728 2220 3775 :eternam.
2264 3720 2518 3788 Sequitur
2545 3729 2725 3775 autem
2752 3739 2764 3776 :

2018 3809 2178 3862 Vens.
2219 3809 2309 3863 50.
2325 3839 2395 3848 —-
2410 3809 2533 3864 Non
2579 3828 2789 3880 possum
2830 3831 2862 3868 a
2910 3833 2989 3869 me
3028 3818 3138 3886 ipso
3175 3820 3349 3888 facere
3378 3825 3528 3894 quid-

1946 3913 2123 3965 quam,
2150 3897 2239 3950 sed
2263 3897 2396 3951 sicut
2423 3899 2606 3964 audio,
2633 3900 2840 3969 judico,
2873 3913 2920 3956 et
2942 3905 3208 3974 judicium
3240 3927 3409 3964 meum
3435 3913 3531 3983 ju-

1945 3993 2084 4037 stum
2103 3993 2196 4037 est.
2243 3984 2507 4040 Fortassis
2529 3987 2648 4043 ideo
2673 3989 2826 4055 dixit,
2860 4005 2964 4045 non
2988 4008 3206 4061 possum
3236 4011 3266 4048 a
3295 4013 3382 4051 me
3415 4000 3530 4069 ipso

1949 4077 2128 4130 facere
2146 4077 2460 4146 quidquam,
2482 4081 2634 4148 quasi
2657 4081 2880 4137 dixisset
2905 4101 2918 4136 :
2941 4083 2984 4137 A
3010 4100 3095 4139 me
3117 4085 3232 4155 ipso
3253 4102 3358 4142 non
3383 4104 3523 4151 sum.

1947 4171 2041 4225 sed
2071 4186 2100 4224 a
2127 4170 2306 4226 Patre.
2349 4170 2510 4225 Pater
2536 4173 2680 4228 enim
2709 4188 2740 4226 a
2768 4173 2913 4228 nullo
2937 4173 3040 4228 alio
3062 4185 3164 4239 est,
3187 4175 3355 4231 Filius
3383 4179 3527 4232 enim

1949 4264 2160 4318 aPatre
2202 4272 2303 4318 est.
2348 4264 2473 4319 ldeo
2519 4262 2865 4319 dixit:Sicut
2904 4265 3097 4330 audio,
3137 4267 3357 4336 judico,
3401 4270 3527 4338 quia

1950 4372 2114 4410 unum
2137 4372 2270 4426 opus
2299 4366 2381 4412 est
2399 4356 2596 4420 Patris,
2623 4365 2676 4409 et
2692 4355 2833 4421 Filii,
2857 4364 2914 4410 et
2937 4356 3170 4425 Spiritus
3192 4359 3384 4412 sancti.
3412 4358 3530 4413 Sic-

1949 4456 2010 4500 ut
2039 4447 2207 4510 audit,
2233 4445 2478 4514 judicat;
2510 4447 2660 4501 audit
2695 4445 2941 4500 videlicet
2969 4460 3066 4514 per
3114 4447 3372 4500 unitatem
3405 4448 3531 4501 sub-

1951 4537 2162 4591 stantia:
2197 4545 2252 4590 et
2286 4537 2666 4605 proprietatem
2699 4536 2956 4590 scientia}.
3000 4536 3118 4590 Non
3135 4537 3346 4606 judicat
3384 4551 3413 4590 a
3454 4553 3534 4592 se-

1952 4628 2202 4695 metipso,
2247 4626 2374 4695 quia
2419 4641 2527 4679 non
2572 4634 2655 4681 est
2697 4641 2728 4679 a
2773 4627 3078 4696 semetipso.
3123 4626 3288 4681 Pater
3335 4627 3534 4698 quippe

1954 4717 2101 4772 solus
2138 4717 2203 4771 de
2237 4717 2344 4770 alio
2376 4731 2481 4770 non
2521 4724 2623 4781 est,
2662 4716 2832 4771 Filius
2861 4733 2892 4771 a
2917 4716 3078 4771 Patre
3105 4717 3316 4788 genitus
3341 4727 3446 4783 est,
3477 4728 3538 4774 ut

1955 4807 2210 4862 diximus.
2249 4807 2330 4861 Ab
2360 4807 2476 4876 ipso
2499 4807 2643 4862 enim
2676 4807 2827 4861 audit
2851 4815 2906 4861 et
2933 4807 3117 4872 Filius,
3140 4823 3170 4860 a
3194 4823 3300 4876 quo
3323 4809 3536 4879 genitus

1955 4910 2056 4966 est,
2086 4903 2210 4971 quia
2241 4910 2450 4956 nonest
2477 4917 2507 4955 a
2537 4917 2596 4956 se
2625 4903 2760 4971 ipso,
2789 4901 2882 4956 sed
2906 4902 2976 4956 ab
3001 4901 3111 4967 illo,
3140 4917 3170 4956 a
3197 4917 3304 4971 quo
3327 4901 3539 4972 genitus

1953 5005 2056 5051 est.
2105 4996 2150 5049 Δ
2192 5011 2299 5065 quo
2324 4995 2398 5048 illi
2428 5004 2511 5049 est
2541 4995 2909 5065 intelligentia,
2948 4993 3106 5064 515
3137 4994 3206 5049 ab
3233 4994 3326 5048 illo
3351 4995 3539 5064 utique

1954 5094 2009 5138 et
2043 5085 2290 5140 scientia.
2327 5084 2408 5138 Ab
2445 5084 2537 5139 illo
2573 5085 2739 5154 igitur
2770 5084 3041 5139 audientia
3066 5123 3082 5147 ,
3126 5099 3246 5153 qua:
3283 5083 3416 5139 nihil
3453 5094 3538 5138 est

1956 5175 2101 5228 aliud
2125 5190 2286 5243 quam
2314 5176 2557 5230 scientia.
2590 5175 2775 5232 Potest
2805 5191 3020 5246 quoque
3055 5175 3158 5230 hoc
3187 5175 3362 5246 ipsum
3393 5177 3534 5246 quod

1958 5266 2113 5328 dixit,
2153 5265 2287 5319 sicut
2322 5266 2500 5332 audio,
2525 5266 2727 5336 judico,
2759 5267 2826 5322 de
2852 5267 3200 5323 humanitatis
3231 5275 3423 5322 natura
3454 5267 3537 5322 in-

1961 5353 2146 5424 telligi,
2189 5369 2350 5423 quam
2393 5355 2487 5410 Dei
2535 5354 2706 5410 Filius
2751 5368 2818 5410 ex
2863 5356 3071 5426 virgine
3106 5357 3352 5428 sumpsit.
3402 5358 3538 5414 Cum

1965 5451 2150 5514 ageret
2169 5442 2236 5497 de
2259 5443 2651 5498 resurrectione
2677 5444 2996 5509 animarum,
3028 5461 3134 5502 non
3169 5447 3398 5512 dicebat,
3436 5464 3535 5501 au-

265 5529 463 5583 mentis
499 5538 650 5592 sunt,
686 5528 898 5582 audient
936 5541 1106 5579 vocent
1147 5523 1274 5577 Filii
1315 5526 1426 5578 Dei.
1469 5526 1560 5578 llla
1599 5525 1748 5594 prior
1774 5531 1858 5578 est
1965 5533 2070 5590 dio,
2109 5534 2203 5589 sed
2239 5533 2439 5596 judico,
2481 5535 2652 5589 Αυάίο
2684 5537 2848 5602 enim,
2886 5545 3140 5606 umquam
3181 5539 3538 5609 pmcipiemis

350 5717 373 5741 υ
414 5703 471 5754 S.
512 5703 646 5768 Aug.
691 5703 791 5754 loc.
835 5702 928 5753 cit.
969 5714 1118 5751 uuln.
1160 5698 1240 5750 l6.
