4000 6190
445 332 533 398 ’Βί
544 347 577 402 5

1283 347 1368 400 1'13.
1408 345 1470 400 F.
1508 345 1729 400 ALBINI
1770 344 1901 402 SEU
1939 341 2215 401 ALCUINI
2249 341 2529 400 OPERUM
2562 341 2740 398 PARS
2775 342 2836 398 ll.

3616 340 3716 396 διε

474 456 652 514 Patris
693 459 993 527 imperium.
1016 443 1164 512 ‘Jaur
1189 469 1316 528 ergo
1349 459 1488 514 sicut
1526 458 1715 522 homo,
1753 457 1892 512 sicut
1929 471 2036 526 quo
2066 461 2108 514 Α
2141 455 2212 508 lio
2253 469 2370 508 suo.
2413 453 2485 508 Et
2527 456 2636 508 scio
2677 456 2803 526 quia
2841 457 3190 510 testimonium
3236 455 3351 525 ejus
3399 471 3574 509 rerum
3623 466 3716 510 est.

475 549 648 616 major
671 557 752 601 est
780 547 969 612 Pater;
991 548 1100 617 jam
1128 563 1194 602 ex
1227 547 1398 604 forata
1423 549 1584 612 servi,
1615 563 1722 603 non
1761 563 1827 604 ex
1868 549 2040 600 forma

475 638 588 690 Dei.
631 636 778 690 Sicut
799 635 977 699 audio,
1001 637 1208 706 judico,
1249 647 1296 692 et
1326 638 1593 708 judicium
1635 651 1807 691 meum
1839 635 2042 704 justum

473 735 566 777 est.
604 723 754 778 Unde
777 732 860 779 est
881 725 1143 794 judicium
1161 725 1362 794 justum
1389 726 1664 781 hominis?
1690 724 1826 790 Quia
1857 722 2038 791 sequi-

475 814 748 868 tur:Non
793 831 970 886 quatro
1016 816 1328 871 voluntatem
1374 833 1562 880 meam,
1607 815 1696 870 sed
1732 812 2046 868 voluntatem

471 904 585 973 ejus
611 905 700 976 qui
725 905 865 959 misit
893 921 992 960 me.
1034 905 1138 960 lsta
1165 906 1369 971 missio,
1395 905 1695 960 incarnatio
1716 912 1798 958 est
1821 900 2041 962 Christi,

471 1011 591 1066 qua:
623 997 696 1052 ad
723 997 826 1052 hoc
850 995 994 1052 facta
1019 1005 1100 1053 est
1125 1007 1184 1052 ut
1209 1005 1431 1067 paterna
1457 996 1705 1050 voluntas
1734 995 1788 1048 in
1818 993 2042 1048 salutem

472 1089 693 1144 humani
716 1089 928 1160 generis
952 1104 1051 1160 per
1077 1102 1198 1143 eum
1227 1087 1544 1144 efﬁceretur.
1570 1086 1794 1140 Videtur
1818 1083 1960 1138 enim
1989 1081 2042 1135 in

475 1180 580 1235 hoc
605 1179 726 1236 loco
751 1194 827 1234 ex.
856 1180 941 1235 his
974 1179 1153 1236 verbis
1188 1179 1484 1234 Salvatoris
1523 1177 1713 1238 nostri,
1753 1176 1895 1230 velle-
1924 1189 2045 1228 cum

472 1267 750 1324 insinuare
783 1268 938 1323 nobis
977 1269 1110 1323 duas
1142 1277 1364 1322 naturas
1396 1268 1450 1321 in
1493 1281 1551 1321 se
1589 1280 1729 1330 esse,
1771 1271 1826 1318 et
1863 1277 2046 1316 veram

474 1357 674 1412 habere
701 1357 954 1422 animam,
987 1355 1042 1411 in
1073 1369 1175 1426 qua
1204 1357 1314 1412 sola
1345 1356 1590 1412 voluntas
1616 1363 1700 1409 est
1728 1351 1880 1426 [Ms.,
1913 1353 2050 1407 solet

471 1447 719 1502 voluntas
742 1447 916 1520 esse];
946 1461 1064 1517 qua:
1100 1447 1261 1502 etiam
1305 1455 1454 1502 tanta
1487 1443 1863 1515 conjunctione
1901 1457 2048 1496 com-

475 1535 637 1591 mista
665 1543 747 1590 est
773 1535 1060 1601 divinitati,
1091 1543 1151 1590 ut
1179 1543 1288 1590 tota
1317 1533 1566 1588 voluntas
1595 1532 1648 1586 in
1682 1545 1744 1586 ea
1786 1530 2046 1600 spiritalis

472 1623 652 1692 fuerit,
693 1640 798 1681 non
837 1625 1102 1689 animalis,
1144 1625 1196 1682 id
1235 1634 1334 1692 est,
1385 1623 1636 1680 carnalis.
1680 1622 1816 1678 Nam
1860 1637 2048 1678 conse-

471 1725 698 1786 quenter
727 1715 1044 1788 subjunxit:

545 1809 706 1862 Vens.
744 1787 994 1863 5l.-—-Si
1035 1823 1126 1877 ego
1169 1806 1514 1860 testimonium
1570 1805 1809 1876 perhibeo
1855 1805 1919 1858 de
1963 1819 2045 1858 me
2076 1787 2118 1846 ιε

471 1899 602 1966 ipso,
631 1898 978 1951 testimonium
1007 1913 1178 1951 meum
1201 1913 1302 1950 non
1331 1907 1403 1950 est
1435 1905 1627 1950 rerum.
1667 1895 1820 1950 Sicut
1842 1895 1894 1948 in
1918 1909 2047 1949 con-

471 1985 817 2056 sequentibus
841 1986 1012 2041 dixit:
1040 1984 1101 2041 Si
1138 1985 1372 2056 gloriﬁco
1403 2002 1481 2040 me
1506 1986 1696 2055 ipsum,
1728 1984 1896 2055 gloria
1931 2000 2048 2038 mea

471 2079 602 2136 nihil
626 2090 732 2147 est;
758 2080 849 2135 sed
875 2081 963 2152 qui
987 2081 1126 2134 ntisit
1155 2095 1234 2134 me
1265 2078 1446 2143 Pater,
1487 2079 1593 2149 ipse
1631 2095 1710 2132 me
1744 2077 2002 2148 gloriﬁcat
2029 2091 2048 2130 :

471 2172 552 2226 sic
574 2179 630 2227 et
658 2173 746 2226 hic
767 2171 968 2226 dictum
989 2177 1072 2226 est
1095 2187 1108 2223 :
1136 2169 1197 2225 Si
1223 2186 1316 2240 ego
1346 2171 1696 2224 testimonium
1721 2168 1959 2240 perhibeo
1985 2167 2050 2221 de

466 2278 554 2316 sne
580 2262 708 2332 ipso,
737 2262 1085 2316 testimonium
1113 2277 1284 2315 meum
1307 2277 1410 2314 non
1443 2271 1516 2315 est
1551 2276 1748 2314 verum.
1789 2260 1857 2313 Et
1892 2258 2050 2330 paulo

471 2358 632 2421 post:
660 2349 764 2416 Qui
795 2350 934 2404 misit
963 2365 1042 2403 me
1071 2349 1250 2412 Pater,
1293 2349 1401 2418 ipse
1435 2348 1784 2402 testimonium
1819 2345 2048 2417 perhibet

470 2441 538 2495 de
581 2457 682 2496 me.
728 2439 884 2495 Nunc
920 2439 987 2494 in
1033 2453 1092 2494 se
1124 2447 1372 2494 naturam
1417 2438 1649 2494 hominis
1683 2438 2046 2502 demonstrat;

475 2547 620 2588 nunc
646 2531 701 2586 in
728 2531 824 2586 Dei
849 2529 1131 2601 majestate
1169 2528 1429 2598 aequalem
1475 2543 1532 2584 se
1569 2526 1834 2597 signiﬁcat
1869 2525 2047 2590 Patri;

477 2639 620 2679 nunc
647 2622 908 2678 unitatem
941 2621 1043 2676 sibi
1081 2620 1374 2676 divinitatis
1404 2635 1524 2675 cum
1552 2620 1662 2676 Deo
1689 2620 1848 2675 Patre
1872 2619 2048 2673 vindi-

475 2730 639 2780 cans,
676 2729 820 2769 nunc
855 2711 1200 2784 fragilitatem
1229 2712 1476 2768 humana:
1508 2711 1697 2766 carnis
1725 2709 2047 2772 ostendens;

477 2819 618 2860 nunc
641 2803 940 2860 doctrinam
966 2817 1116 2858 suam
1151 2817 1211 2856 se
1242 2816 1349 2856 non
1385 2801 1585 2866 dicere,
1627 2814 1771 2855 nunc
1803 2799 2052 2856 volunta-

478 2903 586 2947 tem
614 2907 766 2948 suam
792 2907 851 2947 se
873 2906 980 2946 non
1015 2904 1258 2960 quaerere
1283 2909 1296 2944 :
1320 2905 1462 2946 nunc
1494 2891 1858 2946 testimonium
1895 2904 2050 2944 suum

475 2999 664 3040 verum
687 2998 795 3039 non
821 2997 958 3046 esse,
991 2997 1135 3037 nunc
1165 2996 1353 3036 verum
1389 2996 1510 3036 esse
1547 2980 1874 3052 signiﬁcans.
1915 2978 2051 3034 Nam

476 3076 565 3131 hic
589 3075 699 3128 ait:
725 3073 786 3128 Si
811 3088 904 3142 ego
927 3072 1279 3127 testimonium
1302 3071 1540 3144 perhibeo
1565 3071 1631 3126 de
1655 3087 1736 3125 me
1755 3072 1886 3142 ipso,
1911 3070 2052 3124 testi-

2143 541 2314 598 Omne
2344 559 2551 610 verum,
2576 558 2607 598 a
2629 545 2856 602 veritate
2885 561 3072 601 verum
3098 553 3183 602 est
3208 565 3220 600 :
3249 547 3393 602 Deus
3411 546 3552 600 enim
3579 547 3722 602 veri-

2145 644 2226 688 tas
2256 642 2358 689 est.
2406 634 2474 688 Et
2510 635 2768 704 quidquid
2808 651 2996 692 verum
3032 645 3134 703 est,
3177 653 3206 692 a
3249 638 3360 692 Deo
3396 653 3583 692 verum
3617 645 3718 692 est.

2149 739 2168 771 τ
2203 731 2227 760 α
2258 721 2433 792 Atque
2465 723 2516 776 id
2545 725 2908 779 testimonium
2941 726 3094 792 dixit,
3122 729 3248 796 qui]
3273 727 3380 780 sit:
3407 725 3599 796 Opera,
3640 729 3723 781 in-

2142 813 2278 884 quit,
2323 829 2438 884 quw
2484 829 2574 884 ego
2623 813 2780 882 facio,
2830 817 3178 870 testimonium
3213 817 3478 886 perhibent
3516 817 3582 870 de
3619 835 3718 872 me.

2143 901 2344 956 Deinde
2369 899 2630 969 adiunxit,
2663 901 2731 955 Et
2755 905 3102 958 testimonium
3131 905 3358 976 perhibet
3387 907 3451 958 de
3485 923 3593 972 me,
3631 909 3722 977 qui

2143 993 2280 1046 misit
2304 1009 2383 1046 me
2407 989 2586 1046 Pater.
2628 993 2851 1063 Ipsaque
2880 1009 3042 1064 opera
3072 1009 3190 1064 quae
3221 994 3382 1060 facit,
3417 1011 3444 1048 a
3477 995 3636 1050 iure
3665 1011 3722 1051 se

2143 1083 2412 1154 accepisse
2447 1083 2592 1138 dicit.
2635 1083 3021 1138 Testimonium
3054 1098 3182 1154 ergo
3219 1085 3503 1154 perhibent
3530 1099 3716 1154 opera,

2144 1175 2508 1230 testimonium
2528 1177 2774 1246 perhibet
2789 1177 2952 1232 Pater
2975 1177 3066 1246 qui
3090 1177 3236 1232 misit
3254 1191 3398 1231 eum.
3436 1177 3728 1232 Perhibuit

2142 1265 2376 1322 Joannes
2412 1267 2775 1322 testimonium
2822 1269 2888 1324 de
2927 1268 3144 1324 Christo
3187 1279 3441 1338 tanquam
3476 1267 3724 1332 lucerna,

2145 1372 2251 1411 non
2279 1355 2352 1410 ad
2389 1357 2654 1412 sanandos
2692 1355 2882 1428 μίτρη
2917 1357 3212 1430 satiandos]
3249 1359 3452 1413 amicos
3474 1399 3488 1424 ,
3521 1359 3616 1412 sed
3655 1358 3724 1411 ad

2145 1443 2546 1500 confundendos
2585 1445 2851 1500 inimicos.
2909 1445 3025 1502 1am
3061 1455 3218 1502 antea
3251 1447 3564 1518 praedictum
3601 1457 3726 1502 erat

2146 1547 2176 1586 a
2213 1547 2438 1603 persona
2486 1534 2663 1589 Patris
2703 1549 2718 1588 :
2754 1532 2949 1589 Paravi
2998 1535 3264 1590 lucernam
3308 1534 3517 1590 Christo
3561 1551 3730 1600 meo;

2145 1624 2393 1679 Inimicos
2423 1625 2534 1695 ejus
2564 1626 2780 1679 induam
2807 1625 3139 1694 confusione,
3169 1643 3325 1697 super
3350 1629 3519 1696 ipsum
3550 1638 3731 1680 autem

2147 1719 2348 1789 ﬁorebit
2385 1718 2726 1786 sanctiﬁcatio
2769 1735 2882 1772 mea
2911 1715 3081 1790 (Psol.
3126 1735 3308 1780 cxxxr,
3339 1719 3424 1782 l7,
3457 1718 3565 1790 18).
3597 1717 3732 1772 Esto

2149 1818 2400 1878 tanquam
2431 1808 2486 1861 in
2514 1816 2670 1862 nocte
2697 1808 2924 1877 positus,
2955 1808 3228 1864 attendisti
3261 1811 3314 1864 in
3346 1809 3644 1872 lucernam,
3675 1819 3730 1862 et

2147 1899 2374 1953 miratus
2396 1913 2454 1953 es
2473 1898 2838 1961 lucemam,et
2858 1899 3134 1954 exsultasti
3166 1901 3232 1954 ad
3263 1901 3441 1954 lumen
3471 1901 3730 1954 lucernae.

2148 1989 2254 2044 Sed
2276 1989 2365 2043 illa
2387 1988 2599 2043 lucerna
2623 1989 2751 2043 dicit
2769 2005 2895 2044 esse
2919 1989 3108 2054 solem,
3129 1991 3185 2044 in
3210 2005 3315 2058 quo
3333 1991 3603 2045 exsultare
3627 1991 3726 2045 de-

2147 2081 2306 2144 beas;
2333 2087 2388 2132 et
2415 2078 2658 2147 quamvis
2688 2080 2874 2133 ardeat
2903 2079 2956 2132 in
2983 2088 3162 2144 nocte,
3187 2079 3328 2136 diem
3359 2089 3410 2135 te
3446 2082 3601 2151 jubet
3637 2097 3732 2136 ex-

2146 2177 2411 2240 spectare.
2453 2169 2567 2224 Non
2593 2184 2740 2238 ergo,
2778 2170 2904 2239 quia
2930 2170 3072 2224 illius
3095 2172 3330 2226 hominis
3359 2173 3728 2226 testimonium

2149 2259 2347 2332 [Aug.,
2389 2257 2740 2332 testimonio]
2783 2275 2895 2315 non
2923 2271 3040 2316 erat
3085 2277 3240 2332 opus.
3305 2262 3440 2317 Nam
3491 2271 3552 2317 ut
3598 2263 3730 2332 quid

2148 2352 2472 2414 mitteretur,
2532 2351 2577 2405 si
2629 2365 2734 2405 non
2781 2359 2903 2407 erat
2933 2353 3108 2421 opus?
3169 2351 3274 2406 Sed
3315 2368 3382 2407 ne
3415 2355 3467 2408 in
3509 2355 3729 2410 lucerna

2148 2437 2466 2510 [remaneat]
2515 2438 2694 2503 homo,
2747 2447 2802 2494 et
2849 2439 3028 2495 lumen
3077 2440 3310 2496 lucerna:
3353 2442 3452 2496 sibi
3485 2441 3732 2497 suﬂicene

2147 2529 2480 2588 arbitretur;
2512 2529 2630 2583 ideo
2659 2528 2916 2583 Dominus
2943 2545 3043 2584 nec
3066 2529 3338 2584 lucernam
3372 2529 3517 2585 illam
3542 2546 3733 2601 super-

2148 2617 2306 2673 ﬂuam
2335 2618 2466 2674 dicit
2492 2617 2674 2683 fuisse,
2703 2634 2804 2673 nec
2835 2627 3010 2673 tamen
3036 2619 3166 2674 dicit
3201 2619 3255 2672 in
3286 2619 3502 2674 lucerna
3531 2619 3730 2676 debere

2149 2705 2310 2778 516
2346 2721 2644 2761 remanere.
2687 2707 2826 2761 Dicit
2867 2707 3011 2761 aliud
3049 2707 3411 2762 testimonium
3450 2707 3726 2779 Scriptura

2148 2796 2260 2860 Dei,
2285 2796 2374 2851 ubi
2402 2796 2586 2866 utique
2607 2796 2748 2850 Deus
2763 2797 3036 2866 perhibuit
3058 2797 3420 2852 testimonium
3439 2798 3575 2852 Filio
3597 2814 3724 2863 suo;

2147 2895 2203 2942 et
2229 2887 2284 2942 in
2315 2887 2404 2940 illa
2447 2887 2725 2956 Scriptura
2768 2885 2936 2942 Judtci
2975 2899 3468 2957 spem.posuerant,
3516 2891 3571 2944 in
3611 2890 3730 2960 lege

2148 2977 2354 3032 scilicet
2373 2976 2488 3041 Dei,
2513 2975 2814 3030 ministrata
2843 2977 2944 3031 sibi
2971 2993 3068 3048 per
3091 2977 3306 3048 Moysen
3331 2977 3587 3032 famulum
3611 2979 3726 3034 Dei.

2151 3065 2492 3129 Scrutamini,
2521 3065 2714 3137 inquit,
2741 3063 3063 3137 Scripturam
3093 3065 3273 3137 (Joan.
3307 3083 3389 3129 Ill.
3419 3068 3509 3130 39,
3536 3067 3642 3138 ιθ),
3671 3068 3730 3121 in

479 3163 714 3217 monium
741 3177 916 3216 meum
936 3177 1046 3216 non
1085 3171 1159 3216 est
1193 3178 1402 3228 verum;
1439 3170 1492 3218 et
1529 3161 1685 3233 paulo
1722 3167 1843 3230 post
1867 3175 1881 3213 :
1904 3157 1972 3213 Et
2005 3157 2051 3213 si
2079 3155 2124 3178 ν
2154 3173 2258 3227 qua
2283 3171 2380 3210 vos
2401 3156 2602 3226 putatis
2619 3155 2786 3209 vitam
2809 3163 3062 3210 aeternam
3084 3155 3302 3210 habere.
3341 3155 3457 3225 Ipsa
3485 3156 3732 3211 testimo-

477 3270 571 3324 ego
607 3253 956 3308 testimonium
990 3253 1229 3324 perhibeo
1262 3253 1326 3308 de
1350 3270 1462 3319 me,
1501 3268 1676 3308 verum
1709 3260 1784 3306 est
1818 3250 2050 3305 testimo-

481 3345 627 3398 nium
649 3359 839 3397 meum.
881 3343 1158 3410 Quomodo
1185 3359 1314 3414 ergo
1340 3359 1445 3398 non
1476 3343 1630 3414 [Ms.,
1659 3341 1825 3415 nunc]
1853 3352 1936 3398 est
1963 3357 2055 3396 ve-

480 3451 598 3490 rum
621 3434 982 3490 testimonium
1010 3443 1182 3500 tuum,
1209 3435 1453 3498 Domine,
1485 3434 1588 3488 nisi
1616 3433 1906 3488 secundum
1948 3430 2056 3486 fra-

481 3525 743 3595 gilitatem
773 3525 986 3580 carnis?
1027 3523 1160 3580 Nam
1187 3535 1238 3580 et
1267 3523 1396 3579 illud
1423 3524 1566 3594 quod
1591 3523 1762 3578 dixit:
1791 3522 1914 3578 Non
1943 3524 2055 3577 ueni

484 3619 653 3688 j'acere
677 3617 992 3673 voluntatem
1017 3632 1203 3683 meam,
1231 3624 1285 3671 et
1309 3614 1482 3670 Filius
1508 3633 1539 3668 a
1560 3631 1614 3670 se
1639 3612 1770 3669 nihil
1791 3621 1954 3685 potest
1979 3612 2058 3682 {a-

482 3725 614 3773 cere,
639 3716 694 3764 et
721 3708 824 3762 alia
851 3708 1016 3761 multa
1043 3705 1378 3775 huiusmodi;
1409 3722 1529 3777 quze
1560 3705 1740 3762 omnia
1766 3720 1873 3761 non
1907 3703 2057 3759 inﬁr—

485 3808 636 3855 mant
663 3799 886 3863 Filium,
908 3813 1087 3869 neque
1110 3799 1448 3869 depreciant,
1477 3813 1577 3854 nec
1601 3813 1632 3852 a
1660 3796 1823 3852 Patre
1856 3794 2056 3864 disjun-

483 3899 615 3958 gunt
641 3908 653 3943 :
683 3889 943 3958 siquidem
973 3897 1026 3942 et
1063 3889 1178 3944 haec
1207 3889 1326 3944 ideo
1351 3897 1483 3945 sunt
1519 3889 1710 3959 posita,
1739 3895 1799 3942 ut
1822 3901 1947 3941 vera
1977 3886 2058 3939 in—

487 3982 728 4037 carnatio
761 3989 1032 4037 noscatur.
1076 3980 1211 4036 Nam
1246 3982 1387 4052 quod
1421 3981 1552 4036 dicit
1591 3998 1604 4033 :
1647 3979 1760 4050 Ego
1798 3980 1862 4034 de
1897 3979 2056 4032 Patre

482 4072 635 4138 exiri,
675 4088 768 4142 ego
806 4071 860 4124 in
901 4069 1095 4137 Patre,
1135 4081 1184 4124 et
1219 4070 1381 4125 Pater
1414 4071 1467 4124 in
1506 4085 1626 4136 me;
1663 4086 1756 4138 ego
1804 4077 1851 4122 et
1898 4067 2059 4122 Pater

491 4179 653 4216 unum
681 4177 881 4224 sumus,
907 4169 955 4214 et
978 4161 1067 4230 qui
1095 4177 1176 4215 me
1201 4161 1358 4226 videt,
1377 4161 1512 4216 uidet
1539 4169 1586 4215 et
1611 4159 1854 4224 Patrem;
1883 4169 1930 4214 et
1958 4159 2058 4213 sic-

491 4263 547 4308 ut
599 4251 760 4308 Pater
787 4251 1004 4307 suscitat
1039 4259 1289 4316 mortuos,
1325 4259 1372 4304 et
1409 4251 1650 4320 viviﬁcat,
1688 4251 1762 4304 ita
1791 4259 1848 4304 et
1887 4247 2058 4304 Filius

486 4358 614 4414 quos
653 4342 760 4397 uult
796 4339 1018 4410 viviﬁcat
1043 4357 1061 4394 :
1082 4354 1207 4395 vera
1249 4339 1366 4408 ejus
1403 4339 1656 4395 divinitas
1691 4339 2055 4410 approbatur:

2153 3246 2302 3300 nium
2325 3245 2578 3314 perhibet
2601 3243 2668 3298 de
2688 3257 2794 3307 me,
2819 3251 3001 3298 etnon
3025 3242 3185 3296 vultis
3211 3243 3392 3297 venire
3429 3243 3496 3296 ad
3539 3257 3626 3296 me
3665 3252 3734 3296 ut

2152 3337 2315 3389 vitam
2341 3333 2602 3389 habeatis.
2643 3331 2779 3398 Quid
2803 3347 2898 3387 vos
2916 3333 3120 3402 putatis
3148 3333 3344 3388 habere
3365 3331 3418 3385 in
3443 3329 3732 3400 Scriptura

2159 3425 2324 3480 vitam
2357 3423 2648 3479 aeternam?
2682 3423 2859 3492 Ipsum
2892 3423 3221 3492 interrogate
3251 3422 3334 3476 cui
3362 3421 3610 3492 perhibet
3647 3429 3734 3474 te-

2153 3512 2478 3573 stimonium,
2509 3518 2566 3565 ct
2588 3511 2868 3581 intelligite
2890 3525 3010 3579 qua:
3033 3512 3106 3566 sit
3126 3511 3240 3565 vita
3267 3517 3490 3566 :eterna.
3517 3509 3585 3564 Et
3601 3510 3731 3578 quia

2151 3611 2371 3674 propter
2393 3601 2609 3672 Moysen
2631 3601 2949 3656 videbantur
2971 3600 3152 3673 [Augq
3185 3599 3458 3673 volebant]
3485 3601 3734 3670 repudia-

2155 3709 2214 3746 re
2237 3691 2510 3746 Christum
2537 3698 2793 3760 tanquam
2822 3691 3188 3746 adversarium
3216 3691 3479 3746 institutis
3511 3697 3567 3744 et
3592 3705 3734 3760 pra-

2155 3781 2343 3851 ceptis,
2369 3795 2489 3850 qua:
2515 3779 2722 3850 Moyses
2748 3781 2984 3844 tradidit,
3013 3797 3202 3836 rursus
3226 3781 3443 3837 eosdem
3468 3782 3734 3852 mseeon-

2154 3872 2319 3926 vincit
2344 3881 2600 3940 tanquam
2627 3870 2693 3926 de
2718 3870 2820 3925 alia
2851 3871 3089 3935 lucerna,
3121 3870 3342 3926 dicens:

2753 3979 2980 4036 CAPUT
3015 3981 3103 4036 XI.

2153 4070 2414 4126 Joannem
2441 4071 2705 4144 lucernam
2736 4071 2980 4144 appellat.
3013 4069 3228 4144 Patrem
3253 4091 3485 4144 quoque,
3515 4085 3565 4128 et
3591 4073 3736 4130 Scri—

2225 4151 2407 4212 pturas
2435 4141 2498 4195 de
2527 4157 2581 4195 se
2605 4141 2956 4212 testimonium
2985 4141 3275 4212 perhibere;
3305 4141 3525 4198 Judrros
3551 4161 3606 4198 se
3627 4161 3736 4198 non

2227 4210 2527 4280 recipientes
2569 4219 2850 4264 uenientem
2882 4211 2937 4264 in
2973 4210 3176 4265 nomine
3217 4210 3396 4266 Patris
3417 4254 3433 4276 ,
3478 4213 3644 4267 alium
3680 4215 3737 4266 in

2226 4279 2442 4353 nomine
2458 4295 2552 4353 suo
2576 4291 2841 4333 venturum
2867 4289 3176 4350 recepturos.
3207 4279 3283 4336 De
3304 4297 3359 4335 se
3380 4291 3554 4336 autem
3585 4281 3736 4353 Moy-

2226 4365 2316 4401 sen
2340 4349 2606 4418 scripsisse
2635 4358 2870 4402 testatur.

484 4431 610 4504 quia
628 4429 1129 4490 voluntasPatriset
1142 4429 1282 4496 Filii,
1301 4445 1408 4486 una
1421 4431 1682 4500 operatio,
1695 4444 1802 4485 una
1827 4429 2056 4498 denique
2087 4452 2136 4512 ο
2231 4437 2391 4492 Vsus.
2427 4437 2626 4492 53-56.
2646 4436 2837 4492 -—Vos
2865 4439 3080 4493 misistis
3109 4439 3177 4492 ad
3203 4437 3484 4505 Joannem,
3513 4453 3560 4496 et
3590 4443 3738 4495 testi-

484 4525 678 4596 gratia,
704 4523 999 4594 eademque
1021 4521 1337 4595 gubernatio
1357 4531 1460 4588 est,
1490 4523 1630 4578 sicut
1652 4521 1910 4592 magister
1931 4534 2057 4591 geu-

488 4614 626 4667 tium
654 4612 807 4672 docet
834 4611 908 4667 ita
935 4611 1214 4667 scribens:
1241 4607 1425 4666 Gratia
1455 4608 1614 4675 vobis,
1655 4619 1703 4665 et
1738 4625 1845 4682 pas:
1881 4627 1913 4664 a
1949 4607 2055 4662 Deo

493 4698 652 4756 Patre
671 4709 866 4766 nostro,
895 4709 943 4754 et
970 4697 1192 4756 Domino
1219 4697 1347 4754 Jesu
1373 4695 1581 4754 Christo
1607 4696 1776 4772 (Rom.
1807 4714 1844 4762 ι,
1876 4697 1950 4766 7).

561 4789 721 4846 Vens.
761 4787 1091 4846 Isi—Alius
1125 4799 1200 4845 est
1237 4792 1326 4862 qui
1359 4790 1707 4844 testimonium
1741 4787 1967 4858 perhibet
1993 4788 2058 4843 de

488 4899 589 4938 me.
629 4882 688 4937 ln
721 4882 1067 4953 sequentibus
1099 4881 1334 4938 ostendit
1367 4882 1491 4951 quis
1526 4880 1597 4936 sit
1629 4879 1720 4936 ille
1754 4879 1925 4944 alius,
1965 4879 2055 4949 qui

488 4971 854 5028 testimonium
894 4971 1139 5040 perhibet
1173 4969 1242 5026 de
1275 4985 1364 5034 se,
1400 4970 1491 5025 ubi
1523 4970 1600 5024 ait
1627 4987 1640 5023 :
1669 4966 1772 5034 Qui
1805 4968 1942 5024 misit
1979 4985 2060 5023 me

492 5059 674 5128 Pater,
703 5061 811 5132 ipse
835 5061 1182 5116 testimonium
1207 5060 1437 5130 perhibet
1463 5059 1527 5114 de
1548 5075 1628 5114 me
1653 5055 1832 5130 (Joan.
1862 5073 1915 5124 v,
1942 5058 2055 5130 37).

491 5149 878 5205 Testimonium
901 5147 1073 5204 Patris
1095 5157 1178 5204 est
1205 5149 1272 5205 de
1293 5148 1429 5204 Filio
1456 5149 1510 5204 in
1532 5148 1818 5218 baptismo,
1843 5148 1933 5203 ubi
1953 5163 2058 5203 vox

489 5238 630 5296 facta
654 5248 736 5296 est
761 5239 826 5296 de
845 5237 980 5295 casio
1001 5256 1016 5294 :
1038 5235 1142 5293 Hic
1159 5247 1234 5294 est
1255 5235 1428 5294 Filius
1447 5255 1589 5294 meus
1611 5237 1852 5304 dilectus,
1878 5239 1934 5293 in
1955 5253 2056 5310 quo

489 5328 615 5384 mihi
642 5327 766 5384 bene
794 5328 1102 5400 complacuit
1138 5327 1280 5402 [Ms.,
1327 5327 1638 5401 complacui]
1673 5326 1886 5400 (Hatth.
1921 5341 2053 5390 xvn,

487 5414 566 5486 5).
621 5416 810 5473 Simile
853 5432 1064 5488 quoque
1113 5419 1477 5475 testimonium
1534 5419 1588 5474 in
1645 5426 1826 5472 monte
1867 5423 2054 5471 sancto

489 5504 761 5574 perhibuit
783 5505 964 5572 Pater,
1003 5506 1338 5565 audientibus
1368 5509 1539 5565 tribus
1572 5505 1844 5576 discipulis
1872 5503 1940 5560 de
1966 5504 2056 5560 Fi-

563 5665 588 5697 ι
631 5655 688 5712 S.
724 5655 886 5728 Aug.,
923 5667 1080 5713 tract.
1116 5675 1275 5725 xxm,
1316 5675 1462 5714 num.
1507 5661 1558 5726 2,
1595 5661 1646 5714 5.

2161 4526 2394 4580 monium
2419 4526 2679 4596 perhibuit
2704 4527 2927 4580 veritati.
2961 4525 3074 4598 Ego
3101 4538 3271 4582 autem
3303 4545 3406 4582 non
3435 4528 3500 4582 ab
3525 4529 3741 4584 homine

2161 4615 2360 4684 accipio
2399 4616 2782 4680 testimonium;
2816 4615 2907 4669 sed
2939 4616 3050 4669 Iure
3084 4617 3218 4677 dico,
3242 4626 3296 4670 ut
3323 4633 3408 4671 uos
3439 4617 3572 4673 salvi
3596 4619 3738 4673 sitis.

2161 4701 2262 4756 Ille
2282 4712 2391 4756 erat
2415 4702 2627 4757 lucerna
2652 4703 2839 4758 ardens
2861 4713 2908 4758 et
2934 4704 3128 4758 lucens.
3177 4703 3281 4760 Vos
3303 4715 3478 4760 autem
3499 4705 3743 4762 uoluistis

2160 4791 2421 4846 exsultare
2445 4792 2513 4846 ad
2540 4793 2721 4848 horam
2750 4795 2804 4848 in
2835 4792 3002 4849 lucem
3027 4794 3158 4864 ejus.
3209 4794 3322 4866 Ego
3354 4806 3531 4850 autem
3571 4797 3745 4852 habeo

2161 4883 2506 4935 testimonium
2551 4883 2722 4952 majus
2767 4882 2992 4938 Joanne.
3046 4883 3244 4940 Omnes
3290 4886 3436 4940 enim
3489 4887 3747 4943 homines

2160 4970 2394 5025 lucerna:
2419 4979 2566 5035 sunt,
2588 4973 2711 5040 quia
2733 4979 2787 5027 et
2808 4971 3018 5028 incendi
3043 4972 3222 5045 [Αιιςι.ν
3243 4975 3486 5048 accendi]
3509 4989 3746 5048 possunt

2159 5069 2214 5115 et
2231 5060 2516 5131 exstingui.
2549 5061 2616 5116 Et
2637 5062 2870 5118 lucernae
2881 5063 3094 5132 quidem
3115 5079 3238 5120 cum
3267 5065 3505 5135 sapiunt,
3531 5067 3744 5126 lucent.

2157 5157 2210 5204 et
2247 5149 2438 5220 spiritu
2472 5148 2694 5206 fervent.
2735 5149 2868 5205 Nam
2899 5159 2954 5206 et
2991 5153 3036 5206 si
3069 5151 3350 5218 ardebant,
3375 5162 3434 5210 et
3455 5157 3749 5212 exstincta:

2158 5247 2318 5306 sunt,
2357 5239 2518 5295 etiam
2561 5247 2769 5310 putent.
2806 5239 3222 5297 Permanserunt
3255 5249 3437 5298 autem
3465 5245 3608 5300 servi
3635 5243 3744 5300 Dei

2157 5328 2389 5384 lucernze
2411 5329 2566 5385 bona:
2592 5345 2656 5386 ex
2683 5331 2802 5386 oleo
2826 5331 3206 5388 misericordia:
3232 5331 3395 5398 illius,
3419 5349 3526 5389 non
3555 5350 3622 5389 ex
3655 5337 3750 5390 vi-

2158 5419 2306 5474 ribus
2341 5419 2472 5472 suis.
2523 5417 2707 5476 Gratia
2745 5422 2941 5492 quippe
2983 5421 3077 5478 Dei
3114 5423 3346 5494 gratuita
3367 5465 3382 5488 ,
3427 5423 3516 5480 illa
3553 5424 3743 5480 oleum

2161 5507 2497 5564 lucernarum
2540 5519 2642 5564 est.
2697 5509 2827 5566 Plus
2878 5512 3016 5566 enim
3060 5512 3166 5568 illis
3211 5515 3452 5570 omnibus
3496 5514 3750 5574 laboravi
