4022 6194
298 328 428 391 8Γΐ

1120 329 1528 388 ΕΧΕΟΕΤΙΠᾹι
1568 362 1642 376 ν-
1676 330 2028 389 ΟΟΜΜΕΝΤ.
2068 333 2134 389 IN
2171 332 2359 392 JOAN.
2383 369 2452 378 -—
2489 335 2615 393 LIB.
2657 334 2747 393 lll'.‘

3446 338 3558 392 8l8'

298 448 352 523 (1
376 446 498 505 Car.
518 443 1073 517 xv,10),aitqutedam
1094 446 1312 501 lucerna
1336 464 1349 498 :
1373 454 1427 499 et
1453 461 1520 500 ne
1542 445 1742 499 viribus
1761 443 1874 498 suis
1901 446 1948 504 Α
1975 457 2073 511 per
2115 444 2262 499 illum
2312 447 2508 501 habere
2557 446 2802 501 salutem.
2858 444 3044 499 Omnis
3084 443 3227 500 enim
3271 443 3550 515 Scriptura

298 540 492 598 ardere
517 538 810 603 videretur,
838 536 1109 607 adjunxit:
1130 535 1252 589 Non
1262 550 1358 604 ego
1381 543 1570 596 autem,
1591 534 1680 588 sed
1705 534 1875 603 gratia

300 630 398 685 Dei
419 641 634 683 mecum.
681 624 868 681 Omnis
884 640 1011 695 ergo
1028 625 1287 693 propheta
1305 632 1429 677 ante
1446 622 1655 676 Domini
1680 622 1875 677 adven-

301 731 415 777 tum
446 720 661 774 lucerna
692 727 792 782 est,
822 719 887 773 de
915 733 1021 787 quo
1048 716 1318 787 apostolus
1343 717 1536 771 Petrus
1558 716 1689 770 dicit
1713 714 1869 768 :Ha-

300 811 477 865 bemus
506 809 773 862 certiorem
792 808 1144 877 propheticum
1162 821 1477 868 sermonem;
1509 804 1594 857 cui
1612 801 1874 870 benefaci-

299 901 369 953 tis
396 896 735 958 intendentes,
766 894 1202 965 quemadmodum
1231 892 1456 946 lucerna
1481 891 1673 944 lucenti
1699 891 1754 944 in
1781 888 1872 943 ob-

298 1003 454 1043 scuro
482 986 618 1048 loco,
654 982 817 1038 donec
852 984 961 1037 dies
1003 983 1247 1049 lucescat,
1286 992 1333 1036 et
1371 981 1558 1051 lucifer
1587 982 1793 1034 oriatur
1820 981 1875 1033 in

300 1077 546 1131 cordibus
594 1075 774 1129 vestris
823 1072 907 1145 (Il
957 1071 1101 1127 Petr.
1154 1072 1352 1144 1,.19).
1392 1071 1648 1126 Lucerna:
1697 1070 1875 1139 itaque

299 1166 596 1237 prophetze,
639 1171 694 1217 et
729 1162 905 1217 omnis
947 1162 1225 1232 prophetia
1263 1177 1367 1215 una
1406 1175 1598 1229 magna
1633 1159 1870 1213 lucerna.

300 1256 439 1323 Quid
473 1254 720 1324 apostoli,
759 1268 936 1307 nonne
978 1252 1249 1307 lucernae?
1291 1251 1465 1305 Etiam
1503 1250 1605 1319 ipsi
1646 1250 1875 1303 lucerna:

301 1348 479 1419 plane.
526 1345 618 1400 Sol
649 1343 774 1416 [Ms.
800 1344 1024 1413 et’Aug"
1054 1342 1220 1415 solus]
1250 1343 1393 1397 enim
1422 1342 1530 1407 ille,
1558 1356 1664 1396 non
1698 1340 1873 1394 lucer-

302 1452 391 1491 na.
432 1436 546 1490 Non
570 1434 882 1491 accenditur
903 1442 957 1490 et
980 1434 1355 1503 exstinguitur,
1380 1432 1473 1487 sed
1498 1441 1583 1486 est
1608 1431 1696 1486 lux
1726 1444 1871 1493 vera,

303 1543 424 1596 qum
458 1526 720 1580 illuminat
754 1539 967 1579 omnem
1006 1525 1279 1579 hominem
1307 1522 1612 1577 venientem
1645 1522 1698 1575 in
1735 1522 1876 1575 hunc

304 1616 579 1669 mundum.
636 1614 713 1669 De
746 1612 952 1669 Joanne
984 1614 1182 1669 dicitur
1209 1632 1222 1667 :
1248 1613 1373 1667 Non
1402 1622 1514 1667 erat
1553 1611 1642 1666 ille
1670 1611 1871 1676 lumen,

302 1704 394 1760 sed
446 1714 502 1758 ut
542 1706 894 1759 testimonium
930 1703 1212 1775 perhiberet
1254 1703 1318 1756 de
1350 1701 1544 1756 lumine
1592 1700 1772 1771 (Joan.
1816 1718 1870 1764 ι,

1978 544 2163 590 sancta
2192 538 2556 591 testimonium
2587 536 2856 606 perhibuit
2883 534 3099 590 Christo
3117 574 3132 601 ,
3160 534 3271 590 sive
3298 549 3395 605 per
3418 535 3552 607 ligu-

1979 640 2085 688 ras,
2117 626 2228 679 sive
2255 641 2348 695 per
2374 625 2684 695 prophetas,
2709 624 2823 678 sive
2850 638 2945 692 per
2971 622 3282 693 angelorum
3309 623 3553 678 ministe—

1978 711 2075 764 ria.
2116 712 2257 781 Ergo
2283 721 2337 767 et
2364 711 2575 782 Moyses
2609 711 2881 780 perhibuit
2914 711 3277 765 testimonium
3314 710 3550 777 Christo,

1977 808 2033 851 et
2061 798 2296 854 Joannes
2327 800 2599 868 perhibuit
2627 799 2991 853 testimonium
3024 798 3257 864 Christo,
3287 810 3339 854 et
3368 801 3550 855 creteri

1977 889 2267 957 prophetae.
2286 899 2337 941 et
2357 890 2580 958 apostoli
2604 889 2991 956 perhibuerunt
3013 889 3378 945 testimonium
3397 888 3551 943 Chri-

1977 985 2081 1031 sto.
2131 978 2226 1032 llis
2258 980 2507 1033 omnibus
2540 979 2863 1034 testimoniis
2891 982 3150 1049 prteponit
3189 982 3549 1036 testimonium

1976 1081 2199 1136 operum
2238 1083 2476 1133 suorum,
2514 1069 2637 1137 quia
2670 1083 2767 1138 per
2793 1070 2882 1123 illa
2913 1085 3017 1125 non
3046 1071 3150 1123 nisi
3190 1070 3330 1125 Deus
3365 1071 3546 1140 perhi-

1976 1157 2093 1212 buit
2121 1157 2488 1211 testimonium
2512 1157 2623 1212 lilio
2650 1173 2768 1213 suo.

2048 1249 2209 1301 Vnus.
2224 1247 2310 1300 ιιι.
2332 1278 2403 1286 -
2422 1246 2722 1302 Claritatem
2740 1250 2803 1303 ab
2823 1249 3116 1305 hominibus
3135 1266 3238 1305 non
3260 1250 3471 1322 recipio.
3491 1251 3549 1304 ιδ

1975 1346 2078 1400 est,
2124 1337 2334 1391 laudem
2379 1337 2668 1390 humanam
2704 1353 2810 1392 non
2859 1339 3381 1411 quzero,_quia.non
3426 1340 3549 1393 veni

1977 1425 2299 1490 ministrari,
2327 1426 2422 1479 sed
2465 1425 2771 1479 ministrare
2796 1443 2808 1490 ;
2864 1428 2915 1481 id
2942 1436 3041 1490 est,
3088 1441 3194 1481 non
3225 1427 3345 1481 veni
3375 1436 3432 1481 ut
3459 1427 3553 1481 bo-

1976 1532 2164 1571 norem
2207 1517 2275 1571 ab
2327 1516 2635 1570 hominibus
2679 1519 2973 1585 acciperem
3020 1517 3313 1580 carnalem,
3362 1515 3455 1570 sed
3494 1526 3553 1569 nt

1976 1608 2234 1661 honorem
2282 1604 2587 1659 hominibus
2631 1605 2813 1659 darem
2861 1604 3176 1672 spiritalem.
3228 1604 3551 1675 (Veneti)

1978 1695 2084 1750 Sed
2112 1696 2325 1764 cognovi
2354 1711 2462 1758 vos,
2492 1694 2615 1763 quia
2657 1692 2984 1746 dilectionem
3023 1692 3121 1746 Dei
3147 1709 3250 1746 non
3279 1692 3475 1745 habetis
3498 1694 3551 1746 in

301 1794 447 1867 8,9).
470 1815 490 1846 ι
528 1794 829 1850 DeChristo
844 1804 1023 1850 autem
1048 1809 1063 1848 :
1091 1793 1221 1847 Erat
1253 1792 1346 1847 tua:
1375 1810 1515 1857 vera,
1545 1809 1661 1863 qua:
1681 1791 1879 1846 illumi-
1910 1793 1955 1854 Β
1979 1787 2301 1841 vobis..ldeo
2326 1786 2664 1841 dilectionem
2694 1784 2789 1839 Dei
2818 1799 2924 1838 non
2949 1784 3272 1847 habuerunt,
3302 1785 3425 1854 quia
3446 1801 3551 1838 non

301 1894 393 1938 nat
409 1884 885 1939 omnemhominem
906 1885 1187 1938 venientem
1204 1882 1414 1938 inhunc
1435 1880 1873 1947 mundum..Quid

298 1982 404 2038 est,
440 1973 582 2042 quod
611 1974 677 2028 de
707 1972 978 2043 Apostolis
1013 1977 1128 2041 ipsa
1165 1973 1374 2027 Veritas
1403 1971 1567 2026 dicit?
1618 1970 1720 2024 Vos
1750 1971 1872 2024 estis

297 2062 394 2118 tua
424 2064 604 2118 mundi
635 2064 846 2133 (Matth.
873 2080 927 2128 v,
955 2063 1061 2135 14).
1098 2063 1165 2118 Et
1186 2061 1419 2117 Joannes
1445 2060 1533 2133 [Et
1552 2061 1619 2116 de
1642 2059 1871 2131 Joanne]

296 2153 622 2222 evangelista
648 2166 663 2207 :
689 2152 809 2207 Non
849 2162 959 2206 erat
998 2151 1085 2206 ille
1112 2151 1306 2206 lumen.
1357 2149 1468 2205 Nec
1505 2148 1740 2204 Joannes
1776 2163 1874 2217 per

296 2257 357 2297 se
379 2250 497 2297 erat
525 2242 763 2306 lucerna,
794 2257 895 2297 nec
924 2242 1146 2312 apostoli
1174 2256 1271 2312 per
1301 2255 1359 2297 se
1393 2239 1591 2305 lumen,
1616 2239 1711 2295 sed
1740 2254 1770 2293 a
1795 2238 1874 2292 lu-

297 2332 441 2386 mine
461 2331 676 2387 Christo
698 2332 786 2386 ille
808 2331 1047 2398 lucerna,
1069 2340 1124 2387 et
1143 2331 1219 2385 illi
1249 2331 1532 2385 illuminati
1567 2331 1634 2384 ab
1660 2344 1746 2395 eo,
1781 2330 1873 2399 qui

294 2428 380 2480 est
403 2419 483 2474 sol
510 2434 671 2473 verus
695 2420 877 2474 oriens
898 2420 950 2474 in
974 2420 1227 2475 cordibus
1254 2419 1488 2474 ﬁdelium
1518 2417 1625 2490 [AL
1652 2418 1875 2474 creden-

297 2508 477 2581 tium].
517 2508 629 2579 Ego
666 2520 837 2567 autem
865 2509 1026 2564 habeo
1061 2511 1409 2564 testimonium
1436 2509 1609 2579 majus
1644 2508 1871 2563 Joanne.

297 2596 469 2668 Opera
495 2598 651 2663 enim,
668 2615 784 2661 qute
807 2598 946 2651 dedit
971 2598 1097 2651 mihi
1111 2597 1289 2663 Pater,
1317 2598 1429 2668 ipsa
1456 2614 1612 2667 Opera
1638 2614 1755 2668 qua:
1780 2614 1873 2667 ego

295 2687 460 2756 facio,
497 2688 843 2742 testimonium
883 2688 1149 2757 perhibent
1188 2687 1252 2741 de
1292 2703 1392 2751 me,
1433 2687 1556 2757 quia
1595 2684 1757 2740 Pater
1795 2703 1876 2740 me

294 2777 459 2835 misit.
502 2777 687 2847 (Vens.
718 2776 833 2847 57.)
870 2777 938 2831 Et
965 2777 1053 2848 qui
1089 2778 1230 2831 misit
1267 2793 1347 2831 me
1377 2774 1559 2839 Pater,
1598 2779 1706 2845 ipse
1740 2777 1880 2831 testi-

294 2865 527 2918 monium
545 2864 801 2935 perhibuit
821 2863 884 2918 de
906 2882 1005 2919 me.
1030 2863 1288 2934 Superius
1308 2864 1443 2917 dixit
1465 2882 1476 2916 :
1503 2862 1875 2917 Testimonium

295 2968 404 3006 non
428 2953 625 3021 accipio
648 2952 711 3005 ab
733 2952 958 3007 homine.
1010 2952 1109 3007 Hic
1135 2968 1358 3008 causam
1388 2953 1580 3018 reddit,
1609 2967 1779 3021 quare
1807 2953 1875 3006 ab

295 3041 515 3096 homine
556 3042 917 3096 testimonium
946 3058 1052 3097 non
1084 3044 1396 3112 accepisset,
1437 3045 1561 3113 quia
1598 3044 1761 3097 habet
1799 3051 1877 3097 te-

1972 1877 2318 1932 crediderunt
2346 1876 2398 1928 in
2446 1890 2567 1930 eum
2609 1874 2762 1945 [Ms.,
2790 1874 2843 1927 in
2874 1872 2984 1945 eo],
3012 1875 3105 1943 qui
3140 1890 3245 1928 non
3292 1874 3436 1930 venit
3473 1872 3553 1927 fa-

1971 1982 2095 2021 cere
2117 1965 2440 2020 voluntatem
2470 1978 2645 2025 suam,
2676 1964 2771 2017 sed
2810 1961 3135 2016 voluntatem
3160 1962 3275 2030 ejus
3295 1962 3386 2031 qui
3409 1962 3553 2015 misit

1970 2058 2140 2113 illum.
2169 2057 2289 2111 Ideo
2311 2055 2577 2123 subjunin
2605 2069 2619 2107 :
2650 2055 2831 2125 (Vens.
2860 2053 2952 2123 45)
2999 2052 3109 2124 Ego
3134 2053 3248 2106 veni
3271 2054 3325 2105 in
3347 2052 3553 2105 nomine

1976 2149 2150 2202 Patris
2175 2146 2296 2211 mei,
2321 2156 2367 2199 et
2409 2162 2510 2199 non
2552 2145 2847 2214 suscepistis
2878 2161 2978 2197 me.
3024 2144 3079 2197 id
3110 2149 3211 2209 est,
3237 2157 3342 2196 non
3381 2141 3554 2195 credi-

1971 2238 2126 2294 distis
2153 2237 2207 2291 in
2239 2250 2345 2299 me,
2380 2234 2503 2303 quia
2527 2234 2648 2288 ideo
2672 2234 2791 2288 veni
2821 2231 2973 2304 [Ms.,
2998 2228 3295 2302 veniebam]
3327 2230 3379 2284 in
3398 2244 3554 2283 mun-

1970 2329 2119 2393 dum,
2154 2338 2217 2399 ut.
2237 2326 2624 2397 gloriﬁcarctur
2652 2340 2842 2379 nomen
2872 2323 3071 2378 Patris.
3102 2320 3157 2376 Si
3187 2320 3321 2375 alius
3344 2319 3541 2375 venerit

1972 2421 2028 2475 in
2055 2422 2259 2474 nomine
2286 2436 2402 2483 suo,
2444 2416 2589 2472 illum
2638 2417 2924 2487 accipietis.
2968 2414 3102 2481 Quis
3137 2423 3219 2469 est
3270 2412 3363 2483 qui
3407 2410 3554 2466 venit

1975 2510 2030 2563 in
2078 2509 2294 2562 nomine
2342 2522 2459 2569 suo,
2486 2506 2589 2560 nisi
2623 2505 2710 2560 ille
2738 2504 2828 2574 qui
2859 2504 3081 2574 gloriam
3101 2502 3375 2573 propriam
3407 2516 3553 2571 quas.

1976 2601 2070 2665 rit,
2096 2608 2151 2653 et
2172 2614 2278 2653 non
2310 2598 2451 2653 illius
2491 2598 2581 2667 qui
2612 2597 2758 2651 misit
2786 2596 2977 2649 illum?
3001 2594 3132 2662 Quis
3152 2604 3233 2649 est
3255 2608 3415 2663 quem
3458 2608 3549 2646 ac-

1973 2688 2179 2758 cepturi
2221 2694 2379 2740 erunt
2419 2684 2606 2748 Judzci,
2647 2683 2749 2737 nisi
2782 2682 3195 2748 Antichristum,
3221 2681 3313 2751 qui
3361 2687 3550 2734 ventu-

1975 2797 2066 2835 rus
2092 2788 2173 2835 est
2198 2779 2420 2849 gloriam
2467 2776 2737 2846 propriam
2777 2776 3059 2851 querere?
3092 2774 3158 2828 Et
3185 2773 3289 2828 hoc
3318 2771 3425 2826 erit
3449 2770 3555 2826 illis

1972 2886 2131 2942 poena
2177 2869 2402 2940 peccati,
2451 2868 2574 2937 quia
2618 2865 2906 2923 nohterunt
2943 2864 3155 2919 veritati
3207 2862 3448 2927 credere,
3495 2869 3554 2914 ut

1973 2960 2257 3015 crederent
2300 2958 2577 3012 mendacio
2630 2954 2782 3028 μὴ,
2826 2964 2881 3010 et
2921 2954 3141 3017 credent
3185 2949 3546 3022 mendacium]

1978 3048 2064 3119 (II
2097 3047 2271 3105 Thess.
2305 3048 2388 3118 ιι).

293 3134 604 3189 stimOnium
651 3134 856 3199 Patris,
897 3144 954 3192 et
988 3151 1212 3206 operum
1250 3137 1556 3191 testimonia
1592 3150 1711 3205 qua!
1743 3142 1867 3190 sunt
1894 3129 1941 3191 C
2030 3140 2192 3193 Vens.
2205 3135 2652 3203 Alc-Quomodo
2669 3136 2876 3207 potestis
2892 3152 2978 3190 vos
2994 3133 3217 3200 credere,
3233 3133 3318 3205 qui
3335 3130 3553 3214 gloriam

293 3226 471 3296 majus
496 3241 654 3294 quam
690 3228 984 3288 hominum.
1024 3228 1166 3298 Ergo
1199 3229 1314 3282 haec
1350 3228 1534 3282 missio
1571 3227 1869 3282 incarnatio

293 3325 379 3374 est
415 3315 649 3381 Christi;
696 3318 993 3372 incarnatio
1035 3332 1161 3371 vero
1199 3317 1418 3381 Christi,
1458 3317 1753 3387 redemptio
1787 3326 1869 3371 est

294 3418 508 3475 nostra;
540 3411 833 3480 redemptio
856 3426 982 3467 vero
1014 3420 1196 3466 nostra
1222 3420 1305 3466 est
1334 3412 1448 3481 ipsa
1478 3412 1720 3476 Veritas,
1751 3427 1869 3480 qua:

294 3498 374 3551 ait
398 3495 546 3568 [Ms.,
573 3500 625 3552 in
655 3500 770 3569 ipsa
796 3500 1043 3564 veritate,
1067 3516 1170 3571 qua
1188 3499 1288 3572 ait]
1313 3518 1324 3553 :
1350 3499 1463 3570 Ego
1484 3502 1615 3561 veni,
1641 3509 1694 3552 ut
1716 3500 1870 3553 vitam

292 3587 537 3653 habeant,
562 3598 610 3642 et
632 3589 983 3645 abundantius
1003 3590 1245 3644 habeant.
1288 3587 1571 3658 Subiunxit
1594 3605 1719 3644 vero
1747 3589 1871 3645 huic

295 3678 606 3733 testimonio
629 3677 803 3734 Patris
831 3680 897 3735 de
923 3679 1038 3749 ipso
1064 3679 1222 3735 Patre
1240 3721 1254 3744 ,
1285 3681 1427 3749 quod
1455 3678 1623 3735 Judari
1646 3679 1728 3734 vel
1760 3696 1871 3755 tna-_

294 3766 367 3838 gi,
408 3782 701 3839 omnesque
741 3768 1002 3835 inﬁdeles,
1041 3777 1321 3827 excaecatis
1360 3770 1628 3825 mentibus
1671 3769 1869 3824 verita-

295 3865 413 3911 tem
432 3858 725 3913 divinitatis
754 3875 859 3914 non
886 3868 1105 3930 possunt
1129 3861 1392 3929 accipere,
1423 3859 1605 3913 dicens
1630 3875 1640 3909 :

367 3947 527 4005 Vsus.
564 3949 929 4018 38.—Neque
971 3950 1107 4002 enim
1144 3966 1315 4002 vocem
1353 3947 1468 4016 ejus
1513 3947 1753 4005 audistis,
1776 3963 1872 3999 un-

289 4053 476 4110 quam,
505 4053 665 4108 neque
689 4040 909 4108 speciem
936 4039 1048 4109 ejus
1077 4040 1306 4106 vidistis;
1326 4050 1373 4095 et
1394 4040 1598 4095 verbum
1628 4039 1737 4110 ejus
1768 4057 1871 4095 non

292 4128 495 4182 habetis
529 4129 584 4182 in
614 4128 750 4181 vobis
783 4145 1016 4184 manens.
1059 4129 1200 4185 Dicit
1233 4131 1505 4201 apostolus
1538 4150 1551 4185 :
1584 4132 1705 4185 Non
1733 4133 1868 4194 enim

294 4220 561 4275 auditores
592 4219 716 4290 legis
741 4220 1010 4290 iustiﬁcati
1040 4232 1178 4286 sunt,
1218 4223 1307 4276 sed
1348 4223 1574 4293 factores
1604 4222 1739 4276 verbi
1772 4222 1868 4277 Dei

1967 3231 2037 3283 ad
2057 3231 2272 3286 invicem
2285 3230 2548 3298 accipitis;
2567 3237 2612 3281 et
2632 3227 2872 3298 gloriam,
2889 3243 3005 3298 qua
3024 3237 3098 3282 est
3119 3245 3151 3281 a
3170 3226 3280 3281 solo
3301 3225 3430 3289 Deo,
3450 3241 3553 3279 non

1965 3320 2246 3391 quwritis?
2291 3318 2747 3374 Considerandum
2778 3326 2874 3381 est
2906 3317 3164 3377 intentius
3199 3325 3458 3386 quantum
3484 3315 3556 3369 sit

1963 3411 2222 3481 iactantia
2261 3418 2313 3465 et
2336 3409 2580 3471 humanae
2603 3409 2775 3463 laudis
2799 3407 3021 3462 ambitio
3053 3407 3275 3473 malum,
3316 3420 3417 3479 pro
3445 3419 3554 3475 quo

1970 3502 2086 3572 ipsa
2112 3503 2323 3559 Veritas
2350 3502 2445 3565 ait,
2493 3500 2711 3556 credere
2750 3516 2854 3554 non
2898 3515 3056 3575 posse
3101 3497 3381 3568 quosdam,
3425 3496 3551 3566 quia

1970 3595 2244 3650 szecularis
2274 3594 2455 3664 gloria:
2478 3593 2656 3660 cupidi
2682 3599 2856 3651 erant.
2892 3589 3021 3659 Quae
3046 3599 3128 3643 est
3152 3589 3399 3643 humana:
3435 3588 3552 3641 lau-

1965 3684 2052 3741 dis
2075 3686 2359 3757 cupiditas,
2386 3684 2489 3739 nisi
2530 3682 2776 3752 superbae
2802 3681 2997 3739 mentis
3030 3679 3232 3739 elatio?
3262 3678 3384 3735 Vult
3409 3680 3475 3735 de
3495 3693 3555 3745 se

1969 3780 2132 3831 homo
2160 3775 2438 3837 aestimari,
2471 3773 2612 3842 quod
2655 3772 2709 3836 in
2738 3786 2796 3827 se
2821 3772 3021 3827 habere
3046 3787 3151 3835 non
3178 3768 3556 3837 studet.,Alter

1969 3877 2053 3923 est
2080 3866 2325 3930 interius,
2363 3864 2500 3920 alter
2526 3864 2656 3923 loris
2679 3862 2832 3936 μὴ..
2863 3861 3028 3935 [oras]
3058 3862 3228 3918 videri
3257 3861 3577 3929 desiderat”

1971 3958 2259 4014 llumilitas
2299 3969 2428 4010 vero
2452 3955 2677 4026 gloriam
2703 3954 2896 4024 quaerit
2939 3969 2969 4006 a
2992 3952 3107 4007 solo
3140 3954 3270 4012 Deo.
3299 3952 3560 4022 superbia.

1971 4048 2039 4102 ab
2075 4046 2396 4101 hominibus.
2426 4043 2553 4099 Inde
2597 4042 2830 4098 Joannes
2876 4041 3118 4111 Baptista
3148 4042 3216 4096 ab
3253 4041 3370 4112 ipsa
3398 4040 3552 4097 Veri-

1974 4146 2085 4191 tate
2110 4145 2219 4190 tam
2245 4134 2569 4189 excellenter
2592 4133 2838 4189 laudatus
2857 4140 2959 4197 est,
2983 4141 3044 4199 ut
3062 4147 3169 4192 non
3190 4137 3332 4187 esset
3349 4131 3579 4193 arundo.

1972 4238 2129 4284 vento
2152 4229 2350 4300 agitata
2380 4226 2593 4300 (Matth.
2631 4243 2705 4290 ιι,
2736 4225 2789 4297 7)
2816 4244 2827 4279 :
2873 4225 2998 4295 quia
3023 4239 3128 4279 non
3168 4224 3414 4279 humana:
3436 4221 3567 4279 lau-.

297 4309 475 4381 (Rom.
503 4328 561 4376 ιι,
596 4312 704 4381 l3).
750 4312 806 4367 ld
836 4321 918 4367 est
945 4313 1110 4369 Filius
1138 4313 1233 4369 Dei
1258 4330 1369 4371 non
1395 4322 1576 4368 manet
1603 4314 1654 4367 in
1683 4330 1868 4373 eorum
1967 4318 2077 4384 dis,
2103 4333 2203 4373 nec
2239 4318 2439 4373 odiosae
2481 4316 2891 4386 vituperationis
2915 4329 3045 4369 aura
3090 4310 3563 4383 ﬂante,_l1exibilis,

296 4399 577 4464 cordibus,
612 4401 738 4470 quia
759 4417 865 4455 non
886 4410 1104 4457 servant
1128 4417 1248 4473 qua:
1272 4403 1512 4457 audiunt.
1559 4402 1711 4469 Quod
1739 4418 1866 4458 vero
1894 4466 1938 4478 _
1971 4407 2090 4463 fuit.
2121 4408 2243 4464 ldeo
2264 4407 2489 4478 gloriam
2507 4406 2694 4461 habuit
2718 4421 2748 4458 a
2776 4406 2885 4459 Deo
2910 4403 3145 4470 Christo,
3172 4403 3297 4474 quia
3319 4402 3544 4475 gloriam

296 4490 373 4546 ait
403 4508 414 4543 :
447 4466 644 4562 Neque
659 4509 829 4547 vocem
861 4494 975 4563 ejus
1009 4466 1227 4548 audistis
1252 4535 1267 4561 ,
1309 4512 1468 4567 neque
1504 4466 1721 4565 speciem
1752 4497 1864 4566 ejus
1894 4466 1945 4524 υ
1966 4516 2072 4565 non
2120 4466 2367 4569 quaesivit
2392 4498 2701 4551 humanam.
2750 4496 2933 4566 (Vens.
2966 4494 3055 4560 45,
3251 4466 3427 4549 Nolite
3450 4510 3550 4573 pu-

295 4580 515 4635 vidistis.
561 4581 616 4635 ln
662 4583 765 4638 hoc
799 4584 1032 4639 ostendit
1059 4586 1412 4640 sub5tantiam
1454 4586 1746 4641 divinitatis
1785 4588 1869 4642 in-
1967 4600 2098 4655 tare,
2124 4589 2247 4660 quia
2271 4604 2361 4658 ego
2388 4595 2729 4640 accusaturus
2758 4586 2858 4640 sim
2893 4602 2982 4640 vos
3010 4586 3149 4658 apud
3172 4586 3405 4642 Patrem.
3429 4584 3577 4653 Est,_

295 4674 832 4740 comprehcnsibilem
851 4690 993 4741 esse,
1014 4685 1068 4731 et
1089 4676 1433 4741 invisibilem,
1462 4685 1516 4731 et
1542 4693 1725 4733 vocem
1750 4678 1869 4749 ejus
1966 4680 2055 4750 qui
2083 4688 2291 4733 accusat
2317 4694 2404 4731 vos
2450 4674 2675 4747 Moyses,
2708 4674 2772 4729 de
2801 4674 2946 4748 [Ms.,
2968 4674 3047 4750 in]
3067 4694 3167 4749 quo
3192 4694 3283 4732 vos
3323 4678 3552 4732 maxime

296 4776 405 4815 non
444 4763 749 4819 carnalibus
790 4765 976 4821 audire
1017 4765 1176 4839 517
1210 4767 1449 4841 potuisse
1485 4769 1734 4834 auribus,
1770 4769 1869 4830 sed
1964 4770 2203 4841 speratis.
2232 4769 2293 4823 Si
2317 4768 2452 4822 enim
2496 4766 2773 4821 crederetis
2814 4764 3003 4838 Moysi,
3028 4766 3299 4825 crederetis
3327 4767 3552 4840 forsitan

294 4853 522 4921 spiritali
546 4855 890 4927 intelligentia
915 4872 1014 4926 per
1045 4857 1273 4928 gratiam
1313 4860 1484 4914 sancti
1520 4857 1752 4927 Spiritus
1784 4858 1861 4913 in;
1967 4871 2014 4915 et
2038 4861 2201 4927 mihi;
2243 4860 2306 4913 de
2348 4876 2427 4914 me
2465 4859 2603 4913 enim
2647 4857 2735 4912 ille
2774 4859 2999 4929 scripsit.
3038 4857 3164 4915 Ideo
3200 4874 3306 4913 non
3334 4846 3568 4921 accuso..

296 4944 538 5015 telligcre
554 4947 637 5001 vel
663 4962 863 5012 amare,
886 4949 1180 5005 secundum
1201 4950 1344 5018 quod
1368 4950 1654 5020 unicuique
1681 4950 1862 5006 datum
1967 4951 2093 5021 quia
2122 4966 2228 5006 non
2258 4949 2380 5004 veni
2425 4948 2705 5014 damnare,
2746 4947 2841 5003 sed
2886 4948 3094 5004 salvare
3119 4964 3133 5014 ;
3184 4947 3393 5019 Moyses
3418 4963 3549 5003 vero

295 5036 422 5089 erit.
466 5033 646 5106 (Vsus.
679 5036 792 5109 59.)
830 5037 996 5103 Quia,
1024 5054 1174 5111 quem
1199 5038 1339 5095 misit
1365 5037 1486 5102 ille,
1512 5039 1630 5092 huic
1651 5055 1736 5093 vos
1762 5055 1866 5094 non

294 5125 525 5179 creditis.
574 5124 891 5181 Scrutamini
934 5127 1249 5199 Scripturas,
1288 5129 1414 5200 quia
1456 5143 1543 5183 vos
1574 5128 1767 5198 putatis
1811 5129 1865 5182 in

294 5215 423 5283 ipsis
461 5216 616 5268 vitam
646 5225 892 5270 internum
917 5217 1122 5284 habere,
1146 5228 1193 5273 et
1217 5217 1324 5274 illa
1354 5227 1475 5274 sunt
1500 5234 1615 5289 qua:
1637 5219 1865 5276 testimo-

296 5305 442 5358 nium
462 5306 724 5376 perhibent
753 5306 817 5360 de
843 5323 943 5370 me,
972 5307 1156 5379 (Vsus.
1182 5307 1274 5379 40)
1321 5317 1371 5364 et
1400 5325 1503 5363 non
1524 5307 1677 5363 vultis
1699 5308 1866 5362 venire

294 5392 366 5447 ad
394 5409 475 5449 me
499 5403 555 5448 ut
580 5394 737 5449 vitam
752 5393 1006 5449 habeatis.
1027 5394 1144 5450 Non
1159 5396 1322 5453 vultis
1335 5398 1538 5461 venire,
1554 5396 1605 5452 id
1628 5404 1727 5459 est,
1760 5409 1864 5452 non

294 5481 459 5538 vultis
485 5484 727 5548 credere,
758 5482 884 5554 quia
910 5484 1237 5553 impossibile
1255 5494 1338 5542 est
1357 5486 1474 5543 sine
1498 5486 1605 5544 ﬁde
1624 5489 1735 5544 Deo
1756 5487 1875 5559 pla-

297 5584 421 5626 cere
446 5570 631 5643 (Hebr.
661 5589 742 5639 si,
768 5571 844 5644 6).
881 5574 1079 5629 Venire
1106 5581 1347 5629 nostrum
1367 5583 1451 5630 est
1474 5577 1543 5632 ad
1568 5577 1861 5642 Christum,

298 5660 355 5721 id
377 5670 479 5729 est,
500 5666 722 5722 credere
742 5665 893 5721 illum
921 5680 1108 5721 verum
1130 5663 1324 5721 Filium
1348 5664 1462 5729 Dei,
1487 5674 1541 5721 et
1563 5684 1743 5729 veram
1760 5685 1864 5727 nos

1968 5048 2206 5107 accusat,
2246 5032 2383 5111 quia
2414 5037 2675 5095 increduli
2710 5038 2844 5095 estis
2882 5038 2998 5095 voci
3040 5038 3200 5093 illius.
3245 5037 3322 5096 De
3349 5054 3441 5100 me
3459 5037 3551 5094 ille

1968 5132 2203 5201 scripsit.
2223 5134 2349 5188 dum
2360 5132 2447 5187 ait
2468 5148 2481 5185 :
2506 5130 2824 5203 Prophetam
2844 5129 2983 5185 vobis
3002 5128 3271 5189 suseitabit
3291 5128 3550 5183 Dominus

1969 5221 2109 5275 Deus
2140 5220 2205 5275 de
2228 5220 2484 5290 fratribus
2508 5220 2707 5281 vestris,
2735 5228 2982 5291 tanquam
3012 5236 3093 5274 me
3135 5220 3304 5297 ipsum
3325 5217 3549 5272 audietis

1968 5326 2086 5363 eum
2116 5309 2292 5381 (Deut.
2320 5326 2475 5375 xvut,
2506 5309 2602 5375 15;
2628 5308 2804 5364 Actor.
2837 5326 2919 5372 In,
2955 5309 3047 5373 22,
3068 5308 3203 5381 23)._
3232 5308 3372 5377 Quid
3416 5322 3549 5363 vero

1966 5407 2238 5469 sequatur,
2284 5399 2561 5455 attendite.
2602 5398 2671 5453 Et
2707 5399 2805 5453 erit
2844 5400 3012 5456 omnis
3050 5399 3248 5465 animo,
3290 5414 3409 5471 qua:
3441 5413 3550 5453 non

1964 5490 2213 5547 obedierit
2243 5492 2516 5564 Propheta:
2539 5492 2637 5557 illi,
2667 5494 3097 5553 exterminabitur
3115 5494 3182 5550 de
3204 5492 3394 5567 populo
3418 5490 3540 5549 Dei.

1963 5580 2149 5652 (Vens.
2176 5582 2288 5653 i7.)
2341 5581 2398 5638 Si
2434 5584 2573 5639 enim
2616 5584 2757 5643 illius
2794 5586 2980 5643 litteris
3025 5602 3129 5641 non
3154 5585 3385 5651 creditis,
3412 5598 3541 5656 quo-

1967 5675 2117 5735 modo
2156 5677 2280 5733 meis
2328 5676 2543 5733 credetis
2593 5677 2805 5734 verbis?
2837 5678 3104 5751 Quidquid
3154 5677 3295 5735 enim
3346 5676 3429 5734 lex
3480 5684 3535 5729 et
