4000 6190
409 341 516 398 819

1281 339 1338 392 Β.
1379 337 1442 394 ιε’.
1483 335 1708 392 ALBINI
1747 336 1878 392 εει]
1919 333 2203 393 ALCUENI
2233 332 2524 393 OPIJRUI
2557 333 2740 392 PARS
2775 332 2846 390 ΙῘ..

3581 333 3686 392 εξο

413 452 573 528 μη,
611 449 718 524 vel}
766 448 1046 520 prophetas
1088 445 1450 517 scripserunt,
1496 445 1679 502 omnia
1725 445 2003 502 Christum
2035 449 2086 510 Α
2180 445 2343 501 Vsus.
2369 444 2502 511 5,4.
2526 474 2596 484 —
2622 443 2794 500 Subiit
2838 461 2962 516 ergo
3003 445 3162 501 Iesus
3202 447 3260 501 in
3283 455 3530 512 moment,
3553 456 3602 502 et
3629 451 3700 505 ibi

411 556 698 602 venturum
759 555 880 598 esse
931 538 1312 610 designabant.
1365 536 1423 594 Si
1479 538 1626 594 enim
1673 537 1843 594 Judaei
1897 536 2001 608 legi

413 636 500 690 vel
544 631 821 704 prophetis
865 627 1242 693 credidissent,
1290 624 1692 700 [credidissent]
1724 627 1913 696 utique
1947 631 2004 679 et

413 725 648 780 Christo.

486 814 611 869 Post
653 813 769 866 btce
797 812 961 867 verba
992 812 1239 883 mystica,
1271 818 1326 865 et
1369 809 1804 880 profundissimte
1845 807 2004 862 intel-

409 905 646 972 ligmt'nt!
687 904 906 959 Domini
931 903 1099 958 nostri
1144 901 1272 958 Iesu
1317 900 1545 965 Christi,
1581 900 1778 970 quibus
1803 897 2000 969 partim

410 1013 529 1052 sum
549 995 866 1060 divinitatis,
911 995 1120 1064 partim
1157 999 1214 1048 et
1258 991 1615 1047 humanitatis
1660 1003 1856 1044 arcana
1887 1002 2002 1060 my-

412 1085 599 1151 steria,
629 1084 716 1139 vel
745 1093 874 1138 tunc
911 1083 1272 1146 audientibus,
1303 1080 1389 1134 vel
1419 1095 1560 1134 nunc
1589 1078 1890 1148 legentibus
1916 1077 2008 1131 de-

415 1185 722 1232 monstrare
748 1174 938 1240 voluit,
960 1173 1198 1243 quinque
1235 1186 1433 1242 panum
1482 1169 1741 1225 miraculo
1770 1168 2006 1238 seipsum

2101 536 2312 592 sedebat
2355 552 2476 591 cum
2517 535 2788 606 discipulis
2832 537 2964 592 suis.
3011 536 3145 592 Erat
3181 546 3360 592 autem
3401 537 3696 609 prmum

2106 628 2314 684 Pascha
2353 627 2463 682 dies
2493 627 2655 698 {estus
2698 627 3028 684 Judtrorum.
3073 627 3227 696 Quod
3269 637 3450 684 autem
3479 629 3702 688 subiens

2106 721 2160 776 in
2201 728 2438 776 montem
2486 718 2663 785 Jesus,
2700 720 2772 775 ibi
2801 721 3024 776 sedebat
3069 736 3193 776 cum
3239 721 3520 792 discipulis
3542 721 3694 789 suis;

2105 810 2200 865 sed
2225 810 2474 864 veniente
2519 810 2588 865 ad
2631 825 2755 864 eum
2804 810 3145 866 multitudine
3189 808 3492 877 descendit,
3537 820 3704 882 atque

2107 902 2249 956 hanc
2273 901 2326 954 in
2354 900 2723 970 superioribus
2751 900 2769 971 [
2776 898 2905 965 11s.,
2936 899 3306 970 inferioribus]
3325 899 3520 966 reﬁcit,
3537 916 3702 971 quam

2109 993 2162 1047 in
2209 991 2556 1047 inferioribus
2606 991 2766 1062 paulo
2824 1001 2950 1047 ante
2999 1000 3309 1057 curaverat,
3357 1007 3698 1062 nequaquam

2107 1084 2306 1138 frustra
2333 1082 2532 1138 [acuum
2571 1082 2880 1147 credamus,
2925 1081 3020 1137 sed
3041 1082 3109 1137 ad
3150 1081 3561 1153 signiﬁcandum
3587 1097 3706 1153 my-

2107 1175 2243 1229 stice
2287 1175 2414 1244 quia
2461 1174 2763 1229 doctrinam
2810 1182 2865 1228 et
2909 1174 3241 1229 charismata
3292 1189 3391 1228 sua
3442 1173 3706 1229 Dominus

413 1265 722 1331 ostendcre,
763 1265 886 1334 quis
915 1273 1077 1327 esset,
1108 1261 1332 1318 studuit.
1377 1259 1583 1314 lzlcirco
1613 1266 2009 1328 consequenter
2103 1265 2259 1335 juxta
2287 1265 2698 1336 percipientium
2737 1266 3098 1336 capacitatem
3141 1265 3437 1329 distribuit,
3473 1263 3708 1320 inﬁrmis

413 1355 741 1426 evangelista
770 1354 1021 1423 adiunxit
1039 1367 1054 1406 :

935 1488 1102 1560 διε
1126 1485 1352 1543 CAPUT
1381 1485 1492 1540 xu.

417 1602 873 1674 Appmpinquante
911 1599 1226 1674 Iudaeorum
1254 1595 1462 1674 Pascha
1499 1595 1564 1649 de
1591 1596 1828 1674 quinque
1862 1593 2014 1674 pani-

519 1665 604 1737 us;
650 1665 704 1726 ei
743 1669 944 1724 duobus
988 1667 1216 1740 piscibus
1261 1668 1488 1738 quinque
1530 1665 1696 1740 millia
1742 1665 2013 1740 hominum

485 1733 716 1798 satiavit.
743 1741 849 1795 Pro
869 1755 968 1810 quo
983 1733 1029 1793 si
1065 1755 1130 1792 no
1146 1733 1341 1791 cum're
1375 1733 1453 1789 em
1478 1735 1658 1790 vellent
1675 1751 1791 1788 eum
1815 1733 2011 1803 facere,

488 1812 620 1862 [uait
646 1812 701 1862 in
729 1821 976 1862 montem.
1010 1755 1208 1862 lgehinc
1247 1752 1520 1860 amb’ulans
1565 1821 1720 1862 super
1746 1820 1890 1856 mare
1917 1819 2011 1862 pa-

485 1812 622 1883 [ugit
637 1812 701 1883 in
729 1807 980 1883 montem.
1010 1807 1140 1883 Dehi

481 1874 723 1952 pentibus
751 1881 826 1935 ait
847 1876 1120 1950 discipulis
1146 1893 1164 1930 :
1197 1877 1308 1948 Ego
1333 1891 1474 1940 sum,
1503 1874 1670 1930 nolite
1698 1874 1912 1928 timere.

484 1990 668 2046 Carur
699 2007 772 2046 vt.
801 1991 962 2046 Vens.
992 1989 1041 2053 l,
1069 1987 1128 2043 2.
1149 2018 1218 2028 —
1253 1986 1374 2041 Post
1397 1986 1508 2040 ha’c
1534 1985 1659 2039 abiit
1687 1984 1842 2038 Jesus
1862 1993 2009 2038 trans

417 2100 559 2138 mare
589 2082 846 2148 Galiltete,
885 2082 1025 2153 quod
1069 2092 1143 2136 est
1186 2077 1498 2141 Tiberiadis,
1530 2087 1577 2130 et
1606 2075 1918 2146 sequebatur
1945 2073 2010 2126 il-

417 2175 525 2230 lum
565 2174 846 2230 multitudo
886 2174 1139 2237 maxima,
1185 2171 1308 2242 quia
1337 2168 1574 2223 videbant
1596 2169 1746 2238 signa
1771 2182 1890 2236 qua'
1917 2165 2012 2232 ﬁe-

418 2265 541 2320 bant
589 2264 846 2335 superth
881 2265 970 2336 qui
1001 2260 1407 2332 inﬁrmabantur
1453 2258 1603 2332 [Ms.,
1631 2275 1748 2330 qurv
1787 2256 2010 2326 faciebat

419 2369 574 2424 super
593 2352 876 2426 inﬁrmos],
910 2352 1047 2405 Abiit
1072 2351 1228 2406 Iesus
1255 2360 1401 2404 trans
1423 2365 1568 2404 mare
1590 2347 1850 2409 Galilaza',
1870 2347 2010 2418 quod

419 2455 493 2500 est
523 2443 834 2500 Tiberiadis.
867 2465 884 2495 ι
916 2455 940 2483 ι
984 2443 1167 2498 Primo
1195 2441 1480 2498 dicendum
1522 2441 1679 2512 juxta
1705 2440 2008 2503 historiam,

423 2535 550 2607 quia
579 2550 728 2590 mare
754 2533 1006 2596 Galilzetc,
1047 2531 1190 2602 quod
1224 2531 1408 2586 multis
1448 2547 1547 2602 pro
1570 2530 1884 2587 diversitate
1905 2530 2014 2584 cir-

422 2623 841 2696 cumjacentium
884 2619 1163 2694 regionum
1205 2621 1482 2677 vocabulis
1509 2621 1877 2692 distinguitur,
1908 2619 2013 2674 illis

421 2728 630 2774 tantum
659 2719 712 2773 in
741 2717 874 2774 locis
915 2731 1063 2772 mare
1088 2714 1394 2770 Tiberiadis
1415 2715 1710 2770 vocabatur
1738 2712 1891 2785 [Ms.,
1920 2727 2014 2767 vo-

422 2809 622 2882 catur],
669 2809 760 2864 ubi
809 2807 1152 2862 Tiberiadem
1195 2805 1470 2860 civitatem
1515 2804 1691 2874 aquis,
1738 2812 1800 2858 ut
1838 2803 2010 2868 aiunt,

424 2899 613 2956 calidis
641 2898 912 2954 salubrem
938 2896 1326 2954 habitationem
1347 2894 1414 2950 ab
1440 2895 1719 2950 occidente
1749 2909 2014 2965 praemon-

423 2999 584 3046 strat.
614 2989 892 3060 Siquidem
922 2985 1263 3042 interﬂuente
1303 2984 1560 3050 Iordane,
1587 2983 1694 3038 duo
1721 2984 1788 3038 de
1825 2982 2023 3054 viginti

423 3097 680 3154 passuum
709 3079 946 3135 millibus
985 3079 1040 3133 in
1081 3078 1318 3150 longum,
1356 3085 1412 3132 et
1438 3076 1676 3148 quinque
1703 3073 2015 3130 extenditur

426 3178 478 3232 in
509 3176 697 3230 latum.
743 3170 967 3245 Mystice
1013 3179 1193 3226 autem
1240 3184 1413 3235 mare,
1465 3167 1680 3224 turbida
1710 3182 1775 3221 ac
1805 3175 2015 3221 tumen—

425 3271 500 3324 tia
527 3265 708 3322 stcculi
735 3263 894 3334 huius
921 3262 1195 3318 volumina
1225 3259 1528 3332 signiﬁcat;
1563 3259 1614 3312 in
1642 3256 1839 3326 quibus
1866 3253 2014 3326 pravi

424 3357 654 3430 quilibet
693 3353 888 3424 injuste
918 3351 1192 3416 delectati,
1219 3350 1373 3420 quasi
1413 3346 1695 3418 profundis
1737 3345 1904 3400 dediti
1933 3344 2014 3414 pi-

425 3467 572 3517 sees,
599 3455 782 3504 mente
823 3443 976 3518 [Ms.,
1006 3439 1263 3514 mentem]
1292 3439 1360 3494 ad
1405 3452 1638 3510 superna
1685 3435 1878 3508 gaudia
1911 3449 2015 3488 non

433 3543 738 3598 intendunt.
791 3537 946 3595 Unde
989 3536 1126 3591 bene
1169 3532 1312 3588 idem
1354 3546 1508 3586 mare
1552 3528 1806 3594 Galilaxe,
1837 3527 2016 3592 idest,

435 3641 554 3686 rota
574 3630 1007 3702 cognominatur,
1031 3625 1156 3696 quia
1183 3623 1439 3678 nimirum
1467 3635 1622 3676 amor
1661 3618 1894 3674 labentis
1921 3632 2022 3672 sa:-

429 3720 540 3775 culi
569 3721 725 3790 quasi
751 3720 805 3773 in
827 3718 1147 3792 vertiginem
1173 3713 1307 3788 με..
1336 3711 1671 3785 voraginem]
1699 3710 1864 3766 corda
1899 3710 2024 3764 mit-

434 3810 524 3873 tit,
574 3823 694 3878 qnae
739 3807 807 3861 ad
853 3805 1106 3876 perennis
1151 3805 1275 3859 vitta
1305 3803 1568 3860 desideria
1613 3817 1719 3857 non
1761 3800 2025 3873 permittit

433 3899 590 3972 erigi.
635 3897 714 3953 De
759 3893 1008 3968 qualibus
1048 3893 1372 3950 Psalmista:
1429 3892 1495 3948 In
1542 3895 1788 3957 circuitu,
1827 3893 2020 3962 inquit,

435 3991 586 4065 impii
631 3990 900 4046 ambulant
938 3987 1110 4060 (Psal.
1143 4005 1222 4052 XI,
1252 3988 1328 4060 9).
1380 3985 1488 4042 Sed
1540 3987 1824 4042 abeuntem
1870 3993 2024 4040 trans

436 4099 586 4142 mare
611 4083 843 4140 Galibetc
879 4081 1059 4137 Jesum
1089 4079 1372 4135 multitudo
1400 4079 1632 4134 maxima
1677 4079 2019 4147 sequebatur,

435 4193 559 4249 quze
600 4173 880 4236 doctrina},
927 4170 1224 4225 sanationis
1271 4177 1328 4224 et
1369 4167 1680 4224 refectionis
1719 4169 1787 4222 ab
1815 4182 1880 4222 eo
1909 4182 2022 4222 ete-

433 4269 586 4324 lestis
613 4279 836 4323 munere
866 4275 1075 4318 summa
1105 4260 1296 4334 [Beda,
1329 4275 1539 4314 summa
1568 4257 1814 4331 munera]
1851 4261 2028 4330 perci-

432 4369 604 4432 peret.
637 4359 774 4428 Quia
801 4357 1116 4429 priusquam
1139 4353 1400 4417 Dominus
1428 4353 1482 4408 in
1513 4367 1676 4409 carne
1717 4361 2025 4424 appareret,

2107 1355 2325 1424 quidem
2353 1354 2531 1409 adhuc
2573 1353 2844 1409 mentibus
2880 1369 2945 1409 ac
2987 1353 3226 1424 parvulis
3265 1354 3457 1424 spiritu
3501 1354 3710 1425 simpli-

2113 1443 2258 1497 ciora
2287 1441 2488 1496 monita
2516 1442 2868 1498 committens
2883 1451 2941 1497 et
2967 1443 3240 1514 apertiora
3268 1442 3500 1498 credens
3517 1458 3712 1498 sacra-

2115 1542 2331 1600 menta;
2363 1533 2684 1590 celsioribus
2724 1543 2904 1590 autem
2933 1535 3256 1606 quibusque,
3283 1544 3342 1591 et
3365 1534 3710 1607 perfectiori-

2113 1625 2216 1679 bus
2237 1639 2422 1690 sensu,
2443 1625 2739 1680 secretiora
2755 1640 2868 1681 sum
2889 1624 3191 1694 maiestatis
3209 1641 3409 1680 arcana
3433 1640 3703 1685 reserans.

2116 1718 2351 1772 arctiora
2377 1718 2586 1772 devotae
2617 1717 3046 1774 conversationis
3082 1718 3278 1774 itinera
3311 1731 3624 1788 suggerens,
3651 1725 3716 1770 et

1147 1823 1234 1879 nc!
1247 1795 1520 1860 ambulans
1565 1795 1890 1879 supermare
1917 1819 2013 1873 pa-
2047 1795 2086 1854 Β
2113 1809 2304 1864 altiora
2328 1809 2674 1879 prtemiorum
2719 1809 3018 1865 caelestium
3047 1809 3187 1866 dona
3221 1808 3565 1878 promittens.
3602 1806 3712 1862 De-

2111 1902 2274 1972 nique
2299 1901 2510 1956 cuidam
2541 1901 2842 1956 sciscitanti
2865 1902 2996 1973 quid
3021 1901 3228 1958 faciens
3249 1902 3419 1956 vitam
3443 1909 3710 1956 aeternam

2110 1994 2434 2065 possideret,
2469 1993 2626 2062 quasi
2672 1992 2898 2049 inferius
2943 1992 3122 2049 adhuc
3162 1995 3342 2063 posito
3384 1991 3704 2048 communia

2111 2105 2221 2143 sua:
2249 2088 2387 2142 dona
2418 2085 2688 2156 largitatis
2731 2085 2995 2156 impendit
3037 2085 3258 2141 dicens:
3312 2083 3438 2139 Non
3481 2083 3711 2145 occides,

2112 2195 2215 2232 non
2251 2177 2604 2240 nuerhaberis,
2635 2193 2740 2230 non
2787 2176 2987 2246 furtum
3030 2175 3217 2245 facies,
3260 2191 3365 2230 non
3412 2173 3612 2244 falsum
3636 2183 3716 2227 tc-

2110 2273 2412 2328 sfimonium
2459 2271 2620 2335 dices,
2672 2271 2874 2325 honora
2920 2279 3124 2341 patrem
3169 2280 3320 2324 tuum
3366 2279 3414 2324 et
3463 2278 3710 2323 matrem.

2111 2363 2208 2419 Cui
2235 2363 2574 2434 postmodum
2617 2361 2823 2432 majora
2853 2359 3135 2430 quaerenti,
3168 2369 3224 2414 et
3265 2359 3416 2415 velut
3442 2358 3512 2413 ad
3551 2371 3711 2412 mou—

2115 2467 2222 2512 tem
2249 2457 2511 2510 virtutum
2541 2455 2833 2510 ascendere
2857 2453 3116 2525 cupienti,
3146 2454 3193 2508 si
3220 2455 3320 2518 vis,
3349 2453 3548 2524 inquit,
3587 2468 3711 2522 per-

2113 2550 2278 2616 fectus
2303 2561 2331 2599 e
2359 2561 2436 2609 se,
2462 2543 2610 2606 vade,
2636 2543 2796 2598 vende
2825 2559 2943 2614 qua:
2982 2543 3160 2609 habes,
3189 2553 3236 2598 et
3261 2543 3332 2598 da
3360 2543 3701 2615 pauperibus,

2112 2647 2162 2691 et
2203 2635 2414 2690 habebis
2455 2635 2756 2688 thesaurum
2799 2633 2856 2687 in
2902 2632 3050 2698 ctelo,
3095 2644 3144 2688 et
3186 2634 3321 2697 veni,
3369 2649 3585 2704 sequere
3625 2649 3712 2687 me

2113 2727 2330 2798 (Matth.
2355 2741 2471 2790 nx,
2497 2724 2586 2790 18,
2620 2724 2708 2789 l9,
2735 2722 2848 2794 2|).
2893 2723 3058 2793 Cujus
3101 2721 3484 2778 discretionem
3520 2721 3708 2778 mode—

2113 2820 2360 2884 raminis,
2394 2833 2501 2872 non
2525 2833 2626 2888 per
2650 2831 2708 2872 se
2736 2814 2908 2871 solum
2936 2815 3196 2870 Dominus
3220 2815 3274 2868 in
3303 2829 3470 2870 carne
3507 2814 3704 2868 docens

2112 2911 2374 2976 exhibuit,
2421 2924 2610 2965 verum
2661 2923 2803 2964 nunc
2851 2921 3065 2978 quoque
3105 2921 3203 2978 per
3227 2906 3380 2962 verbi
3421 2905 3504 2961 sui
3550 2905 3708 2960 mini-

2113 3016 2256 3062 stros
2277 3001 2534 3058 exhibere
2556 3016 2662 3055 non
2693 3007 2874 3055 cessat
2926 2998 3075 3054 Unde
3100 2997 3168 3053 de
3195 2997 3399 3053 eisdem
3422 2997 3522 3052 sub
3548 2997 3706 3051 unius

2115 3094 2238 3150 boni
2265 3095 2406 3148 servi
2434 3104 2664 3161 persona
2709 3097 2940 3144 testatur
2995 3088 3122 3158 quia
3160 3087 3292 3144 dare
3317 3087 3552 3143 debeant
3573 3101 3704 3142 con-

2117 3182 2294 3238 servis
2321 3181 2374 3235 in
2402 3187 2646 3250 tempore
2672 3177 2836 3233 tritici
2866 3192 3197 3242 mensuram,
3225 3176 3277 3232 id
3297 3185 3403 3244 est,
3428 3191 3526 3248 pro
3548 3184 3707 3246 captu

2120 3273 2471 3337 audientium,
2495 3278 2796 3342 opportune
2820 3278 2878 3325 et
2896 3277 3208 3325 mensurate
3231 3270 3378 3325 verbi
3399 3270 3558 3340 dapes
3579 3284 3710 3340 sug-

2119 3376 2310 3434 gerere
2335 3359 2484 3433 (Luc.
2525 3357 2760 3430 mute).
2811 3359 2964 3427 Quod
2991 3374 3122 3414 vero
3163 3359 3553 3430 propinquante
3593 3357 3706 3413 Pa-

2122 3453 2252 3509 scha
2303 3450 2564 3505 Dominus
2590 3450 2776 3505 turbas
2799 3449 2974 3515 docet,
3013 3459 3070 3506 et
3092 3458 3268 3516 sanat,
3290 3459 3347 3505 et
3373 3449 3566 3516 reﬁcit,
3588 3465 3714 3520 pos-

2124 3557 2312 3598 sumus
2345 3541 2416 3596 ita
2443 3540 2668 3612 mystice
2689 3541 3054 3612 interpretari,
3079 3542 3204 3612 quia
3229 3540 3436 3596 Pascha
3459 3542 3712 3596 tvansitus

2124 3633 2361 3699 dicitur;
2393 3639 2449 3688 et
2470 3645 2821 3702 quoscunque
2862 3631 3120 3686 Dominus
3151 3632 3206 3686 in
3245 3640 3391 3686 terra
3423 3644 3706 3686 munerum

2127 3741 2344 3782 suorum
2375 3723 2538 3796 519
2564 3723 2829 3778 suavitate
2858 3732 3164 3795 recuperat,
3197 3725 3262 3780 ad
3290 3723 3564 3779 salubrem
3587 3738 3710 3794 pro-

2126 3816 2268 3873 fecto
2293 3815 2579 3870 transitum
2623 3821 2914 3884 prasparat,
2941 3821 3002 3868 ut
3024 3813 3274 3869 carnales
3298 3813 3552 3868 videlicet
3579 3827 3708 3868 con—

2125 3907 2488 3981 cupiscentias
2511 3905 2710 3962 mentis
2735 3905 3065 3962 sublimitate
3088 3907 3508 3972 transcendant;
3533 3905 3710 3961 inﬁma

2126 4003 2312 4058 mundi
2343 4000 2632 4064 desideria,
2662 4013 2920 4070 prospera
2963 3999 3172 4070 pariter
3207 4006 3264 4054 et
3304 3998 3556 4064 adversa,
3601 4011 3710 4052 cte-

2126 4096 2248 4152 lesti
2293 4110 2388 4164 spe
2415 4101 2470 4148 et
2496 4107 2679 4147 amore
2706 4090 3061 4156 conculcent;
3092 4097 3146 4146 et
3190 4090 3236 4144 si
3266 4089 3497 4146 necdum
3537 4090 3712 4144 anima

2127 4188 2209 4244 vel
2255 4201 2418 4242 carne
2463 4183 2530 4238 ad
2579 4197 2810 4252 superna
2859 4180 3041 4236 valent
3087 4181 3417 4252 pertingere,
3457 4180 3584 4250 quia
3614 4180 3714 4234 hoc

2128 4280 2384 4336 nimirum
2435 4277 2487 4332 in
2541 4274 2725 4329 futuro
2776 4272 3168 4344 promittitur;
3225 4271 3484 4343 quidquid
3537 4281 3710 4326 tamen

2130 4367 2376 4425 carnales
2407 4364 2560 4436 quasi
2590 4363 2757 4418 altum
2798 4360 3049 4433 amplecti
3094 4360 3455 4430 conspiciunt,
3504 4373 3715 4428 compa-

434 4454 550 4508 sola
577 4451 726 4506 illum
768 4465 901 4521 gens
929 4445 1114 4503 Iudaea
1160 4447 1489 4517 sequebatur
1523 4444 1832 4511 credendo;
1872 4453 2026 4516 post—

2131 4462 2339 4516 ratione
2387 4466 2739 4522 mternorum,
2789 4453 2942 4525 quasi
3002 4453 3156 4508 nihili
3211 4452 3535 4523 despiciant,
3567 4451 3716 4522 juxta

434 4559 599 4612 quam
644 4557 775 4596 vero
821 4555 918 4610 per
963 4537 1352 4593 incarnationis
1403 4551 1514 4592 sua:
1566 4536 2019 4608 dispensationem

2126 4552 2370 4623 exempla
2401 4549 2555 4624 [Hs.,
2587 4544 2916 4619 exemplum]
2947 4545 3109 4612 illius,
3146 4544 3238 4616 qui
3275 4545 3462 4599 videns
3501 4543 3716 4612 impium

435 4637 632 4688 ﬂuctus
677 4631 802 4685 vitm
851 4627 1218 4700 corruptibilis
1267 4627 1422 4693 adiit,
1479 4626 1728 4692 calcavit,
1786 4626 2020 4693 transiit,

442 4723 679 4779 maxima
711 4737 836 4776 mox
858 4735 982 4774 eum
1027 4718 1314 4773 multitudo
1337 4718 1674 4774 credentium
1717 4725 1902 4772 secuta
1943 4723 2028 4770 est

438 4821 739 4884 nationum,
771 4813 1088 4887 spiritaliter
1111 4813 1324 4876 instrui,
1358 4813 1561 4877 sanari,
1586 4827 1650 4868 ac
1673 4811 1858 4866 satiari
1883 4808 2025 4864 desi-

437 4911 659 4972 durans,
688 4916 745 4962 et
782 4921 905 4960 cum
943 4903 1228 4958 Psalmista
1269 4903 1603 4973 deprecans:
1632 4900 1854 4956 Domine
1879 4899 1949 4953 ad
1980 4907 2030 4952 te

437 4999 671 5069 confugi,
697 4998 824 5052 doce
850 5013 928 5050 me
954 4995 1124 5065 facere
1151 4993 1468 5050 voluntatem
1490 5002 1634 5046 tuam
1662 4990 1830 5063 (Psal.
1860 5006 2027 5054 cun,

439 5093 494 5154 9,
530 5089 636 5159 10).
670 5089 739 5144 Ει
764 5088 958 5142 iterum
983 5102 996 5138 :
1028 5083 1272 5138 Miserere
1300 5083 1427 5138 mihi
1455 5082 1586 5156 [Al.,
1614 5081 1760 5155 mei],
1788 5082 2026 5148 Domine,

441 5179 688 5242 quoniam
733 5177 976 5246 inﬁrmus
1014 5192 1150 5238 sum,
1199 5190 1328 5227 sana
1377 5191 1457 5228 me
1497 5173 1733 5238 Domine,
1779 5174 2027 5246 quoniam

445 5270 758 5325 conturbata
803 5279 923 5324 sunt
964 5268 1139 5322 omnia
1187 5284 1304 5321 ossa
1351 5282 1463 5321 mea
1508 5264 1680 5337 (Psal.
1729 5283 1802 5330 vt,
1851 5266 1928 5338 5).
1961 5266 2027 5320 Et

445 5363 639 5420 iterum
667 5363 732 5418 de
763 5361 1121 5434 percipiendis
1153 5359 1220 5416 ab
1255 5376 1320 5416 eo
1361 5360 1486 5415 vita:
1529 5369 1801 5432 perpetua:
1843 5360 2030 5414 alimo-

445 5450 550 5504 niis
574 5450 776 5506 conlisa
803 5468 816 5505 :
849 5447 1128 5515 Dominus,
1156 5449 1350 5521 inquit,
1369 5451 1534 5521 pascit
1559 5467 1661 5516 me,
1681 5461 1728 5506 et
1751 5450 1882 5506 nihil
1906 5450 2033 5504 mihi

445 5539 628 5606 deerit,
643 5543 699 5596 in
715 5542 828 5598 loco
847 5559 1054 5612 pascutc
1075 5542 1145 5596 ibi
1163 5560 1244 5598 me
1257 5542 1526 5598 collocavit
1545 5543 1714 5618 (Psal.
1734 5561 1841 5600 χχιι
1854 5585 1867 5609 ,
1891 5545 1938 5607 l,
1953 5542 2030 5614 2).

2129 4642 2584 4715 superexaltatum
2629 4647 2685 4694 et
2731 4637 3001 4693 elevatum
3056 4651 3219 4706 super
3261 4635 3456 4691 eedros
3502 4633 3713 4695 Libani,

2129 4735 2348 4790 transiit
2373 4729 2707 4802 temporalia,
2755 4727 3170 4798 contemplanda
3213 4734 3440 4792 aeterna,
3469 4734 3524 4781 et
3565 4725 3716 4796 quasi

2127 4826 2240 4896 jam
2269 4841 2375 4880 non
2415 4838 2536 4879 esse
2561 4823 2796 4887 videbat,
2843 4835 3005 4892 quem
3039 4820 3151 4876 cito
3190 4819 3484 4875 tollendum
3527 4817 3718 4890 pravi-

2136 4915 2297 4971 debat
2327 4911 2501 4984 (Psal.
2533 4927 2720 4971 xxxvr.
2744 4908 2856 4980 '55).
3663 4907 3670 4914 '

2203 5007 2365 5059 Vsus.
2391 5003 2443 5068 5,
2467 5001 2520 5066 6,
2539 5001 2590 5056 7.
2614 5031 2685 5040 —
2704 4999 2835 5054 Cum
2855 4997 3170 5053 sublevasset
3193 5015 3315 5068 ergo
3338 4997 3517 5052 oculos
3540 4997 3719 5062 Iesus,

2132 5106 2180 5150 et
2207 5094 2412 5150 vidisset
2439 5094 2564 5164 quia
2598 5089 2876 5145 multitudo
2904 5091 3135 5144 maxima
3163 5091 3299 5144 venit
3328 5089 3399 5142 ad
3423 5105 3562 5154 eum,
3594 5089 3722 5142 dicit

2133 5186 2202 5240 ad
2234 5183 2572 5256 Philippum:
2627 5179 2774 5236 Unde
2821 5196 3047 5234 ememus
3089 5196 3270 5250 panes,
3303 5190 3357 5233 ut
3407 5179 3722 5234 manducent

2133 5275 2187 5328 hi
2210 5275 2235 5328 ?
2263 5272 2378 5328 Hoc
2412 5281 2588 5327 autem
2610 5267 2832 5334 dicebat,
2861 5277 3066 5323 tentans
3095 5285 3256 5333 eum;
3285 5268 3392 5340 ipse
3417 5269 3554 5322 enim
3598 5269 3728 5322 scie-

2133 5365 2217 5418 bat
2241 5363 2369 5434 qaid
2399 5373 2527 5418 esset
2559 5359 2817 5430 facturus.
2859 5357 3191 5430 Respondeas
3237 5368 3412 5414 autem
3445 5357 3726 5430 Philippus

2131 5455 2264 5508 dixit
2293 5453 2342 5506 ei
2364 5469 2382 5506 :
2408 5451 2757 5506 Ducentorum
2785 5449 3124 5505 denariorum
3145 5467 3304 5522 panes
3331 5467 3433 5506 non
3461 5450 3732 5521 sufﬁciunt

2133 5549 2231 5612 eis,
2284 5557 2338 5600 ut
2391 5545 2741 5618 unusquisque
2785 5544 3047 5601 modicum
3092 5545 3222 5616 quid
3271 5545 3518 5616 accipiat.
3569 5543 3732 5613 Quod

518 5729 546 5758 ι
591 5715 668 5774 Ex
718 5718 874 5774 Beda:
899 5720 1045 5774 hom.
1087 5719 1174 5785 2|,
1226 5721 1280 5775 in
1331 5720 1772 5792 Quadragesima,
1820 5719 2017 5774 Patrol.
2064 5730 2190 5776 tom.
2223 5720 2404 5787 XCIV,
2437 5721 2539 5776 col.
2573 5722 2694 5777 uo.
