4022 6194
282 321 386 378 8-2]

1106 317 1516 376 EXEGETICA.
1553 346 1625 358 -—
1659 318 2016 375 COMMENT.
2045 321 2111 376 IN
2137 320 2327 376 JOAN.
2364 352 2431 361 ——
2472 323 2597 376 LIB.
2639 324 2722 378 Ill.

3448 332 3576 390 829’

277 438 593 494 sublevasse
621 435 805 490 oculos
850 433 1026 499 Iesus,
1055 443 1110 488 et
1154 435 1458 492 venientem
1501 436 1569 491 ad
1601 451 1662 491 se
1688 437 1869 492 multi-
1898 441 1944 498 Δ
1975 441 2218 512 ﬁgurate,
2242 445 2334 498 sed
2355 445 2570 513 proprie
2594 445 2738 500 solus
2764 447 3021 516 implevit.
3043 467 3060 499 ι
3099 449 3259 517 Puer,
3283 453 3376 522 qui
3400 455 3558 524 quin-

279 527 521 582 tudinem
552 524 748 578 vidisse
777 523 1110 592 perhibetur,
1134 523 1328 580 divina:
1369 525 1588 593 pietatis
1615 525 1872 582 indicium

277 625 363 672 est
391 632 406 670 :
432 617 560 684 quia
587 615 835 670 videlicet
866 616 1077 670 cunctis
1102 616 1168 671 ad
1201 631 1260 671 se
1282 617 1466 672 venire
1486 619 1869 686 quarentibus,

277 707 455 780 gratia
480 707 863 761 misericordiae
889 708 1125 763 cmlestis
1146 723 1433 763 occurrere
1455 711 1776 775 consuevit;
1819 720 1874 765 et

279 814 347 853 ne
375 800 666 868 quaerendo
703 812 888 852 errare
916 799 1146 866 possint,
1187 799 1362 854 lucem
1389 800 1470 854 sui
1501 799 1723 868 spiritus
1747 814 1872 868 ape-

280 889 386 943 rire
415 886 755 941 currentibus
779 887 927 958 [Ms.,
960 888 1367 960 quaerentibus].
1400 888 1533 943 Nam
1568 889 1710 958 quod
1731 889 1868 944 oculi

275 973 406 1030 .Iesu
451 973 591 1028 dona
635 973 868 1044 Spiritus
912 977 1028 1044 ejus
1055 981 1281 1047 mystice
1310 979 1609 1047 designent,
1641 986 1873 1033 testatur

281 1067 333 1118 in
363 1064 686 1134 Apoca'ypsi
717 1063 970 1129 Joannes,
1003 1069 1092 1136 qui
1142 1069 1369 1140 ﬁgurate
1393 1069 1460 1124 de
1489 1069 1578 1124 illo
1605 1069 1829 1138 loquens
1855 1083 1868 1124 :

278 1152 346 1208 Et
376 1153 509 1218 vidi,
539 1154 732 1222 inquit,
764 1171 954 1225 agnum
982 1168 1206 1211 stantem
1227 1167 1476 1220 tanquam
1501 1162 1749 1224 occisum,
1775 1159 1871 1213 ha-

278 1247 475 1298 bentem
519 1262 717 1298 cornua
741 1257 956 1316 septem,
982 1259 1027 1301 et
1058 1249 1239 1303 oculos
1278 1261 1492 1320 septem,
1526 1252 1615 1321 qui
1639 1261 1759 1305 sunt
1789 1268 1870 1306 se-

276 1347 412 1406 ptem
440 1335 668 1406 Spiritus
695 1337 792 1391 Dei
815 1340 957 1393 missi
981 1342 1034 1394 in
1060 1358 1261 1395 omnem
1285 1353 1477 1396 terram
1505 1344 1688 1413 (Apoc.
1715 1359 1765 1406 v,
1791 1343 1866 1414 6).

277 1424 432 1492 Quod
487 1434 700 1481 tentans
753 1428 1056 1498 Philippum
1115 1430 1398 1495 Dominus,
1451 1431 1608 1494 unde,
1672 1432 1867 1500 inquit,

276 1534 504 1571 ememus
557 1535 740 1587 panes,
793 1531 848 1572 ut
896 1521 1206 1575 manducent
1255 1523 1356 1584 lii;
1412 1521 1633 1591 provida
1686 1523 1869 1592 utique

276 1608 682 1682 dispensatione
725 1608 876 1675 facit,
910 1625 1013 1664 non
1045 1619 1103 1664 ut
1147 1611 1280 1680 ipse,
1327 1627 1446 1680 qua:
1473 1627 1578 1666 non
1624 1621 1866 1676 noverat,

275 1698 480 1760 discat,
503 1689 599 1751 sed
628 1707 688 1751 ut
717 1698 994 1768 Philippus
1038 1701 1346 1755 tarditatem
1390 1717 1501 1756 sua:
1529 1701 1674 1766 ﬁdei,
1707 1717 1868 1772 quam

1975 549 2080 603 que
2124 550 2292 604 panes
2332 544 2387 589 et
2433 537 2564 591 duos
2609 539 2786 606 pisces
2830 541 3033 606 habuit,
3089 558 3184 597 nec
3234 554 3412 601 tamen
3458 547 3558 604 hos

1972 626 2335 681 esurientibus
2380 628 2553 682 turbis
2603 629 2895 691 distribuit,
2949 633 3041 686 sed
3096 634 3320 690 Domino
3367 637 3551 693 distri-

1972 715 2214 772 buendos
2232 717 2448 782 obtulit,
2468 719 2695 788 populus
2713 730 2796 776 est
2815 721 3140 789 Judseorum,
3159 724 3375 781 litterali
3397 743 3558 784 sensu

1971 807 2213 874 puerilis,
2247 810 2339 878 qui
2393 809 2794 880 Scripturarum
2841 813 2982 868 dicta
3022 817 3204 872 clausa
3250 834 3432 875 secum
3478 828 3557 876 te—

1973 895 2108 959 nuit,
2137 913 2256 966 quae
2288 908 2464 952 tamen
2491 898 2750 954 Dominus
2777 903 2827 955 in
2857 918 3020 957 carne.
3043 921 3308 975 apparens
3327 909 3553 978 accepit,

1970 993 2026 1038 et
2050 987 2176 1054 quid
2202 987 2345 1042 intus
2389 990 2648 1044 haberent
2675 991 2924 1048 utilitatis
2949 1010 3012 1047 ac
3036 997 3344 1062 dulcedinis,
3375 1007 3557 1054 osten-

1971 1076 2086 1141 dit;
2119 1092 2278 1145 quam
2319 1079 2596 1148 multiplici
2643 1082 2864 1149 spiritus
2891 1085 3084 1152 gratia,
3131 1102 3248 1153 qum
3293 1103 3463 1156 pauca
3492 1106 3560 1144 ac

1972 1165 2222 1233 despecta
2260 1166 2601 1231 videbantur,
2649 1167 2810 1238 520
2851 1173 3232 1238 evuberarent,
3265 1175 3551 1246 patefecit;

1970 1261 2025 1308 et
2052 1255 2166 1310 haec
2204 1270 2301 1324 per
2341 1257 2612 1326 apostolos
2657 1274 2799 1319 suos,
2843 1263 3312 1333 apostolorumque
3341 1281 3554 1321 succes-

1970 1357 2140 1407 sores,
2169 1344 2376 1398 cunctis
2404 1346 2712 1400 nationibus
2733 1349 3084 1403 ministrando
3108 1353 3368 1420 porrexit.
3405 1353 3555 1408 Unde

1970 1431 2106 1486 bene
2135 1431 2227 1484 alii
2257 1433 2600 1503 evangelistte
2631 1435 2888 1500 referunt,
2937 1439 3060 1506 quia
3092 1456 3256 1508 panes
3289 1452 3342 1495 et
3382 1443 3557 1511 pisces

1971 1521 2228 1576 Dominus
2272 1523 2567 1592 discipulis,
2612 1524 2858 1593 discipuli
2905 1536 3083 1581 autem
3116 1530 3559 1584 ministraverunt

1970 1614 2144 1668 turbis
2177 1613 2392 1684 (Matth.
2436 1631 2562 1679 xix;
2594 1615 2722 1668 Luc.
2755 1633 2842 1681 ix;
2894 1618 3062 1672 Marc.
3094 1625 3192 1686 vi).
3244 1620 3378 1675 Cum
3410 1623 3552 1677 enim

1969 1705 2325 1759 ministerium
2357 1707 2605 1760 humanae
2629 1707 2817 1761 salutis
2845 1709 3053 1762 initium
3080 1712 3377 1779 accepisset
3401 1726 3554 1766 enar-

274 1787 532 1856 inagistro
561 1789 762 1842 sciente
803 1789 916 1858 ipse
941 1791 1233 1856 nesciebat,
1262 1799 1497 1846 tentatus
1523 1801 1796 1861 agnoscat,
1824 1801 1879 1847 et
1913 1776 1951 1832 Β
1981 1795 2089 1849 rari
2119 1810 2217 1864 per
2242 1795 2547 1861 Dominum,
2573 1795 2641 1850 ab
2668 1797 2747 1850 eis
2785 1797 2876 1866 qui
2908 1799 3192 1853 audierunt
3212 1776 3274 1854 in
3303 1816 3400 1855 nos
3428 1816 3556 1856 con-
3583 1841 3587 1844 -

274 1877 534 1932 miraculo
556 1877 698 1932 facto
717 1881 962 1950 castiget.
987 1879 1169 1949 Neque
1188 1882 1332 1936 enim
1354 1882 1598 1936 dubitare
1619 1883 1875 1938 debuerat
1975 1884 2246 1939 ﬁrmatum
2266 1893 2366 1940 est.
2394 1885 2642 1955 Quinque
2662 1887 2922 1954 siquidem
2945 1903 3130 1956 panes,
3155 1898 3211 1942 et
3229 1889 3362 1944 duos
3383 1891 3556 1958 pisces

273 1978 541 2038 praesente
567 1984 747 2024 rerum
772 1980 1044 2033 creatore,
1071 1971 1166 2039 qui
1185 1971 1364 2026 educit
1391 1985 1584 2040 panem
1615 1971 1681 2026 de
1702 1979 1869 2034 terra,

269 2069 324 2113 ct
352 2060 532 2114 vinum
561 2059 753 2131 [Beda,
793 2061 940 2134 vino]
988 2063 1223 2118 laetiﬁcat
1269 2078 1365 2117 cor
1411 2065 1644 2118 hominis
1693 2063 1866 2134 (Psal.

271 2163 392 2212 cui,
418 2147 532 2214 15),
559 2165 856 2218 paucorum
903 2153 1250 2208 denariorum
1277 2169 1443 2223 panes
1470 2153 1720 2210 sufﬁcere
1753 2164 1866 2210 tur-

276 2238 468 2292 barum
496 2239 754 2304 millibus,
805 2257 910 2295 non
944 2245 1152 2311 paucis,
1200 2252 1259 2297 ut
1306 2245 1674 2314 unusquisque
1719 2245 1868 2300 διιΠί-

274 2327 482 2383 eienter
507 2331 796 2398 acciperet,
826 2341 881 2386 et
902 2331 1015 2400 jam
1048 2343 1325 2388 saturatus
1354 2335 1545 2389 abiret.

345 2419 506 2472 Vens.
538 2420 674 2474 8-H
690 2461 703 2473 .
728 2452 797 2461 —
826 2422 964 2476 Dicit
990 2425 1037 2476 ei
1064 2441 1197 2477 unus
1219 2441 1282 2477 ea:
1303 2424 1574 2494 discipulis
1600 2426 1734 2494 ejus,
1759 2427 1866 2480 An-

269 2505 426 2560 dreas
455 2506 620 2576 frater
663 2507 890 2568 Simonis
925 2510 1113 2564 Petri:
1166 2511 1261 2565 Est
1288 2529 1420 2581 puer
1465 2530 1599 2566 unus
1646 2513 1749 2577 hic,
1775 2516 1866 2584 qui

269 2596 423 2652 habet
449 2600 674 2669 quinque
710 2618 871 2671 panes
911 2602 1243 2665 hordeaceus,
1272 2613 1319 2656 et
1365 2603 1498 2657 duos
1539 2605 1722 2673 pisces.
1762 2602 1865 2659 Sed

267 2686 383 2742 haec
408 2688 534 2758 quid
560 2699 680 2742 sunt
706 2690 842 2744 inter
869 2700 1040 2744 tantos
1064 2692 1088 2744 ?
1112 2689 1253 2743 Dicit
1278 2707 1408 2760 ergo
1434 2691 1481 2744 ei
1514 2690 1671 2745 Iesus
1691 2708 1710 2745 :
1757 2690 1866 2744 Fa.

268 2779 372 2831 cite
402 2778 637 2832 homines
665 2779 1006 2834 discumbere.
1041 2780 1172 2834 Erat
1221 2791 1395 2834 autem
1438 2779 1616 2848 fenum
1645 2781 1866 2835 multum

269 2867 488 2924 inloco.
531 2869 918 2925 Discubuerunt
959 2888 1080 2942 ergo
1123 2873 1247 2937 viri,
1283 2888 1498 2926 numero
1535 2873 1686 2942 quasi
1713 2874 1866 2942 quin-

267 2975 370 3030 que
396 2958 584 3013 millia.
614 2961 822 3031 Accepit
851 2978 972 3031 ergo
1012 2978 1171 3031 panes
1209 2961 1388 3026 Iesus,
1414 2971 1462 3015 et
1507 2978 1625 3014 cum
1664 2963 1864 3031 gratias

269 3049 480 3118 egisset,
508 3048 772 3102 distribuit
822 3050 1280 3106 discumbentibus.
1329 3049 1580 3105 Similiter
1617 3061 1666 3104 et
1693 3067 1757 3104 ea:
1783 3051 1860 3120 pi-

269 3139 470 3205 scibus,
519 3151 774 3211 quantum
827 3141 1086 3196 volebant.
1139 3141 1385 3212 Quinque
1441 3151 1621 3197 autem
1674 3158 1862 3214 panes,
1891 3120 1936 3182 (ἶ

272 3232 470 3301 quibus
496 3233 890 3288 multitudinem
930 3233 1111 3304 populi
1140 3235 1425 3300 saturavit,
1471 3235 1708 3304 quinque
1739 3243 1866 3288 sunt

274 3324 403 3378 libri
433 3324 621 3394 Moysi,
654 3323 849 3393 quibus
888 3324 1116 3394 spiritali
1164 3324 1438 3379 intellectu
1485 3324 1784 3396 patefactis,
1814 3333 1870 3380 et

277 3411 655 3466 abundantiori
690 3411 803 3479 jam
850 3427 1008 3467 sensu
1041 3412 1426 3482 multiplicatis,
1473 3415 1778 3469 auditorum
1807 3414 1868 3468 ﬁ-

275 3502 477 3556 delium
505 3503 745 3571 quotidie
793 3503 957 3557 corda
1008 3502 1200 3558 reﬁcit.
1252 3501 1353 3569 Qui
1398 3502 1536 3558 bene
1582 3504 1866 3561 hordeacei

277 3592 446 3647 fuisse
489 3593 817 3659 referuntur,
863 3602 1084 3663 propter
1113 3595 1365 3648 nimirum
1410 3595 1710 3649 austeriora
1735 3595 1868 3668 legis

276 3680 476 3748 edicta,
503 3690 558 3738 et
583 3683 950 3752 integumenta
980 3684 1172 3739 littera:
1201 3685 1474 3755 grossiora
1503 3683 1693 3756 [Beda,
1715 3702 1868 3756 gros-

277 3773 484 3845 sioris],
513 3791 633 3844 qua:
671 3776 984 3832 interiorem
1017 3777 1424 3849 intelligentiam
1461 3779 1720 3849 spiritalis
1744 3795 1868 3834 sen-

277 3879 375 3918 sus
400 3867 552 3933 quasi
577 3866 863 3921 medullam
892 3867 1158 3922 celabant.
1188 3868 1302 3923 Duo
1329 3877 1505 3922 autem
1527 3870 1704 3937 pisces
1732 3886 1868 3939 quos

277 3953 504 4017 addidit,
533 3954 931 4022 psalmistarum
957 3972 1066 4010 non
1097 3957 1536 4010 inconvenienter
1559 3965 1615 4010 et
1639 3958 1868 4027 prophe-

273 4058 462 4102 tarum
509 4044 710 4113 scripta
756 4045 1079 4114 signiﬁcant,
1122 4061 1350 4114 quorum
1381 4047 1472 4100 uni
1503 4047 1764 4114 canendo,
1793 4047 1870 4102 al-

276 4133 384 4190 teri
431 4130 620 4204 [Beda,
651 4148 884 4186 unum...
913 4133 1165 4206 alterum]
1213 4134 1584 4205 colloquendo,
1620 4139 1732 4195 suis
1773 4155 1868 4195 au-

273 4224 545 4280 ditoribus
568 4222 750 4278 futura
778 4222 1002 4290 Christi,
1029 4233 1083 4280 et
1112 4224 1363 4281 Ecclesiae
1382 4239 1719 4285 sacramenta
1745 4245 1868 4286 nar—

277 4311 492 4366 rabant.
540 4312 609 4365 Et
632 4313 768 4367 bene
809 4327 906 4382 per
930 4315 1184 4382 aquatilia
1213 4315 1507 4371 animantia
1559 4318 1865 4389 ﬁgurantur

274 4403 423 4458 illius
446 4405 545 4459 aevi
588 4419 898 4473 praecones;
948 4406 1002 4460 in
1048 4421 1155 4476 quo
1199 4407 1426 4476 populus
1474 4409 1710 4464 ﬁdelium
1748 4411 1864 4466 sine

275 4494 436 4562 aquis
460 4494 712 4562 baptismi
742 4495 922 4549 vivere
960 4495 1261 4550 nullatenus
1291 4505 1488 4566 posset.
1515 4520 1531 4550 υ
1583 4497 1741 4563 Sunt,
1772 4500 1864 4570 qui

276 4595 489 4658 putant,
505 4588 639 4642 duos
666 4588 842 4655 pisces
863 4589 956 4657 qui
978 4602 1226 4658 saporem
1249 4603 1468 4644 suavem
1490 4591 1616 4660 pani
1642 4591 1862 4656 dabant,

277 4681 418 4734 duas
459 4680 578 4734 illas
619 4695 882 4751 personas
921 4681 1246 4749 signiﬁcare,
1277 4681 1470 4750 quibus
1511 4683 1738 4752 populus
1779 4683 1866 4738 ille

279 4773 591 4844 regebatur,
621 4782 682 4826 ut
707 4787 804 4842 per
842 4787 936 4826 eas
963 4771 1309 4826 consiliorum
1355 4773 1699 4828 moderamen
1726 4775 1868 4828 acci-

280 4873 452 4934 peret,
483 4864 689 4934 regiam
710 4863 916 4919 scilicet
938 4871 993 4917 et
1014 4863 1402 4918 sacerdotalem
1425 4880 1438 4928 ;
1464 4864 1530 4918 ad
1551 4880 1686 4934 quas
1704 4865 1866 4919 etiam

281 4963 628 5007 sacrosancta
662 4953 749 5006 illa
780 4954 962 5008 unctio
1005 4953 1345 5022 pertinebat;
1377 4968 1604 5021 quarum
1633 4952 1864 5007 ofﬁcium

280 5052 402 5096 erat
426 5043 735 5112 procellosis
765 5041 1014 5098 fluctibus
1033 5041 1382 5112 popularibus
1399 5056 1671 5109 nunquam
1695 5040 1867 5112 frangi,

280 5145 448 5203 atque
497 5135 764 5203 corrumpi
799 5151 812 5198 ;
860 5144 915 5189 et
957 5135 1239 5211 violentas.
1276 5133 1554 5186 turbarum
1603 5134 1870 5186 contradi-

282 5226 492 5280 ctiones
540 5233 795 5293 tanquam
849 5226 1195 5280 adversantes
1242 5224 1412 5279 undas
1459 5237 1599 5292 saepe
1640 5222 1886 5276 disrum-

279 5332 437 5388 perc,
464 5318 734 5373 interdum
761 5317 841 5370 eis
868 5318 1131 5371 custodita
1157 5332 1254 5372 sua
1293 5313 1610 5382 integritate
1634 5312 1861 5374 cedere;

281 5423 510 5481 prorsus
548 5424 697 5464 more
727 5408 974 5479 piscium,
1025 5415 1278 5474 tanquam
1303 5407 1356 5460 in
1385 5403 1682 5475 procelloso
1703 5401 1888 5466 mari,_

287 5504 370 5556 sic
417 5503 470 5555 in
529 5501 836 5556 turbulenta
889 5497 1069 5570 populi
1124 5495 1586 5550 administratione
1637 5491 1860 5549 versari.

289 5597 421 5659 Qute
444 5601 622 5646 tamen
651 5591 770 5645 duae
797 5603 1041 5660 personae
1089 5585 1370 5639 Dominum
1409 5593 1649 5641 nostrum
1693 5582 1867 5655 preﬁ-

296 5684 599 5751 gurahant;
644 5682 829 5735 ambas
876 5680 1018 5734 enim
1065 5677 1207 5732 solus
1250 5675 1336 5730 ille
1377 5676 1649 5739 sustinuit,
1680 5682 1867 5729 etnon

1971 1971 2148 2043 fregit,
2193 1982 2248 2027 et
2289 1973 2564 2027 distribuit
2600 1973 2892 2042 discipulis,
2940 1976 3153 2043 quando
3201 1978 3409 2046 aperuit
3450 1977 3556 2030 illis

1969 2081 2206 2130 sensum,
2239 2074 2296 2120 ut
2325 2065 2685 2133 intelligerent
2709 2067 2886 2119 omnia
2914 2082 3034 2135 qua:
3059 2068 3256 2136 scripta
3282 2077 3464 2123 essent
3497 2069 3549 2122 in

1968 2153 2085 2223 lege
2127 2153 2316 2224 Moysi,
2344 2163 2400 2206 et
2443 2149 2750 2222 Prophetis,
2790 2161 2845 2208 et
2891 2153 3118 2209 Psalmis
3161 2156 3225 2210 de
3257 2156 3369 2224 ipso
3400 2156 3553 2224 (Luc.

1969 2244 2143 2314 xxrv).
2174 2245 2430 2315 Discipuli
2465 2255 2830 2313 apposuerunt
2866 2245 3058 2310 turbis,
3084 2247 3298 2316 quando
3325 2246 3552 2316 profecti

1967 2335 2392 2405 pnedicaverunt
2420 2335 2616 2403 ubique
2645 2334 2871 2388 Domino
2901 2343 3243 2402 cooperante,
3273 2343 3328 2388 et
3355 2349 3554 2388 sermo-

1967 2441 2088 2479 nem
2115 2423 2467 2480 conﬁrmante
2509 2425 2857 2493 sequentibus
2885 2423 3052 2493 signis
3078 2422 3274 2490 (Marc.
3306 2441 3416 2489 xvr,
3439 2423 3552 2494 20).

1968 2517 2194 2580 Fenum,
2221 2516 2275 2568 in
2302 2530 2410 2583 quo
2452 2515 2792 2568 discumbens
2820 2515 2976 2568 turba
3020 2513 3277 2577 reﬁcitur,
3304 2515 3558 2584 concupi-

1967 2607 2172 2660 scentia
2193 2604 2428 2659 carnalis
2448 2602 2784 2670 intelligitur,
2801 2618 2963 2672 quam
2989 2603 3200 2657 calcare
3221 2618 3284 2658 ac
3306 2619 3552 2672 premere

1965 2696 2124 2751 debet
2150 2695 2324 2748 omnis
2368 2693 2460 2763 qui
2491 2691 2821 2762 spiritalibus
2862 2692 3132 2746 alimentis
3181 2692 3366 2746 satiari
3412 2693 3553 2746 desi-

1967 2787 2139 2840 derat.
2175 2783 2357 2837 Omnis
2395 2783 2532 2836 enim
2569 2797 2693 2834 caro
2722 2781 2920 2850 fenum,
2948 2790 2996 2834 et
3027 2782 3194 2834 omnis
3237 2780 3405 2849 gloria
3435 2782 3550 2850 ejus

1965 2888 2213 2946 tanquam
2239 2876 2334 2944 ﬂos
2383 2873 2490 2942 feni
2529 2871 2685 2942 (Isai.
2717 2887 2803 2938 ιι,
2834 2870 2910 2942 6).
2966 2871 3276 2926 Discunibat
3310 2886 3440 2940 ergo
3467 2886 3556 2924 su-

1966 2983 2060 3037 per
2088 2966 2293 3030 fenum,
2322 2963 2508 3018 ﬂorem
2545 2961 2649 3016 fcni
2677 2970 2943 3027 conterat,
2975 2962 3028 3016 id
3049 2970 3152 3026 est,
3184 2962 3412 3030 castiget
3435 2976 3552 3014 cor-

1967 3076 2067 3131 pus
2091 3073 2268 3121 suum,
2300 3067 2354 3112 et
2391 3056 2636 3112 servituti
2664 3053 2914 3124 subjiciat
2949 3053 3002 3126 (1
3024 3052 3147 3108 Cor.
3181 3070 3258 3117 ix,
3290 3053 3382 3122 Ξῖ)
3411 3069 3424 3116 ;
3458 3068 3556 3106 vo.--

1970 3151 2200 3220 luptates
2219 3149 2402 3204 carnis
2419 3147 2650 3210 edomet,
2675 3146 2900 3201 luxuria:
2919 3145 3060 3200 fluxa
3083 3146 3390 3216 restringat,
3416 3146 3556 3213 quis-

1969 3241 2092 3312 quis
2133 3240 2290 3311 panis
2324 3238 2430 3292 vivi
2473 3237 2621 3308 cupit
2662 3236 2927 3292 suavitate
2971 3235 3144 3300 reﬁci,
3189 3235 3434 3305 quisquis
3463 3250 3583 3288 sum

1967 3345 2147 3401 perna:
2187 3329 2374 3400 gratia:
2399 3328 2626 3398 dapibus
2661 3326 2933 3390 renovari,
2962 3341 3030 3379 ne
3070 3325 3254 3379 inﬁma
3280 3333 3547 3380 vetustate
3569 3351 3582 3361 -

1967 3420 2202 3484 deﬁciat,
2233 3427 2395 3474 amet.
2440 3417 2686 3488 Quinque
2721 3416 2888 3470 millia
2915 3417 3156 3470 virorum
3196 3416 3287 3486 qui
3324 3417 3549 3469 inandu-
3583 3455 3586 3457 μ

1965 3519 2244 3574 caverunt,
2290 3509 2675 3580 perfectionem
2716 3509 2837 3562 vitae
2881 3523 3069 3562 eorum
3100 3508 3193 3575 qui
3239 3507 3402 3560 verbo
3430 3505 3552 3559 reﬁ-

1965 3603 2181 3656 ciuntur
2211 3600 2400 3673 [Beda,
2448 3599 2833 3667 perfectionem
2874 3612 3082 3657 eorum,
3121 3597 3210 3664 qui
3239 3596 3402 3649 verbo
3427 3595 3548 3648 vita:

1961 3689 2322 3760 reﬁciuntur],
2364 3687 2656 3742 insinuant.
2696 3680 2946 3738 Virorum
2992 3685 3188 3753 quippe
3229 3684 3443 3740 nomine
3472 3701 3553 3738 so-

1967 3781 2077 3836 lent
2105 3782 2158 3834 in
2188 3779 2484 3847 Scripturis
2518 3773 2869 3846 perfectiores
2908 3775 3107 3843 quique
3143 3775 3386 3844 ﬁgurari,
3415 3791 3552 3845 quos

1968 3866 2202 3922 feminea
2233 3862 2486 3918 mollities
2518 3862 2660 3916 nulla
2689 3864 3019 3930 corrumpit:
3043 3863 3233 3929 quales
3258 3879 3377 3919 esse
3405 3864 3553 3934 cupit

1967 3970 2080 4020 eos,
2129 3953 2324 4022 quibus
2361 3951 2491 4006 dicit
2535 3951 2849 4020 apostolus:
2901 3949 3142 4020 l’igilate,
3171 3962 3302 4005 state
3339 3955 3394 4006 in
3421 3953 3547 4020 ﬁde,

1966 4046 2187 4101 uiriliter
2213 4046 2371 4115 agite,
2400 4053 2448 4097 et
2487 4042 2859 4111 confortamini
2898 4042 2948 4111 (1
2980 4040 3102 4094 Cor.
3136 4058 3245 4106 xvr,
3276 4043 3383 4113 l5).
3435 4043 3552 4096 Mil—

1969 4135 2206 4191 lcnarius
2249 4144 2430 4189 autem
2480 4147 2756 4195 numerus,
2795 4132 2932 4186 ultra
2980 4147 3140 4202 quem
3188 4131 3332 4185 nulla
3368 4140 3584 4186 nostra.

1968 4227 2297 4295 computatio
2320 4225 2633 4289 succrescit,
2655 4223 3039 4293 plenitudinem
3069 4237 3247 4276 rerum
3270 4223 3336 4278 de
3357 4223 3553 4292 quibus

1970 4315 2148 4385 agitur
2193 4315 2434 4370 indicare
2482 4315 2778 4370 consuevit.
2832 4312 3089 4379 Quinario
3138 4328 3267 4367 vero
3321 4328 3548 4367 numero

1968 4405 2206 4474 quinque
2233 4402 2498 4458 notissimi
2527 4401 2767 4470 corporis
2815 4400 2982 4454 nostri
3027 4413 3217 4454 sensus
3242 4401 3551 4469 exprimun-

1971 4505 2076 4561 tur,
2114 4497 2262 4550 visus
2305 4494 2572 4556 videlicet,
2617 4492 2853 4554 auditus,
2882 4498 3088 4562 gustus,
3127 4489 3357 4545 olfactus
3385 4499 3440 4544 et
3469 4500 3549 4545 ta-

1967 4595 2105 4641 ctus.
2135 4586 2192 4639 In
2217 4584 2413 4653 quibus
2443 4582 2666 4652 singulis
2691 4582 2994 4650 quicunque
3022 4581 3253 4635 viriliter
3277 4596 3453 4652 agere,
3494 4587 3551 4636 et

1968 4676 2256 4732 confortari
2281 4682 2550 4744 satagunt,
2589 4674 2786 4737 sobrie,
2813 4682 2868 4727 et
2900 4671 3066 4742 juste,
3097 4681 3154 4729 et
3176 4675 3262 4744 pie
3295 4675 3546 4739 vivendo,

1968 4779 2028 4824 ut
2048 4768 2284 4823 caelestis
2307 4765 2581 4834 sapientiae
2608 4772 2915 4818 mereantur
2948 4763 3227 4818 dulcedine
3270 4764 3501 4818 recreari
3529 4780 3544 4829 ;

1970 4859 2025 4914 bi
2050 4857 2303 4912 nimirum
2333 4856 2568 4926 quinque
2586 4853 2821 4908 millibus
2841 4855 3105 4920 virorum,
3129 4869 3264 4923 quos
3290 4854 3546 4910 Dominus

1968 4949 2210 5020 mysticis
2260 4947 2488 5017 dapibus
2534 4945 2767 5010 satiavit,
2821 4945 3141 5014 ﬁgurantur.
3188 4945 3298 5001 Nec
3326 4952 3549 5018 przeter-

1966 5041 2198 5096 eundum
2235 5039 2377 5107 quod
2408 5036 2704 5091 refecturus
2735 5034 3125 5090 multitudinem
3173 5036 3374 5106 gratias
3416 5037 3544 5105 egit.

1968 5132 2089 5200 Egit
2121 5129 2315 5198 quippe
2359 5129 2581 5198 gratias,
2617 5134 2755 5180 utet
2796 5142 2893 5180 nos
2934 5126 2998 5180 de
3025 5125 3291 5195 perceptis
3337 5125 3547 5180 ccelitus

1971 5222 2282 5276 muneribus
2325 5220 2526 5289 gratias
2574 5233 2786 5286 semper
2833 5232 2990 5287 agere
3039 5218 3274 5280 doceret,
3325 5225 3379 5270 et
3434 5217 3544 5286 ipse

1970 5318 2225 5380 quantum
2255 5310 2320 5364 de
2355 5309 2554 5362 nostris
2579 5306 2905 5377 profectibus
2932 5308 3246 5374 gratuletur,
3271 5307 3338 5362 de
3358 5317 3541 5363 nostra

1973 5399 2197 5473 Spit-itali
2227 5397 2516 5453 refectione
2541 5399 2784 5466 gaudeat,
2821 5397 3112 5451 intimaret.
3142 5398 3316 5452 Vultis
3344 5397 3540 5454 ctenim

1975 5505 2150 5554 nosse,
2176 5488 2389 5551 fratres,
2417 5497 2675 5556 quantum
2710 5485 2958 5540 Salvator
2981 5495 3164 5542 noster
3193 5496 3388 5542 nostra:
3415 5503 3546 5559 gau-

1975 5583 2097 5637 deat
2130 5578 2327 5634 saluti?
2357 5577 2548 5632 Narrat
2576 5577 2904 5647 evangelista
2947 5576 3142 5640 Lucas,
3174 5576 3383 5632 dedisse
3421 5592 3572 5631 eum.

1941 5670 2250 5751 ‘discipulis
2294 5677 2617 5738 potestatem
2654 5666 2892 5723 calcandi
2940 5683 3101 5736 supra
3142 5682 3354 5721 omnem
3381 5664 3546 5721 virtu-
