4000 6190
506 332 613 391 833

1353 323 1413 379 B.
1455 324 1515 379 ι’.
1556 318 1779 379 suam
1819 322 1946 380 seu
1984 289 2257 379 ALCUlNl
2293 319 2572 379 ορειιυιι
2610 317 2790 377 psus
2818 318 2899 375 ιι.

3638 312 3738 379 ιιι-ι

508 456 619 503 tam
642 443 864 506 inimici,
894 449 1185 507 eorumque
1230 436 1444 491 nomina
1489 436 1687 505 scripta
1733 435 1998 491 indicasse
2017 436 2074 489 in
2102 438 2145 494 Α
2173 440 2292 487 erat
2317 431 2508 504 (Beda,
2533 432 2626 503 qui
2660 432 2921 488 mundum
2945 429 3157 504 implet]
3183 432 3484 501 divinitate,
3514 438 3568 489 et
3590 448 3745 491 mnu-

504 535 657 593 cutlis
685 534 834 606 (Luc.
866 546 921 592 ι.
946 528 1029 593 19,
1054 527 1144 599 20)
1169 542 1182 592 ;
1212 535 1267 581 et
1287 525 1467 580 statim
1493 523 1683 580 infert:
1722 523 1789 578 In
1814 524 1927 594 ipsa
1945 525 2077 580 hora

503 624 777 681 exsultavit
809 621 1006 694 Spiritu
1031 629 1233 683 sancto,
1262 627 1310 671 et
1335 617 1468 671 dixit
1492 633 1514 670 ι
1536 615 1800 685 Confiteor
1827 617 1939 681 tibi,
1975 615 2078 670 Pa-

502 725 598 779 ter,
619 712 841 766 Domine
875 709 987 766 caeli
1011 719 1060 764 et
1085 718 1253 771 terrae,
1283 707 1408 776 quia
1435 705 1751 759 abscondisti
1790 705 1903 759 haec
1931 721 1963 757 a
1990 720 2077 758 sa-

498 802 756 873 pientibus
775 810 824 855 et
853 798 1212 871 prudentibus,
1230 807 1279 852 et
1308 795 1545 851 revelasti
1567 811 1628 849 ea
1651 793 1883 865 parvulis
1922 793 2070 864 (Luc.

503 909 558 958 ι,
579 892 677 959 2i;
710 892 900 946 Matth.
923 908 998 954 ιι,
1027 889 1141 961 25).
1164 887 1340 943 Claret
1361 902 1507 958 ergo,
1536 888 1658 955 quia
1682 885 1839 940 saluti
1868 899 1932 942 ac
1951 884 2075 937 vitae

502 980 740 1038 ﬁdelium
788 978 1206 1049 congratuletur,
1240 976 1331 1046 qui
1370 976 1586 1029 Patrem
1630 974 1833 1045 gratias
1871 972 2075 1042 agendo

503 1071 787 1136 collaudat,
835 1068 977 1140 quod
1018 1084 1083 1123 ea
1128 1081 1247 1137 quae
1299 1065 1733 1135 superbientibus
1771 1063 2069 1125 abscondit,

499 1160 791 1215 humilibus
813 1158 1004 1228 spiritu
1032 1164 1238 1212 secreta
1271 1154 1549 1212 rcvelavit.

569 1251 730 1305 Vens.
762 1250 847 1303 12.
871 1279 944 1288 --
966 1246 1036 1301 Ut
1057 1256 1229 1300 autem
1259 1244 1455 1314 impleti
1479 1254 1617 1308 sunt,
1647 1245 1779 1298 dixit
1807 1245 2075 1315 discipulis

494 1340 604 1392 suis
617 1350 637 1389 :
659 1337 899 1408 Colligite
910 1353 1027 1407 qua:
1046 1345 1414 1406 superaverunt
1433 1336 1743 1406 fragmenta,
1762 1353 1823 1389 ne
1843 1345 2072 1405 pereant.

494 1426 649 1492 Quod
675 1434 857 1483 autem
900 1432 1136 1479 saturata
1182 1423 1540 1487 multitudine,
1586 1421 1749 1492 jussit
1786 1422 2076 1492 discipulos

494 1513 754 1586 colligere
771 1528 896 1584 quae
927 1521 1317 1584 superaverunt
1357 1512 1796 1582 fragmentorum,
1831 1526 1900 1567 ne
1934 1512 2076 1580 peri-

494 1614 636 1673 rent,
665 1607 773 1661 hoc
808 1604 1050 1676 profecto
1075 1604 1251 1674 signat
1288 1602 1417 1673 quia
1439 1602 1696 1673 pleraque
1724 1610 1851 1656 sunt
1877 1616 2074 1656 arcana

492 1695 803 1750 divinorum
828 1694 1182 1765 eloquiorum,
1216 1707 1336 1762 qua:
1366 1691 1506 1760 vulgi
1534 1705 1723 1746 sensus
1745 1706 1849 1745 non
1890 1691 2034 1760 capit
2058 1706 2071 1753 ;

2174 521 2276 577 dus
2299 535 2399 593 per
2432 523 2607 592 ipsum
2636 522 2808 579 factus
2844 531 2956 588 est;
2995 523 3087 592 qui
3130 524 3185 577 in
3218 538 3434 594 propria
3469 526 3617 580 venit
3648 527 3747 581 hu-

2175 613 2452 675 manitate,
2474 626 2716 682 qurere
2740 621 2795 667 et
2823 612 3033 668 salvare
3055 614 3199 683 quod
3224 616 3457 683 perierat
3478 615 3659 686 (Joan.
3680 622 3746 689 ι),

2176 715 2240 755 ac
2263 714 2506 755 recreare
2535 700 2791 755 mundum
2821 716 2981 771 quem
3010 699 3241 767 fecerat;
3272 703 3365 771 qui
3392 719 3515 757 cum
3543 706 3653 761 suis
3680 706 3748 759 ﬁ-

2175 789 2382 845 delibus
2404 804 2505 859 per
2528 791 2870 860 prmaentiam
2890 790 3186 846 divinitatis
3205 794 3359 846 estin
3390 795 3610 859 mundo,
3628 811 3747 852 om-

2178 881 2334 934 nibus
2360 878 2594 951 [diebus]
2626 894 2794 948 usque
2825 880 2892 935 ad
2917 881 3434 936 consummationem
3457 883 3638 938 saeculi
3663 898 3742 937 ι.»

2177 967 2361 1037 (Vens.
2397 967 2509 1037 15.)
2535 968 2693 1022 Iesus
2718 978 2890 1022 autem
2917 986 3035 1023 cum
3069 972 3390 1040 cognovisset
3403 974 3529 1043 quia
3551 981 3759 1031 uenturi

2174 1066 2341 1111 essent
2365 1065 2420 1110 ut
2445 1068 2682 1127 raperent
2708 1075 2823 1112 eum
2839 1068 2887 1112 et
2910 1060 3140 1128 facerent
3159 1077 3279 1114 eum
3298 1079 3487 1132 regem,
3503 1063 3636 1134 fugit
3654 1066 3751 1120 ite-

2176 1163 2293 1200 rum
2318 1146 2374 1200 in
2395 1155 2620 1207 montem
2639 1147 2747 1216 ipse
2763 1147 2955 1202 solusu
2978 1150 3185 1204 hDatur
3209 1167 3338 1221 ergo
3359 1152 3582 1223 intelligi
3608 1157 3761 1224 quod

2177 1236 2433 1291 Dominus
2458 1252 2585 1291 cum
2605 1240 2817 1293 sederet
2837 1239 2891 1297 in
2906 1248 3098 1295 monte
3121 1255 3244 1295 cum
3270 1241 3546 1311 discipth
3567 1244 3681 1298 suis
3700 1254 3758 1300 et

2177 1326 2384 1381 videret
2408 1328 2593 1382 turbas
2621 1328 2689 1382 ad
2710 1343 2768 1382 se
2793 1330 3089 1394 venientes,
3114 1332 3464 1387 descenderat
3481 1334 3549 1388 de
3572 1346 3763 1391 monte

2175 1426 2231 1472 et
2258 1418 2400 1473 circa
2430 1416 2685 1472 inferiora
2714 1418 2830 1473 loca
2861 1420 3053 1474 turbas
3072 1428 3309 1489 paverat.
3334 1420 3469 1475 Nam
3489 1426 3762 1490 quomodo

2177 1507 2294 1563 ﬁeri
2320 1516 2494 1577 potest
2518 1514 2577 1561 ut
2600 1524 2789 1563 rursus
2815 1508 2940 1563 illuc
2962 1507 3191 1579 fugeret,
3217 1510 3320 1564 nisi
3341 1519 3466 1565 ante
3489 1510 3555 1566 de
3573 1524 3765 1568 monte

2179 1600 2560 1654 descenderet?
2589 1598 2867 1670 Signiﬁcat
2904 1615 3033 1671 ergo
3067 1601 3287 1670 aliquid,
3316 1603 3461 1670 quod
3496 1601 3765 1659 Dominus

2177 1687 2245 1744 de
2265 1689 2376 1744 alto
2392 1689 2667 1744 descendit
2687 1690 2754 1744 ad
2776 1691 3071 1759 pascendas
3091 1691 3295 1745 turbas.
3322 1690 3475 1745 Pavit
3494 1699 3551 1745 et
3569 1707 3765 1747 ascen-.

494 1780 766 1851 nonnulla,
808 1802 933 1857 quae
966 1802 1064 1857 per
1101 1800 1159 1840 se
1204 1784 1419 1855 quidem
1464 1785 1643 1839 minus
1689 1784 1837 1839 docti
1861 1783 2071 1853 assequi
2108 1766 2148 1823 Β
2172 1778 2271 1834 dit.
2312 1780 2496 1846 Quare
2525 1781 2785 1844 ascendit,
2834 1797 2958 1836 cum
3000 1782 3336 1851 cognovisset
3378 1783 3519 1851 quod
3556 1784 3761 1840 vellent

492 1887 788 1950 nequeunt,
819 1878 911 1933 sed
943 1892 973 1931 a
1008 1874 1320 1931 doctoribus
1347 1874 1587 1943 exposita
1626 1889 1747 1929 mox
1777 1873 2074 1944 intelligere

492 1975 716 2039 queunt.
768 1967 893 2022 [hec
929 1980 1069 2037 ergo.
1095 1980 1315 2020 necesse
1355 1972 1460 2029 est,
1510 1972 1572 2018 ut
1606 1964 1698 2034 qui
1725 1964 1926 2027 valent,
1957 1963 2074 2019 dili-

494 2065 682 2128 genter
717 2057 1007 2114 scrutandn
1033 2056 1301 2125 colligant,
1344 2064 1400 2110 et
1420 2055 1487 2109 ad
1515 2055 1870 2110 eruditionem
1901 2055 2073 2110 mino-

494 2163 614 2202 rum
643 2163 741 2203 suo
767 2148 910 2203 dicto
951 2146 1042 2203 vel"
1063 2146 1265 2215 scripto
1306 2143 1509 2200 faciant
1537 2147 1839 2214 pervenire,
1886 2160 1954 2199 ne
1976 2146 2074 2200 ali-

495 2243 675 2291 menta
719 2236 871 2291 verbi
919 2235 1131 2289 illorum
1184 2233 1388 2289 desidia
1434 2242 1681 2303 pereant,
1724 2233 2075 2304 plebibusque

494 2326 769 2392 tollantur,
812 2325 901 2395 qui
956 2325 1071 2380 haec
1115 2325 1341 2379 Domino
1387 2323 1620 2379 donante
1668 2324 2074 2394 interpretando

493 2417 743 2490 colligere
776 2422 991 2472 norunt.
1041 2415 1330 2486 Sequitur:
1373 2414 1557 2486 (Vens.
1616 2414 1701 2485 l5)
1746 2413 2073 2484 Collegerunt

492 2522 633 2576 ergo,
667 2505 857 2575 inquit,
887 2515 937 2559 et
965 2504 1302 2575 impleverunt
1343 2502 1618 2557 duodecim
1655 2504 1902 2573 cophinos
1929 2502 2075 2573 [rag-

492 2609 787 2652 mentorum
803 2614 867 2651 ex
889 2599 1113 2668 quinque
1156 2596 1376 2666 panibus
1402 2595 1722 2660 hordeaceis,
1747 2612 1864 2666 qua:
1892 2611 2074 2665 super-

491 2686 703 2754 fuerunt
731 2685 926 2757 hirqui
956 2685 1417 2740 manducaverant.
1458 2683 1592 2751 Quia
1620 2685 1951 2740 duodenario
1974 2701 2071 2740 nu—

494 2792 646 2832 mero
685 2777 821 2831 solet
859 2775 1207 2846 perfectionis
1249 2774 1534 2843 cujuslibet
1576 2790 1783 2829 summa
1829 2774 2069 2845 ﬁgurari,

492 2875 639 2923 recte
668 2882 770 2938 per
788 2867 1065 2922 duodecim
1104 2866 1362 2934 cophinos
1402 2864 1822 2935 fragmentorum
1863 2865 2070 2935 plenos,

491 2958 667 3015 omnis
698 2959 971 3013 doctorum
1018 2955 1336 3025 spiritalium
1367 2955 1565 3009 chorus
1609 2954 1950 3024 exprimitur,
1978 2953 2070 3024 qui

489 3048 719 3103 obscura
746 3047 1168 3115 Scripturarum,
1193 3060 1312 3115 qua:
1331 3042 1451 3116 [per
1470 3044 1551 3116 se]
1579 3046 1750 3099 turba:
1775 3052 2066 3113 nequeunt,

491 3146 549 3191 et
575 3137 882 3192 meditando
906 3136 1177 3206 colligere,
1222 3136 1299 3208 [et
1321 3136 1605 3208 meditata];
1626 3144 1681 3190 et
1705 3137 1956 3191 mandata
1986 3136 2075 3190 lit-
2099 3118 2143 3179 ε

494 3227 627 3282 teris
654 3243 751 3282 suo
772 3229 975 3297 pariter
1004 3243 1070 3283 ac
1096 3229 1372 3283 turbarum
1397 3229 1517 3282 usui
1543 3243 1865 3283 conservare
1886 3228 2074 3297 juben-

501 3326 610 3372 tur.
661 3316 776 3372 Hoc
814 3319 914 3387 ipsi
963 3320 1140 3374 iecere
1185 3318 1412 3387 apostoli
1455 3326 1510 3371 et
1556 3319 1917 3388 evangelista,
1964 3335 2071 3374 non

490 3420 666 3475 pauca
689 3404 824 3476 legis
847 3415 902 3461 et
920 3407 1305 3476 prophetarum
1327 3406 1487 3469 dicta,
1514 3406 1742 3475 mystica
1771 3408 1885 3462 suis
1907 3408 2072 3462 inter-

494 3495 796 3565 pretatione
819 3496 1000 3550 addita
1030 3493 1312 3548 inserendo
1337 3494 1642 3563 opusculis;
1674 3495 1775 3549 hoc
1814 3511 2071 3566 sequaces

493 3602 685 3643 eorum
729 3587 981 3643 Ecclesiae
1020 3593 1140 3640 toto
1171 3584 1301 3640 orbe
1328 3585 1593 3656 magistri,
1624 3586 1788 3641 etiam
1834 3587 2071 3657 integros

491 3678 735 3735 nonnulli
757 3679 1039 3747 utriusque
1066 3677 1221 3746 521
1266 3676 1592 3732 Testamenti
1619 3678 1805 3744 libros,
1848 3678 2071 3750 diligen-

496 3774 620 3828 tiori
651 3773 1023 3842 explanatione
1048 3770 1383 3825 discntiendo
1405 3787 1425 3824 εκ
1451 3771 1548 3841 qui
1568 3771 1859 3840 quamlibet
1900 3772 2069 3827 homi-

500 3864 661 3918 nibus
685 3861 940 3930 despecti,
974 3859 1207 3915 coelestis
1236 3867 1412 3913 tamen
1451 3859 1639 3930 gratia:
1674 3868 1800 3914 sunt
1827 3875 1965 3930 pane
1992 3860 2071 3915 fe-

500 3952 682 4008 cundi.
714 3950 847 4005 Nam
870 3949 1084 4006 servilia
1113 3948 1357 4018 cophinis
1383 3948 1554 4002 solent
1577 3964 1743 4018 opera
1770 3949 1907 4015 ﬁeri,
1929 3952 2069 4006 uiide

497 4045 563 4103 de
590 4043 804 4116 populo,
827 4042 919 4110 qui
947 4043 1001 4095 in
1031 4041 1144 4095 luto
1169 4056 1231 4095 ac
1260 4040 1518 4095 lateribus
1540 4042 1805 4097 serviebat
1832 4042 1886 4097 in
1908 4042 2070 4113 Aigy-

492 4148 607 4209 ptn,
638 4137 766 4193 dicit
802 4131 1120 4190 Psalmista:
1169 4129 1360 4185 Manus
1388 4131 1501 4200 ejus
1541 4131 1602 4184 in
1621 4133 1837 4202 cophino
1876 4135 2069 4188 servie-

500 4236 619 4279 runt
649 4224 820 4296 (Psal.
850 4238 1009 4287 Lxxx,
1041 4221 1116 4292 7).

570 4316 730 4371 Vens.
772 4314 857 4367 M.
895 4344 965 4353 —
1002 4311 1090 4365 Illi
1111 4327 1230 4381 ergo
1256 4310 1485 4364 homines
1513 4326 1631 4363 cum
1663 4311 1907 4365 vidissent
1929 4312 2067 4382 quod

494 4408 688 4476 fecerat
711 4406 939 4476 signum,
964 4403 1200 4457 dicebant
1227 4418 1244 4455 :
1275 4400 1411 4467 Quia
1440 4400 1523 4454 hic
1549 4409 1623 4455 est
1657 4417 1772 4455 vere
1795 4401 2062 4472 propheta,

490 4461 581 4564 qui
607 4461 850 4549 venturus
879 4461 952 4546 est
984 4490 1041 4544 in
1064 4461 1333 4544 mundum.
1374 4489 1539 4544 Recte
1572 4461 2067 4559 quidem'dic'ebant
2090 4461 2143 4521 Ῑ)

497 4584 779 4639 Dominum
813 4581 1126 4651 prophetam
1168 4595 1440 4648 magnum,
1471 4594 1676 4649 magna:
1709 4579 1897 4633 salutis
1930 4595 2067 4650 prte-

490 4689 682 4731 conem
710 4671 822 4741 jam
850 4672 1048 4725 mundo
1074 4669 1332 4725 futurum.
1364 4670 1496 4725 Nam
1523 4679 1577 4726 et
1611 4672 1723 4742 ipse
1750 4673 2063 4743 prophetam

489 4780 551 4821 se
574 4777 767 4818 vocare
788 4761 1058 4832 dignatur,
1080 4760 1168 4815 ubi
1191 4760 1302 4813 ait:
1330 4759 1466 4825 Quia
1489 4778 1591 4814 non
1610 4762 1745 4831 capit
1762 4762 2065 4831 prophetam

487 4855 659 4927 perire
691 4863 837 4906 extra
874 4847 1166 4904 Jerusalem
1197 4847 1347 4919 (Luc.
1381 4863 1497 4912 xui,
1530 4849 1642 4917 55).
1694 4847 1799 4903 Sed
1835 4849 2061 4903 necdum

490 4946 647 5014 plena
673 4941 777 4996 ﬁde
801 4939 1170 5010 proﬁciebant,
1203 4937 1295 5008 qui
1333 4937 1475 4992 hunc
1501 4939 1664 4993 etiam
1693 4939 1855 4992 Deum
1882 4939 2062 4994 dicere

488 5033 818 5089 nesciebant.
856 5028 996 5097 Ergo
1036 5026 1111 5081 illi
1154 5026 1395 5081 videntes
1431 5026 1639 5097 signum
1683 5026 1823 5096 quod
1859 5025 2063 5083 fecerat

488 5125 666 5188 Iesus,
696 5121 987 5177 dixerunt:
1014 5116 1150 5183 Quia
1178 5117 1262 5170 hic
1284 5126 1357 5169 est
1386 5133 1501 5171 vere
1530 5117 1796 5187 propheta,
1816 5119 1907 5189 qui
1932 5135 2058 5173 ven-

489 5225 639 5268 turus
665 5221 739 5267 est
763 5214 818 5266 in
847 5209 1120 5265 mundum.
1148 5209 1257 5264 Nos
1280 5209 1496 5265 certiori
1527 5210 1797 5281 agnitione
1819 5212 2061 5268 veritatis

489 5313 545 5357 et
569 5303 714 5367 ﬁdei,
738 5301 982 5358 videntes
1009 5302 1265 5356 mundum
1291 5315 1450 5370 quem
1478 5300 1604 5356 fecit
1625 5299 1799 5366 Iesus,
1824 5309 1879 5356 et
1904 5303 2056 5371 signa

488 5395 683 5464 quibus
722 5393 870 5450 illum
904 5393 1147 5464 replevit,
1188 5393 1430 5449 dicamus
1474 5407 1487 5445 :
1523 5392 1656 5459 Quia
1694 5393 1783 5448 hic
1818 5401 1902 5448 est
1938 5408 2063 5447 vere

489 5468 751 5543 mediator
770 5483 864 5540 Dei
885 5492 939 5537 et
957 5483 1233 5539 hominum
1260 5482 1312 5553 (ι
1335 5480 1468 5535 Tim.
1489 5499 1551 5548 ιι,
1568 5482 1647 5554 5),
1669 5481 1759 5554 qui
1785 5481 1840 5537 in
1863 5484 2061 5539 mundo

561 5605 584 5664 ξ·
624 5595 909 5664 Huctisque
932 5595 1091 5649 Beda.

559 5660 589 5710 ι
628 5664 685 5715 S.
714 5660 872 5726 Augi,
902 5671 1057 5717 tract.
1087 5679 1210 5725 xxv,
1242 5677 1387 5717 num.
1420 5662 1467 5725 l,
1496 5661 1547 5715 2.

2175 1885 2297 1924 eum
2328 1885 2519 1939 rapere
2557 1880 2612 1926 et
2645 1886 2825 1942 regem
2866 1871 3077 1927 facere?
3116 1871 3255 1939 Quid
3291 1873 3469 1927 enim?
3498 1872 3615 1929 Non
3640 1886 3761 1930 erat

2176 1975 2291 2025 rex,
2319 1962 2411 2032 qui
2455 1963 2677 2018 timebat
2723 1963 2838 2018 ﬁeri
2881 1963 3169 2019 resilit-at
3198 1965 3448 2031 omnino;
3495 1980 3596 2022 nec
3635 1967 3761 2023 talis

2178 2066 2269 2105 rex
2300 2052 2393 2121 qui
2419 2053 2488 2107 ab
2509 2053 2823 2108 hominibus
2844 2054 3016 2119 ﬁeret,
3045 2055 3141 2109 sed
3166 2055 3292 2110 talis
3323 2057 3415 2126 qui
3449 2058 3762 2113 hominibus

2174 2156 2400 2211 regnum
2428 2142 2602 2197 daret.
2631 2142 2879 2213 Nunquid
2910 2143 3048 2199 forte
3070 2152 3126 2199 et
3153 2145 3241 2200 hic
3260 2145 3462 2215 aliquid
3491 2147 3761 2218 signiﬁcat

2175 2229 2331 2284 nobis
2348 2228 2525 2295 Jesus,
2551 2230 2709 2299 cujus
2723 2229 2865 2286 facta
2885 2232 3049 2287 verba
3068 2233 3226 2287 sunt?
3252 2232 3394 2304 Ergo
3416 2233 3469 2288 in
3490 2235 3595 2291 hoc
3615 2238 3758 2306 quod

2174 2322 2459 2376 voluerunt
2481 2337 2603 2377 eum
2627 2338 2814 2394 rapere
2838 2332 2893 2379 et
2913 2339 3091 2394 regem
3114 2325 3309 2391 facere,
3337 2334 3392 2380 et
3412 2336 3637 2398 propter
3655 2331 3763 2386 hoc

2175 2410 2305 2481 fugit
2350 2412 2403 2466 in
2444 2421 2682 2468 montem
2716 2414 2830 2484 ipse
2864 2415 3009 2471 solus
3030 2455 3043 2480 ,
3074 2416 3178 2472 hoc
3206 2417 3262 2472 in
3295 2417 3387 2473 illo
3423 2417 3577 2491 μὴ..
3617 2421 3757 2494 ipso]

2174 2500 2372 2557 factum
2403 2510 2561 2566 tacet,
2587 2504 2719 2558 nihil
2745 2503 2999 2573 loquitur,
3025 2506 3158 2560 nihil
3181 2506 3488 2577 signiﬁcat?
3508 2509 3591 2564 An
3620 2509 3767 2565 forte

2175 2595 2276 2648 hoc
2302 2605 2422 2648 erat
2445 2609 2633 2663 rapere
2673 2612 2827 2659 eum,
2860 2599 3155 2666 praevenire
3190 2598 3326 2654 velle
3356 2608 3567 2670 tempus
3607 2603 3754 2673 regni

2173 2683 2327 2752 ejus?
2359 2684 2568 2739 Etenim
2600 2694 2820 2741 venerat
2856 2687 3034 2751 modo,
3066 2703 3171 2742 non
3196 2686 3305 2755 iam
3336 2704 3587 2759 regnare,
3616 2704 3757 2759 quo-

2174 2774 2331 2829 modo
2358 2783 2681 2844 regnaturus
2704 2784 2788 2831 est
2822 2776 2877 2830 in
2917 2793 2983 2833 eo
3021 2779 3165 2847 quod
3198 2778 3424 2834 dicimus
3456 2796 3471 2833 :
3501 2781 3759 2834 Adveniet

2174 2880 2387 2934 regium.
2411 2875 2578 2920 tuum.
2609 2864 2833 2936 Semper
2852 2868 3069 2937 quidem
3092 2868 3179 2923 ille
3207 2884 3328 2923 cum
3352 2869 3514 2926 Patre
3541 2875 3750 2941 regnat.

2173 2956 2465 3011 secundum
2493 2957 2635 3025 quod
2658 2965 2743 3012 est
2770 2957 2936 3012 Filius
2962 2959 3079 3025 Dei,
3106 2960 3340 3015 Verbum
3368 2961 3483 3026 Dei,
3518 2962 3754 3018 Verbum

2174 3061 2272 3117 per
2297 3048 2439 3117 quod
2472 3045 2613 3103 facta
2639 3057 2766 3104 sunt
2788 3050 2986 3104 omnia.
3024 3049 3389 3106 Przedixerunt
3413 3061 3590 3107 autem
3624 3069 3757 3124 pro-

2175 3143 2351 3211 pheta:
2380 3156 2604 3213 regnum
2645 3143 2779 3212 ejus,
2823 3146 2983 3200 etiam
3015 3148 3308 3202 secundum
3338 3148 3398 3203 id
3418 3149 3568 3218 quod
3589 3150 3758 3205 homo

2175 3228 2349 3285 factus
2379 3242 2462 3286 est
2490 3231 2765 3298 Christus,
2791 3243 2846 3289 et
2874 3234 3000 3291 fecit
3023 3236 3208 3292 ﬁdeles
3231 3253 3357 3293 suos
3389 3237 3753 3296 Christianos.

2174 3318 2292 3373 Erit
2322 3335 2451 3390 ergo
2472 3336 2694 3392 regnum
2718 3323 3168 3391 Christianorum,
3190 3327 3333 3396 quod
3357 3328 3511 3382 modo
3540 3328 3757 3400 colligi-

2174 3416 2279 3470 tur,
2320 3410 2463 3477 quod
2491 3412 2649 3465 modo
2678 3422 3044 3469 commoratur
3070 3415 3176 3487 [AL
3204 3426 3254 3471 et
3285 3418 3437 3488 Aug.,
3467 3432 3758 3487 compara-

2174 3498 2303 3571 tur],
2338 3501 2482 3568 quod
2522 3502 2681 3557 modo
2715 3504 2915 3559 emitur
2950 3507 3210 3576 sanguine
3245 3507 3474 3574 Christi;
3507 3510 3613 3564 erit
3646 3511 3755 3564 ali-

2171 3589 2386 3656 quando
2436 3590 2780 3646 manifestum
2831 3610 3050 3665 regnum
3078 3637 3091 3660 ,
3151 3598 3364 3665 quando
3414 3599 3519 3653 erit
3565 3609 3753 3668 aperta

2172 3678 2390 3735 claritas
2413 3690 2719 3738 sanctorum
2741 3684 2878 3753 ejus,
2899 3695 3020 3755 post
3033 3688 3293 3756 judicium
3324 3690 3392 3745 ab
3415 3704 3481 3745 eo
3502 3689 3707 3745 factum
3733 3706 3750 3744 :

2170 3771 2313 3838 quod
2332 3769 2591 3839 judicium
2620 3777 2866 3844 superius
2890 3777 3004 3846 ipse
3032 3778 3183 3841 dixit,
3213 3779 3354 3848 quod
3384 3778 3554 3835 Filius
3578 3781 3750 3835 homi-

2169 3860 2256 3914 nis
2279 3859 2518 3916 facturus
2543 3863 2646 3929 sit;
2678 3864 2745 3918 de
2768 3879 2875 3934 quo
2896 3880 3061 3935 regno
3078 3868 3238 3921 etiam
3263 3867 3553 3936 Apostolus
3573 3870 3705 3923 dicit
3732 3884 3755 3921 ι

2169 3945 2300 4001 Cum
2327 3948 2601 4019 tradiderit
2631 3965 2843 4020 regnum
2870 3951 2979 4005 Deo
3011 3961 3058 4006 et
3088 3952 3238 4006 Patri
3275 3954 3329 4024 (I
3359 3953 3480 4009 Cor.
3519 3971 3608 4021 xv,
3630 3955 3745 4027 ει).

2173 4036 2322 4092 Unde
2358 4038 2519 4092 etiam
2551 4039 2663 4107 ipse
2698 4040 2825 4095 dicit
2856 4055 2871 4093 :
2912 4039 3084 4095 Venite
3120 4041 3370 4096 benedicti
3407 4043 3587 4098 Patris
3623 4046 3747 4110 mei,

2166 4129 2410 4198 percipite
2456 4146 2671 4201 regnum
2708 4132 2847 4203 quod
2890 4133 3030 4187 vobis
3083 4145 3328 4204 paratum
3370 4145 3444 4190 est
3492 4136 3558 4191 ab
3600 4139 3752 4194 initio

2167 4220 2351 4274 mundi
2379 4219 2590 4291 (Matth.
2629 4238 2752 4289 xxv,
2791 4224 2903 4295 54).
2952 4225 3211 4295 Discipuli
3252 4235 3433 4281 autem
3482 4236 3538 4281 et
3580 4230 3750 4283 turba

2167 4313 2452 4368 credentes
2474 4314 2525 4368 in
2549 4329 2689 4379 eum,
2714 4325 3037 4384 putaverunt
3059 4317 3206 4372 illum
3228 4319 3308 4373 sic
3330 4319 3543 4374 venisse
3561 4327 3617 4374 ut
3637 4321 3749 4393 jam

2168 4412 2415 4472 regnaret
2443 4421 2455 4457 :
2487 4405 2590 4459 hoc
2608 4414 2692 4459 est
2712 4406 2848 4461 velle
2875 4422 3063 4476 rapere
3089 4415 3145 4461 et
3174 4423 3355 4478 regem
3382 4407 3579 4473 facere,
3606 4424 3750 4478 pra:-

2164 4491 2348 4545 venire
2376 4491 2513 4546 velle
2538 4499 2747 4562 tempus
2766 4492 2904 4563 ejus,
2936 4495 3078 4563 quod
3105 4495 3220 4564 ipse
3243 4495 3382 4563 apud
3416 4510 3476 4549 se
3503 4494 3751 4550 occulta-

2164 4580 2274 4645 bat,
2302 4588 2362 4634 ut
2384 4590 2683 4650 opportune
2707 4583 2959 4651 proderet
2992 4592 3048 4638 et
3083 4592 3381 4654 opportune
3417 4585 3471 4637 in
3513 4583 3618 4639 ﬁne
3646 4600 3754 4641 sa:-

2165 4668 2270 4722 culi
2324 4669 2645 4725 declararet.
2677 4682 2701 4710 α
2729 4669 2910 4737 Quare
2961 4681 3142 4727 autem
3185 4672 3386 4728 dictum
3420 4683 3523 4739 est,
3564 4674 3751 4745 fugit!

2162 4755 2346 4825 Neque
2374 4759 2519 4813 enim
2545 4760 2595 4814 si
2623 4760 2788 4815 nollet
2815 4769 3109 4825 teneretur,
3146 4763 3191 4817 si
3235 4763 3404 4819 nollet
3441 4774 3748 4834 raperetur,

2164 4848 2256 4915 qui
2285 4848 2329 4901 si
2360 4848 2544 4913 nollet,
2575 4865 2677 4906 nec
2706 4860 3108 4920 agnosceretur.
3139 4873 3158 4904 ι
3194 4851 3301 4909 Sed
3338 4854 3440 4909 hoc
3477 4855 3752 4926 signiﬁca-

2168 4938 2274 4992 tive
2298 4937 2498 4994 factum
2531 4950 2634 4995 est.
2681 4941 2843 4997 Solus
2873 4941 3031 5013 fugit,
3056 4958 3125 4998 ne
3152 4944 3443 4999 carnaliter
3471 4956 3748 5015 regnaret,

2165 5027 2289 5095 quia
2324 5027 2469 5084 solus
2506 5031 2748 5086 ascendit
2780 5033 2833 5085 in
2871 5032 3096 5096 coelum,
3130 5032 3271 5086 unde
3307 5034 3623 5101 spiritaliter
3664 5051 3753 5090 rc-

2164 5126 2353 5187 gnaret
2381 5119 2434 5173 in
2461 5121 2662 5175 sanctis
2684 5124 2796 5198 suis
2822 5121 3006 5193 (Hebr.
3048 5123 3145 5196 Ix).
3180 5142 3198 5174 ι
3235 5123 3395 5195 Fugit
3428 5127 3485 5179 in
3514 5139 3749 5183 montes-

2163 5209 2271 5277 ipse
2297 5209 2463 5276 solus,
2490 5212 2875 5283 primogenitus
2905 5229 2936 5267 a
2962 5215 3214 5278 mortuis,
3251 5217 3550 5273 ascendens
3580 5233 3751 5288 super

2163 5311 2352 5352 omnes
2362 5299 2543 5365 caelos,
2558 5308 2613 5355 et
2625 5301 2966 5371 interpellans
2975 5318 3075 5371 pro
3095 5304 3267 5359 nobis.
3282 5304 3478 5372 iQuem
3489 5307 3750 5362 sacerdos

2162 5389 2429 5457 signiﬁcat
2449 5393 2613 5447 semel
2634 5393 2688 5448 in
2708 5410 2850 5450 anno
2871 5404 3055 5451 sancta
3075 5404 3386 5452 sanctorum
3409 5398 3747 5469 ingrediens,

2165 5496 2269 5535 non
2292 5481 2407 5535 sine
2421 5485 2695 5552 sanguine,
2712 5487 3251 5557 utinterpellaretpro
3271 5489 3487 5559 populo.
3504 5489 3598 5546 Sic
3618 5506 3751 5545 rur-

2238 5604 2257 5629 ε
2298 5591 2517 5661 Ibidem,
2547 5611 2693 5649 num.
2726 5597 2776 5650 4.
