4000 6190
314 263 421 322 8ἳὸ

1133 256 1541 315 EXEGETICA.
1572 285 1639 295 -
1677 254 2029 312 COMMENT.
2070 257 2137 311 IN
2173 254 2364 313 IOAN.
2396 287 2461 296 -—-
2492 256 2626 312 LIB.
2661 256 2744 312 111.

3471 263 3583 318 826

312 395 407 438 sus
431 376 585 441 111³..
603 373 842 446 sursum]
858 372 1031 443 posito
1049 371 1164 428 solo
1187 371 1243 425 in
1263 379 1446 426 monte
1467 384 1682 440 magno,
1695 369 1788 437 qui
1807 368 1894 422 in—
1925 375 1970 428 Α
1999 364 2281 436 peraddito
2306 363 2435 438 [Με.
2460 375 2508 419 et
2530 367 2687 437 Aug..
2715 365 2919 422 faciunt
2941 367 3131 437 viginti
3158 370 3419 441 quinque,
3442 389 3573 443 qua-

311 470 478 528 trsvit
498 469 554 524 in
571 467 830 522 interiora
843 464 968 524 veli.
983 462 1116 519 foris
1133 462 1329 533 populo
1348 461 1664 517 constituto.
1684 459 1792 516 Sed
1813 460 1891 513 vi-

315 563 539 618 deamus
568 558 699 628 quid
727 556 818 611 illo
840 556 978 610 intra
1002 553 1176 608 velum
1201 552 1439 608 caelestis
1463 549 1763 605 altitudinis
1783 563 1892 603 mo-

316 660 491 711 rante.
515 648 643 719 quid
661 646 905 715 discipuli
924 647 979 700 in
998 644 1242 700 navicula
1256 640 1633 712 patiebantur?
1653 638 1791 706 Quid
1809 646 1893 694 est

317 738 561 797 navicula
582 752 705 809 quae
719 752 749 791 a
766 735 1016 790 ﬂuctibus
1025 733 1348 802 iactabatur,
1372 731 1476 785 nisi
1497 727 1757 793 Ecclesia,
1772 742 1893 797 quae

314 832 779 906 persecutionibus
800 830 1053 901 fatigatur
1069 836 1123 882 et
1144 827 1274 883 foris
1291 835 1345 882 et
1365 826 1541 881 intus?
1563 824 1717 879 Foris
1741 839 1773 878 a
1800 838 1893 892 pa-

315 928 470 998 ganis
505 932 689 996 aperta
730 921 1148 992 persecutione:
1182 919 1335 973 intus
1364 934 1393 971 a
1441 915 1592 971 falsis
1637 913 1893 969 fratribus

313 1013 526 1071 occulta
557 1012 837 1069 seditione.
870 1009 995 1064 Ideo
1019 1008 1226 1063 addidit
1257 1025 1270 1061 :

388 1105 548 1177 522
587 1104 751 1159 Vens.
788 1101 878 1165 16,
913 1101 1002 1155 17.
1039 1130 1111 1140 -
1150 1096 1217 1153 Ut
1241 1107 1413 1153 autem
1437 1113 1552 1152 sero
1580 1096 1777 1165 factum
1794 1106 1890 1160 est,

314 1192 691 1250 descenderunt
715 1188 960 1261 discipuli
984 1189 1098 1259 ejus
1125 1188 1194 1241 ad
1222 1203 1386 1250 mare,
1409 1196 1457 1240 et
1482 1202 1601 1240 cum
1625 1186 1894 1241 ascendis-

312 1292 430 1339 sent
451 1279 768 1344 nauiculam,
798 1287 1043 1333 venerunt
1069 1286 1215 1331 trans
1242 1290 1385 1331 mare
1415 1274 1471 1328 in
1499 1272 1889 1344 Capharnaum.

321 1392 346 1429 ι
381 1386 408 1417 ι
436 1371 557 1429 Cito
579 1372 717 1428 dixit
741 1369 982 1433 ﬁnitum,
1012 1369 1154 1438 quod
1197 1376 1382 1438 postea
1423 1366 1624 1420 factum
1657 1373 1759 1420 est.
1802 1362 1896 1418 Ve-

315 1472 504 1520 nerunt
522 1471 669 1516 trans
690 1477 836 1516 mare
857 1460 912 1514 in
936 1459 1325 1530 Capharnaum.
1357 1456 1422 1510 Et
1450 1455 1608 1519 redit,
1647 1463 1708 1509 ut
1732 1468 1897 1524 expo-

315 1561 411 1608 nat
436 1552 706 1623 quomodo
727 1559 1007 1614 venerunt,
1033 1550 1158 1618 quia
1184 1561 1283 1619 per
1304 1555 1552 1617 stagnum
1582 1545 1896 1616 navigantes

316 1644 669 1700 transierunt.
715 1642 784 1696 Et
821 1657 945 1696 cum
984 1640 1299 1710 navigarent
1327 1638 1394 1693 ad
1422 1652 1545 1693 eum
1583 1637 1758 1692 locum
1787 1651 1895 1706 quo

1993 457 2209 512 dratum
2234 456 2585 530 quinarium].
2619 457 2727 514 Sed
2760 460 2885 516 huic
2922 460 3044 531 legi,
3081 472 3370 533 antequam
3397 465 3576 522 Evan-

1993 548 2191 619 gelium
2216 550 2451 614 veniret,
2480 551 2665 605 deerat
2691 548 2981 620 perfectio.
3013 551 3281 610 Perfectio
3314 565 3495 613 autem
3520 559 3575 614 in

1995 639 2210 694 senario
2258 655 2485 696 numero
2531 642 3025 709 comprehenditur.
3077 663 3096 694 ι
3151 643 3291 699 Nam
3332 649 3580 705 senarius

1994 740 2253 782 numerus
2286 727 2558 799 perfectus
2592 739 2706 795 est,
2747 740 2802 785 et
2839 733 3082 800 partibus
3119 736 3232 791 suis
3273 736 3580 806 implebitur

1996 814 2152 886 [Ms.,
2197 816 2494 888 impletur].
2536 820 2591 874 ιιι
2627 830 2734 885 est,
2773 838 2958 886 unum,
3000 824 3126 888 duo,
3157 833 3288 880 tres.
3321 826 3429 883 Nec
3459 827 3580 883 alia:

1992 917 2176 978 partes
2216 909 2272 963 in
2311 924 2378 964 eo
2417 909 2646 965 inveniri
2686 921 2929 981 possunt,
2967 928 3064 968 nec
3103 914 3206 970 illa:
3243 924 3425 986 partes
3452 934 3579 975 con-

1989 1003 2190 1072 junctae
2218 1001 2363 1057 aliud
2401 1001 2530 1072 quid
2566 1001 2701 1074 [Αι.,
2749 1004 2975 1075 aliquid]
3021 1006 3290 1063 conﬁcere
3334 1018 3577 1078 possunt,

1995 1093 2100 1148 nisi
2124 1093 2396 1149 senarium
2426 1107 2735 1149 numerum.
2773 1093 3063 1165 Propterea
3093 1111 3187 1150 sex
3216 1097 3407 1153 diebus
3440 1100 3583 1154 Deus

1996 1181 2255 1236 mundum
2283 1180 2530 1250 perfecit,
2561 1190 2614 1237 et
2653 1184 2892 1254 quinque
2928 1185 3027 1254 ipsi
3062 1201 3160 1255 per
3187 1201 3282 1241 sex
3322 1187 3581 1258 multipli-

1995 1281 2206 1335 cantur,
2233 1281 2295 1327 ut
2328 1273 2414 1328 lex
2451 1288 2547 1344 per
2576 1274 2927 1345 Evangcl‘ium
2956 1277 3331 1347 adimpleatur,
3365 1287 3424 1333 ut
3452 1279 3585 1334 ﬁant

1997 1364 2173 1420 sexies
2197 1364 2367 1434 quini,
2408 1365 2645 1435 triginta.
2682 1365 2763 1419 Ad
2804 1381 2899 1421 eos
2930 1383 3064 1437 ergo
3095 1367 3224 1440 [Al.,
3257 1370 3460 1442 igitur],
3490 1374 3584 1441 qui

1996 1456 2221 1526 implent
2260 1457 2453 1527 legem,
2483 1458 2630 1512 venit
2652 1455 2828 1513 Jesus.
2858 1459 2928 1512 Et
2951 1461 3217 1528 quomodo
3246 1463 3427 1517 venit?
3464 1463 3586 1519 Cal-

1995 1561 2126 1601 cans
2154 1546 2367 1610 ﬂuctus,
2397 1562 2587 1603 omnes
2620 1556 2860 1604 tumores
2897 1551 3083 1604 mundi
3117 1550 3217 1606 sub
3244 1553 3473 1622 pedibus
3491 1555 3585 1609 ha-

1996 1637 2148 1701 bens,
2175 1653 2366 1694 omnes
2391 1639 2736 1696 celsitudines
2765 1642 2945 1697 saeculi
2981 1659 3251 1713 premens.
3295 1664 3313 1695 ι
3350 1656 3371 1683 α
3401 1645 3469 1701 Ει
3507 1656 3587 1701 ta-

314 1752 410 1792 eos
430 1736 646 1792 venisse
667 1733 780 1804 jam
805 1735 959 1795 dixit.
991 1732 1394 1802 recapitulando
1411 1731 1632 1800 exponit
1648 1729 1777 1799 quid
1806 1743 1896 1784 ac-
1927 1719 1971 1777 Β
2001 1744 2121 1784 men
2148 1736 2312 1785 tanta:
2344 1737 2470 1785 sunt
2499 1731 2905 1797 tribulationes,
2937 1741 2997 1788 ut
3020 1735 3183 1788 etiam
3213 1735 3312 1803 ipsi
3347 1735 3439 1804 qui
3469 1751 3588 1791 cre-

312 1828 507 1884 ciderit
540 1843 555 1882 :
588 1829 775 1900 (Vens.
806 1828 894 1896 18)
929 1824 1174 1880 Tenebrae
1191 1824 1307 1895 jam
1338 1823 1490 1892 facta
1515 1830 1681 1886 erant,
1705 1830 1752 1876 et
1792 1837 1896 1876 non

313 1927 525 1973 uenerat
544 1918 614 1973 ad
631 1917 750 1973 illos
775 1918 951 1973 Iesus.
981 1917 1130 1973 Mare
1151 1927 1322 1972 autem
1350 1926 1495 1971 vento
1521 1931 1709 1986 magno
1737 1916 1898 1984 ﬂante

310 2010 637 2080 exsurgebat.
670 2010 862 2066 Merito
908 2013 1164 2075 tenebrte,
1212 2010 1337 2080 quia
1386 2009 1474 2063 lux
1511 2024 1615 2064 non
1655 2015 1893 2063 venerat.

313 2100 574 2156 Tenebrae
590 2096 705 2167 jam
734 2100 891 2155 facta:
916 2108 1092 2165 erant,
1120 2108 1176 2156 et
1201 2116 1308 2154 non
1328 2106 1552 2154 venerat
1579 2099 1647 2153 ad
1667 2097 1789 2153 illos
1810 2095 1898 2151 Je-

313 2206 434 2254 sus;
458 2190 606 2261 quia,
628 2198 888 2260 quantum
913 2189 1135 2260 propius
1155 2188 1362 2244 accedit
1389 2187 1510 2243 ﬁnis
1528 2186 1735 2251 mundi,
1750 2193 1899 2240 tanto

313 2283 685 2340 vehementius
710 2289 963 2337 crescunt
992 2295 1229 2344 errores,
1259 2278 1615 2335 crebrescunt
1639 2286 1894 2341 terrores,

313 2374 516 2430 crescit
541 2372 816 2442 iniquitas,
837 2372 1035 2427 crescit
1054 2370 1359 2426 inﬁdelitas.
1385 2369 1501 2423 Lux
1527 2368 1760 2437 denique
1779 2380 1899 2437 qua;

313 2466 556 2522 cbaritas
595 2464 733 2534 apud
785 2462 1047 2518 Joannem
1101 2463 1277 2531 ipsum
1333 2457 1720 2529 evangelistam
1765 2457 1900 2511 satis

315 2566 608 2630 aperteque
646 2563 997 2617 monstratur,
1040 2554 1113 2608 ita
1147 2560 1207 2606 ut
1242 2551 1447 2606 diceret
1475 2566 1488 2601 :
1520 2547 1624 2613 Qui
1651 2547 1761 2601 odit
1788 2546 1899 2614 fra-

313 2661 446 2705 trem
474 2666 646 2713 suum,
669 2650 724 2703 in
750 2646 973 2703 tenebris
996 2654 1069 2699 est
1090 2642 1143 2716 (ι
1164 2642 1324 2698 Ioan.
1348 2656 1409 2704 ιι,
1436 2639 1546 2706 ll),
1569 2635 1900 2694 creberrime

313 2740 676 2812 exstinguitur
696 2759 714 2791 ι
735 2737 1119 2809 refrigescente
1146 2732 1436 2796 charitate,
1467 2728 1775 2783 abundante
1797 2720 1900 2779 ini-

314 2833 542 2905 quitate.
572 2831 675 2900 lpsi
702 2837 830 2884 sunt
859 2826 1051 2881 fluctus
1097 2837 1289 2878 navem
1334 2820 1618 2875 turbantes
1648 2834 1660 2868 :
1695 2824 1900 2886 tempe-

314 2934 430 2980 stas
449 2932 505 2980 et
521 2922 665 2977 venti
692 2920 958 2975 clamores
976 2924 1103 2971 sunt
1118 2913 1548 2969 maledictorum.
1572 2908 1699 2963 Inde
1721 2905 1898 2962 chari—

317 3031 399 3075 tas
451 3013 775 3086 refrigescit,
819 3010 943 3066 inde
985 3007 1178 3064 ﬂuctus
1225 3011 1504 3075 augentur.
1556 2997 1898 3055 Turbabatur

316 3107 489 3170 navis,
520 3111 681 3158 vento
709 3116 903 3172 magno
930 3100 1090 3153 ﬂante
1114 3111 1264 3151 mare
1288 3090 1638 3163 exsurgebat;
1662 3086 1898 3143 tenebrae

314 3193 656 3258 crescebant,
683 3189 1029 3262 intelligentia
1061 3184 1424 3247 minuebatur,
1457 3180 1710 3251 iniquitas
1737 3192 1899 3247 auge—

316 3288 497 3342 batur.
529 3282 733 3337 Tamen
763 3281 903 3334 inter
924 3278 1038 3332 haec
1057 3276 1237 3331 omnia
1266 3273 1422 3327 navis
1442 3271 1554 3326 ibat
1583 3269 1652 3324 ad
1676 3276 1895 3328 terram,

317 3372 658 3447 properabat,
683 3379 900 3443 portum
931 3364 1224 3438 quaerebat.
1252 3363 1329 3417 lta
1360 3363 1499 3415 inter
1518 3356 1702 3413 omnia
1727 3361 1900 3447 tenta-

319 3446 621 3521 mentorum
647 3475 862 3532 genera,
885 3456 1122 3539 Ecclesia
1148 3452 1388 3525 proﬁcit;
1419 3449 1651 3512 laborat,
1680 3446 1773 3501 sed
1792 3461 1899 3500 non

318 3557 600 3628 mergitur.
646 3553 923 3610 Christum
959 3556 1268 3621 exspectat,
1300 3546 1517 3617 quando
1554 3559 1652 3614 per
1680 3557 1804 3598 eum
1834 3541 1901 3595 ad

321 3657 536 3719 portum
563 3645 840 3715 perveniat
867 3639 1289 3711 tranquillitatis.

393 3736 556 3792 Vens.
600 3735 686 3799 19,
724 3732 814 3787 20.
844 3762 914 3772 -
935 3730 1068 3786 Cum
1093 3745 1215 3800 ergo
1244 3729 1605 3797 remigrassent
1626 3723 1800 3778 stadia
1820 3722 1899 3776 vi—

320 3828 451 3899 ginti
480 3828 706 3899 quinque
740 3833 833 3878 aut
872 3824 1106 3894 triginta,
1135 3821 1306 3875 vident
1340 3818 1522 3873 Iesum
1552 3812 1901 3869 ambulantem

318 3936 477 3990 super
514 3934 687 3982 mare,
732 3924 779 3970 et
816 3916 1110 3986 proximum
1148 3912 1268 3965 navi
1306 3909 1445 3979 ﬁeri.
1488 3906 1556 3960 Et
1596 3906 1900 3959 timuerunt.

323 4011 426 4065 Ille
477 4018 651 4064 autem
674 4009 797 4061 dicit
824 4008 936 4060 eis:
966 4004 1075 4076 Ego
1100 4018 1236 4067 sum,
1266 3999 1424 4054 nolite
1443 3999 1642 4051 timere.
1677 4012 1695 4045 ι
1725 3994 1751 4033 b
1774 3991 1904 4047 Cre-

322 4098 703 4163 scuntlluctus,
720 4108 985 4169 augentur
1008 4092 1259 4154 tenebrae,
1278 4088 1505 4144 saeviunt
1526 4090 1900 4154 tempestates;

323 4193 420 4248 sed
450 4201 626 4246 tamen
656 4191 811 4245 navis
838 4187 1095 4250 ambulat,
1122 4186 1249 4255 quia
1277 4181 1369 4253 qui
1397 4175 1822 4250 perseveraverit
1849 4173 1904 4225 in

323 4283 512 4345 ﬁnem,
542 4280 625 4336 hic
658 4280 838 4335 salvus
874 4278 980 4334 erit
1018 4275 1233 4349 (Matth.
1263 4288 1315 4335 x,
1344 4271 1457 4343 2‘2).
1493 4267 1605 4322 Nec
1641 4266 1756 4334 ipse
1795 4269 1907 4316 sta-

320 4378 538 4432 diorum
559 4389 813 4430 numerus
825 4369 1248 4428 contemnendus
1266 4380 1386 4422 esse
1405 4363 1635 4417 videtur.
1651 4358 1719 4412 Et
1736 4367 1904 4426 quare

1994 1819 2250 1875 diderunt
2299 1820 2353 1875 in
2388 1819 2602 1883 Iesum,
2653 1830 2708 1877 et
2751 1823 2844 1893 qui
2884 1833 3150 1879 conantur
3202 1840 3585 1894 perseverare.

1996 1922 2357 1981 expavescant
2383 1928 2484 1968 nec
2512 1912 2641 1984 [Με.
2673 1924 2720 1968 et
2756 1916 2915 1986 Aug.,
2953 1916 3042 1988 ne]
3073 1917 3342 1983 deﬁciant,
3369 1918 3589 1974 Christo

1996 2002 2191 2057 ﬂuctus
2225 2002 2470 2058 calcante
2505 2004 2707 2059 saeculi.
2749 2004 2859 2059 Cur
2887 2006 3039 2061 timet
3067 2006 3427 2069 Christianus,
3457 2007 3585 2062 dum

1997 2090 2246 2148 Christus
2274 2093 2548 2162 loquitur?
2575 2094 2688 2164 Ego
2717 2112 2858 2159 sum,
2892 2095 3051 2149 nolite
3073 2096 3275 2150 timere.
3308 2094 3586 2164 Conﬁdite,

1997 2196 2090 2251 ego
2121 2181 2217 2237 vici
2239 2182 2492 2235 mundum
2527 2180 2709 2253 (Ioan.
2738 2182 2875 2255 xvr).

2071 2270 2234 2325 Vens.
2270 2270 2363 2323 21.
2398 2301 2472 2310 -—
2522 2269 2806 2326 Voluerunt
2830 2289 2952 2344 ergo
2976 2289 3095 2328 eum
3113 2274 3346 2343 accipere
3369 2276 3424 2329 in
3446 2273 3588 2329 navi.

1997 2358 2364 2428 Agnosceutes
2385 2374 2450 2413 ac
2472 2360 2787 2429 gaudentes,
2813 2362 2989 2416 securi
3014 2360 3164 2417 facti.
3190 2361 3261 2416 Et
3286 2363 3466 2418 statim
3487 2362 3588 2433 fuit

1996 2450 2147 2503 nucis
2178 2448 2248 2502 ad
2274 2458 2499 2513 terram,
2543 2451 2598 2503 in
2625 2467 2784 2520 quam
2817 2451 2983 2505 ibant.
3017 2451 3215 2507 Factus
3251 2461 3336 2509 est
3370 2453 3492 2508 linis
3523 2454 3591 2507 ad

2000 2550 2232 2604 terram,
2271 2541 2339 2596 de
2378 2542 2602 2597 humido
2641 2543 2710 2596 ad
2755 2542 3019 2606 solidum,
3060 2543 3126 2597 de
3150 2545 3369 2598 turbato
3396 2544 3463 2598 ad
3500 2544 3592 2598 ﬁr-

2000 2645 2178 2701 mum,
2211 2630 2277 2684 de
2320 2629 2517 2684 itinere
2562 2630 2629 2686 ad
2676 2629 2867 2696 ﬁnem,
2906 2650 2924 2682 ι
2958 2628 3010 2683 id
3045 2638 3157 2696 est,
3188 2630 3255 2684 ad
3293 2631 3587 2702 perfectam

2001 2720 2467 2792 tranquillitatem,
2504 2737 2624 2792 quae
2650 2738 2755 2777 non
2796 2722 2900 2776 erit
2946 2723 3049 2777 nisi
3087 2723 3142 2776 in
3180 2732 3341 2792 portu
3377 2730 3591 2776 aeterna:

2000 2815 2323 2871 serenitatis.
2353 2814 2427 2869 lbi
2448 2822 2561 2869 tota
2582 2815 2838 2876 charitas,
2870 2822 2927 2868 et
2965 2813 3110 2868 nulla
3147 2813 3441 2882 iniquitas,
3477 2821 3588 2868 tota

1999 2905 2257 2968 felicitas,
2299 2915 2354 2960 et
2387 2905 2532 2960 nulla
2558 2904 2943 2974 perturbatio,
2974 2905 3065 2959 ubi
3103 2904 3218 2960 sine
3249 2903 3357 2960 ﬁne
3398 2919 3590 2975 regna-

1998 2998 2149 3062 bunt,
2166 2998 2258 3068 qui
2275 2998 2360 3052 hic
2378 2996 2586 3051 fortiter
2603 3010 2770 3065 usque
2785 2995 2839 3049 in
2863 2993 3023 3050 ﬁnem
3045 2994 3171 3049 vitae
3194 3010 3304 3050 sua:
3318 2993 3586 3049 laborant.

1925 3069 1972 3131 ο
2074 3110 2235 3164 Vens.
2262 3109 2350 3171 22,
2378 3109 2468 3163 25.
2501 3137 2573 3148 —
2610 3104 2784 3159 Altera
2811 3105 2896 3159 die
2920 3104 3074 3158 turba
3099 3120 3217 3175 quae
3244 3104 3416 3157 stabat
3443 3113 3595 3157 trans

2002 3216 2164 3261 mare,
2192 3198 2321 3253 vidit
2342 3198 2465 3268 quia
2490 3195 2597 3250 alia
2622 3193 2863 3251 navicula
2893 3212 2997 3249 non
3018 3205 3145 3249 esset
3170 3195 3241 3248 ibi
3263 3196 3365 3249 nisi
3392 3212 3521 3259 una,
3542 3205 3591 3249 et

2000 3289 2124 3357 quia
2163 3304 2265 3342 non
2304 3286 2587 3340 introiisset
2615 3285 2770 3339 Iesus
2805 3300 2924 3336 cum
2955 3282 3227 3353 discipulis
3264 3283 3373 3337 suis
3401 3283 3456 3335 in
3491 3299 3589 3336 na-

2000 3395 2133 3444 uem,
2164 3378 2254 3433 sed
2276 3376 2374 3432 soli
2403 3374 2647 3446 discipuli
2675 3375 2790 3445 ejus
2818 3373 3232 3429 abiissent.Alite
3259 3387 3378 3427 vero
3403 3387 3590 3441 super-

2000 3479 2250 3524 venerunt
2282 3485 2435 3523 naves
2470 3485 2501 3521 a
2541 3465 2836 3529 Tiberiade,
2868 3465 3025 3533 juxta
3051 3463 3223 3518 locum
3251 3463 3339 3516 ubi
3366 3461 3590 3516 mandu-

2003 3570 2248 3615 cavcrunt
2274 3576 2480 3630 panem,
2510 3559 2709 3627 gratias
2730 3565 2938 3626 agentes
2960 3555 3088 3608 Deo.

2484 3706 2642 3777 523
2683 3704 2910 3762 CAPUT
2948 3705 3084 3762 xm.

2004 3840 2045 3893 Α
2078 3837 2241 3892 turbis
2264 3837 2535 3908 quasitus,
2563 3845 2611 3891 et
2639 3838 2875 3891 inventus
2902 3838 2976 3890 ait
3003 3853 3021 3891 :
3048 3835 3357 3908 Operamini
3385 3835 3587 3901 cibum,

2072 3922 2177 3988 tum
2210 3906 2302 3976 qui
2328 3907 2484 3988 perit,
2508 3908 2602 3988 sed
2631 3907 3030 3988 quinpermanet
3050 3910 3104 3959 in
3127 3906 3292 3987 vitam
3311 3914 3589 3988 aeternam.

2075 3976 2144 4031 Et
2162 3974 2349 4048 panem
2371 3976 2435 4031 de
2461 3976 2600 4030 caelis
2634 3974 2688 4030 se
2713 3974 2840 4029 dicit
2866 3991 3065 4039 verum,
3103 3976 3365 4045 vitamque
3388 3974 3588 4028 mundi.

2075 4107 2238 4162 Vens.
2277 4105 2367 4161 21.
2406 4137 2477 4145 -
2516 4102 2647 4160 Cum
2673 4122 2793 4176 ergo
2818 4104 3028 4159 vidisset
3063 4103 3213 4158 turba
3235 4144 3249 4169 ,
3282 4103 3406 4174 quia
3435 4102 3590 4156 Iesus

2004 4214 2108 4252 non
2138 4206 2271 4252 esset
2298 4196 2389 4262 ibi,
2416 4213 2578 4267 neque
2609 4195 2853 4267 discipuli
2875 4196 3012 4266 ejus,
3045 4194 3387 4250 ascenderunt
3416 4193 3470 4245 in
3496 4208 3593 4246 na-

2005 4288 2226 4353 viculas,
2252 4299 2299 4344 et
2320 4298 2566 4344 venerunt
2596 4291 2649 4342 in
2679 4287 3049 4358 Cap/tamenn:
3076 4294 3363 4358 quan-entes
3387 4282 3591 4339 Iesum.

2016 4396 2034 4427 ι
2069 4377 2095 4417 d
2127 4378 2459 4433 lusinuatum
2486 4385 2569 4432 est
2599 4385 2775 4431 tamen
2806 4375 2911 4429 illis
2941 4384 3053 4428 tam
3081 4390 3334 4445 magnum
3362 4373 3597 4428 miracu-

322 4468 463 4522 dixit
483 4465 633 4538 [Ms.,
659 4461 905 4535 dixisset]
925 4459 1253 4531 evangelista
1283 4475 1296 4511 :
1325 4455 1492 4521 Quasi
1514 4450 1701 4507 stadiis
1720 4443 1903 4517 viginti
1932 4437 1982 4495 D
2005 4469 2137 4522 lum.
2167 4469 2430 4523 Viderunt
2454 4470 2595 4523 enim
2627 4467 2770 4536 quod
2809 4466 3054 4537 discipuli
3090 4437 3200 4522 soli”
3226 4466 3595 4523 ascendissent

320 4558 550 4629 quinque
578 4565 669 4610 aut
704 4553 958 4624 triginta?
984 4550 1266 4606 Suﬂlceret
1290 4548 1468 4603 dicere
1500 4563 1513 4598 :
1539 4543 1722 4615 viginti
1745 4541 1901 4611 quin-

320 4670 441 4723 que,
470 4659 564 4706 aut
596 4651 842 4721 triginta;
871 4648 973 4703 nisi
1008 4645 1149 4717 quod
1176 4645 1277 4698 hos
1305 4634 1902 4696 numerostestimantis

320 4754 478 4801 voce,
500 4756 604 4795 non
632 4736 947 4791 allirmantis
967 4734 1188 4805 protulit
1213 4732 1355 4786 idem
1383 4728 1729 4800 evangelista.
1754 4724 1903 4791 Qua:-

324 4845 508 4885 ramus
527 4844 655 4900 ergo
670 4841 970 4884 numerum.
988 4823 1188 4894 Viginti
1213 4823 1447 4893 quinque
1468 4823 1608 4876 unde
1632 4827 1900 4883 constant,

321 4922 468 4974 unde
491 4918 656 4973 ﬁunt?
672 4920 747 4973 De
766 4918 1033 4988 quinario.
1053 4914 1342 4982 Quinarius
1362 4913 1449 4967 ille
1466 4927 1720 4967 numerus
1742 4912 1807 4965 ad
1828 4911 1904 4966 le-

321 5023 447 5078 gem
470 5009 720 5077 pertinet.
743 5008 846 5079 lpsi
867 5014 992 5063 sunt
1019 5006 1256 5076 quinque
1282 5003 1399 5058 libri
1430 5002 1617 5073 Moysi,
1649 5002 1748 5071 ipsi
1778 5010 1905 5056 sunt

323 5097 564 5168 quinque
592 5099 829 5168 porticus
868 5097 940 5152 illi
985 5096 1137 5170 [Ms.,
1174 5095 1298 5168 illae]
1328 5095 1605 5165 languidos
1626 5093 1905 5149 continen-

324 5200 427 5254 tes,
459 5189 559 5260 ipsi
588 5189 826 5259 quinque
852 5203 1018 5256 panes
1041 5187 1280 5258 quinque
1308 5185 1472 5242 millia
1508 5185 1783 5241 hominum
1810 5200 1904 5254 pa-

322 5288 559 5336 sceutes.
590 5279 731 5351 Ergo
756 5278 930 5349 legem
958 5278 1223 5348 signiﬁcat
1246 5291 1502 5333 numerus
1533 5275 1718 5346 viginti
1744 5275 1904 5345 quin-

2006 4560 2059 4613 in
2090 4574 2305 4624 navem,
2331 4568 2387 4613 et
2414 4559 2539 4629 quia
2572 4559 2723 4613 navis
2758 4556 2862 4611 non
2905 4566 3025 4613 erat
3061 4558 3153 4612 ibi.
3190 4560 3468 4613 Venerunt
3493 4573 3593 4611 au-

2007 4657 2115 4702 tem
2147 4647 2289 4712 inde,
2320 4656 2376 4702 et
2407 4663 2572 4702 naves
2601 4646 2756 4715 juxta
2798 4647 2973 4703 locum
3003 4647 3149 4701 illum
3183 4646 3270 4701 ubi
3302 4647 3595 4702 manduca-

2006 4746 2202 4794 verunt
2230 4754 2444 4809 panem,
2487 4739 2541 4792 in
2569 4738 2765 4807 quibus
2812 4753 2934 4792 eum
2985 4737 3154 4791 turbae
3198 4746 3397 4791 secutae
3444 4744 3592 4790 sunt.

2007 4832 2141 4887 Cum
2170 4832 2445 4902 discipulis
2469 4846 2596 4903 ergo
2622 4847 2726 4886 non
2759 4832 3078 4886 ascenderat
3108 4848 3121 4884 :
3154 4831 3264 4884 alia
3304 4831 3456 4885 navis
3484 4830 3593 4885 illic

2008 4938 2113 4979 non
2139 4932 2274 4979 erat.
2313 4924 2462 4979 Unde
2498 4923 2675 4979 subito
2715 4932 2862 4979 trans
2903 4939 3053 4978 mare
3088 4922 3260 4978 factus
3300 4930 3382 4977 est
3409 4920 3591 4986 Iesus,

2010 5016 2110 5069 nisi
2142 5016 2267 5084 quia
2299 5031 2461 5084 super
2488 5030 2639 5069 mare
2666 5015 2981 5079 ambulavit,
3010 5022 3069 5068 ut
3093 5014 3411 5069 miraculum
3441 5029 3594 5070 mon-

2007 5107 2240 5159 straret?
2262 5106 2329 5159 Et
2345 5123 2459 5160 cum
2484 5107 2795 5160 invenissent
2816 5124 2933 5161 eum
2947 5105 3130 5160 turbat.
3148 5106 3285 5161 Ecce
3304 5115 3596 5177 praesentat

2008 5211 2066 5251 se
2094 5197 2283 5260 turbis,
2319 5211 2349 5250 a
2394 5198 2590 5265 quibus
2617 5198 2730 5267 rapi
2759 5198 3043 5261 timuerat,
3072 5204 3128 5251 et
3162 5197 3216 5252 in
3245 5204 3482 5252 montem
3512 5196 3595 5250 fu-

2007 5296 2189 5357 gerat;
2222 5287 2441 5341 omnino
2467 5286 2797 5341 conﬁrmans
2820 5296 2875 5341 et
2910 5287 3189 5343 insinuans
3216 5287 3371 5344 nobis
3398 5287 3452 5342 in
3478 5303 3594 5359 my-

325 5386 456 5442 que,
479 5372 732 5441 quoniam
755 5372 990 5440 quinque
1020 5384 1119 5439 per
1144 5371 1400 5441 quinque,
1424 5370 1476 5425 id
1501 5379 1601 5435 est,
1623 5368 1909 5440 quinquies
2005 5373 2169 5429 sterio
2207 5374 2349 5429 dicta
2388 5388 2508 5429 esse
2545 5373 2634 5428 illa
2675 5375 2857 5429 omnia
2884 5390 2898 5428 :
2928 5383 2981 5429 et
3020 5373 3161 5431 facta
3190 5375 3244 5433 in
3282 5391 3477 5447 magno
3507 5392 3595 5430 sa-

325 5463 500 5533 qnini,
524 5461 735 5518 faciunt
761 5462 953 5533 viginti
980 5460 1244 5530 quadrato
1270 5478 1512 5527 numero,
1542 5462 1791 5533 quinario
1815 5477 1873 5517 su
1890 5491 1906 5501 -

401 5587 426 5613 ι
469 5573 528 5628 S.
570 5574 917 5642 Augustinus,
949 5574 1051 5629 loc.
1083 5571 1173 5625 cit.
1199 5588 1345 5624 num.
1375 5572 1428 5625 5.

404 5644 430 5682 ι’
472 5642 600 5698 Ibid.
628 5660 755 5698 num
811 5643 861 5695 6.

2004 5474 2299 5530 cramento,
2328 5475 2386 5520 ut
2409 5465 2609 5536 aliquid
2630 5465 3014 5536 signiﬁcarent.
3044 5465 3184 5523 Ecce
3210 5468 3363 5524 adest
3390 5467 3478 5522 ille
3498 5465 3591 5535 qui

2081 5590 2100 5615 π
2144 5575 2277 5631 Ibid.
2306 5590 2451 5629 num.
2482 5574 2533 5626 7.

2078 5648 2102 5686 ἀ
2145 5646 2201 5700 S.
2232 5647 2365 5717 Aug.
2399 5645 2499 5699 loc.
2527 5646 2618 5701 cit.
2650 5660 2797 5699 num.
2825 5646 2878 5713 8,
2910 5648 2963 5711 9,
2998 5644 3081 5700 10.
