4000 6190
482 309 585 360 827

1349 302 1408 354 Β.
1451 301 1510 353 l".
1549 294 1774 352 ALBINI
1813 293 1944 347 SEU
1984 289 2257 345 ΑιουιΝι
2295 285 2577 343 OPERUM
2613 279 2792 338 PARS
2825 281 2889 335 11.

3623 273 3746 326 Βές

485 429 536 480 in
572 434 808 483 montem
847 422 1053 490 fugerat
1091 417 1301 477 turbas;
1344 425 1520 466 nonne
1552 424 1673 463 cum
1715 407 1844 476 ipsis
1884 403 2055 456 turbis
2086 416 2128 469 Α
2158 398 2347 451 ramini
2370 413 2474 450 non
2499 394 2669 447 cibum
2690 393 2780 460 qui
2799 393 2950 461 perit,
2974 390 3064 444 sed
3091 389 3182 453 qui
3202 394 3465 457 permanet
3498 383 3552 436 in
3577 387 3738 436 vitam

480 517 748 588 loquitur?
771 512 926 566 modo
957 519 1196 570 teneant,
1225 505 1384 558 modo
1413 517 1593 571 regem
1620 500 1836 553 faciant.

547 610 710 663 Vens.
750 605 840 658 25.
875 633 944 642 -
985 601 1052 654 Et
1091 615 1204 651 cum
1236 596 1546 650 invenissent
1576 607 1693 645 eum
1719 599 1863 643 trans
1891 604 2052 648 mare,

473 700 714 752 dixerunt
743 694 791 747 ei
814 711 830 746 :
859 692 1040 753 Rabbi,
1071 687 1280 759 quando
1306 686 1405 738 huc
1442 681 1662 736 venisti?
1690 679 1780 733 Ille
1809 689 1930 747 post
1959 677 2058 730 mi-

476 788 643 842 raculi
668 792 1064 839 sacramentum
1085 821 1098 844 ,
1136 787 1190 833 et
1216 790 1519 831 sermonem
1555 772 1744 834 infert,
1773 776 1833 823 ut
1869 769 1912 822 si
1942 767 2054 820 ﬁeri

475 888 670 952 potest,
695 877 786 948 qui
819 874 956 944 pasti
984 880 1127 933 sunt,
1161 876 1472 938 pascantur,
1499 872 1554 918 et
1577 875 1804 930 quorum
1843 857 2059 912 satiavit

476 947 988 1039 panibusventrem,
1018 961 1177 1014 satiet
1197 955 1537 1011 sermonibus
1559 959 1812 1010 mentem,
1836 947 1930 1002 sed
1957 947 2055 1008 sic,

479 1035 536 1113 ut
559 1065 807 1127 captant;
836 1061 889 1108 et
929 1052 975 1105 si
1014 1065 1120 1102 non
1147 1046 1396 1114 capiunt,
1424 1048 1638 1096 sumant
1668 1037 1808 1106 quod
1847 1035 2061 1104 capiant

479 1151 662 1222 [Aug.,
692 1155 936 1201 sumatur
959 1141 1099 1210 quod
1129 1154 1234 1192 non
1262 1132 1524 1203 capiunt],
1551 1145 1617 1183 ne
1641 1128 1946 1222 fragmenta.
1968 1138 2060 1192 pe—

479 1212 652 1295 reant.
671 1239 945 1305 Loquatur
965 1246 1092 1299 ergo
1105 1228 1388 1287 Dominus,
1406 1231 1459 1276 et
1478 1219 1758 1274 audiamus
1785 1212 1949 1286 [quod
1978 1228 2061 1266 se-

477 1331 682 1399 quitur]
704 1345 714 1378 :
733 1304 919 1395 (Vsus.
941 1319 1030 1391 26)
1063 1314 1342 1385 Respondit
1364 1311 1598 1373 lesus,et
1625 1307 1757 1360 dixit
1777 1304 2060 1357 eis:Amen

477 1436 629 1476 amen
657 1394 774 1472 dico
805 1415 966 1475 vobis,
994 1409 1226 1481 qua'ritis
1254 1422 1354 1468 me,
1374 1420 1474 1456 non
1506 1401 1630 1470 quia
1658 1396 1860 1450 vidistis
1890 1394 2058 1462 signa,

477 1515 565 1568 sed
589 1513 711 1582 quia
735 1503 1088 1562 manducastis
1112 1517 1176 1554 ea:
1196 1497 1416 1570 panibus
1443 1493 1591 1555 meis,
1607 1500 1653 1542 et
1674 1485 1898 1542 saturati
1918 1485 2059 1536 estis.

479 1579 702 1673 Propter
730 1613 950 1656 carnem
986 1611 1072 1650 me
1108 1591 1377 1662 quaeritis,
1418 1602 1521 1640 non
1550 1590 1769 1652 propter
1794 1579 2060 1648 spiritum.

477 1669 652 1764 Quam
681 1693 833 1747 multi
868 1706 973 1744 non
1014 1692 1261 1757 quaerunt
1292 1681 1504 1739 Jesum,
1545 1675 1646 1729 nisi
1675 1681 1736 1727 ut
1763 1671 1868 1725 illis
1907 1669 2066 1723 faciat

2157 498 2423 542 a’ternam.
2455 483 2698 538 Carnalis
2723 483 2874 537 cibus
2898 480 3060 548 perit.
3090 474 3348 547 spiritalis
3370 487 3497 529 vero
3520 486 3739 541 per-ma-

2157 585 2269 639 net,
2295 590 2455 644 quem
2484 573 2651 626 Filius
2675 572 2908 626 hominis
2931 569 3085 624 vobis
3112 567 3279 623 dabit.

2229 681 2390 753 524
2431 680 2584 734 Hunc
2622 695 2742 748 ergo
2787 677 2947 731 Pater
2985 674 3297 746 significavit
3338 671 3466 742 [Al.,
3493 669 3741 742 signauit]

2158 776 2318 830 Deus.
2354 793 2370 823 ι
2418 786 2440 812 ι·
2474 771 2638 826 Istum
2679 770 2846 822 ﬁlium
2884 767 3119 823 hominis
3157 764 3322 818 nolite
3362 764 3440 818 sic
3475 763 3746 831 accipere,

2157 865 2310 934 quasi
2341 863 2475 916 alios
2510 860 2650 914 ﬁlios
2685 857 2945 919 hominis,
2984 856 3183 925 quibus
3211 855 3410 909 dictum
3447 862 3532 907 est
3561 871 3574 906 :
3612 851 3757 907 Filii;

2159 965 2331 1008 autem
2361 940 2628 1006 hominum
2665 951 2719 1002 in
2745 949 3061 1018 protectione
3089 945 3296 999 alarum
3323 957 3535 998 tuarum
3555 960 3741 1014 spera-

2166 1046 2288 1098 bunt
2335 1041 2505 1112 (Psal.
2537 1041 2723 1110 xxxv).
2755 1039 2861 1093 [ste
2909 1037 3050 1091 ﬁlius
3091 1035 3326 1090 hominis
3374 1041 3744 1102 sequestratus

2160 1137 2390 1206 quadam
2420 1133 2588 1204 gratia
2619 1132 2714 1186 Dei
2745 1139 2829 1185 est
2860 1147 2889 1183 a
2919 1129 3132 1184 caeteris
3160 1127 3286 1181 ﬁliis
3309 1127 3611 1182 hominum.
3640 1124 3747 1180 Iste

2163 1223 2304 1277 ﬁlius
2352 1221 2608 1285 hominis,
2641 1226 2896 1288 exceptus
2945 1235 2974 1271 a
3019 1231 3241 1271 numero
3271 1217 3570 1276 hominum,
3603 1215 3752 1269 ﬁlius

2163 1314 2396 1369 hominis
2420 1323 2522 1367 est.
2551 1313 2654 1366 Iste
2681 1311 2823 1364 ﬁlius
2869 1309 3102 1363 hominis
3129 1316 3180 1361 et
3205 1305 3371 1359 Filius
3398 1306 3490 1358 Dei
3517 1315 3619 1368 est,
3649 1307 3750 1359 iste

2164 1407 2346 1466 homo,
2374 1406 2534 1457 etiam
2566 1402 2708 1455 Deus
2745 1408 2847 1455 est.
2881 1419 2899 1451 ι
2929 1398 3081 1454 Unde
3123 1407 3178 1451 et
3223 1397 3336 1466 ipsa
3379 1396 3590 1449 Veritas
3630 1411 3758 1464 qua:

2167 1506 2292 1551 tunc
2312 1495 2631 1563 loquebatur
2653 1493 2719 1546 ad
2749 1491 2960 1545 Judtcos
2987 1498 3043 1544 et
3068 1504 3207 1543 nunc
3235 1487 3485 1542 omnibus
3514 1487 3756 1553 loquitur

2167 1602 2264 1655 per
2289 1583 2608 1652 evangelicae
2631 1579 3032 1651 praedicationis
3051 1578 3235 1641 verba,
3257 1585 3313 1630 et
3331 1576 3453 1646 quis
3473 1577 3544 1628 sit
3571 1584 3758 1628 osten—

2167 1677 2265 1739 dit,
2297 1690 2401 1728 non
2428 1673 2640 1743 qualem
2665 1686 2786 1726 esse
2815 1669 3027 1740 plurimi
3062 1675 3186 1722 tunc
3210 1667 3636 1725 :estimaverunt,
3672 1666 3756 1717 vel

478 1755 614 1841 bene
641 1782 932 1838 secundum
967 1755 1204 1845 tempus!
1235 1772 1385 1826 Alius
1411 1767 1682 1838 negotium
1709 1762 1890 1822 habet,
1918 1774 2062 1828 quae-
2096 1767 2136 1824 Β
2167 1764 2328 1816 etiam
2360 1778 2502 1816 nunc
2529 1763 2818 1817 testimant.
2858 1757 3146 1826 Subjunsit
3192 1771 3319 1810 vero
3359 1775 3373 1809 :
3416 1755 3572 1808 Hunc
3614 1757 3753 1808 enim

478 1877 550 1930 rit
574 1872 1013 1927 intercessionem
1052 1865 1403 1924 clericorum;
1443 1859 1579 1912 alius
1617 1855 1878 1925 premitur
1913 1869 1942 1904 a
1969 1865 2064 1919 po-

479 1971 643 2025 tente,
675 1959 875 2030 refugit
901 1955 1050 2028 [Ms.,
1083 1970 1110 2007 a
1133 1951 1436 2022 potentiore
1459 1945 1612 2016 fugit]
1641 1945 1705 1998 ad
1733 1940 2058 2003 Ecclesium;

478 2049 616 2104 alius
644 2049 758 2103 vult
793 2063 890 2116 pro
919 2060 982 2100 se
1010 2041 1320 2099 interveniri
1365 2037 1504 2107 apud
1534 2050 1656 2089 eum
1693 2040 1879 2088 contra
1906 2043 2063 2097 quem

486 2142 666 2214 [Aug.,
695 2138 836 2207 apud
863 2133 1046 2205 quem]
1084 2146 1272 2202 parum
1311 2128 1453 2181 valet
1487 2145 1498 2178 :
1535 2127 1622 2178 ille
1661 2125 1758 2186 sic,
1800 2123 1900 2174 iste
1938 2133 2066 2172 vero

483 2208 606 2294 sic;
626 2228 880 2296 impletur
899 2222 1138 2292 quotidie
1161 2218 1356 2272 talibus
1382 2213 1620 2269 Ecclesia
1657 2231 1668 2263 :
1699 2213 1782 2263 vix
1808 2208 2068 2278 quaeritur

480 2319 639 2376 Jesus
663 2325 884 2386 propter
909 2312 1111 2367 Jesum.
1144 2307 1389 2372 Oua’ritis
1419 2321 1516 2363 me,
1557 2319 1660 2356 non
1700 2301 1823 2369 quia
1869 2297 2067 2352 vidistis

481 2411 650 2479 signa,
679 2405 767 2459 sed
799 2403 924 2473 quia
952 2397 1308 2454 manducastis
1333 2410 1398 2447 ex
1425 2392 1647 2462 panibus
1676 2390 1822 2442 meis.

556 2499 720 2553 Vsus.
755 2495 844 2547 27.
885 2522 954 2532 -—
991 2487 1294 2560 Operamini
1323 2502 1423 2538 non
1455 2482 1648 2545 cibum,
1683 2480 1772 2550 qui
1798 2479 1948 2548 perit,
1979 2477 2069 2530 sed

475 2590 568 2658 qui
598 2591 867 2656 permanet
895 2581 948 2634 in
974 2581 1134 2633 vitam
1157 2586 1426 2630 a'ternam.
1455 2571 1709 2638 Qumritis
1737 2584 1821 2623 me
1852 2576 2072 2637 propter

482 2656 650 2733 aliud,
681 2675 908 2741 qumrite
942 2683 1026 2723 me
1063 2673 1282 2735 pro,.ter
1327 2678 1430 2717 me.
1473 2661 1720 2730 Seipsum
1758 2659 1903 2713 enim
1941 2656 2073 2710 insi-

484 2773 612 2821 nuat
646 2765 803 2820 istum
832 2760 1035 2822 cibum,
1065 2758 1156 2826 qui
1185 2754 1317 2826 [Al.,
1351 2751 1516 2823 quod]
1545 2753 1597 2805 in
1617 2748 2072 2817 consequentibus

482 2856 767 2919 illucescit,
793 2869 945 2925 quem
963 2850 1135 2904 Filius
1167 2849 1392 2902 hominis
1419 2843 1561 2898 dabit
1590 2843 1752 2897 vobis.
1783 2843 2073 2909 Exspecta—

485 2949 602 3012 bas,
632 2945 812 3007 credo,
842 2945 1035 2997 iterum
1059 2955 1226 3010 panes
1245 2937 1591 2999 manducare,
1615 2936 1811 2989 iterum
1840 2934 2072 2988 discum-

485 3041 634 3103 bere,
665 3037 860 3090 iterum
892 3032 1145 3103 saginari.
1191 3029 1297 3085 Sed
1341 3027 1468 3099 [Al.,
1514 3023 1884 3095 semetipsum]
1926 3024 2073 3078 dixe-

486 3138 590 3194 rat,
618 3128 788 3182 cibum
821 3142 925 3180 non
949 3125 1038 3194 qui
1065 3124 1220 3192 perit,
1247 3121 1336 3174 sed
1375 3120 1465 3190 qui
1507 3126 1770 3188 permanet
1816 3118 1870 3169 in
1911 3117 2070 3170 vitam

487 3229 755 3275 (sternam.
770 3237 788 3268 ι
810 3215 1070 3284 Superius
1095 3212 1327 3267 diximus
1347 3223 1537 3264 navem
1558 3208 1849 3262 Ecclesium
1872 3205 2073 3260 Christi

486 3309 815 3379 signiﬁcare,
840 3321 961 3375 qua:
983 3302 1392 3371 tempestatibus
1415 3297 1573 3367 hujus
1596 3298 1778 3352 saeculi
1807 3298 2070 3361 turbatur,

487 3405 544 3453 et
572 3397 882 3451 laborantes
912 3393 964 3445 in
1005 3405 1064 3445 se
1091 3397 1272 3458 portat
1307 3386 1461 3458 [Ms.,
1493 3387 1547 3439 in
1577 3400 1640 3440 ea
1679 3384 1974 3456 hortatur],
2014 3393 2075 3438 ut

493 3485 724 3542 viriliter
748 3483 1012 3544 laborent,
1041 3479 1212 3533 donec
1249 3476 1497 3530 Christus
1529 3475 1848 3543 comprimat
1881 3473 2076 3529 ﬂuctus

490 3572 943 3645 persecutionum,
966 3576 1022 3623 et
1040 3566 1229 3621 reddat
1253 3563 1618 3619 serenitatem.
1643 3563 1740 3618 Hic
1760 3578 1886 3617 vero
1908 3563 2038 3617 dicit
2058 3581 2070 3610 τ

491 3665 669 3720 Altera
700 3664 783 3717 die
825 3661 1001 3724 turba,
1026 3676 1142 3730 qua:
1172 3657 1341 3711 stabat
1392 3665 1538 3710 trans
1583 3672 1748 3720 mare,
1793 3656 1918 3708 vidit
1949 3657 2074 3724 quia

491 3756 602 3810 alia
628 3753 869 3807 navicula
892 3769 996 3804 non
1016 3759 1127 3804 erat
1149 3749 1220 3803 ibi
1243 3750 1343 3803 nisi
1367 3765 1489 3802 una.
1522 3747 1660 3814 Quid
1693 3756 1773 3802 est
1793 3748 1961 3802 altera
1990 3748 2075 3802 die

494 3844 711 3900 turbam
757 3851 904 3897 stare
949 3857 1112 3910 super
1163 3855 1345 3905 mare,
1396 3839 1499 3894 nisi
1543 3847 1664 3909 post
1708 3841 2075 3895 ascensionem

493 3935 697 3991 Christi
723 3936 878 3990 turba
909 3942 1058 3990 stans
1087 3933 1142 3987 in
1168 3934 1421 4002 operibus
1456 3932 1641 3997 bonis,
1672 3947 1777 3986 non
1808 3931 1996 4000 jacens
2021 3932 2076 3985 in

495 4030 726 4086 terrenis
756 4029 1088 4096 volutabris,
1121 4029 1215 4084 sed
1253 4035 1570 4098 exspectans
1610 4029 1752 4082 unde
1791 4028 1970 4082 veniat
2009 4028 2077 4081 ad

493 4137 586 4177 eos
609 4119 800 4175 Iesus?
831 4119 897 4173 Et
926 4120 1016 4174 hic
1044 4135 1152 4174 una
1191 4119 1344 4172 navis
1381 4118 1596 4181 dicitur,
1622 4119 1760 4172 sicut
1792 4118 1942 4186 prius
1968 4131 2076 4170 una

495 4213 598 4268 fuit
627 4211 867 4268 Ecclesia
896 4210 1126 4275 Christi,
1164 4210 1218 4263 in
1248 4224 1352 4277 qua
1384 4208 1470 4262 ille
1509 4207 1924 4279 praesentialiter
1957 4223 2076 4262 cor-

494 4316 625 4372 pore
654 4300 971 4356 versabatur
997 4316 1009 4352 :
1033 4313 1173 4353 nunc
1193 4312 1406 4367 quoque
1430 4313 1534 4350 una
1556 4304 1658 4361 est,
1683 4311 1802 4365 qute
1830 4296 2078 4350 similiter

495 4391 551 4446 in
580 4407 673 4462 spe
710 4397 985 4462 exspectat
1016 4387 1303 4445 adventum
1341 4387 1503 4444 illius.
1538 4388 1641 4443 Sed
1672 4387 1800 4458 quid
1825 4396 1907 4443 est
1933 4389 2075 4458 quod

2166 1851 2306 1904 Deus
2353 1848 2512 1902 Pater
2563 1848 2874 1918 signiﬁcavit
2931 1842 3078 1917 [Ms.,
3129 1842 3395 1914 signavit].
3453 1862 3470 1892 ι
3523 1842 3760 1911 Signare

2166 1942 2293 2010 quid
2318 1950 2422 2004 est,
2452 1941 2555 1994 nisi
2597 1939 2870 2008 proprium
2903 1937 3104 2005 aliquid
3145 1934 3378 2003 ponere?
3417 1933 3529 1987 Hoc
3564 1941 3649 1986 est
3686 1935 3771 1986 sim

2167 2047 2354 2101 gnare,
2385 2045 2585 2099 ponere
2614 2028 2838 2097 aliquid,
2871 2026 3012 2096 quod
3045 2024 3198 2096 [Ms.,
3230 2021 3360 2095 quo]
3390 2038 3494 2078 non
3524 2023 3755 2077 confun-

2169 2123 2328 2176 datur
2365 2136 2488 2175 eum
2533 2118 2765 2174 ceteris.
2801 2117 3027 2186 Signare
3064 2125 3145 2169 est
3181 2115 3391 2182 signum
3420 2114 3495 2166 rei
3533 2127 3756 2182 ponere.

2169 2211 2479 2279 Cuicunque
2525 2208 2600 2261 rei
2641 2207 2797 2276 ponis
2832 2206 3074 2275 signum,
3115 2203 3234 2258 ideo
3273 2202 3428 2272 ponis
3453 2202 3668 2272 signum
3696 2218 3758 2254 ne

2171 2297 2394 2354 confusa
2430 2311 2553 2351 cum
2584 2295 2704 2348 aliis
2727 2303 2833 2348 ate
2853 2308 2957 2346 non
2984 2292 3154 2360 possit
3178 2291 3418 2360 agnosci.
3451 2288 3610 2342 Pater
3631 2304 3762 2358 ergo

2176 2410 2287 2448 eum
2325 2391 2570 2460 signavit.
2600 2389 2738 2454 Quid
2767 2396 2852 2442 est
2886 2387 3148 2456 signavit?
3181 2387 3456 2455 proprium
3503 2384 3760 2453 quiddam

2172 2481 2244 2534 il'li
2276 2479 2441 2543 dedit,
2473 2493 2540 2532 ne
2568 2478 2780 2532 caeteris
2805 2485 3214 2546 compararetur
3257 2474 3596 2537 hominibus,
3641 2475 3764 2528 ideo

2172 2571 2374 2624 dictum
2402 2578 2486 2623 est
2521 2587 2532 2622 :
2569 2566 2731 2621 Unxit
2755 2578 2803 2621 te
2824 2567 2988 2630 Deus,
3012 2567 3150 2621 Deus
3177 2577 3296 2620 tuus
3320 2566 3434 2620 oleo
3455 2565 3762 2620 exsultatio-

2175 2659 2277 2724 nis,
2298 2675 2406 2728 prce
2425 2657 2765 2727 participibus
2785 2658 2888 2710 tuis
2909 2657 3080 2727 (Psal.
3105 2673 3252 2722 xuv,
3278 2657 3355 2728 8).
3379 2657 3522 2728 Ergo
3548 2659 3760 2727 signare

2174 2750 2302 2820 quid
2322 2750 2442 2804 est?
2471 2758 2756 2817 exceptum
2783 2749 3013 2812 habere;
3041 2750 3142 2804 hoc
3175 2758 3260 2804 est
3279 2762 3391 2818 prae
3409 2749 3764 2817 participibus

2177 2841 2300 2894 tuis.
2322 2839 2508 2909 Itaque
2528 2837 2714 2903 nolite,
2737 2839 2930 2906 inquit,
2955 2853 3042 2893 me
3065 2847 3430 2901 contemnere,
3473 2838 3597 2906 quia
3623 2837 3762 2891 ﬁlius

2177 2928 2410 2983 hominis
2437 2943 2578 2993 sum,
2607 2936 2664 2982 et
2691 2929 2916 2997 quaerite
2955 2944 2985 2981 a
3020 2941 3106 2980 me
3129 2925 3333 2990 cibum,
3363 2943 3467 2978 non
3493 2927 3582 2995 qui
3608 2926 3761 2994 perit,

2178 3020 2268 3076 sed
2296 3021 2387 3084 qui
2425 3029 2687 3089 permanet
2726 3020 2780 3071 in
2807 3019 2969 3071 vitam
2998 3028 3266 3071 (sternam.
3304 3015 3394 3070 Sic
3432 3017 3575 3070 enim
3623 3014 3768 3069 ﬁlius

2095 3096 2144 3155 θ’
2173 3113 2408 3167 hominis
2449 3119 2673 3172 sum,ut
2726 3125 2830 3164 non
2885 3109 2986 3163 sim
3031 3123 3170 3162 unus
3199 3123 3263 3162 ex
3291 3105 3468 3170 vobis;
3508 3108 3586 3160 sic
3639 3122 3774 3160 sum-

2175 3204 2315 3258 ﬁlius
2339 3202 2596 3265 hominis,
2630 3211 2689 3255 ut
2716 3202 2858 3255 Deus
2905 3200 3068 3254 Pater
3107 3213 3194 3254 me
3227 3200 3476 3269 signaret.
3517 3197 3652 3263 Quid
3678 3209 3776 3251 est

2173 3295 2418 3365 signare?
2453 3293 2730 3362 proprium
2770 3291 2971 3360 aliquid
3017 3290 3146 3344 mihi
3177 3290 3330 3354 dare,
3360 3303 3461 3358 quo
3491 3303 3596 3343 non
3628 3303 3769 3342 eon-

2173 3384 2426 3438 funderer
2445 3398 2568 3437 cum
2591 3396 2787 3452 genere
2809 3381 3068 3446 humano,
3092 3380 3185 3435 sed
3213 3396 3311 3450 per
3332 3395 3417 3434 me
3435 3379 3770 3433 liberaretur

2173 3488 2342 3545 genus
2372 3473 2686 3527 humanum.

2246 3565 2408 3620 Vens.
2447 3563 2537 3618 28.
2576 3593 2647 3602 —
2686 3562 2941 3616 Dixerunt
2968 3578 3089 3632 ergo
3118 3561 3188 3615 ad
3223 3578 3341 3615 eum
3380 3578 3398 3614 :
3439 3559 3579 3625 Quid
3603 3560 3767 3629 facie-

2175 3671 2311 3718 mus,
2343 3664 2398 3707 ut
2429 3669 2699 3722 operemur
2739 3668 2893 3722 opera
2925 3651 3065 3705 Dei?
3094 3651 3121 3691 δ
3145 3651 3368 3705 Dixerat
3413 3650 3558 3704 enim
3608 3647 3708 3703 illis
3743 3668 3756 3700 :

2177 3743 2480 3814 Operamini
2504 3757 2699 3805 escam,
2723 3757 2826 3794 non
2845 3757 2960 3812 qute
2987 3742 3143 3812 perit,
3166 3740 3256 3794 sed
3278 3755 3395 3810 quae
3416 3747 3680 3809 permanet
3704 3739 3764 3790 in

2175 3834 2335 3888 vitam
2373 3840 2642 3886 wternam.
2675 3827 2815 3893 Quid
2852 3828 3140 3898 faciemus,
3171 3827 3456 3896 inquiunt?
3497 3825 3626 3896 quid
3665 3824 3764 3879 ob-

2175 3922 2463 3984 servando,
2490 3919 2592 3973 hoc
2617 3927 2944 3988 praaceptum
2967 3917 3192 3986 implere
3218 3916 3552 3986 poterimus?
3577 3915 3764 3985 (Vens.

2175 4010 2289 4079 29.)
2318 4009 2600 4081 Respondit
2627 4009 2782 4063 Jesus
2801 4047 2816 4073 ,
2847 4017 2894 4062 et
2919 4006 3055 4062 dixit
3083 4009 3157 4062 eis
3187 4024 3206 4061 :
3238 4006 3354 4060 Hoc
3383 4016 3457 4061 est
3492 4023 3619 4076 opus
3646 4005 3741 4058 Dei
3752 4047 3775 4067 ,.

2175 4114 2231 4158 ut
2255 4102 2478 4156 credatis
2507 4101 2562 4155 in
2586 4117 2706 4154 eum
2733 4116 2886 4170 quem
2909 4100 3047 4153 misit
3070 4098 3178 4152 ille.
3204 4097 3317 4152 Hoc
3337 4107 3422 4152 est
3461 4111 3592 4166 ergo
3616 4111 3770 4150 man—

2176 4195 2378 4250 ducare
2405 4193 2587 4249 cibum
2631 4206 2736 4246 non
2777 4191 2868 4260 qui
2915 4191 3084 4260 perit,
3127 4189 3221 4244 sed
3267 4189 3359 4258 qui
3395 4195 3678 4258 permanet
3710 4187 3766 4239 in

2175 4295 2435 4341 :eternum
2459 4282 2610 4356 [Ms.,
2633 4284 2689 4336 in
2711 4282 2876 4337 vitam
2895 4279 3197 4352 aeternam].
3222 4280 3293 4336 Ut
3317 4279 3442 4349 quid
3458 4294 3620 4349 paras
3641 4279 3769 4331 der.-

2178 4385 2288 4431 tem
2316 4383 2372 4430 et
2399 4372 2675 4428 ventrem?
2710 4371 2911 4437 Crede,
2941 4380 2998 4426 et
3032 4370 3389 4426 manducasti.
3432 4369 3769 4423 Discernitur

580 4437 673 4462 η.-
713 4437 985 4462 -.-Ἵππη
1016 4437 1303 4445 __.----_-_
1341 4437 1502 4444 ---ην
1539 4437 1641 4443 ---
1677 4437 1800 4458 γη
1829 4437 1906 4443 ---
1936 4437 2075 4458 Ἰ---

497 4480 617 4535 alite
642 4495 808 4536 naves
845 4487 1116 4535 venerunt
1150 4495 1180 4534 a
1221 4478 1524 4544 Tiberiade,
1562 4479 1662 4534 nisi
1698 4479 2073 4534 haereticorum

2180 4467 2399 4536 quidem
2424 4464 2493 4520 ab
2521 4464 2774 4534 operibus
2802 4463 2954 4528 ﬁdes,
2977 4464 3117 4518 sicut
3144 4461 3429 4532 Apostolus
3445 4460 3597 4523 dicit,
3609 4459 3771 4528 justi-

496 4572 889 4633 conventicula,
919 4588 1039 4642 qua:
1061 4571 1242 4627 Jesum
1270 4587 1374 4626 uon
1403 4573 1611 4628 sincera
1652 4570 1755 4625 ﬁde
1795 4579 2072 4640 quaerunt;

498 4677 618 4733 qua:
645 4663 744 4716 sub
772 4661 894 4717 dolo
921 4661 1228 4716 calliditatis
1252 4676 1345 4715 sua
1373 4669 1642 4730 quaerunt,
1672 4676 1779 4714 non
1809 4675 1928 4729 quas
1954 4667 2077 4714 sunt

495 4753 624 4810 Jesu
660 4751 879 4826 (Philip.
921 4770 993 4818 ιι,
1026 4753 1137 4824 21).
1182 4753 1333 4808 Unde
1372 4761 1760 4821 consequenter
1805 4750 2079 4820 respondit

495 4845 579 4899 eis
607 4842 762 4899 Jesus
790 4858 804 4897 :
838 4847 999 4898 Amen
1023 4860 1173 4898 amen
1199 4842 1315 4897 dico
1349 4842 1492 4897 vobis
1512 4883 1527 4908 ,
1549 4843 1782 4913 quaeritis
1815 4858 1896 4894 me
1917 4881 1932 4905 ,
1973 4857 2075 4894 non

491 4937 619 5005 quia
647 4935 848 4990 vidistis
872 4935 1042 5004 signa,
1071 4933 1161 4988 sed
1187 4933 1308 5003 quia
1337 4931 1690 4986 manducastis
1729 4947 1792 4984 ex
1828 4930 2067 4999 panibus,

495 5035 545 5080 et
567 5025 792 5080 saturati
813 5025 956 5078 estis.
983 5023 1060 5078 De
1086 5022 1188 5076 illis
1213 5037 1340 5076 vero
1362 5023 1454 5091 qui
1475 5020 1698 5076 saturati
1725 5028 1869 5082 sunt,
1893 5019 1945 5072 in
1970 5018 2074 5073 alio

497 5115 632 5171 dicit
657 5115 989 5186 Evangelio:
1031 5111 1121 5168 Va:
1155 5113 1317 5178 vobis,
1357 5114 1447 5184 qui
1489 5112 1713 5166 saturati
1758 5111 1880 5165 estis
1921 5109 2069 5182 (Luc.

496 5220 574 5270 vt,
602 5203 714 5275 25).
749 5205 824 5259 De
851 5204 1209 5260 esurientibus
1236 5220 1366 5258 vero
1395 5205 1518 5258 vitae
1549 5216 1741 5273 panem
1771 5211 1826 5256 et
1853 5200 2075 5271 iustitiae

499 5296 878 5366 cognitionem,
911 5296 1105 5351 dicitur
1146 5315 1157 5348 :
1202 5295 1348 5349 Beati
1395 5296 1482 5366 qui
1529 5296 1763 5349 esuriant
1802 5302 1849 5347 et
1890 5293 2074 5348 sitiunt

495 5387 758 5454 justitiam
785 5387 998 5458 (Matth.
1032 5403 1084 5450 v,
1125 5385 1212 5455 6);
1245 5385 1313 5440 ad
1351 5400 1510 5454 quem
1549 5385 1727 5440 cibum
1757 5383 2076 5439 hortabatur

501 5489 594 5529 eos
623 5476 675 5530 in
703 5478 945 5546 sequenti
974 5493 1096 5533 mox
1123 5477 1370 5532 Christus
1407 5490 1652 5530 sermone
1683 5475 1868 5529 dicens
1897 5491 1908 5526 :
1945 5472 2077 5539 Ope-

575 5678 602 5706 ⁶
639 5665 695 5722 S.
727 5668 860 5738 Aug.
891 5671 990 5724 loc.
1023 5673 1114 5724 cit.
1145 5686 1290 5725 num.
1326 5671 1405 5724 ll.

2181 4559 2333 4628 ﬁcari
2361 4557 2620 4610 hominem
2649 4573 2742 4626 per
2777 4555 2956 4624 ﬁdem,
2995 4556 3106 4608 sine
3153 4554 3389 4625 operibus
3437 4553 3562 4623 legis
3593 4551 3765 4622 (Rom.

2184 4667 2266 4713 Ill,
2291 4648 2402 4719 28).
2442 4647 2511 4701 Et
2539 4655 2664 4701 sunt
2692 4661 2855 4715 opera
2893 4662 3014 4715 quas
3041 4646 3292 4700 videntur
3327 4643 3466 4699 bona
3510 4645 3624 4698 sine
3661 4641 3770 4696 ﬁde

2183 4743 2404 4808 Christi,
2434 4752 2490 4798 et
2529 4758 2636 4797 non
2675 4749 2800 4796 sunt
2831 4740 3004 4805 bona,
3037 4740 3161 4808 quia
3200 4754 3307 4793 non
3357 4736 3663 4792 referuntur
3693 4735 3769 4788 ad

2181 4852 2305 4892 eum
2332 4834 2491 4890 ﬁnem
2511 4849 2575 4888 ex
2603 4848 2711 4902 quo
2738 4839 2863 4887 sunt
2888 4830 3069 4885 omnia
3101 4829 3263 4884 bona.
3293 4826 3443 4881 Finis
3477 4827 3613 4880 enim
3639 4824 3768 4894 legis

2186 4924 2422 4979 Christus
2451 4923 2519 4976 ad
2537 4922 2799 4992 justitiam
2825 4921 2963 4975 omni
2995 4919 3222 4973 credenti
3253 4917 3425 4988 (Rom.
3456 4934 3512 4980 x,
3541 4915 3615 4985 4).
3643 4915 3772 4968 Ideo

2187 5016 2358 5070 noluit
2400 5015 2704 5069 discernere
2751 5010 2905 5064 ﬁdem
2937 5009 3005 5064 ab
3041 5024 3203 5078 opere
3224 5049 3238 5074 ,
3270 5009 3363 5063 sed
3395 5008 3566 5076 ipsam
3607 5004 3769 5059 ﬁdem

2186 5106 2320 5160 dixit
2345 5119 2460 5159 esse
2489 5118 2642 5173 opus.
2671 5101 2786 5172 lpsa
2809 5110 2891 5155 est
2919 5101 3063 5154 enim
3090 5098 3239 5160 ﬁdes,
3267 5113 3386 5168 qua:
3405 5113 3500 5167 per
3525 5095 3770 5151 dilectio~

2185 5213 2306 5252 nem
2336 5204 2590 5266 operatur
2615 5192 2757 5264 (Gal.
2787 5208 2840 5257 ν,
2877 5191 2953 5260 6).
2993 5190 3101 5245 Nec
3135 5191 3270 5246 dixit
3303 5208 3316 5242 :
3353 5189 3466 5244 Hoc
3509 5198 3592 5243 est
3631 5201 3774 5256 opus

2183 5295 2450 5350 vestrum;
2483 5284 2578 5339 sed
2601 5283 2736 5336 dixit
2764 5301 2777 5334 :
2820 5280 2935 5336 Hoc
2963 5292 3038 5336 est
3065 5298 3191 5352 opus
3225 5280 3354 5344 Dei,
3381 5289 3437 5332 ut
3465 5277 3685 5332 credatis
3710 5276 3774 5329 in

2182 5395 2298 5432 eum
2326 5392 2476 5447 quem
2504 5376 2642 5428 misit
2666 5373 2776 5440 ille,
2802 5384 2857 5428 ut
2881 5376 2972 5446 qui
3001 5374 3278 5446 gloriatur,
3319 5373 3376 5427 in
3401 5372 3630 5428 Domino
3657 5368 3772 5440 glo-

2185 5470 2345 5524 rietur
2373 5465 2425 5536 (I
2457 5465 2578 5519 Cor.
2606 5482 2646 5530 ι,
2679 5467 2790 5537 51).
2823 5466 2958 5534 Quia
3003 5481 3130 5536 ergo
3173 5463 3439 5522 invitabat
3470 5478 3569 5524 eos
3603 5462 3670 5516 ad
3705 5459 3774 5512 ﬁ-

2257 5664 2284 5702 b
2324 5663 2542 5730 Ibidem,
2569 5679 2714 5718 num.
2749 5664 2946 5731 12,15.
