4000 6190
282 330 389 387 8'29

1101 323 1510 380 EKEGETICA.
1535 353 1608 364 —
1645 320 2003 379 COMMENT.
2042 323 2109 376 ΙΝ
2146 323 2337 380 ιοΑΝ.
2368 356 2439 363 -
2468 325 2594 379 LIB.
2637 324 2702 379 111

3434 326 3541 380 8ἷο

281 456 427 516 dem,
455 445 528 500 illi
562 443 740 499 adhuc
777 437 1093 512 quaerebant
1123 437 1275 505 signa
1313 434 1509 505 quibus
1555 434 1857 491 crederent.
1888 435 1936 493 Δ
1964 436 2188 506 cipiens,
2213 438 2307 494 sed
2332 447 2514 493 tamen
2541 453 2729 494 carere
2759 440 3051 509 indigentia
3082 441 3295 507 volens;
3333 442 3434 506 Da,
3460 446 3535 498 iu-

286 543 419 601 Vide
443 541 491 596 si
523 553 631 593 non
652 534 823 590 Judaei
848 532 1000 602 signa
1027 527 1243 598 petunt?
1261 525 1449 599 (Vens.
1471 523 1585 596 50.)
1606 523 1864 578 Dixerunt

279 653 403 707 ergo
432 634 501 697 ei,
521 628 662 703 quod
682 643 804 697 ergo
829 635 886 679 tu
910 622 1041 693 facis
1061 622 1287 690 signum,
1314 626 1368 670 ut
1394 617 1659 670 videamus
1682 625 1730 668 et
1753 631 1863 668 cre-

279 703 471 782 damus
504 720 635 776 tibi?
671 716 799 789 quid
840 712 1110 784 aperaris?
1146 708 1415 762 Parumne
1454 713 1575 760 erat
1617 705 1760 775 quod
1796 703 1862 758 de

279 816 519 887 quinque
561 806 790 880 panibus
830 802 971 874 pasti
1016 800 1171 856 sunt?
1196 796 1447 887 Sciebant
1482 794 1584 848 hoc
1603 791 1858 887 quidem,

279 880 376 962 sed
405 880 533 960 huic
560 900 682 955 cibo
702 908 900 950 manna
929 892 996 947 de
1030 890 1169 946 casio
1195 883 1574 957 praeferebant.
1603 880 1860 936 Dominus

279 1006 462 1054 autem
490 992 648 1048 Iesus
674 988 834 1042 talem
870 1000 929 1040 se
955 981 1200 1045 dicebat,
1228 985 1289 1032 ut
1320 974 1486 1045 Moysi
1520 985 1861 1043 praeponere—

280 1100 390 1145 tur.
432 1085 549 1141 Non
590 1083 735 1137 enim
762 1092 925 1133 ausus
946 1081 1031 1129 est
1073 1071 1283 1141 Moyses
1312 1068 1379 1122 de
1414 1080 1475 1121 se
1508 1065 1687 1119 dicere
1716 1061 1859 1131 quod

276 1180 433 1233 daret
460 1175 655 1238 cibum,
682 1187 788 1225 non
821 1167 911 1239 qui
933 1165 1085 1236 perit,
1114 1162 1203 1217 sed
1231 1160 1320 1231 qui
1342 1158 1494 1213 habet
1524 1157 1678 1211 vitam
1711 1162 1859 1207 atter-

278 1283 404 1322 nam
429 1263 612 1336 [Aug.,
633 1260 724 1330 qui
747 1262 1015 1328 permanet
1045 1253 1101 1307 in
1127 1250 1287 1305 vitam
1317 1243 1613 1336 aeternam].
1640 1240 1858 1336 dliquid

277 1357 400 1427 plus
421 1330 771 1425 promittebat
786 1343 1045 1400 Dominus
1072 1352 1234 1408 quam
1260 1336 1484 1406 Moyses.
1500 1333 1616 1427 Per
1639 1330 1856 1427 Moysen

279 1422 476 1520 quippe
502 1438 919 1514 promittebatur
945 1446 1191 1505 regnum,
1220 1437 1277 1483 et
1297 1436 1448 1520 terra
1492 1423 1663 1520 fluens
1692 1422 1775 1477 lac
1803 1430 1860 1477 et

276 1512 742 1603 mel-,itemporalis
764 1542 866 1598 pax
886 1565 900 1589 ,
936 1520 1257 1578 abundantia
1286 1516 1541 1578 filiorum,
1568 1512 1713 1568 salus
1738 1527 1860 1566 cor—

276 1628 447 1699 poris,
476 1632 531 1679 et
558 1629 752 1677 caztera
781 1616 961 1672 omnia
989 1610 1301 1682 temporalia
1325 1606 1648 1699 quidem,in
1687 1603 1854 1699 figura

282 1695 459 1775 iumen
487 1712 771 1787 spiritalia,
800 1710 892 1781 qui
918 1706 1073 1780 [Ms.,
1103 1713 1158 1759 et
1191 1700 1340 1773 quia]
1365 1699 1537 1754 veteri
1570 1696 1774 1751 homini
1802 1695 1856 1749 in

276 1809 448 1865 veteri
500 1809 825 1861 testamento
876 1795 1290 1870 promittebatur
1341 1791 1525 1862 [Attg.,
1578 1787 1860 1858 pmmitte-
1893 1790 1932 1848 Β

277 1896 518 1969 bantur].
559 1891 920 1949 Attendebant
965 1895 1142 1943 autem
1188 1884 1450 1955 promissa
1494 1895 1591 1951 per
1637 1878 1855 1969 Moysen

278 1987 413 2061 HL,
437 1968 537 2056 per
557 1983 830 2039 Christum
872 1975 1085 2048 Moysi],
1115 1982 1172 2029 et
1206 1972 1556 2027 attendebant
1592 1968 1855 2038 promissa

277 2060 289 2149 ι
311 2095 376 2134 er
391 2077 594 2133 Jesum.
616 2073 710 2128 ille
729 2072 941 2143 plenum
962 2076 1206 2122 ventrem
1236 2061 1580 2134 promittebat
1605 2060 1659 2113 in
1688 2068 1853 2117 terra,

275 2147 372 2224 sed
413 2167 591 2223 cibum
629 2162 810 2236 [Aug.,
840 2157 983 2229 cibo]
1021 2157 1113 2226 qui
1154 2154 1323 2225 perit;
1371 2152 1474 2206 iste
1512 2147 1860 2219 promittebat

276 2258 469 2320 cibum,
500 2271 603 2307 non
621 2253 711 2324 qui
734 2250 887 2323 perit,
916 2247 1006 2302 sed
1032 2246 1121 2317 qui
1148 2250 1411 2315 permanet
1437 2241 1493 2293 in
1517 2241 1676 2293 vitam
1705 2247 1857 2293 teter-

278 2364 421 2401 nam.
462 2341 823 2399 Attendebant
855 2339 1000 2395 enim
1052 2335 1181 2407 [Αι.,
1219 2341 1429 2397 autem;
1463 2348 1561 2385 ms.
1607 2339 1656 2384 et
1701 2332 1857 2399 Aug.,

277 2436 430 2509 eum]
458 2436 578 2505 plus
601 2431 1021 2503 promittentem,
1049 2434 1106 2481 et
1138 2425 1289 2494 quasi
1325 2422 1563 2476 nondum
1605 2418 1861 2474 videbant

278 2528 485 2598 majora
512 2523 818 2579 facientem.
846 2517 1206 2573 Attendcbant
1228 2515 1414 2582 utique
1440 2513 1617 2583 qualia
1645 2511 1864 2565 fecisset

276 2620 512 2691 Moyses,
540 2624 596 2670 et
614 2614 789 2669 adhuc
818 2610 995 2680 aliqua
1024 2609 1230 2678 majora
1255 2605 1506 2660 volebant
1533 2604 1648 2658 ﬁeri
1677 2603 1746 2656 ab
1773 2617 1857 2665 eo,

274 2709 369 2779 qui
391 2717 503 2762 tam
528 2719 720 2775 magna
742 2700 1114 2772 pollicebatur.
1141 2696 1301 2762 Quid,
1331 2696 1596 2764 inquiunt,
1624 2694 1777 2763 facis,
1804 2702 1861 2746 ut

276 2797 551 2853 credamus
575 2795 707 2849 tibi?
733 2792 799 2846 Et
816 2798 875 2845 ut
894 2789 1172 2852 noveritis,
1193 2786 1318 2857 quia
1340 2784 1601 2840 miracula
1624 2783 1712 2838 illa
1735 2784 1861 2838 huic

276 2885 542 2943 miraculo
568 2883 973 2954 comparabant.
1000 2888 1056 2935 et
1087 2879 1206 2934 ideo
1234 2877 1388 2947 quasi
1423 2875 1629 2946 majora
1653 2876 1753 2929 ista
1775 2875 1862 2945 ju-

276 2977 550 3040 dicabant,
574 2989 736 3044 quam
765 2971 892 3045 [51s.
923 2979 970 3025 et
994 2972 1150 3040 Aug.,
1175 2966 1328 3037 quasi
1355 2967 1563 3021 minora
1587 2966 1688 3020 ista
1714 2965 1860 3036 judi-

276 3069 494 3134 cabant,
522 3065 664 3138 quae]
692 3080 811 3135 qua:
839 3062 1073 3118 faciebat
1096 3060 1272 3124 Jesus,

350 3160 516 3215 Vens.
541 3137 740 3213 5i.7—
772 3153 957 3208 Patres
982 3152 1165 3216 nostri,
1190 3150 1456 3218 inquiunt,
1487 3164 1683 3202 manna
1711 3164 1861 3201 man—
1887 3137 1931 3198 C

276 3252 599 3306 ducaverunt
639 3250 696 3303 in
740 3248 962 3303 deserto.
1014 3245 1121 3301 Sed
1166 3244 1295 3314 quid
1334 3252 1415 3297 est
1456 3240 1687 3305 manna?
1723 3240 1862 3295 forte

279 3341 650 3404 contemnitis;
683 3340 822 3395 sicut
858 3337 1117 3406 scriptum
1158 3341 1243 3390 est
1279 3351 1292 3386 :
1332 3332 1488 3387 Dedit
1520 3331 1628 3386 illis
1668 3348 1863 3386 manna

277 3427 619 3483 manducare.
642 3425 748 3481 Per
767 3424 980 3496 Moysen
1010 3431 1191 3493 patres
1221 3422 1391 3476 nostri
1416 3434 1607 3490 panem
1635 3420 1702 3476 de
1727 3418 1864 3475 ecelo

279 3523 626 3586 acceperunt,
653 3522 711 3568 et
735 3528 839 3569 non
877 3513 958 3568 eis
986 3513 1170 3567 datum
1209 3508 1337 3582 (Ms.
1366 3519 1415 3563 et
1446 3510 1600 3580 Aug.,
1638 3508 1862 3581 dictum]

277 3615 367 3663 est
390 3623 421 3660 a
452 3605 632 3678 Moyse
657 3623 671 3659 :
695 3605 995 3675 Operamini
1020 3602 1211 3667 cibum,
1236 3602 1325 3674 qui
1352 3618 1456 3657 non
1486 3604 1643 3673 perit,
1658 3602 1752 3656 sed
1774 3603 1864 3672 qui

277 3705 546 3769 permanet
570 3697 625 3750 in
650 3696 808 3750 vitam
837 3703 1106 3759 veternum,
1128 3703 1191 3749 et
1217 3701 1273 3747 tu
1311 3707 1417 3748 non
1447 3693 1570 3747 talia
1598 3693 1862 3763 cperaris,

283 3788 470 3860 qualia
510 3787 736 3860 Moyses.
767 3786 944 3841 Panes
974 3785 1305 3840 hordeaceos
1332 3784 1422 3839 ille
1448 3801 1552 3839 non
1576 3785 1742 3849 dedit,
1771 3784 1865 3838 sed

280 3898 479 3938 manna
505 3882 571 3937 de
594 3879 752 3952 525
772 3878 1133 3949 cmlo.(Vens.
1157 3876 1248 3941 52,
1262 3876 1374 3947 55.)
1391 3876 1531 3931 Dixit
1550 3893 1671 3946 ergo
1690 3876 1765 3930 eis
1776 3876 1867 3929 Je-

279 3991 374 4028 sus
411 3988 430 4026 :
466 3973 626 4027 Amen
656 3988 805 4026 amen
838 3971 954 4025 dico
979 3970 1116 4025 vobis
1135 4009 1150 4033 ,
1181 3986 1284 4023 non
1321 3967 1527 4039 Moyses
1559 3969 1698 4022 dedit
1728 3967 1865 4022 vobis

278 4080 469 4136 panem
494 4064 556 4116 de
585 4062 726 4123 caelo,
761 4062 852 4116 sed
883 4061 1044 4116 Pater
1067 4077 1213 4114 meus
1251 4059 1392 4113 dedit
1420 4059 1560 4113 vobis
1590 4075 1777 4130 panem
1802 4059 1866 4112 de

280 4154 431 4209 ratio.
474 4154 647 4208 Verus
685 4153 822 4206 enim
858 4152 1010 4223 panis
1035 4160 1132 4215 est,
1165 4151 1254 4221 qui
1301 4150 1365 4203 de
1401 4149 1527 4204 caelo
1579 4149 1862 4213 descendit,

280 4256 333 4301 et
365 4249 456 4299 dat
487 4246 644 4299 vitam
670 4242 886 4298 mundo.
932 4242 1106 4298 Verus
1145 4256 1275 4311 ergo
1315 4240 1403 4295 ille
1442 4240 1597 4310 panis
1631 4248 1735 4304 est,
1772 4240 1864 4308 qui

283 4338 381 4392 dat
418 4335 584 4389 vitam
629 4334 850 4399 mundo,
892 4340 948 4388 et
984 4333 1098 4402 ipse
1133 4332 1287 4387 cibus
1317 4338 1420 4397 est,
1453 4331 1518 4386 de
1555 4345 1662 4399 quo
1705 4330 1866 4401 paulo

285 4437 413 4483 ante
460 4427 669 4481 locutus
693 4441 811 4481 sum
853 4444 865 4478 :
916 4425 1217 4495 Operamini
1254 4424 1441 4486 cibum,
1464 4425 1553 4496 qui
1583 4440 1686 4477 non
1709 4424 1862 4494 perit,

284 4521 375 4573 sed
415 4519 503 4588 qui
538 4524 806 4588 permanet
849 4516 906 4589 in
951 4516 1108 4569 vitam
1153 4510 1426 4569 teternam.
1463 4513 1605 4584 Ergo
1646 4520 1701 4568 et
1734 4512 1864 4567 illud

283 4624 482 4663 manna
525 4611 627 4662 hoc
671 4604 1035 4677 signiﬁcabat,
1080 4612 1136 4659 et
1182 4604 1269 4658 illa
1314 4604 1496 4659 omnia
1542 4603 1694 4675 signa
1746 4618 1865 4658 mea

286 4705 459 4752 erant.
484 4694 649 4767 Signa
670 4709 791 4749 mea
809 4695 1101 4758 dilexistis;
1125 4693 1265 4762 quod
1287 4693 1661 4764 significabant
1682 4692 1863 4766 [Aug.,

286 4789 381 4858 qui
428 4784 877 4859 significabatur],
927 4784 1290 4839 contemnitis.
1329 4783 1446 4838 Non
1489 4799 1616 4854 ergo
1660 4784 1872 4855 Moyses

287 4878 435 4933 dedit
461 4891 654 4948 panem
682 4877 749 4930 de
785 4875 950 4940 caelo;
996 4873 1139 4928 Deus
1172 4873 1266 4928 dat
1307 4889 1531 4943 panem;
1570 4874 1664 4930 sed
1706 4889 1866 4944 quem

289 4967 515 5037 panem?
542 4964 683 5021 forte
709 4965 944 5020 manna?
970 4979 1107 5029 non;
1140 4964 1235 5019 sed
1266 4978 1478 5033 panem,
1509 4979 1668 5033 quem
1704 4965 1869 5036 signi-

287 5060 472 5118 ﬁcavit
496 5076 716 5125 manna,
746 5059 922 5130 ipsum
953 5058 1158 5115 scilicet
1177 5056 1460 5111 Dominum
1481 5056 1683 5113 Jesum.
1710 5058 1871 5111 Pater

286 5168 435 5211 meus
461 5151 551 5206 dat
572 5152 712 5206 vobis
739 5168 926 5223 panem
948 5166 1145 5206 verum.
1172 5148 1334 5204 Panis
1359 5163 1520 5204 verus
1540 5148 1633 5203 Dei
1654 5155 1755 5214 est,
1778 5148 1869 5218 qui

289 5241 571 5298 descendit
589 5242 656 5296 de
677 5241 838 5307 casio,
860 5248 916 5295 et
943 5241 1034 5295 dat
1055 5240 1218 5294 vitam
1249 5237 1466 5292 mundo.

364 5335 525 5389 Vsus.
557 5333 645 5388 54.
672 5364 743 5375 -
761 5333 1018 5387 Dixerunt
1045 5348 1165 5403 ergo
1189 5332 1257 5386 ad
1286 5347 1403 5384 eum
1422 5344 1441 5381 :
1465 5328 1707 5393 Domine,
1738 5345 1872 5384 sent-

289 5442 386 5496 per
404 5425 476 5479 da
506 5425 651 5480 nobis
675 5439 863 5495 panem
888 5422 1046 5476 hunc.
1075 5421 1349 5488 Quomodo
1366 5420 1560 5475 mulier
1589 5413 1746 5492 [illa]
1774 5417 1873 5474 Sa-

294 5516 588 5580 maritana,
617 5516 702 5570 cui
733 5515 936 5570 dictum
964 5518 1076 5576 est,
1121 5509 1223 5575 Qui
1249 5510 1427 5565 biberit
1452 5510 1518 5564 de
1552 5510 1651 5564 hac
1701 5525 1870 5580 aqua,

296 5624 403 5662 non
421 5608 558 5661 sitiet
584 5622 831 5676 unquam,
846 5604 1102 5659 continuo
1127 5600 1213 5655 illa
1242 5601 1531 5654 secundum
1563 5616 1760 5671 corpus
1785 5616 1874 5656 ac-

372 5734 397 5762 ε·
440 5720 572 5776 Vide
610 5720 669 5776 S.
700 5720 837 5790 Aug.
861 5720 961 5775 loc.
1003 5717 1282 5780 cit.,num.
1316 5711 1397 5776 li,
1434 5713 1516 5777 iii,
1558 5714 1643 5777 16,
1672 5713 1868 5778 i8,19.

1966 528 2102 599 quit,
2115 529 2266 592 mihi,
2287 528 2532 594 Domine,
2555 528 2621 583 de
2643 530 2742 583 hac
2758 546 2929 601 aqua;
2970 530 3049 586 sic
3074 540 3129 586 ct
3159 532 3272 597 isti,
3294 531 3539 599 Domine,

1961 618 2034 672 da
2081 617 2230 673 nobis
2253 635 2437 688 panem
2475 620 2636 684 hunc,
2664 620 2756 689 qui
2789 635 2887 675 nos
2924 620 3153 685 reﬁciat,
3176 637 3276 677 nec
3304 623 3537 678 deficiat.

2547 749 2773 806 CAPUT
2811 751 2948 806 XIV.

1961 839 2163 893 Panem
2186 841 2306 893 vin
2337 858 2392 895 se
2426 840 2572 904 dicit,
2605 851 2652 894 et
2690 852 3070 895 resurrecturos
3100 842 3362 896 credentes
3391 844 3445 895 in
3488 861 3541 897 se

2116 926 2121 931 ·
2502 911 2558 963 in
2582 911 2858 963 novissimo
2884 910 2986 964 die.

2032 996 2194 1051 Vens.
2227 996 2315 1051 55.
2346 1026 2418 1037 —
2444 997 2588 1050 Dixit
2609 1014 2731 1066 ergo
2772 1000 2844 1051 eis
2866 998 3061 1056 Jesus:
3092 1000 3204 1068 Ego
3237 1018 3353 1054 sum
3386 1003 3539 1072 panis

1957 1085 2078 1138 vita!
2097 1083 2249 1155 [Ms.,
2280 1085 2466 1156 vivus].
2498 1085 2602 1150 Qui
2629 1088 2764 1139 venit
2792 1087 2861 1140 ad
2883 1102 2983 1151 me,
3016 1105 3119 1141 non
3141 1092 3353 1153 esuriet,
3376 1101 3422 1144 et
3450 1093 3541 1161 qui

1958 1175 2121 1228 credit
2148 1174 2203 1228 in
2225 1191 2448 1241 me,non
2472 1176 2612 1230 sitiet
2654 1192 2902 1246 unquam.
2943 1189 2969 1216 ι
2997 1174 3101 1240 Qui
3142 1179 3278 1230 venit
3314 1179 3382 1230 ad
3419 1195 3527 1241 me,

1958 1266 2063 1321 hoc
2089 1276 2174 1321 est
2193 1267 2335 1336 quod
2360 1266 2455 1329 ait,
2486 1277 2535 1321 et
2560 1269 2650 1335 qui
2676 1267 2841 1321 credit
2878 1268 2934 1321 in
2962 1283 3045 1320 me
3072 1286 3090 1320 .·
3118 1276 3175 1322 et
3206 1269 3347 1336 quod
3371 1270 3540 1333 dixit,

1960 1372 2063 1409 non
2081 1358 2291 1421 esuriet,
2311 1358 2411 1411 hoc
2438 1356 2840 1427 intelligendum
2870 1366 2975 1422 est,
3003 1373 3107 1410 non
3129 1359 3267 1411 sitiet
3290 1374 3541 1427 unquam.

1959 1444 2201 1514 Utroque
2223 1446 2367 1500 enim
2394 1446 2483 1500 illa
2506 1444 2841 1513 significatur
2893 1455 3094 1499 aeterna
3151 1445 3405 1510 satietas,
3450 1444 3539 1499 ubi

1959 1540 2102 1594 nulla
2124 1549 2209 1594 est
2230 1548 2461 1609 egestas.
2478 1538 2679 1593 Panem
2697 1538 2762 1592 de
2785 1536 2924 1593 cmlo
2944 1536 3284 1597 desideratis,
3299 1546 3424 1590 ante
3450 1551 3545 1589 vos

1958 1628 2189 1691 habetis,
2215 1638 2272 1683 et
2295 1644 2399 1683 non
2431 1628 2790 1684 manducatis.
2828 1627 3011 1695 (Vnus.
3037 1626 3149 1692 56).
3181 1625 3286 1681 Sed
3308 1626 3418 1680 dixi
3454 1643 3541 1680 vo-

1960 1719 2067 1785 bis,
2107 1721 2232 1790 quia
2262 1729 2310 1774 et
2342 1719 2539 1773 vidistis
2580 1734 2681 1782 me,
2705 1728 2754 1772 et
2783 1734 2885 1772 non
2915 1716 3207 1771 credidistis
3252 1715 3429 1784 (Rom.
3454 1732 3537 1779 ιιι,

1959 1811 2035 1881 5).
2069 1808 2176 1866 Sed
2202 1825 2308 1865 non
2335 1810 2456 1864 ideo
2469 1825 2568 1880 ego
2591 1809 2841 1879 populum
2869 1808 3095 1878 perdidi.
3124 1806 3371 1876 Nunquid
3393 1808 3537 1862 enim

1958 1901 2247 1957 infidelitas
2291 1910 2469 1956 vestra
2525 1901 2684 1955 fidem
2741 1900 2837 1954 Dei
2881 1900 3199 1954 evacuavit?
3251 1898 3542 1952 Videamus

1957 1994 2100 2047 enim
2148 1993 2291 2063 quod
2341 1992 2623 2061 sequitur:
2673 1991 2858 2061 (Vens.
2910 1990 3001 2054 57)
3049 1988 3216 2044 Omne
3267 1986 3406 2058 quod
3447 1988 3539 2039 dat

1958 2084 2086 2137 mihi
2108 2082 2286 2145 Pater,
2309 2082 2378 2135 ad
2405 2098 2485 2134 me
2514 2082 2700 2143 veniet,
2730 2091 2776 2133 et
2798 2097 2913 2134 eum
2943 2080 3033 2149 qui
3064 2079 3200 2132 venit
3233 2078 3301 2130 ad
3327 2093 3408 2130 me
3434 2093 3538 2130 non

1958 2173 2163 2241 ejiciam
2202 2172 2365 2241 foras.
2397 2170 2564 2237 Quale
2586 2180 2671 2225 est
2710 2170 2838 2225 illud
2864 2171 3029 2234 intus,
3059 2169 3201 2222 unde
3227 2182 3329 2221 non
3359 2168 3541 2220 exitur

1959 2260 2141 2315 foras?
2167 2260 2416 2330 Magnum
2468 2260 2743 2330 penetrale
2771 2268 2824 2313 et
2852 2259 3007 2314 dulce
3037 2264 3324 2313 secretum.
3356 2255 3401 2311 Ο
3453 2271 3541 2311 ερε-

1957 2360 2167 2408 cretum
2208 2352 2326 2406 sine
2351 2352 2531 2415 taedio,
2559 2351 2675 2405 sine
2706 2349 3063 2404 amaritudine
3087 2349 3355 2403 malarum
3397 2348 3548 2416 cogi-

1959 2444 2242 2506 talionum,
2270 2444 2386 2498 sine
2432 2442 2858 2512 interpellatione
2904 2442 3260 2496 tentatiouum
3301 2449 3357 2495 et
3389 2439 3536 2493 dolo-

1959 2534 2109 2586 rum!
2152 2532 2338 2586 Nonne
2363 2531 2490 2585 iilud
2518 2540 2782 2585 secretum
2824 2539 2908 2585 est
2939 2544 3046 2599 quo
3072 2529 3299 2583 intrabit
3337 2528 3424 2582 ille
3449 2530 3536 2583 cui

1959 2623 2203 2677 dicturus
2234 2629 2318 2676 est
2361 2622 2503 2676 Deus
2527 2640 2539 2674 :
2577 2620 2746 2690 Euge,
2773 2637 2916 2674 serve
2945 2620 3075 2674 bone
3105 2630 3151 2673 et
3175 2620 3365 2687 ﬁdelis,
3394 2621 3535 2673 intra

1958 2712 2014 2765 in
2041 2711 2291 2781 gaudium
2322 2710 2533 2764 Domini
2562 2711 2640 2763 tui
2687 2709 2898 2781 (Matth.
2926 2725 3054 2774 xxv,
3084 2709 3208 2777 25)?
3242 2710 3307 2764 Et
3339 2728 3351 2763 :
3382 2709 3542 2772 Eum,

1957 2800 2047 2870 qui
2063 2801 2229 2854 veniet
2269 2799 2338 2853 ad
2362 2815 2462 2859 me.
2486 2817 2588 2853 non
2614 2800 2824 2869 ejiciam
2847 2800 3010 2868 foras.
3044 2800 3229 2871 (Vens.
3256 2799 3370 2870 58.)
3401 2799 3541 2864 Quia

1960 2887 2200 2941 descendi
2245 2888 2308 2940 de
2333 2887 2479 2951 caelo,
2508 2904 2612 2941 non
2641 2898 2695 2941 ut
2727 2888 2922 2956 faciam
2972 2888 3290 2942 voluntatem
3339 2903 3506 2941 meam
3525 2929 3539 2952 ,

1957 2979 2048 3032 sed
2073 2979 2188 3048 ejus
2228 2978 2317 3049 qui
2353 2979 2493 3032 misit
2528 2994 2629 3031 me.
2661 2977 2785 3032 ideo
2827 2993 2959 3049 ergo
3003 2993 3127 3033 eum
3155 2978 3245 3047 qui
3274 2976 3452 3031 veniet
3476 2977 3545 3029 ad

1962 3075 2012 3123 te
2039 3084 2143 3122 non
2181 3069 2365 3138 ejicies
2391 3068 2556 3132 foras,
2579 3069 2704 3137 quia
2721 3069 3043 3124 descendisti
3069 3067 3136 3123 de
3163 3067 3301 3122 coelo
3327 3082 3431 3121 non
3464 3066 3545 3120 fa-

1962 3174 2086 3213 cere
2105 3158 2434 3213 voluntatem
2462 3165 2638 3221 tuam,
2697 3158 2790 3212 sed
2816 3158 3150 3212 voluntatem
3195 3155 3311 3224 ejus
3353 3156 3446 3224 qui
3490 3163 3545 3209 te

1963 3251 2127 3305 misit.
2158 3250 2407 3320 Magnum
2431 3258 2836 3305 sacramentum
2876 3260 2981 3316 est,
3014 3250 3156 3320 quod
3183 3251 3297 3304 ait:
3328 3249 3433 3316 Qui
3455 3265 3539 3303 ve-

1963 3343 2038 3394 nit
2068 3342 2136 3395 ad
2164 3358 2245 3395 me
2274 3358 2377 3394 non
2415 3341 2628 3410 ejiciam
2673 3341 2837 3410 foras.
2889 3340 3119 3396 Causam
3154 3356 3281 3396 mox
3327 3340 3549 3410 subjun—

1964 3447 2095 3503 gcns
2123 3429 2273 3503 [Hs.,
2302 3430 2599 3502 subjunxit]
2629 3446 2797 3500 quare
2829 3432 2973 3487 loras
3000 3446 3106 3485 non
3131 3431 3353 3501 ejecerit
3374 3430 3441 3483 ad
3490 3444 3550 3484 se

1963 3524 2287 3584 venientem,
2318 3522 2375 3578 id
2428 3530 2544 3588 est,
2575 3522 2628 3577 in
2658 3538 2716 3579 se
2765 3524 3075 3579 credentem
3115 3523 3248 3577 dicit
3283 3520 3434 3593 [δίδη
3466 3521 3548 3575 di-

1964 3614 2148 3687 cens]:
2181 3615 2320 3681 Quia
2359 3631 2464 3668 non
2490 3614 2604 3667 veni
2644 3614 2817 3682 facere
2859 3613 3176 3666 voluntatem
3233 3627 3431 3677 meam,
3458 3610 3549 3665 sed

1962 3704 2279 3759 voluntatem
2301 3702 2415 3772 ejus
2443 3703 2534 3771 qui
2572 3702 2711 3755 misit
2739 3717 2839 3754 me.
2874 3720 2893 3752 ι
2923 3700 3054 3767 Quis
3085 3708 3167 3755 est
3194 3700 3287 3771 qui
3336 3700 3550 3770 ejicitur

1965 3797 2132 3860 foras,
2167 3795 2235 3849 de
2286 3793 2379 3848 illo
2407 3792 2549 3848 dulci
2574 3801 2629 3847 et
2671 3793 2991 3848 suavissimo
3035 3801 3277 3858 secreto,
3321 3808 3429 3863 quo
3471 3793 3547 3847 in-

1963 3896 2107 3941 trare
2127 3882 2438 3955 praecipitur
2477 3897 2665 3938 servus
2713 3881 2917 3938 faciens
2953 3884 3285 3939 voluntatem
3331 3884 3544 3938 Domini

1964 3979 2066 4041 sui,
2095 3976 2195 4030 nisi
2223 3973 2509 4044 superbus,
2538 3974 2641 4029 nisi
2671 3974 2850 4028 anima
2877 3975 2932 4027 in
2970 3989 3028 4029 se
3053 3975 3167 4044 ipsa
3197 3976 3474 4029 conlidens
3492 3986 3549 4029 et

1964 4081 2074 4121 sum
2106 4064 2388 4135 potestatis
2412 4078 2531 4119 esse
2560 4077 2837 4134 quaerens,
2886 4077 2984 4117 nec
3010 4077 3131 4117 cum
3158 4062 3417 4133 propheta
3446 4062 3544 4115 ha-

1964 4156 2099 4210 bens
2155 4154 2379 4209 dicere:
2421 4152 2612 4208 Nonne
2663 4153 2768 4207 Deo
2817 4154 2995 4207 anima
3049 4170 3173 4207 mea
3208 4151 3440 4221 subjecta
3475 4161 3549 4204 est

1965 4242 2137 4316 (Psal.
2168 4242 2318 4313 ut)?
2355 4243 2550 4297 Anima
2602 4257 2729 4297 vero
2772 4258 2872 4313 per
2914 4241 3271 4297 humilitatem
3304 4239 3398 4294 Dei
3426 4239 3551 4295 sub-

1959 4339 2102 4410 jecta
2130 4335 2340 4406 gratiae,
2368 4350 2644 4405 nunquam
2674 4335 2921 4405 ejicietur
2944 4334 3115 4400 foras,
3142 4335 3234 4390 sed
3276 4335 3445 4388 intrat
3495 4333 3550 4387 in

1966 4427 2224 4496 gaudium
2265 4424 2481 4480 Domini
2525 4424 2621 4479 Dei
2648 4424 2752 4478 sui.
2790 4443 2809 4474 ι
2840 4423 3010 4492 Igitur
3034 4432 3094 4477 ut
3122 4438 3283 4478 causa
3312 4422 3550 4477 omnium

1967 4520 2281 4592 morborum
2305 4522 2609 4579 curaretur,
2637 4514 2693 4569 id
2717 4523 2801 4568 est
2846 4514 3118 4584 superbia,
3147 4512 3423 4568 descendit
3451 4511 3552 4565 hu-

1969 4609 2192 4672 militas,
2223 4606 2277 4661 id
2305 4613 2408 4670 est,
2431 4604 2732 4659 humiliavit
2754 4619 2812 4659 se
2848 4602 3018 4658 Filius
3040 4602 3158 4657 Dei.
3181 4601 3321 4669 Quid
3367 4615 3554 4671 super-

1968 4701 2055 4756 bis
2078 4699 2273 4754 homo?
2300 4699 2446 4753 Deus
2470 4697 2690 4752 humilis
2714 4704 2934 4766 propter
2959 4704 3011 4750 te
3043 4693 3217 4750 factus
3253 4703 3354 4751 est.
3381 4693 3556 4748 Pude-

1972 4801 2056 4847 ret
2084 4799 2135 4846 te
2184 4789 2416 4845 fortasse
2462 4787 2664 4842 imitari
2708 4786 2964 4841 humilem
3014 4786 3318 4850 hominem,
3362 4785 3555 4839 saltem

1972 4882 2188 4937 imitare
2206 4877 2462 4934 humilem
2477 4876 2667 4932 Deum.
2692 4876 2849 4930 Venit
2863 4874 3033 4930 Filius
3051 4875 3147 4929 Dei
3179 4876 3230 4929 in
3252 4874 3487 4936 homine,
3503 4882 3558 4928 et

1970 4974 2186 5031 humilis
2211 4973 2385 5028 factus
2402 4977 2486 5027 est
2509 4988 2523 5024 :
2545 4968 2860 5040 praecipitur
2880 4968 2973 5023 tibi
3001 4976 3059 5022 ut
3083 4968 3159 5023 sis
3185 4967 3425 5033 humilis,
3447 4982 3552 5025 non

1971 5066 2066 5122 tibi
2091 5064 2403 5136 praecipitur
2435 5069 2497 5116 ut
2513 5074 2581 5115 ex
2611 5060 2827 5114 homine
2856 5057 3024 5113 facias
3047 5056 3198 5129 [Ms.,
3221 5055 3342 5129 tias]
3364 5071 3552 5127 pecus.

1969 5153 2059 5209 ille
2080 5153 2222 5207 Deus
2250 5152 2423 5206 factus
2449 5156 2533 5204 est
2559 5149 2740 5211 homo,
2765 5155 2821 5200 tu
2846 5148 3030 5210 homo,
3061 5159 3324 5216 cognosce
3348 5145 3472 5213 quia
3496 5160 3557 5201 es

1975 5244 2152 5299 homo.
2178 5242 2312 5298 Tota
2336 5240 2612 5296 humilitas
2642 5248 2733 5293 tua
2757 5246 2841 5294 est
2883 5246 2942 5292 ut
2967 5250 3261 5307 cognoscas
3295 5245 3362 5292 te.
3411 5238 3554 5306 Ergo

1976 5334 2102 5403 quia
2133 5330 2492 5386 humilitatem
2523 5330 2679 5383 docet
2704 5329 2865 5391 Deus,
2895 5327 3067 5380 dixit:
3099 5326 3223 5380 Non
3252 5328 3365 5380 veni
3388 5327 3559 5396 facere

1977 5420 2292 5476 voluntatem
2322 5434 2506 5481 meam,
2539 5417 2629 5470 sed
2675 5417 2789 5486 ejus
2817 5415 2906 5486 qui
2931 5431 3011 5469 me
3058 5416 3219 5469 misit.
3267 5415 3391 5470 Haec
3415 5416 3556 5471 enim

1979 5510 2375 5569 commendatio
2422 5507 2739 5563 humilitatis
2764 5515 2865 5562 est.
2897 5505 3157 5576 Superbia
3189 5506 3384 5576 quippe
3429 5504 3558 5561 facit

1980 5604 2305 5660 voluntatem
2354 5614 2538 5662 suam,
2588 5596 2863 5652 humilitas
2902 5596 3030 5652 facit
3058 5596 3385 5652 voluntatem
3438 5596 3555 5653 Dei.
