4000 6190
499 339 596 394 831

501 451 630 504 Ideo
657 449 747 520 qui
774 445 844 502 ad
870 462 950 501 me
985 444 1196 504 venerit,
1231 459 1334 495 non
1384 441 1595 506 eiiciam
1645 438 1810 507 foras.
1859 432 2073 501 Quare?
2103 435 2150 492 Α

501 539 638 603 Quia
669 553 772 590 non
798 535 910 589 veni
957 534 1126 602 facere
1151 530 1468 586 uoluntatem
1506 543 1698 590 meam,
1723 525 1813 580 sed
1841 524 2076 580 uolunta-

498 636 600 680 tem
619 624 733 694 ejus
759 624 849 694 qui
875 639 954 676 me
982 623 1142 676 misit.
1175 619 1402 673 Humilis
1422 619 1566 682 veni,
1591 615 1951 671 humilitatem
1977 612 2074 667 do—

495 726 620 766 cere
650 709 789 773 veni,
815 709 1068 778 magister
1091 704 1410 761 humilitatis
1432 703 1574 757 veni.
1630 701 1730 769 Qui
1771 699 1840 754 ad
1867 715 1954 753 me
1983 714 2073 754 ve-

496 799 598 862 nit,
627 795 791 868 526
819 797 1191 865 incorporetur
1225 792 1390 865 μαι,
1445 788 1850 860 incorporatur]
1902 789 2069 854 mihi;

496 886 589 956 qui
617 886 686 940 ad
719 901 802 940 me
831 885 1017 948 venit,
1071 885 1199 937 bum
1225 883 1290 936 lis
1327 882 1422 944 iit;
1467 881 1556 950 qui
1609 879 1739 934 mihi
1789 878 2074 932 adhaeserit

498 975 632 1049 (AL,
657 976 860 1040 aderit;
911 973 1040 1039 Ms.,
1073 971 1356 1042 adhaeret],
1385 969 1602 1025 humilis
1623 971 1762 1033 erit,
1813 968 1937 1037 quia
1966 982 2072 1022 non

499 1068 663 1122 faciet
689 1066 1016 1122 voluntatem
1042 1079 1217 1128 suam,
1243 1063 1336 1118 sed
1363 1061 1455 1116 Dei
1481 1079 1494 1115 :
1536 1070 1590 1115 et
1613 1059 1732 1115 ideo
1767 1075 1870 1112 non
1898 1058 2074 1128 ejicie-

497 1171 586 1213 tur
616 1159 780 1227 foras,
812 1157 939 1226 quia
953 1156 1123 1210 Adam
1140 1195 1156 1219 ,
1185 1169 1306 1210 cum
1333 1151 1596 1222 superbus
1619 1159 1784 1215 esset,
1807 1149 2074 1220 proiectus

497 1259 583 1305 est
617 1247 783 1304 foras.
821 1269 840 1300 ι
874 1246 1124 1302 Christus
1155 1259 1283 1298 vero
1322 1240 1539 1296 humilis
1588 1239 1780 1302 factus,
1810 1239 2075 1293 exaltatus

498 1345 584 1393 est
607 1352 764 1408 super
782 1351 942 1390 omne
971 1349 1195 1398 nomen,
1215 1332 1356 1402 quod
1387 1329 1695 1386 nominatur
1718 1327 1802 1382 vel
1836 1329 1888 1382 in
1915 1327 2072 1391 caelo,

499 1425 584 1480 vel
615 1426 668 1479 in
701 1435 842 1478 terra
869 1423 1086 1492 (Philip.
1111 1422 1195 1492 ιι).
1231 1439 1249 1470 ε
1283 1419 1384 1486 Qui
1431 1421 1619 1474 doctor
1643 1418 1961 1473 humilitatis
1989 1434 2076 1472 veo

500 1517 600 1580 nit,
631 1531 734 1570 non
763 1513 940 1568 facere
993 1513 1320 1566 voluntatem
1370 1525 1556 1573 suam,
1603 1508 1698 1563 sed
1745 1509 2073 1564 voluntatem

497 1602 614 1672 ejus
634 1604 725 1673 qui
755 1603 902 1658 misit
935 1603 1082 1656 illum
1106 1619 1118 1654 :
1153 1601 1431 1655 veniamus
1460 1600 1526 1652 ad
1555 1613 1700 1662 eum,
1723 1598 1982 1652 intremus
2006 1598 2072 1652 ad

497 1705 643 1756 eum,
669 1691 1073 1758 inrorporemur
1099 1690 1172 1754 ei,
1203 1696 1260 1742 ut
1284 1703 1381 1742 nec
1410 1703 1510 1742 nos
1535 1685 1796 1742 faciamus
1823 1685 2072 1742 volunta-

1377 331 1432 385 Β.
1477 327 1536 383 F.
1576 327 1803 383 ALBINI
1837 325 1966 382 SE13
2009 321 2290 380 ALCUINI
2320 319 2602 379 OPERISM
2645 319 2826 376 PARS
2863 319 2924 373 11.

3643 315 3774 377 Βᾶίὶέ

2766 426 2992 482 CAPUT
3033 427 3170 480 ΧΥ».

2177 542 2563 596 Murmurantes
2586 540 2844 594 Pharistei
2867 537 3036 608 ﬁlium
3065 539 3257 610 Ioseph
3279 555 3402 594 eum
3430 539 3640 610 dicunt.
3688 543 3759 598 Et

2243 613 2352 682 ipse
2375 611 2510 665 inter
2532 611 2685 682 plura
2707 624 2916 682 carnem
2933 625 3086 662 suam
3120 625 3309 682 partem
3328 626 3382 682 se
3401 609 3650 682 daturum
3669 613 3764 682 di-

2243 677 2314 735 cit
2356 697 2451 751 pro
2472 677 2650 733 mundi
2677 680 2802 732 vita.
2825 677 2895 730 Et
2913 687 3100 732 ctvtera
3121 677 3202 731 his
3217 677 3414 732 similia
3436 679 3663 750 plurima
3690 677 3760 736 de

2243 765 2378 822 pane
2402 759 2448 802 et
2468 765 2624 803 carne
2645 765 2741 801 sua
2764 754 3004 800 testatur.

2247 881 2406 936 Vens.
2435 880 2525 944 41,
2547 879 2636 934 42.
2667 909 2732 920 -—
2771 880 2818 932 11
2827 890 3168 936 armat-arant
3193 878 3478 944 Jadwi,.et
3507 873 3754 938 dixerunt

2173 975 2222 1026 ei
2249 989 2272 1026 :
2297 971 2396 1025 Hic
2427 981 2500 1025 est
2529 970 2730 1043 [Iesus]
2759 971 2904 1039 [ilius
2951 971 3166 1041 Ioseph,
3187 971 3342 1038 cujus
3382 987 3476 1024 nos
3514 973 3754 1026 novimus

2172 1073 2371 1132 patrem
2398 1071 2447 1115 et
2485 1071 2724 1115 matrem.
2753 1059 3028 1124 Quomodo
3055 1076 3176 1130 ergo
3203 1061 3332 1114 dicit
3353 1061 3438 1114 hic
3459 1101 3476 1125 ,
3527 1063 3656 1132 quia
3687 1060 3754 1116 de

2174 1147 2300 1202 ctelo
2325 1147 2606 1203 descendi?
2634 1147 2758 1202 Ideo
2805 1148 3214 1202 murmurabant
3240 1147 3365 1216 quia
3391 1149 3534 1202 hunc
3559 1164 3754 1219 panem

2173 1255 2281 1293 non
2309 1238 2694 1307 intelligehaut,
2718 1238 2858 1292 hunc
2880 1251 2942 1308 pa
2953 1253 3074 1292 nem
3117 1253 3223 1291 non
3247 1238 3582 1303 esuriebant,
3609 1239 3758 1294 hunc

2174 1343 2364 1398 panem
2394 1343 2500 1384 non
2522 1327 2794 1382 amabant.
2829 1327 2887 1381 Si
2927 1336 3169 1383 amarent
3193 1365 3211 1393 ,
3265 1329 3450 1397 utique
3473 1344 3578 1384 non
3606 1345 3758 1387 mur-

2175 1429 2468 1474 murarent.
2506 1438 2524 1470 ι
2550 1432 2575 1460 ι
2604 1419 2728 1474 ideo
2754 1433 2786 1472 a
2829 1435 2969 1488 pane
2994 1419 3200 1476 cmlesti
3228 1419 3383 1489 longe
3408 1432 3604 1483 erant,
3653 1437 3763 1478 nec

2173 1525 2296 1564 eum
2321 1509 2525 1564 esurire
2552 1515 2835 1562 noverant.
2875 1507 3079 1562 Fauces
3130 1508 3315 1563 cordis.
3349 1509 3633 1578 languidas
3659 1513 3780 1567 ha-.

2175 1599 2392 1662 hebant,
2433 1597 2654 1652 auribus
2703 1597 2910 1667 apertis
2949 1597 3116 1652 surdi,
3145 1606 3336 1652 erant:
3373 1597 3656 1663 videbant,
3703 1611 3757 1654 et

2176 1690 2304 1744 caici
2323 1687 2556 1744 stabant.
2581 1687 2744 1742 Panis
2781 1689 2978 1758 quippe
3033 1689 3163 1752 iste,
3201 1687 3476 1744 interioris
3518 1689 3758 1746 hominis

500 1793 610 1839 tem
632 1791 892 1848 nostram,
915 1783 1008 1838 scd
1039 1781 1365 1836 voluntatem
1387 1779 1518 1844 Dei;
1558 1788 1613 1834 et
1644 1794 1751 1833 non
1774 1793 1870 1834 nos
1896 1779 2075 1848 ejiciet
2104 1791 2148 1849 Β
2174 1779 2369 1848 quzerit
2391 1777 2624 1832 esuriem
2652 1793 2667 1830 :
2699 1777 2841 1834 unde
2861 1777 2966 1831 alio
2989 1778 3106 1832 loco
3128 1778 3258 1833 dicit
3282 1795 3294 1830 :
3327 1777 3498 1844 Beati,
3519 1779 3612 1850 qui
3634 1797 3756 1834 esu-

501 1875 664 1939 toras,
693 1875 823 1946 quia
846 1875 1085 1930 membra
1106 1873 1222 1941 ejus
1256 1888 1458 1934 sumus,
1487 1873 1616 1942 quia
1639 1881 1802 1942 caput
1829 1879 2071 1926 nostrum

495 1979 616 2020 esse
640 1964 808 2020 voluit
833 1964 1073 2020 docendo
1093 1963 1468 2018 humilitatem.
1505 1981 1522 2014 ι
1554 1961 1637 2016 Ad
1686 1977 1845 2032 quem
1891 1963 2075 2016 venire

497 2072 603 2114 non
635 2065 814 2128 potest
860 2056 966 2111 nisi
987 2054 1283 2118 humilis,a
1313 2069 1423 2123 quo
1467 2068 1573 2107 non
1625 2054 1854 2108 mittitur
1891 2052 2035 2108 foras
2055 2091 2070 2116 ,

497 2149 600 2204 nisi
636 2148 920 2219 superbus.

569 2241 731 2296 Vens.
757 2243 846 2298 39.
875 2273 948 2284 —
993 2241 1123 2296 Haec
1146 2251 1222 2296 est
1251 2241 1491 2296 uoluntas
1517 2241 1632 2310 ejus
1683 2242 1773 2311 qui
1814 2241 1954 2294 misit
1995 2257 2076 2295 me

499 2331 701 2396 Patris,
730 2343 786 2386 ut
811 2349 961 2387 omne
995 2333 1133 2404 quod
1159 2333 1303 2387 dedit
1329 2333 1455 2388 mihi
1491 2349 1594 2387 non
1638 2332 1852 2402 perdam
1896 2349 1962 2388 ea:
1983 2350 2073 2397 eo,

495 2421 588 2476 sed
610 2423 908 2477 resuscitem
933 2423 1066 2476 illud
1089 2425 1143 2477 in
1166 2424 1444 2478 novissimo
1481 2423 1584 2476 die.
1621 2441 1640 2472 ι
1661 2422 1778 2492 ipse
1799 2423 1885 2478 ille
1919 2423 2075 2479 datus

497 2519 600 2568 est.
632 2509 732 2579 Qui
761 2520 941 2568 servat
979 2512 1358 2577 humilitatem,
1389 2513 1491 2568 hoc
1542 2513 1769 2582 accipit;
1821 2514 1914 2582 qui
1966 2529 2072 2568 non

499 2607 678 2657 servat
707 2599 891 2674 [Aug.,
914 2603 1032 2672 Ipse
1060 2603 1134 2657 illi
1163 2604 1322 2658 datus
1348 2611 1448 2667 est,
1476 2604 1568 2672 qui
1591 2612 1770 2659 servat
1797 2605 2074 2660 humilita-

497 2699 635 2755 tem;
679 2694 822 2746 hunc
873 2692 1105 2762 accipit:
1135 2693 1226 2762 qui
1273 2709 1378 2748 non
1412 2693 1631 2765 servat}
1677 2695 2068 2759 humilitatem,

497 2781 652 2851 longe
676 2790 759 2836 est
791 2797 821 2836 a
849 2782 1108 2852 magistro
1132 2783 1470 2838 humilitatis.
1513 2780 1578 2836 Ut
1615 2799 1782 2848 omne,
1811 2784 1950 2854 quod
1977 2785 2067 2838 de-

497 2871 573 2925 dit
595 2871 720 2926 mihi
747 2871 921 2936 Pater,
941 2889 1044 2926 non
1085 2872 1296 2942 perdam
1325 2889 1392 2926 ex
1423 2889 1502 2926 eo.
1536 2871 1627 2927 Sic
1650 2887 1755 2926 non
1780 2883 1864 2928 est
1884 2873 2070 2928 volun-

497 2970 581 3018 tas
602 2963 656 3017 in
683 2969 969 3032 conspectu
997 2961 1173 3017 Patris
1194 2963 1358 3018 vestri
1425 2970 1485 3016 ut
1507 2971 1694 3033 pereat
1721 2979 1859 3018 unus
1879 2964 1944 3018 de
1969 2979 2068 3034 pu-

495 3054 630 3111 sillis
656 3055 792 3110 istis.
847 3055 922 3108 De
953 3054 1278 3109 tumentibus
1302 3061 1480 3124 potest
1527 3054 1724 3124 perire,
1756 3055 1821 3108 de
1860 3053 2069 3124 pusillis

2177 1869 2318 1924 riunt
2333 1879 2381 1924 et
2399 1871 2582 1926 sitiunt
2605 1871 2873 1941 justitiam
2897 1911 2913 1937 ,
2953 1873 3200 1943 quoniam
3228 1873 3326 1944 ipsi
3373 1875 3756 1929 saturabuntur

2177 1959 2389 2032 (Matth.
2417 1962 2568 2034 v,.6).
2600 1981 2619 2014 ι
2660 1962 2958 2018 Dixerunt:
2991 1962 3156 2034 Cujus
3183 1961 3346 2037 [nos]
3375 1965 3613 2019 novimus
3659 1983 3755 2036 pa-

2175 2060 2304 2106 trem
2329 2061 2380 2106 et
2417 2064 2655 2108 matrem.
2686 2053 2910 2109 Matrem
2939 2055 3183 2110 sciebant
3211 2064 3480 2110 terrenam
3497 2096 3514 2122 ,
3541 2065 3752 2127 patrem

2176 2143 2484 2198 nesciebant
2526 2143 2834 2204 caelestem:
2865 2145 2990 2214 quia
3039 2161 3070 2198 a
3099 2144 3260 2200 Patre
3284 2145 3493 2201 caelesti
3531 2145 3748 2202 attracti

2179 2247 2284 2288 non
2316 2232 2565 2300 fuerunt;
2595 2236 2736 2304 quod
2761 2250 2886 2290 mox
2911 2235 3026 2305 ipse
3042 2235 3300 2292 Dominus
3318 2236 3570 2306 sequenti
3587 2237 3752 2291 verbo

2176 2321 2424 2386 innotuit,
2453 2321 2678 2378 dicens:
2719 2323 2906 2392 (Vens.
2935 2323 3024 2387 45,
3055 2321 3146 2392 44)
3197 2323 3378 2378 Nolite
3421 2341 3753 2378 murmurare

2175 2411 2416 2466 invicem.
2447 2412 2616 2467 Nemo
2648 2422 2815 2483 potest
2843 2413 3016 2467 venire
3058 2412 3128 2466 ad
3173 2429 3272 2479 me,
3304 2412 3406 2468 nisi
3435 2411 3626 2479 Pater,
3664 2413 3753 2484 qui

2177 2507 2316 2560 misit
2345 2523 2456 2568 me,
2494 2507 2768 2560 attraxerit
2792 2523 2930 2560 eum.
2969 2505 3107 2572 Quid
3147 2513 3249 2568 est,
3281 2505 3450 2560 Nemo
3474 2514 3642 2576 potest
3673 2521 3752 2562 ve-

2177 2595 2288 2648 nire
2330 2595 2402 2649 ad
2443 2611 2556 2660 me,
2608 2595 2713 2650 nisi
2741 2596 2866 2664 quia
2901 2610 3059 2651 nemo
3092 2603 3270 2666 potest
3304 2595 3530 2650 credere
3551 2597 3608 2650 in
3639 2610 3766 2660 ωει.

2175 2685 2276 2739 nisi
2296 2685 2477 2749 Pater,
2504 2685 2594 2756 qui
2629 2685 2769 2738 misit
2797 2701 2897 2748 me,
2937 2687 3211 2740 attraxerit
3231 2687 3392 2739 eum!
3441 2683 3536 2740 Ille
3563 2686 3709 2740 venit
3730 2727 3744 2746 .

2172 2789 2334 2844 quem
2361 2773 2532 2844 gratia
2555 2773 2650 2829 Dei
2679 2775 2958 2844 praevenit,
2985 2775 3072 2828 cui
3119 2789 3242 2829 cum
3280 2774 3549 2845 Propheta
3589 2775 3745 2848 527

2172 2866 2462 2919 dicamus:
2511 2861 2873 2917 Misericordia
2928 2863 3042 2934 ejus
3097 2864 3370 2934 pmoeniet
3433 2881 3514 2919 nte
3565 2863 3742 2937 (Ρωι,

2173 2957 2344 3025 LVIII).
2375 2956 2444 3010 Et
2471 2955 2704 3010 iterum:
2734 2955 3092 3010 misericordia
3131 2957 3246 3026 ejus
3295 2957 3634 3030 subsequent
3669 2975 3748 3014 me

2173 3045 2343 3118 (Psal.
2373 3045 2530 3115 xx").
2562 3045 2862 3100 Praeveniet
2892 3045 3046 3110 velle,
3073 3045 3432 3117 subscquetur-
3465 3048 3738 3119 perlicere.

497 3141 630 3198 nihil
659 3141 830 3210 perit;
867 3141 991 3212 quia
1021 3141 1121 3196 nisi
1152 3140 1363 3196 fueritis
1388 3141 1528 3196 sicut
1564 3141 1787 3212 pusillus
1817 3143 1939 3206 iste,
1962 3157 2066 3196 non
2099 3151 2142 3210 ς
2177 3161 2194 3191 ι
2233 3140 2421 3194 Trahit
2443 3139 2606 3192 Pater
2652 3137 2720 3192 ad
2746 3137 2942 3192 Filium
2970 3153 3063 3192 eos
3091 3139 3180 3207 qui
3208 3147 3492 3210 propterea
3521 3139 3746 3194 credunt

495 3233 764 3290 intrabitis
813 3233 865 3288 in
929 3247 1152 3302 regnum
1212 3232 1471 3288 caelorum
1519 3231 1734 3306 (Matth.
1784 3247 1947 3296 xvut,
1987 3231 2063 3302 4).

497 3322 681 3388 Omne,
707 3323 844 3392 quod
864 3323 1002 3376 dedit
1031 3322 1157 3376 mihi
1182 3321 1362 3385 Pater,
1389 3339 1492 3376 non
1539 3321 1751 3390 perdam
1781 3337 1844 3374 ea:
1868 3337 1948 3386 eo,
1977 3322 2068 3375 sed

495 3412 812 3467 resuscitabo
839 3428 931 3481 ego
965 3428 1082 3465 eum
1106 3413 1160 3464 in
1186 3411 1460 3466 novissimo
1483 3411 1584 3464 die.
1614 3411 1800 3465 Videte
1815 3410 2067 3480 quemad-

497 3501 714 3556 modum
746 3508 800 3554 et
827 3499 915 3554 hic
953 3499 1220 3570 geminam
1251 3499 1394 3553 illam
1441 3499 1887 3554 resurrectionem
1939 3499 2069 3554 deli-

497 3598 622 3645 neat
647 3587 798 3662 [Ms.,
825 3589 1074 3654 deliniet;
1097 3591 1254 3658 Aug.,
1285 3587 1555 3660 delineet].
1591 3587 1694 3654 Qui
1722 3590 1853 3642 venit
1873 3589 1942 3642 ad
1965 3607 2066 3654 me,

499 3679 657 3734 modo
680 3678 914 3748 resurgit
943 3678 1158 3732 humilis
1187 3677 1360 3732 factus
1380 3677 1435 3732 in
1461 3679 1718 3732 membris
1758 3679 1920 3742 meis;
1979 3679 2067 3732 sed

497 3769 812 3820 resuscitabo
839 3784 957 3820 eum
985 3768 1039 3820 in
1086 3769 1361 3823 novissimo
1389 3769 1474 3823 die
1502 3769 1794 3824 secundum
1824 3785 2063 3824 carnem.

569 3856 728 3911 Vens.
759 3855 847 3910 40.
877 3887 948 3897 --
976 3855 1104 3911 Haec
1123 3867 1198 3912 est
1215 3860 1352 3913 enim
1377 3859 1612 3915 voluntas
1639 3859 1814 3914 Patris
1837 3863 1935 3914 mei
1979 3861 2068 3932 qui

495 3945 634 4000 misit
673 3963 772 4012 me,
799 3957 852 4000 ut
885 3948 1050 4002 omnis
1078 3949 1168 4016 qui
1205 3949 1342 4003 videt
1364 3947 1414 4001 F
1415 3948 1566 4003 ilium
1584 3959 1633 4003 et
1655 3949 1818 4004 credit
1843 3949 1898 4004 in
1917 3967 2063 4012 eum,

496 4034 682 4090 habeat
705 4037 860 4090 vitam
889 4047 1155 4091 a'ternam.
1191 4037 1255 4090 Et
1285 4039 1721 4108 ego'resuscitabo
1755 4056 1872 4094 eum
1893 4041 1948 4094 in
1975 4058 2066 4094 no-

493 4124 705 4178 uissimo
727 4125 831 4178 die.
857 4125 1115 4194 Superius
1135 4125 1268 4180 dixit
1293 4143 1306 4179 :
1340 4124 1444 4190 Qui
1467 4128 1614 4180 audit
1641 4127 1846 4182 verbum
1871 4144 2064 4192 meum,

492 4223 542 4267 et
571 4215 732 4268 credit
756 4215 804 4268 ei
817 4215 907 4285 qui
928 4214 1064 4268 misit
1101 4231 1215 4279 me;
1255 4215 1412 4269 modo
1440 4223 1618 4270 autem
1647 4234 1659 4268 :
1687 4215 1792 4280 Qui
1815 4217 1945 4270 videt
1972 4215 2065 4268 Fi-

493 4305 641 4371 lium,
662 4314 711 4359 et
734 4305 895 4360 credit
917 4306 970 4360 in
993 4323 1130 4360 eum.
1155 4306 1268 4361 Non
1293 4307 1448 4372 dixit,
1478 4309 1622 4362 videt
1651 4308 1844 4362 Filium
1866 4317 1921 4364 et
1944 4325 2065 4365 cre-

493 4393 573 4448 dit
601 4394 656 4448 in
681 4393 894 4449 Patrem
921 4413 934 4448 :
967 4395 1071 4450 hoc
1097 4404 1182 4450 est
1200 4395 1342 4451 enim
1367 4396 1586 4452 credere
1617 4397 1669 4450 in
1694 4397 1906 4462 Filium,
1923 4400 2064 4469 quod

2169 3232 2222 3286 in
2251 3231 2463 3294 Filium,
2495 3233 2620 3300 quia
2646 3248 2770 3288 eum
2799 3235 3038 3304 cogitant
3063 3235 3285 3290 Patrem
3327 3235 3522 3290 habere
3549 3233 3740 3289 Deum.

2168 3320 2310 3376 Deus
2339 3322 2481 3376 enim
2501 3321 2662 3376 Pater
2682 3323 2942 3392 aequalem
2965 3323 3068 3378 sibi
3115 3327 3302 3394 genuit
3322 3324 3510 3378 Filium
3533 3338 3550 3376 :
3573 3331 3631 3378 et
3651 3328 3742 3394 qui

2167 3412 2365 3481 cogitat
2389 3420 2552 3482 atque
2577 3413 2630 3467 in
2654 3411 2757 3468 ﬁde
2783 3429 2880 3468 sua
2920 3415 3085 3470 sentit
3121 3427 3177 3470 et
3202 3417 3438 3471 ruminat
3482 3417 3742 3487 aqualem

2166 3515 2286 3555 esse
2311 3501 2458 3556 Patri
2482 3518 2606 3556 eum
2653 3503 2706 3557 in
2735 3519 2894 3574 quem
2949 3506 3139 3572 credit,
3172 3507 3345 3578 ipsum
3373 3509 3542 3570 trahit
3587 3508 3742 3564 Pater

2167 3591 2232 3644 ad
2263 3590 2476 3646 Filium.
2514 3612 2534 3644 ι
2563 3592 2664 3660 Qui
2715 3593 2858 3649 enim
2911 3595 2978 3650 de
3003 3595 3218 3651 Christo
3251 3598 3420 3662 dicit,
3477 3597 3592 3654 Non
3657 3609 3740 3654 est

2167 3677 2312 3734 Deus
2347 3696 2528 3746 verus,
2556 3697 2662 3737 non
2691 3683 2863 3737 trahit
2889 3699 3012 3740 eum
3040 3685 3222 3752 Pater,
3249 3687 3342 3743 sed
3363 3703 3461 3744 sua
3489 3705 3736 3760 perversa

2167 3767 2421 3834 cogitatio
2453 3768 2617 3822 trahit
2659 3784 2784 3823 eum
2813 3771 3027 3826 veritati
3073 3788 3180 3828 non
3207 3775 3540 3830 consentire.
3587 3795 3607 3826 ι
3652 3777 3738 3834 Ille

2169 3865 2372 3913 tractus
2392 3866 2475 3914 est
2507 3875 2539 3914 a
2569 3859 2759 3923 Patre,
2811 3861 2902 3930 qui
2948 3863 3062 3916 ait:
3094 3863 3172 3918 Tu
3199 3881 3254 3918 es
3282 3864 3524 3920 Christus
3572 3865 3736 3924 Filius

2165 3946 2263 4001 Dei
2284 3949 2402 4003 vivi.
2426 3947 2522 4003 Cui
2549 3949 2806 4006 Dominus
2834 3951 3008 4020 inquit
3035 3970 3047 4005 :
3083 3951 3274 4007 Beatus
3297 3969 3382 4017 es,
3399 3952 3584 4010 Simon
3609 3955 3737 4010 Bar-

2163 4037 2324 4101 Jona,
2349 4039 2474 4107 quia
2501 4053 2621 4090 caro
2645 4049 2693 4092 et
2719 4041 2931 4109 sanguis
2957 4056 3060 4094 non
3087 4040 3326 4096 reuelauit
3348 4043 3459 4106 tibi,
3475 4045 3568 4098 sed
3585 4043 3739 4098 Pater

2165 4141 2306 4180 meus
2331 4127 2420 4197 qui
2444 4127 2498 4179 in
2518 4125 2656 4180 caelis
2675 4136 2749 4181 est
2768 4127 2978 4198 (Matth.
3022 4145 3133 4194 xvr,
3160 4129 3245 4196 16,
3281 4131 3390 4202 17).
3430 4131 3537 4188 Ista
3593 4149 3738 4190 reve-

2164 4215 2294 4270 latio
2345 4217 2460 4286 ipsa
2516 4225 2598 4270 est
2651 4217 2924 4272 attractio.
2984 4217 3120 4272 Dum
3170 4221 3316 4274 enim
3359 4222 3536 4276 dixit:
3568 4222 3732 4282 Nemo

2160 4315 2324 4376 potest
2351 4306 2521 4360 uenire
2542 4307 2610 4360 ad
2631 4323 2730 4371 me,
2759 4308 2860 4362 nisi
2885 4307 3046 4362 Pater
3060 4309 3152 4378 qui
3173 4325 3254 4363 me
3278 4311 3440 4374 misit,
3467 4313 3736 4368 attraxerit

2161 4413 2301 4461 eum,
2331 4397 2584 4452 continuo
2612 4398 2923 4468 subiunxit:
2957 4397 3025 4452 Et
3052 4415 3145 4471 ego
3176 4401 3492 4457 resuscitabo
3523 4420 3642 4458 eum
3680 4405 3731 4457 in

492 4485 626 4539 etin
655 4483 886 4540 Patrem.
915 4485 1048 4552 Quia
1085 4488 1218 4540 sicut
1251 4485 1401 4541 habet
1429 4488 1590 4542 vitam
1613 4486 1774 4542 Pater
1795 4489 1849 4542 in
1875 4500 2062 4543 semet-
2094 4497 2140 4555 ο
2165 4485 2440 4540 novissimo
2485 4485 2589 4540 die.
2633 4485 2910 4542 Credendo
2944 4489 3087 4557 quod
3111 4498 3312 4558 sperat,
3337 4491 3544 4546 videbit
3596 4493 3732 4562 quod

493 4573 642 4643 ipso,
691 4575 766 4628 sic
791 4575 931 4629 dedit
980 4586 1024 4630 et
1055 4575 1198 4630 Filio
1246 4577 1404 4632 vitam
1459 4577 1646 4632 habere
1692 4579 1747 4632 in
1786 4579 2060 4648 semetipso

496 4662 677 4730 (Joan.
703 4679 756 4726 v,
781 4661 890 4731 26).
924 4661 989 4717 Ut
1015 4666 1204 4730 omnis,
1231 4667 1320 4736 qui
1369 4667 1502 4721 uidet
1535 4665 1581 4718 F
1585 4667 1765 4732 ilium,
1809 4676 1858 4722 et
1899 4668 2060 4722 credit

496 4751 554 4804 in
583 4751 928 4812 eum,habeat
965 4753 1120 4807 vitam
1173 4765 1438 4810 atternam.
1465 4756 1740 4811 Credendo
1787 4763 1842 4810 et
1887 4765 2063 4811 trans-

490 4838 668 4894 eundo
695 4841 762 4895 ad
785 4841 969 4905 vitam,
1002 4849 1254 4912 tanquam
1285 4844 1512 4912 primam
1537 4845 1679 4900 illam
1709 4845 2060 4899 resurrectio-

492 4942 616 4984 nem
642 4927 820 5001 [Aug.,
852 4931 1022 5000 prima
1075 4931 1163 4985 illa
1195 4932 1631 5005 resurrectione].
1683 4933 1751 4987 Et
1776 4933 1901 5002 quia
1953 4949 2059 4988 non

492 5029 578 5072 est
626 5017 738 5073 sola
761 5058 776 5084 ,
821 5028 870 5072 et
901 5020 1215 5074 resuscitabo
1240 5059 1254 5085 ,
1305 5021 1498 5090 inquit,
1527 5038 1646 5074 eum
1695 5021 1748 5074 in
1783 5023 2057 5076 novissimo

497 5107 601 5162 die.
627 5126 648 5161 ι
676 5107 930 5178 Sequitur
955 5125 969 5162 :
999 5108 1112 5179 Ego
1141 5126 1255 5164 sum
1281 5113 1430 5180 panis
1461 5113 1720 5182 vivus,qui
1747 5111 1811 5165 de
1833 5112 1956 5167 caelo
1969 5113 2059 5168 de-

490 5197 685 5251 scendi.
713 5199 836 5254 Ideo
859 5199 1032 5269 panis,
1051 5200 1142 5270 qui
1165 5201 1304 5264 vita;
1337 5209 1392 5256 et
1410 5201 1528 5256 ideo
1554 5201 1682 5266 vita,
1701 5202 1824 5272 quia
1837 5202 1902 5258 de
1923 5203 2056 5258 cmlo

495 5287 786 5355 descendit,
802 5290 1012 5346 dicente
1041 5291 1156 5362 ipso
1181 5309 1194 5344 :
1228 5290 1339 5362 Ego
1364 5309 1478 5346 sum
1501 5293 1604 5358 via,
1627 5295 1899 5358 veritas,et
1929 5295 2052 5348 vita.

492 5375 586 5432 Ille
615 5388 696 5433 est
729 5381 884 5450 panis
912 5382 1459 5453 supersubstantialis,
1487 5384 1576 5455 qui
1620 5392 1679 5438 ut
1703 5384 1858 5440 nobis
1901 5383 2058 5438 detur

491 5467 730 5534 quotidie
744 5470 1021 5540 deprecari
1041 5471 1312 5541 iubemur,
1329 5489 1450 5530 cum
1475 5475 1732 5530 Dominus
1766 5483 1949 5529 noster
1972 5472 2060 5528 Je-

493 5566 587 5606 sus
614 5555 858 5616 Christus
906 5577 1099 5632 panem
1127 5579 1186 5619 se
1218 5564 1426 5620 dicebat
1449 5567 1511 5621 de
1531 5565 1670 5622 caelo
1697 5565 2056 5622 descendisse.

2165 4573 2341 4626 adhuc
2369 4587 2471 4626 non
2501 4572 2730 4628 videndo
2759 4573 3016 4641 credidit;
3063 4577 3408 4633 manducahit
3445 4579 3588 4648 quod
3617 4595 3733 4635 esu-

2164 4661 2273 4723 riit,
2301 4660 2582 4716 satiabitur
2607 4677 2671 4717 eo
2706 4662 2850 4732 quod
2884 4663 3018 4716 sitit.
3059 4663 3195 4720 Ubi?
3238 4664 3291 4718 in
3343 4668 3732 4722 resurrectione

2164 4757 2516 4806 mortuorum.
2533 4749 2664 4817 Quia
2679 4769 2769 4822 ego
2784 4754 3100 4808 resuscitabo
3121 4771 3236 4809 eam
3252 4755 3306 4810 in
3327 4757 3604 4813 novissimo
3627 4759 3726 4814 die.

2235 4842 2396 4896 Vens.
2429 4839 2518 4895 45.
2550 4871 2621 4882 --
2649 4840 2908 4911 Scriptum
2951 4851 3024 4898 est
3068 4845 3205 4898 enim
3247 4846 3301 4899 in
3342 4847 3637 4916 prophetis:
3664 4846 3729 4900 Et

2163 4943 2312 4988 erunt
2354 4950 2529 4989 omnes
2581 4935 2824 4990 docibiles
2875 4936 2994 4990 Dei.
3051 4938 3228 5004 Quare
3275 4941 3380 4995 hoc
3416 4943 3545 4997 dicit
3581 4939 3725 5012 [Μι.

2167 5023 2330 5088 dixit;
2365 5024 2520 5094 Aug.,
2553 5023 2686 5098 dixi]
2718 5041 2752 5080 o
2800 5023 3004 5081 Judaei?
3053 5028 3210 5084 Pater
3237 5045 3333 5084 vos
3371 5046 3477 5086 non
3513 5031 3722 5087 docuit:

2161 5113 2430 5181 quomodo
2456 5115 2680 5182 potestis
2707 5129 2791 5169 me
2808 5118 3166 5183 cognoscere?
3197 5115 3396 5174 Omnes
3425 5119 3570 5190 regni
3591 5119 3730 5177 illius

2162 5202 2407 5258 homines
2453 5203 2709 5258 docibiles
2735 5203 2829 5258 Dei
2857 5213 3034 5268 erunt,
3058 5221 3164 5261 non
3199 5208 3266 5262 ab
3291 5207 3596 5264 hominibus
3643 5225 3730 5262 au-

2161 5292 2345 5358 diunt;
2379 5300 2432 5348 et
2459 5293 2505 5348 si
2527 5293 2596 5347 ab
2624 5293 2931 5349 hominibus
2958 5296 3202 5362 audiunt,
3235 5306 3414 5353 tamen
3463 5299 3605 5369 quod
3652 5299 3730 5352 in-

2161 5383 2407 5453 telligunt
2421 5384 2565 5438 intus
2579 5384 2754 5448 datur,
2782 5383 2928 5440 intus
2947 5396 3210 5450 coruscat,
3237 5387 3382 5443 intus
3397 5389 3680 5446 reveletur.
3703 5406 3724 5439 ο

2160 5473 2414 5530 Homines
2441 5472 2571 5528 foris
2589 5474 2810 5529 verbum
2841 5489 3036 5532 sonare
3057 5487 3306 5548 possunt,
3336 5478 3429 5534 sed
3455 5479 3507 5534 in
3536 5494 3729 5534 vanum

2159 5564 2422 5624 laborant,
2444 5561 2546 5616 nisi
2571 5561 2712 5618 intus
2757 5563 2900 5620 Deus
2927 5565 3124 5622 docens
3151 5569 3356 5638 aperiat
3402 5582 3612 5625 sensus.
3642 5565 3733 5622 ille

566 5675 589 5703 ⁸
625 5667 778 5735 Apud
806 5685 1046 5728 sanctum
1074 5672 1460 5744 Augustinum,
1516 5683 1672 5732 tract.
1710 5693 1856 5743 xxvi,
1887 5691 2034 5731 num.

2173 5676 2214 5743 5,
2243 5675 2372 5743 6,7,
2405 5677 2454 5738 9.
2495 5677 2576 5742 10,
2609 5678 2687 5744 ll,
2722 5679 2923 5746 12,13,
2955 5679 3137 5736 15-20.
