4000 6190
282 351 388 411 835

1105 343 1505 397 EXEGETICA.
1537 372 1605 380 —
1642 339 1990 397 COMMENT.
2030 340 2097 393 IN
2135 340 2323 396 JOAN.
2365 370 2430 379 -—-
2470 339 2594 394 LIB.
2619 334 2702 394 ῐῙῐ.

3421 338 3526 394 83$

283 471 363 516 est
393 458 488 514 Dei
516 455 781 518 docibilis,
814 468 970 522 quem
997 453 1138 508 Deus
1181 454 1325 506 intus
1356 452 1597 506 veritatis
1639 451 1856 506 instruit
1884 456 1930 512 Α
1956 460 2136 519 patres
2166 451 2484 516 inﬁdelium;
2517 460 2938 506 murmuratores
2967 458 3145 521 patres
3174 460 3533 508 murmurato-

283 547 556 620 agnitione
584 551 638 598 et
667 556 869 595 amore.
901 539 1083 595 Omnis
1109 543 1197 611 qui
1225 541 1370 594 audit
1400 539 1546 613 [Ms.,
1577 540 1800 612 audivit]
1829 557 1858 592 a

287 642 468 702 Patre,
498 645 544 690 et
564 634 768 697 didicit,
799 633 930 686 venit
961 632 1028 685 ad
1056 649 1152 685 me.
1179 631 1456 698 Quomodo
1482 632 1646 685 trahit
1671 631 1861 684 Pater?

287 728 537 785 Docendo
562 725 812 787 delectat,
829 739 934 777 non
958 724 1328 777 necessitatem
1355 723 1706 792 imponendo;
1739 722 1862 790 quia

286 836 448 876 nemo
487 817 809 872 necessitate
831 815 1019 877 credit,
1051 813 1142 868 sed
1172 815 1460 867 voluntate.
1510 813 1677 866 Filius
1722 815 1864 867 dice-

283 914 401 975 bat,
429 910 589 963 Pater
638 907 893 968 docebat;
943 906 1101 958 homo
1138 905 1229 972 qui
1283 903 1582 967 videbatur,
1613 903 1866 970 loqueba-

276 1014 401 1063 tur,
425 1000 517 1054 sed
538 1005 598 1051 ut
625 997 766 1050 Deus
800 996 854 1049 in
877 996 1038 1049 corde
1066 995 1332 1048 audientis
1368 994 1594 1046 interius
1617 993 1861 1046 docebat.

285 1089 414 1142 ldeo
444 1086 721 1154 subjunxit
750 1102 762 1136 :

363 1175 522 1229 Vens.
553 1174 641 1227 46.
665 1203 736 1212 -
760 1171 882 1225 Non
909 1171 1032 1241 quia
1056 1169 1268 1224 Patrem
1291 1170 1416 1224 vidit
1436 1171 1733 1240 quisquam,
1763 1171 1864 1224 nisi

275 1268 337 1320 .is
363 1267 452 1335 qui
482 1275 552 1318 est
585 1282 615 1316 a
651 1263 780 1325 Deo,
812 1263 894 1314 hic
938 1261 1064 1313 vidit
1095 1261 1325 1314 Patrem.
1350 1261 1522 1315 Nolite
1547 1269 1733 1330 putare
1767 1260 1866 1314 Pa-

291 1365 428 1409 trem
459 1368 575 1408 esse
603 1351 867 1406 visibilem
896 1349 1080 1412 vobis;
1136 1362 1293 1403 nemo
1343 1350 1479 1403 vidit
1501 1349 1734 1413 Patrem,
1766 1348 1869 1403 nisi

279 1445 341 1497 .is
361 1443 453 1512 qui
480 1451 564 1496 est
588 1458 619 1495 a
648 1441 786 1505 Deo;
819 1441 907 1494 hic
945 1439 1080 1492 vidit
1118 1439 1352 1494 Patrem.
1405 1441 1518 1510 Ego
1547 1455 1664 1494 sum
1701 1454 1731 1492 a
1766 1437 1869 1491 Pa-

295 1542 396 1595 tre,
423 1540 477 1585 et
497 1531 842 1585 ideoPatrem
867 1530 1041 1584 video.
1082 1548 1100 1580 t
1135 1529 1273 1594 Quid
1300 1537 1382 1584 est
1409 1539 1584 1584 autem
1615 1545 1709 1584 vos
1729 1531 1869 1584 trahi

291 1639 324 1674 a
354 1621 532 1680 Patre.
563 1620 666 1674 nisi
697 1620 904 1673 discere
929 1634 959 1672 a
983 1618 1180 1673 Patre?
1206 1620 1343 1686 Quid
1372 1629 1456 1674 est
1482 1622 1688 1675 discere
1716 1636 1746 1673 a
1769 1621 1872 1674 Pa-

283 1725 396 1778 tre,
431 1715 531 1768 nisi
556 1713 739 1766 audire
763 1713 978 1765 Patrem
1019 1711 1146 1783 [Ms.
1169 1752 1182 1776 ,
1226 1727 1256 1766 a
1279 1711 1493 1783 Patre]?
1522 1713 1590 1765 Et
1632 1713 1759 1780 quid
1787 1719 1869 1766 est

1967 541 2128 611 rum].
2155 540 2287 593 Nam
2337 542 2402 594 de
2452 555 2510 594 re
2551 540 2691 594 nulla
2729 541 2900 610 magis
2930 541 3096 595 Deum
3135 540 3418 596 oﬂ‘endisse
3448 541 3538 596 ille

1963 633 2188 701 populus
2209 633 2382 686 dictus
2403 639 2504 694 est,
2527 647 2686 699 quam
2714 639 2901 686 contra
2941 631 3105 685 Deum
3131 633 3536 686 murmurando.

1967 723 1983 774 Ι
2009 723 2087 774 ieo
2121 732 2174 775 et
2202 723 2456 775 Dominus
2482 737 2574 775 eos
2597 721 2779 775 volens
2825 722 3106 775 ostendere
3147 721 3328 775 talium
3360 721 3496 775 ﬁlios
3523 764 3536 783 .

1968 813 2093 866 hinc
2118 814 2182 864 ad
2214 811 2364 882 [Ms.,
2402 814 2526 866 hinc
2555 822 2708 865 caute
2745 810 2857 882 eos]
2901 827 2993 864 eos
3027 812 3206 879 ccepit,
3234 810 3372 876 Quid
3404 829 3543 865 mur-

1969 901 2187 952 muratis
2215 902 2269 952 in
2313 901 2547 962 invicem,
2581 909 3024 961 murmuratores,
3059 899 3151 952 ﬁlii
3186 907 3543 953 murmurata—

1969 991 2123 1044 rum?
2153 989 2338 1044 Patres
2366 991 2517 1044 vestri
2543 1007 2735 1042 manna
2761 990 3198 1042 manducaverunt
3219 1029 3232 1052 ,
3279 1001 3324 1042 et
3353 992 3543 1042 mortui

1968 1089 2129 1134 sunt:
2159 1096 2265 1134 non
2294 1079 2419 1148 quia
2451 1079 2648 1132 malum
2675 1088 2794 1132 erat
2849 1094 3042 1132 manna
3062 1117 3077 1140 ,
3129 1077 3222 1131 sed
3251 1078 3375 1145 quia
3408 1078 3544 1131 male

1971 1171 2450 1225 manducaverunt.
2493 1187 2510 1220 ι

2041 1281 2201 1333 Vens.
2342 1277 2540 1330 -Hic
2565 1285 2637 1329 est
2673 1277 2845 1345 panis,
2875 1276 2963 1346 qui
3008 1275 3071 1327 de
3100 1274 3225 1326 creto
3252 1273 3536 1326 descendit.

1977 1389 1994 1419 ι
2029 1369 2180 1422 llunc
2203 1383 2394 1437 panem
2425 1367 2747 1437 signiﬁcavit
2776 1381 2968 1419 manna
2992 1405 3004 1426 ,
3061 1365 3201 1418 hunc
3229 1377 3420 1432 panem
3475 1363 3546 1416 si-

1971 1460 2188 1531 gniﬁcat
2213 1459 2382 1512 altare
2414 1458 2530 1511 Dei.
2563 1456 2909 1510 Sacramenta
2936 1454 3042 1508 illic
3075 1451 3238 1524 [Ms.,
3270 1451 3390 1522 illa]
3434 1449 3548 1505 fue-

1972 1556 2134 1602 runt;
2166 1548 2220 1601 in
2247 1547 2414 1618 signis
2458 1547 2670 1600 diversa
2699 1554 2860 1609 sunt;
2914 1545 2967 1598 in
2999 1559 3055 1597 re
3083 1559 3188 1612 qua
3240 1541 3548 1611 signiﬁcan-

1972 1647 2060 1693 tur
2087 1636 2236 1710 [Ms.,
2266 1652 2384 1705 quae
2411 1633 2794 1705 signiﬁcatur],
2845 1634 2994 1703 paria
3041 1641 3184 1687 sunt.
3232 1631 3545 1701 Apostolum

1974 1728 2132 1781 audi:
2170 1724 2311 1779 Nolo
2343 1727 2502 1789 enim,
2528 1724 2720 1792 inquit,
2751 1739 2836 1776 vos
2885 1724 3124 1791 ignorare
3153 1721 3342 1789 fratres
3365 1759 3379 1783 ,
3427 1721 3548 1789 quia

295 1807 526 1861 audirca
547 1804 729 1867 Ρὲλῐΐϐν
752 1803 854 1857 "isi
882 1803 1068 1857 andi"?
1090 1804 1324 1858 Verbum
1347 1805 1541 1866 Ρὶιῑτῖες
1568 1805 1620 1858 id
1649 1812 1732 1859 85l-
1748 1805 1866 1858 me?
1900 1814 1944 1872 Β
1969 1824 2140 1884 patres
2164 1815 2326 1867 nostri
2348 1829 2522 1866 omnes
2571 1811 2664 1864 sub
2695 1811 2824 1863 nube
2853 1810 3098 1878 fuerunt,
3145 1817 3193 1861 et
3231 1825 3404 1862 omnes
3452 1823 3544 1877 per

298 1895 374 1949 Ne
402 1895 538 1949 forte
565 1910 692 1964 ergo
720 1910 840 1948 cum
882 1894 1002 1948 dico
1026 1893 1214 1948 vobis:
1259 1893 1440 1948 Omnis
1469 1897 1558 1966 qui
1606 1895 1807 1948 audivit
1837 1913 1869 1948 a

299 1983 459 2036 Patre
489 1991 535 2035 et
561 1983 740 2034 didicit
767 2021 781 2044 ,
834 1982 1025 2036 dicatis
1075 1984 1214 2050 apud
1242 1999 1380 2037 vos:
1432 1985 1538 2038 Sed
1594 2000 1868 2054 nunquam

297 2072 530 2125 vidimus
556 2071 789 2135 Patrem,
820 2073 1084 2139 quomodo
1113 2081 1292 2126 autem
1346 2073 1554 2126 discere
1599 2074 1871 2141 potuimus

299 2177 329 2213 a
356 2160 547 2214 Patre?
572 2160 614 2212 A
645 2161 847 2229 meipso
889 2161 1088 2214 audite.
1135 2161 1256 2214 Non
1312 2162 1433 2230 quia
1491 2161 1700 2214 Patrem
1744 2161 1868 2214 vidit

281 2253 591 2326 quisquam,
621 2258 708 2307 sed
757 2253 844 2324 qui
893 2261 966 2307 est
995 2269 1025 2304 a
1059 2251 1181 2314 Deo,
1212 2253 1294 2304 ltic
1325 2252 1450 2305 vidit
1481 2251 1712 2310 Patrem.
1761 2252 1870 2325 Ego

300 2345 424 2399 novi
450 2343 682 2407 Patrem,
717 2343 784 2396 ab
821 2343 910 2398 illo
937 2359 1088 2407 sum;
1133 2344 1223 2397 sed
1253 2344 1519 2411 quomodo
1547 2345 1768 2398 verbum
1803 2346 1870 2400 ab

303 2431 395 2486 illo
423 2430 575 2498 cujus
614 2439 699 2484 est
754 2431 1012 2483 verbum:
1044 2446 1149 2484 non
1193 2431 1334 2498 quod
1363 2439 1518 2484 sonat
1543 2439 1597 2484 et
1645 2433 1868 2498 transit,

299 2522 396 2575 sed
423 2519 564 2588 quod
593 2527 774 2572 manet
809 2533 930 2571 cum
959 2518 1168 2572 dicente
1191 2558 1204 2581 ,
1260 2526 1314 2571 et
1359 2518 1524 2571 trahit
1546 2519 1867 2573 audientem.

303 2611 582 2681 Sequitur:
611 2610 794 2680 (Vens.
819 2609 909 2680 47)
941 2610 1103 2662 Amen
1144 2625 1294 2663 amen
1323 2610 1438 2662 dico
1462 2611 1626 2675 vobis,
1655 2613 1744 2680 qui
1765 2627 1873 2664 cre-

301 2700 380 2753 dit
419 2702 473 2752 in
519 2716 620 2763 me,
645 2698 796 2751 habet
846 2703 1002 2751 vitam
1051 2710 1315 2752 cateruam.
1363 2700 1619 2754 llevelare
1667 2716 1724 2755 se
1775 2717 1870 2756 vo-

305 2789 422 2853 luit,
457 2790 585 2858 quid
619 2797 796 2844 esset:
827 2805 952 2842 nam
982 2791 1296 2858 compendio
1328 2792 1505 2845 dicere
1526 2792 1738 2860 potuit:
1770 2791 1870 2857 Qui

292 2879 474 2932 credit
501 2878 552 2930 in
574 2893 680 2942 me,
709 2878 868 2931 habet
893 2893 994 2932 me.
1020 2877 1137 2948 lpse
1165 2879 1308 2932 enim
1333 2879 1583 2934 Christus
1614 2896 1772 2934 verus
1793 2889 1876 2934 est

305 2969 468 3032 Deus,
495 2978 547 3022 et
578 2968 681 3021 vita
709 2976 930 3022 aeterna.
963 2967 1065 3034 Qui
1091 2983 1219 3037 ergo
1252 2971 1421 3025 credit
1443 2972 1496 3025 in
1526 2987 1627 3034 me,
1661 2972 1870 3041 inquit,

306 3059 348 3111 it
371 3058 436 3112 ad
466 3071 570 3122 me,
600 3064 654 3111 et
693 3057 782 3126 qui
818 3058 859 3110 it
886 3058 951 3111 ad
979 3073 1086 3123 me,
1109 3058 1270 3114 habet
1294 3075 1398 3114 me.
1427 3059 1565 3125 Quid
1587 3069 1669 3115 est
1695 3071 1873 3118 autem

1971 1918 2113 1955 mare
2142 1903 2488 1961 transierunt,
2542 1911 2587 1953 et
2619 1916 2792 1952 omnes
2830 1901 2885 1951 in
2936 1898 3114 1967 Moyse
3141 1897 3390 1968 baptizati
3429 1907 3549 1951 sunt

1970 1995 2026 2046 in
2048 1996 2178 2046 nube
2204 2002 2250 2045 et
2285 1993 2337 2044 in
2367 1993 2522 2053 mari,
2555 2000 2599 2042 et
2624 2006 2800 2042 omnes
2851 1989 3082 2041 eamdem
3125 2004 3293 2041 escam
3338 1988 3551 2056 spirita—

1971 2080 2069 2132 lem
2118 2079 2561 2132 manducarerunt
2604 2076 2652 2145 (Ι
2699 2074 2820 2128 Cor.
2875 2093 2928 2138 κ,
2967 2076 2983 2127 ι
3023 2076 3176 2144 seq.).
3240 2073 3549 2142 Spiritalem

1971 2170 2172 2236 utique,
2203 2185 2305 2221 non
2343 2166 2695 2238 corporalem.
2746 2164 2986 2217 Alteram
3024 2164 3207 2236 [Augq
3255 2162 3549 2232 spiritalem

1971 2259 2156 2329 utique
2205 2261 2492 2314 eamdem:
2526 2274 2652 2311 nam
2709 2254 3040 2326 corporalem
3093 2251 3372 2321 alteram],
3427 2251 3551 2321 quia

1972 2349 2046 2403 illi
2074 2365 2290 2414 manna,
2321 2364 2418 2402 nos
2455 2348 2638 2401 aliud:
2671 2347 2965 2417 spiritalem
3017 2357 3145 2399 vero
3197 2355 3358 2413 quam
3418 2356 3546 2406 nos;

1972 2441 2065 2494 sed
2088 2439 2240 2509 μὴ..
2269 2438 2340 2509 et]
2367 2447 2544 2506 patres
2589 2438 2780 2501 nostri,
2811 2452 2915 2490 non
2964 2444 3144 2505 patres
3174 2435 3406 2498 illorum,
3435 2436 3554 2503 qui-

1973 2532 2072 2584 bus
2098 2543 2197 2582 nos
2233 2528 2434 2581 similes
2462 2543 2646 2580 sumus
2671 2567 2685 2590 ,
2734 2542 2839 2579 non
2885 2527 3078 2594 quibus
3106 2525 3180 2578 illi
3210 2523 3412 2578 similes
3440 2522 3556 2577 fue-

1973 2630 2118 2675 runt.
2139 2619 2187 2671 Η
2193 2621 2238 2672 ie
2261 2629 2332 2671 est
2363 2633 2482 2687 ergo
2507 2618 2656 2686 panis
2683 2617 2746 2668 de
2774 2614 2897 2668 caelo
2924 2614 3256 2676 descendens,
3277 2623 3332 2666 ut
3357 2614 3404 2667 si
3433 2615 3552 2684 quis

1971 2726 2036 2762 ea:
2063 2711 2173 2778 ipso
2197 2707 2606 2770 manducauerit,
2634 2723 2736 2760 non
2785 2707 3059 2758 moriatur.
3099 2704 3204 2758 Sed
3229 2708 3368 2773 quod
3393 2706 3556 2774 perti-

1974 2811 2066 2854 net
2092 2802 2159 2854 ad
2187 2801 2438 2853 virtutem
2494 2799 2847 2860 sacramenti,
2890 2815 2992 2852 non
3018 2798 3162 2867 quod
3209 2797 3444 2866 pertinet
3476 2795 3543 2847 ad

1972 2890 2182 2944 visibile
2212 2897 2636 2952 sacramentum;
2666 2890 2756 2958 qui
2791 2889 3081 2942 manducat
3125 2889 3286 2948 intus,
3335 2902 3438 2940 non
3469 2885 3553 2939 fo-

1974 2980 2078 3043 ris;
2108 2979 2197 3046 qui
2233 2979 2519 3032 manducat
2545 2979 2597 3031 in
2627 2979 2786 3032 corde
2811 3017 2827 3044 ,
2881 2993 2983 3031 non
3017 2977 3106 3046 qui
3130 2975 3326 3045 premit
3374 2976 3550 3029 dente.

1975 3070 2159 3140 (Vens.
2177 3068 2290 3138 5|.)
2309 3067 2418 3138 Ego
2444 3085 2559 3122 sum
2581 3069 2730 3138 panis
2750 3068 2912 3129 vivus,
2938 3068 3026 3137 qui
3057 3067 3119 3120 de
3141 3065 3265 3120 ctelo
3291 3064 3551 3120 descendi.

307 3146 505 3200 habere
529 3146 648 3200 me?
672 3145 880 3200 Habere
913 3146 1075 3200 vitam
1109 3156 1388 3202 aeternam.
1411 3150 1636 3204 Mortem
1667 3165 1872 3205 assum-
1899 3152 1943 3213 C
1975 3159 2098 3212 Ideo
2123 3158 2294 3221 vivus,
2337 3158 2461 3226 quia
2496 3157 2562 3211 de
2584 3158 2720 3212 coelo
2742 3157 3034 3212 descendit.
3062 3155 3138 3208 De
3173 3155 3310 3210 cado
3335 3155 3556 3208 descen-

293 3235 414 3305 _psit
439 3235 542 3288 vita
570 3246 788 3298 :eterna,
814 3243 867 3289 et
895 3236 1030 3290 mori
1053 3236 1248 3303 voluit;
1283 3238 1375 3293 sed
1401 3238 1466 3292 de
1496 3248 1606 3303 tuo,
1637 3255 1668 3294 ο
1693 3241 1870 3305 homo,

310 3344 415 3383 non
447 3329 512 3383 de
541 3344 637 3383 suo
664 3347 676 3380 :
708 3330 915 3398 accepit
941 3345 970 3383 a
1003 3337 1074 3393 te,
1104 3331 1193 3384 ubi
1229 3341 1532 3386 moreretur
1556 3349 1651 3402 pro
1680 3342 1748 3388 te.
1771 3334 1875 3387 As-

308 3419 534 3488 sumpsit
561 3417 692 3490 [Αι.,
714 3418 958 3490 Accepit]
990 3434 1118 3490 ergo
1152 3421 1259 3474 vita
1290 3429 1538 3487 mortem,
1568 3433 1629 3476 ut
1655 3424 1762 3477 vita
1787 3440 1877 3478 oc-

306 3511 511 3565 cideret
537 3518 783 3564 mortem.
802 3509 934 3564 Nam
960 3511 1051 3579 qui
1089 3512 1280 3576 credit,
1309 3513 1502 3581 inquit,
1521 3515 1682 3568 habet
1710 3515 1875 3569 vitam

306 3611 598 3666 mternam;
640 3617 746 3656 non
776 3617 895 3669 qum
920 3609 1084 3671 patet,
1118 3603 1212 3658 sed
1238 3619 1355 3673 quae
1381 3604 1527 3659 latet.
1569 3607 1686 3661 Vita
1732 3607 1876 3660 enim

306 3704 532 3759 reterna,
565 3695 800 3749 Verbum
836 3695 889 3749 in
928 3696 1190 3766 principio
1238 3698 1378 3766 apud
1412 3698 1579 3753 Deum
1626 3707 1740 3752 erat
1769 3739 1782 3759 ,
1825 3707 1879 3752 et

308 3785 452 3838 Deus
471 3793 586 3838 erat
617 3785 866 3849 Verbum,
899 3794 954 3838 et
981 3793 1099 3839 erat
1140 3786 1249 3840 vita
1277 3785 1365 3839 lux
1406 3787 1700 3841 hominum.
1746 3787 1879 3840 Mori

307 3877 477 3940 venit,
505 3877 597 3930 sed
627 3875 784 3929 tertia
810 3875 894 3930 die
920 3878 1236 3947 resurrexit.

380 3968 542 4021 Vens.
574 3966 661 4030 48,
688 3967 777 4020 49.
799 3997 870 4006 —
896 3966 1010 4036 Ego
1041 3983 1176 4031 sum,
1203 3967 1394 4035 inquit,
1432 3968 1581 4038 panis
1625 3969 1758 4021 vitta.
1816 3969 1882 4022 Et

308 4059 452 4112 unde
477 4058 553 4111 illi
584 4059 927 4128 superbiant?
967 4058 1174 4122 Patres,
1206 4059 1395 4126 inquit,
1421 4061 1574 4112 vestri
1598 4060 1882 4112 manduca-

305 4156 494 4201 verunt
521 4163 732 4212 manna,
760 4157 808 4200 et
834 4149 1023 4201 mcrtui
1047 4159 1187 4202 sunt.
1205 4147 1380 4214 Quare
1404 4149 1880 4214 manducaverunt,

311 4247 368 4290 et
420 4236 614 4290 mortui
662 4238 817 4290 sunt?
848 4236 980 4302 Quia
1034 4238 1175 4307 quod
1225 4238 1505 4299 videbant,
1552 4237 1878 4291 credebant:

312 4327 456 4395 quod
489 4343 592 4382 non
611 4328 876 4390 videbant,
895 4345 1000 4382 non
1032 4329 1417 4398 intelligebant.
1448 4327 1570 4382 Ideo
1596 4337 1774 4397 patres
1795 4345 1885 4383 ve-

311 4419 409 4472 stri
431 4459 445 4482 ,
483 4419 604 4486 quia
622 4418 822 4472 similes
849 4421 980 4474 estis
1007 4419 1239 4474 illorum.
1257 4419 1708 4473 Manducaveruttt
1739 4419 1884 4490 Moy-

312 4526 402 4564 ses
420 4519 468 4564 eI
490 4510 688 4573 Aaron,
713 4519 768 4563 et
798 4511 978 4565 caeteri
1018 4511 1189 4565 sancti
1217 4515 1308 4579 qui
1364 4510 1582 4565 fuerunt
1611 4512 1662 4564 in
1687 4512 1883 4580 populo
1912 4481 1960 4540 ο

314 4617 527 4665 manna,
562 4610 612 4656 et
645 4617 748 4656 non
781 4611 903 4655 sunt
933 4603 1150 4666 mortui,
1188 4604 1310 4671 quia
1356 4604 1669 4671 spiritaliter
1695 4604 1881 4657 visibi-

309 4691 419 4744 lem
441 4691 617 4745 cibum
647 4691 1054 4758 intellexerunt,
1111 4692 1421 4761 spiritaliter
1460 4694 1702 4747 esuriunt
1730 4692 1880 4764 [Man

312 4779 671 4850 csurierunt];
717 4799 734 4831 ι
767 4779 855 4832 alii
883 4795 1010 4833 vero
1063 4781 1517 4834 mandttcaverunt
1552 4791 1607 4835 et
1633 4797 1882 4851 perman-

312 4880 505 4926 serunt
538 4872 590 4925 in
618 4872 962 4935 inﬁdelitate;
996 4870 1317 4925 sicutludtci
1347 4873 1626 4925 audierunt
1666 4873 1886 4941 loquen-

315 4972 424 5015 tem
445 4961 846 5025 Christum,sed
873 4979 976 5016 non
1005 4963 1318 5032 spiritaliter
1340 4965 1502 5017 verba
1531 4962 1646 5031 ejus
1682 4965 1889 5019 intelle-

315 5063 540 5118 xerunt;
577 5055 696 5108 ideo
725 5055 861 5108 dixit
882 5055 998 5110 eis:
1035 5054 1218 5108 Patres
1250 5057 1401 5107 vestri
1445 5056 1887 5110 manducaverunt

312 5159 510 5196 manna
536 5146 590 5197 in
609 5143 834 5208 deserto,
863 5153 912 5197 et
950 5143 1112 5214 528
1139 5145 1328 5197 mortui
1355 5154 1494 5197 sunt.
1529 5144 1642 5209 Qua
1684 5153 1854 5198 morte
1874 5184 1887 5204 ,

317 5233 421 5288 nisi
454 5234 816 5287 inﬁdelitatis?
854 5235 988 5288 Nam
1032 5235 1299 5289 communi
1328 5229 1514 5289 'morte
1536 5234 1728 5288 mortui
1769 5244 1895 5287 sunt

315 5335 372 5378 et
399 5325 568 5379 sancti
595 5323 685 5392 qui
729 5322 944 5377 fuerunt
971 5324 1109 5379 inter
1155 5340 1268 5380 eos.
1309 5323 1432 5379 ldeo
1474 5324 1704 5394 signavit
1735 5323 1888 5394 [Ms.,

316 5411 660 5484 signiﬁcavit]
687 5411 944 5467 Dominus
970 5412 1054 5465 his
1097 5413 1272 5468 verbis
1305 5421 1532 5467 mortem
1560 5411 1853 5482 spiritalem
1873 5452 1888 5475 ,

318 5519 426 5558 non
455 5503 744 5557 carnalem.
777 5521 794 5553 ι
836 5502 1024 5555 Patres
1061 5516 1188 5571 ergo
1241 5503 1484 5566 istorum,
1512 5503 1563 5557 id
1591 5512 1706 5565 est,
1767 5502 1891 5556 mali

315 5599 498 5659 patres
525 5593 810 5656 malorum,
852 5591 1090 5645 inﬁdeles
1111 5601 1312 5662 patres,
1339 5593 1578 5648 inﬁdeles
1594 5609 1894 5648 murmura-

320 5691 484 5748 tores,
507 5692 687 5753 patres
710 5691 1162 5737 murmuratorum
1189 5680 1313 5753 [Με.
1354 5693 1402 5736 et
1433 5684 1562 5753 Aug.
1591 5725 1605 5749 ,
1657 5685 1894 5740 inﬁdeles

1977 3250 2055 3305 dit
2073 3259 2126 3305 et
2161 3265 2380 3313 manna,
2403 3249 2496 3303 sed
2522 3264 2715 3303 manna
2749 3249 2934 3302 umbra
2957 3256 3092 3312 erat,
3115 3247 3214 3301 ista
3236 3245 3434 3299 veritas
3454 3252 3554 3299 est.

1977 3342 2161 3411 (Vens.
2185 3341 2298 3412 5‘2.)
2329 3339 2386 3395 Si
2415 3342 2530 3411 quis
2551 3340 2940 3394 manducaverit
2961 3355 3024 3392 ea:
3043 3339 3140 3391 Itoc
3165 3353 3316 3407 pane,
3350 3337 3478 3389 vivet
3502 3336 3556 3388 in

1975 3439 2262 3494 cateruam;
2292 3438 2339 3482 et
2368 3430 2518 3498 panis
2547 3445 2697 3500 quem
2726 3444 2816 3497 ego
2867 3428 3025 3491 dabo,
3055 3442 3176 3480 caro
3202 3441 3315 3478 mea
3361 3434 3434 3477 est
3462 3440 3555 3492 pro

1976 3521 2157 3574 mundi
2186 3522 2310 3574 vita.
2341 3519 2454 3574 Hoc
2483 3521 2694 3590 quando
2716 3528 2934 3588 caperet
2961 3534 3107 3580 caro,
3138 3516 3277 3586 quod
3302 3515 3434 3569 dixit
3461 3529 3553 3583 pa-

1976 3628 2098 3667 nem
2122 3613 2373 3668 carnem?
2407 3613 2634 3666 Vocatur
2662 3626 2808 3673 caro,
2840 3609 2981 3678 quod
3035 3623 3140 3661 non
3196 3607 3338 3674 capit
3377 3620 3503 3660 caro
3537 3619 3550 3658 :

1977 3711 2031 3757 et
2054 3705 2172 3757 ideo
2206 3703 2377 3772 magis
2412 3717 2516 3755 non
2570 3701 2713 3767 capit
2757 3713 2915 3762 caro,
2973 3699 3096 3768 quia
3135 3705 3359 3752 vocatur
3407 3711 3552 3752 caro.

1979 3793 2092 3846 Hoc
2121 3793 2264 3846 enim
2305 3791 2717 3854 exhorruerunt,
2748 3788 2848 3843 hoc
2879 3789 3248 3843 assimulatum
3293 3786 3446 3860 [Ms.,
3473 3802 3553 3841 as-

1980 3882 2300 3943 similatum;
2335 3880 2490 3949 Aug.,
2517 3879 2582 3932 ad
2604 3894 2662 3932 se
2710 3878 2957 3949 multum]
2988 3894 3108 3935 esse
3154 3880 3424 3942 dixerunt,
3453 3879 3558 3932 hoc

1979 3985 2085 4024 non
2110 3983 2264 4037 posse
2289 3968 2400 4020 ﬁeri
2430 3975 2772 4036 putaverunt.
2801 3964 2936 4020 Caro
2965 3984 3079 4020 mea
3115 3978 3210 4032 est,
3245 3969 3435 4037 inquit,
3464 3985 3558 4037 pro

1980 4056 2162 4133 mundi
2191 4056 2316 4108 vita.
2343 4054 2548 4109 Norunt
2573 4055 2755 4109 ﬁdeles
2786 4070 2982 4124 corpus
3008 4055 3243 4119 Christi,
3293 4057 3338 4109 si
3369 4071 3563 4125 c0rptts

1982 4145 2182 4202 Christi
2208 4161 2325 4200 esse
2351 4162 2457 4201 non
2486 4147 2776 4218 negligant.
2809 4146 2968 4200 Fiant
2997 4161 3191 4215 corpus
3217 4145 3419 4200 Christi
3444 4185 3460 4209 ,
3515 4146 3562 4199 si

1983 4239 2167 4293 volunt
2197 4238 2377 4292 vivere
2406 4239 2470 4293 de
2495 4239 2683 4308 spiritu
2715 4239 2933 4294 Christi.
2995 4239 3070 4292 De
3125 4238 3312 4307 spiritu
3358 4236 3558 4294 Christi

1985 4347 2089 4385 non
2112 4331 2265 4395 vivit,
2297 4331 2400 4384 nisi
2435 4345 2630 4399 corpus
2654 4330 2870 4384 Christi.
2917 4350 2934 4382 ι
2965 4328 3200 4398 Quisque
3225 4330 3405 4383 vivere
3425 4329 3555 4390 vult,

1986 4421 2173 4476 credat
2201 4421 2252 4474 in
2277 4419 2569 4483 Christum,
2608 4420 2894 4473 manducet
2925 4419 3238 4487 spiritaliter
3267 4417 3561 4489 spiritalem

1988 4514 2184 4567 cibum.
2211 4511 2588 4578 lncorporetur
2633 4511 2846 4579 corpori
2889 4509 3110 4575 Christi,
3135 4519 3184 4564 et
3217 4526 3321 4565 non
3345 4512 3413 4566 sit
3459 4527 3560 4580 pu-

1990 4603 2186 4656 tridum
2212 4602 2530 4662 membrum,
2561 4601 2703 4669 quod
2736 4602 2971 4655 resecari
3016 4612 3288 4656 mereatur
3312 4601 3444 4675 [Al.,
3474 4603 3565 4657 de-

1989 4687 2154 4759 beat].
2183 4689 2263 4743 Sit
2290 4689 2591 4757 pulchrum,
2619 4691 2687 4744 sit
2713 4706 2921 4753 sanum,
2951 4692 3021 4744 sit
3051 4699 3231 4759 aptum
3260 4693 3420 4762 capiti
3444 4707 3561 4746 suo.

1991 4779 2173 4850 (Vens.
2203 4777 2314 4849 55.)
2340 4780 2638 4848 Litigabant
2668 4796 2788 4848 ergo
2816 4779 2994 4832 Juda'i
3031 4781 3097 4832 ad
3143 4782 3358 4834 invicem
3389 4781 3567 4836 dicen-

1990 4879 2064 4923 tes
2090 4883 2108 4920 :
2147 4867 2418 4933 Quomodo
2445 4877 2606 4938 potest
2646 4870 2730 4921 hic
2761 4869 2904 4921 nobis
2927 4885 3135 4922 carnem
3159 4885 3308 4922 suam
3332 4869 3458 4922 dare
3493 4871 3563 4923 ad

1991 4961 2452 5014 manducandum?
2485 4979 2500 5008 ε
2543 4959 2845 5028 Litigabant
2871 4959 3052 5028 utique
3083 4961 3146 5012 ad
3173 4960 3418 5022 invicem,
3438 4975 3568 5028 quo-

1991 5051 2134 5102 niam
2160 5065 2348 5118 panem
2375 5049 2672 5103 concordia:
2697 5064 2800 5102 non
2825 5049 3206 5118 intelligebant.
3225 5064 3321 5102 nec
3351 5063 3564 5102 sumere

1990 5139 2240 5193 volebant
2267 5159 2276 5191 :
2312 5154 2432 5192 nam
2464 5139 2555 5209 qui
2588 5140 2910 5192 manducant
2941 5139 3098 5192 talem
3127 5153 3340 5207 panem,
3371 5155 3474 5194 non
3505 5139 3567 5195 li-

1991 5230 2160 5300 tigant
2189 5230 2256 5284 ad
2305 5231 2564 5296 invicem;
2615 5231 2866 5300 quoniam
2907 5246 3043 5285 unus
3076 5231 3230 5299 panis
3255 5246 3418 5285 unum
3449 5247 3566 5296 cor-

1992 5336 2092 5390 pus
2114 5322 2264 5375 multi
2288 5337 2490 5390 sumus,
2520 5333 2571 5377 ct
2595 5340 2692 5393 per
2713 5325 2859 5378 hunc
2889 5322 3018 5378 facit
3042 5323 3184 5377 Deus
3213 5323 3370 5379 unius
3398 5325 3567 5381 moris

1991 5411 2232 5464 habitare
2259 5411 2312 5465 in
2341 5411 2497 5465 domo
2526 5411 2576 5482 (I
2608 5409 2729 5465 Cor.
2758 5428 2811 5476 ι,
2834 5412 2931 5476 i7;
2965 5410 3111 5466 Psal.
3135 5428 3301 5478 vau,
3324 5411 3566 5486 7).Quotl

1991 5515 2168 5560 autem
2196 5507 2263 5560 ad
2286 5506 2513 5560 invicem
2545 5507 2818 5577 litigantes
2858 5515 3122 5577 quaerunt,
3153 5509 3421 5576 quomodo
3446 5525 3567 5580 pos-

1994 5598 2061 5651 sit
2092 5597 2348 5651 Dominus
2375 5611 2594 5654 carnem
2635 5612 2784 5652 suam
2836 5599 2964 5654 dare
2991 5599 3058 5653 ad
3095 5598 3522 5656 manducandum
3550 5640 3565 5661 .

1995 5704 2098 5741 non
2129 5689 2310 5742 statim
2336 5687 2495 5742 edunt
2513 5685 2693 5759 (Anq,
2727 5686 2993 5765 audiunt],
3016 5689 3107 5745 sed
3132 5689 3306 5746 adhuc
3336 5691 3415 5746 eis
3437 5689 3567 5744 dicio
