4000 6190
469 348 578 404 835

1297 343 1358 396 Β.
1397 340 1458 396 F.
1493 339 1716 394 ALBlNl
1758 336 1887 392 SEU
1929 335 2201 390 ALCUlNl
2242 332 2524 388 OPEllUM
2563 333 2741 384 PARS
2778 331 2841 384 lt.
3627 341 3737 395 εδδ

477 471 565 515 tur
594 478 605 512 :
637 459 821 529 (Vens.
868 455 957 525 5i)
989 455 1153 506 Amen
1182 470 1331 506 amen
1361 452 1477 503 dico
1504 450 1666 512 vobis,
1701 449 1802 501 nisi
1830 447 2051 500 mandu-
2083 452 2125 509 Α
2155 442 2277 496 liter
2305 441 2422 508 ejus
2445 455 2682 501 carnem,
2711 439 2836 493 licet
2861 439 3156 494 carnaliter
3193 451 3249 496 et
3294 443 3578 502 visibiliter
3615 466 3741 519 pte-

477 551 712 604 caveritis
738 563 945 600 carnem
967 543 1097 597 Filii
1124 544 1366 606 hominis,
1386 554 1432 595 et
1452 542 1678 595 biberitis
1704 543 1816 610 ejus
1839 540 2050 607 sangui-

476 656 611 705 nem,
638 655 737 692 non
760 636 1012 691 habebitis
1038 637 1196 688 vitam
1237 635 1289 686 in
1315 634 1472 687 vobis.
1502 630 1781 697 Quomodo
1835 630 2048 698 quidem

473 730 630 782 detur
655 726 835 801 (Aug,
859 723 1070 796 edatur]
1091 735 1144 777 et
1174 725 1422 793 quisnam
1476 723 1665 776 modus
1721 722 1791 774 sit
1828 720 2051 773 mandu-

472 817 627 870 candi
655 818 814 869 istum
837 829 1050 884 panem,
1071 813 1327 882 ignoratis
1350 830 1362 864 :
1392 821 1762 864 verumtamen
1780 810 1880 862 nisi
1903 823 2051 861 man-

472 906 798 961 ducaveritis
832 921 1050 958 carnem
1090 904 1183 958 ﬁlii
1224 903 1456 958 hominis
1493 911 1548 955 et
1594 901 1710 970 ejus
1736 900 2048 968 sanguinem

473 995 736 1060 biberitis,
765 1011 868 1048 non
903 995 1112 1048 habetis
1141 995 1305 1048 vitam
1325 995 1377 1046 in
1403 993 1555 1047 vobis
1576 1005 1622 1044 ιι.
1655 992 1778 1045 [hnc
1808 1006 1912 1044 non
1945 990 2048 1044 ita-

473 1101 577 1153 que
613 1084 796 1156 [Aug.,
826 1084 1035 1156 utique]
1059 1086 1412 1140 cadaveribus
1437 1126 1451 1147 ,
1511 1083 1602 1137 sed
1645 1083 1948 1136 viventibus
1976 1083 2051 1135 lo-

469 1176 756 1242 quebatur.
785 1175 936 1230 Unde
971 1189 1036 1228 ne
1077 1176 1231 1228 istam
1260 1175 1424 1226 vitam
1457 1173 1810 1241 intelligentes
1834 1173 1898 1226 de
1949 1173 2049 1225 hac

470 1282 531 1320 re
562 1267 850 1335 litigarent,
877 1274 1093 1319 secutus
1114 1264 1375 1334 adjunxit.

548 1355 709 1424 529
732 1355 894 1409 Vens.
917 1353 1089 1406 55.——
1119 1352 1221 1418 Qui
1244 1355 1528 1408 mandarat
1560 1371 1723 1408 meam
1751 1369 1979 1415 carnem,
2004 1361 2050 1404 et

466 1443 594 1495 bibit
614 1459 782 1495 meum
798 1443 1123 1511 sanguinem,
1137 1441 1287 1496 habet
1303 1444 1458 1496 vitam
1475 1453 1743 1498 (uernam.
1761 1442 1908 1496 Hanc
1917 1456 2051 1509 ergo

469 1547 575 1586 non
603 1531 783 1594 habet,
809 1531 901 1599 qui
927 1531 1086 1584 istum
1103 1545 1297 1599 panem
1313 1547 1417 1586 non
1445 1535 1752 1595 manducat,
1770 1547 1866 1586 nec
1890 1532 2049 1586 istum

470 1623 785 1692 sanguinem
807 1621 973 1686 bibit;
994 1636 1116 1674 nam
1141 1622 1492 1690 temporalem
1516 1623 1681 1675 vitam
1697 1622 1812 1676 sine
1833 1621 1940 1685 illo,
1967 1630 2051 1674 ut-

471 1729 683 1782 cunque
723 1714 968 1769 homines
1018 1713 1070 1766 in
1112 1715 1213 1767 hoc
1244 1714 1460 1779 saeculo,
1504 1715 1595 1784 qui
1646 1730 1750 1769 non
1793 1721 1914 1768 sunt
1951 1728 2051 1782 per

2155 540 2266 585 mat
2309 529 2602 602 [dentibus]
2651 538 3049 584 sacramentum
3081 535 3328 602 corporis
3377 547 3433 591 et
3461 543 3742 610 sanguinis

2153 621 2384 684 Christi;
2415 622 2509 674 sed
2555 619 2724 689 magis
2763 627 2926 673 tanta:
2973 621 3047 674 rei
3078 633 3476 679 sacramentum
3503 629 3740 699 ad‘judi—

2153 714 2295 766 cium
2327 713 2428 767 sibi
2475 713 2765 765 manducat
2809 720 2864 764 et
2904 712 3059 776 bibit,
3099 714 3222 782 quia
3250 715 3558 774 immundus
3598 737 3740 789 prae-

2153 805 2379 872 sumpsit
2416 804 2484 858 ad
2528 803 2731 858 Christi
2759 803 3018 858 accedere
3054 818 3415 872 sacramenta,
3449 827 3570 880 qua:
3597 815 3740 870 alius

2154 893 2335 964 (Aug,
2357 909 2476 962 quae
2506 892 2722 964 aliquis]
2749 908 2855 946 non
2900 894 3059 961 digne
3087 898 3271 962 sumit,
3312 902 3416 954 nisi
3447 905 3538 971 qui
3583 921 3730 960 mun-

2153 984 2252 1038 dus
2279 992 2384 1047 est,
2413 984 2478 1036 de
2504 983 2701 1052 quibus
2727 983 2925 1037 dicitur
2960 1002 2972 1037 :
3001 983 3153 1039 Beati
3182 990 3375 1043 mundo
3402 993 3580 1056 corde,
3609 1013 3740 1061 quo-

2153 1074 2295 1126 niam
2319 1075 2416 1142 ipsi
2443 1073 2610 1126 Deum
2628 1073 2872 1126 videbunt
2895 1073 3111 1143 (Matth.
3140 1093 3192 1141 v,
3225 1079 3300 1148 8).

2225 1167 2385 1220 Vens.
2413 1165 2500 1220 58.
2524 1195 2596 1205 -—
2621 1163 2772 1219 Sicut
2816 1165 2958 1218 misit
2984 1183 3089 1231 me,
3121 1169 3314 1238 inquit,
3348 1173 3524 1228 vivens
3551 1175 3733 1241 Pater,

2153 1267 2198 1309 et
2219 1274 2311 1326 ego
2345 1258 2454 1311 vivo
2483 1266 2692 1327 propter
2735 1256 2966 1309 Patrem.
2993 1257 3062 1310 Et
3100 1262 3190 1329 qui
3235 1265 3520 1318 manduca!
3550 1284 3652 1333 me,
3686 1284 3739 1323 et

2151 1347 2259 1415 ipse
2311 1348 2433 1400 vivit
2477 1356 2684 1417 propter
2735 1363 2834 1399 me.
2888 1346 3002 1400 Non
3050 1350 3194 1402 enim
3231 1351 3400 1406 Filius
3443 1357 3740 1427 participa-

2151 1437 2299 1491 tione
2323 1438 2502 1492 Patris
2533 1440 2590 1491 lit
2620 1437 2830 1500 melior,
2862 1437 2952 1504 qui
2997 1447 3079 1492 est
3117 1451 3277 1495 natus
3305 1445 3556 1511 aequalis;
3596 1444 3740 1497 sicut

2151 1529 2491 1597 participatio
2527 1527 2647 1582 Filii
2677 1541 2771 1595 per
2809 1527 3070 1583 unitatem
3102 1532 3346 1600 corporis
3371 1531 3486 1600 ejus
3509 1541 3565 1588 et
3606 1550 3737 1586 san-

2151 1621 2350 1690 guinis,
2375 1635 2493 1689 quae
2519 1618 2652 1691 (Ms.
2674 1658 2687 1681 ,
2715 1617 2881 1689 quod]
2914 1618 3002 1672 illa
3036 1623 3378 1677 manducatio
3421 1627 3740 1693 potatioque

2151 1708 2439 1778 signiﬁcat,
2477 1707 2638 1762 eﬁicit
2690 1722 2788 1761 nos
2841 1707 3111 1763 meliores.
3158 1710 3400 1766 Vivimus
3451 1728 3581 1783 ergo
3637 1729 3738 1768 nos

466 1805 628 1861 ﬁdem
658 1804 711 1858 in
733 1819 959 1872 corpore
986 1803 1118 1872 ejus,
1151 1805 1350 1859 habere
1367 1813 1623 1873 possunt;
1650 1815 1908 1859 aeternam
1952 1819 2048 1857 au-
2080 1788 2124 1848 Β
2150 1809 2369 1869 propter
2389 1800 2585 1869 ipsum,
2613 1800 3001 1854 manducantes
3028 1816 3172 1865 eum,
3204 1803 3256 1856 id
3285 1812 3387 1867 est,
3423 1804 3602 1872 ipsum
3647 1820 3712 1857 ac

464 1902 602 1958 tem,
637 1907 756 1962 qua:
785 1893 989 1948 sanctis
1027 1893 1379 1962 promittitur,
1403 1909 1698 1963 nunquam.
1753 1893 1831 1948 Ne
1866 1900 2045 1946 autem

463 1992 715 2051 putarent
746 1984 824 2038 sic
849 1984 902 2036 in
932 1984 1033 2038 isto
1056 1984 1176 2039 cibo
1215 1993 1267 2037 et
1303 1995 1429 2053 potu
1466 1985 1579 2057 [eis
1607 1986 1698 2054 qui
1739 1985 1863 2056 (Ms.
1885 2026 1901 2048 ,
1931 1985 2046 2051 ejus

460 2075 603 2145 quae)
634 2075 926 2128 carnaliter
947 2083 1165 2128 sumunt
1189 2073 1320 2145 (AL,
1354 2075 1614 2144 sapiunt),
1633 2085 1685 2128 et
1708 2091 1811 2129 non
1836 2076 2046 2143 spirali-

461 2174 549 2218 ter
584 2164 887 2233 intelligunt
923 2164 976 2216 in
1017 2162 1180 2234 ﬁde],
1213 2165 1453 2231 promitti
1486 2165 1649 2217 vitam
1683 2172 1964 2228 aeternam,
1989 2172 2046 2218 ut

463 2253 555 2322 qui
593 2269 710 2306 eam
750 2261 1027 2308 sumerent
1065 2252 1177 2320 jam
1227 2269 1326 2307 nec
1381 2270 1608 2323 corpore
1671 2263 2040 2320 morerentur;

469 2344 594 2396 huic
631 2343 796 2396 etiam
823 2343 1136 2412 cogitationi
1176 2352 1260 2397 est
1299 2345 1548 2412 dignatus
1571 2360 1878 2400 occurrere.
1911 2346 2045 2399 Nam

465 2448 588 2486 cum
621 2433 842 2488 dixisset
871 2450 885 2486 :
915 2432 1019 2497 Qui
1063 2435 1344 2486 manducet
1372 2451 1540 2487 meam
1571 2452 1803 2499 carnem,
1833 2445 1880 2488 et
1921 2437 2045 2490 bibit

466 2539 636 2574 meum
685 2523 1020 2591 sanguinem,
1071 2523 1222 2576 habet
1273 2526 1429 2577 vitam
1469 2535 1746 2588 cateruam;
1792 2527 2045 2581 continuo

464 2611 712 2680 subjecit,
746 2623 794 2664 et
829 2611 962 2666 dixit
995 2630 1007 2665 :
1042 2611 1108 2664 Et
1139 2629 1230 2682 ego
1261 2615 1576 2667 resuscitabo
1605 2631 1724 2668 eum
1772 2617 1828 2669 in
1871 2618 2044 2670 novis-

464 2703 594 2754 simo
621 2701 725 2754 die.
755 2700 822 2756 Ut
851 2703 1047 2756 habeat
1078 2703 1293 2756 interim
1324 2707 1617 2758 secundum
1669 2706 1919 2774 spiritum
1967 2707 2046 2760 vi-

465 2800 572 2844 tam
629 2799 886 2845 aeternam
949 2793 1003 2846 in
1055 2794 1257 2862 requie,
1302 2808 1421 2862 qua:
1472 2803 1785 2848 sanctorum
1825 2796 2046 2864 spiritus

463 2883 716 2952 suscipit:
733 2886 875 2953 quod
902 2894 1082 2939 autem
1107 2884 1174 2938 ad
1197 2901 1393 2955 corpus
1419 2887 1640 2952 attinet,
1667 2903 1765 2941 nec
1795 2888 1910 2955 ejus
1937 2890 2044 2943 vita

462 2985 661 3032 :etcrua
707 2976 981 3033 fraudetur
1011 2977 1164 3050 [Ms.,
1199 2993 1299 3033 nec
1345 2995 1458 3033 eos.
1480 3017 1493 3030 .
1519 3019 1530 3030 .
1567 2977 1837 3051 fraudat],
1864 2980 1959 3035 sed
1989 2981 2042 3034 in

466 3069 864 3123 resurrectione
902 3076 1261 3134 mortuorum,
1295 3069 1347 3121 in
1397 3069 1689 3122 novissimo
1741 3069 1828 3122 die
1862 3083 1989 3122 caro
2017 3087 2036 3120 θ

2149 1891 2407 1960 cipientes
2443 1897 2700 1943 aeternam
2725 1890 2912 1954 vitam,
2946 1904 3105 1958 quam
3142 1907 3248 1945 non
3291 1893 3553 1947 habemus
3598 1893 3735 1966 [A!.,

2145 1977 2500 2050 habebamus]
2536 1994 2604 2032 ex
2637 1980 2812 2034 nobis.
2841 1981 2986 2034 Vivit
3015 1988 3193 2034 autem
3223 1982 3337 2051 ipse
3382 1992 3603 2052 propter
3636 1985 3739 2038 Pa-

2145 2077 2323 2132 trem,
2380 2070 2576 2123 missus
2605 2071 2672 2123 ab
2701 2085 2796 2134 eo,
2843 2071 2966 2138 quia
3011 2071 3360 2140 semetipsum
3409 2075 3734 2138 exinanivit,

2145 2156 2321 2213 factus
2347 2160 2602 2214 obediens
2627 2175 2796 2227 usque
2823 2161 2889 2213 ad
2922 2161 3135 2229 signum
3159 2159 3290 2231 [Al.,
3333 2162 3584 2234 mortem]
3610 2180 3735 2217 cru-

2145 2251 2223 2304 cis
2246 2250 2495 2320 (Philipp.
2529 2267 2591 2315 ll,
2619 2250 2696 2320 8).
2726 2250 2870 2305 Sicut
2897 2263 3035 2306 mtstt
3058 2269 3138 2306 me
3164 2254 3336 2307 vivens
3361 2254 3546 2318 Pater,
3565 2265 3612 2307 et
3642 2271 3735 2325 ego

2146 2343 2258 2395 vivo
2275 2352 2484 2412 propter
2516 2342 2814 2407 Patrem,et
2846 2345 2934 2412 qui
2959 2343 3238 2396 manducet
3269 2360 3367 2406 me,
3393 2355 3441 2397 et
3466 2346 3576 2413 ipse
3611 2347 3737 2397 ririt

2144 2442 2352 2502 propter
2376 2448 2490 2495 me;
2518 2448 2581 2486 ac
2621 2433 2663 2486 si
2713 2433 2916 2487 diceret
2943 2451 2956 2486 :
2987 2433 3052 2488 Ut
3075 2449 3172 2503 ego
3195 2435 3368 2487 vivam
3399 2434 3554 2506 μη..
3585 2435 3732 2508 vim]

2145 2533 2364 2590 propter
2385 2523 2619 2587 Patrem,
2639 2524 2691 2578 id
2719 2533 2821 2587 est,
2854 2532 2911 2578 ut
2933 2526 2999 2578 ad
3024 2525 3170 2578 illum
3198 2534 3452 2595 tanquam
3475 2529 3542 2581 ad
3566 2527 3734 2596 majo-

2148 2626 2259 2664 rem
2287 2611 2513 2666 referam
2533 2613 2694 2666 vitam
2717 2629 2912 2676 meam,
2927 2613 3222 2669 cxinanitio
3244 2631 3360 2669 mea
3385 2615 3531 2679 fecit,
3556 2618 3607 2671 ia
3624 2635 3730 2688 qua

2145 2714 2230 2752 me
2257 2701 2432 2764 misit;
2468 2708 2525 2754 ut
2547 2710 2726 2755 autem
2757 2703 2985 2772 quisque
3012 2704 3157 2757 vivat
3185 2714 3408 2776 preptcr
3435 2723 3538 2769 me,
3563 2711 3731 2777 parti-

2146 2788 2342 2855 cipatio
2378 2786 2524 2854 facit,
2558 2804 2662 2858 qua
2693 2789 2823 2860 [Al.,
2861 2790 3008 2863 quia]
3036 2793 3324 2848 munducat
3352 2810 3458 2848 me.
3485 2795 3595 2866 Ego
3627 2798 3728 2850 ita-

2146 2893 2249 2946 que
2301 2879 2616 2934 humiliatus
2667 2881 2791 2937 vivo
2831 2891 3056 2952 propter
3112 2882 3361 2950 Patrem,
3408 2886 3501 2940 ille
3550 2899 3728 2943 rectus

2146 2967 2329 3038 (Aug,
2359 2969 2602 3041 erectus]
2642 2971 2776 3023 vivit
2816 2981 3037 3040 propter
3071 2988 3177 3026 me.
3217 2994 3236 3026 ι
3266 2974 3385 3030 Non
3430 2977 3496 3031 de
3527 2992 3588 3031 ea
3633 2995 3727 3032 na-

2150 3069 2267 3114 tura
2292 3063 2446 3125 dixit,
2475 3077 2578 3131 qua
2609 3065 3147 3133 semperestaequalis
3163 3066 3333 3134 Patri,
3358 3068 3451 3121 sed
3475 3067 3542 3122 de
3566 3083 3653 3133 ea,
3672 3070 3725 3124 in

465 3161 581 3214 viva
627 3167 873 3230 resurgat
923 3158 1070 3230 [Με.,
1101 3175 1228 3214 caro
1248 3129 1656 3231 suscitabitur].
1693 3161 1878 3228 (Vens.
1931 3159 2040 3231 56.)
2068 3129 2116 3192 θ
2146 3172 2252 3227 qua
2279 3157 2456 3210 minor
2478 3129 2654 3212 factus
2673 3129 2755 3212 est
2782 3158 2952 3212 Patri.
2981 3129 3114 3224 Quia
3130 3159 3284 3230 [Hs.,
3313 3129 3435 3232 Qui]
3462 3163 3621 3216 etiam
3639 3129 3731 3216 su-

462 3249 600 3302 Caro
640 3251 776 3302 enim
811 3265 956 3312 mea,
999 3249 1192 3317 inquit,
1241 3265 1354 3303 vere
1398 3259 1473 3302 est
1510 3249 1690 3310 cibus,
1743 3259 1787 3301 et
1830 3249 2042 3318 sanguis

463 3355 606 3391 meus
646 3353 760 3390 vere
801 3347 874 3390 est
905 3347 1076 3406 potus.
1126 3356 1142 3386 ς
1179 3337 1314 3392 Cum
1368 3338 1514 3390 enim
1565 3338 1685 3391 cibo
1721 3349 1776 3391 et
1817 3347 1944 3406 potu
1991 3337 2043 3391 id

463 3436 718 3500 appetant
755 3428 1017 3488 homines,
1069 3436 1127 3480 ut
1173 3442 1279 3481 non
1326 3428 1566 3480 esuriant
1604 3442 1777 3494 neque
1819 3427 2039 3491 sitiant;

468 3526 571 3579 hoc
595 3524 863 3578 veraciter
903 3538 1005 3576 non
1058 3530 1280 3590 praestat
1335 3521 1436 3576 nisi
1485 3522 1583 3575 iste
1609 3521 1760 3575 cibus
1784 3530 1838 3575 et
1865 3531 2039 3589 potus,

467 3618 556 3681 qui
593 3630 685 3667 eos
722 3629 754 3666 a
797 3614 991 3683 quibus
1023 3612 1253 3667 sumitur
1281 3611 1612 3666 immortales
1643 3620 1695 3665 et
1724 3612 2044 3681 incorrupti-

465 3704 598 3757 biles
629 3703 774 3765 facit,
808 3704 858 3756 id
907 3713 1008 3766 est,
1040 3703 1272 3756 societas
1300 3703 1411 3772 ipsa
1444 3711 1774 3765 sanctorum,
1805 3702 1894 3756 ubi
1938 3717 2038 3771 pax

463 3795 568 3847 erit
613 3803 665 3845 et
694 3794 872 3846 unitas
901 3793 1056 3861 plena
1081 3801 1242 3862 atque
1269 3793 1527 3862 perfecta.
1559 3792 1847 3863 Propterea
1890 3795 2044 3864 quip—

465 3902 568 3956 pe,
624 3887 763 3939 sicut
827 3885 988 3939 etiam
1055 3886 1158 3940 hoc
1211 3896 1333 3940 ante
1374 3901 1472 3940 nos
1527 3886 1901 3941 intellexerunt
1945 3889 2044 3940 ho-

466 3977 637 4030 mines
669 3975 828 4049 [Dei],
861 3977 1122 4032 Dominus
1148 3987 1332 4033 noster
1364 3976 1518 4032 Jesus
1555 3977 1806 4032 Christus
1845 3995 2042 4048 corpus

459 4076 514 4120 et
546 4068 856 4138 sanguinem
881 4083 1034 4121 suum
1066 4069 1117 4121 in
1154 4069 1232 4123 eis
1262 4070 1423 4122 rebus
1466 4069 1881 4130 commendavit,
1925 4084 2044 4137 qua:

459 4160 528 4214 ad
563 4175 727 4213 unum
749 4159 950 4229 aliquid
975 4160 1287 4227 rediguntur
1310 4174 1376 4212 ex
1399 4159 1599 4213 multis.
1633 4159 1873 4227 Namque
1900 4159 2045 4213 aliud

461 4251 516 4304 in
551 4265 717 4304 unum
748 4248 950 4317 aliquid
991 4262 1057 4301 ex
1089 4247 1270 4301 multis
1310 4249 1496 4317 granis
1530 4249 1816 4302 coaﬁcitur
1839 4255 1895 4301 ct
1921 4263 2045 4302 con-

461 4349 570 4396 stat
593 4339 774 4413 [Aug.,
806 4338 1020 4411 conﬁt],
1057 4337 1201 4392 aliud
1237 4339 1290 4392 in
1315 4355 1480 4392 unum
1503 4355 1569 4393 ex
1591 4339 1776 4393 multis
1817 4341 2045 4395 racemis

464 4433 598 4505 [Αι.,
630 4430 845 4502 acinis]
893 4429 1131 4484 conﬂuit.
1183 4430 1421 4499 Denique
1465 4429 1578 4498 jam
1646 4431 1864 4499 exponit
1915 4447 2044 4500 quo-

462 4525 622 4579 modo
664 4524 717 4578 id
752 4522 846 4576 ﬁat
897 4521 1040 4591 quod
1087 4521 1340 4590 loquitur,
1369 4530 1422 4575 et
1461 4519 1588 4591 quid
1619 4521 1688 4575 sit
1714 4522 2038 4576 manducare

461 4631 657 4685 corpus
685 4613 802 4682 ejus
839 4621 892 4668 et
915 4615 1231 4683 sanguinem
1261 4614 1464 4669 bibere.
1495 4614 1682 4684 (Vens.
1715 4613 1827 4685 57.)
1854 4613 1920 4667 Et
1949 4615 2038 4685 qui

461 4710 765 4774 manducet,
798 4709 1003 4777 inquit,
1035 4724 1198 4762 meam
1230 4724 1455 4769 carnem,
1487 4717 1532 4760 et
1565 4707 1688 4760 bibit
1715 4723 1888 4759 meum
1918 4724 2040 4760 san-

457 4803 688 4872 guinem,
719 4801 773 4853 in
803 4816 881 4854 me
909 4807 1099 4862 manet,
1153 4806 1201 4851 et
1251 4814 1342 4868 ego
1389 4798 1443 4850 in
1489 4815 1567 4850 eo.
1623 4797 1734 4851 Hoc
1779 4804 1862 4850 est
1911 4811 2039 4866 ergo

461 4890 788 4944 manducare
819 4887 962 4941 illam
999 4902 1177 4940 escam
1215 4893 1268 4938 et
1315 4886 1460 4940 illum
1501 4885 1685 4939 bibere
1736 4893 1954 4952 potum,
1985 4885 2036 4937 in

458 4979 678 5032 Christo
711 4991 950 5041 manere,
984 4983 1038 5029 et
1059 4975 1207 5028 illum
1243 4983 1549 5028 manentem
1596 4975 1649 5027 in
1689 4987 1747 5027 se
1800 4974 2036 5028 habere:

455 5085 525 5125 ac
547 5085 645 5140 per
666 5071 789 5134 hoc,
819 5067 908 5136 qui
932 5081 1037 5119 non
1078 5075 1260 5118 manet
1293 5065 1346 5117 in
1375 5063 1609 5127 Christo,
1638 5071 1692 5116 et
1720 5063 1772 5117 iu
1807 5079 1913 5132 quo
1934 5080 2038 5116 non

461 5169 646 5216 manet
677 5159 946 5218 Christus,
974 5153 1157 5226 procul
1187 5153 1350 5208 dubio
1375 5168 1474 5208 nec
1502 5153 1786 5207 manducat
1827 5153 2041 5223 spirita-

531 5312 558 5340 ει
598 5299 738 5355 Edit.
769 5297 1107 5367 Argentorat.
1141 5291 1206 5367 de
1232 5305 1374 5367 anno
1396 5290 1530 5344 l527
1551 5291 1634 5367 ita
1656 5291 2036 5360 prosequitur:

466 5388 485 5420 ε
525 5369 674 5424 llanc
704 5361 882 5436 itaque
923 5377 1164 5436 carnem,
1193 5363 1336 5416 hunc
1363 5362 1542 5436 itaque
1570 5361 1747 5436 cibum
1778 5369 1834 5414 et
1857 5369 2039 5430 potum

458 5440 770 5493 societatem
795 5431 912 5490 vult
945 5433 1166 5502 intelligi
1189 5432 1431 5502 corporis
1455 5431 1510 5486 et
1533 5431 2042 5502 membrorum_suo-

463 5523 604 5579 rum,
636 5508 778 5579 quod
805 5516 888 5560 est
913 5512 1098 5579 sancta
1123 5498 1389 5579 Ecclesia,
1409 5516 1527 5571 qua:
1553 5515 1752 5579 corpus
1783 5508 1864 5579 est
1885 5498 2043 5579 Chri-

459 5577 552 5638 sti,
583 5569 638 5629 et
655 5569 722 5630 ile
749 5577 850 5629 hac
886 5591 943 5629 re
985 5573 1280 5641 litigarunt.
1324 5569 1551 5626 Secutus
1585 5569 1846 5641 adjunxit,
1873 5575 1979 5620 etc.
2019 5585 2035 5616 ι

460 5647 570 5701 Sed
608 5645 721 5720 haec
743 5644 1006 5698 sententia
1035 5639 1141 5694 huc
1174 5657 1396 5720 prorsus
1418 5649 1498 5720 est
1547 5639 1917 5720 impertinens,
1943 5650 2042 5686 nec

458 5721 515 5775 in
547 5711 700 5770 codd.
728 5727 853 5765 mss.
882 5727 1015 5780 quos
1032 5705 1295 5770 consului,
1313 5726 1408 5763 nec
1437 5710 1486 5761 in
1511 5705 1740 5761 editione
1771 5707 1850 5759 (Il.
1875 5705 2032 5769 Quer-

2143 3248 2323 3316 perius
2345 3245 2552 3300 dixerat
2585 3265 2596 3299 :
2632 3246 2776 3302 Sicut
2804 3247 2965 3302 Pater
2987 3250 3138 3303 habet
3165 3251 3320 3304 vitam
3340 3251 3522 3304 habere
3548 3253 3602 3304 in
3643 3270 3729 3305 se-

2148 3341 2384 3408 metipso,
2416 3340 2488 3392 ita
2517 3340 2658 3392 dedit
2683 3338 2822 3392 Filio
2849 3341 3008 3393 vitam
3031 3340 3218 3394 habere
3243 3343 3297 3394 in
3325 3343 3590 3412 semetipso
3613 3360 3631 3405 ;
3676 3344 3727 3397 id

2145 3438 2262 3494 est,
2305 3431 2490 3500 genuit
2539 3431 2731 3484 Filium
2772 3431 2935 3484 vitam
2983 3431 3269 3484 habentem
3317 3434 3369 3485 in
3417 3435 3720 3502 semetipso.

2216 3525 2376 3578 Vens.
2408 3524 2494 3578 59.
2513 3555 2582 3562 —
2608 3521 2711 3576 llic
2737 3532 2809 3576 est
2832 3523 3002 3592 panis,
3036 3524 3126 3594 qui
3164 3523 3226 3575 de
3252 3523 3378 3577 caelo
3425 3524 3721 3589 descendit,

2149 3633 2167 3663 ‹
2206 3624 2263 3668 ut
2293 3615 2441 3668 illum
2482 3615 2853 3669 manducando
2899 3615 3164 3679 vivamus,
3190 3616 3313 3683 quia
3364 3625 3620 3670 :eteruam
3649 3619 3725 3670 vi-

2147 3715 2252 3759 tam
2283 3722 2347 3760 ex
2377 3707 2531 3761 nobis
2562 3707 2762 3760 habere
2784 3722 2888 3760 non
2923 3722 3226 3776 possumus.
3259 3707 3382 3761 Non
3423 3711 3556 3763 sicut
3581 3728 3726 3764 man-

2143 3797 2479 3859 ductaverant,
2514 3797 2703 3865 inquit,
2753 3807 2926 3866 patres
2977 3798 3130 3851 vestri
3181 3814 3398 3863 manna,
3433 3811 3481 3852 et
3537 3803 3723 3854 mortui

2144 3897 2264 3940 sunt
2290 3904 2307 3940 :
2337 3888 2426 3958 qui
2467 3886 2747 3941 manducet
2785 3885 2922 3938 hunc
2945 3903 3155 3956 panem,
3186 3888 3311 3941 vivet
3357 3890 3412 3942 in
3455 3900 3720 3944 mternum.

2145 3979 2296 4042 Quod
2323 3993 2450 4048 ergo
2479 3977 2549 4031 illi
2576 3976 2771 4030 mortui
2817 3987 2962 4042 sunt,
2993 3977 3066 4031 ita
3107 3977 3220 4030 vult
3250 3978 3513 4051 intelligi,
3541 3990 3596 4034 ut
3621 3997 3721 4034 non

2144 4069 2326 4121 vivant
2357 4068 2409 4121 in
2435 4075 2731 4129 internum;
2763 4082 2888 4120 nam
2925 4067 3295 4136 temporaliter
3320 4069 3566 4136 profecto
3591 4080 3646 4124 et
3673 4071 3721 4123 bi

2145 4159 2442 4213 morientur
2470 4159 2560 4228 qui
2590 4159 2864 4213 Christum
2907 4161 3262 4223 manducant;
3304 4161 3398 4214 sed
3448 4163 3628 4215 vivent
3673 4164 3722 4215 in

2144 4261 2423 4314 aeternum,
2453 4252 2577 4320 quia
2621 4251 2866 4305 Christus
2906 4259 2988 4305 est
3033 4251 3143 4304 vita
3189 4259 3412 4305 aeterna.
3446 4253 3473 4292 ι)
3503 4252 3719 4322 Signum

2143 4341 2259 4410 ejus
2276 4343 2400 4411 quia
2431 4342 2771 4394 manducavit
2788 4349 2841 4395 et
2863 4342 3016 4404 bibit,
3039 4342 3140 4394 hoc
3169 4349 3253 4395 est
3274 4343 3316 4395 si
3352 4352 3533 4396 manet
3555 4351 3608 4397 et
3623 4358 3723 4396 ma-

2144 4441 2321 4494 netur,
2349 4433 2391 4484 si
2432 4431 2638 4484 habitat
2673 4439 2726 4483 et
2751 4431 3101 4494 iuhabitatur,
3131 4431 3176 4483 si
3205 4430 3286 4484 sic
3310 4431 3510 4497 hazret,
3536 4441 3596 4485 ut
3619 4445 3718 4485 non

2145 4523 2441 4576 deseratur.
2484 4519 2596 4574 Hoc
2623 4535 2752 4589 ergo
2791 4535 2888 4574 nos
2935 4519 3094 4589 53o
3128 4521 3328 4586 docuit,
3373 4529 3429 4574 et
3454 4521 3724 4575 admonuit

2146 4612 2386 4684 mysticis
2411 4612 2609 4676 verbis,
2641 4620 2700 4664 ut
2729 4611 2898 4663 simus
2937 4611 2989 4662 in
3020 4609 3137 4677 ejus
3173 4624 3427 4679 corpore,
3469 4611 3568 4665 sub
3611 4611 3721 4679 ipso

2145 4707 2320 4776 c.:pite
2355 4706 2406 4758 in
2457 4705 2713 4758 membris
2740 4705 2886 4774 ejus,
2917 4704 3135 4758 edentes
3181 4719 3405 4758 carnem
3448 4701 3580 4769 ejus,
3619 4717 3718 4756 non

2147 4797 2508 4865 relinquentes
2535 4795 2794 4848 unitatem
2826 4792 2962 4860 ejus.
2992 4793 3096 4848 Sed
3121 4793 3210 4862 qui
3261 4795 3489 4846 aderant
3524 4792 3716 4863 plures,

2147 4903 2252 4940 non
2291 4885 2633 4955 intelligendo
2680 4884 3029 4938 scandalizati
3057 4892 3182 4938 sunt
3210 4901 3225 4934 :
3258 4898 3363 4936 non
3396 4882 3539 4936 enim
3583 4881 3721 4950 cogi-

2149 4981 2332 5032 tabant
2363 4978 2476 5031 haec
2506 4977 2793 5041 audiendo,
2822 4977 2925 5031 nisi
2954 4992 3193 5040 carnem,
3228 4976 3370 5044 quod
3404 4975 3504 5044 ipsi
3548 4981 3719 5029 erant.

2145 5067 2432 5136 Apostolus
2462 5074 2640 5121 autem
2676 5065 2822 5129 dicit,
2875 5073 2930 5119 et
2968 5081 3152 5119 verum
3185 5063 3358 5118 dicit:
3400 5063 3600 5132 Sapere
3642 5077 3722 5115 se-

2145 5160 2379 5214 cundum
2426 5173 2664 5223 carnem,
2697 5171 2844 5210 mors
2880 5165 2964 5211 est
3003 5154 3180 5226 (Rom.
3211 5170 3335 5216 vm,
3364 5153 3439 5220 6).
3493 5153 3718 5208 Carnem

2149 5291 2348 5355 cetani,
2372 5306 2471 5346 nec
2500 5291 2554 5344 in
2588 5289 2909 5360 Augustino,
2933 5301 3091 5356 quem
3129 5285 3391 5360 Alcuinus
3413 5300 3501 5360 me
3527 5285 3722 5360 descri-

2144 5363 2274 5432 psit,
2291 5361 2574 5432 reperitur.
2591 5355 2799 5432 luti-usa
2812 5372 2942 5432 ergo
2954 5355 3040 5411 est
3059 5356 3344 5432 a_quodam
3368 5355 3651 5432 malevolo,
3665 5363 3725 5407 ut

2145 5424 2364 5485 subdole
2390 5438 2619 5482 mentem
2646 5427 2856 5481 Alcuini
2881 5424 2964 5480 'de
2992 5424 3215 5480 veritate
3238 5424 3480 5494 corporis
3518 5433 3572 5479 et
3604 5439 3724 5494 san—

2144 5501 2321 5570 guinis
2349 5497 2547 5570 Christi
2573 5497 2630 5570 in
2662 5495 2997 5570 Eucharistia
3046 5493 3449 5570 corrumperet;
3495 5493 3637 5562 quod
3673 5500 3726 5544 et

2145 5564 2232 5622 alii
2287 5567 2522 5621 haeretici
2570 5567 2622 5620 in
2677 5565 2901 5621 aliorum
2936 5564 3155 5633 Patrum
3183 5564 3398 5633 scriptis
3424 5571 3721 5633 tentarunt.

2215 5638 2244 5675 ι)
2285 5638 2355 5690 lix
2385 5635 2440 5689 S.
2466 5636 2602 5704 Aug.
2631 5636 2811 5690 Tract.
2843 5651 2987 5689 xxvu
3026 5634 3078 5687 in
3107 5631 3257 5689 Joan.
3293 5631 3439 5686 ntuu.
3474 5631 3582 5686 l-5.
