4000 6190
268 316 375 374 857

1096 311 1506 370 EXEGETICA.
1537 344 1607 352 —
1646 312 1996 370 COMMENT.
2033 317 2099 372 1N
2137 317 2327 376 JOAN.
2369 352 2438 361 —
2471 321 2600 378 LIB.
2637 323 2720 380 111.

3441 325 3552 387 833

270 445 431 486 suam
466 430 559 483 dat
592 424 748 482 nobis
789 423 1046 481 Dominus
1072 424 1138 479 ad
1166 424 1596 479 manducandum
1618 464 1632 488 ,
1678 433 1732 479 et
1780 439 1865 479 sa-
1893 427 1940 485 Α
1970 442 2208 496 carnem,
2240 439 2294 486 et
2321 431 2448 500 quid
2477 432 2619 488 inter
2661 433 2954 489 carnaliter
3001 435 3272 491 Christum
3325 440 3551 495 mandu-

270 535 405 592 pere
451 527 633 574 tamen
681 516 976 572 secundum
1014 530 1232 570 carnem
1284 529 1434 570 mors
1474 524 1587 581 est;
1627 531 1748 570 cum
1796 517 1862 570 de

271 624 441 666 carne
469 622 566 663 sua
589 607 754 672 dicat,
782 607 908 675 quia
948 605 1020 660 ibi
1063 613 1148 660 est
1175 605 1284 659 vita
1324 613 1545 660 aeterna.
1588 606 1729 676 Ergo
1764 622 1863 660 nec

270 714 494 755 carnem
548 697 806 752 debemus
851 711 1040 766 sapere
1089 695 1382 751 secundum
1423 712 1676 760 carnem,
1723 697 1863 750 sicut

274 793 331 848 in
369 790 453 845 bis
496 789 710 843 verbis:
760 787 947 857 (Vt-lus.
994 786 1082 858 6|)
1136 785 1293 839 Multi
1343 788 1517 856 itaque
1570 787 1857 850 audientes,

272 895 382 934 non
408 895 471 933 ex
506 877 756 940 inimicis,
793 876 886 930 sed
909 892 973 929 ea:
1000 875 1270 945 discipulis
1298 876 1430 945 ejus,
1450 876 1729 930 dixerunt:
1750 874 1856 926 Du-

276 985 367 1022 rus
393 977 468 1021 est
497 968 580 1020 hic
607 981 816 1020 sermo:
845 966 960 1035 quis
988 974 1151 1033 potest
1191 981 1309 1018 eum
1340 965 1564 1018 audire?
1611 962 1666 1016 Si
1699 961 1862 1016 disci-

273 1057 388 1127 puli
434 1057 627 1112 durum
669 1056 976 1110 habuerunt
1022 1054 1184 1108 istum
1233 1069 1558 1117 sermonem,
1595 1053 1722 1122 quid
1762 1052 1862 1105 ini-

277 1145 439 1200 mici?
468 1144 535 1198 Et
582 1151 761 1196 tamen
809 1142 889 1196 sic
931 1143 1238 1210 oportebat,
1273 1149 1333 1195 ut
1379 1143 1671 1205 diceretur,
1717 1139 1861 1210 quod

271 1254 384 1293 non
416 1239 484 1292 ab
526 1236 834 1292 hominibus
861 1234 988 1305 [Ms.
1021 1243 1068 1288 et
1098 1235 1234 1304 Aug.
1254 1274 1268 1298 ,
1297 1232 1570 1305 omnibus]
1600 1232 1862 1302 intellige-

271 1335 448 1380 retur.
477 1324 759 1380 Secretum
786 1323 881 1376 Dei
912 1323 1148 1377 intentos
1169 1322 1328 1377 debet
1350 1321 1552 1387 facere,
1577 1337 1682 1376 non
1709 1335 1861 1374 aver-

277 1432 372 1472 sos
418 1414 547 1486 [Μσ.
578 1424 626 1467 et
659 1414 793 1484 Aug.
818 1453 833 1478 ,
857 1411 1157 1483 adversos].
1186 1413 1277 1467 lsti
1312 1421 1492 1468 autem
1515 1413 1624 1467 cito
1653 1410 1862 1466 defece-

275 1514 424 1569 runt,
455 1504 577 1558 talia
601 1503 852 1573 loquente
882 1503 1108 1557 Domino
1152 1500 1278 1556 Jesu
1311 1519 1322 1554 :
1355 1519 1462 1557 non
1491 1501 1858 1563 crediderunt,

274 1595 482 1664 aliquid
537 1608 791 1664 magnum
827 1592 1078 1655 dicente,
1124 1601 1180 1646 et
1221 1591 1372 1645 verbi
1431 1591 1575 1644 illius
1623 1589 1858 1658 aliquam

271 1688 503 1758 gratiam
543 1685 885 1755 cooperiente
917 1683 1100 1755 [Aug.,
1145 1701 1249 1739 non
1278 1684 1624 1739 crediderunt
1658 1682 1860 1752 aliquid

1964 533 2089 572 care
2113 519 2270 585 velle,
2294 520 2381 576 vel
2412 522 2729 592 spiritaliter
2749 524 3028 593 accipere;
3062 527 3138 580 ait
3161 527 3336 582 enim:
3359 523 3548 599 (Vens.

1963 612 2053 676 64)
2089 611 2320 682 Spiritus
2364 624 2461 679 est,
2487 617 2577 685 qui
2618 616 2866 685 viviﬁcat,
2889 635 3011 671 caro
3039 636 3142 672 non
3165 621 3371 690 prodest
3394 623 3550 693 quid-

1961 718 2138 768 quam.
2172 701 2340 758 Paulo
2367 712 2492 759 ante
2517 704 2655 758 dixit
2677 723 2688 757 :
2729 704 2852 759 Nisi
2875 707 3315 763 manducaueritis
3340 727 3548 765 carnem

1968 787 2093 842 Filii
2122 791 2368 856 hominis,
2401 805 2447 846 et
2479 795 2708 848 biberitis
2738 797 2852 865 ejus
2893 799 3220 866 sanguinem,
3247 817 3351 853 non
3389 801 3546 854 [tabc-

1964 877 2082 930 bitis
2112 879 2268 931 vitam
2293 881 2347 933 in
2380 883 2551 944 vobis;
2579 891 2631 936 et
2663 887 2822 939 modo
2845 886 2974 938 dicit
3009 905 3019 938 :
3051 886 3186 940 Caro
3213 907 3314 942 non
3340 891 3550 959 prodest

1961 965 2266 1036 quidquam,
2300 970 2351 1022 id
2377 978 2480 1034 est,
2507 972 2551 1024 si
2587 974 2876 1026 carnaliter
2902 976 3062 1028 vultis
3104 977 3399 1047 intelligere
3429 996 3548 1048 qua:

1963 1055 2104 1118 dico,
2135 1071 2263 1112 caro
2293 1075 2400 1113 non
2432 1063 2654 1128 prodest
2681 1064 3006 1131 quidquam,
3034 1066 3078 1118 si
3115 1067 3191 1118 sic
3220 1084 3436 1122 carnem
3469 1069 3551 1124 in-

1963 1145 2216 1215 telligetis
2250 1150 2681 1206 manducandam
2737 1153 2876 1207 sicut
2929 1155 3093 1207 alium
3155 1156 3358 1218 cibum,
3410 1159 3549 1212 sicut

1961 1253 2154 1294 carnes
2180 1257 2300 1309 quae
2338 1252 2594 1298 emuntur
2641 1245 2696 1298 in
2736 1245 2993 1300 macellis.
3040 1244 3269 1314 Spiritus
3308 1256 3380 1300 est
3421 1263 3551 1318 ergo

1959 1332 2050 1400 qui
2098 1333 2362 1400 vivi/ient,
2407 1349 2506 1404 per
2549 1337 2795 1406 spiritum
2843 1338 3062 1406 prodest
3106 1354 3272 1401 caro,
3313 1355 3434 1408 qua:
3459 1355 3553 1408 per

1962 1423 2192 1491 seipsam
2241 1441 2348 1479 non
2392 1427 2650 1495 prodest,
2709 1429 2834 1497 quia
2881 1428 3056 1482 littera
3108 1429 3328 1492 occidit,
3388 1430 3551 1498 spiri-

1961 1521 2047 1568 tus
2073 1524 2254 1569 autem
2285 1517 2538 1570 vivilicat.
2588 1535 2606 1566 ί
2641 1516 2776 1571 Nam
2816 1533 2913 1587 per
2951 1531 3170 1571 carnem
3198 1517 3423 1585 spiritus
3455 1517 3553 1571 ali-

1961 1604 2090 1672 quid
2129 1620 2228 1672 pro
2287 1607 2459 1660 salute
2489 1616 2671 1662 nostra
2723 1609 2852 1678 egit.
2884 1610 3024 1663 Caro
3061 1624 3156 1663 vas
3200 1608 3322 1674 fuit,
3356 1630 3374 1661 ι
3407 1609 3550 1678 quod

1962 1697 2211 1763 habebat,
2246 1713 2344 1767 per
2371 1715 2532 1769 quam
2579 1703 2802 1771 Spiritus
2849 1703 3081 1758 salvabit
3127 1702 3312 1775 [Ms.,
3370 1709 3549 1758 salva-

265 1793 528 1847 magnum
557 1777 854 1841 dicentem,
881 1783 937 1830 et
967 1775 1144 1829 verbis
1169 1775 1297 1829 illis.
1318 1814 1332 1828 .
1353 1815 1365 1827 .
1412 1771 1854 1843 cooperientem].

1961 1787 2060 1858 vit]
2109 1804 2229 1852 nos,
2265 1799 2423 1846 utens
2451 1807 2653 1862 organo
2706 1795 2886 1848 carnis
2932 1795 3000 1848 ad
3052 1796 3284 1850 salutem
3329 1797 3552 1852 humani

263 1867 384 1922 Sed
416 1875 576 1936 prout
612 1865 920 1929 voluerunt,
949 1864 1020 1917 ita
1049 1864 1464 1928 intellexerunt;
1493 1872 1548 1917 et
1587 1879 1738 1918 more
1763 1864 1859 1917 ho-

263 1961 502 2021 minum,
534 1957 660 2026 quia
685 1958 825 2025 apud
854 1971 948 2011 eos
983 1964 1101 2010 erat
1136 1955 1315 2020 Jesus,
1360 1965 1452 2010 aut
1479 1957 1580 2011 hoc
1608 1957 1860 2024 dispone-

269 2052 363 2104 bat
384 2048 538 2103 Jesus
569 2047 717 2119 [dls.,
750 2056 807 2100 et
843 2061 992 2100 more
1015 2046 1290 2100 hominum
1313 2046 1436 2114 quia
1478 2045 1580 2100 hoc
1613 2061 1860 2100 asserue—

264 2137 567 2201 .rat.iesus;
612 2138 771 2205 Aug.,
799 2147 853 2189 et
876 2151 1025 2190 more
1053 2136 1331 2190 hominum
1369 2136 1492 2204 quia
1524 2144 1734 2205 poterat
1769 2135 1859 2190 Je-

268 2227 421 2300 sus],
463 2242 678 2280 carnem
704 2240 810 2294 qua
846 2225 1092 2278 indutum
1144 2235 1261 2278 erat
1300 2225 1557 2289 Verbum,
1589 2225 1733 2278 velut
1776 2226 1859 2279 in-

260 2321 540 2377 concisam
575 2319 898 2374 distribuere
927 2317 1272 2372 credentibus
1319 2317 1371 2370 in
1417 2333 1495 2371 se.
1539 2317 1717 2370 Durus
1759 2327 1856 2382 est,

268 2411 540 2479 inquiunt,
567 2409 651 2461 hic
681 2423 869 2472 sermo,
893 2407 1009 2474 quis
1044 2415 1210 2475 potest
1241 2422 1359 2458 cum
1396 2406 1618 2458 audire?
1668 2404 1853 2475 (Vsus.

267 2501 402 2572 62.)
447 2500 630 2555 Sciens
677 2508 850 2552 autem
894 2498 1048 2550 Jesus
1111 2495 1252 2565 apud
1313 2496 1680 2564 semetipsum,
1734 2496 1858 2564 quia

267 2599 658 2644 murmurarent
687 2588 751 2642 de
797 2588 893 2640 hoc
941 2585 1096 2657 [Aug.
1151 2594 1205 2638 et
1249 2585 1370 2649 Ms.,
1401 2585 1465 2637 de
1492 2583 1574 2653 eo]
1614 2584 1858 2653 discipuli

265 2681 410 2750 ejus.
459 2678 548 2733 Sic
575 2679 719 2734 enim
761 2677 902 2747 apud
936 2693 994 2731 se
1030 2678 1130 2730 ista
1154 2677 1427 2738 dixerunt,
1456 2683 1513 2729 ut
1535 2677 1602 2729 ab
1636 2674 1727 2728 illo
1751 2691 1858 2729 non

267 2770 607 2823 audirentur.
656 2768 760 2822 Sed
789 2768 880 2821 ille
922 2768 1014 2836 qui
1045 2782 1139 2821 eos
1165 2775 1389 2821 noverat
1419 2767 1472 2818 in
1503 2766 1714 2834 seipsis,
1763 2781 1858 2818 au-

272 2859 429 2913 diens
468 2857 610 2926 apud
654 2857 1022 2926 semetipsum,
1049 2857 1326 2926 respondit
1358 2866 1412 2910 et
1445 2857 1522 2909 ait
1568 2874 1579 2907 :
1614 2854 1729 2908 Hoc
1771 2872 1856 2910 vos

268 2947 618 3001 scandalizat.
646 2947 780 3013 Quia
803 2947 936 3010 dixi,
976 2963 1195 3001 carnem
1224 2962 1396 3000 meam
1431 2947 1499 3000 do
1524 2946 1677 2999 vobis
1708 2961 1859 2999 man-

265 3039 470 3092 ducare
495 3045 550 3092 et
578 3037 893 3107 sanguinem
939 3052 1120 3091 meum
1165 3037 1349 3091 bibere
1367 3077 1382 3100 ,
1417 3037 1521 3090 hoc
1543 3051 1638 3090 vos
1667 3050 1858 3104 nempe

267 3127 623 3182 scandalizat.

345 3219 508 3272 Vens.
537 3218 700 3272 63.—
715 3217 776 3272 Si
796 3234 917 3288 ergo
946 3218 1176 3271 videritis
1207 3217 1404 3271 Filium
1426 3219 1650 3271 hominis
1675 3236 1856 3272 ascen-

269 3309 476 3360 dentem
514 3307 604 3359 ubi
650 3316 763 3360 erat
816 3308 982 3375 prius.
1029 3305 1170 3372 Quid
1214 3316 1296 3361 est
1344 3309 1478 3363 hoc?
1522 3309 1657 3363 Hinc
1696 3309 1855 3362 solvit

267 3400 412 3468 quod
441 3399 561 3452 illos
588 3399 867 3452 moverat?
911 3398 1038 3451 hinc
1081 3399 1294 3466 aperuit
1325 3397 1452 3468 lMs.
1473 3439 1486 3463 ,
1511 3399 1673 3470 eruit]
1715 3400 1854 3452 unde

266 3491 486 3543 fuerant
528 3488 915 3543 scandalizati?
961 3488 1088 3542 hinc
1126 3487 1282 3556 plane
1308 3528 1323 3552 ,
1374 3491 1420 3542 si
1473 3488 1846 3557 intelligerent.

262 3580 348 3632 Illi
373 3580 518 3633 enim
545 3587 872 3649 putaverunt
895 3579 1043 3632 illum
1073 3589 1422 3650 erogaturum
1443 3596 1640 3649 corpus
1669 3597 1849 3646 suum,

264 3666 360 3722 ille
411 3677 588 3724 autem
622 3685 680 3722 se
723 3668 860 3723 dixit
903 3684 1252 3724 ascensurum
1306 3671 1360 3724 in
1412 3672 1627 3736 ccelum,
1666 3674 1852 3742 utique

265 3759 558 3828 integrum.
581 3756 714 3813 Cum
746 3759 982 3812 videretis
1005 3757 1206 3812 Filium
1238 3761 1462 3815 hominis
1489 3763 1850 3816 ascendentem

265 3850 359 3902 ubi
380 3862 491 3904 erat
511 3851 678 3921 prius,
724 3861 872 3905 certe
894 3850 978 3904 vel
1005 3858 1135 3906 tunc
1163 3852 1434 3917 videbitis,
1477 3854 1603 3922 quia
1649 3869 1754 3908 non
1785 3868 1850 3907 eo

268 3942 430 3995 modo
469 3957 576 4010 quo
627 3941 849 4010 putatis,
907 3951 1094 4011 erogat
1129 3957 1326 4011 corpus
1364 3959 1541 3998 suum.
1582 3943 1742 3998 Certe
1769 3944 1849 3996 vel

268 4040 400 4086 tunc
434 4033 747 4102 intelligetis
793 4034 919 4103 quia
971 4033 1144 4103 gratia
1188 4034 1308 4102 ejus
1355 4051 1461 4090 non
1515 4037 1852 4091 consumitur

268 4123 559 4177 morsibus.
593 4143 610 4175 ι
644 4123 702 4176 ln
734 4124 818 4178 bis
845 4125 1025 4179 verbis
1047 4124 1328 4194 perspicue
1357 4127 1668 4196 intelligitur
1689 4126 1850 4182 Chri-

266 4220 417 4265 stum
442 4227 562 4267 esse
598 4229 758 4268 unam
782 4229 1092 4284 personam,
1120 4215 1246 4270 dum
1275 4216 1410 4269 dixit
1435 4216 1629 4271 Filium
1671 4219 1849 4272 homi-

269 4301 359 4354 nis
385 4315 503 4354 esse
533 4303 680 4370 prius
706 4304 760 4357 in
807 4304 963 4359 cmlo.
998 4322 1016 4354 ι
1060 4304 1117 4358 In
1147 4311 1292 4359 terra
1339 4305 1680 4374 loquebatur,
1707 4316 1763 4362 et
1795 4309 1850 4361 in

1958 1883 2174 1950 generis
2205 1899 2219 1937 :
2249 1883 2376 1952 quia
2424 1885 2670 1941 diabolus
2695 1888 2947 1942 utebatur
2987 1896 3237 1956 serpente
3264 1889 3418 1957 quasi
3463 1903 3554 1942 or-

1958 1984 2115 2038 gano,
2144 1972 2210 2024 ad
2241 1973 2644 2028 subversionem
2690 1975 2848 2044 primi
2877 1977 3120 2045 parentis
3149 1978 3338 2030 nostri.
3370 1995 3388 2027 t
3427 1976 3551 2046 Spi—

1961 2061 2091 2113 ritus
2113 2063 2300 2131 estqui
2349 2063 2594 2130 uivi/icat,
2626 2081 2750 2118 caro
2803 2077 2979 2119 autem
3021 2083 3125 2119 non
3155 2067 3363 2136 prodest
3391 2065 3550 2136 quid-

1957 2167 2115 2220 quam
2149 2165 2166 2202 :
2197 2153 2341 2206 sicut
2380 2153 2455 2206 illi
2485 2155 2865 2208 intellexerunt
2894 2172 3137 2222 carnem,
3176 2173 3280 2210 non
3322 2158 3401 2211 sic
3449 2173 3551 2227 ego

1957 2237 2026 2293 do
2055 2239 2120 2293 ad
2147 2242 2582 2296 manducandum
2607 2258 2782 2297 meam
2812 2259 3052 2297 carnem.
3093 2265 3110 2296 ι

2449 2354 2604 2425 531
2641 2355 2871 2411 CAPUT
2913 2356 3052 2411 xw.

1968 2443 2134 2498 Verba
2163 2463 2261 2499 sua
2288 2447 2538 2517 spiritum
2562 2447 2819 2517 vitamque
2859 2450 3192 2517 pronuntiat,
3219 2459 3267 2502 et
3297 2466 3459 2503 unum
3487 2467 3552 2504 ex

2321 2516 2597 2568 duodecim
2624 2516 2895 2568 diabolum
2923 2517 3170 2587 appellat.

2034 2623 2052 2654 ι
2086 2617 2111 2642 α
2144 2603 2377 2658 Proinde
2405 2604 2579 2667 uerba,
2608 2605 2800 2673 inquit,
2826 2623 2945 2676 qua:
2971 2624 3064 2677 ego
3089 2608 3295 2663 locutus
3321 2627 3436 2664 sum
3459 2630 3548 2666 vo-

1959 2697 2058 2759 bis,
2085 2698 2302 2766 spiritus
2331 2707 2378 2750 et
2410 2698 2512 2750 vita
2539 2707 2679 2750 sunt.
2709 2699 2954 2754 Diximus
2981 2701 3149 2765 enim,
3190 2703 3408 2766 fratres,
3443 2704 3546 2764 hoc

1959 2787 2242 2840 Dominum
2271 2791 2678 2844 commendasse
2708 2791 2760 2844 in
2790 2793 3204 2848 manducatione
3228 2797 3409 2849 carnis
3433 2811 3545 2852 sua:

1958 2884 2012 2928 et
2039 2877 2312 2945 potatione
2340 2879 2620 2946 sanguinis
2652 2881 2756 2944 sui,
2793 2889 2850 2934 ut
2879 2882 2932 2934 in
2977 2883 3069 2936 illo
3100 2900 3446 2950 maneamus,
3488 2899 3544 2942 et

1958 2965 2072 3033 ipse
2122 2965 2171 3017 in
2214 2967 2389 3019 nol-is.
2441 2967 2718 3024 Manemus
2766 2979 2946 3024 autem
2977 2973 3029 3024 in
3064 2973 3172 3036 illo,
3206 2989 3326 3027 cum
3358 2992 3548 3031 smnus

1962 3058 2201 3107 membra
2229 3054 2377 3122 ejus;
2430 3067 2618 3112 manet
2647 3068 2830 3113 autem
2863 3060 2978 3128 ipse
3007 3061 3058 3114 in
3091 3062 3266 3125 nobis,
3299 3079 3424 3118 cum
3459 3079 3548 3118 su-

1963 3160 2081 3198 mus
2108 3146 2365 3214 templum
2412 3148 2549 3216 ejus.
2589 3148 2658 3204 Ut
2701 3157 2885 3204 autem
2919 3151 3088 3205 simus
3120 3155 3362 3208 membra
3391 3155 3509 3224 ejus
3532 3195 3547 3218 ,

1957 3234 2136 3288 unitas
2164 3251 2261 3290 nos
2284 3238 2652 3307 compaginet;
2684 3248 2741 3294 ut
2766 3241 2908 3294 enim
2935 3243 3278 3313 compaginet
3304 3261 3402 3298 nos
3429 3249 3547 3300 uni-

1959 3333 2060 3388 tas,
2093 3327 2222 3394 quid
2247 3328 2348 3382 hoc
2379 3328 2511 3383 facit
2539 3331 2642 3385 nisi
2671 3333 2912 3386 charitas
2939 3333 3069 3388 Dei?
3103 3334 3283 3390 Unde?
3311 3337 3547 3406 Aposto-

1956 3415 2066 3469 lum
2097 3416 2222 3487 [Ms.
2260 3427 2308 3470 et
2339 3419 2474 3488 Aug.
2505 3436 2523 3471 :
2554 3420 2746 3482 [initas
2778 3438 2874 3476 nos
2898 3424 3243 3493 compaginat
3276 3444 3287 3477 :
3315 3435 3372 3478 ut
3393 3442 3544 3480 com-

1957 3507 2173 3575 paginet
2196 3508 2537 3578 unitas,qu:e
2565 3510 2694 3564 facit
2723 3511 2826 3566 nisi
2851 3513 3125 3567 Charitas?
3153 3512 3404 3568 Charitas
3450 3515 3546 3570 Dei

1955 3598 2132 3651 unde?
2156 3596 2494 3669 Apostolum]
2531 3600 2801 3668 interroga
2846 3615 2860 3652 :
2896 3601 3158 3666 Charitas,
3194 3603 3398 3671 inquit,
3447 3604 3547 3658 Dei

1955 3685 2151 3754 diffusa
2179 3695 2252 3740 est
2294 3689 2348 3740 in
2385 3687 2627 3740 cordibus
2655 3688 2847 3740 nostris
2876 3705 2969 3756 per
2993 3688 3248 3758 Spiritum
3281 3705 3545 3761 sanctum,

1951 3780 2041 3846 qui
2067 3777 2219 3829 datus
2250 3787 2323 3829 est
2352 3779 2498 3829 nobis
2531 3776 2708 3846 (Rom.
2743 3793 2793 3842 v,
2821 3777 2896 3850 5).
2924 3781 3064 3851 Ergo
3097 3781 3326 3852 Spiritus
3348 3796 3422 3840 est
3451 3789 3544 3858 qui

1953 3867 2175 3935 viviﬁcat
2215 3883 2232 3918 :
2279 3867 2501 3934 spiritus
2565 3867 2710 3921 enim
2761 3868 2892 3924 iacit
2942 3873 3061 3925 viva
3101 3877 3344 3930 membra
3383 3894 3398 3942 ;
3442 3894 3543 3934 nec

1951 3957 2072 4010 viva
2118 3955 2358 4009 membra
2413 3957 2636 4025 spiritus
2685 3958 2838 4023 facit,
2890 3961 2994 4015 nisi
3026 3978 3146 4030 quae
3191 3966 3246 4017 in
3287 3983 3538 4035 corpore,

1952 4048 2096 4118 quod
2120 4057 2336 4118 vegetat
2379 4050 2513 4117 ipse,
2546 4050 2795 4106 Christus
2826 4052 3009 4124 [Aug.,
3039 4055 3154 4124 ipse
3180 4057 3426 4130 spiritus]
3461 4061 3543 4113 in-

1953 4139 2180 4193 venerit.
2236 4138 2370 4194 Nam
2417 4141 2642 4209 spiritus
2688 4143 2778 4212 qui
2830 4151 2914 4198 est
2960 4145 3011 4198 in
3041 4153 3114 4210 te,
3141 4161 3174 4200 o
3213 4147 3404 4212 homo,
3434 4164 3544 4217 quo

1955 4239 2189 4296 constas,
2224 4241 2282 4284 ut
2329 4232 2493 4288 homo
2523 4234 2628 4299 sis,
2666 4236 2910 4304 nunquid
2955 4237 3194 4292 viviﬁcat
3239 4239 3542 4292 membrum

1953 4321 2095 4388 quod
2146 4332 2454 4390 separatum
2507 4325 2773 4381 invenerit
2822 4342 2852 4379 a
2889 4343 3051 4382 carne
3101 4331 3228 4384 tua?
3276 4328 3534 4398 Spiritum

266 4391 411 4445 caelo
435 4406 493 4444 se
531 4406 650 4447 esse
685 4394 916 4448 dicebat.
953 4395 1070 4462 Quo
1115 4396 1368 4463 pertinet,
1412 4396 1513 4450 nisi
1566 4407 1624 4450 ut
1655 4397 1851 4452 intelli—

1960 4423 2110 4467 tuum
2141 4415 2262 4470 dico
2295 4417 2532 4470 animam
2582 4426 2749 4471 tuam.
2781 4419 2975 4472 Anima
3006 4428 3096 4472 tua
3137 4436 3242 4474 non
3278 4421 3541 4487 viviﬁcat,

268 4495 458 4550 gamus
499 4498 662 4537 unam
691 4499 976 4552 personam
1013 4501 1134 4541 esse
1180 4487 1455 4543 Christum
1482 4488 1649 4544 Deum
1679 4499 1733 4544 et
1758 4492 1854 4546 ho-

273 4573 496 4637 minem,
528 4591 634 4628 non
664 4576 825 4639 duas,
859 4593 926 4632 ne
955 4580 1089 4633 iides
1118 4587 1302 4634 nostra
1348 4597 1454 4636 non
1491 4583 1562 4637 sit
1611 4583 1850 4649 trinitas,

269 4664 364 4718 sed
409 4668 771 4734 quaternitas?
793 4668 1040 4724 Christus
1087 4687 1215 4742 ergo
1247 4690 1387 4729 unus
1435 4686 1560 4740 est,
1603 4678 1849 4742 verbum,

270 4755 450 4808 anima
478 4765 532 4811 et
558 4771 685 4810 caro
721 4774 860 4812 unus
912 4759 1191 4826 Christus;
1239 4763 1406 4817 Filius
1447 4766 1563 4830 Dei,
1591 4775 1646 4819 et
1686 4767 1854 4821 Filius

270 4843 506 4898 hominis
550 4862 688 4900 unus
718 4846 995 4913 Christus;
1049 4849 1218 4904 Filius
1260 4852 1355 4906 Dei
1403 4869 1644 4923 semper,
1712 4858 1853 4913 ﬁlius

273 4931 508 4986 hominis
553 4950 620 4988 ex
679 4943 946 5006 tempore;
1003 4945 1181 4992 tamen
1239 4956 1377 4995 unus
1430 4943 1716 5011 Christus,
1767 4963 1852 5003 se—

270 5023 508 5078 cundum
562 5026 1128 5095 unitatemlpersonac.
1172 5029 1227 5083 In
1265 5031 1402 5086 cmlo
1439 5044 1594 5098 erat,
1641 5043 1852 5106 quando

274 5118 330 5170 in
356 5126 498 5172 terra
526 5119 860 5189 loquebatur.
894 5122 986 5178 Sic
1028 5133 1146 5178 erat
1180 5125 1346 5179 Filius
1374 5128 1604 5183 hominis
1652 5133 1702 5185 in
1738 5149 1851 5187 ca:-

272 5208 360 5271 lo,
414 5211 681 5277 quomodo
709 5211 876 5267 Filius
913 5214 1009 5268 Dei
1033 5224 1154 5270 crat
1181 5217 1232 5270 in
1266 5226 1423 5272 terra.
1474 5218 1642 5274 Filius
1671 5222 1764 5276 Dei
1798 5224 1851 5276 in

274 5309 421 5353 terra
451 5299 504 5352 in
533 5312 780 5372 suscepta
813 5318 1010 5368 carne;
1057 5306 1224 5362 Filius
1276 5308 1371 5362 Dei
1422 5307 1548 5379 [Ms.
1606 5320 1652 5362 et
1690 5311 1849 5381 Aug.,

276 5389 445 5444 Filius
471 5391 724 5466 hominis]
771 5395 827 5448 in
858 5396 996 5450 caelo
1023 5398 1076 5450 in
1106 5401 1312 5457 unitate
1340 5418 1606 5472 persome.
1646 5424 1664 5457 ι
1694 5403 1846 5470 Quod

275 5494 400 5535 mox
450 5482 612 5540 latius
637 5487 860 5555 exponit
901 5487 1030 5555 quid
1078 5489 1292 5546 intersit
1340 5495 1482 5550 inter
1509 5497 1757 5565 spiritum
1797 5506 1850 5553 et

1956 4506 2058 4558 nisi
2098 4507 2337 4560 membra
2367 4523 2486 4575 quas
2516 4516 2642 4561 sunt
2674 4509 2729 4562 in
2760 4523 2925 4562 carne
2948 4520 3066 4575 tua;
3096 4526 3262 4564 unum
3291 4511 3337 4565 si
3362 4512 3543 4579 tollas,

1946 4595 2060 4663 jam
2096 4611 2162 4648 ex
2206 4597 2388 4651 anima
2428 4607 2517 4650 tua
2546 4614 2652 4652 non
2683 4599 3009 4667 viviticatur,
3039 4602 3164 4670 quia
3197 4603 3389 4655 unitati
3417 4619 3542 4658 cor-

1952 4687 2101 4754 poris
2136 4687 2213 4740 tui
2242 4703 2350 4742 non
2392 4689 2692 4756 copulatur.
2740 4690 2867 4746 Hmc
2910 4692 3164 4746 dicuntur
3188 4702 3248 4748 ut
3295 4709 3542 4750 amemus

1956 4779 2216 4832 unitatem
2255 4788 2311 4833 et
2335 4781 2620 4835 timeamus
2656 4784 3072 4851 scparationem.
3107 4785 3250 4838 Nihil
3277 4786 3418 4839 enim
3460 4786 3542 4840 sic

1955 4867 2115 4923 debet
2156 4868 2448 4924 formidare
2475 4871 2839 4934 Christianus,
2867 4889 3028 4942 quam
3082 4875 3322 4942 separari
3365 4891 3392 4928 a
3421 4891 3543 4929 cor-

1956 4974 2084 5027 pore
2111 4959 2332 5014 Christi.
2365 4960 2422 5013 Si
2451 4962 2592 5014 enim
2643 4974 2926 5031 separatur
2965 4980 2996 5018 a
3044 4979 3270 5034 corpore
3300 4965 3538 5032 Christi,

1959 5071 2065 5108 non
2093 5065 2173 5110 est
2219 5057 2519 5111 membrum
2557 5057 2692 5127 ejus,
2727 5059 2771 5112 si
2799 5075 2904 5114 non
2939 5069 3019 5115 est
3051 5063 3352 5116 membrum
3397 5064 3535 5130 ejus,

1955 5159 2061 5198 non
2109 5154 2388 5214 vegetatur
2434 5148 2624 5216 spiritu
2671 5148 2804 5215 ejus.
2841 5149 3086 5221 Quisquis
3117 5162 3308 5217 autem,
3362 5153 3538 5223 inquit

1956 5232 2263 5301 Apostolus,
2300 5233 2555 5305 Spiritum
2585 5235 2782 5291 Christi
2829 5255 2932 5292 non
2981 5240 3154 5305 habet,
3197 5241 3280 5296 hic
3311 5259 3413 5296 non
3462 5254 3538 5298 est

1956 5324 2068 5393 ejus
2097 5323 2274 5394 (Rom.
2305 5341 2423 5390 vm,
2462 5327 2538 5398 9).
2579 5327 2814 5396 Spiritus
2850 5344 2981 5400 ergo
3021 5340 3103 5386 est
3141 5333 3232 5402 qui
3271 5333 3532 5399 viviﬁcat,

1952 5431 2082 5471 caro
2105 5431 2213 5470 non
2243 5403 2464 5484 prbdest
2487 5418 2797 5486 quidquam.
2846 5419 3009 5476 Verba
3035 5439 3153 5492 qua:
3184 5422 3390 5478 locutus
3413 5441 3531 5478 sum

1953 5505 2113 5570 vobis,
2141 5507 2356 5576 spiritus
2380 5517 2426 5561 et
2468 5508 2572 5562 vita
2601 5517 2744 5565 sunt.
2775 5509 2915 5576 Quid
2940 5520 3054 5579 est,
3093 5513 3306 5584 spiritus
3335 5523 3384 5569 et
3428 5515 3532 5569 vita

353 5668 376 5693 ι
405 5655 481 5709 Ex
516 5659 574 5716 S.
620 5668 780 5730 Aug,
830 5672 986 5716 tract.
1021 5679 1164 5719 xxvn
1209 5663 1266 5718 in
1309 5665 1462 5723 Joan.
1519 5686 1665 5725 num.
1696 5676 1753 5738 6,
1793 5675 1848 5737 7,
1882 5674 1934 5739 9,
1971 5677 2052 5728 l0.
