4000 6190
435 325 539 381 83‘.)

1275 317 1333 369 Β.
1375 314 1436 367 F.
1477 313 1701 368 ALBlNl
1732 311 1869 368 εει]
1909 311 2183 369 ALCUINI
2222 313 2502 372 OPERUM
2540 314 2718 372 PARS
2756 312 2817 370 ll.

3558 320 3654 377 8ιο

436 445 576 501 sunt,
625 436 725 491 nisi
770 432 1079 503 Spiritalitcr
1113 430 1454 499 intelligenda
1494 430 1653 484 sunt?
1701 427 2010 483 Intellexisti
2038 432 2085 488 Α
2114 432 2416 501 gnovimus.
2442 433 2779 489 Credidimus
2796 432 2939 488 enim
2964 443 3517 504 utcognoscerem‘us;
3547 454 3671 497 nam

438 524 782 596 spiritaliter?
810 522 1039 592 Spiritus
1065 529 1113 574 et
1136 520 1240 574 vita
1266 529 1405 573 sunt.
1438 518 1752 573 intellexisti
1776 517 2008 572 carnali-

439 616 551 670 ter?
580 615 739 669 etiam
766 612 845 666 sic
873 611 962 665 illa
988 612 1207 680 spiritus
1235 619 1289 665 et
1317 612 1425 666 vita
1452 620 1594 673 sunt,
1631 610 1725 664 sed
1757 610 1853 664 tibi
1900 626 2007 665 non

438 711 582 768 sunt,
620 721 640 754 s
666 717 699 757 ο
724 702 903 766 Ιιοιιιο,
931 701 1023 770 qui
1047 699 1365 769 spiritaliter
1388 715 1451 753 ea
1477 715 1581 753 non
1609 696 1883 767 intelligis,
1909 712 2009 751 nec

437 792 540 847 ﬁde
567 804 630 844 ea
653 788 899 844 venerari
938 788 1098 842 nosti.

508 883 669 937 Vsus.
701 880 787 934 65.
813 910 879 921 —-
920 898 937 929 ι
973 878 1106 933 Sunt
1134 880 1271 933 enim
1295 878 1509 948 quidam
1539 877 1593 929 in
1623 875 1760 929 vobis
1793 875 1881 944 qui
1907 890 2008 928 non

437 974 652 1030 credunt
684 989 699 1026 :
725 982 779 1027 et
810 972 930 1027 ideo
957 986 1061 1025 non
1103 970 1417 1039 intelligunt,
1466 968 1589 1037 quia
1618 981 1725 1020 non
1753 964 2002 1020 credunt.

438 1065 707 1130 Propheta
740 1062 883 1115 enim
912 1060 1047 1114 dixit
1075 1077 1088 1111 :
1116 1058 1235 1112 Nisi
1256 1056 1599 1121 credideritis,
1627 1072 1730 1109 non
1757 1051 2009 1122 intellige-

438 1153 507 1206 tis
535 1151 688 1223 (l-sai.
716 1166 812 1214 vn,
836 1149 889 1214 9,
908 1165 1011 1203 sec.
1030 1145 1221 1218 LXX).
1250 1147 1355 1201 Per
1379 1146 1536 1201 ﬁdem
1560 1143 1892 1215 copulamur,
1918 1158 2014 1212 per

442 1241 769 1296 intellectum
797 1237 1151 1293 viviﬁeamur.
1189 1235 1346 1290 Prius
1393 1236 1692 1289 haereamus
1714 1246 1810 1301 per
1832 1232 2010 1294 ﬁdem,

442 1339 501 1383 ut
539 1330 618 1384 sic
644 1336 764 1399 post
791 1325 1124 1381 viviﬁcemur
1153 1323 1334 1395 [Aug.,
1365 1331 1426 1376 ut
1470 1323 1561 1387 sit,
1607 1320 1748 1390 quod
1777 1319 2013 1375 viviﬁca-

444 1421 552 1493 tur]
579 1436 675 1490 per
720 1418 1072 1474 intellectum.
1111 1414 1319 1471 Sciebat
1362 1415 1498 1468 enim
1540 1414 1603 1467 ab
1643 1413 1791 1466 initio
1820 1411 2012 1475 Jesus,

436 1510 526 1580 qui
546 1518 708 1563 essent
732 1506 1013 1568 credentes,
1044 1504 1218 1576 etquis
1245 1503 1535 1557 traditurus
1566 1510 1695 1555 esset
1721 1516 1858 1554 eum.
1879 1497 2013 1551 Nam

439 1602 513 1657 ibi
540 1598 705 1654 Judas
729 1604 846 1652 erat
875 1597 1017 1651 inter
1042 1611 1135 1651 eos
1164 1595 1256 1665 qui
1287 1593 1632 1648 scandalizati
1677 1601 1816 1655 sunt,
1855 1605 2013 1660 quem

440 1690 691 1746 Christus
721 1701 819 1741 nec
849 1686 1012 1747 siluit,
1053 1700 1155 1740 nec
1185 1693 1371 1753 aperte
1420 1682 1758 1746 monstravit,
1806 1690 1866 1735 ut
1901 1696 2017 1734 om-

2110 519 2155 573 si
2198 521 2351 588 prius
2382 535 2735 591 cognoscere,
2765 529 2819 576 et
2853 521 3045 576 deinde
3106 522 3331 578 credere
3381 525 3669 589 vellemus.

2110 623 2210 664 nec
2255 623 2598 681 cognoscere,
2643 626 2743 667 nec
2770 611 2989 667 credere
3013 610 3336 667 vale‘remus.
3387 612 3525 681 Quid
3557 632 3673 674 cro-

2111 698 2341 753 didimus
2381 708 2435 754 et
2474 701 2604 771 quid
2635 701 3023 769 cognovimus?
3064 700 3203 766 Quia
3243 711 3301 756 tu
3331 719 3385 757 es
3436 701 3670 764 Christus

2113 784 2287 842 Filius
2314 788 2429 843 Dei.
2466 790 2522 845 ld
2549 799 2662 854 est,
2710 791 2837 859 quia
2864 790 2979 860 ipsa
3003 790 3110 845 vita
3157 798 3359 846 aeterna
3391 801 3448 847 tu
3493 807 3572 860 es,
3619 806 3672 850 et

2112 892 2218 931 non
2254 878 2349 933 das
2373 880 2424 934 in
2458 894 2621 935 carne
2647 888 2702 934 et
2722 879 2979 949 sanguine
3004 888 3115 944 tuo,
3147 880 3249 934 nisi
3285 881 3430 949 quod
3458 897 3537 938 es.
3578 905 3596 938 ν

2183 968 2345 1023 Vsus.
2377 969 2463 1031 Ἠ,
2492 968 2579 1023 72.
2626 998 2695 1007 —
2719 967 3001 1037 Respondit
3029 968 3103 1023 eis
3125 966 3282 1023 Iesus
3305 982 3324 1020 :
3352 965 3543 1026 Nonne
3580 989 3671 1044 ego

2113 1075 2198 1112 vos
2244 1059 2513 1112 duodecim
2550 1058 2701 1129 elegi,
2728 1068 2775 1113 et
2809 1075 2945 1113 unus
2986 1074 3050 1113 ea:
3090 1060 3229 1115 vobis
3267 1061 3509 1119 diabolus
3557 1067 3674 1120 est!

2112 1148 2323 1201 Dicebat
2367 1158 2539 1202 autem
2567 1148 2630 1201 de
2655 1145 2800 1202 Iuda
2843 1145 3051 1202 Simone
3090 1146 3359 1206 Scariotis.
3398 1151 3502 1207 Hic
3541 1156 3675 1210 enim

2113 1247 2225 1291 erat
2272 1253 2389 1291 eum
2436 1238 2744 1300 traditurus,
2778 1253 2896 1291 cum
2940 1248 3066 1292 esset
3111 1255 3247 1293 unus
3289 1256 3353 1294 ea:
3378 1242 3673 1298 duodecim.

2118 1328 2267 1383 Unus
2299 1345 2366 1384 ex
2395 1329 2681 1384 duodecim
2701 1337 2835 1391 erat,
2870 1342 2979 1383 non
3013 1327 3137 1391 ﬁde,
3169 1329 3263 1384 sed
3286 1345 3542 1395 numero;
3568 1347 3677 1390 non

2115 1420 2361 1483 veritate,
2392 1420 2485 1474 sed
2528 1418 2889 1474 simulatione.
2932 1417 3041 1474 Sed
3084 1421 3352 1489 quomodo
3379 1423 3680 1495 intelligen-

2116 1508 2241 1562 dum
2267 1516 2369 1573 est,
2398 1524 2566 1563 nonne
2590 1524 2681 1578 ego
2708 1524 2793 1562 vos
2813 1508 3086 1563 duodecim
3110 1509 3258 1580 elegi,
3284 1511 3410 1566 dum
3432 1512 3521 1567 ille
3540 1529 3680 1569 unus

2117 1596 2257 1652 ﬁlius
2276 1596 2473 1653 diaboli
2504 1597 2700 1652 dicitur
2719 1611 2839 1653 esse
2865 1615 2876 1650 :
2912 1597 3014 1651 nisi
3045 1598 3170 1666 quia
3196 1599 3354 1653 aliter
3376 1599 3530 1656 electi
3552 1611 3680 1657 sunt

2119 1687 2195 1741 illi
2238 1687 2505 1749 undecim,
2537 1687 2693 1741 aliter
2723 1695 2778 1741 et
2824 1686 2912 1740 ille
2946 1688 3117 1742 unus?
3158 1687 3326 1744 Electi
3353 1699 3477 1745 sunt
3506 1691 3581 1747 illi
3622 1702 3683 1745 ut

442 1795 538 1835 nes
567 1779 837 1841 timerent,
863 1776 1105 1846 quamvis
1128 1790 1267 1828 unus
1285 1774 1507 1844 periret.
1540 1771 1645 1827 Sed
1666 1779 2014 1841 posteaquam
2051 1762 2092 1820 Β
2122 1786 2400 1831 manerem
2448 1777 2501 1831 in
2539 1776 2754 1831 Christo
2780 1817 2795 1841 ’
2853 1786 2908 1831 ει
2947 1787 3006 1831 ιη
3046 1792 3209 1834 sonus
3258 1779 3471 1835 morum
3512 1782 3684 1837 “ira

452 1869 591 1923 dixit
623 1876 677 1922 et
717 1866 960 1921 distinxit
987 1865 1268 1919 credentes
1306 1879 1335 1916 a
1372 1878 1478 1917 non
1524 1862 1886 1925 credentibus,
1925 1875 2018 1914 ex-

441 1959 638 2030 pressit
663 1972 881 2012 causam
929 1970 1094 2024 quare
1133 1971 1239 2010 non
1263 1954 1576 2009 credebant.
1610 1972 1628 2004 ι
1670 1952 1856 2023 (Vsus.
1903 1949 2017 2021 66.)

444 2050 723 2120 Propterea
752 2047 865 2100 dixi
890 2046 1050 2110 vobis,
1080 2045 1276 2114 inquit,
1303 2044 1427 2113 quia
1457 2058 1605 2096 nemo
1628 2050 1794 2111 potest
1822 2041 1994 2094 uenire

446 2140 514 2192 ad
537 2154 634 2202 me,
653 2137 754 2191 nisi
779 2135 934 2205 fuerit
960 2136 1007 2188 ei
1027 2135 1209 2188 datum
1235 2150 1267 2186 a
1297 2132 1453 2185 Patre
1479 2147 1609 2184 meo.
1633 2129 1858 2183 Dabitur
1877 2128 2017 2183 enim

448 2245 480 2282 a
507 2228 667 2283 Patre
695 2225 1041 2281 credentibus
1074 2223 1223 2286 ﬁdes,
1256 2229 1317 2274 ut
1344 2234 1502 2274 nemo
1544 2218 1804 2289 glorietur
1828 2216 1882 2271 in
1917 2217 2021 2271 ﬁde

447 2336 567 2384 sua,
610 2334 728 2388 qua:
771 2333 801 2371 a
841 2331 899 2371 se
943 2330 1051 2370 non
1080 2320 1163 2369 est
1201 2312 1354 2382 quasi
1383 2312 1628 2381 propria,
1684 2309 1778 2363 sed
1822 2324 1853 2362 a
1911 2308 2020 2363 Deo

448 2412 597 2475 data,
626 2409 776 2480 quasi
806 2406 1001 2478 gratia.
1030 2404 1222 2478 (Vens.
1250 2403 1339 2476 67)
1365 2402 1451 2456 Ex
1476 2403 1574 2455 hoc
1614 2401 1763 2455 multi
1793 2401 2020 2471 discipu-

449 2502 623 2554 lorum
650 2499 763 2568 ejus
794 2497 1032 2551 abierunt
1059 2502 1218 2559 retro,
1244 2504 1291 2548 et
1307 2494 1426 2562 jam
1453 2508 1556 2545 non
1580 2508 1696 2545 cum
1719 2489 1809 2544 illo
1838 2489 2019 2543 ambu—

446 2589 642 2642 labant.
682 2587 930 2641 Abierant
975 2595 1133 2650 retro,
1160 2599 1266 2639 non
1294 2590 1416 2652 post
1446 2581 1739 2645 Christum,
1775 2580 1871 2635 sed
1896 2588 2019 2650 post

449 2680 720 2737 Satanam.
766 2677 858 2733 lsti
904 2686 1084 2734 autem
1123 2675 1203 2732 sic
1245 2675 1498 2732 abierunt
1544 2681 1712 2737 retro,
1753 2672 2020 2741 quomodo

446 2774 651 2845 praecisi
688 2788 718 2827 a
761 2785 986 2842 corpore
1030 2770 1250 2834 Christi,
1301 2782 1401 2823 nec
1438 2768 1577 2822 ultra
1630 2764 1901 2819 redientes
1948 2763 2017 2817 ad

446 2881 590 2926 eum.
626 2865 747 2933 quia
778 2863 944 2917 fortes
970 2860 1120 2934 [Msa
1147 2858 1306 2931 forte]
1334 2858 1563 2913 ﬁdeliter
1585 2857 1638 2911 in
1661 2870 1884 2926 corpore
1905 2853 2021 2924 ejus

449 2972 554 3011 non
594 2955 828 3011 fuerunt.
861 2955 929 3008 Et
972 2954 1030 3007 hi
1057 2967 1163 3006 non
1204 2951 1384 3022 pauci,
1415 2950 1508 3005 sed
1543 2950 1718 3004 multi.
1767 2967 1789 2999 ι
1824 2948 2020 3003 Audia-

449 3064 570 3104 mus
594 3062 741 3118 ergo,
772 3047 902 3116 quid
928 3045 997 3099 ad
1027 3059 1228 3114 paucos
1256 3044 1472 3107 dixerit,
1502 3042 1596 3112 qui
1620 3048 2011 3096 remanserunt.

2043 3092 2090 3153 C

2119 1885 2214 1938 per
2241 1870 2426 1925 orbem
2455 1878 2754 1935 terrarum;
2781 1869 2986 1925 electus
3012 1878 3096 1925 est
3123 1870 3211 1925 ille
3236 1886 3376 1927 unus
3394 1879 3450 1925 ut
3470 1873 3684 1943 dispen~

2117 1962 2254 2015 satio
2292 1960 2484 2014 divina:
2536 1960 2916 2015 misericordiae
2957 1959 3011 2014 in
3053 1959 3276 2014 salutem
3329 1961 3547 2016 humani
3593 1980 3685 2034 ge-

2117 2050 2265 2105 neris
2301 2050 2615 2120 impleretur
2648 2066 2747 2120 per
2787 2065 2928 2104 eum.
2978 2048 3131 2106 Unde
3168 2051 3384 2106 bonitas
3415 2052 3509 2108 Dei
3549 2053 3687 2109 bene

2118 2138 2368 2194 utebatur
2401 2141 2604 2195 malitia
2655 2140 2819 2207 illius,
2859 2142 2999 2197 sicut
3035 2143 3089 2197 in
3146 2145 3453 2200 venditione
3488 2144 3685 2216 Ioseph

2117 2232 2253 2286 bene
2282 2247 2408 2286 usus
2444 2240 2527 2287 est
2557 2231 2700 2288 Deus
2740 2232 2943 2288 malitia
2983 2233 3205 2289 fratrum
3234 2232 3384 2306 (Gen.
3429 2235 3680 2308 xxxvu):

2119 2330 2177 2375 ut
2199 2337 2263 2376 ex
2284 2336 2446 2391 opere
2467 2322 2607 2377 malo
2633 2324 2845 2378 illorum
2869 2324 3083 2380 bonitas
3117 2324 3210 2380 Dei
3234 2326 3613 2382 ostenderetur
3632 2327 3684 2382 in

2118 2412 2341 2467 salutem
2381 2409 2531 2484 [Ms.,
2580 2412 2776 2485 salute]
2824 2414 3136 2469 multorum.
3181 2413 3273 2470 Sic
3305 2415 3505 2470 malum
3538 2413 3687 2472 luds!

2120 2502 2174 2556 in
2215 2503 2414 2558 bonum
2456 2517 2672 2557 versum
2716 2513 2799 2557 est
2843 2511 3107 2558 nostrum.
3140 2504 3294 2570 Quod
3339 2502 3471 2560 facit
3515 2505 3686 2560 malus

2118 2595 2259 2649 male
2296 2595 2497 2650 utendo
2529 2596 2685 2651 bonis
2722 2596 2856 2659 Dei,
2896 2596 2998 2650 sibi
3037 2604 3212 2660 nocet,
3250 2611 3357 2651 non
3394 2596 3684 2651 bonitatem

2120 2688 2215 2743 Dei
2242 2688 2520 2745 destruere
2543 2689 2759 2759 poterit.
2796 2689 2973 2756 Quare
3015 2688 3299 2744 duodecim
3329 2688 3494 2759 elegit
3530 2686 3682 2743 Chl-iv

2120 2778 2273 2832 stus?
2311 2795 2331 2829 ι
2398 2777 2771 2832 Duodenarius
2824 2791 3080 2832 numerus
3135 2784 3382 2832 sacratus
3425 2784 3528 2832 est.
3573 2775 3685 2830 Non

2119 2867 2263 2921 enim
2298 2866 2424 2936 quia
2452 2866 2614 2935 periit
2648 2865 2772 2919 inde
2811 2880 2968 2931 unus,
3006 2865 3126 2920 ideo
3161 2865 3305 2920 illius
3345 2865 3557 2919 numeri
3594 2865 3687 2920 ho-

2121 2970 2221 3010 nor
2256 2956 2537 3024 ademptus
2564 2963 2675 3020 est;
2707 2968 2831 3008 nam
2869 2955 2923 3008 in
2953 2953 3071 3009 loco
3108 2953 3383 3025 pereuntis
3407 2951 3549 3008 alius
3567 2952 3688 3008 sul)-

2123 3053 2342 3114 rogatus
2366 3052 2467 3101 est.
2498 3043 2691 3099 Mansit
2732 3058 2989 3099 numerus
3015 3050 3365 3098 consecratus
3384 3082 3400 3108 ,
3444 3041 3551 3097 hoc
3584 3048 3684 3105 est,

451 3140 637 3209 (Vens.
655 3136 765 3207 68.)
787 3135 1067 3206 Dixitergo
1092 3134 1246 3189 Iesus
1265 3134 1334 3188 ad
1354 3133 1630 3187 duodecim
1648 3148 1670 3186 :
1693 3130 1945 3201 Nunquid
1967 3138 2015 3182 et
2043 3130 2090 3153 ν
2119 3147 2375 3188 numerus
2418 3132 2812 3198 duodenarius;
2844 3133 2969 3201 quia
2995 3147 3093 3202 per
3120 3132 3428 3186 universum
3465 3130 3649 3187 orbem
3668 3170 3687 3191 .

452 3248 538 3285 ros
575 3228 727 3282 vultis
751 3227 936 3282 abire?
955 3226 1070 3282 Non
1095 3226 1342 3283 discessit
1369 3240 1469 3280 nec
1493 3223 1660 3279 Judas
1686 3242 1698 3276 :
1732 3222 1824 3278 sed
1850 3235 2017 3290 quare

452 3320 701 3376 manebat
743 3318 970 3374 Domino
993 3318 1106 3388 jam
1151 3317 1444 3386 apparebat
1473 3313 1674 3386 [nobis]
1704 3321 1889 3382 postea
1909 3325 2017 3365 ma.

450 3407 730 3464 uifestatus
763 3417 863 3462 est.
894 3405 1186 3476 Respondit
1212 3405 1401 3458 Petrus
1446 3417 1544 3472 pro
1581 3403 1846 3463 omnibus,
1880 3413 2019 3454 unus

447 3512 547 3569 pro
572 3497 771 3561 multis,
817 3497 997 3551 unitas
1036 3509 1135 3564 pro
1161 3492 1329 3549 uultis
1376 3490 1561 3562 [Aug.,
1591 3488 1880 3561 universis]
1920 3488 2020 3542 Re-

456 3586 663 3658 spondit
690 3603 810 3657 ergo
846 3584 1031 3640 Simon
1063 3582 1252 3637 Petrus
1296 3598 1313 3636 :
1350 3580 1590 3643 Domine,
1638 3577 1706 3631 ad
1733 3593 1885 3647 quem
1925 3576 2022 3628 ibi-

448 3676 603 3729 mus?
630 3674 863 3742 Repellis
903 3687 1000 3728 nos
1021 3688 1050 3726 a
1081 3681 1149 3736 te,
1199 3672 1263 3727 da
1294 3672 1450 3727 nobis
1476 3670 1705 3724 alterum
1740 3665 1839 3738 [te]
1877 3667 2022 3721 simi-

454 3766 561 3819 lem
597 3764 695 3826 tui,
743 3762 811 3816 ad
855 3776 1015 3830 quem
1058 3776 1261 3815 eamus.
1319 3760 1376 3814 Si
1408 3777 1437 3814 a
1474 3768 1527 3813 te
1575 3756 1897 3818 recedimus,
1954 3754 2023 3807 ad

454 3868 612 3922 quem
638 3851 872 3906 ibimus?
893 3850 1050 3922 [Aug.
1082 3866 1101 3905 :
1129 3850 1204 3905 Da
1234 3851 1390 3905 nobis
1418 3850 1646 3905 alterum
1674 3856 1743 3903 te.
1772 3846 1852 3899 Ad
1871 3861 2022 3917 quem

453 3942 680 3996 ibimus?
713 3942 756 3995 si
789 3957 818 3995 a
849 3949 902 3996 te
930 3942 1251 4019 recedimus,
1285 3942 1351 3995 ad
1380 3955 1540 4009 quem
1571 3936 1824 4009 ibimus?)

2118 3224 2219 3278 hoc
2265 3230 2368 3287 est,
2417 3236 2515 3293 per
2539 3229 2774 3292 quatuor
2821 3222 3073 3277 cardines
3122 3221 3331 3285 mundi,
3371 3219 3688 3275 Trinitatem

2116 3314 2296 3371 fuerat
2316 3314 2724 3369 annuntiaturus
2748 3311 2873 3384 [Με.
2903 3321 2950 3365 et
2979 3310 3137 3381 Aug.,
3165 3310 3374 3366 fuerant
3392 3310 3679 3364 annuntia-

2121 3403 2269 3477 turi].
2300 3403 2422 3458 ldeo
2450 3411 2532 3457 ter
2551 3401 2799 3472 quaterni
2833 3420 2850 3452 ι
2884 3400 3040 3455 electi
3067 3408 3212 3463 sunt,
3239 3408 3300 3455 ut
3333 3407 3514 3455 sancta
3552 3398 3678 3453 Trio

2118 3495 2260 3549 nitas
2279 3509 2376 3565 per
2402 3501 2631 3562 quatuor
2655 3498 2836 3562 partes
2861 3491 3009 3545 orbis
3034 3491 3435 3561 prcedicaretur.
3466 3486 3602 3543 Nam
3620 3496 3678 3542 et

2120 3600 2291 3639 annus
2318 3583 2645 3638 duodenario
2684 3596 2910 3636 numero
2951 3580 3143 3644 currit,
3173 3588 3228 3635 et
3252 3579 3384 3635 ordo
3413 3580 3691 3650 signorum

2122 3678 2176 3732 in
2195 3677 2368 3740 cadis,
2394 3692 2491 3747 per
2508 3691 2627 3745 quae
2650 3675 2786 3731 solet
2807 3675 2933 3729 luna
2959 3689 3198 3737 currere,
3223 3681 3540 3735 noscuntur,
3559 3670 3689 3726 duo-

2123 3770 2343 3824 denario
2390 3782 2614 3822 numero
2659 3766 3060 3836 distinguuntur
3109 3764 3275 3819 :ideo
3321 3764 3425 3819 hoc
3473 3776 3692 3818 numero

2122 3859 2327 3930 primos
2354 3857 2732 3926 praedicatores
2760 3855 2901 3911 Deus
2930 3856 3178 3910 Christus
3210 3853 3410 3909 direxit
3442 3853 3499 3907 in
3541 3866 3693 3907 mun-

2124 3948 2270 4002 dum.
2304 3946 2410 3999 Nec
2439 3959 2695 3999 numerus
2722 3942 2854 3997 Juda
2901 3951 3161 4013 pereunte
3202 3940 3433 3996 violatus
3457 3948 3559 4006 est,
3602 3939 3692 3995 sed

525 4031 687 4087 Vtilis.
720 4030 809 4085 69.
842 4062 912 4071 —
954 4029 1122 4085 Verba
1163 4031 1281 4086 vita!
1328 4039 1535 4085 a'lerna:
1572 4028 1749 4082 habes-
1800 4026 2022 4089 Videte.
2126 4035 2263 4090 alius
2289 4034 2406 4104 ejus
2434 4033 2552 4088 loco
2586 4032 2925 4102 subrogatus.
2959 4031 3035 4085 De
3080 4031 3234 4101 cujus
3270 4030 3484 4084 numeri
3513 4043 3693 4084 sacrao

454 4122 902 4192 quemadmodum
953 4120 1141 4175 Petrus
1167 4160 1182 4185 ,
1229 4120 1389 4175 dante
1442 4118 1689 4183 Domino,
1747 4122 2025 4171 recreaute

2128 4128 2331 4182 tissima
2357 4123 2745 4197 signiﬁcatione
2768 4124 2882 4193 ipse
2909 4121 3160 4178 Christus
3188 4122 3241 4177 in
3279 4120 3571 4191 Evangelia
3598 4123 3691 4181 att,

458 4215 660 4284 Spiritu
694 4222 898 4275 sancto,
945 4211 1225 4267 intellexit.
1268 4210 1437 4273 Unde,
1488 4211 1589 4264 nisi
1636 4208 1761 4277 quia
1802 4206 2027 4261 credidit
2125 4214 2192 4270 de
2227 4213 2677 4269 excellentissima
2722 4220 3030 4267 sanctorum
3075 4210 3241 4281 gloria
3287 4225 3302 4263 :
3343 4206 3479 4263 Cum
3522 4217 3695 4263 autem

455 4305 616 4358 verba
656 4304 779 4357 vitae
822 4301 981 4373 532
1038 4301 1292 4357 aeternae?
1346 4300 1524 4355 Vitam
1565 4298 1709 4353 enim
1771 4304 2024 4351 aeternam

2126 4305 2316 4359 sederit
2350 4302 2522 4357 Filius
2547 4303 2772 4357 hominis
2807 4303 2864 4355 in
2908 4300 3030 4355 sede
3057 4299 3347 4370 majestatis
3389 4316 3521 4363 sua,
3546 4297 3694 4353 sede-

456 4393 623 4447 habes
658 4392 711 4446 in
761 4392 1155 4447 ministratione
1209 4390 1453 4460 corporis
1488 4397 1544 4444 et
1599 4386 1874 4457 sanguinis
1925 4386 2021 4439 tui.
2056 4424 2104 4483 D
2129 4397 2247 4450 θειεε
2281 4404 2328 4449 ει
2356 4410 2442 4448 vos
2470 4409 2624 4464 ευμεν
2661 4392 2806 4447 sede;
2840 4391 3134 4455 duodecim,
3158 4389 3458 4459 judicaum
3502 4385 3692 4443 duode-

454 4482 637 4553 (Vsus.
685 4482 796 4554 70.)
833 4482 900 4536 Et
928 4499 1019 4537 nos
1049 4482 1361 4537 credidimus
1385 4521 1402 4548 ,
1436 4491 1483 4536 et
1531 4479 1880 4552 cognovimus.
1911 4477 2025 4533 Non
2060 4477 2094 4483 ⁷
2133 4486 2233 4538 cim
2262 4482 2426 4537 tribus
2453 4480 2620 4536 Israel
2649 4480 2862 4551 (Matth.
2890 4495 3005 4545 xix,
3030 4478 3141 4552 28).

464 4573 816 4643 cognovimus
841 4581 892 4628 ct
940 4573 1295 4638 credidimus;
1346 4572 1438 4628 sed
1484 4569 1809 4627 credidimus
1856 4575 1909 4622 et
1943 4583 2033 4623 co-

465 4699 3680 4732 _____________________________.___.___——-——————

1648 4825 1744 4899 L1
1763 4821 1944 4897 BER
1996 4815 2500 4910 QUARTUS.

1049 5021 1275 5077 CAPUT
1316 5004 1476 5077 xvu.

458 5114 662 5171 Iudicis
692 5113 976 5183 inter/icere
1003 5128 1120 5183 eum
1145 5111 1495 5183 qumrentibus
1513 5151 1548 5183 ε-
1570 5111 1803 5183 ascendit
1831 5108 2028 5183 occulte

528 5185 597 5238 ad
620 5184 757 5237 diem
785 5178 973 5251 festum
1003 5178 1352 5251 Scenopcgim,
1390 5180 1476 5235 ubi
1495 5180 1697 5251 diversa
1720 5180 1784 5251 de
1810 5196 1868 5234 eo
1894 5190 1939 5235 et
1963 5180 2027 5233 ab

530 5270 589 5307 ea
610 5250 875 5307 dicuntur.
911 5250 977 5305 Et
1003 5250 1288 5322 querentes
1326 5266 1443 5304 eum
1487 5250 1888 5322 apprehendere.
1940 5266 2028 5303 ne-

528 5322 816 5393 quiverunt,
846 5322 968 5394 quia
991 5319 1220 5374 nondum
1244 5328 1447 5376 venerat
1475 5319 1603 5374 hora
1632 5320 1766 5391 ejus.

526 5412 709 5469 Cum
747 5429 845 5477 vu,
883 5413 1045 5469 Vsus.
1076 5411 1127 5467 l.
1154 5441 1226 5454 ——
1270 5409 1397 5467 Post
1432 5410 1564 5477 lure,
1593 5412 1767 5483 inquit
1795 5424 2026 5481 evanges

455 5500 602 5567 lista,
629 5503 928 5564 ambulabat
948 5499 1105 5558 Iesus
1123 5504 1179 5558 in
1199 5501 1494 5558 Golilrrom.
1526 5501 1647 5556 Non
1667 5504 1802 5556 enim
1826 5500 2024 5563 colebat

2129 5039 2184 5091 in
2227 5035 2475 5090 Iudaeam
2526 5029 2815 5095 ambulare,
2859 5029 2992 5100 quia
3029 5027 3327 5100 quaerebant
3366 5041 3486 5081 eum
3518 5021 3699 5077 Judtri

2127 5127 2434 5197 interficere.
2492 5142 2510 5172 ι
2570 5136 2595 5163 ει
2650 5120 2763 5176 Hoc
2818 5119 3116 5176 inﬁrmitati
3166 5126 3371 5175 nostra:
3425 5112 3703 5189 premebat

2070 5248 2078 5265 ι
2129 5216 2457 5287 exemplum.
2497 5212 2612 5268 Non
2644 5212 2758 5283 ipse
2791 5210 3097 5282 perdiderat
3119 5214 3464 5279 potestatem,
3485 5204 3579 5262 sed
3599 5217 3701 5258 no-

2130 5317 2299 5364 stram
2327 5304 2704 5363 consolabatur
2725 5298 3087 5371 fragilitatem.
3109 5295 3375 5351 Futurum
3393 5294 3540 5351 enim
3557 5299 3697 5355 erat,

2132 5408 2192 5454 ut
2219 5399 2349 5461 dixi,
2399 5404 2458 5452 ut
2485 5393 2678 5466 aliquis
2722 5390 2893 5447 ﬁdelis
2919 5387 3035 5458 ejus
3077 5385 3433 5443 absconderet
3456 5397 3536 5449 se,
3572 5394 3641 5438 ne
3666 5394 3700 5435 s

2132 5486 2568 5557 persecutoribus
2614 5481 2974 5545 inveniretur;
3024 5485 3078 5533 et
3121 5489 3189 5531 ne
3220 5474 3297 5529 illi
3333 5487 3433 5544 pro
3474 5470 3702 5529 crimine

526 5651 800 5725 'IS.Aug.,
830 5663 989 5709 tract.
1016 5672 1204 5718 xxvm.
1233 5673 1378 5713 num.
1408 5657 1520 5719 24,
1562 5656 1611 5714 6.
1641 5657 1694 5719 8,
1728 5654 1906 5707 1042.
