  <div class='ocr_page' id='page_1' title='image "/cluster/home/n/w/nwhite01/storage/ocr_20150623/100/hvd.32044052819521/426.png"; bbox 0 0 4000 6190; ppageno 0'>
   <div class='ocr_carea' id='block_1_1' title="bbox 259 333 360 390">
    <p class='ocr_par' dir='ltr' id='par_1_1' title="bbox 259 333 360 390">
     <span class='ocr_line' id='line_1_1' title="bbox 259 333 360 390; baseline 0 -1"><span class='ocrx_word' id='word_1_1' title='bbox 259 333 360 390; x_wconf 66' lang='grc'><strong>841</strong></span> 
     </span>
    </p>
   </div>
   <div class='ocr_carea' id='block_1_2' title="bbox 1076 342 2682 427">
    <p class='ocr_par' dir='ltr' id='par_1_2' title="bbox 1076 342 2682 427">
     <span class='ocr_line' id='line_1_2' title="bbox 1076 342 2682 427; baseline 0.016 -27"><span class='ocrx_word' id='word_1_2' title='bbox 1076 346 1483 405; x_wconf 70' lang='lat' dir='ltr'><strong>EXEGETICA.</strong></span> <span class='ocrx_word' id='word_1_3' title='bbox 1526 342 1592 394; x_wconf 55' lang='grc' dir='ltr'><strong>ὲ-</strong></span> <span class='ocrx_word' id='word_1_4' title='bbox 1615 354 1965 414; x_wconf 76' lang='lat' dir='ltr'><strong>COMMENT.</strong></span> <span class='ocrx_word' id='word_1_5' title='bbox 2007 352 2302 418; x_wconf 63' lang='lat' dir='ltr'><strong>IN&#39;JOAN.</strong></span> <span class='ocrx_word' id='word_1_6' title='bbox 2333 397 2400 405; x_wconf 87' lang='lat'><strong>--</strong></span> <span class='ocrx_word' id='word_1_7' title='bbox 2426 368 2554 424; x_wconf 81' lang='lat' dir='ltr'><strong>LIB.</strong></span> <span class='ocrx_word' id='word_1_8' title='bbox 2594 372 2682 427; x_wconf 72' lang='grc' dir='ltr'><strong>Π.</strong></span> 
     </span>
    </p>
   </div>
   <div class='ocr_carea' id='block_1_3' title="bbox 3406 393 3532 449">
    <p class='ocr_par' dir='ltr' id='par_1_3' title="bbox 3406 393 3532 449">
     <span class='ocr_line' id='line_1_3' title="bbox 3406 393 3532 449; baseline -0.008 0"><span class='ocrx_word' id='word_1_9' title='bbox 3406 393 3532 449; x_wconf 66' lang='lat'><strong>832&#39;</strong></span> 
     </span>
    </p>
   </div>
   <div class='ocr_carea' id='block_1_4' title="bbox 256 446 3507 560">
    <p class='ocr_par' dir='ltr' id='par_1_4' title="bbox 256 446 3507 560">
     <span class='ocr_line' id='line_1_4' title="bbox 256 446 3507 560; baseline 0.019 -62"><span class='ocrx_word' id='word_1_10' title='bbox 256 446 587 517; x_wconf 78' lang='lat' dir='ltr'><strong>objiceretur</strong></span> <span class='ocrx_word' id='word_1_11' title='bbox 612 449 893 507; x_wconf 73' lang='lat' dir='ltr'><strong>latibulum</strong></span> <span class='ocrx_word' id='word_1_12' title='bbox 910 492 924 517; x_wconf 92' lang='lat'><strong>,</strong></span> <span class='ocrx_word' id='word_1_13' title='bbox 950 458 1227 524; x_wconf 68' lang='lat' dir='ltr'><strong>praecessit</strong></span> <span class='ocrx_word' id='word_1_14' title='bbox 1259 459 1314 513; x_wconf 90' lang='lat' dir='ltr'><strong>in</strong></span> <span class='ocrx_word' id='word_1_15' title='bbox 1349 463 1544 532; x_wconf 87' lang='lat' dir='ltr'><strong>capite,</strong></span> <span class='ocrx_word' id='word_1_16' title='bbox 1591 468 1734 535; x_wconf 92' lang='lat' dir='ltr'><strong>quod</strong></span> <span class='ocrx_word' id='word_1_17' title='bbox 1774 469 1829 523; x_wconf 93' lang='lat' dir='ltr'><strong>in</strong></span> <span class='ocrx_word' id='word_1_18' title='bbox 1855 475 1904 534; x_wconf 76' lang='grc' dir='ltr'><strong>Α</strong></span> <span class='ocrx_word' id='word_1_19' title='bbox 1930 470 2134 541; x_wconf 70' lang='lat' dir='ltr'><strong>gloriaz,</strong></span> <span class='ocrx_word' id='word_1_20' title='bbox 2162 476 2287 544; x_wconf 84' lang='lat' dir='ltr'><strong>quia</strong></span> <span class='ocrx_word' id='word_1_21' title='bbox 2315 479 2406 547; x_wconf 86' lang='lat' dir='ltr'><strong>qui</strong></span> <span class='ocrx_word' id='word_1_22' title='bbox 2434 482 2579 537; x_wconf 86' lang='lat' dir='ltr'><strong>venit</strong></span> <span class='ocrx_word' id='word_1_23' title='bbox 2600 483 2659 537; x_wconf 89' lang='lat' dir='ltr'><strong>in</strong></span> <span class='ocrx_word' id='word_1_24' title='bbox 2688 484 3010 556; x_wconf 74' lang='lat' dir='ltr'><strong>humilitate,</strong></span> <span class='ocrx_word' id='word_1_25' title='bbox 3036 494 3209 552; x_wconf 86' lang='lat' dir='ltr'><strong>veniet</strong></span> <span class='ocrx_word' id='word_1_26' title='bbox 3235 497 3293 554; x_wconf 87' lang='lat' dir='ltr'><strong>in</strong></span> <span class='ocrx_word' id='word_1_27' title='bbox 3320 446 3507 560; x_wconf 76' lang='lat' dir='ltr'><strong>altitu-</strong></span> 
     </span>
    </p>
   </div>
   <div class='ocr_carea' id='block_1_5' title="bbox 259 541 1837 614">
    <p class='ocr_par' dir='ltr' id='par_1_5' title="bbox 259 541 1837 614">
     <span class='ocr_line' id='line_1_5' title="bbox 259 541 1837 614; baseline 0.013 -19"><span class='ocrx_word' id='word_1_28' title='bbox 259 541 525 597; x_wconf 83' lang='lat' dir='ltr'><strong>membris</strong></span> <span class='ocrx_word' id='word_1_29' title='bbox 545 542 977 601; x_wconf 72' lang='lat' dir='ltr'><strong>mulinaaretur.</strong></span> <span class='ocrx_word' id='word_1_30' title='bbox 1014 568 1032 601; x_wconf 73' lang='grc' dir='ltr'><strong><em>ι</em></strong></span> <span class='ocrx_word' id='word_1_31' title='bbox 1062 548 1240 606; x_wconf 80' lang='lat' dir='ltr'><strong>Potuit</strong></span> <span class='ocrx_word' id='word_1_32' title='bbox 1269 554 1415 608; x_wconf 90' lang='lat' dir='ltr'><strong>enim</strong></span> <span class='ocrx_word' id='word_1_33' title='bbox 1446 556 1694 614; x_wconf 89' lang='lat' dir='ltr'><strong>Christus</strong></span> <span class='ocrx_word' id='word_1_34' title='bbox 1722 575 1837 614; x_wconf 87' lang='lat' dir='ltr'><strong>am-</strong></span> 
     </span>
    </p>
   </div>
   <div class='ocr_carea' id='block_1_6' title="bbox 259 627 1834 716">
    <p class='ocr_par' dir='ltr' id='par_1_6' title="bbox 259 627 1834 716">
     <span class='ocr_line' id='line_1_6' title="bbox 259 627 1834 716; baseline 0.016 -35"><span class='ocrx_word' id='word_1_35' title='bbox 259 627 450 716; x_wconf 78' lang='lat' dir='ltr'><strong>bulare</strong></span> <span class='ocrx_word' id='word_1_36' title='bbox 476 629 529 683; x_wconf 91' lang='lat' dir='ltr'><strong>in</strong></span> <span class='ocrx_word' id='word_1_37' title='bbox 544 628 796 716; x_wconf 45' lang='lat' dir='ltr'><strong>Judaeum</strong></span> <span class='ocrx_word' id='word_1_38' title='bbox 826 632 979 707; x_wconf 76' lang='lat' dir='ltr'><strong>[Ms.,</strong></span> <span class='ocrx_word' id='word_1_39' title='bbox 1011 639 1152 693; x_wconf 87' lang='lat' dir='ltr'><strong>inter</strong></span> <span class='ocrx_word' id='word_1_40' title='bbox 1169 640 1403 716; x_wconf 62' lang='lat' dir='ltr'><strong>Iudaeos]</strong></span> <span class='ocrx_word' id='word_1_41' title='bbox 1429 656 1484 700; x_wconf 90' lang='lat' dir='ltr'><strong>et</strong></span> <span class='ocrx_word' id='word_1_42' title='bbox 1513 663 1617 702; x_wconf 91' lang='lat' dir='ltr'><strong>non</strong></span> <span class='ocrx_word' id='word_1_43' title='bbox 1640 652 1834 716; x_wconf 85' lang='lat' dir='ltr'><strong>occidi,</strong></span> 
     </span>
    </p>
   </div>
   <div class='ocr_carea' id='block_1_7' title="bbox 258 712 1847 799">
    <p class='ocr_par' dir='ltr' id='par_1_7' title="bbox 258 712 1847 799">
     <span class='ocr_line' id='line_1_7' title="bbox 258 712 1847 799; baseline 0.015 -32"><span class='ocrx_word' id='word_1_44' title='bbox 258 713 354 783; x_wconf 88' lang='lat' dir='ltr'><strong>qui</strong></span> <span class='ocrx_word' id='word_1_45' title='bbox 385 714 462 769; x_wconf 85' lang='lat' dir='ltr'><strong>ait</strong></span> <span class='ocrx_word' id='word_1_46' title='bbox 483 731 500 768; x_wconf 88' lang='lat'><strong>:</strong></span> <span class='ocrx_word' id='word_1_47' title='bbox 531 712 855 772; x_wconf 82' lang='lat' dir='ltr'><strong>Potestatem</strong></span> <span class='ocrx_word' id='word_1_48' title='bbox 877 721 1043 776; x_wconf 80' lang='lat' dir='ltr'><strong><em>habeo</em></strong></span> <span class='ocrx_word' id='word_1_49' title='bbox 1063 727 1288 794; x_wconf 81' lang='lat' dir='ltr'><strong>ponendi</strong></span> <span class='ocrx_word' id='word_1_50' title='bbox 1315 712 1546 785; x_wconf 78' lang='lat' dir='ltr'><strong>animant</strong></span> <span class='ocrx_word' id='word_1_51' title='bbox 1571 749 1760 799; x_wconf 84' lang='lat' dir='ltr'><strong>meam,</strong></span> <span class='ocrx_word' id='word_1_52' title='bbox 1786 712 1847 791; x_wconf 75' lang='lat' dir='ltr'><strong>et</strong></span> 
     </span>
    </p>
   </div>
   <div class='ocr_carea' id='block_1_8' title="bbox 256 807 1830 897">
    <p class='ocr_par' dir='ltr' id='par_1_8' title="bbox 256 807 1830 897">
     <span class='ocr_line' id='line_1_8' title="bbox 256 807 1830 897; baseline 0.013 -37"><span class='ocrx_word' id='word_1_53' title='bbox 256 813 564 875; x_wconf 74' lang='lat' dir='ltr'><strong>potestatem</strong></span> <span class='ocrx_word' id='word_1_54' title='bbox 587 807 752 864; x_wconf 78' lang='lat' dir='ltr'><strong>habeo</strong></span> <span class='ocrx_word' id='word_1_55' title='bbox 781 810 969 867; x_wconf 89' lang='lat' dir='ltr'><strong>iterum</strong></span> <span class='ocrx_word' id='word_1_56' title='bbox 1009 817 1250 872; x_wconf 86' lang='lat' dir='ltr'><strong>sumendi</strong></span> <span class='ocrx_word' id='word_1_57' title='bbox 1283 836 1397 873; x_wconf 89' lang='lat' dir='ltr'><strong>eam</strong></span> <span class='ocrx_word' id='word_1_58' title='bbox 1423 820 1604 894; x_wconf 85' lang='lat' dir='ltr'><strong>(Joan.</strong></span> <span class='ocrx_word' id='word_1_59' title='bbox 1632 840 1689 892; x_wconf 69' lang='grc' dir='ltr'><strong>κ,</strong></span> <span class='ocrx_word' id='word_1_60' title='bbox 1720 827 1830 897; x_wconf 76' lang='grc'><strong>18).</strong></span> 
     </span>
    </p>
   </div>
   <div class='ocr_carea' id='block_1_9' title="bbox 258 892 1832 983">
    <p class='ocr_par' dir='ltr' id='par_1_9' title="bbox 258 892 1832 983">
     <span class='ocr_line' id='line_1_9' title="bbox 258 892 1832 983; baseline 0.014 -36"><span class='ocrx_word' id='word_1_61' title='bbox 258 892 411 950; x_wconf 81' lang='lat' dir='ltr'><strong>Hanc</strong></span> <span class='ocrx_word' id='word_1_62' title='bbox 433 903 757 964; x_wconf 88' lang='lat' dir='ltr'><strong>potestatem</strong></span> <span class='ocrx_word' id='word_1_63' title='bbox 781 903 1013 957; x_wconf 80' lang='lat' dir='ltr'><strong>ostendit</strong></span> <span class='ocrx_word' id='word_1_64' title='bbox 1040 903 1166 959; x_wconf 89' lang='lat' dir='ltr'><strong>dum</strong></span> <span class='ocrx_word' id='word_1_65' title='bbox 1193 906 1380 974; x_wconf 84' lang='lat' dir='ltr'><strong>voluit,</strong></span> <span class='ocrx_word' id='word_1_66' title='bbox 1408 892 1532 964; x_wconf 84' lang='lat' dir='ltr'><strong>cum</strong></span> <span class='ocrx_word' id='word_1_67' title='bbox 1560 912 1628 983; x_wconf 84' lang='lat' dir='ltr'><strong>ad</strong></span> <span class='ocrx_word' id='word_1_68' title='bbox 1646 892 1832 968; x_wconf 87' lang='lat' dir='ltr'><strong>vocem</strong></span> 
     </span>
    </p>
   </div>
   <div class='ocr_carea' id='block_1_10' title="bbox 258 983 1833 1061">
    <p class='ocr_par' dir='ltr' id='par_1_10' title="bbox 258 983 1833 1061">
     <span class='ocr_line' id='line_1_10' title="bbox 258 983 1833 1061; baseline 0.014 -24"><span class='ocrx_word' id='word_1_69' title='bbox 258 983 406 1038; x_wconf 82' lang='lat' dir='ltr'><strong>illius</strong></span> <span class='ocrx_word' id='word_1_70' title='bbox 436 992 581 1042; x_wconf 88' lang='lat' dir='ltr'><strong>retro</strong></span> <span class='ocrx_word' id='word_1_71' title='bbox 621 988 934 1044; x_wconf 87' lang='lat' dir='ltr'><strong>ceciderunt</strong></span> <span class='ocrx_word' id='word_1_72' title='bbox 957 993 1049 1061; x_wconf 87' lang='lat' dir='ltr'><strong>qui</strong></span> <span class='ocrx_word' id='word_1_73' title='bbox 1079 1010 1200 1049; x_wconf 90' lang='lat' dir='ltr'><strong>eum</strong></span> <span class='ocrx_word' id='word_1_74' title='bbox 1229 1012 1351 1051; x_wconf 90' lang='lat' dir='ltr'><strong>cum</strong></span> <span class='ocrx_word' id='word_1_75' title='bbox 1379 999 1544 1054; x_wconf 86' lang='lat' dir='ltr'><strong>armis</strong></span> <span class='ocrx_word' id='word_1_76' title='bbox 1570 1011 1833 1059; x_wconf 88' lang='lat' dir='ltr'><strong>venerunt</strong></span> 
     </span>
    </p>
   </div>
   <div class='ocr_carea' id='block_1_11' title="bbox 256 1075 1830 1159">
    <p class='ocr_par' dir='ltr' id='par_1_11' title="bbox 256 1075 1830 1159">
     <span class='ocr_line' id='line_1_11' title="bbox 256 1075 1830 1159; baseline 0.014 -33"><span class='ocrx_word' id='word_1_77' title='bbox 256 1075 682 1143; x_wconf 84' lang='lat' dir='ltr'><strong>apprehendere.</strong></span> <span class='ocrx_word' id='word_1_78' title='bbox 716 1078 900 1151; x_wconf 69' lang='lat' dir='ltr'><strong>(Vens.</strong></span> <span class='ocrx_word' id='word_1_79' title='bbox 929 1081 1007 1152; x_wconf 75' lang='lat'><strong>2.)</strong></span> <span class='ocrx_word' id='word_1_80' title='bbox 1026 1082 1154 1138; x_wconf 84' lang='lat' dir='ltr'><strong>Erat</strong></span> <span class='ocrx_word' id='word_1_81' title='bbox 1181 1095 1354 1140; x_wconf 88' lang='lat' dir='ltr'><strong>autem</strong></span> <span class='ocrx_word' id='word_1_82' title='bbox 1379 1089 1435 1142; x_wconf 87' lang='lat' dir='ltr'><strong>in</strong></span> <span class='ocrx_word' id='word_1_83' title='bbox 1459 1092 1696 1159; x_wconf 78' lang='lat' dir='ltr'><strong>proximo</strong></span> <span class='ocrx_word' id='word_1_84' title='bbox 1719 1093 1830 1148; x_wconf 79' lang='lat' dir='ltr'><strong>dies</strong></span> 
     </span>
    </p>
   </div>
   <div class='ocr_carea' id='block_1_12' title="bbox 256 1165 1825 1256">
    <p class='ocr_par' dir='ltr' id='par_1_12' title="bbox 256 1165 1825 1256">
     <span class='ocr_line' id='line_1_12' title="bbox 256 1165 1825 1256; baseline 0.011 -36"><span class='ocrx_word' id='word_1_85' title='bbox 256 1166 422 1233; x_wconf 69' lang='lat' dir='ltr'><strong>[estus</strong></span> <span class='ocrx_word' id='word_1_86' title='bbox 468 1165 777 1224; x_wconf 75' lang='lat' dir='ltr'><strong>Judteorunt</strong></span> <span class='ocrx_word' id='word_1_87' title='bbox 826 1170 1143 1245; x_wconf 81' lang='lat' dir='ltr'><strong>Sccnopegia</strong></span> <span class='ocrx_word' id='word_1_88' title='bbox 1205 1176 1352 1249; x_wconf 60' lang='grc' dir='ltr'><strong>[ΜΒ.⁹</strong></span> <span class='ocrx_word' id='word_1_89' title='bbox 1412 1178 1825 1256; x_wconf 75' lang='lat' dir='ltr'><strong>Scenophagite].</strong></span> 
     </span>
    </p>
   </div>
   <div class='ocr_carea' id='block_1_13' title="bbox 254 1253 1828 1343">
    <p class='ocr_par' dir='ltr' id='par_1_13' title="bbox 254 1253 1828 1343">
     <span class='ocr_line' id='line_1_13' title="bbox 254 1253 1828 1343; baseline 0.01 -30"><span class='ocrx_word' id='word_1_90' title='bbox 254 1253 587 1329; x_wconf 79' lang='lat' dir='ltr'><strong>Seeuopegia</strong></span> <span class='ocrx_word' id='word_1_91' title='bbox 612 1270 698 1315; x_wconf 86' lang='lat' dir='ltr'><strong>est</strong></span> <span class='ocrx_word' id='word_1_92' title='bbox 720 1262 835 1317; x_wconf 87' lang='lat' dir='ltr'><strong>dies</strong></span> <span class='ocrx_word' id='word_1_93' title='bbox 861 1262 1030 1320; x_wconf 83' lang='lat' dir='ltr'><strong>festus</strong></span> <span class='ocrx_word' id='word_1_94' title='bbox 1060 1281 1166 1335; x_wconf 84' lang='lat' dir='ltr'><strong>quo</strong></span> <span class='ocrx_word' id='word_1_95' title='bbox 1186 1266 1354 1324; x_wconf 77' lang='lat' dir='ltr'><strong>Judaei</strong></span> <span class='ocrx_word' id='word_1_96' title='bbox 1384 1285 1567 1327; x_wconf 81' lang='lat' dir='ltr'><strong>mense</strong></span> <span class='ocrx_word' id='word_1_97' title='bbox 1598 1253 1828 1343; x_wconf 80' lang='lat' dir='ltr'><strong>septimo</strong></span> 
     </span>
    </p>
   </div>
   <div class='ocr_carea' id='block_1_14' title="bbox 255 1345 1827 1420">
    <p class='ocr_par' dir='ltr' id='par_1_14' title="bbox 255 1345 1827 1420">
     <span class='ocr_line' id='line_1_14' title="bbox 255 1345 1827 1420; baseline 0.01 -17"><span class='ocrx_word' id='word_1_98' title='bbox 255 1345 312 1403; x_wconf 84' lang='lat' dir='ltr'><strong>in</strong></span> <span class='ocrx_word' id='word_1_99' title='bbox 342 1348 707 1405; x_wconf 81' lang='lat' dir='ltr'><strong>tabernaculis</strong></span> <span class='ocrx_word' id='word_1_100' title='bbox 731 1351 831 1406; x_wconf 86' lang='lat' dir='ltr'><strong>sub</strong></span> <span class='ocrx_word' id='word_1_101' title='bbox 870 1355 1036 1410; x_wconf 90' lang='lat' dir='ltr'><strong>ramis</strong></span> <span class='ocrx_word' id='word_1_102' title='bbox 1066 1356 1323 1414; x_wconf 89' lang='lat' dir='ltr'><strong>arborum</strong></span> <span class='ocrx_word' id='word_1_103' title='bbox 1361 1359 1608 1417; x_wconf 82' lang='lat' dir='ltr'><strong>habitare</strong></span> <span class='ocrx_word' id='word_1_104' title='bbox 1636 1363 1827 1420; x_wconf 87' lang='lat' dir='ltr'><strong>diebus</strong></span> 
     </span>
    </p>
   </div>
   <div class='ocr_carea' id='block_1_15' title="bbox 254 1436 1823 1527">
    <p class='ocr_par' dir='ltr' id='par_1_15' title="bbox 254 1436 1823 1527">
     <span class='ocr_line' id='line_1_15' title="bbox 254 1436 1823 1527; baseline 0.017 -41"><span class='ocrx_word' id='word_1_105' title='bbox 254 1446 459 1509; x_wconf 77' lang='lat' dir='ltr'><strong>septem</strong></span> <span class='ocrx_word' id='word_1_106' title='bbox 479 1436 808 1505; x_wconf 82' lang='lat' dir='ltr'><strong>jubebantur</strong></span> <span class='ocrx_word' id='word_1_107' title='bbox 827 1443 894 1497; x_wconf 89' lang='lat' dir='ltr'><strong>ad</strong></span> <span class='ocrx_word' id='word_1_108' title='bbox 938 1447 1253 1501; x_wconf 82' lang='lat' dir='ltr'><strong>memoriam</strong></span> <span class='ocrx_word' id='word_1_109' title='bbox 1279 1448 1624 1507; x_wconf 82' lang='lat' dir='ltr'><strong>habitationis</strong></span> <span class='ocrx_word' id='word_1_110' title='bbox 1664 1452 1823 1527; x_wconf 77' lang='lat'><strong>533</strong></span> 
     </span>
    </p>
   </div>
   <div class='ocr_carea' id='block_1_16' title="bbox 252 1707 1820 1783">
    <p class='ocr_par' dir='ltr' id='par_1_16' title="bbox 252 1707 1820 1783">
     <span class='ocr_line' id='line_1_16' title="bbox 252 1707 1820 1783; baseline 0.01 -22"><span class='ocrx_word' id='word_1_111' title='bbox 252 1717 338 1763; x_wconf 87' lang='lat' dir='ltr'><strong>tes</strong></span> <span class='ocrx_word' id='word_1_112' title='bbox 374 1707 754 1764; x_wconf 69' lang='lat' dir='ltr'><strong>beneficiorum</strong></span> <span class='ocrx_word' id='word_1_113' title='bbox 780 1711 1015 1779; x_wconf 85' lang='lat' dir='ltr'><strong>Domini,</strong></span> <span class='ocrx_word' id='word_1_114' title='bbox 1063 1715 1153 1783; x_wconf 91' lang='lat' dir='ltr'><strong>qui</strong></span> <span class='ocrx_word' id='word_1_115' title='bbox 1197 1731 1289 1771; x_wconf 87' lang='lat' dir='ltr'><strong>eos</strong></span> <span class='ocrx_word' id='word_1_116' title='bbox 1331 1718 1518 1773; x_wconf 76' lang='lat' dir='ltr'><strong>eduxit</strong></span> <span class='ocrx_word' id='word_1_117' title='bbox 1565 1720 1631 1775; x_wconf 88' lang='lat' dir='ltr'><strong>de</strong></span> <span class='ocrx_word' id='word_1_118' title='bbox 1675 1729 1820 1778; x_wconf 87' lang='lat' dir='ltr'><strong>terra</strong></span> 
     </span>
    </p>
   </div>
   <div class='ocr_carea' id='block_1_17' title="bbox 1937 562 3506 663">
    <p class='ocr_par' dir='ltr' id='par_1_17' title="bbox 1937 562 3506 663">
     <span class='ocr_line' id='line_1_17' title="bbox 1937 562 3506 663; baseline 0.021 -46"><span class='ocrx_word' id='word_1_119' title='bbox 1937 562 2089 630; x_wconf 88' lang='lat' dir='ltr'><strong>dine;</strong></span> <span class='ocrx_word' id='word_1_120' title='bbox 2117 568 2209 635; x_wconf 89' lang='lat' dir='ltr'><strong>qui</strong></span> <span class='ocrx_word' id='word_1_121' title='bbox 2238 568 2384 622; x_wconf 88' lang='lat' dir='ltr'><strong>venit</strong></span> <span class='ocrx_word' id='word_1_122' title='bbox 2418 568 2761 641; x_wconf 87' lang='lat' dir='ltr'><strong>judicandus,</strong></span> <span class='ocrx_word' id='word_1_123' title='bbox 2807 578 2988 635; x_wconf 89' lang='lat' dir='ltr'><strong>veniet</strong></span> <span class='ocrx_word' id='word_1_124' title='bbox 3004 581 3373 658; x_wconf 88' lang='lat' dir='ltr'><strong>judicaturus;</strong></span> <span class='ocrx_word' id='word_1_125' title='bbox 3414 598 3506 663; x_wconf 90' lang='lat' dir='ltr'><strong>qui</strong></span> 
     </span>
    </p>
   </div>
   <div class='ocr_carea' id='block_1_18' title="bbox 1936 656 3507 742">
    <p class='ocr_par' dir='ltr' id='par_1_18' title="bbox 1936 656 3507 742">
     <span class='ocr_line' id='line_1_18' title="bbox 1936 656 3507 742; baseline 0.021 -35"><span class='ocrx_word' id='word_1_126' title='bbox 1936 656 2082 709; x_wconf 89' lang='lat' dir='ltr'><strong>venit</strong></span> <span class='ocrx_word' id='word_1_127' title='bbox 2122 658 2297 714; x_wconf 85' lang='lat' dir='ltr'><strong>occidi</strong></span> <span class='ocrx_word' id='word_1_128' title='bbox 2332 675 2363 714; x_wconf 90' lang='lat' dir='ltr'><strong>a</strong></span> <span class='ocrx_word' id='word_1_129' title='bbox 2395 665 2642 729; x_wconf 79' lang='lat' dir='ltr'><strong>mortuis,</strong></span> <span class='ocrx_word' id='word_1_130' title='bbox 2672 668 2852 724; x_wconf 77' lang='lat' dir='ltr'><strong>veniet</strong></span> <span class='ocrx_word' id='word_1_131' title='bbox 2886 668 3132 738; x_wconf 85' lang='lat' dir='ltr'><strong>judicare</strong></span> <span class='ocrx_word' id='word_1_132' title='bbox 3174 677 3241 733; x_wconf 84' lang='lat' dir='ltr'><strong>de</strong></span> <span class='ocrx_word' id='word_1_133' title='bbox 3287 656 3507 742; x_wconf 51' lang='lat' dir='ltr'><strong>vivis-et</strong></span> 
     </span>
    </p>
   </div>
   <div class='ocr_carea' id='block_1_19' title="bbox 1934 747 3506 840">
    <p class='ocr_par' dir='ltr' id='par_1_19' title="bbox 1934 747 3506 840">
     <span class='ocr_line' id='line_1_19' title="bbox 1934 747 3506 840; baseline 0.021 -44"><span class='ocrx_word' id='word_1_134' title='bbox 1934 747 2181 801; x_wconf 88' lang='lat' dir='ltr'><strong>mortuis.</strong></span> <span class='ocrx_word' id='word_1_135' title='bbox 2233 748 2418 819; x_wconf 76' lang='lat' dir='ltr'><strong>(Vens.</strong></span> <span class='ocrx_word' id='word_1_136' title='bbox 2467 753 2546 823; x_wconf 88' lang='lat'><strong>8.)</strong></span> <span class='ocrx_word' id='word_1_137' title='bbox 2603 753 2704 811; x_wconf 85' lang='lat' dir='ltr'><strong>Vos</strong></span> <span class='ocrx_word' id='word_1_138' title='bbox 2752 762 3015 817; x_wconf 79' lang='lat' dir='ltr'><strong>ascendite</strong></span> <span class='ocrx_word' id='word_1_139' title='bbox 3043 763 3114 820; x_wconf 89' lang='lat' dir='ltr'><strong>ad</strong></span> <span class='ocrx_word' id='word_1_140' title='bbox 3154 767 3293 823; x_wconf 86' lang='lat' dir='ltr'><strong>diem</strong></span> <span class='ocrx_word' id='word_1_141' title='bbox 3318 772 3506 840; x_wconf 80' lang='lat' dir='ltr'><strong>festum</strong></span> 
     </span>
    </p>
   </div>
   <div class='ocr_carea' id='block_1_20' title="bbox 1931 832 3502 924">
    <p class='ocr_par' dir='ltr' id='par_1_20' title="bbox 1931 832 3502 924">
     <span class='ocr_line' id='line_1_20' title="bbox 1931 832 3502 924; baseline 0.024 -40"><span class='ocrx_word' id='word_1_142' title='bbox 1931 832 2088 888; x_wconf 84' lang='lat' dir='ltr'><strong>hunc.</strong></span> <span class='ocrx_word' id='word_1_143' title='bbox 2150 854 2171 888; x_wconf 85' lang='grc'><strong>‹</strong></span> <span class='ocrx_word' id='word_1_144' title='bbox 2203 837 2340 904; x_wconf 92' lang='lat' dir='ltr'><strong>Quid</strong></span> <span class='ocrx_word' id='word_1_145' title='bbox 2386 851 2471 898; x_wconf 88' lang='lat' dir='ltr'><strong>est</strong></span> <span class='ocrx_word' id='word_1_146' title='bbox 2515 845 2652 900; x_wconf 79' lang='lat' dir='ltr'><strong>hunc</strong></span> <span class='ocrx_word' id='word_1_147' title='bbox 2681 848 2708 901; x_wconf 68' lang='grc' dir='ltr'><em>γ</em></span> <span class='ocrx_word' id='word_1_148' title='bbox 2772 850 2873 906; x_wconf 89' lang='lat' dir='ltr'><strong>Ubi</strong></span> <span class='ocrx_word' id='word_1_149' title='bbox 2943 855 3166 924; x_wconf 81' lang='lat' dir='ltr'><strong>gloriam</strong></span> <span class='ocrx_word' id='word_1_150' title='bbox 3215 832 3502 921; x_wconf 82' lang='lat' dir='ltr'><strong>humanam</strong></span> 
     </span>
    </p>
   </div>
   <div class='ocr_carea' id='block_1_21' title="bbox 1930 925 3503 1010">
    <p class='ocr_par' dir='ltr' id='par_1_21' title="bbox 1930 925 3503 1010">
     <span class='ocr_line' id='line_1_21' title="bbox 1930 925 3503 1010; baseline 0.024 -35"><span class='ocrx_word' id='word_1_151' title='bbox 1930 925 2190 991; x_wconf 68' lang='lat' dir='ltr'><strong>quaeritis.</strong></span> <span class='ocrx_word' id='word_1_152' title='bbox 2244 929 2381 996; x_wconf 85' lang='lat' dir='ltr'><strong>Quid</strong></span> <span class='ocrx_word' id='word_1_153' title='bbox 2410 942 2495 988; x_wconf 89' lang='lat' dir='ltr'><strong>est</strong></span> <span class='ocrx_word' id='word_1_154' title='bbox 2521 936 2701 992; x_wconf 77' lang='lat' dir='ltr'><strong>hunc?</strong></span> <span class='ocrx_word' id='word_1_155' title='bbox 2742 940 2843 996; x_wconf 90' lang='lat' dir='ltr'><strong>Ubi</strong></span> <span class='ocrx_word' id='word_1_156' title='bbox 2867 948 3159 1003; x_wconf 82' lang='lat' dir='ltr'><strong>extendere</strong></span> <span class='ocrx_word' id='word_1_157' title='bbox 3197 953 3358 1009; x_wconf 77' lang='lat' dir='ltr'><strong>vultis</strong></span> <span class='ocrx_word' id='word_1_158' title='bbox 3382 971 3503 1010; x_wconf 85' lang='lat' dir='ltr'><strong>car-</strong></span> 
     </span>
    </p>
   </div>
   <div class='ocr_carea' id='block_1_22' title="bbox 1929 1012 3499 1104">
    <p class='ocr_par' dir='ltr' id='par_1_22' title="bbox 1929 1012 3499 1104">
     <span class='ocr_line' id='line_1_22' title="bbox 1929 1012 3499 1104; baseline 0.02 -39"><span class='ocrx_word' id='word_1_159' title='bbox 1929 1012 2071 1067; x_wconf 87' lang='lat' dir='ltr'><strong>nalia</strong></span> <span class='ocrx_word' id='word_1_160' title='bbox 2101 1018 2313 1085; x_wconf 88' lang='lat' dir='ltr'><strong>gaudia,</strong></span> <span class='ocrx_word' id='word_1_161' title='bbox 2342 1036 2446 1075; x_wconf 90' lang='lat' dir='ltr'><strong>non</strong></span> <span class='ocrx_word' id='word_1_162' title='bbox 2470 1031 2671 1079; x_wconf 63' lang='lat' dir='ltr'><strong>aeterna</strong></span> <span class='ocrx_word' id='word_1_163' title='bbox 2699 1029 2960 1099; x_wconf 86' lang='lat' dir='ltr'><strong>cogitare.</strong></span> <span class='ocrx_word' id='word_1_164' title='bbox 2993 1034 3107 1104; x_wconf 85' lang='lat' dir='ltr'><strong>Ego</strong></span> <span class='ocrx_word' id='word_1_165' title='bbox 3136 1054 3238 1093; x_wconf 85' lang='lat' dir='ltr'><strong>non</strong></span> <span class='ocrx_word' id='word_1_166' title='bbox 3279 1045 3499 1098; x_wconf 77' lang='lat' dir='ltr'><strong>ascendo</strong></span> 
     </span>
    </p>
   </div>
   <div class='ocr_carea' id='block_1_23' title="bbox 1928 1102 3501 1194">
    <p class='ocr_par' dir='ltr' id='par_1_23' title="bbox 1928 1102 3501 1194">
     <span class='ocr_line' id='line_1_23' title="bbox 1928 1102 3501 1194; baseline 0.021 -40"><span class='ocrx_word' id='word_1_167' title='bbox 1928 1102 1998 1155; x_wconf 87' lang='lat' dir='ltr'><strong>ad</strong></span> <span class='ocrx_word' id='word_1_168' title='bbox 2027 1103 2165 1158; x_wconf 87' lang='lat' dir='ltr'><strong>diem</strong></span> <span class='ocrx_word' id='word_1_169' title='bbox 2211 1106 2401 1176; x_wconf 76' lang='lat' dir='ltr'><strong>festum</strong></span> <span class='ocrx_word' id='word_1_170' title='bbox 2446 1110 2602 1176; x_wconf 83' lang='lat' dir='ltr'><strong>hunc,</strong></span> <span class='ocrx_word' id='word_1_171' title='bbox 2639 1116 2763 1184; x_wconf 84' lang='lat' dir='ltr'><strong>quia</strong></span> <span class='ocrx_word' id='word_1_172' title='bbox 2809 1134 2980 1174; x_wconf 80' lang='lat' dir='ltr'><strong>meum</strong></span> <span class='ocrx_word' id='word_1_173' title='bbox 3026 1102 3225 1194; x_wconf 76' lang='lat' dir='ltr'><strong>tempus</strong></span> <span class='ocrx_word' id='word_1_174' title='bbox 3268 1132 3501 1187; x_wconf 79' lang='lat' dir='ltr'><strong>nondum</strong></span> 
     </span>
    </p>
   </div>
   <div class='ocr_carea' id='block_1_24' title="bbox 1926 1191 3501 1282">
    <p class='ocr_par' dir='ltr' id='par_1_24' title="bbox 1926 1191 3501 1282">
     <span class='ocr_line' id='line_1_24' title="bbox 1926 1191 3501 1282; baseline 0.023 -40"><span class='ocrx_word' id='word_1_175' title='bbox 1926 1191 2192 1262; x_wconf 80' lang='lat' dir='ltr'><strong>impletum</strong></span> <span class='ocrx_word' id='word_1_176' title='bbox 2217 1207 2313 1252; x_wconf 89' lang='lat' dir='ltr'><strong>est.</strong></span> <span class='ocrx_word' id='word_1_177' title='bbox 2328 1199 2386 1253; x_wconf 87' lang='lat' dir='ltr'><strong>ln</strong></span> <span class='ocrx_word' id='word_1_178' title='bbox 2411 1201 2496 1256; x_wconf 89' lang='lat' dir='ltr'><strong>die</strong></span> <span class='ocrx_word' id='word_1_179' title='bbox 2512 1205 2657 1258; x_wconf 87' lang='lat' dir='ltr'><strong>enim</strong></span> <span class='ocrx_word' id='word_1_180' title='bbox 2678 1204 2816 1262; x_wconf 86' lang='lat' dir='ltr'><strong>festo</strong></span> <span class='ocrx_word' id='word_1_181' title='bbox 2833 1209 2937 1265; x_wconf 92' lang='lat' dir='ltr'><strong>hoc</strong></span> <span class='ocrx_word' id='word_1_182' title='bbox 2952 1191 3175 1282; x_wconf 79' lang='lat' dir='ltr'><strong>gloriam</strong></span> <span class='ocrx_word' id='word_1_183' title='bbox 3195 1233 3291 1274; x_wconf 87' lang='lat' dir='ltr'><strong>vos</strong></span> <span class='ocrx_word' id='word_1_184' title='bbox 3307 1222 3501 1277; x_wconf 85' lang='lat' dir='ltr'><strong>huma-</strong></span> 
     </span>
    </p>
   </div>
   <div class='ocr_carea' id='block_1_25' title="bbox 1926 1288 3494 1376">
    <p class='ocr_par' dir='ltr' id='par_1_25' title="bbox 1926 1288 3494 1376">
     <span class='ocr_line' id='line_1_25' title="bbox 1926 1288 3494 1376; baseline 0.022 -43"><span class='ocrx_word' id='word_1_185' title='bbox 1926 1295 2052 1335; x_wconf 87' lang='lat' dir='ltr'><strong>nam</strong></span> <span class='ocrx_word' id='word_1_186' title='bbox 2078 1288 2243 1352; x_wconf 75' lang='lat' dir='ltr'><strong>quaeri</strong></span> <span class='ocrx_word' id='word_1_187' title='bbox 2251 1288 2336 1350; x_wconf 88' lang='lat' dir='ltr'><strong>tis,</strong></span> <span class='ocrx_word' id='word_1_188' title='bbox 2354 1305 2543 1355; x_wconf 81' lang='lat' dir='ltr'><strong>meum</strong></span> <span class='ocrx_word' id='word_1_189' title='bbox 2560 1308 2688 1349; x_wconf 88' lang='lat' dir='ltr'><strong>vero</strong></span> <span class='ocrx_word' id='word_1_190' title='bbox 2709 1305 2940 1367; x_wconf 85' lang='lat' dir='ltr'><strong>tempus,</strong></span> <span class='ocrx_word' id='word_1_191' title='bbox 2957 1302 3009 1357; x_wconf 91' lang='lat' dir='ltr'><strong>id</strong></span> <span class='ocrx_word' id='word_1_192' title='bbox 3023 1313 3125 1370; x_wconf 89' lang='lat' dir='ltr'><strong>est,</strong></span> <span class='ocrx_word' id='word_1_193' title='bbox 3144 1307 3327 1376; x_wconf 80' lang='lat' dir='ltr'><strong>gloriae</strong></span> <span class='ocrx_word' id='word_1_194' title='bbox 3339 1326 3494 1376; x_wconf 74' lang='lat' dir='ltr'><strong>mem,</strong></span> 
     </span>
    </p>
   </div>
   <div class='ocr_carea' id='block_1_26' title="bbox 1925 1372 3499 1459">
    <p class='ocr_par' dir='ltr' id='par_1_26' title="bbox 1925 1372 3499 1459">
     <span class='ocr_line' id='line_1_26' title="bbox 1925 1372 3499 1459; baseline 0.022 -36"><span class='ocrx_word' id='word_1_195' title='bbox 1925 1372 2163 1427; x_wconf 85' lang='lat' dir='ltr'><strong>nondum</strong></span> <span class='ocrx_word' id='word_1_196' title='bbox 2189 1377 2355 1432; x_wconf 81' lang='lat' dir='ltr'><strong>venit.</strong></span> <span class='ocrx_word' id='word_1_197' title='bbox 2371 1378 2487 1448; x_wconf 84' lang='lat' dir='ltr'><strong>ipse</strong></span> <span class='ocrx_word' id='word_1_198' title='bbox 2515 1383 2619 1438; x_wconf 88' lang='lat' dir='ltr'><strong>erit</strong></span> <span class='ocrx_word' id='word_1_199' title='bbox 2645 1385 2760 1441; x_wconf 86' lang='lat' dir='ltr'><strong>dies</strong></span> <span class='ocrx_word' id='word_1_200' title='bbox 2794 1385 2963 1446; x_wconf 90' lang='lat' dir='ltr'><strong>festus</strong></span> <span class='ocrx_word' id='word_1_201' title='bbox 2988 1372 3169 1459; x_wconf 61' lang='lat' dir='ltr'><strong>meus,</strong></span> <span class='ocrx_word' id='word_1_202' title='bbox 3183 1413 3289 1452; x_wconf 92' lang='lat' dir='ltr'><strong>non</strong></span> <span class='ocrx_word' id='word_1_203' title='bbox 3310 1372 3499 1457; x_wconf 77' lang='lat' dir='ltr'><strong>diebus</strong></span> 
     </span>
    </p>
   </div>
   <div class='ocr_carea' id='block_1_27' title="bbox 1924 1459 3497 1557">
    <p class='ocr_par' dir='ltr' id='par_1_27' title="bbox 1924 1459 3497 1557">
     <span class='ocr_line' id='line_1_27' title="bbox 1924 1459 3497 1557; baseline 0.024 -44"><span class='ocrx_word' id='word_1_204' title='bbox 1924 1459 2042 1516; x_wconf 90' lang='lat' dir='ltr'><strong>istis</strong></span> <span class='ocrx_word' id='word_1_205' title='bbox 2066 1477 2388 1531; x_wconf 85' lang='lat' dir='ltr'><strong>percurrens</strong></span> <span class='ocrx_word' id='word_1_206' title='bbox 2413 1469 2595 1543; x_wconf 80' lang='lat' dir='ltr'><strong>[Aug.,</strong></span> <span class='ocrx_word' id='word_1_207' title='bbox 2626 1482 2983 1555; x_wconf 73' lang='lat' dir='ltr'><strong>prmcurrens]</strong></span> <span class='ocrx_word' id='word_1_208' title='bbox 3012 1493 3067 1539; x_wconf 90' lang='lat' dir='ltr'><strong>et</strong></span> <span class='ocrx_word' id='word_1_209' title='bbox 3093 1490 3497 1557; x_wconf 34' lang='lat' dir='ltr'><strong>transiens,‘sed</strong></span> 
     </span>
    </p>
   </div>
   <div class='ocr_carea' id='block_1_28' title="bbox 1992 1731 3494 1823">
    <p class='ocr_par' dir='ltr' id='par_1_28' title="bbox 1992 1731 3494 1823">
     <span class='ocr_line' id='line_1_28' title="bbox 1992 1731 3494 1823; baseline 0.021 -37"><span class='ocrx_word' id='word_1_210' title='bbox 1992 1731 2155 1789; x_wconf 74' lang='lat' dir='ltr'><strong>Vens.</strong></span> <span class='ocrx_word' id='word_1_211' title='bbox 2181 1736 2234 1791; x_wconf 88' lang='lat'><strong>9.</strong></span> <span class='ocrx_word' id='word_1_212' title='bbox 2263 1765 2339 1780; x_wconf 87' lang='lat'><strong>-</strong></span> <span class='ocrx_word' id='word_1_213' title='bbox 2362 1738 2494 1795; x_wconf 76' lang='lat' dir='ltr'><strong>Iftec</strong></span> <span class='ocrx_word' id='word_1_214' title='bbox 2522 1760 2640 1797; x_wconf 89' lang='lat' dir='ltr'><strong>cum</strong></span> <span class='ocrx_word' id='word_1_215' title='bbox 2671 1745 2904 1813; x_wconf 80' lang='lat' dir='ltr'><strong>dixisset,</strong></span> <span class='ocrx_word' id='word_1_216' title='bbox 2938 1751 3045 1823; x_wconf 82' lang='lat' dir='ltr'><strong>ipse</strong></span> <span class='ocrx_word' id='word_1_217' title='bbox 3068 1760 3262 1812; x_wconf 88' lang='lat' dir='ltr'><strong>mansit</strong></span> <span class='ocrx_word' id='word_1_218' title='bbox 3302 1761 3357 1815; x_wconf 88' lang='lat' dir='ltr'><strong>in</strong></span> <span class='ocrx_word' id='word_1_219' title='bbox 3386 1759 3494 1817; x_wconf 80' lang='lat' dir='ltr'><strong>Ga-</strong></span> 
     </span>
    </p>
   </div>
   <div class='ocr_carea' id='block_1_29' title="bbox 251 1794 3496 1917">
    <p class='ocr_par' dir='ltr' id='par_1_29' title="bbox 251 1794 3496 1917">
     <span class='ocr_line' id='line_1_29' title="bbox 2426 1794 3494 1817; baseline 0 -6"><span class='ocrx_word' id='word_1_220' title='bbox 2426 1794 2431 1795; x_wconf 60' lang='grc'><strong><em>⁷</em></strong></span> <span class='ocrx_word' id='word_1_221' title='bbox 2474 1794 2479 1795; x_wconf 60' lang='grc'><strong><em>⁷</em></strong></span> <span class='ocrx_word' id='word_1_222' title='bbox 2528 1794 2636 1797; x_wconf 46' lang='grc'><strong>““““”</strong></span> <span class='ocrx_word' id='word_1_223' title='bbox 2672 1794 2904 1813; x_wconf 74' lang='lat'><strong>&quot;&quot;&#39;&quot;&quot;&#39;)</strong></span> <span class='ocrx_word' id='word_1_224' title='bbox 2938 1794 2951 1804; x_wconf 82' lang='lat'><strong>&#39;</strong></span> <span class='ocrx_word' id='word_1_225' title='bbox 2990 1794 3039 1807; x_wconf 65' lang='grc' dir='ltr'><strong>νυ</strong></span> <span class='ocrx_word' id='word_1_226' title='bbox 3068 1794 3260 1812; x_wconf 67' lang='grc'><strong>⁵⁸010110..</strong></span> <span class='ocrx_word' id='word_1_227' title='bbox 3303 1794 3356 1815; x_wconf 66' lang='grc' dir='ltr'><strong>ΙΙ.</strong></span> <span class='ocrx_word' id='word_1_228' title='bbox 3386 1794 3494 1817; x_wconf 75' lang='lat' dir='ltr'><strong>uu-</strong></span> 
     </span>
     <span class='ocr_line' id='line_1_30' title="bbox 251 1794 3496 1917; baseline 0.016 -69"><span class='ocrx_word' id='word_1_229' title='bbox 251 1794 492 1866; x_wconf 72' lang='lat' dir='ltr'><strong>A-Zgypti.</strong></span> <span class='ocrx_word' id='word_1_230' title='bbox 530 1797 655 1852; x_wconf 89' lang='lat' dir='ltr'><strong>Dies</strong></span> <span class='ocrx_word' id='word_1_231' title='bbox 691 1796 861 1854; x_wconf 88' lang='lat' dir='ltr'><strong>festus</strong></span> <span class='ocrx_word' id='word_1_232' title='bbox 901 1815 1053 1857; x_wconf 87' lang='lat' dir='ltr'><strong>more</strong></span> <span class='ocrx_word' id='word_1_233' title='bbox 1096 1800 1403 1917; x_wconf 51' lang='lat' dir='ltr'><strong>Judaiorum</strong></span> <span class='ocrx_word' id='word_1_234' title='bbox 1440 1806 1670 1917; x_wconf 62' lang='lat' dir='ltr'><strong>dicitpr,</strong></span> <span class='ocrx_word' id='word_1_235' title='bbox 1708 1825 1817 1865; x_wconf 91' lang='lat' dir='ltr'><strong>non</strong></span> <span class='ocrx_word' id='word_1_236' title='bbox 1846 1822 1892 1883; x_wconf 74' lang='grc' dir='ltr'><strong>Β</strong></span> <span class='ocrx_word' id='word_1_237' title='bbox 1918 1817 2079 1875; x_wconf 71' lang='grc' dir='ltr'><strong>ιειωα.</strong></span> <span class='ocrx_word' id='word_1_238' title='bbox 2125 1821 2192 1877; x_wconf 85' lang='lat' dir='ltr'><strong>Ut</strong></span> <span class='ocrx_word' id='word_1_239' title='bbox 2230 1835 2406 1881; x_wconf 88' lang='lat' dir='ltr'><strong>autem</strong></span> <span class='ocrx_word' id='word_1_240' title='bbox 2460 1834 2801 1891; x_wconf 84' lang='lat' dir='ltr'><strong>ascenderunt</strong></span> <span class='ocrx_word' id='word_1_241' title='bbox 2854 1794 3046 1909; x_wconf 49' lang='lat' dir='ltr'><strong>{rat&#39;res</strong></span> <span class='ocrx_word' id='word_1_242' title='bbox 3100 1848 3231 1917; x_wconf 81' lang='lat' dir='ltr'><strong>ejus,</strong></span> <span class='ocrx_word' id='word_1_243' title='bbox 3283 1861 3407 1907; x_wconf 72' lang='lat' dir='ltr'><strong>tunc</strong></span> <span class='ocrx_word' id='word_1_244' title='bbox 3442 1837 3496 1910; x_wconf 60' lang='grc' dir='ltr'><strong>ἐι</strong></span> 
     </span>
     <span class='ocr_line' id='line_1_31' title="bbox 251 1887 2281 1917; baseline 0 0"><span class='ocrx_word' id='word_1_245' title='bbox 251 1902 390 1917; x_wconf 64' lang='lat' dir='ltr'><strong>Iun-In</strong></span> <span class='ocrx_word' id='word_1_246' title='bbox 422 1887 530 1917; x_wconf 57' lang='lat' dir='ltr'><strong>Ai.“-</strong></span> <span class='ocrx_word' id='word_1_247' title='bbox 600 1888 692 1917; x_wconf 68' lang='grc' dir='ltr'><strong>ι-ΛᾹ</strong></span> <span class='ocrx_word' id='word_1_248' title='bbox 738 1898 996 1917; x_wconf 63' lang='grc' dir='ltr'><strong>ηιΙΛίηιιΑ.</strong></span> <span class='ocrx_word' id='word_1_249' title='bbox 1047 1893 1184 1917; x_wconf 67' lang='grc'><strong>2112.--</strong></span> <span class='ocrx_word' id='word_1_250' title='bbox 1252 1895 1530 1917; x_wconf 65' lang='grc' dir='ltr'><strong>Α-ι2-.Ξι-ι2-</strong></span> <span class='ocrx_word' id='word_1_251' title='bbox 1584 1909 1773 1917; x_wconf 37' lang='grc' dir='ltr'><strong>---μμ---</strong></span> <span class='ocrx_word' id='word_1_252' title='bbox 1928 1909 1940 1917; x_wconf 89' lang='grc'><strong>.</strong></span> <span class='ocrx_word' id='word_1_253' title='bbox 2254 1915 2281 1917; x_wconf 50' lang='grc' dir='ltr'>η</span> 
     </span>
    </p>
   </div>
   <div class='ocr_carea' id='block_1_30' title="bbox 248 1887 1817 1965">
    <p class='ocr_par' dir='ltr' id='par_1_30' title="bbox 248 1887 1817 1965">
     <span class='ocr_line' id='line_1_32' title="bbox 248 1887 1817 1965; baseline 0.01 -26"><span class='ocrx_word' id='word_1_254' title='bbox 248 1902 392 1940; x_wconf 86' lang='lat' dir='ltr'><strong>unus</strong></span> <span class='ocrx_word' id='word_1_255' title='bbox 421 1887 551 1949; x_wconf 86' lang='lat' dir='ltr'><strong>dies,</strong></span> <span class='ocrx_word' id='word_1_256' title='bbox 599 1888 693 1944; x_wconf 90' lang='lat' dir='ltr'><strong>sed</strong></span> <span class='ocrx_word' id='word_1_257' title='bbox 736 1898 1000 1960; x_wconf 84' lang='lat' dir='ltr'><strong>quotquot</strong></span> <span class='ocrx_word' id='word_1_258' title='bbox 1046 1893 1187 1949; x_wconf 84' lang='lat' dir='ltr'><strong>illius</strong></span> <span class='ocrx_word' id='word_1_259' title='bbox 1225 1893 1535 1952; x_wconf 82' lang='lat' dir='ltr'><strong>festivitatis</strong></span> <span class='ocrx_word' id='word_1_260' title='bbox 1561 1896 1817 1965; x_wconf 89' lang='lat' dir='ltr'><strong>fuerunt,</strong></span> 
     </span>
    </p>
   </div>
   <div class='ocr_carea' id='block_1_31' title="bbox 249 1975 1821 2054">
    <p class='ocr_par' dir='ltr' id='par_1_31' title="bbox 249 1975 1821 2054">
     <span class='ocr_line' id='line_1_33' title="bbox 249 1975 1821 2054; baseline 0.011 -26"><span class='ocrx_word' id='word_1_261' title='bbox 249 1975 409 2044; x_wconf 88' lang='lat' dir='ltr'><strong>quasi</strong></span> <span class='ocrx_word' id='word_1_262' title='bbox 440 1992 603 2031; x_wconf 88' lang='lat' dir='ltr'><strong>unum</strong></span> <span class='ocrx_word' id='word_1_263' title='bbox 644 1978 787 2033; x_wconf 85' lang='lat' dir='ltr'><strong>diem</strong></span> <span class='ocrx_word' id='word_1_264' title='bbox 832 1978 1029 2036; x_wconf 88' lang='lat' dir='ltr'><strong>festum</strong></span> <span class='ocrx_word' id='word_1_265' title='bbox 1062 1990 1282 2054; x_wconf 87' lang='lat' dir='ltr'><strong>propter</strong></span> <span class='ocrx_word' id='word_1_266' title='bbox 1318 1985 1479 2041; x_wconf 90' lang='lat' dir='ltr'><strong>unius</strong></span> <span class='ocrx_word' id='word_1_267' title='bbox 1511 1986 1821 2046; x_wconf 80' lang='lat' dir='ltr'><strong>festivitatis</strong></span> 
     </span>
    </p>
   </div>
   <div class='ocr_carea' id='block_1_32' title="bbox 246 2061 1820 2148">
    <p class='ocr_par' dir='ltr' id='par_1_32' title="bbox 246 2061 1820 2148">
     <span class='ocr_line' id='line_1_34' title="bbox 246 2061 1820 2148; baseline 0.009 -30"><span class='ocrx_word' id='word_1_268' title='bbox 246 2065 687 2120; x_wconf 84' lang='lat' dir='ltr'><strong>consuetudinem</strong></span> <span class='ocrx_word' id='word_1_269' title='bbox 715 2061 1000 2125; x_wconf 83' lang='lat' dir='ltr'><strong>nominare</strong></span> <span class='ocrx_word' id='word_1_270' title='bbox 1031 2071 1291 2127; x_wconf 87' lang='lat' dir='ltr'><strong>solebant.</strong></span> <span class='ocrx_word' id='word_1_271' title='bbox 1320 2072 1506 2147; x_wconf 71' lang='lat' dir='ltr'><strong>(Vens.</strong></span> <span class='ocrx_word' id='word_1_272' title='bbox 1533 2075 1614 2148; x_wconf 72' lang='grc' dir='ltr'><strong>ὅ.)</strong></span> <span class='ocrx_word' id='word_1_273' title='bbox 1659 2077 1820 2133; x_wconf 77' lang='lat' dir='ltr'><strong>Dixe-</strong></span> 
     </span>
    </p>
   </div>
   <div class='ocr_carea' id='block_1_33' title="bbox 248 2157 1818 2232">
    <p class='ocr_par' dir='ltr' id='par_1_33' title="bbox 248 2157 1818 2232">
     <span class='ocr_line' id='line_1_35' title="bbox 248 2157 1818 2232; baseline 0.008 -23"><span class='ocrx_word' id='word_1_274' title='bbox 248 2162 370 2209; x_wconf 75' lang='lat' dir='ltr'><strong>runt</strong></span> <span class='ocrx_word' id='word_1_275' title='bbox 394 2170 517 2225; x_wconf 87' lang='lat' dir='ltr'><strong>ergo</strong></span> <span class='ocrx_word' id='word_1_276' title='bbox 546 2157 616 2211; x_wconf 89' lang='lat' dir='ltr'><strong>ad</strong></span> <span class='ocrx_word' id='word_1_277' title='bbox 642 2173 757 2211; x_wconf 88' lang='lat' dir='ltr'><strong>eum</strong></span> <span class='ocrx_word' id='word_1_278' title='bbox 787 2158 975 2227; x_wconf 67' lang='lat' dir='ltr'><strong>fratres</strong></span> <span class='ocrx_word' id='word_1_279' title='bbox 1009 2160 1121 2230; x_wconf 85' lang='lat' dir='ltr'><strong>ejus</strong></span> <span class='ocrx_word' id='word_1_280' title='bbox 1147 2179 1165 2216; x_wconf 93' lang='lat'><strong><em>:</em></strong></span> <span class='ocrx_word' id='word_1_281' title='bbox 1208 2161 1396 2218; x_wconf 84' lang='lat' dir='ltr'><strong>Transi</strong></span> <span class='ocrx_word' id='word_1_282' title='bbox 1425 2166 1566 2232; x_wconf 83' lang='lat' dir='ltr'><strong>hinc,</strong></span> <span class='ocrx_word' id='word_1_283' title='bbox 1605 2176 1653 2221; x_wconf 88' lang='lat' dir='ltr'><strong>et</strong></span> <span class='ocrx_word' id='word_1_284' title='bbox 1686 2168 1818 2222; x_wconf 83' lang='lat' dir='ltr'><strong>vade</strong></span> 
     </span>
    </p>
   </div>
   <div class='ocr_carea' id='block_1_34' title="bbox 245 2242 1818 2313">
    <p class='ocr_par' dir='ltr' id='par_1_34' title="bbox 245 2242 1818 2313">
     <span class='ocr_line' id='line_1_36' title="bbox 245 2242 1818 2313; baseline 0.011 -18"><span class='ocrx_word' id='word_1_285' title='bbox 245 2245 302 2296; x_wconf 82' lang='lat' dir='ltr'><strong>in</strong></span> <span class='ocrx_word' id='word_1_286' title='bbox 347 2242 612 2299; x_wconf 72' lang='lat' dir='ltr'><strong>Judtram.</strong></span> <span class='ocrx_word' id='word_1_287' title='bbox 644 2266 664 2299; x_wconf 75' lang='grc' dir='ltr'><strong><em>ι</em></strong></span> <span class='ocrx_word' id='word_1_288' title='bbox 707 2247 925 2304; x_wconf 86' lang='lat' dir='ltr'><strong>Fratres</strong></span> <span class='ocrx_word' id='word_1_289' title='bbox 954 2250 1165 2307; x_wconf 90' lang='lat' dir='ltr'><strong>Domini</strong></span> <span class='ocrx_word' id='word_1_290' title='bbox 1213 2254 1569 2311; x_wconf 83' lang='lat' dir='ltr'><strong>usitatissimo</strong></span> <span class='ocrx_word' id='word_1_291' title='bbox 1616 2266 1818 2313; x_wconf 73' lang='lat' dir='ltr'><strong>sancta:</strong></span> 
     </span>
    </p>
   </div>
   <div class='ocr_carea' id='block_1_35' title="bbox 246 2333 1819 2418">
    <p class='ocr_par' dir='ltr' id='par_1_35' title="bbox 246 2333 1819 2418">
     <span class='ocr_line' id='line_1_37' title="bbox 246 2333 1819 2418; baseline 0.011 -33"><span class='ocrx_word' id='word_1_292' title='bbox 246 2333 540 2402; x_wconf 75' lang='lat' dir='ltr'><strong>Scriptura:</strong></span> <span class='ocrx_word' id='word_1_293' title='bbox 567 2351 714 2391; x_wconf 90' lang='lat' dir='ltr'><strong>more</strong></span> <span class='ocrx_word' id='word_1_294' title='bbox 753 2340 1133 2410; x_wconf 75' lang='lat' dir='ltr'><strong>consanguinei</strong></span> <span class='ocrx_word' id='word_1_295' title='bbox 1160 2350 1360 2398; x_wconf 85' lang='lat' dir='ltr'><strong>sanctae</strong></span> <span class='ocrx_word' id='word_1_296' title='bbox 1388 2342 1569 2400; x_wconf 78' lang='lat' dir='ltr'><strong>Mariae</strong></span> <span class='ocrx_word' id='word_1_297' title='bbox 1604 2361 1819 2418; x_wconf 87' lang='lat' dir='ltr'><strong>semper</strong></span> 
     </span>
    </p>
   </div>
   <div class='ocr_carea' id='block_1_36' title="bbox 245 2423 1817 2494">
    <p class='ocr_par' dir='ltr' id='par_1_36' title="bbox 245 2423 1817 2494">
     <span class='ocr_line' id='line_1_38' title="bbox 245 2423 1817 2494; baseline 0.012 -19"><span class='ocrx_word' id='word_1_298' title='bbox 245 2423 473 2493; x_wconf 67' lang='lat' dir='ltr'><strong>virginis</strong></span> <span class='ocrx_word' id='word_1_299' title='bbox 513 2426 851 2482; x_wconf 81' lang='lat' dir='ltr'><strong>dicebantur.</strong></span> <span class='ocrx_word' id='word_1_300' title='bbox 896 2428 1033 2485; x_wconf 89' lang='lat' dir='ltr'><strong>Nam</strong></span> <span class='ocrx_word' id='word_1_301' title='bbox 1072 2429 1348 2487; x_wconf 84' lang='lat' dir='ltr'><strong>Abraham</strong></span> <span class='ocrx_word' id='word_1_302' title='bbox 1382 2443 1439 2488; x_wconf 88' lang='lat' dir='ltr'><strong>et</strong></span> <span class='ocrx_word' id='word_1_303' title='bbox 1487 2435 1588 2491; x_wconf 89' lang='lat' dir='ltr'><strong>Lot</strong></span> <span class='ocrx_word' id='word_1_304' title='bbox 1619 2436 1817 2494; x_wconf 86' lang='lat' dir='ltr'><strong>fratres</strong></span> 
     </span>
    </p>
   </div>
   <div class='ocr_carea' id='block_1_37' title="bbox 243 2515 1813 2593">
    <p class='ocr_par' dir='ltr' id='par_1_37' title="bbox 243 2515 1813 2593">
     <span class='ocr_line' id='line_1_39' title="bbox 243 2515 1813 2593; baseline 0.011 -27"><span class='ocrx_word' id='word_1_305' title='bbox 243 2525 369 2593; x_wconf 80' lang='lat' dir='ltr'><strong>sunt</strong></span> <span class='ocrx_word' id='word_1_306' title='bbox 396 2515 546 2579; x_wconf 89' lang='lat' dir='ltr'><strong>dicti,</strong></span> <span class='ocrx_word' id='word_1_307' title='bbox 578 2532 699 2572; x_wconf 89' lang='lat' dir='ltr'><strong>cum</strong></span> <span class='ocrx_word' id='word_1_308' title='bbox 723 2517 999 2576; x_wconf 79' lang='lat' dir='ltr'><strong>Abraham</strong></span> <span class='ocrx_word' id='word_1_309' title='bbox 1034 2528 1263 2593; x_wconf 88' lang='lat' dir='ltr'><strong>patruus</strong></span> <span class='ocrx_word' id='word_1_310' title='bbox 1293 2532 1438 2579; x_wconf 89' lang='lat' dir='ltr'><strong>esset</strong></span> <span class='ocrx_word' id='word_1_311' title='bbox 1465 2524 1595 2593; x_wconf 88' lang='lat' dir='ltr'><strong>Lot;</strong></span> <span class='ocrx_word' id='word_1_312' title='bbox 1624 2536 1679 2582; x_wconf 90' lang='lat' dir='ltr'><strong>et</strong></span> <span class='ocrx_word' id='word_1_313' title='bbox 1707 2527 1813 2583; x_wconf 91' lang='lat' dir='ltr'><strong>La-</strong></span> 
     </span>
    </p>
   </div>
   <div class='ocr_carea' id='block_1_38' title="bbox 244 2591 1813 2675">
    <p class='ocr_par' dir='ltr' id='par_1_38' title="bbox 244 2591 1813 2675">
     <span class='ocr_line' id='line_1_40' title="bbox 244 2591 1813 2675; baseline 0.01 -21"><span class='ocrx_word' id='word_1_314' title='bbox 244 2591 352 2656; x_wconf 73' lang='lat' dir='ltr'><strong>tiari</strong></span> <span class='ocrx_word' id='word_1_315' title='bbox 376 2611 431 2657; x_wconf 86' lang='lat' dir='ltr'><strong>et</strong></span> <span class='ocrx_word' id='word_1_316' title='bbox 476 2603 640 2659; x_wconf 86' lang='lat' dir='ltr'><strong>Jacoh</strong></span> <span class='ocrx_word' id='word_1_317' title='bbox 682 2603 882 2666; x_wconf 85' lang='lat' dir='ltr'><strong>fratres</strong></span> <span class='ocrx_word' id='word_1_318' title='bbox 925 2591 1054 2663; x_wconf 84' lang='lat' dir='ltr'><strong>sunt</strong></span> <span class='ocrx_word' id='word_1_319' title='bbox 1098 2609 1247 2675; x_wconf 85' lang='lat' dir='ltr'><strong>dicti,</strong></span> <span class='ocrx_word' id='word_1_320' title='bbox 1290 2626 1412 2665; x_wconf 90' lang='lat' dir='ltr'><strong>cum</strong></span> <span class='ocrx_word' id='word_1_321' title='bbox 1460 2591 1604 2667; x_wconf 85' lang='lat' dir='ltr'><strong>esset</strong></span> <span class='ocrx_word' id='word_1_322' title='bbox 1632 2613 1813 2670; x_wconf 88' lang='lat' dir='ltr'><strong>Laban</strong></span> 
     </span>
    </p>
   </div>
   <div class='ocr_carea' id='block_1_39' title="bbox 240 2694 1812 2775">
    <p class='ocr_par' dir='ltr' id='par_1_39' title="bbox 240 2694 1812 2775">
     <span class='ocr_line' id='line_1_41' title="bbox 240 2694 1812 2775; baseline 0.009 -29"><span class='ocrx_word' id='word_1_323' title='bbox 240 2694 535 2750; x_wconf 84' lang='lat' dir='ltr'><strong>avunculus</strong></span> <span class='ocrx_word' id='word_1_324' title='bbox 577 2694 916 2767; x_wconf 81' lang='lat' dir='ltr'><strong>Jacob(Cen.</strong></span> <span class='ocrx_word' id='word_1_325' title='bbox 969 2714 1078 2763; x_wconf 79' lang='lat' dir='ltr'><strong>xw,</strong></span> <span class='ocrx_word' id='word_1_326' title='bbox 1123 2699 1206 2765; x_wconf 69' lang='grc'><strong>14,</strong></span> <span class='ocrx_word' id='word_1_327' title='bbox 1243 2711 1290 2754; x_wconf 91' lang='lat' dir='ltr'><strong>et</strong></span> <span class='ocrx_word' id='word_1_328' title='bbox 1332 2717 1481 2766; x_wconf 64' lang='grc' dir='ltr'>χχιι,</span> <span class='ocrx_word' id='word_1_329' title='bbox 1527 2702 1637 2775; x_wconf 80' lang='grc'><strong>15).</strong></span> <span class='ocrx_word' id='word_1_330' title='bbox 1679 2704 1812 2760; x_wconf 91' lang='lat' dir='ltr'><strong>Cum</strong></span> 
     </span>
    </p>
   </div>
   <div class='ocr_carea' id='block_1_40' title="bbox 238 2785 1814 2864">
    <p class='ocr_par' dir='ltr' id='par_1_40' title="bbox 238 2785 1814 2864">
     <span class='ocr_line' id='line_1_42' title="bbox 238 2785 1814 2864; baseline 0.008 -25"><span class='ocrx_word' id='word_1_331' title='bbox 238 2800 371 2854; x_wconf 81' lang='lat' dir='ltr'><strong>ergo</strong></span> <span class='ocrx_word' id='word_1_332' title='bbox 403 2785 680 2840; x_wconf 89' lang='lat' dir='ltr'><strong>audieritis</strong></span> <span class='ocrx_word' id='word_1_333' title='bbox 707 2785 902 2843; x_wconf 89' lang='lat' dir='ltr'><strong>fratres</strong></span> <span class='ocrx_word' id='word_1_334' title='bbox 926 2789 1159 2855; x_wconf 89' lang='lat' dir='ltr'><strong>Domini,</strong></span> <span class='ocrx_word' id='word_1_335' title='bbox 1203 2789 1384 2847; x_wconf 68' lang='lat' dir='ltr'><strong>Mariae</strong></span> <span class='ocrx_word' id='word_1_336' title='bbox 1411 2794 1646 2864; x_wconf 82' lang='lat' dir='ltr'><strong>cogitate</strong></span> <span class='ocrx_word' id='word_1_337' title='bbox 1684 2810 1814 2851; x_wconf 90' lang='lat' dir='ltr'><strong>con-</strong></span> 
     </span>
    </p>
   </div>
   <div class='ocr_carea' id='block_1_41' title="bbox 239 2868 1814 2959">
    <p class='ocr_par' dir='ltr' id='par_1_41' title="bbox 239 2868 1814 2959">
     <span class='ocr_line' id='line_1_43' title="bbox 239 2868 1814 2959; baseline 0.008 -31"><span class='ocrx_word' id='word_1_338' title='bbox 239 2868 678 2947; x_wconf 80' lang='lat' dir='ltr'><strong>sanguinitatem,</strong></span> <span class='ocrx_word' id='word_1_339' title='bbox 712 2893 820 2932; x_wconf 91' lang='lat' dir='ltr'><strong>non</strong></span> <span class='ocrx_word' id='word_1_340' title='bbox 857 2878 1052 2937; x_wconf 89' lang='lat' dir='ltr'><strong>iterum</strong></span> <span class='ocrx_word' id='word_1_341' title='bbox 1084 2882 1345 2951; x_wconf 88' lang='lat' dir='ltr'><strong>parientis</strong></span> <span class='ocrx_word' id='word_1_342' title='bbox 1375 2883 1537 2939; x_wconf 83' lang='lat' dir='ltr'><strong>ullam</strong></span> <span class='ocrx_word' id='word_1_343' title='bbox 1566 2888 1814 2959; x_wconf 82' lang='lat' dir='ltr'><strong>propagi-</strong></span> 
     </span>
    </p>
   </div>
   <div class='ocr_carea' id='block_1_42' title="bbox 239 2966 1809 3047">
    <p class='ocr_par' dir='ltr' id='par_1_42' title="bbox 239 2966 1809 3047">
     <span class='ocr_line' id='line_1_44' title="bbox 239 2966 1809 3047; baseline 0.007 -26"><span class='ocrx_word' id='word_1_344' title='bbox 239 2980 383 3021; x_wconf 86' lang='lat' dir='ltr'><strong>nem.</strong></span> <span class='ocrx_word' id='word_1_345' title='bbox 432 2983 450 3016; x_wconf 71' lang='grc' dir='ltr'><strong>ε</strong></span> <span class='ocrx_word' id='word_1_346' title='bbox 486 2966 724 3022; x_wconf 76' lang='lat' dir='ltr'><strong>Diximus</strong></span> <span class='ocrx_word' id='word_1_347' title='bbox 750 2966 949 3025; x_wconf 84' lang='lat' dir='ltr'><strong>fratres</strong></span> <span class='ocrx_word' id='word_1_348' title='bbox 986 2970 1078 3039; x_wconf 90' lang='lat' dir='ltr'><strong>qui</strong></span> <span class='ocrx_word' id='word_1_349' title='bbox 1108 2969 1334 3039; x_wconf 90' lang='lat' dir='ltr'><strong>fuerint;</strong></span> <span class='ocrx_word' id='word_1_350' title='bbox 1375 2974 1656 3031; x_wconf 90' lang='lat' dir='ltr'><strong>audiamus</strong></span> <span class='ocrx_word' id='word_1_351' title='bbox 1681 2977 1809 3047; x_wconf 85' lang='lat' dir='ltr'><strong>quid</strong></span> 
     </span>
    </p>
   </div>
   <div class='ocr_carea' id='block_1_43' title="bbox 237 3057 1811 3130">
    <p class='ocr_par' dir='ltr' id='par_1_43' title="bbox 237 3057 1811 3130">
     <span class='ocr_line' id='line_1_45' title="bbox 237 3057 1811 3130; baseline 0.006 -17"><span class='ocrx_word' id='word_1_352' title='bbox 237 3057 490 3113; x_wconf 78' lang='lat' dir='ltr'><strong>dixerint.</strong></span> <span class='ocrx_word' id='word_1_353' title='bbox 524 3057 711 3113; x_wconf 86' lang='lat' dir='ltr'><strong>Transi</strong></span> <span class='ocrx_word' id='word_1_354' title='bbox 730 3059 870 3125; x_wconf 81' lang='lat' dir='ltr'><strong>hinc,</strong></span> <span class='ocrx_word' id='word_1_355' title='bbox 896 3070 944 3115; x_wconf 88' lang='lat' dir='ltr'><strong>et</strong></span> <span class='ocrx_word' id='word_1_356' title='bbox 973 3062 1101 3116; x_wconf 77' lang='lat' dir='ltr'><strong>vade</strong></span> <span class='ocrx_word' id='word_1_357' title='bbox 1125 3064 1180 3117; x_wconf 87' lang='lat' dir='ltr'><strong>in</strong></span> <span class='ocrx_word' id='word_1_358' title='bbox 1206 3062 1472 3130; x_wconf 65' lang='lat' dir='ltr'><strong>Iudaeam,</strong></span> <span class='ocrx_word' id='word_1_359' title='bbox 1502 3076 1559 3120; x_wconf 87' lang='lat' dir='ltr'><strong>ut</strong></span> <span class='ocrx_word' id='word_1_360' title='bbox 1587 3076 1635 3120; x_wconf 91' lang='lat' dir='ltr'><strong>et</strong></span> <span class='ocrx_word' id='word_1_361' title='bbox 1654 3067 1811 3122; x_wconf 86' lang='lat' dir='ltr'><strong>disci-</strong></span> 
     </span>
    </p>
   </div>
   <div class='ocr_carea' id='block_1_44' title="bbox 235 3136 1878 3227">
    <p class='ocr_par' dir='ltr' id='par_1_44' title="bbox 235 3136 1878 3227">
     <span class='ocr_line' id='line_1_46' title="bbox 235 3136 1878 3227; baseline 0.009 -27"><span class='ocrx_word' id='word_1_362' title='bbox 235 3148 350 3218; x_wconf 83' lang='lat' dir='ltr'><strong>puli</strong></span> <span class='ocrx_word' id='word_1_363' title='bbox 373 3141 450 3202; x_wconf 75' lang='lat' dir='ltr'><strong>tui</strong></span> <span class='ocrx_word' id='word_1_364' title='bbox 498 3136 702 3204; x_wconf 69' lang='lat' dir='ltr'><strong>uideant</strong></span> <span class='ocrx_word' id='word_1_365' title='bbox 731 3168 887 3222; x_wconf 82' lang='lat' dir='ltr'><strong>opera</strong></span> <span class='ocrx_word' id='word_1_366' title='bbox 931 3163 1023 3209; x_wconf 90' lang='lat' dir='ltr'><strong>tua</strong></span> <span class='ocrx_word' id='word_1_367' title='bbox 1058 3171 1176 3227; x_wconf 70' lang='lat' dir='ltr'><strong>quae</strong></span> <span class='ocrx_word' id='word_1_368' title='bbox 1204 3155 1357 3225; x_wconf 80' lang='lat' dir='ltr'><strong>facis.</strong></span> <span class='ocrx_word' id='word_1_369' title='bbox 1392 3155 1565 3227; x_wconf 83' lang='lat' dir='ltr'><strong>Opera</strong></span> <span class='ocrx_word' id='word_1_370' title='bbox 1595 3156 1805 3214; x_wconf 89' lang='lat' dir='ltr'><strong>Domini</strong></span> <span class='ocrx_word' id='word_1_371' title='bbox 1833 3161 1878 3223; x_wconf 89' lang='lat' dir='ltr'><strong>C</strong></span> 
     </span>
    </p>
   </div>
   <div class='ocr_carea' id='block_1_45' title="bbox 234 3236 1802 3318">
    <p class='ocr_par' dir='ltr' id='par_1_45' title="bbox 234 3236 1802 3318">
     <span class='ocr_line' id='line_1_47' title="bbox 234 3236 1802 3318; baseline 0.008 -26"><span class='ocrx_word' id='word_1_372' title='bbox 234 3236 527 3309; x_wconf 82' lang='lat' dir='ltr'><strong>discipulos</strong></span> <span class='ocrx_word' id='word_1_373' title='bbox 554 3255 658 3295; x_wconf 91' lang='lat' dir='ltr'><strong>non</strong></span> <span class='ocrx_word' id='word_1_374' title='bbox 687 3240 955 3308; x_wconf 88' lang='lat' dir='ltr'><strong>latebant,</strong></span> <span class='ocrx_word' id='word_1_375' title='bbox 986 3244 1081 3299; x_wconf 90' lang='lat' dir='ltr'><strong>sed</strong></span> <span class='ocrx_word' id='word_1_376' title='bbox 1109 3244 1242 3301; x_wconf 89' lang='lat' dir='ltr'><strong>istos</strong></span> <span class='ocrx_word' id='word_1_377' title='bbox 1267 3245 1523 3302; x_wconf 87' lang='lat' dir='ltr'><strong>latebant.</strong></span> <span class='ocrx_word' id='word_1_378' title='bbox 1545 3247 1636 3303; x_wconf 88' lang='lat' dir='ltr'><strong>Isti</strong></span> <span class='ocrx_word' id='word_1_379' title='bbox 1658 3249 1802 3318; x_wconf 84' lang='lat' dir='ltr'><strong>enim</strong></span> 
     </span>
    </p>
   </div>
   <div class='ocr_carea' id='block_1_46' title="bbox 232 3325 1803 3408">
    <p class='ocr_par' dir='ltr' id='par_1_46' title="bbox 232 3325 1803 3408">
     <span class='ocr_line' id='line_1_48' title="bbox 232 3325 1803 3408; baseline 0.006 -24"><span class='ocrx_word' id='word_1_380' title='bbox 232 3325 453 3396; x_wconf 87' lang='lat' dir='ltr'><strong>fratres,</strong></span> <span class='ocrx_word' id='word_1_381' title='bbox 481 3330 533 3385; x_wconf 91' lang='lat' dir='ltr'><strong>id</strong></span> <span class='ocrx_word' id='word_1_382' title='bbox 562 3339 644 3386; x_wconf 88' lang='lat' dir='ltr'><strong>est</strong></span> <span class='ocrx_word' id='word_1_383' title='bbox 671 3333 1052 3403; x_wconf 82' lang='lat' dir='ltr'><strong>consanguinei</strong></span> <span class='ocrx_word' id='word_1_384' title='bbox 1082 3333 1303 3400; x_wconf 89' lang='lat' dir='ltr'><strong>Christi,</strong></span> <span class='ocrx_word' id='word_1_385' title='bbox 1346 3337 1803 3408; x_wconf 88' lang='lat' dir='ltr'><strong>consanguineum</strong></span> 
     </span>
    </p>
   </div>
   <div class='ocr_carea' id='block_1_47' title="bbox 233 3417 1802 3494">
    <p class='ocr_par' dir='ltr' id='par_1_47' title="bbox 233 3417 1802 3494">
     <span class='ocr_line' id='line_1_49' title="bbox 233 3417 1802 3494; baseline 0.007 -21"><span class='ocrx_word' id='word_1_386' title='bbox 233 3417 508 3479; x_wconf 76' lang='lat' dir='ltr'><strong>Christum</strong></span> <span class='ocrx_word' id='word_1_387' title='bbox 554 3421 755 3477; x_wconf 87' lang='lat' dir='ltr'><strong>habere</strong></span> <span class='ocrx_word' id='word_1_388' title='bbox 783 3431 1095 3494; x_wconf 89' lang='lat' dir='ltr'><strong>potuerunt,</strong></span> <span class='ocrx_word' id='word_1_389' title='bbox 1131 3425 1355 3481; x_wconf 87' lang='lat' dir='ltr'><strong>credere</strong></span> <span class='ocrx_word' id='word_1_390' title='bbox 1382 3438 1563 3483; x_wconf 89' lang='lat' dir='ltr'><strong>autem</strong></span> <span class='ocrx_word' id='word_1_391' title='bbox 1589 3428 1644 3482; x_wconf 93' lang='lat' dir='ltr'><strong>in</strong></span> <span class='ocrx_word' id='word_1_392' title='bbox 1678 3443 1802 3483; x_wconf 87' lang='lat' dir='ltr'><strong>eum</strong></span> 
     </span>
    </p>
   </div>
   <div class='ocr_carea' id='block_1_48' title="bbox 235 3508 1803 3584">
    <p class='ocr_par' dir='ltr' id='par_1_48' title="bbox 235 3508 1803 3584">
     <span class='ocr_line' id='line_1_50' title="bbox 235 3508 1803 3584; baseline 0.008 -22"><span class='ocrx_word' id='word_1_393' title='bbox 235 3508 351 3581; x_wconf 90' lang='lat' dir='ltr'><strong>ipsa</strong></span> <span class='ocrx_word' id='word_1_394' title='bbox 390 3512 781 3584; x_wconf 87' lang='lat' dir='ltr'><strong>pr0pinquitate</strong></span> <span class='ocrx_word' id='word_1_395' title='bbox 809 3511 1167 3569; x_wconf 86' lang='lat' dir='ltr'><strong>fastidierunt.</strong></span> <span class='ocrx_word' id='word_1_396' title='bbox 1198 3514 1322 3571; x_wconf 89' lang='lat' dir='ltr'><strong>Ideo</strong></span> <span class='ocrx_word' id='word_1_397' title='bbox 1362 3517 1615 3573; x_wconf 90' lang='lat' dir='ltr'><strong>continuo</strong></span> <span class='ocrx_word' id='word_1_398' title='bbox 1638 3533 1803 3574; x_wconf 86' lang='lat' dir='ltr'><strong>evan-</strong></span> 
     </span>
    </p>
   </div>
   <div class='ocr_carea' id='block_1_49' title="bbox 232 3596 1801 3680">
    <p class='ocr_par' dir='ltr' id='par_1_49' title="bbox 232 3596 1801 3680">
     <span class='ocr_line' id='line_1_51' title="bbox 232 3596 1801 3680; baseline 0.009 -28"><span class='ocrx_word' id='word_1_399' title='bbox 232 3596 421 3674; x_wconf 82' lang='lat' dir='ltr'><strong>gelista</strong></span> <span class='ocrx_word' id='word_1_400' title='bbox 464 3611 680 3658; x_wconf 89' lang='lat' dir='ltr'><strong>secutus</strong></span> <span class='ocrx_word' id='word_1_401' title='bbox 707 3612 826 3659; x_wconf 91' lang='lat' dir='ltr'><strong>est:</strong></span> <span class='ocrx_word' id='word_1_402' title='bbox 859 3603 1043 3676; x_wconf 71' lang='lat' dir='ltr'><strong>(Vens.</strong></span> <span class='ocrx_word' id='word_1_403' title='bbox 1070 3604 1150 3678; x_wconf 69' lang='lat'><strong>4.)</strong></span> <span class='ocrx_word' id='word_1_404' title='bbox 1198 3604 1380 3679; x_wconf 85' lang='lat' dir='ltr'><strong>Neque</strong></span> <span class='ocrx_word' id='word_1_405' title='bbox 1425 3610 1563 3663; x_wconf 87' lang='lat' dir='ltr'><strong>enim</strong></span> <span class='ocrx_word' id='word_1_406' title='bbox 1610 3609 1801 3680; x_wconf 81' lang='lat' dir='ltr'><strong>fratres</strong></span> 
     </span>
    </p>
   </div>
   <div class='ocr_carea' id='block_1_50' title="bbox 231 3691 1801 3764">
    <p class='ocr_par' dir='ltr' id='par_1_50' title="bbox 231 3691 1801 3764">
     <span class='ocr_line' id='line_1_52' title="bbox 231 3691 1801 3764; baseline 0.008 -20"><span class='ocrx_word' id='word_1_407' title='bbox 231 3691 348 3763; x_wconf 76' lang='lat' dir='ltr'><strong>ejus</strong></span> <span class='ocrx_word' id='word_1_408' title='bbox 374 3693 643 3749; x_wconf 81' lang='lat' dir='ltr'><strong>credebant</strong></span> <span class='ocrx_word' id='word_1_409' title='bbox 672 3696 727 3749; x_wconf 89' lang='lat' dir='ltr'><strong>in</strong></span> <span class='ocrx_word' id='word_1_410' title='bbox 746 3712 884 3750; x_wconf 89' lang='lat' dir='ltr'><strong>eum.</strong></span> <span class='ocrx_word' id='word_1_411' title='bbox 915 3695 1091 3764; x_wconf 87' lang='lat' dir='ltr'><strong>Quare</strong></span> <span class='ocrx_word' id='word_1_412' title='bbox 1116 3698 1171 3752; x_wconf 92' lang='lat' dir='ltr'><strong>in</strong></span> <span class='ocrx_word' id='word_1_413' title='bbox 1199 3714 1320 3754; x_wconf 89' lang='lat' dir='ltr'><strong>eum</strong></span> <span class='ocrx_word' id='word_1_414' title='bbox 1346 3715 1453 3755; x_wconf 91' lang='lat' dir='ltr'><strong>non</strong></span> <span class='ocrx_word' id='word_1_415' title='bbox 1480 3702 1801 3757; x_wconf 85' lang='lat' dir='ltr'><strong>credebant?</strong></span> 
     </span>
    </p>
   </div>
   <div class='ocr_carea' id='block_1_51' title="bbox 230 3784 1798 3858">
    <p class='ocr_par' dir='ltr' id='par_1_51' title="bbox 230 3784 1798 3858">
     <span class='ocr_line' id='line_1_53' title="bbox 230 3784 1798 3858; baseline 0.008 -24"><span class='ocrx_word' id='word_1_416' title='bbox 230 3784 370 3849; x_wconf 85' lang='lat' dir='ltr'><strong>Quia</strong></span> <span class='ocrx_word' id='word_1_417' title='bbox 416 3785 701 3841; x_wconf 85' lang='lat' dir='ltr'><strong>humanam</strong></span> <span class='ocrx_word' id='word_1_418' title='bbox 731 3787 954 3858; x_wconf 83' lang='lat' dir='ltr'><strong>gloriam</strong></span> <span class='ocrx_word' id='word_1_419' title='bbox 983 3789 1349 3858; x_wconf 88' lang='lat' dir='ltr'><strong>requirebant,</strong></span> <span class='ocrx_word' id='word_1_420' title='bbox 1398 3810 1416 3843; x_wconf 74' lang='grc' dir='ltr'><strong><em>ι</em></strong></span> <span class='ocrx_word' id='word_1_421' title='bbox 1452 3790 1691 3847; x_wconf 88' lang='lat' dir='ltr'><strong>dicentes</strong></span> <span class='ocrx_word' id='word_1_422' title='bbox 1729 3791 1798 3846; x_wconf 88' lang='lat' dir='ltr'><strong>ad</strong></span> 
     </span>
    </p>
   </div>
   <div class='ocr_carea' id='block_1_52' title="bbox 232 3872 1797 3951">
    <p class='ocr_par' dir='ltr' id='par_1_52' title="bbox 232 3872 1797 3951">
     <span class='ocr_line' id='line_1_54' title="bbox 232 3872 1797 3951; baseline 0.005 -25"><span class='ocrx_word' id='word_1_423' title='bbox 232 3888 358 3926; x_wconf 89' lang='lat' dir='ltr'><strong>eum</strong></span> <span class='ocrx_word' id='word_1_424' title='bbox 383 3889 396 3928; x_wconf 92' lang='lat'>:</span> <span class='ocrx_word' id='word_1_425' title='bbox 423 3872 611 3929; x_wconf 84' lang='lat' dir='ltr'><strong>Transi</strong></span> <span class='ocrx_word' id='word_1_426' title='bbox 639 3876 776 3941; x_wconf 86' lang='lat' dir='ltr'><strong>hinc,</strong></span> <span class='ocrx_word' id='word_1_427' title='bbox 799 3887 847 3931; x_wconf 90' lang='lat' dir='ltr'><strong>et</strong></span> <span class='ocrx_word' id='word_1_428' title='bbox 876 3878 1003 3932; x_wconf 85' lang='lat' dir='ltr'><strong>vade</strong></span> <span class='ocrx_word' id='word_1_429' title='bbox 1024 3879 1079 3932; x_wconf 90' lang='lat' dir='ltr'><strong>in</strong></span> <span class='ocrx_word' id='word_1_430' title='bbox 1099 3879 1367 3945; x_wconf 77' lang='lat' dir='ltr'><strong>Judwam,</strong></span> <span class='ocrx_word' id='word_1_431' title='bbox 1399 3890 1456 3934; x_wconf 89' lang='lat' dir='ltr'><strong>ut</strong></span> <span class='ocrx_word' id='word_1_432' title='bbox 1478 3891 1526 3934; x_wconf 89' lang='lat' dir='ltr'><strong>et</strong></span> <span class='ocrx_word' id='word_1_433' title='bbox 1552 3881 1797 3951; x_wconf 86' lang='lat' dir='ltr'><strong>discipuli</strong></span> 
     </span>
    </p>
   </div>
   <div class='ocr_carea' id='block_1_53' title="bbox 227 3963 1795 4043">
    <p class='ocr_par' dir='ltr' id='par_1_53' title="bbox 227 3963 1795 4043">
     <span class='ocr_line' id='line_1_55' title="bbox 227 3963 1795 4043; baseline 0.007 -28"><span class='ocrx_word' id='word_1_434' title='bbox 227 3964 308 4015; x_wconf 79' lang='lat' dir='ltr'><strong>:ui</strong></span> <span class='ocrx_word' id='word_1_435' title='bbox 352 3963 556 4018; x_wconf 79' lang='lat' dir='ltr'><strong>videant</strong></span> <span class='ocrx_word' id='word_1_436' title='bbox 601 3982 756 4036; x_wconf 87' lang='lat' dir='ltr'><strong>opera</strong></span> <span class='ocrx_word' id='word_1_437' title='bbox 786 3976 906 4033; x_wconf 88' lang='lat' dir='ltr'><strong>tua,</strong></span> <span class='ocrx_word' id='word_1_438' title='bbox 957 3986 1072 4040; x_wconf 71' lang='lat' dir='ltr'><strong>qua:</strong></span> <span class='ocrx_word' id='word_1_439' title='bbox 1108 3970 1262 4041; x_wconf 73' lang='lat' dir='ltr'><strong>facis.</strong></span> <span class='ocrx_word' id='word_1_440' title='bbox 1305 3968 1490 4041; x_wconf 70' lang='lat' dir='ltr'><strong>(Vens.</strong></span> <span class='ocrx_word' id='word_1_441' title='bbox 1518 3969 1596 4043; x_wconf 84' lang='lat'><strong>5.)</strong></span> <span class='ocrx_word' id='word_1_442' title='bbox 1627 3969 1795 4026; x_wconf 87' lang='lat' dir='ltr'><strong>Nemo</strong></span> 
     </span>
    </p>
   </div>
   <div class='ocr_carea' id='block_1_54' title="bbox 222 4053 1793 4134">
    <p class='ocr_par' dir='ltr' id='par_1_54' title="bbox 222 4053 1793 4134">
     <span class='ocr_line' id='line_1_56' title="bbox 222 4053 1793 4134; baseline 0.008 -29"><span class='ocrx_word' id='word_1_443' title='bbox 222 4053 414 4124; x_wconf 84' lang='lat' dir='ltr'><strong>quippe</strong></span> <span class='ocrx_word' id='word_1_444' title='bbox 439 4055 495 4107; x_wconf 89' lang='lat' dir='ltr'><strong>in</strong></span> <span class='ocrx_word' id='word_1_445' title='bbox 526 4054 726 4108; x_wconf 88' lang='lat' dir='ltr'><strong>occulto</strong></span> <span class='ocrx_word' id='word_1_446' title='bbox 747 4056 945 4128; x_wconf 82' lang='lat' dir='ltr'><strong>aliquid</strong></span> <span class='ocrx_word' id='word_1_447' title='bbox 962 4059 1112 4131; x_wconf 81' lang='lat' dir='ltr'><strong>facit,</strong></span> <span class='ocrx_word' id='word_1_448' title='bbox 1135 4069 1182 4114; x_wconf 89' lang='lat' dir='ltr'><strong>et</strong></span> <span class='ocrx_word' id='word_1_449' title='bbox 1203 4063 1387 4132; x_wconf 67' lang='lat' dir='ltr'><strong>quierit</strong></span> <span class='ocrx_word' id='word_1_450' title='bbox 1409 4063 1516 4132; x_wconf 84' lang='lat' dir='ltr'><strong>ipse</strong></span> <span class='ocrx_word' id='word_1_451' title='bbox 1542 4064 1597 4117; x_wconf 86' lang='lat' dir='ltr'><strong>ia</strong></span> <span class='ocrx_word' id='word_1_452' title='bbox 1619 4062 1793 4134; x_wconf 87' lang='lat' dir='ltr'><strong>palam</strong></span> 
     </span>
    </p>
   </div>
   <div class='ocr_carea' id='block_1_55' title="bbox 221 4142 1791 4222">
    <p class='ocr_par' dir='ltr' id='par_1_55' title="bbox 221 4142 1791 4222">
     <span class='ocr_line' id='line_1_57' title="bbox 221 4142 1791 4222; baseline 0.009 -27"><span class='ocrx_word' id='word_1_453' title='bbox 221 4158 358 4196; x_wconf 83' lang='lat' dir='ltr'><strong>esse.</strong></span> <span class='ocrx_word' id='word_1_454' title='bbox 390 4142 449 4198; x_wconf 90' lang='lat' dir='ltr'><strong>Si</strong></span> <span class='ocrx_word' id='word_1_455' title='bbox 493 4144 604 4198; x_wconf 71' lang='lat' dir='ltr'><strong>brec</strong></span> <span class='ocrx_word' id='word_1_456' title='bbox 631 4146 784 4215; x_wconf 81' lang='lat' dir='ltr'><strong>facis,</strong></span> <span class='ocrx_word' id='word_1_457' title='bbox 820 4150 1099 4220; x_wconf 77' lang='lat' dir='ltr'><strong>manifesta</strong></span> <span class='ocrx_word' id='word_1_458' title='bbox 1139 4153 1357 4222; x_wconf 86' lang='lat' dir='ltr'><strong>teipsum</strong></span> <span class='ocrx_word' id='word_1_459' title='bbox 1387 4153 1600 4208; x_wconf 85' lang='lat' dir='ltr'><strong>mundo.</strong></span> <span class='ocrx_word' id='word_1_460' title='bbox 1656 4154 1791 4209; x_wconf 88' lang='lat' dir='ltr'><strong>Nam</strong></span> 
     </span>
    </p>
   </div>
   <div class='ocr_carea' id='block_1_56' title="bbox 219 4230 1793 4313">
    <p class='ocr_par' dir='ltr' id='par_1_56' title="bbox 219 4230 1793 4313">
     <span class='ocr_line' id='line_1_58' title="bbox 219 4230 1793 4313; baseline 0.007 -26"><span class='ocrx_word' id='word_1_461' title='bbox 219 4230 314 4287; x_wconf 84' lang='lat' dir='ltr'><strong>his</strong></span> <span class='ocrx_word' id='word_1_462' title='bbox 340 4230 519 4285; x_wconf 86' lang='lat' dir='ltr'><strong>verbis</strong></span> <span class='ocrx_word' id='word_1_463' title='bbox 547 4235 845 4289; x_wconf 87' lang='lat' dir='ltr'><strong>ostenditur</strong></span> <span class='ocrx_word' id='word_1_464' title='bbox 872 4236 1097 4307; x_wconf 82' lang='lat' dir='ltr'><strong>gloriam</strong></span> <span class='ocrx_word' id='word_1_465' title='bbox 1124 4239 1266 4294; x_wconf 90' lang='lat' dir='ltr'><strong>illius</strong></span> <span class='ocrx_word' id='word_1_466' title='bbox 1316 4241 1605 4296; x_wconf 88' lang='lat' dir='ltr'><strong>carnaliter</strong></span> <span class='ocrx_word' id='word_1_467' title='bbox 1648 4259 1793 4313; x_wconf 76' lang='lat' dir='ltr'><strong>quce-</strong></span> 
     </span>
    </p>
   </div>
   <div class='ocr_carea' id='block_1_57' title="bbox 219 4324 1789 4399">
    <p class='ocr_par' dir='ltr' id='par_1_57' title="bbox 219 4324 1789 4399">
     <span class='ocr_line' id='line_1_59' title="bbox 219 4324 1789 4399; baseline 0.008 -21"><span class='ocrx_word' id='word_1_468' title='bbox 219 4336 351 4378; x_wconf 83' lang='lat' dir='ltr'><strong>rere</strong></span> <span class='ocrx_word' id='word_1_469' title='bbox 380 4331 503 4388; x_wconf 83' lang='lat' dir='ltr'><strong>eos;</strong></span> <span class='ocrx_word' id='word_1_470' title='bbox 535 4324 684 4392; x_wconf 87' lang='lat' dir='ltr'><strong>quasi</strong></span> <span class='ocrx_word' id='word_1_471' title='bbox 710 4326 972 4383; x_wconf 79' lang='lat' dir='ltr'><strong>dixissent</strong></span> <span class='ocrx_word' id='word_1_472' title='bbox 998 4344 1012 4382; x_wconf 88' lang='lat'><strong>:</strong></span> <span class='ocrx_word' id='word_1_473' title='bbox 1048 4330 1204 4386; x_wconf 89' lang='lat' dir='ltr'><strong>Facis</strong></span> <span class='ocrx_word' id='word_1_474' title='bbox 1231 4332 1513 4399; x_wconf 86' lang='lat' dir='ltr'><strong>mirabilia,</strong></span> <span class='ocrx_word' id='word_1_475' title='bbox 1541 4335 1635 4389; x_wconf 89' lang='lat' dir='ltr'><strong>sed</strong></span> <span class='ocrx_word' id='word_1_476' title='bbox 1666 4336 1789 4389; x_wconf 86' lang='lat' dir='ltr'><strong>abs-</strong></span> 
     </span>
    </p>
   </div>
   <div class='ocr_carea' id='block_1_58' title="bbox 1920 1909 3490 2006">
    <p class='ocr_par' dir='ltr' id='par_1_58' title="bbox 1920 1909 3490 2006">
     <span class='ocr_line' id='line_1_60' title="bbox 1920 1909 3490 2006; baseline 0.023 -45"><span class='ocrx_word' id='word_1_477' title='bbox 1920 1909 2030 1978; x_wconf 86' lang='lat' dir='ltr'><strong>ipse</strong></span> <span class='ocrx_word' id='word_1_478' title='bbox 2073 1915 2303 1969; x_wconf 86' lang='lat' dir='ltr'><strong>ascendit</strong></span> <span class='ocrx_word' id='word_1_479' title='bbox 2352 1918 2421 1971; x_wconf 86' lang='lat' dir='ltr'><strong>ad</strong></span> <span class='ocrx_word' id='word_1_480' title='bbox 2472 1920 2609 1974; x_wconf 87' lang='lat' dir='ltr'><strong>diem</strong></span> <span class='ocrx_word' id='word_1_481' title='bbox 2656 1923 2863 1992; x_wconf 79' lang='lat' dir='ltr'><strong>festum,</strong></span> <span class='ocrx_word' id='word_1_482' title='bbox 2922 1946 3024 1985; x_wconf 84' lang='lat' dir='ltr'><strong>non</strong></span> <span class='ocrx_word' id='word_1_483' title='bbox 3053 1909 3362 2006; x_wconf 77' lang='lat' dir='ltr'><strong>manifeste,</strong></span> <span class='ocrx_word' id='word_1_484' title='bbox 3399 1909 3490 1996; x_wconf 83' lang='lat' dir='ltr'><strong>sed</strong></span> 
     </span>
    </p>
   </div>
   <div class='ocr_carea' id='block_1_59' title="bbox 1918 2000 3488 2097">
    <p class='ocr_par' dir='ltr' id='par_1_59' title="bbox 1918 2000 3488 2097">
     <span class='ocr_line' id='line_1_61' title="bbox 1918 2000 3488 2097; baseline 0.024 -47"><span class='ocrx_word' id='word_1_485' title='bbox 1918 2000 2071 2068; x_wconf 79' lang='lat' dir='ltr'><strong>quasi</strong></span> <span class='ocrx_word' id='word_1_486' title='bbox 2113 2002 2167 2056; x_wconf 86' lang='lat' dir='ltr'><strong>in</strong></span> <span class='ocrx_word' id='word_1_487' title='bbox 2195 2005 2416 2060; x_wconf 89' lang='lat' dir='ltr'><strong>occulto.</strong></span> <span class='ocrx_word' id='word_1_488' title='bbox 2453 2027 2471 2059; x_wconf 77' lang='grc' dir='ltr'>ι</span> <span class='ocrx_word' id='word_1_489' title='bbox 2502 2009 2626 2065; x_wconf 85' lang='lat' dir='ltr'><strong>Ideo</strong></span> <span class='ocrx_word' id='word_1_490' title='bbox 2652 2030 2758 2068; x_wconf 91' lang='lat' dir='ltr'><strong>non</strong></span> <span class='ocrx_word' id='word_1_491' title='bbox 2787 2017 2856 2071; x_wconf 84' lang='lat' dir='ltr'><strong>ad</strong></span> <span class='ocrx_word' id='word_1_492' title='bbox 2885 2019 3027 2075; x_wconf 89' lang='lat' dir='ltr'><strong>diem</strong></span> <span class='ocrx_word' id='word_1_493' title='bbox 3068 2000 3265 2081; x_wconf 73' lang='lat' dir='ltr'><strong>festum</strong></span> <span class='ocrx_word' id='word_1_494' title='bbox 3313 2000 3488 2097; x_wconf 83' lang='lat' dir='ltr'><strong>hunc,</strong></span> 
     </span>
    </p>
   </div>
   <div class='ocr_carea' id='block_1_60' title="bbox 1919 2093 3487 2192">
    <p class='ocr_par' dir='ltr' id='par_1_60' title="bbox 1919 2093 3487 2192">
     <span class='ocr_line' id='line_1_62' title="bbox 1919 2093 3487 2192; baseline 0.022 -48"><span class='ocrx_word' id='word_1_495' title='bbox 1919 2093 2045 2160; x_wconf 89' lang='lat' dir='ltr'><strong>quia</strong></span> <span class='ocrx_word' id='word_1_496' title='bbox 2071 2109 2175 2148; x_wconf 91' lang='lat' dir='ltr'><strong>non</strong></span> <span class='ocrx_word' id='word_1_497' title='bbox 2200 2096 2424 2167; x_wconf 82' lang='lat' dir='ltr'><strong>gloriam</strong></span> <span class='ocrx_word' id='word_1_498' title='bbox 2454 2099 2604 2171; x_wconf 62' lang='grc' dir='ltr'><strong>υἷι,</strong></span> <span class='ocrx_word' id='word_1_499' title='bbox 2635 2104 2877 2180; x_wconf 84' lang='lat' dir='ltr'><strong>gloriari]</strong></span> <span class='ocrx_word' id='word_1_500' title='bbox 2910 2116 3280 2182; x_wconf 88' lang='lat' dir='ltr'><strong>temporaliter</strong></span> <span class='ocrx_word' id='word_1_501' title='bbox 3306 2093 3487 2192; x_wconf 46' lang='lat' dir='ltr'><strong>cupie;</strong></span> 
     </span>
    </p>
   </div>
   <div class='ocr_carea' id='block_1_61' title="bbox 1918 2181 3492 2275">
    <p class='ocr_par' dir='ltr' id='par_1_61' title="bbox 1918 2181 3492 2275">
     <span class='ocr_line' id='line_1_63' title="bbox 1918 2181 3492 2275; baseline 0.022 -42"><span class='ocrx_word' id='word_1_502' title='bbox 1918 2181 2030 2247; x_wconf 89' lang='lat' dir='ltr'><strong>bat,</strong></span> <span class='ocrx_word' id='word_1_503' title='bbox 2062 2185 2156 2238; x_wconf 88' lang='lat' dir='ltr'><strong>sed</strong></span> <span class='ocrx_word' id='word_1_504' title='bbox 2196 2186 2398 2255; x_wconf 86' lang='lat' dir='ltr'><strong>aliquid</strong></span> <span class='ocrx_word' id='word_1_505' title='bbox 2432 2191 2625 2248; x_wconf 91' lang='lat' dir='ltr'><strong>docere</strong></span> <span class='ocrx_word' id='word_1_506' title='bbox 2651 2196 2958 2265; x_wconf 88' lang='lat' dir='ltr'><strong>salubriter,</strong></span> <span class='ocrx_word' id='word_1_507' title='bbox 2997 2181 3269 2275; x_wconf 80' lang='lat' dir='ltr'><strong>corrigere</strong></span> <span class='ocrx_word' id='word_1_508' title='bbox 3314 2181 3492 2268; x_wconf 67' lang='lat' dir='ltr'><strong>homi-</strong></span> 
     </span>
    </p>
   </div>
   <div class='ocr_carea' id='block_1_62' title="bbox 1917 2274 3488 2358">
    <p class='ocr_par' dir='ltr' id='par_1_62' title="bbox 1917 2274 3488 2358">
     <span class='ocr_line' id='line_1_64' title="bbox 1917 2274 3488 2358; baseline 0.022 -34"><span class='ocrx_word' id='word_1_509' title='bbox 1917 2285 2035 2337; x_wconf 84' lang='lat' dir='ltr'><strong>nes,</strong></span> <span class='ocrx_word' id='word_1_510' title='bbox 2068 2274 2136 2328; x_wconf 89' lang='lat' dir='ltr'><strong>de</strong></span> <span class='ocrx_word' id='word_1_511' title='bbox 2159 2275 2246 2330; x_wconf 90' lang='lat' dir='ltr'><strong>die</strong></span> <span class='ocrx_word' id='word_1_512' title='bbox 2272 2276 2411 2333; x_wconf 86' lang='lat' dir='ltr'><strong>festo</strong></span> <span class='ocrx_word' id='word_1_513' title='bbox 2444 2290 2647 2340; x_wconf 61' lang='lat' dir='ltr'><strong>aeterno</strong></span> <span class='ocrx_word' id='word_1_514' title='bbox 2673 2285 2981 2356; x_wconf 86' lang='lat' dir='ltr'><strong>admonere,</strong></span> <span class='ocrx_word' id='word_1_515' title='bbox 3023 2274 3263 2352; x_wconf 78' lang='lat' dir='ltr'><strong>amorem</strong></span> <span class='ocrx_word' id='word_1_516' title='bbox 3300 2314 3488 2358; x_wconf 89' lang='lat' dir='ltr'><strong>eorum</strong></span> 
     </span>
    </p>
   </div>
   <div class='ocr_carea' id='block_1_63' title="bbox 1918 2363 3486 2449">
    <p class='ocr_par' dir='ltr' id='par_1_63' title="bbox 1918 2363 3486 2449">
     <span class='ocr_line' id='line_1_65' title="bbox 1918 2363 3486 2449; baseline 0.02 -32"><span class='ocrx_word' id='word_1_517' title='bbox 1918 2363 1986 2418; x_wconf 87' lang='lat' dir='ltr'><strong>ab</strong></span> <span class='ocrx_word' id='word_1_518' title='bbox 2033 2364 2137 2420; x_wconf 91' lang='lat' dir='ltr'><strong>hoc</strong></span> <span class='ocrx_word' id='word_1_519' title='bbox 2180 2368 2379 2426; x_wconf 65' lang='lat' dir='ltr'><strong>saeculo</strong></span> <span class='ocrx_word' id='word_1_520' title='bbox 2428 2382 2693 2441; x_wconf 87' lang='lat' dir='ltr'><strong>avertere,</strong></span> <span class='ocrx_word' id='word_1_521' title='bbox 2739 2388 2797 2435; x_wconf 89' lang='lat' dir='ltr'><strong>et</strong></span> <span class='ocrx_word' id='word_1_522' title='bbox 2836 2381 2888 2435; x_wconf 92' lang='lat' dir='ltr'><strong>in</strong></span> <span class='ocrx_word' id='word_1_523' title='bbox 2934 2380 3102 2438; x_wconf 86' lang='lat' dir='ltr'><strong>Deum</strong></span> <span class='ocrx_word' id='word_1_524' title='bbox 3151 2400 3486 2449; x_wconf 76' lang='lat' dir='ltr'><strong>convertam.</strong></span> 
     </span>
    </p>
   </div>
   <div class='ocr_carea' id='block_1_64' title="bbox 1917 2449 3486 2536">
    <p class='ocr_par' dir='ltr' id='par_1_64' title="bbox 1917 2449 3486 2536">
     <span class='ocr_line' id='line_1_66' title="bbox 1917 2449 3486 2536; baseline 0.02 -32"><span class='ocrx_word' id='word_1_525' title='bbox 1917 2449 2054 2517; x_wconf 87' lang='lat' dir='ltr'><strong>Quid</strong></span> <span class='ocrx_word' id='word_1_526' title='bbox 2077 2462 2162 2518; x_wconf 78' lang='lat' dir='ltr'><strong>est</strong></span> <span class='ocrx_word' id='word_1_527' title='bbox 2182 2465 2360 2512; x_wconf 90' lang='lat' dir='ltr'><strong>autem</strong></span> <span class='ocrx_word' id='word_1_528' title='bbox 2382 2461 2524 2528; x_wconf 90' lang='lat' dir='ltr'><strong>quod</strong></span> <span class='ocrx_word' id='word_1_529' title='bbox 2542 2465 2697 2531; x_wconf 89' lang='lat' dir='ltr'><strong>quasi</strong></span> <span class='ocrx_word' id='word_1_530' title='bbox 2731 2468 2960 2525; x_wconf 87' lang='lat' dir='ltr'><strong>latenter</strong></span> <span class='ocrx_word' id='word_1_531' title='bbox 2982 2475 3223 2530; x_wconf 88' lang='lat' dir='ltr'><strong>ascendit</strong></span> <span class='ocrx_word' id='word_1_532' title='bbox 3255 2479 3323 2533; x_wconf 90' lang='lat' dir='ltr'><strong>ad</strong></span> <span class='ocrx_word' id='word_1_533' title='bbox 3344 2480 3486 2536; x_wconf 88' lang='lat' dir='ltr'><strong>diem</strong></span> 
     </span>
    </p>
   </div>
   <div class='ocr_carea' id='block_1_65' title="bbox 1915 2539 3481 2638">
    <p class='ocr_par' dir='ltr' id='par_1_65' title="bbox 1915 2539 3481 2638">
     <span class='ocr_line' id='line_1_67' title="bbox 1915 2539 3481 2638; baseline 0.022 -46"><span class='ocrx_word' id='word_1_534' title='bbox 1915 2539 2150 2638; x_wconf 70' lang='lat' dir='ltr'><strong>festum?</strong></span> <span class='ocrx_word' id='word_1_535' title='bbox 2175 2560 2280 2600; x_wconf 94' lang='lat' dir='ltr'><strong>non</strong></span> <span class='ocrx_word' id='word_1_536' title='bbox 2311 2558 2473 2638; x_wconf 83' lang='lat' dir='ltr'><strong>vacat</strong></span> <span class='ocrx_word' id='word_1_537' title='bbox 2488 2560 2543 2605; x_wconf 92' lang='lat' dir='ltr'><strong>et</strong></span> <span class='ocrx_word' id='word_1_538' title='bbox 2570 2553 2673 2609; x_wconf 86' lang='lat' dir='ltr'><strong>hoc</strong></span> <span class='ocrx_word' id='word_1_539' title='bbox 2696 2555 2790 2611; x_wconf 90' lang='lat' dir='ltr'><strong>Dei</strong></span> <span class='ocrx_word' id='word_1_540' title='bbox 2816 2556 2973 2628; x_wconf 65' lang='grc' dir='ltr'><strong>[Μεη</strong></span> <span class='ocrx_word' id='word_1_541' title='bbox 3004 2561 3237 2638; x_wconf 77' lang='lat' dir='ltr'><strong>Domini]</strong></span> <span class='ocrx_word' id='word_1_542' title='bbox 3266 2583 3420 2637; x_wconf 91' lang='lat' dir='ltr'><strong>opus.</strong></span> <span class='ocrx_word' id='word_1_543' title='bbox 3462 2593 3481 2624; x_wconf 73' lang='grc' dir='ltr'><strong><em>ι</em></strong></span> 
     </span>
    </p>
   </div>
   <div class='ocr_carea' id='block_1_66' title="bbox 1914 2628 3483 2722">
    <p class='ocr_par' dir='ltr' id='par_1_66' title="bbox 1914 2628 3483 2722">
     <span class='ocr_line' id='line_1_68' title="bbox 1914 2628 3483 2722; baseline 0.02 -40"><span class='ocrx_word' id='word_1_544' title='bbox 1914 2628 2050 2684; x_wconf 82' lang='lat' dir='ltr'><strong>Nam</strong></span> <span class='ocrx_word' id='word_1_545' title='bbox 2078 2647 2267 2689; x_wconf 87' lang='lat' dir='ltr'><strong>omnes</strong></span> <span class='ocrx_word' id='word_1_546' title='bbox 2295 2635 2412 2691; x_wconf 89' lang='lat' dir='ltr'><strong>dies</strong></span> <span class='ocrx_word' id='word_1_547' title='bbox 2452 2637 2575 2694; x_wconf 90' lang='lat' dir='ltr'><strong>festi</strong></span> <span class='ocrx_word' id='word_1_548' title='bbox 2606 2640 2911 2701; x_wconf 69' lang='lat' dir='ltr'><strong>Iudaeorum</strong></span> <span class='ocrx_word' id='word_1_549' title='bbox 2948 2650 3004 2704; x_wconf 91' lang='lat' dir='ltr'><strong>in</strong></span> <span class='ocrx_word' id='word_1_550' title='bbox 3033 2651 3203 2722; x_wconf 88' lang='lat' dir='ltr'><strong>ﬁgura</strong></span> <span class='ocrx_word' id='word_1_551' title='bbox 3225 2628 3483 2714; x_wconf 47' lang='lat' dir='ltr'><strong>&#39;fu-erunt.</strong></span> 
     </span>
    </p>
   </div>
   <div class='ocr_carea' id='block_1_67' title="bbox 1913 2719 3485 2814">
    <p class='ocr_par' dir='ltr' id='par_1_67' title="bbox 1913 2719 3485 2814">
     <span class='ocr_line' id='line_1_69' title="bbox 1913 2719 3485 2814; baseline 0.02 -41"><span class='ocrx_word' id='word_1_552' title='bbox 1913 2719 2038 2776; x_wconf 83' lang='lat' dir='ltr'><strong>ideo</strong></span> <span class='ocrx_word' id='word_1_553' title='bbox 2065 2721 2312 2814; x_wconf 87' lang='lat' dir='ltr'><strong>Christus</strong></span> <span class='ocrx_word' id='word_1_554' title='bbox 2336 2727 2568 2787; x_wconf 87' lang='lat' dir='ltr'><strong>latenter</strong></span> <span class='ocrx_word' id='word_1_555' title='bbox 2610 2737 2932 2794; x_wconf 87' lang='lat' dir='ltr'><strong>ascendebat</strong></span> <span class='ocrx_word' id='word_1_556' title='bbox 2961 2741 3015 2795; x_wconf 93' lang='lat' dir='ltr'><strong>in</strong></span> <span class='ocrx_word' id='word_1_557' title='bbox 3045 2719 3142 2808; x_wconf 85' lang='lat' dir='ltr'><strong>eis,</strong></span> <span class='ocrx_word' id='word_1_558' title='bbox 3168 2747 3292 2814; x_wconf 84' lang='lat' dir='ltr'><strong>quia</strong></span> <span class='ocrx_word' id='word_1_559' title='bbox 3327 2747 3485 2805; x_wconf 72' lang='lat' dir='ltr'><strong>Chri-</strong></span> 
     </span>
    </p>
   </div>
   <div class='ocr_carea' id='block_1_68' title="bbox 1913 2812 3480 2906">
    <p class='ocr_par' dir='ltr' id='par_1_68' title="bbox 1913 2812 3480 2906">
     <span class='ocr_line' id='line_1_70' title="bbox 1913 2812 3480 2906; baseline 0.02 -42"><span class='ocrx_word' id='word_1_560' title='bbox 1913 2812 2233 2869; x_wconf 85' lang='lat' dir='ltr'><strong>stus‘latuit</strong></span> <span class='ocrx_word' id='word_1_561' title='bbox 2285 2818 2339 2872; x_wconf 90' lang='lat' dir='ltr'><strong>in</strong></span> <span class='ocrx_word' id='word_1_562' title='bbox 2387 2819 2512 2875; x_wconf 91' lang='lat' dir='ltr'><strong>illis.</strong></span> <span class='ocrx_word' id='word_1_563' title='bbox 2553 2821 2754 2894; x_wconf 91' lang='lat' dir='ltr'><strong>Populo</strong></span> <span class='ocrx_word' id='word_1_564' title='bbox 2796 2842 2923 2884; x_wconf 89' lang='lat' dir='ltr'><strong>vero</strong></span> <span class='ocrx_word' id='word_1_565' title='bbox 2974 2833 3141 2901; x_wconf 85' lang='lat' dir='ltr'><strong>priori</strong></span> <span class='ocrx_word' id='word_1_566' title='bbox 3186 2812 3480 2906; x_wconf 75' lang='lat' dir='ltr'><strong>occultus,</strong></span> 
     </span>
    </p>
   </div>
   <div class='ocr_carea' id='block_1_69' title="bbox 1911 2902 3473 3000">
    <p class='ocr_par' dir='ltr' id='par_1_69' title="bbox 1911 2902 3473 3000">
     <span class='ocr_line' id='line_1_71' title="bbox 1911 2902 3473 3000; baseline 0.021 -47"><span class='ocrx_word' id='word_1_567' title='bbox 1911 2902 2070 2958; x_wconf 88' lang='lat' dir='ltr'><strong>modo</strong></span> <span class='ocrx_word' id='word_1_568' title='bbox 2099 2919 2227 2960; x_wconf 89' lang='lat' dir='ltr'><strong>vero</strong></span> <span class='ocrx_word' id='word_1_569' title='bbox 2256 2908 2464 2965; x_wconf 89' lang='lat' dir='ltr'><strong>meliori</strong></span> <span class='ocrx_word' id='word_1_570' title='bbox 2490 2915 2684 2982; x_wconf 89' lang='lat' dir='ltr'><strong>populo</strong></span> <span class='ocrx_word' id='word_1_571' title='bbox 2714 2918 3064 2987; x_wconf 89' lang='lat' dir='ltr'><strong>manifestus;</strong></span> <span class='ocrx_word' id='word_1_572' title='bbox 3101 2925 3226 2995; x_wconf 88' lang='lat' dir='ltr'><strong>quia</strong></span> <span class='ocrx_word' id='word_1_573' title='bbox 3259 2927 3350 2982; x_wconf 90' lang='lat' dir='ltr'><strong>ille</strong></span> <span class='ocrx_word' id='word_1_574' title='bbox 3376 2902 3473 3000; x_wconf 43' lang='lat' dir='ltr'><strong>po;</strong></span> 
     </span>
    </p>
   </div>
   <div class='ocr_carea' id='block_1_70' title="bbox 1909 2992 3481 3077">
    <p class='ocr_par' dir='ltr' id='par_1_70' title="bbox 1909 2992 3481 3077">
     <span class='ocr_line' id='line_1_72' title="bbox 1909 2992 3481 3077; baseline 0.022 -33"><span class='ocrx_word' id='word_1_575' title='bbox 1909 2992 2068 3060; x_wconf 89' lang='lat' dir='ltr'><strong>pulus</strong></span> <span class='ocrx_word' id='word_1_576' title='bbox 2103 2995 2157 3049; x_wconf 92' lang='lat' dir='ltr'><strong>in</strong></span> <span class='ocrx_word' id='word_1_577' title='bbox 2187 2998 2374 3053; x_wconf 91' lang='lat' dir='ltr'><strong>umbra</strong></span> <span class='ocrx_word' id='word_1_578' title='bbox 2404 3004 2614 3072; x_wconf 77' lang='lat' dir='ltr'><strong>agebat,</strong></span> <span class='ocrx_word' id='word_1_579' title='bbox 2646 3021 2745 3062; x_wconf 91' lang='lat' dir='ltr'><strong>nos</strong></span> <span class='ocrx_word' id='word_1_580' title='bbox 2769 3022 2897 3065; x_wconf 85' lang='lat' dir='ltr'><strong>vero</strong></span> <span class='ocrx_word' id='word_1_581' title='bbox 2930 2992 3215 3071; x_wconf 79' lang='lat' dir='ltr'><strong>manifesta</strong></span> <span class='ocrx_word' id='word_1_582' title='bbox 3259 3018 3377 3076; x_wconf 91' lang='lat' dir='ltr'><strong>luce</strong></span> <span class='ocrx_word' id='word_1_583' title='bbox 3397 3020 3481 3077; x_wconf 85' lang='lat' dir='ltr'><strong>fa-</strong></span> 
     </span>
    </p>
   </div>
   <div class='ocr_carea' id='block_1_71' title="bbox 1909 3082 3479 3170">
    <p class='ocr_par' dir='ltr' id='par_1_71' title="bbox 1909 3082 3479 3170">
     <span class='ocr_line' id='line_1_73' title="bbox 1909 3082 3479 3170; baseline 0.022 -35"><span class='ocrx_word' id='word_1_584' title='bbox 1909 3082 2100 3138; x_wconf 87' lang='lat' dir='ltr'><strong>cimus.</strong></span> <span class='ocrx_word' id='word_1_585' title='bbox 2137 3085 2289 3142; x_wconf 88' lang='lat' dir='ltr'><strong>Licet</strong></span> <span class='ocrx_word' id='word_1_586' title='bbox 2315 3090 2531 3158; x_wconf 89' lang='lat' dir='ltr'><strong>quidam</strong></span> <span class='ocrx_word' id='word_1_587' title='bbox 2560 3093 2865 3167; x_wconf 83' lang='lat' dir='ltr'><strong>intelligere</strong></span> <span class='ocrx_word' id='word_1_588' title='bbox 2885 3102 3053 3158; x_wconf 89' lang='lat' dir='ltr'><strong>velint</strong></span> <span class='ocrx_word' id='word_1_589' title='bbox 3087 3105 3229 3163; x_wconf 86' lang='lat' dir='ltr'><strong>lianc</strong></span> <span class='ocrx_word' id='word_1_590' title='bbox 3266 3109 3479 3170; x_wconf 89' lang='lat' dir='ltr'><strong>Domini</strong></span> 
     </span>
    </p>
   </div>
   <div class='ocr_carea' id='block_1_72' title="bbox 1908 3175 3477 3258">
    <p class='ocr_par' dir='ltr' id='par_1_72' title="bbox 1908 3175 3477 3258">
     <span class='ocr_line' id='line_1_74' title="bbox 1908 3175 3477 3258; baseline 0.02 -33"><span class='ocrx_word' id='word_1_591' title='bbox 1908 3175 2335 3246; x_wconf 84' lang='lat' dir='ltr'><strong>responsionem,</strong></span> <span class='ocrx_word' id='word_1_592' title='bbox 2364 3196 2468 3250; x_wconf 89' lang='lat' dir='ltr'><strong>qua</strong></span> <span class='ocrx_word' id='word_1_593' title='bbox 2492 3183 2572 3238; x_wconf 87' lang='lat' dir='ltr'><strong>ait</strong></span> <span class='ocrx_word' id='word_1_594' title='bbox 2608 3202 2621 3239; x_wconf 91' lang='lat'><strong>:</strong></span> <span class='ocrx_word' id='word_1_595' title='bbox 2656 3186 2771 3257; x_wconf 83' lang='lat' dir='ltr'><strong>Ego</strong></span> <span class='ocrx_word' id='word_1_596' title='bbox 2802 3207 2905 3245; x_wconf 87' lang='lat' dir='ltr'><strong>non</strong></span> <span class='ocrx_word' id='word_1_597' title='bbox 2956 3196 3179 3250; x_wconf 82' lang='lat' dir='ltr'><strong>ascendo</strong></span> <span class='ocrx_word' id='word_1_598' title='bbox 3226 3199 3295 3252; x_wconf 89' lang='lat' dir='ltr'><strong>ad</strong></span> <span class='ocrx_word' id='word_1_599' title='bbox 3340 3201 3477 3258; x_wconf 86' lang='lat' dir='ltr'><strong>diem</strong></span> 
     </span>
    </p>
   </div>
   <div class='ocr_carea' id='block_1_73' title="bbox 1906 3262 3479 3361">
    <p class='ocr_par' dir='ltr' id='par_1_73' title="bbox 1906 3262 3479 3361">
     <span class='ocr_line' id='line_1_75' title="bbox 1906 3262 3479 3361; baseline 0.02 -46"><span class='ocrx_word' id='word_1_600' title='bbox 1906 3262 2093 3326; x_wconf 79' lang='lat' dir='ltr'><strong>festum</strong></span> <span class='ocrx_word' id='word_1_601' title='bbox 2137 3267 2295 3334; x_wconf 76' lang='lat' dir='ltr'><strong>hunc,</strong></span> <span class='ocrx_word' id='word_1_602' title='bbox 2353 3272 2421 3326; x_wconf 91' lang='lat' dir='ltr'><strong>ad</strong></span> <span class='ocrx_word' id='word_1_603' title='bbox 2464 3276 2766 3342; x_wconf 83' lang='lat' dir='ltr'><strong>passionem</strong></span> <span class='ocrx_word' id='word_1_604' title='bbox 2826 3280 2971 3337; x_wconf 88' lang='lat' dir='ltr'><strong>illius</strong></span> <span class='ocrx_word' id='word_1_605' title='bbox 3021 3287 3312 3355; x_wconf 82' lang='lat' dir='ltr'><strong>pertinere,</strong></span> <span class='ocrx_word' id='word_1_606' title='bbox 3372 3308 3479 3361; x_wconf 85' lang='lat' dir='ltr'><strong>qua</strong></span> 
     </span>
    </p>
   </div>
   <div class='ocr_carea' id='block_1_74' title="bbox 1906 3349 3478 3449">
    <p class='ocr_par' dir='ltr' id='par_1_74' title="bbox 1906 3349 3478 3449">
     <span class='ocr_line' id='line_1_76' title="bbox 1906 3349 3478 3449; baseline 0.02 -44"><span class='ocrx_word' id='word_1_607' title='bbox 1906 3349 2060 3424; x_wconf 67' lang='grc' dir='ltr'><strong>μη..</strong></span> <span class='ocrx_word' id='word_1_608' title='bbox 2114 3356 2262 3428; x_wconf 91' lang='lat' dir='ltr'><strong>quia]</strong></span> <span class='ocrx_word' id='word_1_609' title='bbox 2309 3357 2556 3418; x_wconf 88' lang='lat' dir='ltr'><strong>Christus</strong></span> <span class='ocrx_word' id='word_1_610' title='bbox 2594 3381 2700 3421; x_wconf 93' lang='lat' dir='ltr'><strong>non</strong></span> <span class='ocrx_word' id='word_1_611' title='bbox 2765 3369 2818 3423; x_wconf 91' lang='lat' dir='ltr'><strong>in</strong></span> <span class='ocrx_word' id='word_1_612' title='bbox 2866 3349 3159 3431; x_wconf 79' lang='lat' dir='ltr'><strong>festivitate</strong></span> <span class='ocrx_word' id='word_1_613' title='bbox 3208 3349 3478 3449; x_wconf 67' lang='lat' dir='ltr'><strong>Sceuope~</strong></span> 
     </span>
    </p>
   </div>
   <div class='ocr_carea' id='block_1_75' title="bbox 1901 3443 3465 3533">
    <p class='ocr_par' dir='ltr' id='par_1_75' title="bbox 1901 3443 3465 3533">
     <span class='ocr_line' id='line_1_77' title="bbox 1901 3443 3465 3533; baseline 0.017 -39"><span class='ocrx_word' id='word_1_614' title='bbox 1901 3443 2021 3511; x_wconf 80' lang='lat' dir='ltr'><strong>giae,</strong></span> <span class='ocrx_word' id='word_1_615' title='bbox 2049 3447 2143 3498; x_wconf 90' lang='lat' dir='ltr'><strong>sed</strong></span> <span class='ocrx_word' id='word_1_616' title='bbox 2169 3446 2222 3501; x_wconf 90' lang='lat' dir='ltr'><strong>in</strong></span> <span class='ocrx_word' id='word_1_617' title='bbox 2253 3447 2544 3508; x_wconf 86' lang='lat' dir='ltr'><strong>festivitate</strong></span> <span class='ocrx_word' id='word_1_618' title='bbox 2568 3456 2827 3523; x_wconf 87' lang='lat' dir='ltr'><strong>paschali,</strong></span> <span class='ocrx_word' id='word_1_619' title='bbox 2854 3475 2958 3529; x_wconf 89' lang='lat' dir='ltr'><strong>qua</strong></span> <span class='ocrx_word' id='word_1_620' title='bbox 2983 3478 3153 3533; x_wconf 85' lang='lat' dir='ltr'><strong>agnus</strong></span> <span class='ocrx_word' id='word_1_621' title='bbox 3174 3469 3347 3527; x_wconf 84' lang='lat' dir='ltr'><strong>occidi</strong></span> <span class='ocrx_word' id='word_1_622' title='bbox 3372 3443 3465 3525; x_wconf 68' lang='lat' dir='ltr'><strong>so,-</strong></span> 
     </span>
    </p>
   </div>
   <div class='ocr_carea' id='block_1_76' title="bbox 1899 3531 3467 3622">
    <p class='ocr_par' dir='ltr' id='par_1_76' title="bbox 1899 3531 3467 3622">
     <span class='ocr_line' id='line_1_78' title="bbox 1899 3531 3467 3622; baseline 0.019 -37"><span class='ocrx_word' id='word_1_623' title='bbox 1899 3531 2062 3599; x_wconf 87' lang='lat' dir='ltr'><strong>lebat,</strong></span> <span class='ocrx_word' id='word_1_624' title='bbox 2104 3551 2320 3592; x_wconf 88' lang='lat' dir='ltr'><strong>crucem</strong></span> <span class='ocrx_word' id='word_1_625' title='bbox 2361 3544 2621 3598; x_wconf 88' lang='lat' dir='ltr'><strong>ascendit.</strong></span> <span class='ocrx_word' id='word_1_626' title='bbox 2667 3546 2849 3617; x_wconf 76' lang='lat' dir='ltr'><strong>(Vens.</strong></span> <span class='ocrx_word' id='word_1_627' title='bbox 2884 3549 2994 3622; x_wconf 81' lang='lat' dir='ltr'><strong>ll.)</strong></span> <span class='ocrx_word' id='word_1_628' title='bbox 3024 3531 3055 3603; x_wconf 17' lang='lat' dir='ltr'><strong>ﬁt</strong></span> <span class='ocrx_word' id='word_1_629' title='bbox 3083 3552 3262 3613; x_wconf 64' lang='grc' dir='ltr'><strong>λιιάωί</strong></span> <span class='ocrx_word' id='word_1_630' title='bbox 3293 3567 3467 3615; x_wconf 81' lang='lat' dir='ltr'><strong>autem</strong></span> 
     </span>
    </p>
   </div>
   <div class='ocr_carea' id='block_1_77' title="bbox 1890 3616 3462 3704">
    <p class='ocr_par' dir='ltr' id='par_1_77' title="bbox 1890 3616 3462 3704">
     <span class='ocr_line' id='line_1_79' title="bbox 1890 3616 3462 3704; baseline 0.02 -33"><span class='ocrx_word' id='word_1_631' title='bbox 1890 3616 2192 3689; x_wconf 36' lang='lat' dir='ltr'><strong>‘qnterebant</strong></span> <span class='ocrx_word' id='word_1_632' title='bbox 2223 3641 2338 3679; x_wconf 91' lang='lat' dir='ltr'><strong>eum</strong></span> <span class='ocrx_word' id='word_1_633' title='bbox 2384 3629 2439 3682; x_wconf 86' lang='lat' dir='ltr'><strong>in</strong></span> <span class='ocrx_word' id='word_1_634' title='bbox 2467 3629 2551 3682; x_wconf 85' lang='lat' dir='ltr'><strong>die</strong></span> <span class='ocrx_word' id='word_1_635' title='bbox 2580 3625 2751 3698; x_wconf 38' lang='lat' dir='ltr'><strong>fesro&#39;,</strong></span> <span class='ocrx_word' id='word_1_636' title='bbox 2804 3616 3090 3704; x_wconf 82' lang='lat' dir='ltr'><strong>antequam</strong></span> <span class='ocrx_word' id='word_1_637' title='bbox 3128 3643 3462 3703; x_wconf 86' lang='lat' dir='ltr'><strong>ascenderet.</strong></span> 
     </span>
    </p>
   </div>
   <div class='ocr_carea' id='block_1_78' title="bbox 1838 3707 3468 3794">
    <p class='ocr_par' dir='ltr' id='par_1_78' title="bbox 1838 3707 3468 3794">
     <span class='ocr_line' id='line_1_80' title="bbox 1838 3707 3468 3794; baseline 0.022 -35"><span class='ocrx_word' id='word_1_638' title='bbox 1838 3766 1841 3769; x_wconf 19' lang='grc' dir='ltr'>μ</span> <span class='ocrx_word' id='word_1_639' title='bbox 1897 3707 2113 3765; x_wconf 80' lang='lat' dir='ltr'><strong>Priores</strong></span> <span class='ocrx_word' id='word_1_640' title='bbox 2127 3714 2269 3767; x_wconf 90' lang='lat' dir='ltr'><strong>enim</strong></span> <span class='ocrx_word' id='word_1_641' title='bbox 2293 3712 2487 3771; x_wconf 86' lang='lat' dir='ltr'><strong>fratres</strong></span> <span class='ocrx_word' id='word_1_642' title='bbox 2512 3719 2889 3790; x_wconf 85' lang='lat' dir='ltr'><strong>ascenderunt,</strong></span> <span class='ocrx_word' id='word_1_643' title='bbox 2912 3735 2968 3780; x_wconf 91' lang='lat' dir='ltr'><strong>et</strong></span> <span class='ocrx_word' id='word_1_644' title='bbox 2994 3744 3100 3784; x_wconf 91' lang='lat' dir='ltr'><strong>non</strong></span> <span class='ocrx_word' id='word_1_645' title='bbox 3129 3739 3255 3790; x_wconf 88' lang='lat' dir='ltr'><strong>tunc</strong></span> <span class='ocrx_word' id='word_1_646' title='bbox 3279 3750 3468 3794; x_wconf 64' lang='lat' dir='ltr'><strong>ascen.-</strong></span> 
     </span>
    </p>
   </div>
   <div class='ocr_carea' id='block_1_79' title="bbox 1898 3797 3469 3886">
    <p class='ocr_par' dir='ltr' id='par_1_79' title="bbox 1898 3797 3469 3886">
     <span class='ocr_line' id='line_1_81' title="bbox 1898 3797 3469 3886; baseline 0.024 -37"><span class='ocrx_word' id='word_1_647' title='bbox 1898 3797 1976 3886; x_wconf 84' lang='lat' dir='ltr'><strong>dit</strong></span> <span class='ocrx_word' id='word_1_648' title='bbox 2005 3799 2114 3863; x_wconf 90' lang='lat' dir='ltr'><strong>ille,</strong></span> <span class='ocrx_word' id='word_1_649' title='bbox 2145 3803 2362 3870; x_wconf 86' lang='lat' dir='ltr'><strong>quando</strong></span> <span class='ocrx_word' id='word_1_650' title='bbox 2411 3804 2486 3859; x_wconf 91' lang='lat' dir='ltr'><strong>illi</strong></span> <span class='ocrx_word' id='word_1_651' title='bbox 2519 3810 2781 3875; x_wconf 82' lang='lat' dir='ltr'><strong>putabant</strong></span> <span class='ocrx_word' id='word_1_652' title='bbox 2811 3820 2863 3869; x_wconf 88' lang='lat' dir='ltr'><strong>et</strong></span> <span class='ocrx_word' id='word_1_653' title='bbox 2895 3817 3180 3880; x_wconf 86' lang='lat' dir='ltr'><strong>volebant:</strong></span> <span class='ocrx_word' id='word_1_654' title='bbox 3209 3836 3269 3883; x_wconf 88' lang='lat' dir='ltr'><strong>ut</strong></span> <span class='ocrx_word' id='word_1_655' title='bbox 3305 3828 3469 3886; x_wconf 83' lang='lat' dir='ltr'><strong>etiam</strong></span> 
     </span>
    </p>
   </div>
   <div class='ocr_carea' id='block_1_80' title="bbox 1896 3885 3464 3984">
    <p class='ocr_par' dir='ltr' id='par_1_80' title="bbox 1896 3885 3464 3984">
     <span class='ocr_line' id='line_1_82' title="bbox 1896 3885 3464 3984; baseline 0.023 -45"><span class='ocrx_word' id='word_1_656' title='bbox 1896 3885 2001 3941; x_wconf 86' lang='lat' dir='ltr'><strong>lioc</strong></span> <span class='ocrx_word' id='word_1_657' title='bbox 2036 3888 2371 3957; x_wconf 87' lang='lat' dir='ltr'><strong>impleretur,</strong></span> <span class='ocrx_word' id='word_1_658' title='bbox 2401 3896 2544 3962; x_wconf 90' lang='lat' dir='ltr'><strong>quod</strong></span> <span class='ocrx_word' id='word_1_659' title='bbox 2585 3898 2661 3952; x_wconf 90' lang='lat' dir='ltr'><strong>ait</strong></span> <span class='ocrx_word' id='word_1_660' title='bbox 2689 3917 2703 3953; x_wconf 73' lang='grc' dir='ltr'>ε</span> <span class='ocrx_word' id='word_1_661' title='bbox 2733 3900 2858 3959; x_wconf 84' lang='lat' dir='ltr'><strong>Non</strong></span> <span class='ocrx_word' id='word_1_662' title='bbox 2885 3907 2954 3961; x_wconf 90' lang='lat' dir='ltr'><strong>ad</strong></span> <span class='ocrx_word' id='word_1_663' title='bbox 2984 3910 3141 3977; x_wconf 77' lang='lat' dir='ltr'><strong>hunc,</strong></span> <span class='ocrx_word' id='word_1_664' title='bbox 3164 3914 3217 3970; x_wconf 86' lang='lat' dir='ltr'><strong>id</strong></span> <span class='ocrx_word' id='word_1_665' title='bbox 3245 3928 3359 3984; x_wconf 87' lang='lat' dir='ltr'><strong>est,</strong></span> <span class='ocrx_word' id='word_1_666' title='bbox 3395 3885 3464 3975; x_wconf 87' lang='lat' dir='ltr'><strong>ad</strong></span> 
     </span>
    </p>
   </div>
   <div class='ocr_carea' id='block_1_81' title="bbox 1895 3981 3466 4079">
    <p class='ocr_par' dir='ltr' id='par_1_81' title="bbox 1895 3981 3466 4079">
     <span class='ocr_line' id='line_1_83' title="bbox 1895 3981 3466 4079; baseline 0.022 -51"><span class='ocrx_word' id='word_1_667' title='bbox 1895 3990 2054 4043; x_wconf 90' lang='lat' dir='ltr'><strong>quem</strong></span> <span class='ocrx_word' id='word_1_668' title='bbox 2078 3993 2175 4033; x_wconf 89' lang='lat' dir='ltr'><strong>vos</strong></span> <span class='ocrx_word' id='word_1_669' title='bbox 2194 3981 2374 4047; x_wconf 87' lang='lat' dir='ltr'><strong>vultis,</strong></span> <span class='ocrx_word' id='word_1_670' title='bbox 2402 3985 2639 4053; x_wconf 84' lang='lat' dir='ltr'><strong>primum</strong></span> <span class='ocrx_word' id='word_1_671' title='bbox 2665 3992 2747 4045; x_wconf 86' lang='lat' dir='ltr'><strong>vel</strong></span> <span class='ocrx_word' id='word_1_672' title='bbox 2766 3997 3069 4073; x_wconf 81' lang='lat' dir='ltr'><strong>secundum</strong></span> <span class='ocrx_word' id='word_1_673' title='bbox 3098 4000 3259 4062; x_wconf 88' lang='lat' dir='ltr'><strong>diem.</strong></span> <span class='ocrx_word' id='word_1_674' title='bbox 3304 3981 3466 4079; x_wconf 56' lang='lat' dir='ltr'><strong>53E</strong></span> 
     </span>
    </p>
   </div>
   <div class='ocr_carea' id='block_1_82' title="bbox 1892 4062 3460 4158">
    <p class='ocr_par' dir='ltr' id='par_1_82' title="bbox 1892 4062 3460 4158">
     <span class='ocr_line' id='line_1_84' title="bbox 1892 4062 3460 4158; baseline 0.02 -41"><span class='ocrx_word' id='word_1_675' title='bbox 1892 4062 2148 4122; x_wconf 86' lang='lat' dir='ltr'><strong>Ascendit</strong></span> <span class='ocrx_word' id='word_1_676' title='bbox 2167 4077 2342 4129; x_wconf 89' lang='lat' dir='ltr'><strong>autem</strong></span> <span class='ocrx_word' id='word_1_677' title='bbox 2368 4082 2575 4142; x_wconf 88' lang='lat' dir='ltr'><strong>postea,</strong></span> <span class='ocrx_word' id='word_1_678' title='bbox 2608 4087 2666 4133; x_wconf 92' lang='lat' dir='ltr'><strong>ut</strong></span> <span class='ocrx_word' id='word_1_679' title='bbox 2695 4070 3041 4152; x_wconf 87' lang='lat' dir='ltr'><strong>Evangelium</strong></span> <span class='ocrx_word' id='word_1_680' title='bbox 3074 4062 3460 4158; x_wconf 50' lang='grc' dir='ltr'><strong>ΙοίιιιίιιιιζῆἶξςἸ</strong></span> 
     </span>
    </p>
   </div>
   <div class='ocr_carea' id='block_1_83' title="bbox 1893 4155 3459 4247">
    <p class='ocr_par' dir='ltr' id='par_1_83' title="bbox 1893 4155 3459 4247">
     <span class='ocr_line' id='line_1_85' title="bbox 1893 4155 3459 4247; baseline 0.022 -40"><span class='ocrx_word' id='word_1_681' title='bbox 1893 4155 2068 4247; x_wconf 84' lang='lat' dir='ltr'><strong>diante</strong></span> <span class='ocrx_word' id='word_1_682' title='bbox 2097 4156 2253 4232; x_wconf 84' lang='lat' dir='ltr'><strong>[Aug.</strong></span> <span class='ocrx_word' id='word_1_683' title='bbox 2295 4171 2351 4216; x_wconf 88' lang='lat' dir='ltr'><strong>et</strong></span> <span class='ocrx_word' id='word_1_684' title='bbox 2380 4163 2501 4231; x_wconf 85' lang='lat' dir='ltr'><strong>Ms.,</strong></span> <span class='ocrx_word' id='word_1_685' title='bbox 2531 4170 2779 4244; x_wconf 87' lang='lat' dir='ltr'><strong>mediato]</strong></span> <span class='ocrx_word' id='word_1_686' title='bbox 2811 4172 2896 4228; x_wconf 85' lang='lat' dir='ltr'><strong>die</strong></span> <span class='ocrx_word' id='word_1_687' title='bbox 2921 4175 3073 4245; x_wconf 80' lang='lat' dir='ltr'><strong>festo,</strong></span> <span class='ocrx_word' id='word_1_688' title='bbox 3107 4155 3161 4235; x_wconf 84' lang='lat' dir='ltr'><strong>id</strong></span> <span class='ocrx_word' id='word_1_689' title='bbox 3190 4189 3291 4247; x_wconf 82' lang='lat' dir='ltr'><strong>est,</strong></span> <span class='ocrx_word' id='word_1_690' title='bbox 3317 4155 3459 4245; x_wconf 15' lang='lat' dir='ltr'><strong>tcum</strong></span> 
     </span>
    </p>
   </div>
   <div class='ocr_carea' id='block_1_84' title="bbox 1886 4244 3461 4341">
    <p class='ocr_par' dir='ltr' id='par_1_84' title="bbox 1886 4244 3461 4341">
     <span class='ocr_line' id='line_1_86' title="bbox 1886 4244 3461 4341; baseline 0.02 -43"><span class='ocrx_word' id='word_1_691' title='bbox 1886 4244 2002 4314; x_wconf 86' lang='lat' dir='ltr'><strong>jam</strong></span> <span class='ocrx_word' id='word_1_692' title='bbox 2028 4247 2171 4305; x_wconf 90' lang='lat' dir='ltr'><strong>illius</strong></span> <span class='ocrx_word' id='word_1_693' title='bbox 2200 4251 2306 4306; x_wconf 91' lang='lat' dir='ltr'><strong>diei</strong></span> <span class='ocrx_word' id='word_1_694' title='bbox 2330 4252 2453 4309; x_wconf 83' lang='lat' dir='ltr'><strong>festi</strong></span> <span class='ocrx_word' id='word_1_695' title='bbox 2499 4264 2579 4314; x_wconf 90' lang='lat' dir='ltr'><strong>tot</strong></span> <span class='ocrx_word' id='word_1_696' title='bbox 2622 4258 2738 4316; x_wconf 89' lang='lat' dir='ltr'><strong>dies</strong></span> <span class='ocrx_word' id='word_1_697' title='bbox 2765 4244 3170 4334; x_wconf 70' lang='lat' dir='ltr'><strong>prieteriissent,</strong></span> <span class='ocrx_word' id='word_1_698' title='bbox 3202 4244 3333 4341; x_wconf 83' lang='lat' dir='ltr'><strong>quot</strong></span> <span class='ocrx_word' id='word_1_699' title='bbox 3378 4244 3461 4328; x_wconf 47' lang='lat' dir='ltr'><strong>re?</strong></span> 
     </span>
    </p>
   </div>
   <div class='ocr_carea' id='block_1_85' title="bbox 1891 4339 3461 4427">
    <p class='ocr_par' dir='ltr' id='par_1_85' title="bbox 1891 4339 3461 4427">
     <span class='ocr_line' id='line_1_87' title="bbox 1891 4339 3461 4427; baseline 0.02 -38"><span class='ocrx_word' id='word_1_700' title='bbox 1891 4339 2234 4395; x_wconf 88' lang='lat' dir='ltr'><strong>mansissent.</strong></span> <span class='ocrx_word' id='word_1_701' title='bbox 2266 4343 2436 4412; x_wconf 87' lang='lat' dir='ltr'><strong>lpsam</strong></span> <span class='ocrx_word' id='word_1_702' title='bbox 2457 4349 2600 4403; x_wconf 90' lang='lat' dir='ltr'><strong>enim</strong></span> <span class='ocrx_word' id='word_1_703' title='bbox 2630 4349 2995 4421; x_wconf 86' lang='lat' dir='ltr'><strong>festivitatem,</strong></span> <span class='ocrx_word' id='word_1_704' title='bbox 3027 4339 3283 4427; x_wconf 82' lang='lat' dir='ltr'><strong>quantum</strong></span> <span class='ocrx_word' id='word_1_705' title='bbox 3309 4365 3461 4422; x_wconf 88' lang='lat' dir='ltr'><strong>intel-</strong></span> 
     </span>
    </p>
   </div>
   <div class='ocr_carea' id='block_1_86' title="bbox 220 4411 3174 4509">
    <p class='ocr_par' dir='ltr' id='par_1_86' title="bbox 220 4411 3174 4509">
     <span class='ocr_line' id='line_1_88' title="bbox 220 4411 3174 4509; baseline 0.013 -42"><span class='ocrx_word' id='word_1_706' title='bbox 220 4411 416 4467; x_wconf 87' lang='lat' dir='ltr'><strong>condis</strong></span> <span class='ocrx_word' id='word_1_707' title='bbox 462 4421 544 4480; x_wconf 83' lang='lat' dir='ltr'><strong>te;</strong></span> <span class='ocrx_word' id='word_1_708' title='bbox 579 4416 744 4471; x_wconf 86' lang='lat' dir='ltr'><strong>transi</strong></span> <span class='ocrx_word' id='word_1_709' title='bbox 776 4417 830 4472; x_wconf 92' lang='lat' dir='ltr'><strong>in</strong></span> <span class='ocrx_word' id='word_1_710' title='bbox 862 4416 1121 4486; x_wconf 78' lang='lat' dir='ltr'><strong>Iudaeam,</strong></span> <span class='ocrx_word' id='word_1_711' title='bbox 1161 4430 1219 4477; x_wconf 90' lang='lat' dir='ltr'><strong>ut</strong></span> <span class='ocrx_word' id='word_1_712' title='bbox 1247 4414 1578 4495; x_wconf 81' lang='lat' dir='ltr'><strong>principatus</strong></span> <span class='ocrx_word' id='word_1_713' title='bbox 1616 4428 1790 4497; x_wconf 85' lang='lat' dir='ltr'><strong>gentis</strong></span> <span class='ocrx_word' id='word_1_714' title='bbox 1822 4502 1857 4509; x_wconf 89' lang='lat'><strong><em>_</em></strong></span> <span class='ocrx_word' id='word_1_715' title='bbox 1891 4423 2160 4498; x_wconf 85' lang='lat' dir='ltr'><strong>ligendum</strong></span> <span class='ocrx_word' id='word_1_716' title='bbox 2190 4411 2298 4498; x_wconf 72' lang='lat' dir='ltr'><strong>est,</strong></span> <span class='ocrx_word' id='word_1_717' title='bbox 2322 4435 2511 4498; x_wconf 83' lang='lat' dir='ltr'><strong>diebus</strong></span> <span class='ocrx_word' id='word_1_718' title='bbox 2539 4439 2786 4509; x_wconf 88' lang='lat' dir='ltr'><strong>plurimis</strong></span> <span class='ocrx_word' id='word_1_719' title='bbox 2812 4411 3174 4505; x_wconf 68' lang='lat' dir='ltr'><strong>celebrabant.</strong></span> 
     </span>
    </p>
   </div>
   <div class='ocr_carea' id='block_1_87' title="bbox 219 4502 3459 4602">
    <p class='ocr_par' dir='ltr' id='par_1_87' title="bbox 219 4502 3459 4602">
     <span class='ocr_line' id='line_1_89' title="bbox 219 4502 3459 4602; baseline 0.015 -46"><span class='ocrx_word' id='word_1_720' title='bbox 219 4513 280 4557; x_wconf 85' lang='lat' dir='ltr'><strong>et</strong></span> <span class='ocrx_word' id='word_1_721' title='bbox 301 4504 491 4558; x_wconf 86' lang='lat' dir='ltr'><strong>civitas</strong></span> <span class='ocrx_word' id='word_1_722' title='bbox 535 4516 694 4576; x_wconf 85' lang='lat' dir='ltr'><strong>caput</strong></span> <span class='ocrx_word' id='word_1_723' title='bbox 735 4508 882 4581; x_wconf 82' lang='lat' dir='ltr'><strong>regni</strong></span> <span class='ocrx_word' id='word_1_724' title='bbox 930 4510 1148 4564; x_wconf 84' lang='lat' dir='ltr'><strong>videant</strong></span> <span class='ocrx_word' id='word_1_725' title='bbox 1177 4513 1443 4568; x_wconf 88' lang='lat' dir='ltr'><strong>mirabilia</strong></span> <span class='ocrx_word' id='word_1_726' title='bbox 1476 4523 1583 4569; x_wconf 87' lang='lat' dir='ltr'><strong>tua.</strong></span> <span class='ocrx_word' id='word_1_727' title='bbox 1631 4515 1788 4571; x_wconf 90' lang='lat' dir='ltr'><strong>lnno—</strong></span> <span class='ocrx_word' id='word_1_728' title='bbox 1820 4502 1866 4557; x_wconf 80' lang='grc' dir='ltr'><strong>θ</strong></span> <span class='ocrx_word' id='word_1_729' title='bbox 1962 4516 2123 4573; x_wconf 74' lang='lat' dir='ltr'><strong>Vens.</strong></span> <span class='ocrx_word' id='word_1_730' title='bbox 2188 4521 2273 4575; x_wconf 74' lang='grc'><strong>12.</strong></span> <span class='ocrx_word' id='word_1_731' title='bbox 2326 4553 2399 4563; x_wconf 91' lang='grc'><strong>-</strong></span> <span class='ocrx_word' id='word_1_732' title='bbox 2449 4502 2700 4583; x_wconf 53' lang='lat' dir='ltr'><strong>[lidebant</strong></span> <span class='ocrx_word' id='word_1_733' title='bbox 2743 4548 2864 4602; x_wconf 82' lang='lat' dir='ltr'><strong>ergo</strong></span> <span class='ocrx_word' id='word_1_734' title='bbox 2904 4550 2923 4587; x_wconf 83' lang='lat'><strong><em>:</em></strong></span> <span class='ocrx_word' id='word_1_735' title='bbox 2971 4535 3069 4591; x_wconf 85' lang='lat' dir='ltr'><strong>Ubi</strong></span> <span class='ocrx_word' id='word_1_736' title='bbox 3099 4502 3345 4600; x_wconf 83' lang='lat' dir='ltr'><strong>ille?</strong></span> <span class='ocrx_word' id='word_1_737' title='bbox 3388 4546 3459 4602; x_wconf 83' lang='lat' dir='ltr'><strong>Et</strong></span> 
     </span>
    </p>
   </div>
   <div class='ocr_carea' id='block_1_88' title="bbox 222 4597 1785 4671">
    <p class='ocr_par' dir='ltr' id='par_1_88' title="bbox 222 4597 1785 4671">
     <span class='ocr_line' id='line_1_90' title="bbox 222 4597 1785 4671; baseline 0.009 -25"><span class='ocrx_word' id='word_1_738' title='bbox 222 4603 390 4658; x_wconf 79' lang='lat' dir='ltr'><strong>tesce,</strong></span> <span class='ocrx_word' id='word_1_739' title='bbox 413 4609 610 4667; x_wconf 88' lang='lat' dir='ltr'><strong>appare</strong></span> <span class='ocrx_word' id='word_1_740' title='bbox 634 4597 901 4664; x_wconf 88' lang='lat' dir='ltr'><strong>omnibus,</strong></span> <span class='ocrx_word' id='word_1_741' title='bbox 925 4607 985 4652; x_wconf 90' lang='lat' dir='ltr'><strong>ut</strong></span> <span class='ocrx_word' id='word_1_742' title='bbox 1007 4598 1211 4654; x_wconf 86' lang='lat' dir='ltr'><strong>laudari</strong></span> <span class='ocrx_word' id='word_1_743' title='bbox 1232 4603 1406 4671; x_wconf 89' lang='lat' dir='ltr'><strong>possis</strong></span> <span class='ocrx_word' id='word_1_744' title='bbox 1429 4602 1497 4657; x_wconf 89' lang='lat' dir='ltr'><strong>ab</strong></span> <span class='ocrx_word' id='word_1_745' title='bbox 1519 4606 1785 4662; x_wconf 86' lang='lat' dir='ltr'><strong>omnibus.</strong></span> 
     </span>
    </p>
   </div>
   <div class='ocr_carea' id='block_1_89' title="bbox 220 4680 1788 4768">
    <p class='ocr_par' dir='ltr' id='par_1_89' title="bbox 220 4680 1788 4768">
     <span class='ocr_line' id='line_1_91' title="bbox 220 4680 1788 4768; baseline 0.011 -34"><span class='ocrx_word' id='word_1_746' title='bbox 220 4681 364 4753; x_wconf 85' lang='lat' dir='ltr'><strong>Quid</strong></span> <span class='ocrx_word' id='word_1_747' title='bbox 388 4699 517 4755; x_wconf 77' lang='lat' dir='ltr'><strong>ergo</strong></span> <span class='ocrx_word' id='word_1_748' title='bbox 545 4687 612 4741; x_wconf 89' lang='lat' dir='ltr'><strong>ad</strong></span> <span class='ocrx_word' id='word_1_749' title='bbox 660 4686 776 4742; x_wconf 82' lang='lat' dir='ltr'><strong>haec</strong></span> <span class='ocrx_word' id='word_1_750' title='bbox 815 4687 1072 4744; x_wconf 88' lang='lat' dir='ltr'><strong>Dominus</strong></span> <span class='ocrx_word' id='word_1_751' title='bbox 1110 4680 1267 4746; x_wconf 75' lang='lat' dir='ltr'><strong>JeSus</strong></span> <span class='ocrx_word' id='word_1_752' title='bbox 1295 4692 1464 4747; x_wconf 88' lang='lat' dir='ltr'><strong>dicit?</strong></span> <span class='ocrx_word' id='word_1_753' title='bbox 1498 4695 1682 4765; x_wconf 73' lang='lat' dir='ltr'><strong>(Vens.</strong></span> <span class='ocrx_word' id='word_1_754' title='bbox 1710 4696 1788 4768; x_wconf 87' lang='lat'><strong>6.)</strong></span> 
     </span>
    </p>
   </div>
   <div class='ocr_carea' id='block_1_90' title="bbox 224 4766 1792 4840">
    <p class='ocr_par' dir='ltr' id='par_1_90' title="bbox 224 4766 1792 4840">
     <span class='ocr_line' id='line_1_92' title="bbox 224 4766 1792 4840; baseline 0.011 -21"><span class='ocrx_word' id='word_1_755' title='bbox 224 4766 446 4838; x_wconf 81' lang='lat' dir='ltr'><strong>Tempus</strong></span> <span class='ocrx_word' id='word_1_756' title='bbox 491 4788 658 4825; x_wconf 86' lang='lat' dir='ltr'><strong>meum</strong></span> <span class='ocrx_word' id='word_1_757' title='bbox 705 4771 937 4825; x_wconf 82' lang='lat' dir='ltr'><strong>nondum</strong></span> <span class='ocrx_word' id='word_1_758' title='bbox 987 4774 1210 4840; x_wconf 81' lang='lat' dir='ltr'><strong>advenit,</strong></span> <span class='ocrx_word' id='word_1_759' title='bbox 1240 4786 1438 4840; x_wconf 76' lang='lat' dir='ltr'><strong>tempus</strong></span> <span class='ocrx_word' id='word_1_760' title='bbox 1486 4791 1661 4835; x_wconf 84' lang='lat' dir='ltr'><strong>autem</strong></span> <span class='ocrx_word' id='word_1_761' title='bbox 1709 4795 1792 4837; x_wconf 56' lang='lat' dir='ltr'><strong>ve.</strong></span> 
     </span>
    </p>
   </div>
   <div class='ocr_carea' id='block_1_91' title="bbox 218 4862 1788 4941">
    <p class='ocr_par' dir='ltr' id='par_1_91' title="bbox 218 4862 1788 4941">
     <span class='ocr_line' id='line_1_93' title="bbox 218 4862 1788 4941; baseline 0.01 -31"><span class='ocrx_word' id='word_1_762' title='bbox 218 4866 386 4910; x_wconf 78' lang='lat' dir='ltr'><strong>struat</strong></span> <span class='ocrx_word' id='word_1_763' title='bbox 405 4875 604 4929; x_wconf 86' lang='lat' dir='ltr'><strong>semper</strong></span> <span class='ocrx_word' id='word_1_764' title='bbox 630 4872 703 4915; x_wconf 85' lang='lat' dir='ltr'><strong>est</strong></span> <span class='ocrx_word' id='word_1_765' title='bbox 732 4870 998 4933; x_wconf 80' lang='lat' dir='ltr'><strong>paratum.</strong></span> <span class='ocrx_word' id='word_1_766' title='bbox 1028 4862 1316 4935; x_wconf 87' lang='lat' dir='ltr'><strong>Apostolus</strong></span> <span class='ocrx_word' id='word_1_767' title='bbox 1339 4868 1488 4934; x_wconf 87' lang='lat' dir='ltr'><strong>dicit,</strong></span> <span class='ocrx_word' id='word_1_768' title='bbox 1515 4881 1788 4941; x_wconf 86' lang='lat' dir='ltr'><strong>postquam</strong></span> 
     </span>
    </p>
   </div>
   <div class='ocr_carea' id='block_1_92' title="bbox 214 4945 1787 5018">
    <p class='ocr_par' dir='ltr' id='par_1_92' title="bbox 214 4945 1787 5018">
     <span class='ocr_line' id='line_1_94' title="bbox 214 4945 1787 5018; baseline 0.01 -19"><span class='ocrx_word' id='word_1_769' title='bbox 214 4945 354 5001; x_wconf 80' lang='lat' dir='ltr'><strong>renit</strong></span> <span class='ocrx_word' id='word_1_770' title='bbox 393 4947 658 5013; x_wconf 84' lang='lat' dir='ltr'><strong>plenitudo</strong></span> <span class='ocrx_word' id='word_1_771' title='bbox 695 4952 959 5018; x_wconf 81' lang='lat' dir='ltr'><strong>temporis,</strong></span> <span class='ocrx_word' id='word_1_772' title='bbox 1020 4953 1159 5007; x_wconf 83' lang='lat' dir='ltr'><strong>misit</strong></span> <span class='ocrx_word' id='word_1_773' title='bbox 1206 4953 1345 5011; x_wconf 84' lang='lat' dir='ltr'><strong>Deus</strong></span> <span class='ocrx_word' id='word_1_774' title='bbox 1393 4955 1592 5012; x_wconf 81' lang='lat' dir='ltr'><strong>Filium</strong></span> <span class='ocrx_word' id='word_1_775' title='bbox 1634 4976 1787 5015; x_wconf 85' lang='lat' dir='ltr'><strong>suum</strong></span> 
     </span>
    </p>
   </div>
   <div class='ocr_carea' id='block_1_93' title="bbox 218 5031 1786 5113">
    <p class='ocr_par' dir='ltr' id='par_1_93' title="bbox 218 5031 1786 5113">
     <span class='ocr_line' id='line_1_95' title="bbox 218 5031 1786 5113; baseline 0.011 -27"><span class='ocrx_word' id='word_1_776' title='bbox 218 5031 363 5102; x_wconf 81' lang='lat' dir='ltr'><strong>(Gal.</strong></span> <span class='ocrx_word' id='word_1_777' title='bbox 398 5051 472 5099; x_wconf 83' lang='lat' dir='ltr'><strong>iv,</strong></span> <span class='ocrx_word' id='word_1_778' title='bbox 503 5039 580 5106; x_wconf 74' lang='grc'><strong>4).</strong></span> <span class='ocrx_word' id='word_1_779' title='bbox 636 5038 867 5111; x_wconf 86' lang='lat' dir='ltr'><strong>Tempus</strong></span> <span class='ocrx_word' id='word_1_780' title='bbox 911 5057 1039 5097; x_wconf 87' lang='lat' dir='ltr'><strong>vero</strong></span> <span class='ocrx_word' id='word_1_781' title='bbox 1083 5041 1266 5113; x_wconf 73' lang='lat' dir='ltr'><strong>gloria:</strong></span> <span class='ocrx_word' id='word_1_782' title='bbox 1310 5043 1509 5101; x_wconf 89' lang='lat' dir='ltr'><strong>Christi</strong></span> <span class='ocrx_word' id='word_1_783' title='bbox 1559 5048 1786 5104; x_wconf 86' lang='lat' dir='ltr'><strong>necdum</strong></span> 
     </span>
    </p>
   </div>
   <div class='ocr_carea' id='block_1_94' title="bbox 218 5122 1785 5200">
    <p class='ocr_par' dir='ltr' id='par_1_94' title="bbox 218 5122 1785 5200">
     <span class='ocr_line' id='line_1_96' title="bbox 218 5122 1785 5200; baseline 0.012 -27"><span class='ocrx_word' id='word_1_784' title='bbox 218 5122 383 5187; x_wconf 82' lang='lat' dir='ltr'><strong>venit,</strong></span> <span class='ocrx_word' id='word_1_785' title='bbox 440 5140 560 5179; x_wconf 88' lang='lat' dir='ltr'><strong>cum</strong></span> <span class='ocrx_word' id='word_1_786' title='bbox 605 5128 721 5182; x_wconf 67' lang='lat' dir='ltr'><strong>haec</strong></span> <span class='ocrx_word' id='word_1_787' title='bbox 762 5129 973 5187; x_wconf 88' lang='lat' dir='ltr'><strong>locutus</strong></span> <span class='ocrx_word' id='word_1_788' title='bbox 1021 5141 1125 5188; x_wconf 89' lang='lat' dir='ltr'><strong>est.</strong></span> <span class='ocrx_word' id='word_1_789' title='bbox 1166 5132 1317 5200; x_wconf 90' lang='lat' dir='ltr'><strong>Quod</strong></span> <span class='ocrx_word' id='word_1_790' title='bbox 1365 5134 1435 5189; x_wconf 87' lang='lat' dir='ltr'><strong>illi</strong></span> <span class='ocrx_word' id='word_1_791' title='bbox 1467 5136 1785 5192; x_wconf 84' lang='lat' dir='ltr'><strong>videbantur</strong></span> 
     </span>
    </p>
   </div>
   <div class='ocr_carea' id='block_1_95' title="bbox 217 5215 1785 5288">
    <p class='ocr_par' dir='ltr' id='par_1_95' title="bbox 217 5215 1785 5288">
     <span class='ocr_line' id='line_1_97' title="bbox 217 5215 1785 5288; baseline 0.01 -24"><span class='ocrx_word' id='word_1_792' title='bbox 217 5226 479 5280; x_wconf 69' lang='lat' dir='ltr'><strong>quaerere,</strong></span> <span class='ocrx_word' id='word_1_793' title='bbox 507 5215 597 5284; x_wconf 91' lang='lat' dir='ltr'><strong>qui</strong></span> <span class='ocrx_word' id='word_1_794' title='bbox 625 5216 675 5270; x_wconf 88' lang='lat' dir='ltr'><strong>ei</strong></span> <span class='ocrx_word' id='word_1_795' title='bbox 719 5219 1015 5275; x_wconf 80' lang='lat' dir='ltr'><strong>suadebant</strong></span> <span class='ocrx_word' id='word_1_796' title='bbox 1042 5222 1120 5276; x_wconf 87' lang='lat' dir='ltr'><strong>ire</strong></span> <span class='ocrx_word' id='word_1_797' title='bbox 1166 5223 1218 5277; x_wconf 90' lang='lat' dir='ltr'><strong>in</strong></span> <span class='ocrx_word' id='word_1_798' title='bbox 1257 5221 1522 5288; x_wconf 59' lang='lat' dir='ltr'><strong>Judaeum,</strong></span> <span class='ocrx_word' id='word_1_799' title='bbox 1554 5226 1785 5281; x_wconf 87' lang='lat' dir='ltr'><strong>miracu-</strong></span> 
     </span>
    </p>
   </div>
   <div class='ocr_carea' id='block_1_96' title="bbox 216 5298 1785 5386">
    <p class='ocr_par' dir='ltr' id='par_1_96' title="bbox 216 5298 1785 5386">
     <span class='ocr_line' id='line_1_98' title="bbox 216 5298 1785 5386; baseline 0.01 -33"><span class='ocrx_word' id='word_1_800' title='bbox 216 5298 331 5355; x_wconf 88' lang='lat' dir='ltr'><strong>lum</strong></span> <span class='ocrx_word' id='word_1_801' title='bbox 376 5300 577 5367; x_wconf 86' lang='lat' dir='ltr'><strong>facere,</strong></span> <span class='ocrx_word' id='word_1_802' title='bbox 608 5305 807 5359; x_wconf 90' lang='lat' dir='ltr'><strong>mundo</strong></span> <span class='ocrx_word' id='word_1_803' title='bbox 845 5307 1194 5375; x_wconf 88' lang='lat' dir='ltr'><strong>innotescere,</strong></span> <span class='ocrx_word' id='word_1_804' title='bbox 1224 5326 1292 5366; x_wconf 88' lang='lat' dir='ltr'><strong>ne</strong></span> <span class='ocrx_word' id='word_1_805' title='bbox 1338 5311 1508 5368; x_wconf 78' lang='lat' dir='ltr'><strong>latens</strong></span> <span class='ocrx_word' id='word_1_806' title='bbox 1537 5314 1785 5386; x_wconf 81' lang='lat' dir='ltr'><strong>ignobilis</strong></span> 
     </span>
    </p>
   </div>
   <div class='ocr_carea' id='block_1_97' title="bbox 211 5396 1784 5468">
    <p class='ocr_par' dir='ltr' id='par_1_97' title="bbox 211 5396 1784 5468">
     <span class='ocr_line' id='line_1_99' title="bbox 211 5396 1784 5468; baseline 0.013 -21"><span class='ocrx_word' id='word_1_807' title='bbox 211 5401 520 5464; x_wconf 87' lang='lat' dir='ltr'><strong>putaretur.</strong></span> <span class='ocrx_word' id='word_1_808' title='bbox 577 5396 684 5452; x_wconf 87' lang='lat' dir='ltr'><strong>Sed</strong></span> <span class='ocrx_word' id='word_1_809' title='bbox 739 5398 828 5453; x_wconf 88' lang='lat' dir='ltr'><strong>ille</strong></span> <span class='ocrx_word' id='word_1_810' title='bbox 870 5400 1038 5455; x_wconf 89' lang='lat' dir='ltr'><strong>voluit</strong></span> <span class='ocrx_word' id='word_1_811' title='bbox 1087 5403 1421 5467; x_wconf 84' lang='lat' dir='ltr'><strong>altitudinem</strong></span> <span class='ocrx_word' id='word_1_812' title='bbox 1483 5409 1784 5468; x_wconf 86' lang='lat' dir='ltr'><strong>humilitate</strong></span> 
     </span>
    </p>
   </div>
   <div class='ocr_carea' id='block_1_98' title="bbox 214 5488 1784 5572">
    <p class='ocr_par' dir='ltr' id='par_1_98' title="bbox 214 5488 1784 5572">
     <span class='ocr_line' id='line_1_100' title="bbox 214 5488 1784 5572; baseline 0.012 -30"><span class='ocrx_word' id='word_1_813' title='bbox 214 5488 544 5560; x_wconf 62' lang='lat' dir='ltr'><strong>precedere,</strong></span> <span class='ocrx_word' id='word_1_814' title='bbox 570 5498 631 5546; x_wconf 87' lang='lat' dir='ltr'><strong>et</strong></span> <span class='ocrx_word' id='word_1_815' title='bbox 652 5492 720 5547; x_wconf 86' lang='lat' dir='ltr'><strong>ad</strong></span> <span class='ocrx_word' id='word_1_816' title='bbox 744 5492 916 5563; x_wconf 85' lang='lat' dir='ltr'><strong>ipsam</strong></span> <span class='ocrx_word' id='word_1_817' title='bbox 944 5494 1313 5556; x_wconf 84' lang='lat' dir='ltr'><strong>celsitudinem</strong></span> <span class='ocrx_word' id='word_1_818' title='bbox 1343 5517 1439 5572; x_wconf 88' lang='lat' dir='ltr'><strong>per</strong></span> <span class='ocrx_word' id='word_1_819' title='bbox 1468 5504 1784 5561; x_wconf 87' lang='lat' dir='ltr'><strong>humilitatis</strong></span> 
     </span>
    </p>
   </div>
   <div class='ocr_carea' id='block_1_99' title="bbox 216 5575 1775 5663">
    <p class='ocr_par' dir='ltr' id='par_1_99' title="bbox 216 5575 1775 5663">
     <span class='ocr_line' id='line_1_101' title="bbox 216 5575 1775 5663; baseline 0.017 -35"><span class='ocrx_word' id='word_1_820' title='bbox 216 5575 361 5631; x_wconf 83' lang='lat' dir='ltr'><strong>viam</strong></span> <span class='ocrx_word' id='word_1_821' title='bbox 405 5581 705 5649; x_wconf 86' lang='lat' dir='ltr'><strong>pervenire.</strong></span> <span class='ocrx_word' id='word_1_822' title='bbox 741 5598 762 5633; x_wconf 70' lang='grc' dir='ltr'>ι</span> <span class='ocrx_word' id='word_1_823' title='bbox 808 5581 1044 5654; x_wconf 84' lang='lat' dir='ltr'><strong>Tempus</strong></span> <span class='ocrx_word' id='word_1_824' title='bbox 1086 5594 1262 5641; x_wconf 88' lang='lat' dir='ltr'><strong>autem</strong></span> <span class='ocrx_word' id='word_1_825' title='bbox 1305 5601 1561 5660; x_wconf 80' lang='lat' dir='ltr'><strong>vestrum,</strong></span> <span class='ocrx_word' id='word_1_826' title='bbox 1591 5597 1775 5663; x_wconf 84' lang='lat' dir='ltr'><strong>idest,</strong></span> 
     </span>
    </p>
   </div>
   <div class='ocr_carea' id='block_1_100' title="bbox 217 5665 1781 5758">
    <p class='ocr_par' dir='ltr' id='par_1_100' title="bbox 217 5665 1781 5758">
     <span class='ocr_line' id='line_1_102' title="bbox 217 5665 1781 5758; baseline 0.014 -37"><span class='ocrx_word' id='word_1_827' title='bbox 217 5665 403 5721; x_wconf 80' lang='lat' dir='ltr'><strong>mundi</strong></span> <span class='ocrx_word' id='word_1_828' title='bbox 425 5667 611 5738; x_wconf 81' lang='lat' dir='ltr'><strong>gloria,</strong></span> <span class='ocrx_word' id='word_1_829' title='bbox 641 5684 854 5742; x_wconf 86' lang='lat' dir='ltr'><strong>semper</strong></span> <span class='ocrx_word' id='word_1_830' title='bbox 866 5680 950 5728; x_wconf 89' lang='lat' dir='ltr'><strong>est</strong></span> <span class='ocrx_word' id='word_1_831' title='bbox 973 5681 1239 5744; x_wconf 84' lang='lat' dir='ltr'><strong>paratum.</strong></span> <span class='ocrx_word' id='word_1_832' title='bbox 1265 5677 1378 5733; x_wconf 85' lang='lat' dir='ltr'><strong>Erit</strong></span> <span class='ocrx_word' id='word_1_833' title='bbox 1402 5683 1543 5738; x_wconf 87' lang='lat' dir='ltr'><strong>enim</strong></span> <span class='ocrx_word' id='word_1_834' title='bbox 1572 5694 1781 5758; x_wconf 85' lang='lat' dir='ltr'><strong>tempus</strong></span> 
     </span>
    </p>
   </div>
   <div class='ocr_carea' id='block_1_101' title="bbox 614 5782 999 5847">
    <p class='ocr_par' dir='ltr' id='par_1_101' title="bbox 614 5782 999 5847">
     <span class='ocr_line' id='line_1_103' title="bbox 614 5782 999 5847; baseline 0.01 -5"><span class='ocrx_word' id='word_1_835' title='bbox 614 5782 885 5843; x_wconf 72' lang='lat' dir='ltr'><strong>Parnm.</strong></span> <span class='ocrx_word' id='word_1_836' title='bbox 932 5782 999 5847; x_wconf 90' lang='lat' dir='ltr'><strong>C.</strong></span> 
     </span>
    </p>
   </div>
   <div class='ocr_carea' id='block_1_102' title="bbox 1889 4609 3457 4703">
    <p class='ocr_par' dir='ltr' id='par_1_102' title="bbox 1889 4609 3457 4703">
     <span class='ocr_line' id='line_1_104' title="bbox 1889 4609 3457 4703; baseline 0.024 -46"><span class='ocrx_word' id='word_1_837' title='bbox 1889 4621 2129 4661; x_wconf 84' lang='lat' dir='ltr'><strong>murmur</strong></span> <span class='ocrx_word' id='word_1_838' title='bbox 2154 4609 2374 4665; x_wconf 80' lang='lat' dir='ltr'><strong>multum</strong></span> <span class='ocrx_word' id='word_1_839' title='bbox 2401 4613 2466 4667; x_wconf 88' lang='lat' dir='ltr'><strong>de</strong></span> <span class='ocrx_word' id='word_1_840' title='bbox 2489 4632 2548 4668; x_wconf 91' lang='lat' dir='ltr'><strong>eo</strong></span> <span class='ocrx_word' id='word_1_841' title='bbox 2572 4629 2683 4671; x_wconf 87' lang='lat' dir='ltr'><strong>erat</strong></span> <span class='ocrx_word' id='word_1_842' title='bbox 2712 4621 2765 4674; x_wconf 88' lang='lat' dir='ltr'><strong>in</strong></span> <span class='ocrx_word' id='word_1_843' title='bbox 2795 4624 2967 4681; x_wconf 87' lang='lat' dir='ltr'><strong>turba.</strong></span> <span class='ocrx_word' id='word_1_844' title='bbox 3005 4627 3153 4685; x_wconf 85' lang='lat' dir='ltr'><strong>Unde</strong></span> <span class='ocrx_word' id='word_1_845' title='bbox 3180 4641 3457 4703; x_wconf 78' lang='lat' dir='ltr'><strong>murmur?</strong></span> 
     </span>
    </p>
   </div>
   <div class='ocr_carea' id='block_1_103' title="bbox 1889 4694 3456 4785">
    <p class='ocr_par' dir='ltr' id='par_1_103' title="bbox 1889 4694 3456 4785">
     <span class='ocr_line' id='line_1_105' title="bbox 1889 4694 3456 4785; baseline 0.025 -39"><span class='ocrx_word' id='word_1_846' title='bbox 1889 4694 1967 4748; x_wconf 88' lang='lat' dir='ltr'><strong>De</strong></span> <span class='ocrx_word' id='word_1_847' title='bbox 2010 4699 2368 4755; x_wconf 87' lang='lat' dir='ltr'><strong>contentione.</strong></span> <span class='ocrx_word' id='word_1_848' title='bbox 2419 4703 2549 4771; x_wconf 74' lang='lat' dir='ltr'><strong>Qum</strong></span> <span class='ocrx_word' id='word_1_849' title='bbox 2594 4707 2694 4764; x_wconf 90' lang='lat' dir='ltr'><strong>fuit</strong></span> <span class='ocrx_word' id='word_1_850' title='bbox 2722 4716 3030 4772; x_wconf 87' lang='lat' dir='ltr'><strong>contentio?</strong></span> <span class='ocrx_word' id='word_1_851' title='bbox 3065 4719 3289 4785; x_wconf 85' lang='lat' dir='ltr'><strong>Quidam</strong></span> <span class='ocrx_word' id='word_1_852' title='bbox 3318 4702 3456 4784; x_wconf 83' lang='lat' dir='ltr'><strong>enim</strong></span> 
     </span>
    </p>
   </div>
   <div class='ocr_carea' id='block_1_104' title="bbox 1888 4781 3456 4870">
    <p class='ocr_par' dir='ltr' id='par_1_104' title="bbox 1888 4781 3456 4870">
     <span class='ocr_line' id='line_1_106' title="bbox 1888 4781 3456 4870; baseline 0.024 -35"><span class='ocrx_word' id='word_1_853' title='bbox 1888 4781 2176 4870; x_wconf 82' lang='lat' dir='ltr'><strong>dicebant:</strong></span> <span class='ocrx_word' id='word_1_854' title='bbox 2229 4787 2368 4854; x_wconf 84' lang='lat' dir='ltr'><strong>Quia</strong></span> <span class='ocrx_word' id='word_1_855' title='bbox 2416 4792 2579 4849; x_wconf 86' lang='lat' dir='ltr'><strong>bonus</strong></span> <span class='ocrx_word' id='word_1_856' title='bbox 2634 4807 2728 4853; x_wconf 86' lang='lat' dir='ltr'><strong>est.</strong></span> <span class='ocrx_word' id='word_1_857' title='bbox 2791 4802 2897 4857; x_wconf 82' lang='lat' dir='ltr'><strong>Alii</strong></span> <span class='ocrx_word' id='word_1_858' title='bbox 2945 4781 3118 4864; x_wconf 77' lang='lat' dir='ltr'><strong>autem</strong></span> <span class='ocrx_word' id='word_1_859' title='bbox 3170 4781 3456 4870; x_wconf 44' lang='lat' dir='ltr'><strong>dicebant&quot;?</strong></span> 
     </span>
    </p>
   </div>
   <div class='ocr_carea' id='block_1_105' title="bbox 1892 4869 3459 4973">
    <p class='ocr_par' dir='ltr' id='par_1_105' title="bbox 1892 4869 3459 4973">
     <span class='ocr_line' id='line_1_107' title="bbox 1892 4869 3459 4973; baseline 0.024 -49"><span class='ocrx_word' id='word_1_860' title='bbox 1892 4869 2016 4926; x_wconf 85' lang='lat' dir='ltr'><strong>Non</strong></span> <span class='ocrx_word' id='word_1_861' title='bbox 2040 4914 2056 4938; x_wconf 90' lang='lat'><strong>,</strong></span> <span class='ocrx_word' id='word_1_862' title='bbox 2113 4876 2204 4931; x_wconf 90' lang='lat' dir='ltr'><strong>sed</strong></span> <span class='ocrx_word' id='word_1_863' title='bbox 2263 4880 2461 4935; x_wconf 87' lang='lat' dir='ltr'><strong>seducit</strong></span> <span class='ocrx_word' id='word_1_864' title='bbox 2517 4888 2716 4946; x_wconf 87' lang='lat' dir='ltr'><strong>turbas.</strong></span> <span class='ocrx_word' id='word_1_865' title='bbox 2755 4890 2831 4947; x_wconf 87' lang='lat' dir='ltr'><strong>De</strong></span> <span class='ocrx_word' id='word_1_866' title='bbox 2882 4898 3131 4954; x_wconf 87' lang='lat' dir='ltr'><strong>omnibus</strong></span> <span class='ocrx_word' id='word_1_867' title='bbox 3179 4903 3294 4973; x_wconf 84' lang='lat' dir='ltr'><strong>ejus</strong></span> 
     </span>
    </p>
   </div>
   <div class='ocr_carea' id='block_1_106' title="bbox 1890 4963 3455 5060">
    <p class='ocr_par' dir='ltr' id='par_1_106' title="bbox 1890 4963 3455 5060">
     <span class='ocr_line' id='line_1_108' title="bbox 1890 4963 3455 5060; baseline 0.025 -46"><span class='ocrx_word' id='word_1_868' title='bbox 1890 4963 1970 5016; x_wconf 89' lang='lat' dir='ltr'><strong>vis</strong></span> <span class='ocrx_word' id='word_1_869' title='bbox 2004 4964 2107 5020; x_wconf 90' lang='lat' dir='ltr'><strong>hoc</strong></span> <span class='ocrx_word' id='word_1_870' title='bbox 2149 4967 2344 5025; x_wconf 89' lang='lat' dir='ltr'><strong>dicitur</strong></span> <span class='ocrx_word' id='word_1_871' title='bbox 2386 4973 2581 5042; x_wconf 79' lang='lat' dir='ltr'><strong>modo,</strong></span> <span class='ocrx_word' id='word_1_872' title='bbox 2634 4980 2939 5053; x_wconf 89' lang='lat' dir='ltr'><strong>quicunque</strong></span> <span class='ocrx_word' id='word_1_873' title='bbox 2983 4963 3224 5047; x_wconf 62' lang='lat' dir='ltr'><strong>cmineni</strong></span> <span class='ocrx_word' id='word_1_874' title='bbox 3262 4994 3317 5049; x_wconf 91' lang='lat' dir='ltr'><strong>in</strong></span> <span class='ocrx_word' id='word_1_875' title='bbox 3354 4998 3455 5060; x_wconf 80' lang='lat' dir='ltr'><strong>ali-</strong></span> 
     </span>
    </p>
   </div>
   <div class='ocr_carea' id='block_1_107' title="bbox 1889 5057 3453 5148">
    <p class='ocr_par' dir='ltr' id='par_1_107' title="bbox 1889 5057 3453 5148">
     <span class='ocr_line' id='line_1_109' title="bbox 1889 5057 3453 5148; baseline 0.02 -43"><span class='ocrx_word' id='word_1_876' title='bbox 1889 5057 2190 5148; x_wconf 74' lang='lat' dir='ltr'><strong>quagratia</strong></span> <span class='ocrx_word' id='word_1_877' title='bbox 2219 5074 2234 5112; x_wconf 91' lang='lat'><strong>:</strong></span> <span class='ocrx_word' id='word_1_878' title='bbox 2264 5059 2354 5115; x_wconf 90' lang='lat' dir='ltr'><strong>alii</strong></span> <span class='ocrx_word' id='word_1_879' title='bbox 2381 5062 2581 5131; x_wconf 91' lang='lat' dir='ltr'><strong>dicunt,</strong></span> <span class='ocrx_word' id='word_1_880' title='bbox 2613 5067 2777 5126; x_wconf 85' lang='lat' dir='ltr'><strong>bonus</strong></span> <span class='ocrx_word' id='word_1_881' title='bbox 2806 5082 2915 5141; x_wconf 90' lang='lat' dir='ltr'><strong>est;</strong></span> <span class='ocrx_word' id='word_1_882' title='bbox 2952 5077 3065 5144; x_wconf 87' lang='lat' dir='ltr'><strong>alii,</strong></span> <span class='ocrx_word' id='word_1_883' title='bbox 3094 5097 3218 5148; x_wconf 87' lang='lat' dir='ltr'><strong>non,</strong></span> <span class='ocrx_word' id='word_1_884' title='bbox 3250 5086 3341 5138; x_wconf 86' lang='lat' dir='ltr'><strong>sed</strong></span> <span class='ocrx_word' id='word_1_885' title='bbox 3367 5057 3453 5144; x_wconf 64' lang='lat' dir='ltr'><strong>se.</strong></span> 
     </span>
    </p>
   </div>
   <div class='ocr_carea' id='block_1_108' title="bbox 1887 5140 3450 5233">
    <p class='ocr_par' dir='ltr' id='par_1_108' title="bbox 1887 5140 3450 5233">
     <span class='ocr_line' id='line_1_110' title="bbox 1887 5140 3450 5233; baseline 0.026 -40"><span class='ocrx_word' id='word_1_886' title='bbox 1887 5140 2028 5195; x_wconf 88' lang='lat' dir='ltr'><strong>ducit</strong></span> <span class='ocrx_word' id='word_1_887' title='bbox 2056 5144 2254 5200; x_wconf 86' lang='lat' dir='ltr'><strong>turbas.</strong></span> <span class='ocrx_word' id='word_1_888' title='bbox 2289 5148 2439 5206; x_wconf 86' lang='lat' dir='ltr'><strong>Unde</strong></span> <span class='ocrx_word' id='word_1_889' title='bbox 2463 5154 2598 5209; x_wconf 88' lang='lat' dir='ltr'><strong>hoc?</strong></span> <span class='ocrx_word' id='word_1_890' title='bbox 2627 5155 2761 5224; x_wconf 90' lang='lat' dir='ltr'><strong>Quia</strong></span> <span class='ocrx_word' id='word_1_891' title='bbox 2793 5140 2909 5218; x_wconf 86' lang='lat' dir='ltr'><strong>vita</strong></span> <span class='ocrx_word' id='word_1_892' title='bbox 2931 5140 3115 5222; x_wconf 80' lang='lat' dir='ltr'><strong>nostra</strong></span> <span class='ocrx_word' id='word_1_893' title='bbox 3140 5140 3450 5233; x_wconf 79' lang='lat' dir='ltr'><strong>abscondita</strong></span> 
     </span>
    </p>
   </div>
   <div class='ocr_carea' id='block_1_109' title="bbox 1886 5235 3448 5325">
    <p class='ocr_par' dir='ltr' id='par_1_109' title="bbox 1886 5235 3448 5325">
     <span class='ocr_line' id='line_1_111' title="bbox 1886 5235 3448 5325; baseline 0.024 -41"><span class='ocrx_word' id='word_1_894' title='bbox 1886 5239 1968 5285; x_wconf 88' lang='lat' dir='ltr'><strong>est</strong></span> <span class='ocrx_word' id='word_1_895' title='bbox 2017 5247 2140 5288; x_wconf 90' lang='lat' dir='ltr'><strong>cum</strong></span> <span class='ocrx_word' id='word_1_896' title='bbox 2185 5235 2401 5295; x_wconf 88' lang='lat' dir='ltr'><strong>Christo</strong></span> <span class='ocrx_word' id='word_1_897' title='bbox 2446 5243 2500 5296; x_wconf 91' lang='lat' dir='ltr'><strong>in</strong></span> <span class='ocrx_word' id='word_1_898' title='bbox 2560 5243 2689 5302; x_wconf 86' lang='lat' dir='ltr'><strong>Deo.</strong></span> <span class='ocrx_word' id='word_1_899' title='bbox 2723 5268 2742 5300; x_wconf 76' lang='grc' dir='ltr'><strong><em>ι</em></strong></span> <span class='ocrx_word' id='word_1_900' title='bbox 2795 5251 2907 5309; x_wconf 86' lang='lat' dir='ltr'><strong>Hoc</strong></span> <span class='ocrx_word' id='word_1_901' title='bbox 2954 5258 3160 5325; x_wconf 87' lang='lat' dir='ltr'><strong>patitur</strong></span> <span class='ocrx_word' id='word_1_902' title='bbox 3202 5259 3448 5324; x_wconf 80' lang='lat' dir='ltr'><strong>Christus</strong></span> 
     </span>
    </p>
   </div>
   <div class='ocr_carea' id='block_1_110' title="bbox 1891 5322 3444 5417">
    <p class='ocr_par' dir='ltr' id='par_1_110' title="bbox 1891 5322 3444 5417">
     <span class='ocr_line' id='line_1_112' title="bbox 1891 5322 3444 5417; baseline 0.026 -43"><span class='ocrx_word' id='word_1_903' title='bbox 1891 5322 2043 5396; x_wconf 55' lang='grc' dir='ltr'><strong>μω,</strong></span> <span class='ocrx_word' id='word_1_904' title='bbox 2070 5341 2264 5396; x_wconf 88' lang='lat' dir='ltr'><strong>corpus</strong></span> <span class='ocrx_word' id='word_1_905' title='bbox 2291 5329 2513 5406; x_wconf 86' lang='lat' dir='ltr'><strong>Christi]</strong></span> <span class='ocrx_word' id='word_1_906' title='bbox 2550 5351 2717 5407; x_wconf 85' lang='lat' dir='ltr'><strong>usque</strong></span> <span class='ocrx_word' id='word_1_907' title='bbox 2744 5342 2798 5397; x_wconf 93' lang='lat' dir='ltr'><strong>in</strong></span> <span class='ocrx_word' id='word_1_908' title='bbox 2823 5322 2978 5400; x_wconf 81' lang='lat' dir='ltr'><strong>linem</strong></span> <span class='ocrx_word' id='word_1_909' title='bbox 3006 5350 3187 5408; x_wconf 60' lang='lat' dir='ltr'><strong>saeculi</strong></span> <span class='ocrx_word' id='word_1_910' title='bbox 3210 5322 3444 5417; x_wconf 67' lang='lat' dir='ltr'><strong>amandi</strong></span> 
     </span>
    </p>
   </div>
   <div class='ocr_carea' id='block_1_111' title="bbox 1888 5417 3445 5503">
    <p class='ocr_par' dir='ltr' id='par_1_111' title="bbox 1888 5417 3445 5503">
     <span class='ocr_line' id='line_1_113' title="bbox 1888 5417 3445 5503; baseline 0.021 -32"><span class='ocrx_word' id='word_1_911' title='bbox 1888 5417 2239 5486; x_wconf 84' lang='lat' dir='ltr'><strong>amatoribus,</strong></span> <span class='ocrx_word' id='word_1_912' title='bbox 2266 5422 2407 5491; x_wconf 91' lang='lat' dir='ltr'><strong>quod</strong></span> <span class='ocrx_word' id='word_1_913' title='bbox 2429 5431 2556 5481; x_wconf 86' lang='lat' dir='ltr'><strong>tunc</strong></span> <span class='ocrx_word' id='word_1_914' title='bbox 2581 5441 2774 5496; x_wconf 89' lang='lat' dir='ltr'><strong>passus</strong></span> <span class='ocrx_word' id='word_1_915' title='bbox 2798 5442 2882 5489; x_wconf 88' lang='lat' dir='ltr'><strong>est</strong></span> <span class='ocrx_word' id='word_1_916' title='bbox 2904 5449 2934 5490; x_wconf 86' lang='lat' dir='ltr'><strong>a</strong></span> <span class='ocrx_word' id='word_1_917' title='bbox 2959 5433 3273 5497; x_wconf 68' lang='lat' dir='ltr'><strong>Judaiorum</strong></span> <span class='ocrx_word' id='word_1_918' title='bbox 3300 5460 3445 5503; x_wconf 53' lang='lat' dir='ltr'><strong>mur,</strong></span> 
     </span>
    </p>
   </div>
   <div class='ocr_carea' id='block_1_112' title="bbox 1887 5509 3449 5607">
    <p class='ocr_par' dir='ltr' id='par_1_112' title="bbox 1887 5509 3449 5607">
     <span class='ocr_line' id='line_1_114' title="bbox 1887 5509 3449 5607; baseline 0.017 -42"><span class='ocrx_word' id='word_1_919' title='bbox 1887 5509 2267 5568; x_wconf 89' lang='lat' dir='ltr'><strong>muratoribus.</strong></span> <span class='ocrx_word' id='word_1_920' title='bbox 2300 5512 2537 5571; x_wconf 80' lang='lat' dir='ltr'><strong>Necdum</strong></span> <span class='ocrx_word' id='word_1_921' title='bbox 2565 5517 2894 5580; x_wconf 88' lang='lat' dir='ltr'><strong>frumentum</strong></span> <span class='ocrx_word' id='word_1_922' title='bbox 2934 5541 2966 5580; x_wconf 83' lang='lat' dir='ltr'><strong>a</strong></span> <span class='ocrx_word' id='word_1_923' title='bbox 3002 5528 3173 5599; x_wconf 75' lang='lat' dir='ltr'><strong>paleis</strong></span> <span class='ocrx_word' id='word_1_924' title='bbox 3199 5547 3449 5607; x_wconf 63' lang='lat' dir='ltr'><strong>segrege.</strong></span> 
     </span>
    </p>
   </div>
   <div class='ocr_carea' id='block_1_113' title="bbox 1885 5609 3442 5693">
    <p class='ocr_par' dir='ltr' id='par_1_113' title="bbox 1885 5609 3442 5693">
     <span class='ocr_line' id='line_1_115' title="bbox 1885 5609 3442 5693; baseline 0.018 -37"><span class='ocrx_word' id='word_1_925' title='bbox 1885 5611 1999 5660; x_wconf 90' lang='lat' dir='ltr'><strong>tum</strong></span> <span class='ocrx_word' id='word_1_926' title='bbox 2025 5611 2127 5671; x_wconf 85' lang='lat' dir='ltr'><strong>est,</strong></span> <span class='ocrx_word' id='word_1_927' title='bbox 2155 5612 2216 5662; x_wconf 91' lang='lat' dir='ltr'><strong>ut</strong></span> <span class='ocrx_word' id='word_1_928' title='bbox 2241 5621 2408 5678; x_wconf 82' lang='lat' dir='ltr'><strong>grana</strong></span> <span class='ocrx_word' id='word_1_929' title='bbox 2436 5609 2689 5670; x_wconf 88' lang='lat' dir='ltr'><strong>frumenti</strong></span> <span class='ocrx_word' id='word_1_930' title='bbox 2717 5630 3107 5690; x_wconf 73' lang='lat' dir='ltr'><strong>congregemur</strong></span> <span class='ocrx_word' id='word_1_931' title='bbox 3131 5623 3188 5680; x_wconf 92' lang='lat' dir='ltr'><strong>in</strong></span> <span class='ocrx_word' id='word_1_932' title='bbox 3229 5626 3442 5693; x_wconf 87' lang='lat' dir='ltr'><strong>horrea,</strong></span> 
     </span>
    </p>
   </div>
   <div class='ocr_carea' id='block_1_114' title="bbox 1886 5692 3441 5778">
    <p class='ocr_par' dir='ltr' id='par_1_114' title="bbox 1886 5692 3441 5778">
     <span class='ocr_line' id='line_1_116' title="bbox 1886 5692 3441 5778; baseline 0.02 -32"><span class='ocrx_word' id='word_1_933' title='bbox 1886 5700 1940 5747; x_wconf 91' lang='lat' dir='ltr'><strong>et</strong></span> <span class='ocrx_word' id='word_1_934' title='bbox 1963 5692 2129 5763; x_wconf 68' lang='lat' dir='ltr'><strong>palea:</strong></span> <span class='ocrx_word' id='word_1_935' title='bbox 2170 5697 2553 5755; x_wconf 81' lang='lat' dir='ltr'><strong>comburantur</strong></span> <span class='ocrx_word' id='word_1_936' title='bbox 2598 5703 2703 5774; x_wconf 81' lang='lat' dir='ltr'><strong>igni</strong></span> <span class='ocrx_word' id='word_1_937' title='bbox 2732 5715 2952 5769; x_wconf 68' lang='lat' dir='ltr'><strong>aeterno.</strong></span> <span class='ocrx_word' id='word_1_938' title='bbox 2994 5728 3013 5763; x_wconf 76' lang='grc' dir='ltr'>ι</span> <span class='ocrx_word' id='word_1_939' title='bbox 3049 5710 3200 5778; x_wconf 83' lang='lat' dir='ltr'><strong>Quod</strong></span> <span class='ocrx_word' id='word_1_940' title='bbox 3242 5692 3441 5777; x_wconf 76' lang='lat' dir='ltr'><strong>dictum</strong></span> 
     </span>
    </p>
   </div>
   <div class='ocr_carea' id='block_1_115' title="bbox 3006 5822 3084 5887">
    <p class='ocr_par' dir='ltr' id='par_1_115' title="bbox 3006 5822 3084 5887">
     <span class='ocr_line' id='line_1_117' title="bbox 3006 5822 3084 5887; baseline 0.026 -1"><span class='ocrx_word' id='word_1_941' title='bbox 3006 5822 3084 5887; x_wconf 79' lang='lat'><strong>27</strong></span> 
     </span>
    </p>
   </div>
  </div>
