4000 6190
274 275 380 331 {liii

1081 274 1486 331 EXKGETICA.
1517 304 1586 317 -ο-
1616 275 1967 333 COMMENT.
2002 275 2067 330 1N
2105 274 2293 332 JOAN.
2335 306 2403 319 -
2439 276 2565 333 LIB.
2605 277 2693 333 iV.

3414 283 3515 340 846

266 388 524 448 (Ii-edenti
563 388 618 442 in
664 401 787 441 cum
830 386 921 455 qui
963 384 1222 455 justifieat
1265 386 1510 455 impium,
1557 388 1846 457 deputatur
1872 392 1922 451 Α
1948 385 2036 440 tis.
2077 386 2145 441 Et
2179 385 2255 440 illi
2294 388 2686 456 responderunt
2722 405 2735 441 :
2777 386 3056 459 Respondit
3090 394 3227 449 enim
3260 394 3432 461 turba,
3470 408 3519 463 et

268 485 407 540 fides
430 480 558 550 ejus
591 478 658 534 ad
688 476 953 549 justitiam
989 476 1166 549 (Rom.
1203 493 1277 542 IV,
1309 477 1386 550 5).
1430 477 1571 544 Quid
1601 488 1686 535 est
1718 494 1848 551 ergo

268 574 493 635 credere
514 571 567 625 in
586 567 748 626 eum?
769 566 1049 623 Crcdcndo
1071 582 1274 634 amare,
1297 568 1565 624 credendo
1602 568 1846 639 diligere,

268 657 620 722 cudendoad
631 656 850 712 emnire
859 653 1016 728 [Aug.
1027 696 1043 722 ,
1055 656 1110 712 in
1123 670 1248 710 eum
1259 655 1382 727 ire],
1396 664 1453 712 et
1461 656 1578 726 ejus
1591 656 1850 712 membris

273 738 627 822 immutari.
654 746 772 818 ipsa
801 754 885 802 est
913 760 1042 817 ergo
1069 746 1201 801 lldes
1227 762 1387 816 quam
1414 747 1480 802 de
1503 747 1661 802 nobis
1683 746 1851 817 exigit

270 843 449 908 Deus,
505 854 625 911 qua
653 853 750 910 per
804 836 1142 894 dilectionem
1193 845 1467 907 operatur.
1500 835 1559 891 Si
1598 836 1852 905 intelligis

271 934 439 993 verba
474 930 591 993 Dei,
631 927 868 997 intellige
919 927 1046 996 quia
1076 925 1323 983 Christus
1361 924 1486 998 [est]
1521 925 1687 983 Filius
1720 924 1847 991 Dei,

272 1024 367 1096 qui
403 1030 486 1076 est
522 1018 762 1075 doctrina
795 1017 1011 1081 Patris,
1048 1031 1155 1071 non
1191 1031 1258 1071 ex
1292 1015 1502 1086 seipse,
1539 1015 1635 1069 sed
1681 1014 1852 1072 Filius

274 1116 479 1180 Patris;
516 1134 536 1167 ι
570 1128 677 1168 non
705 1127 769 1166 ex
805 1110 993 1176 nihile,
1029 1126 1138 1166 non
1163 1125 1228 1164 ex
1256 1109 1378 1164 aliis
1412 1107 1849 1171 subsistentibus,

270 1207 367 1262 sed
389 1221 456 1262 ex
476 1205 637 1259 Patre
670 1211 877 1258 tantum
900 1202 954 1256 in
995 1201 1156 1256 Patre
1191 1214 1416 1255 unnens
1434 1198 1656 1268 aequalis
1681 1197 1849 1253 Patri.

341 1296 506 1352 Vens.
534 1295 619 1349 i8.
641 1320 712 1331 -—
742 1292 843 1356 Qui
865 1308 899 1344 a
923 1289 1195 1358 semetipso
1218 1287 1469 1358 loquitur,
1490 1285 1711 1357 gloriam
1732 1303 1854 1357 pro-

270 1389 441 1459 priam
468 1385 677 1457 quwrit.
712 1400 730 1434 ι
767 1381 881 1437 Hoc
916 1381 1022 1435 erit
1057 1379 1208 1451 [Ms.,
1243 1376 1482 1450 quaerit],
1511 1377 1604 1447 qui
1632 1385 1856 1433 vocatur

270 1476 654 1538 Antichristus,
684 1470 934 1526 extollens
955 1486 1027 1534 se,
1052 1470 1190 1524 sicut
1211 1467 1503 1538 Apostolus
1523 1466 1671 1530 dicit,
1697 1481 1854 1536 super

272 1581 421 1618 omne
445 1562 584 1634 quod
628 1561 820 1615 dicitur
846 1558 985 1614 Deus
1012 1566 1060 1612 et
1087 1557 1224 1628 quod
1250 1556 1438 1610 colitur
1469 1555 1552 1627 (11
1582 1555 1757 1609 Thess.
1787 1569 1851 1619 ii,

273 1654 349 1725 4).
379 1652 559 1722 Ipsum
580 1652 778 1720 quippe
805 1650 1132 1704 annuntians
1152 1648 1428 1712 Dominus,
1451 1646 1675 1717 gloriam
1700 1660 1851 1699 suam

1948 470 2102 529 dixit.
2131 475 2423 546 Respondit
2450 479 2602 547 quasi
2639 478 2812 545 turba,
2842 495 2947 536 non
2981 482 3299 551 pertinentia
3331 486 3399 543 ad
3431 501 3521 547 or-

1949 565 2151 631 dinem,
2190 566 2285 620 sed
2320 567 2388 620 ad
2423 569 2900 645 perturbationem.
2940 569 3179 642 Denique
3217 575 3369 631 turba
3405 584 3521 634 tur-

1948 650 2094 715 bata,
2115 653 2293 707 videte
2311 655 2440 724 quid
2467 656 2839 726 responderit?
2857 658 3184 717 Haemonium
3207 665 3383 731 habes,
3403 670 3521 739 quis

1948 748 1998 831 te
2021 742 2207 809 (μιαενίι
2232 743 2502 797 occidere?
2537 747 2689 814 quasi
2725 763 2832 805 non
2869 748 2969 805 fuit
2995 749 3125 825 [Al.,
3156 752 3338 829 fuerit]
3368 760 3519 831 pejus

1950 829 2149 897 dicere,
2193 834 2515 889 dtemonium
2554 837 2739 903 habes,
2783 855 2945 909 quam
2988 859 3111 900 eum
3149 829 3520 906 occidere.in

1950 919 2146 992 quippe
2181 921 2383 976 dictum
2416 932 2523 988 est,
2567 925 2882 982 dwmonium
2918 930 3092 995 habes,
3130 934 3221 1002 qui
3253 934 3523 995 dmmoncs

1950 1011 2271 1081 expellebat.
2318 1013 2456 1079 Quid
2501 1024 2684 1084 posset
2730 1016 2873 1072 aliud
2913 1018 3092 1075 dicere
3138 1024 3293 1079 turba
3338 1029 3525 1083 turbu-

1950 1099 2127 1156 lenta?
2167 1099 2304 1168 Quid
2340 1112 2522 1172 posset
2553 1103 2696 1158 aliud
2732 1106 2880 1162 olere
2921 1123 3134 1164 omnum
3176 1124 3520 1184 commotum,

1951 1190 2054 1246 nisi
2100 1193 2378 1262 putidum?
2430 1194 2698 1249 Turbatur
2744 1198 2919 1264 turba,
2967 1202 3145 1257 unde?
3187 1202 3231 1256 A
3281 1207 3522 1268 veritate.

1953 1281 2187 1337 Turbam
2212 1283 2543 1354 lippitudinis
2571 1288 2804 1342 turbavit
2828 1289 3044 1346 claritas
3072 1291 3224 1351 lucis.
3255 1295 3403 1352 Oculi
3429 1316 3526 1355 au-

1953 1380 2058 1427 tem
2088 1390 2194 1428 non
2224 1374 2483 1431 habentes
2506 1377 2790 1433 sanitatem
2818 1395 2923 1433 non
2950 1394 3172 1451 possunt
3201 1384 3343 1442 ferre
3367 1389 3525 1449 lumi.

1950 1467 2036 1524 nis
2055 1466 2372 1525 claritatem.
2403 1488 2422 1521 ‹
2450 1470 2708 1530 Dominus
2732 1482 2906 1530 autem
2929 1492 3035 1532 non
3064 1480 3222 1549 plane
3248 1485 3522 1555 turbatur;

1952 1558 2046 1612 sed
2083 1557 2135 1612 in
2166 1573 2261 1614 sua
2286 1561 2513 1616 veritate
2546 1564 2881 1634 tranquillus,
2918 1582 3025 1623 non
3064 1571 3293 1627 reddidit
3325 1575 3525 1633 malum

1952 1664 2049 1719 pro
2074 1649 2233 1714 malo,
2271 1667 2372 1707 nec
2403 1654 2745 1711 maledictum
2773 1673 2871 1726 pro
2904 1660 3207 1718 maledicto.
3250 1664 3453 1732 Quibus
3478 1672 3527 1728 si

272 1722 641 1818 quassum-um,
671 1757 775 1798 non
802 1741 1027 1813 gloriam
1048 1740 1245 1805 Patris,
1266 1739 1345 1792 ait
1367 1738 1435 1791 ad
1461 1736 1677 1792 Judaaos
1699 1750 1713 1788 :
1737 1734 1851 1805 Ego
1884 1722 1931 1782 Β
1954 1738 2175 1805 diceret,
2204 1740 2525 1797 dmmonium
2561 1722 2916 1814 liabCliS'VOS,
2954 1764 3135 1806 verum
3172 1722 3528 1826 utiquevdivc;

271 1837 387 1890 veni
413 1836 467 1889 in
489 1834 694 1892 nomine
719 1831 896 1886 Patris
917 1832 1040 1894 mei,
1061 1839 1109 1884 et
1133 1846 1238 1884 non
1260 1828 1556 1899 suscepistis
1582 1843 1681 1879 me.
1704 1824 1853 1878 Alius

274 1926 438 1980 veniet
461 1925 518 1978 in
538 1923 742 1977 nomine
764 1937 861 1976 suo
909 1929 957 1975 et
982 1921 1119 1974 hunc
1144 1919 1434 1990 suscipietis
1457 1916 1637 1989 (Joan.
1659 1931 1712 1981 v,
1739 1914 1851 1986 43).

274 2011 608 2084 Signiﬁcavit
650 2026 744 2065 eos
781 2009 1171 2065 Antichristum
1209 2016 1575 2077 suscepturus,
1613 2006 1705 2075 qui
1740 2005 1855 2077 glo-

273 2105 410 2159 riam
445 2103 676 2159 nomiuis
712 2102 794 2161 sui
820 2101 1144 2170 quaesiturus
1171 2109 1291 2164 est,
1329 2097 1563 2163 inﬂatus,
1594 2112 1700 2152 non
1730 2096 1856 2152 seli—

274 2196 406 2261 dus;
438 2202 494 2249 et
516 2195 634 2249 ideo
663 2207 768 2247 non
796 2191 1023 2256 stabilis,
1047 2191 1141 2246 sed
1170 2190 1355 2260 utique
1384 2190 1652 2245 ruinosos.
1676 2188 1856 2242 Domi-

274 2299 377 2340 nus
401 2293 583 2339 autem
610 2290 794 2339 noster
818 2280 976 2337 Jesus
1000 2279 1248 2336 Christus
1274 2294 1526 2350 magnum
1552 2276 1856 2350 exemplum

274 2375 431 2433 nobis
477 2373 710 2444 praebuit
755 2369 1073 2427 humilitatis
1119 2387 1134 2423 :
1178 2384 1368 2439 nempe
1413 2367 1633 2437 mqualis
1671 2365 1853 2432 Patri;

274 2479 486 2534 nempe,
531 2463 585 2517 in
626 2460 881 2533 principio
923 2469 1035 2515 erat
1084 2458 1329 2525 Verbum,
1378 2466 1427 2511 et
1476 2455 1702 2510 Verbum
1745 2465 1856 2509 erat

274 2554 416 2627 apud
441 2554 629 2621 Deum,
659 2563 707 2608 et
736 2552 876 2607 Deus
901 2562 1011 2607 erat
1048 2549 1306 2615 Verbum;
1336 2562 1530 2618 nempe
1556 2549 1671 2617 ipse
1699 2546 1852 2611 dixit,

273 2655 330 2701 et
354 2645 634 2701 verissime
658 2644 792 2701 dixit
819 2660 832 2697 :
869 2641 1035 2697 Tanto
1068 2652 1294 2711 tempore
1328 2638 1590 2694 uobiscum
1623 2654 1770 2703 sum,
1806 2647 1855 2691 et

275 2750 379 2788 non
407 2732 713 2803 cognovistis
742 2748 842 2787 me.
887 2729 1143 2800 Philippe,
1185 2730 1275 2800 qui
1318 2745 1397 2784 me
1438 2726 1596 2791 videt,
1640 2726 1772 2781 uidet
1806 2736 1853 2780 et

275 2822 489 2878 Patrem
513 2821 692 2894 (Joan.
721 2838 831 2884 xw,
853 2821 930 2895 8).
948 2820 1154 2890 Nempe
1179 2821 1293 2891 ipse
1316 2819 1469 2885 dixit,
1493 2828 1550 2874 et
1578 2819 1856 2874 verissime

273 2913 410 2972 dixit
445 2931 458 2967 :
497 2912 608 2983 Ego
643 2922 689 2969 et
721 2912 883 2967 Pater
915 2928 1077 2967 unum
1114 2928 1292 2967 sumus
1325 2911 1508 2983 (Joun.
1542 2928 1608 2977 χ,
1647 2909 1760 2983 50).
1796 2910 1854 2967 Si

273 3019 409 3074 engo
437 3018 559 3058 eum
596 3003 756 3057 Patre
793 3017 976 3069 unum,
1006 3002 1229 3071 aequalis
1265 3002 1412 3056 Patri
1448 3001 1592 3056 Deus
1621 3002 1685 3056 de
1714 3000 1850 3067 Deo,

1952 1838 2055 1884 ret.
2095 1830 2247 1886 Unde
2284 1833 2542 1889 auderent
2574 1836 2752 1893 dicere
2792 1838 3016 1896 Vcritati
3057 1840 3206 1913 [Ms.,
3247 1848 3387 1904 unde
3421 1849 3527 1907 hoc

1952 1919 2194 1977 dicerent
2237 1921 2302 1978 de
2348 1923 2632 1997 Veritate],
2684 1926 2997 1984 daemonium
3043 1932 3231 2002 habes,
3279 1938 3381 1994 nisi
3431 1954 3526 2001 eos

1953 2009 2150 2065 diaboli
2178 2007 2382 2067 falsitas
2407 2012 2682 2068 irritaret?
2714 2012 2852 2081 Quid
2879 2033 3007 2089 ergo
3035 2024 3354 2091 respondeat
3377 2035 3527 2089 tran-

1953 2097 2168 2188 quillus,
2194 2099 2493 2167 audiamus,
2516 2112 2570 2156 et
2597 2103 2881 2173 tranquille
2905 2108 3147 2166 vivamus
3169 2110 3326 2185 [Aug.
3350 2114 3387 2172 Ι.
3410 2119 3526 2188 cit.,

1954 2184 2092 2254 Quid
2128 2203 2257 2260 ergo
2294 2191 2601 2261 respondit?
2630 2191 2925 2251 Audiamus
2960 2184 3353 2270 tranquille,iet
3382 2184 3527 2264 tran;

1953 2279 2177 2349 quillum
2214 2280 2503 2354 bibamus].
2546 2280 2737 2354 (Vens.
2777 2283 2890 2357 2i.)
2930 2282 3103 2343 Unum
3139 2307 3268 2363 opus
3305 2295 3434 2365 feci,
3479 2309 3528 2355 et

1953 2385 2129 2423 omnes
2154 2369 2510 2425 admiremini.
2544 2373 2822 2442 Tanquam
2844 2377 3083 2432 diceret:
3109 2379 3246 2446 Quid
3273 2385 3318 2439 si
3347 2389 3528 2446 omnia

1952 2474 2114 2530 opera
2151 2475 2270 2515 mea
2298 2461 2591 2518 videretis?
2629 2465 2798 2534 ipsius
2832 2458 2976 2525 enim
3010 2485 3175 2539 opera
3215 2486 3373 2533 erant
3408 2494 3529 2551 quas

1952 2551 2008 2606 in
2043 2552 2243 2607 mundo
2283 2552 2556 2621 videbant,
2599 2565 2654 2610 et
2690 2557 2864 2626 ipsum
2894 2560 2984 2629 qui
3027 2559 3156 2617 fecit
3189 2566 3391 2632 omnia,
3420 2584 3527 2625 non

1952 2640 2231 2707 videbant;
2268 2641 2392 2698 fecit
2418 2660 2578 2699 unam
2609 2661 2746 2713 rem,
2776 2656 2831 2702 et
2858 2650 3057 2706 turbati
3086 2661 3238 2718 sunt,
3272 2656 3398 2725 quia
3422 2659 3527 2713 sal-

1952 2746 2078 2784 vum
2112 2730 2240 2786 fecit
2274 2732 2545 2789 hominem
2584 2736 2639 2790 in
2674 2737 2915 2792 sabbato.
2966 2759 2985 2792 ι
3024 2740 3139 2796 Non
3172 2743 3529 2817 intelligentcs

1952 2818 2233 2877 Dominum
2260 2838 2379 2878 esse
2400 2824 2607 2879 sabbati
2640 2825 2807 2881 lilium
2838 2829 3086 2896 hominis,
3127 2832 3218 2902 qui
3238 2829 3524 2898 sabbatum

1949 2918 2171 2980 propter
2207 2912 2477 2968 hominem
2511 2916 2817 2982 constituit,
2856 2935 2963 2974 non
3001 2920 3270 2976 hominem
3304 2936 3528 2997 propter

1951 2999 2254 3054 sabbatum.
2286 2999 2397 3056 Nec
2430 3001 2707 3057 sabbatum
2739 3004 3016 3071 destruxit,
3050 3008 3141 3079 qui
3177 3025 3368 3072 sanum
3398 3011 3529 3072 fecit

274 3091 419 3147 Deus
442 3091 582 3161 apud
605 3090 794 3156 Deum,
824 3097 1143 3154 comternus,
1176 3090 1513 3155 immortalis,
1543 3090 1744 3159 pariter
1769 3089 1850 3143 in-
1874 3061 1922 3125 δ
1951 3087 2220 3144 hominem
2243 3089 2299 3143 in
2324 3089 2562 3156 sabbato,
2592 3092 2714 3161 quia
2745 3095 2812 3148 ad
2837 3061 3082 3152 salutem.
3103 3069 3397 3168 hominum,
3426 3104 3525 3161 ho.

276 3180 689 3245 commutabilis,
726 3181 931 3251 pariter
964 3179 1104 3252 [sine
1138 3189 1401 3251 tempore,
1441 3180 1663 3252 pariter]
1699 3195 1851 3237 crea-

274 3281 381 3337 tor,
405 3271 740 3341 dispensator
769 3280 1088 3340 temporum,
1114 3280 1293 3326 tamen
1319 3270 1445 3343 quia
1471 3272 1619 3325 venit
1643 3271 1696 3325 in
1723 3280 1855 3326 tem-

273 3378 423 3433 pore,
455 3371 511 3418 et
537 3361 764 3417 formam
790 3362 931 3417 servi
954 3361 1182 3431 accepit,
1214 3369 1269 3416 et
1291 3361 1478 3416 habitu
1502 3369 1584 3416 est
1608 3362 1855 3417 inventus

275 3466 340 3512 nt
366 3458 542 3521 homo,
576 3456 770 3526 quierit
796 3456 1019 3526 gloriam
1046 3456 1241 3519 Patris,
1274 3470 1383 3511 non
1414 3472 1566 3512 suam
1598 3474 1610 3511 :
1642 3456 1770 3526 quid
1798 3465 1853 3511 tu

273 3548 442 3607 homo
486 3543 664 3602 facere
708 3546 890 3611 debes,
921 3547 1013 3616 qui
1052 3547 1266 3615 quando
1299 3546 1501 3616 aliquid
1536 3547 1663 3603 boni
1697 3545 1852 3611 facis,

272 3637 504 3707 gloriam
549 3645 693 3692 tuam
737 3638 964 3708 quaeris;
1013 3638 1224 3709 quando
1270 3645 1449 3692 autem
1488 3637 1689 3706 aliquid
1726 3636 1853 3695 mali

274 3727 433 3803 facis,
463 3726 573 3782 Deo
596 3727 918 3785 calumniam
954 3728 1260 3784 meditaris?
1295 3728 1515 3783 intende
1555 3728 1673 3793 tibi,
1706 3743 1856 3784 crea-

275 3829 403 3881 tura
431 3833 509 3887 es,
548 3834 780 3889 agnosce
805 3817 1149 3885 Creatorem;
1190 3834 1378 3874 servus
1411 3834 1491 3885 es,
1521 3833 1589 3872 ne
1616 3825 1857 3875 contem-

275 3923 381 3964 nas
407 3907 726 3973 Dominum;
765 3907 1047 3978 adeptatus
1083 3925 1164 3974 es,
1202 3908 1298 3963 sed
1328 3921 1436 3962 non
1473 3905 1681 3961 meritis
1719 3906 1851 3972 tuis;

272 4013 463 4068 quaere
486 3999 713 4070 gloriam
737 3999 854 4070 ejus
879 4015 907 4054 a
932 4017 1037 4071 quo
1064 4001 1231 4057 habes
1256 4001 1395 4055 hanc
1422 3999 1669 4070 gratiam,
1697 3998 1858 4071 536

272 4105 311 4144 ο
341 4088 501 4143 homo
525 4089 829 4158 adoptatus,
851 4091 1003 4161 cujus
1026 4090 1249 4162 gloriam
1275 4090 1540 4159 qumsivit,
1569 4088 1661 4159 qui
1685 4097 1769 4144 est
1788 4089 1856 4144 ab

272 4183 375 4241 illo
397 4183 587 4248 unicus
612 4189 786 4238 natus.
820 4180 925 4248 Qui
950 4191 1126 4237 autem
1152 4182 1336 4253 quaerit
1364 4181 1587 4252 gloriam
1611 4181 1746 4253 ejus,
1766 4181 1855 4251 qui

271 4272 424 4329 misit
454 4269 623 4335 illum,
660 4271 743 4326 hic
774 4286 928 4327 verax
955 4279 1046 4333 est,
1075 4279 1123 4325 et
1151 4270 1410 4339 iniustitia
1434 4270 1490 4323 in
1517 4268 1609 4323 illo
1634 4286 1737 4325 non
1758 4277 1852 4327 est.

275 4366 340 4426 in
362 4363 696 4424 Antichristo
722 4372 902 4425 autem
926 4362 1185 4433 injustitia
1211 4370 1314 4430 est,
1340 4372 1396 4425 et
1421 4378 1583 4419 verax
1608 4378 1715 4420 non
1737 4374 1852 4431 est;

278 4456 410 4526 quia
445 4454 669 4525 gloriam
705 4470 859 4510 suam
892 4456 1216 4525 quaesiturus
1250 4463 1358 4519 est,
1391 4469 1498 4510 non
1536 4455 1651 4525 ejus
1684 4471 1714 4511 a
1749 4473 1856 4527 quo

275 4548 483 4603 missus
517 4554 602 4605 est
637 4561 653 4600 :
692 4561 799 4601 non
833 4545 974 4602 enim
1009 4553 1093 4600 est
1127 4546 1354 4611 missus,
1390 4546 1486 4600 sed
1520 4545 1705 4602 venire
1736 4563 1858 4618 per-

280 4636 502 4691 missus.
543 4635 742 4692 Omnes
770 4650 901 4705 ergo
930 4635 1263 4704 pertinentes
1298 4634 1366 4688 ad
1402 4649 1601 4705 corpus
1634 4636 1856 4704 Christi,

281 4739 357 4780 ne
391 4726 706 4781 inducamur
749 4725 802 4781 in
848 4725 1093 4794 laqueum
1126 4723 1473 4790 Antichristi,
1510 4740 1619 4780 non
1653 4740 1860 4795 quaera-

285 4828 419 4871 mus:
443 4812 668 4885 gloriam
703 4822 977 4877 nostram;
1025 4810 1119 4866 sed
1152 4811 1199 4866 si
1232 4809 1320 4865 ille
1356 4811 1602 4880 quaesivit
1631 4811 1860 4882 gloriam

281 4902 406 4974 ejus
436 4903 527 4974 qui
565 4919 688 4961 eum
724 4904 872 4959 misit
905 4903 974 4957 ad
1009 4915 1130 4967 nos,
1164 4907 1367 4970 quanto
1405 4900 1576 4969 magis
1611 4915 1712 4957 nos
1744 4901 1861 4972 ejus

281 4994 380 5064 qui
426 5009 526 5050 nos
569 4993 734 5051 fecit?
780 4993 1034 5065 Sequitur
1080 5011 1093 5047 :
1144 4990 1326 5066 (Vens.
1375 4991 1461 5057 i9,
1509 4989 1623 5063 20.)
1674 4991 1862 5048 Nonne

289 5084 517 5156 Moyses,
557 5086 749 5156 inquit,
785 5086 926 5140 dedit
963 5084 1104 5140 vobis
1137 5083 1317 5156 legem,
1357 5092 1406 5137 et
1441 5098 1586 5138 nemo
1621 5097 1686 5136 ex
1721 5082 1863 5138 vobis

226 5194 235 5200 -
283 5174 416 5246 facit
454 5176 655 5248 legem?
695 5175 835 5243 Quid
871 5194 953 5232 me
985 5178 1219 5249 quaeritis
1254 5173 1584 5244 interﬁcere?
1626 5191 1644 5224 ι
1688 5185 1714 5214 α
1742 5174 1866 5229 ideo

284 5265 432 5319 enim
472 5281 560 5321 me
598 5263 839 5339 quaeritis
881 5264 1197 5330 interﬁcere,
1246 5265 1371 5335 quia
1411 5278 1570 5319 nemo
1607 5277 1673 5318 ex
1714 5262 1866 5317 vobis

289 5356 421 5413 facit
449 5355 621 5428 legem
652 5371 667 5411 :
696 5371 820 5411 nam
848 5353 893 5410 si
920 5353 1088 5425 legem
1116 5355 1396 5420 fecissetis,
1430 5355 1483 5410 in
1517 5352 1649 5426 ipsis
1668 5345 1867 5408 litteris

287 5448 566 5505 Christum
599 5447 981 5519 agnoscerctis,
1021 5456 1077 5503 et
1111 5456 1427 5517 praesentem
1463 5461 1567 5502 non
1595 5443 1867 5503 occidere-

369 5650 391 5679 ε
434 5636 510 5695 Ex
544 5642 596 5696 S.
632 5643 792 5714 Aug,
827 5649 985 5696 tract.
1021 5656 1140 5699 xxx,
1175 5655 1321 5694 num.
1349 5637 1467 5693 2-7.

1951 3179 2185 3235 minibus
2211 3180 2419 3236 sabbati
2446 3184 2687 3239 custodia
2714 3185 2838 3240 data
2866 3196 2968 3242 est.

2022 3269 2183 3325 Vens.
2208 3270 2297 3326 22.
2326 3302 2400 3312 -—
2431 3272 2712 3344 PrOpterea
2740 3275 2944 3347 Moyses
2968 3279 3110 3334 dedit
3137 3281 3280 3338 vobis
3308 3286 3529 3342 circum~

1951 3359 2216 3415 cisionem.
2255 3380 2273 3412 ι
2313 3361 2455 3418 Bene
2490 3363 2687 3420 factum
2717 3374 2828 3430 est,
2860 3375 2920 3420 ut
2946 3369 3265 3439 acciperetis
3299 3373 3530 3430 circum.

1951 3450 2209 3509 cisionem
2252 3470 2282 3507 a
2323 3453 2524 3524 Moyse,
2566 3457 2825 3526 nonquia
2865 3473 2930 3511 ex
2968 3458 3147 3528 Moyse
3186 3469 3287 3525 est,
3328 3462 3421 3517 sed
3461 3477 3530 3521 ex

1951 3545 2212 3615 patribus.
2250 3545 2519 3601 Abraham
2549 3549 2744 3615 quippe
2775 3548 2981 3616 primus
3017 3554 3223 3623 accepit
3249 3552 3528 3610 circumci-

1952 3636 2156 3691 sionem
2186 3652 2215 3689 a
2246 3636 2471 3689 Domino
2503 3634 2652 3707 (Cen.
2686 3645 2817 3701 xvii,
2847 3636 2955 3709 10).
2994 3636 3065 3693 Et
3102 3640 3155 3695 in
3191 3640 3405 3698 sabbato
3430 3645 3528 3698 τίνι

1953 3724 2244 3778 cumciditis
2279 3722 2557 3778 hominem.
2594 3720 2876 3780 Convincit
2910 3742 3005 3783 vos
3041 3727 3268 3801 Moyses.
3314 3729 3373 3787 In
3413 3733 3532 3804 lege

1953 3816 2237 3887 accepistis
2266 3823 2326 3870 ut
2356 3814 2752 3872 Circumcidetis
2785 3824 2974 3872 octavo
2999 3819 3115 3884 die;
3156 3822 3439 3892 accepistis
3475 3824 3530 3880 in

1954 3906 2088 3977 lege,
2118 3915 2178 3960 ut
2207 3906 2410 3961 vacetis
2452 3906 2680 3976 septimo
2724 3905 2841 3971 die;
2890 3904 2935 3960 si
2973 3916 3193 3962 octavus
3236 3910 3348 3964 dies
3390 3912 3533 3967 illius

1953 3997 2044 4069 qui
2072 4003 2230 4051 natus
2254 4003 2337 4050 est
2370 3995 2665 4051 occurrerit
2695 3996 2761 4051 ad
2807 3995 2947 4050 diem
2976 3997 3260 4065 septimum
3296 3999 3528 4071 sabbati,

1955 4087 2083 4158 quid
2108 4084 2351 4143 facietis?
2378 4086 2648 4143 Vacabitis
2671 4093 2733 4141 ut
2753 4088 2979 4142 servetis
3007 4086 3309 4154 sabbatum,
3334 4104 3402 4144 an
3432 4090 3531 4145 cir-

1956 4177 2272 4234 cumcidetis
2320 4185 2379 4231 ut
2428 4176 2693 4248 impleatis
2734 4185 3128 4231 sacramentum
3171 4177 3277 4234 diei
3323 4178 3533 4235 octavi?

1958 4263 2064 4321 Sed
2091 4265 2232 4330 novi,
2263 4265 2452 4334 inquit,
2487 4265 2612 4335 quid
2642 4262 2848 4320 facietis
2878 4282 2890 4317 :
2923 4263 3330 4322 Circumcidetis
3354 4266 3529 4322 homi-

1959 4371 2102 4411 nem.
2147 4354 2359 4423 Quare?
2403 4353 2536 4420 Quia
2579 4353 2917 4409 circumcisio
2948 4354 3184 4423 pertinet
3222 4356 3287 4410 ad
3315 4356 3531 4427 aliquod

1959 4447 2169 4517 signum
2198 4443 2405 4507 salutis,
2441 4451 2496 4497 et
2530 4457 2636 4497 non
2672 4442 2868 4497 debent
2905 4442 3148 4500 homines
3185 4445 3408 4503 sabbato
3440 4463 3534 4507 va.

1957 4552 2083 4594 care
2105 4552 2137 4591 a
2169 4536 2357 4592 salute.
2388 4534 2529 4607 Ergo
2550 4550 2650 4591 nec
2676 4536 2802 4589 mihi
2832 4536 3152 4605 irascamini,
3179 4541 3302 4611 quia
3329 4541 3532 4606 solrum

1957 4629 2058 4699 feci
2090 4638 2252 4684 totum
2280 4627 2541 4681 hominem
2567 4627 2623 4681 in
2647 4626 2882 4685 sabbato.

2030 4736 2193 4794 Vens.
2238 4735 2330 4794 9.5.
2374 4767 2446 4778 —
2491 4736 2552 4795 Si
2595 4740 3059 4813 circumcisionem,
3104 4747 3299 4819 inquit,
3347 4750 3533 4820 accipit

1956 4829 2110 4883 homo
2133 4829 2188 4883 in
2215 4829 2447 4895 sabbato,
2480 4839 2536 4886 ut
2560 4847 2664 4887 non
2689 4833 2922 4890 solvatur
2952 4836 3038 4893 lea:
3072 4837 3263 4911 Moysi.
3298 4836 3533 4912 (Aliquid

1960 4919 2105 4975 enim
2128 4935 2224 4991 per
2250 4920 2462 4992 Moysen
2492 4923 2544 4978 in
2576 4922 2665 4978 illa
2702 4925 3081 4983 constitutione
3108 4928 3535 4990 eircumcisionls

1959 5009 2250 5064 salubriter
2284 5010 2591 5068 institutum
2623 5012 2727 5086 est)
2762 5015 2893 5074 mihi
2937 5016 3182 5088 operanti
3218 5016 3444 5074 salutem
3477 5020 3533 5074 in

1962 5098 2186 5154 sabbato
2205 5115 2372 5169 quare
2393 5101 2772 5174 indignamini?
2796 5122 2815 5157 ε
2845 5105 3006 5162 Forte
3026 5107 3169 5163 enim
3188 5106 3279 5163 illa
3300 5108 3532 5166 circum—

1962 5187 2095 5244 cisio
2122 5189 2293 5258 ipsum
2319 5189 2603 5247 Dominum
2629 5192 2984 5266 signiﬁcabat.
3012 5195 3099 5251 cui
3124 5196 3212 5252 isti
3241 5197 3451 5255 curanti
3477 5207 3535 5254 et

1962 5278 2175 5334 saltanti
2195 5278 2629 5349 indignabantur.
2645 5279 2800 5337 iussa
2815 5291 2898 5337 est
2911 5284 3058 5340 enim
3082 5285 3326 5343 adhiberi
3343 5295 3532 5346 octava

1966 5369 2051 5424 die
2077 5383 2092 5422 :
2121 5378 2175 5423 et
2202 5370 2330 5440 quid
2354 5377 2435 5425 est
2456 5371 2812 5438 circumcisio,
2843 5374 2947 5429 nisi
2974 5376 3156 5431 carnis
3182 5377 3535 5450 exspoliatio?

1967 5458 2244 5530 Significat
2296 5476 2424 5531 ergo
2472 5462 2573 5527 ista
2623 5462 2960 5522 circumcisio
3009 5465 3449 5545 esspolistlonem
3499 5483 3534 5538 a
