4022 6194
499 332 602 393 817

1314 332 1373 385 Β.
1410 323 1476 384 ἴδ’.
1518 326 1738 385 Αωικι
1780 328 1909 385 SEU
1950 326 2221 384 ALCUINI
2260 326 2535 383 OPERUII
2574 325 2748 382 PARS
2788 325 2848 383 li.

3637 330 3736 387 868

496 453 663 508 cordo
694 445 1042 520 cupiditatum
1076 433 1389 498 carnalium.
1434 441 1546 496 Non
1584 455 1711 513 ergo
1741 439 1871 513 [Al.,
1902 436 2067 510 enim]
2100 447 2145 503 Α
2178 437 2334 493 Nunc
2352 455 2471 493 vero
2492 451 2834 509 cognoverunt
2854 440 3109 510 principes
3130 441 3251 510 quia
3271 440 3356 495 hic
3375 450 3450 495 cst
3468 439 3753 499 Christus?

499 544 617 594 sine
649 550 810 595 causa
846 534 971 589 data
1012 540 1113 598 est,
1157 540 1213 586 et
1252 532 1306 585 in
1351 546 1414 587 eo
1454 531 1696 585 membro
1734 529 1849 583 fieri
1887 528 2066 599 jussa;

499 628 749 698 quoniam
793 640 891 697 per
940 624 1068 680 illud
1115 623 1414 678 membrum
1462 629 1780 693 procreatur
1821 627 2070 676 creatura

499 720 826 776 mortalium.
864 718 944 776 Et.
966 733 1064 788 per
1093 732 1259 771 unum
1284 716 1568 771 hominem
1602 731 1769 782 mors,
1806 715 1944 770 sicut
1975 728 2074 783 per

500 810 711 883 [unum]
739 810 1010 866 hominem
1037 808 1362 863 resurrectio
1392 816 1721 863 mortuorum
1753 806 1804 879 (Ι
1829 806 1951 861 Cor.
1979 822 2069 871 xv,

494 903 618 979 2i);
658 911 713 957 et
754 916 852 972 per
889 916 1053 956 unum
1093 899 1363 954 hominem
1408 907 1686 969 peccatum
1731 898 1972 954 introivit
2015 899 2069 952 in

497 995 776 1058 mundum,
810 1000 862 1046 et
899 1007 995 1063 per
1025 998 1303 1060 peccatum
1338 1005 1484 1045 mors
1513 989 1689 1061 (Rom.
1719 1005 1772 1054 v,
1803 988 1912 1062 12).
1946 988 2071 1043 Ideo

496 1084 726 1154 quisque
773 1092 894 1138 cum
942 1080 1200 1151 prteputio
1241 1080 1499 1146 nascitur,
1540 1080 1665 1149 quia
1700 1079 1875 1134 omnis
1910 1079 2070 1133 homo

495 1191 619 1231 cum
647 1174 778 1229 vitio
802 1171 1111 1243 propaginis
1137 1171 1374 1226 nascitur
1401 1189 1414 1223 :
1442 1178 1498 1225 et
1518 1185 1625 1225 non
1654 1169 1878 1224 mundat
1904 1168 2066 1232 Deus,

496 1263 610 1320 sive
646 1279 677 1318 a
718 1263 872 1327 vitio,
911 1277 1033 1316 cum
1077 1275 1183 1329 quo
1221 1259 1521 1324 nascimur,
1550 1259 1664 1313 sive
1702 1273 1732 1311 a
1769 1259 1913 1314 vitiis
1950 1275 2069 1329 qua:

497 1347 634 1408 male
666 1352 891 1407 vivendo
924 1350 1189 1415 addimus,
1220 1349 1322 1404 nisi
1355 1362 1453 1418 per
1476 1346 1748 1403 cultellum
1776 1348 2063 1417 petriuum,

496 1443 549 1497 id
582 1450 686 1506 est,
716 1437 1009 1496 Dominum
1042 1438 1223 1495 Iesum
1253 1438 1545 1494 Christum.
1582 1437 1743 1492 Petra
1773 1438 1916 1492 enim
1952 1445 2069 1491 erat

494 1529 738 1585 Christus
772 1528 822 1601 (1
842 1527 968 1583 Cor.
999 1544 1052 1591 ι,
1084 1528 1160 1600 4).
1206 1526 1364 1597 537
1393 1526 1634 1582 Cultellis
1666 1527 1809 1581 enim
1842 1526 2070 1596 petrinis

493 1616 970 1681 circumcidebant,
1005 1623 1060 1670 et
1099 1626 1265 1686 petrae
1297 1615 1512 1669 nomine
1553 1614 1828 1670 Christum
1873 1615 2069 1686 ﬁgura-

491 1707 622 1760 bant
641 1725 653 1759 :
673 1714 728 1761 et
741 1713 1057 1776 praesentem
1078 1720 1184 1760 non
1202 1704 1575 1777 agnoscebant,
1596 1706 1691 1761 sed
1711 1706 1929 1776 insuper
1942 1722 2067 1761 eum

2172 528 2273 597 Qui
2319 539 2579 585 noverant
2621 545 2726 599 qua
2764 530 2965 585 saevitia
3004 530 3363 599 quaerebatur,
3406 531 3748 590 mirabantur

2171 634 2277 691 qua
2316 620 2557 691 potentia
2586 635 2692 675 non
2717 621 3017 676 tenebatur.
3048 621 3250 677 Deinde
3273 636 3380 677 non
3407 623 3566 693 plene
3589 623 3747 697 ιιι,

2169 708 2348 782 plane]
2379 709 2733 781 intelligentes
2761 710 2904 767 illius
2927 712 3239 781 potentiam,
3273 707 3601 783 putaverunt
3614 728 3746 774 esse

2168 798 2469 868 principum
2493 799 2797 865 scientiam,
2825 800 2966 870 quod
2995 800 3095 870 ipsi
3124 801 3475 871 cognoverint
3493 804 3745 860 eumdem

2168 901 2287 942 esse
2310 885 2610 954 Christum;
2636 889 2756 944 ideo
2781 897 3138 959 pepercerunt
3160 891 3212 945 ei
3240 906 3401 962 quem
3428 901 3579 949 tanto
3609 902 3749 951 tem—

2167 990 2298 1046 pore
2322 978 2673 1033 occidendum
2712 980 3060 1050 qumsierunt.
3095 998 3114 1034 ι
3158 980 3363 1037 Deinde
3399 983 3476 1038 illi
3513 984 3615 1054 ipsi
3650 989 3745 1056 qui

2168 1062 2416 1118 dixerant
2465 1065 2605 1135 apud
2657 1067 2974 1139 semetipsos
3024 1081 3040 1121 :
3096 1067 3351 1141 Nunquid
3399 1085 3745 1142 cognouerunt

2167 1155 2424 1225 principes
2470 1157 2593 1227 quia
2632 1158 2716 1212 hic
2751 1168 2825 1212 est
2864 1159 3143 1215 Christus?
3180 1160 3424 1218 fecerunt
3459 1164 3563 1219 sibi
3600 1180 3748 1235 quae-

2170 1245 2420 1311 stionem,
2456 1262 2561 1317 qua
2599 1248 2678 1302 eis
2704 1249 2980 1305 videretur
3010 1266 3115 1306 non
3151 1266 3274 1307 esse
3308 1251 3554 1310 Chrisms
3588 1255 3751 1328 [Hs.,

2169 1334 2464 1409 Christum]
2493 1355 2506 1390 :
2535 1338 2888 1410 adjungentes
2911 1340 3055 1396 enim
3082 1341 3334 1397 dixerunt
3364 1360 3378 1396 :
3411 1344 3597 1415 (Vnus.
3625 1347 3744 1419 27.)

2169 1423 2274 1480 Sed
2309 1426 2466 1480 istum
2509 1428 2768 1495 novimus,
2813 1430 2952 1485 unde
2989 1432 3091 1497 sit;
3131 1430 3369 1488 Christus
3409 1445 3584 1490 autem
3625 1453 3747 1490 cum

2168 1516 2381 1580 venerit,
2410 1532 2560 1570 nemo
2587 1519 2683 1571 scit
2713 1519 2851 1573 unde
2874 1519 2962 1573 sit.
2996 1539 3016 1573 ›
3048 1520 3186 1588 Quid
3214 1531 3300 1576 est
3327 1524 3470 1592 quod
3494 1523 3749 1593 dixerunt

2166 1601 2335 1659 ,ἰατιῖεί
2362 1622 2374 1657 :
2402 1602 2640 1661 Christus
2661 1623 2780 1661 cum
2806 1610 3020 1673 venerit,
3052 1625 3199 1664 nemo
3224 1611 3320 1664 scit
3343 1611 3483 1666 unde
3502 1614 3589 1678 sit,
3616 1613 3751 1668 dum.

2168 1693 2378 1750 Herode
2413 1697 2778 1769 interrogante
2810 1701 2985 1755 locum
3020 1702 3316 1758 nativitatis
3349 1703 3485 1774 ejus,
3524 1705 3749 1761 demon-

493 1796 739 1852 oecidere
777 1796 1083 1867 cupiebant.
1124 1795 1277 1862 Quod
1312 1810 1442 1868 vero
1475 1797 1858 1852 circumciditis
1896 1798 2067 1853 homi-
2099 1781 2145 1841 Β
2169 1792 2475 1841 suavem”
2494 1788 2647 1858 iuxta
2671 1791 3006 1860 Ρτορδθιίεω
3036 1790 3255 1848 mem“?
3277 1795 3573 1864 prophetae.
3599 1805 3656 1850 ει
3676 1811 3745 1851 ει

492 1903 611 1942 nem
638 1888 692 1942 in
715 1888 957 1953 sabbato,
984 1886 1260 1959 intelligite
1287 1887 1390 1942 hoc
1415 1886 1705 1958 signiﬁcari
1727 1885 1881 1960 [Ms.,
1901 1889 2065 1958 signi-

490 1978 674 2052 tlcare]
689 1994 825 2050 opus
842 1970 1062 2065 bonum,
1078 1978 1221 2049 quod
1243 1993 1340 2049 ego
1358 1977 1459 2034 feci
1482 1985 1649 2033 totum
1666 1979 1941 2035 hominem
1963 1979 2065 2034 sal-

486 2089 612 2128 vum
626 2074 678 2128 in
692 2073 934 2128 sabbato:
950 2072 1076 2143 quia
1091 2079 1145 2127 et
1159 2079 1374 2127 curatus
1385 2078 1538 2126 estut
1553 2087 1715 2126 sanus
1727 2079 1867 2126 esset
1883 2073 1936 2127 in
1948 2088 2067 2128 cor-

484 2172 706 2236 pore,et
718 2164 1012 2219 crediditut
1030 2178 1192 2217 sanus
1209 2169 1347 2217 esset
1362 2162 1415 2215 iu
1435 2171 1609 2216 mente
1623 2160 1751 2233 [Al.,
1771 2163 1824 2216 in
1837 2163 2058 2236 anima].

562 2250 722 2306 Vens.
762 2250 851 2304 24.
877 2279 948 2289 —
981 2248 1158 2302 Nolite
1182 2248 1427 2320 judicare
1460 2249 1818 2320 personaliter,
1859 2251 1950 2305 sed
1984 2269 2065 2307 re-

484 2352 625 2397 ctum
658 2341 932 2412 judicium
958 2339 1214 2409 judicatc.
1256 2357 1274 2390 (
1308 2338 1447 2406 Quid
1494 2348 1579 2394 est
1624 2340 1725 2395 hoc
1769 2341 1894 2410 quia
1940 2357 2063 2397 cum

487 2431 621 2502 (AL,
652 2431 810 2486 modo
834 2432 985 2500 quasi
1017 2430 1133 2503 per]
1161 2448 1256 2503 per
1284 2432 1454 2503 legem
1485 2433 1651 2505 Moysi
1680 2434 2064 2492 circumciditis

486 2522 538 2574 in
582 2519 823 2585 sabbato,
860 2534 969 2574 non
1014 2521 1307 2576 irascimini
1342 2521 1540 2593 Moysi;
1583 2530 1638 2578 et
1672 2524 1795 2593 quia
1838 2540 1937 2595 ego
1978 2526 2063 2582 die

483 2610 690 2666 sabbati
720 2609 924 2665 salvum
961 2609 1061 2666 feci
1091 2612 1385 2678 hominem,
1417 2612 1711 2668 irascimini
1737 2615 1906 2669 mihi?
1934 2614 2062 2670 Per-

481 2700 740 2756 sonaliter
780 2700 1067 2772 indicatis;
1111 2701 1395 2756 veritatem
1444 2701 1720 2768 attendite,
1763 2711 1819 2758 et
1856 2703 2061 2773 justum

477 2793 739 2862 judicium
771 2790 1027 2861 judicate.
1064 2790 1123 2848 Si
1152 2792 1444 2848 secundum
1472 2793 1752 2849 veritatem
1781 2795 2062 2865 judicatis,

483 2900 656 2956 neque
685 2884 922 2955 Moysen,
954 2897 1127 2952 neque
1151 2899 1236 2939 me
1257 2884 1685 2941 condemnabitis
1712 2904 1725 2940 :
1756 2895 1813 2942 et
1834 2888 2061 2944 veritate

481 2978 694 3049 cegnita
721 2992 807 3031 me
834 2976 1184 3047 cognoscetis,
1212 2976 1342 3048 quia
1366 2993 1467 3049 ego
1493 2995 1610 3034 sum
1641 2981 1859 3036 veritas.
1898 2999 1916 3031 ι
1947 2979 2061 3037 Hoc

483 3066 693 3130 vitium,
724 3065 938 3130 fratres,
962 3066 1105 3135 quod
1127 3067 1384 3124 Dominus
1412 3069 1616 3129 notavit
1640 3070 1745 3126 hoc
1768 3070 1907 3136 loco,
1934 3086 2059 3128 eva-

484 3140 613 3210 dere
640 3155 695 3209 in
723 3155 826 3211 hoc
854 3157 1049 3214 saeculo
1074 3160 1251 3231 magni
1280 3160 1480 3217 laboris
1502 3171 1604 3226 est,
1629 3178 1734 3218 non
1761 3164 2058 3236 personali-

485 3259 567 3304 ter
587 3248 853 3321 judicare,
889 3251 984 3308 sed
1024 3262 1228 3308 rectum
1259 3253 1520 3325 judicium
1563 3250 1818 3312 retinere.
1858 3256 2058 3311 Admo-

480 3341 598 3395 nuit
624 3340 839 3411 quidem
868 3342 1125 3397 Dominus
1151 3341 1381 3407 Iudaaos,
1413 3345 1506 3398 sed
1540 3345 1747 3399 monuit
1776 3360 1903 3410 nos;
1937 3344 2056 3399 illos

479 3429 766 3494 convincit,
796 3446 895 3486 nos
920 3430 1202 3496 instruxit;
1230 3430 1350 3487 illos
1376 3432 1667 3503 redarguit,
1696 3448 1795 3490 nos
1820 3432 2051 3488 exacuit.

479 3521 595 3577 Non
634 3532 884 3593 putemus
917 3524 1020 3578 hoc
1053 3523 1206 3580 nobis
1240 3523 1362 3579 ideo
1388 3538 1494 3579 non
1523 3524 1749 3590 dictum,
1775 3525 1901 3595 quia
1930 3533 2056 3580 tunc

476 3613 551 3669 ibi
585 3629 689 3669 non
723 3613 942 3669 fuimus.
975 3634 995 3667 ι
1034 3613 1143 3670 Nos
1179 3614 1362 3685 itaque
1394 3615 1474 3670 sic
1506 3614 1786 3671 audiamus
1815 3615 2056 3685 Evange-

476 3702 628 3768 lium,
656 3704 810 3773 quasi
836 3712 1155 3773 prmsentem
1177 3704 1481 3761 Dominum.
1507 3705 1585 3762 Ne
1608 3706 1888 3762 dicamus:
1911 3705 1956 3762 Ο
1981 3706 2055 3760 illi

477 3789 662 3847 felices
684 3790 775 3861 qui
800 3805 922 3846 eum
948 3792 1130 3848 videre
1156 3796 1473 3864 potuerunt!
1508 3795 1656 3850 Multi
1682 3796 1735 3850 in
1758 3795 1837 3852 eis
1858 3795 1949 3866 qui
1977 3796 2057 3850 vi-

476 3880 671 3947 derunt
698 3894 821 3936 eum
848 3881 1155 3949 carnaliter,
1193 3884 1507 3940 occiderunt
1544 3903 1557 3938 :
1599 3885 1751 3940 multi
1791 3894 1969 3941 autem
1999 3885 2053 3940 in

476 3970 650 4037 nobis,
688 3972 779 4042 qui
812 3988 921 4027 non
953 3973 1222 4040 viderunt,
1257 3976 1624 4043 crediderunt,
1661 3977 1727 4031 de
1754 3978 1949 4047 quibus
1974 3977 2054 4033 di-

475 4068 621 4114 ctum
646 4068 731 4115 est
754 4075 768 4113 :
799 4060 947 4116 Beati
974 4063 1063 4132 qui
1089 4079 1193 4118 non
1218 4063 1455 4118 viderunt
1477 4075 1524 4119 et
1547 4065 1895 4120 crediderunt.
1921 4066 2053 4133 Quis

474 4159 559 4206 est
595 4152 685 4221 qui
719 4167 824 4206 non
864 4151 1067 4220 iudicat
1099 4154 1475 4224 personaliter,
1510 4155 1613 4211 nisi
1647 4158 1739 4226 qui
1776 4158 2053 4227 aequaliter

475 4242 683 4311 diligit?
728 4242 828 4310 Qui
871 4243 1150 4312 mqualiter
1192 4258 1380 4300 omnes
1422 4245 1625 4317 diligit,
1668 4246 1947 4317 aqualiter
1985 4246 2051 4302 de

472 4331 722 4387 omnibus
748 4332 971 4403 judicat.
1029 4331 1139 4389 Nec
1170 4334 1273 4389 hoc
1310 4333 1512 4389 dictum
1553 4343 1804 4406 putemus
1843 4337 1908 4392 de
1948 4336 2051 4393 illis

2168 1875 2270 1931 hoc
2310 1886 2519 1931 certum
2560 1888 2642 1934 est
2684 1879 2860 1934 locum
2898 1881 3197 1936 nativitatis
3234 1882 3378 1939 illius
3413 1898 3509 1939 eos
3548 1888 3747 1940 nosse?

2168 1963 2274 2019 Sed
2312 1968 2759 2023 considerandum
2799 1977 2883 2025 est
2917 1970 3046 2039 quid
3087 1986 3147 2025 se
3185 1987 3346 2027 nosse
3378 1983 3649 2044 putarent,
3689 1991 3747 2031 et

2165 2058 2293 2127 quid
2320 2074 2380 2114 se
2414 2076 2521 2115 non
2560 2061 2701 2117 scire
2724 2062 2992 2117 dixerunt.
3033 2062 3235 2117 Locum
3276 2080 3402 2119 vero
3443 2068 3744 2123 nativitatis

2165 2149 2306 2204 illius
2342 2151 2583 2206 sciebant
2614 2169 2713 2223 per
2740 2155 3117 2225 prophetarum
3153 2155 3298 2210 dicta
3335 2173 3347 2210 :
3386 2159 3479 2213 sed
3505 2160 3744 2215 divinam

2154 2241 2280 2316 pejus
2306 2242 2659 2307 nativitatem,
2692 2259 2797 2315 qua
2824 2261 2890 2299 ex
2920 2246 3029 2300 Deo
3056 2246 3215 2302 Patre
3235 2250 3560 2306 mternaliter
3582 2263 3747 2308 nauis

2162 2342 2264 2399 est,
2294 2343 2512 2405 propter
2550 2337 2877 2407 impietatem
2907 2338 3085 2394 cordis
3122 2342 3204 2395 sui
3240 2342 3573 2407 nesciebant,
3602 2345 3743 2400 Isaia

2162 2423 2412 2480 dicente!
2438 2424 2832 2481 Generationem
2854 2429 2968 2499 ejus
3006 2431 3122 2500 quis
3142 2432 3405 2485 enarrabit
3435 2432 3589 2506 [Isai.
3614 2451 3740 2501 Lm,

2162 2515 2256 2588 8)?
2279 2518 2517 2587 Denique
2540 2527 2595 2573 et
2618 2518 2734 2588 ipse
2756 2519 3015 2576 Dominus
3038 2522 3105 2576 ad
3132 2530 3419 2594 utrumque
3446 2528 3741 2596 respondit,

2162 2612 2217 2659 et
2244 2605 2310 2659 de
2337 2607 2654 2663 humilitatis
2679 2607 2990 2680 fragilitate,
3015 2611 3160 2665 etde
3187 2613 3470 2668 nativitate
3489 2618 3743 2686 majesta-

2163 2693 2232 2749 tis
2255 2693 2381 2767 (Ms.
2394 2736 2408 2759 ,
2430 2697 2496 2751 de
2515 2698 2810 2755 divinitatis
2828 2699 3151 2773 majestate],
3175 2702 3390 2758 dicens:
3415 2705 3599 2776 (Vsus.
3618 2707 3745 2779 28.)

2161 2782 2435 2841 Clamabat
2460 2804 2580 2858 ergo
2609 2793 2798 2843 docens
2822 2790 2878 2844 iu
2897 2791 3083 2863 templo
3110 2792 3266 2848 Iesus
3287 2807 3306 2846 .'
3329 2803 3376 2848 et
3398 2812 3480 2849 me
3502 2798 3667 2863 scitis,
3691 2810 3743 2852 et

2159 2875 2298 2930 unde
2320 2876 2438 2939 sim,
2462 2878 2624 2932 scitis.
2650 2878 2817 2935 Recte
2834 2896 2964 2952 ergo
2984 2882 3138 2949 dixit,
3162 2894 3311 2939 etme
3332 2888 3514 2953 nostis,
3535 2897 3583 2941 et
3598 2890 3745 2944 unde

2160 2966 2258 3020 sim
2307 2968 2473 3022 scitis.
2522 2967 2581 3023 id
2628 2978 2741 3036 est,
2795 2972 3084 3027 secundum
3134 2989 3353 3030 carnem
3401 2978 3746 3034 nativitatem

2160 3070 2336 3111 meam
2366 3058 2557 3123 nosus,
2599 3067 2654 3114 et
2691 3060 3026 3117 nobilitatem
3066 3074 3347 3135 parentum
3386 3082 3652 3133 meorum,
3683 3080 3742 3125 et

2159 3142 2391 3216 elﬁgiem
2431 3146 2609 3202 vultus
2646 3149 2752 3203 mei
2791 3149 2961 3205 nostis
3002 3168 3015 3204 :
3059 3153 3351 3208 secundum
3400 3155 3745 3213 divinitatem

2158 3244 2337 3291 autem
2373 3252 2480 3292 non
2518 3238 2707 3305 nostis,
2741 3241 2866 3310 quia
2902 3256 2933 3295 a
2967 3256 3054 3296 me
3080 3243 3197 3312 ipso
3231 3258 3334 3298 non
3358 3245 3495 3310 veni,
3520 3247 3616 3301 sed
3648 3259 3746 3305 est

2156 3336 2317 3384 verus
2341 3330 2432 3401 qui
2458 3345 2545 3386 me
2569 3331 2733 3397 misit,
2758 3347 2917 3402 quem
2945 3348 3039 3389 vos
3066 3336 3306 3391 nescitis.
3339 3354 3357 3387 i
3392 3336 3495 3392 Sed
3518 3347 3575 3393 ut
3596 3355 3743 3398 eum

2155 3419 2354 3482 sciatis,
2396 3420 2599 3477 credite
2639 3421 2693 3475 in
2731 3436 2853 3477 eum
2878 3437 3038 3492 quem
3077 3425 3242 3490 misit,
3284 3435 3340 3481 et
3379 3427 3557 3483 scietis
3581 3435 3742 3499 quod

2156 3523 2315 3564 nemo
2337 3510 2471 3564 vidit
2496 3509 2665 3565 Deum
2693 3527 2950 3582 unquam,
2981 3514 3082 3568 nisi
3112 3516 3420 3587 unigenitus
3441 3517 3605 3575 Filius
3634 3524 3734 3592 qui

2154 3606 2239 3653 est
2264 3598 2317 3653 in
2347 3599 2468 3653 sinu
2492 3599 2691 3667 Patris,
2718 3610 2776 3656 et
2801 3604 2916 3673 ipse
2939 3607 3178 3661 narravit
3205 3623 3218 3658 :
3246 3615 3302 3661 et
3331 3605 3543 3663 Patrem
3568 3625 3741 3666 nemo

2154 3694 2439 3764 cognovit,
2470 3695 2575 3750 nisi
2600 3695 2788 3764 Filius,
2818 3707 2873 3755 et
2901 3700 2985 3755 cui
3013 3701 3244 3757 voluerit
3270 3702 3437 3759 Filius
3469 3705 3737 3763 revelare.

2161 3804 2179 3838 ‹
2214 3785 2455 3858 Denique
2485 3803 2605 3843 cum
2632 3789 2856 3847 dixisset
2883 3810 2896 3845 :
2926 3793 3017 3847 sed
3039 3802 3115 3848 est
3141 3810 3312 3860 uerus,
3341 3798 3433 3867 qui
3460 3798 3599 3851 misit
3627 3817 3733 3867 me,

2151 3892 2305 3947 quem
2346 3893 2434 3931 uos
2479 3880 2705 3945 nescitis,
2748 3888 2811 3935 ut
2851 3882 3160 3938 ostenderet
3202 3884 3303 3949 eis,
3346 3887 3486 3941 unde
3522 3890 3737 3957 possint

2153 3965 2293 4020 scire
2318 3967 2459 4035 quod
2487 3966 2815 4033 nesciebant,
2844 3970 3105 4042 subjecit:
3132 3972 3319 4044 (Vens.
3344 3975 3458 4047 29.)
3482 3976 3596 4047 Ego
3621 3980 3735 4033 scio

2151 4071 2289 4109 eum.
2321 4054 2650 4129 538'Ergo
2672 4074 2703 4113 a
2728 4075 2815 4115 me
2835 4062 3077 4131 quaerite,
3100 4070 3161 4117 ut
3181 4064 3365 4121 sciatis
3383 4080 3523 4121 eum.
3546 4067 3736 4134 Quare

2151 4154 2330 4199 autem
2359 4147 2472 4201 scio
2498 4149 2659 4202 eum?
2688 4148 2827 4215 Quia
2856 4151 2920 4205 ab
2946 4154 3058 4223 ipso
3083 4170 3221 4220 sum,
3249 4166 3299 4210 et
3325 4157 3434 4227 ipse
3460 4175 3541 4212 me
3559 4161 3733 4215 misit.

2152 4234 2430 4306 Magniﬁce
2449 4245 2735 4309 utrumque
2755 4244 3093 4298 monstravit.
3117 4243 3193 4298 Ab
3218 4246 3351 4316 ipso,
3371 4246 3561 4317 inquit,
3585 4266 3733 4314 sum,

2150 4328 2276 4397 quia
2311 4327 2479 4384 Filius
2511 4329 2579 4385 de
2609 4331 2771 4388 Patre
2802 4351 2816 4387 :
2848 4342 2903 4389 et
2933 4336 3188 4407 quidquid
3213 4347 3298 4393 est
3324 4337 3506 4405 Filius,
3535 4340 3602 4395 de
3634 4342 3738 4396 illo

471 4437 608 4493 quos
632 4437 731 4492 pro
757 4421 960 4478 honore
985 4424 1246 4494 graduum
1275 4423 1488 4480 diverso
1516 4425 1677 4481 modo
1701 4427 2046 4493 honoramus,

2161 4427 2234 4474 est
2257 4419 2411 4490 cujus
2442 4431 2528 4478 est
2558 4422 2741 4480 Filius.
2774 4425 2899 4482 Ideo
2931 4427 3217 4484 Dominum
3252 4430 3436 4487 Iesum
3471 4433 3735 4502 dicimus,

472 4511 567 4567 sed
594 4512 660 4565 de
690 4510 795 4565 illis
818 4527 1046 4580 quorum
1074 4528 1264 4569 causas
1290 4513 1582 4583 dijudieare
1602 4513 1873 4585 jubemur.

546 4617 567 4652 ι
605 4611 632 4642 ι
665 4601 920 4658 Dominus
959 4602 1124 4672 igitur
1148 4602 1306 4659 Iesus
1345 4619 1450 4660 non
1492 4605 1798 4672 manifeste,
1828 4607 1920 4662 sed
1960 4623 2049 4663 oc-

2151 4508 2318 4564 Deum
2361 4512 2427 4566 de
2469 4512 2611 4579 Deo;
2657 4513 2872 4570 Patrem
2911 4521 3019 4571 uon'
3046 4519 3272 4576 dicimus
3300 4521 3466 4577 Deum
3491 4522 3559 4578 de
3590 4524 3736 4590 Deo,

2148 4600 2241 4655 sed
2267 4610 2475 4657 tantum
2498 4604 2672 4666 Deum
2702 4624 2714 4659 :
2746 4614 2800 4661 et
2828 4607 3056 4664 dicimus
3079 4610 3368 4668 Dominum
3394 4611 3577 4669 Iesum
3596 4656 3616 4682 ,
3649 4617 3737 4673 lu-

468 4688 615 4747 culte
637 4691 879 4746 ascendit
902 4692 971 4747 ad
1005 4692 1145 4749 diem
1184 4691 1401 4761 festum,
1436 4711 1542 4751 non
1572 4697 1696 4765 quia
1736 4696 1957 4752 timebat
1990 4704 2049 4750 ut
2146 4704 2269 4743 men
2296 4690 2363 4745 de
2402 4690 2633 4757 Ιιηηὶηθς
2675 4695 2891 4750 Patrem
2932 4712 3037 4752 non
3061 4697 3289 4755 dioimus
3327 4700 3506 4757 iumen
3536 4703 3611 4758 de
3648 4705 3738 4759 lu-

470 4778 622 4855 [Hs.,
654 4779 742 4852 ne]
775 4788 1067 4849 teneretur,
1093 4782 1246 4852 cujus
1269 4793 1509 4854 potestas
1534 4796 1732 4842 eratut
1758 4803 1866 4842 non
1900 4797 2048 4843 tene-

2161 4777 2309 4842 nine,
2337 4780 2431 4836 sed
2455 4789 2662 4838 tantum
2687 4783 2886 4840 lumen.
2914 4786 2995 4842 Ad
3023 4788 3125 4843 hoc
3148 4804 3277 4860 ergo
3300 4790 3555 4860 pertinet,
3579 4799 3737 4863 quod

470 4879 646 4937 retur;
684 4872 778 4928 sed
812 4882 872 4927 ut
901 4874 1247 4945 significaret,
1276 4877 1389 4946 jam
1428 4875 1579 4949 [Ms.,
1617 4878 1803 4951 etiam]
1840 4879 1893 4934 in
1908 4880 2046 4950 'ipso
2145 4868 2280 4923 ἀίιίι
2301 4886 2315 4923 τ
2339 4869 2416 4923 ΑΙ)
2442 4871 2554 4941 ipso
2581 4888 2715 4927 διεῖπε
2743 4873 2895 4941 Ουοά
2922 4885 3101 4933 autem
3126 4877 3321 4933 νίάεῑίε
3346 4894 3433 4935 me
3457 4880 3508 4935 in
3531 4895 3732 4947 eam.

468 4964 554 5018 die
597 4962 754 5028 festo,
799 4965 889 5035 qui
929 4965 1299 5021 eelebrabatur
1340 4983 1370 5021 a
1412 4967 1625 5032 Judceis,
1670 4969 2043 5025 occultandam

2161 4977 2250 5031 pse
2283 4978 2365 5016 me
2397 4964 2556 5018 misit.
2597 4964 2699 5020 Ubi
2732 4967 2901 5030 audis,
2933 4969 3041 5038 ipse
3077 4985 3158 5023 me
3187 4971 3351 5036 misit,
3383 4971 3489 5026 noli
3523 4972 3741 5029 intelli-

468 5052 652 5124 [Aug.,
689 5067 749 5109 se
780 5053 1062 5126 occultari]
1106 5062 1160 5108 et
1200 5070 1354 5110 suum
1397 5069 1517 5111 esse
1554 5056 1887 5127 mysterium.
1936 5057 2043 5113 Sed

2161 5064 2268 5119 gere
2293 5060 2498 5107 naturae
2525 5053 3034 5122 dissimilitudinem,
3064 5057 3158 5113 sed
3187 5061 3495 5129 generantia
3529 5071 3740 5117 aucta»

466 5155 592 5196 mox
618 5142 865 5212 apparuit
889 5151 1148 5214 potestas,
1179 5159 1297 5214 qua:
1322 5146 1610 5215 putabatur
1632 5147 1887 5204 timiditas
1913 5167 1927 5203 :
1959 5148 2040 5202 lo—
2141 5140 2376 5196 Thalem.
2416 5160 2435 5194 ι

466 5229 731 5298 quebatur
757 5233 901 5287 enim
929 5232 1105 5303 palam
1132 5232 1185 5288 in
1214 5231 1303 5289 die
1332 5232 1491 5300 festo,
1523 5234 1597 5290 ita
1628 5246 1687 5291 ut
1715 5238 2041 5294 mirarentur

2209 5253 2373 5309 Vnus.
2401 5253 2489 5309 30.
2514 5285 2585 5296 —
2612 5254 2925 5322 Quirrebant
2950 5274 3073 5329 ergo
3099 5275 3218 5315 eum
3243 5263 3650 5331 apprehendere,
3683 5278 3741 5321 es

469 5318 637 5417 tum
654 5358 670 5384 ,
721 5328 778 5374 et
820 5320 1088 5388 dicerent.
1140 5322 1283 5392 quod
1330 5323 1661 5393 audiVimus.
1710 5342 1834 5382 cum
1881 5327 2038 5384 ιθοίῖο
2138 5358 2287 5396 nemo
2306 5343 2446 5397 misit
2470 5336 2525 5396 in
2547 5318 2700 5397 illum
2724 5361 2932 5411 manus,
2953 5318 3076 5417 quia
3101 5318 3331 5403 nondum
3358 5361 3569 5405 venerat
3586 5318 3742 5411 t3};

468 5401 788 5502 leg-eretur:
813 5429 864 5502 ι⁸
884 5499 902 5502 _
1088 5501 1096 5502 ί
2135 5430 2282 5497 ejus;
2309 5428 2414 5483 hoc
2441 5436 2556 5496 est,
2588 5431 2714 5500 quia
2743 5401 2979 5489 nolebat:
3009 5401 3742 5502 Quienimivoluntatevl't;

537 5492 816 5600 tused,
838 5499 926 5554 $6.
949 5531 1021 5541 —
1047 5501 1243 5600 lienus-
1259 5504 1344 5557 hic
1371 5514 1443 5558 est
1466 5521 1617 5575 quem
1641 5508 1935 5600 quau-ebant
1955 5509 2035 5562 iu-
2135 5492 2223 5571 tus
2260 5492 2364 5581 est,
2400 5492 2675 5576 voluntate
2709 5536 2902 5593 passus
2927 5492 3056 5590 est,~
3069 5526 3209 5582 sicut
3242 5492 3433 5587 horam
3468 5492 3745 5600 ιπέγίᾶι

466 5581 736 5650 ταβοετεΐ
768 5586 837 5641 Et
867 5605 982 5643 ecce
1014 5590 1191 5660 palam
1224 5591 1469 5663 loquitur,
1506 5607 1557 5648 et
1593 5595 1723 5650 nihil
1757 5597 1805 5651 ei
1831 5596 2029 5652 dicunt.
2135 5604 2234 5661 sibi
2266 5606 2563 5664 nativitatis
2590 5581 2729 5680 suae;
2752 5612 2825 5668 ita
2865 5581 3055 5671 horam
3081 5581 3738 5692 praedestinavitr

540 5704 566 5734 ι
603 5690 680 5751 Ex
703 5692 761 5749 S.
788 5696 951 5767 Aug.,
977 5706 1135 5753 tract.
1169 5716 1316 5766 xxxi,
1348 5716 1495 5755 num.
1528 5703 1641 5758 1-4.
