4022 6194
320 357 425 417 ιω

1127 336 1536 415 caecarum.
1577 389 1648 400 —
1682 352 2034 416 conatum.
2070 353 2140 409 lN
2173 353 2360 412 JOAN.
2401 387 2470 395 ..-
2509 356 2634 411 us.
2664 355 2752 411 Iv.

3466 355 3571 414 850

318 470 410 526 nis
430 480 560 522 sure.
602 464 661 524 Si
695 465 830 521 hora
867 467 1059 522 mortis
1092 477 1290 522 nostra:
1325 467 1457 540 [Al.,
1485 467 1617 540 sum]
1649 468 1793 525 illius
1817 473 1903 522 est
1931 469 1974 523 Δ
2001 465 2171 519 iturus
2213 475 2326 531 est,
2367 476 2416 521 et
2457 467 2703 521 docturus
2741 468 2954 537 gentes?
2995 467 3111 523 Non
3149 467 3294 522 enim
3331 463 3571 523 sciebant

317 558 591 623 voluntas,
621 564 823 625 quanto
858 557 1029 627 magis
1061 558 1192 612 hora
1218 557 1483 627 passionis
1519 572 1629 612 sua:
1666 556 1721 610 in
1757 555 1901 610 arbi-

317 650 429 706 trio
456 646 750 702 voluntatis
780 661 892 703 suae
913 648 1094 702 venit?
1127 666 1145 698 ι
1183 647 1373 719 Magna
1399 648 1563 718 igitur
1589 647 1897 702 misericor-

320 740 410 795 dia
454 737 667 793 Domini
714 737 887 791 nostri
931 736 1060 792 Jesu
1101 735 1324 801 Christi,
1369 736 1570 791 factum
1611 751 1731 791 esse
1776 750 1898 791 eum

322 836 544 899 propter
575 841 675 882 nos
708 828 763 880 in
802 835 1059 897 tempore,
1103 841 1199 896 per
1232 841 1393 896 quem
1429 825 1567 880 facta
1605 833 1729 879 sunt
1766 833 1901 879 tem-

322 933 489 988 pora;
522 915 721 972 factum
745 930 863 971 esse
889 917 1030 971 inter
1057 916 1236 971 omnia
1256 956 1269 980 ,
1297 931 1396 986 per
1422 931 1583 985 quem
1606 913 1744 970 facta
1774 920 1901 969 sunt

322 1010 503 1065 omnia
527 1027 539 1063 :
566 1009 765 1064 factum
786 1023 904 1063 esse
927 1007 1068 1077 quod
1091 1006 1217 1063 fecit
1239 1005 1391 1079 [Ms.,
1417 1008 1557 1076 quod
1577 1005 1749 1061 factus
1768 1004 1895 1077 est],

321 1110 384 1157 ut
413 1101 649 1157 salvaret
676 1098 819 1169 quod
856 1097 1075 1153 fecerat.
1117 1098 1312 1152 Factus
1335 1105 1418 1152 est
1441 1097 1583 1151 enim
1616 1097 1778 1151 homo
1806 1095 1897 1165 qui

322 1194 594 1249 hominem
619 1191 842 1255 fecerat,
866 1206 933 1245 ne
957 1191 1160 1261 periret
1184 1190 1324 1260 quod
1352 1188 1569 1244 fecerat.
1593 1188 1898 1244 Secundum

320 1285 466 1339 hanc
487 1282 937 1353 dispensationem
958 1282 1070 1352 jam
1098 1290 1323 1336 venerat
1346 1282 1480 1336 hora
1507 1282 1818 1347 nativitatis,
1844 1291 1899 1337 et

324 1386 484 1433 natus
504 1384 621 1432 erat
644 1393 657 1429 :
681 1375 773 1430 sed
801 1373 1036 1428 nondum
1052 1380 1274 1429 venerat
1298 1373 1433 1427 hora
1460 1374 1755 1444 passionis;
1780 1372 1899 1427 ideo

322 1466 557 1521 nondum
583 1479 773 1535 passus
797 1472 934 1527 erat,
968 1459 1138 1533 {quia
1168 1463 1394 1519 necdum
1413 1472 1636 1517 venerat
1663 1464 1816 1529 hora,
1843 1464 1896 1519 in

324 1573 428 1627 qua
455 1556 565 1626 pati
591 1555 859 1611 voluisset.
887 1554 1013 1609 Ideo
1043 1555 1095 1608 in
1126 1569 1284 1609 cruce
1309 1553 1507 1624 legitur
1529 1568 1652 1607 eum
1678 1554 1894 1619 dixisse,

218 1650 221 1653 ’
323 1648 451 1703 dum
493 1645 671 1699 omnia
717 1640 955 1715 perfecta
1001 1642 1211 1699 fuerant
1257 1641 1549 1698 secundum
1594 1640 1899 1711 Scripturas

320 1737 706 1807 prophetarum
727 1776 742 1801 ,
776 1744 1190 1789 consummatum
1221 1742 1316 1788 est.
1359 1733 1425 1787 Et
1452 1732 1700 1787 inclinato
1734 1735 1900 1804 capite

2000 556 2127 625 quid
2152 557 2387 613 dixerint
2414 556 2567 630 [Ms.,
2590 559 2730 629 quod
2758 558 3061 632 dixerunt];
3092 560 3186 616 sed
3215 562 3337 631 quia
3366 561 3453 617 ille
3477 576 3570 617 vo-

1998 645 2116 712 luit,
2151 649 2626 718 prophetaverunt.
2665 650 2842 706 Iturus
2877 651 3019 707 enim
3051 659 3169 707 erat
3210 651 3468 709 Dominus
3503 655 3569 707 ad

1998 748 2204 807 gentes,
2231 753 2337 793 non
2363 740 2647 810 prazscntia
2687 742 2929 812 corporis
2954 742 3056 802 sui,
3107 761 3127 794 ›
3175 742 3269 797 sed
3304 750 3573 813 potestate

1997 829 2176 883 divina
2199 831 2252 884 in
2290 830 2565 900 discipulis
2601 833 2731 895 suis,
2756 833 2821 887 de
2859 831 3054 901 quibus
3093 832 3228 887 dixit
3261 833 3565 903 Propheta:

2001 919 2172 985 Quam
2208 919 2414 991 pulchri
2453 921 2615 992 539
2651 932 2769 977 sunt
2807 925 2959 992 pedes
2983 924 3446 994 erangelizantium
3470 939 3568 995 pa-

1998 1026 2138 1075 cem,
2172 1009 2638 1080 euangelizandum
2663 1012 2797 1067 bona
2831 1011 3005 1083 (Rom.
3036 1031 3091 1077 x,
3122 1015 3244 1087 15)?
3280 1016 3337 1070 In
3365 1016 3451 1070 his
3473 1031 3568 1086 pc-

1998 1096 2153 1152 dibus
2177 1096 2427 1154 Christus
2453 1099 2629 1155 iturus
2660 1107 2779 1154 erat
2804 1100 2872 1154 ad
2910 1111 3113 1171 gentes,
3142 1112 3196 1157 et
3220 1118 3321 1173 per
3351 1119 3446 1160 eos
3468 1105 3568 1160 do-

1997 1193 2183 1241 cturus
2228 1195 2433 1257 gentes,
2478 1197 2540 1243 ut
2581 1188 2739 1245 tidem
2786 1192 3116 1261 accepissent
3156 1201 3361 1262 gentes,
3408 1209 3568 1264 quam

1997 1272 2163 1329 Judaei
2208 1280 2547 1346 spreverunt.
2589 1277 2690 1345 Qui
2717 1295 2904 1334 verum
2936 1283 3257 1349 nescientes,
3285 1286 3571 1355 propheta-

1996 1372 2210 1429 verunt,
2238 1366 2329 1436 qui
2357 1365 2508 1439 [Ms.,
2540 1368 2688 1440 quia]
2716 1377 2770 1424 et
2794 1370 3174 1440 ignoraverunt
3198 1374 3470 1430 Christum
3493 1377 3573 1431 di-

1996 1459 2206 1506 centem
2252 1470 2265 1506 :
2311 1453 2382 1507 Et
2420 1456 2510 1510 ubi
2549 1472 2640 1527 ego
2679 1473 2817 1522 sum,
2861 1474 2951 1511 vos
2991 1475 3093 1512 non
3130 1462 3341 1530 potestis
3379 1464 3566 1517 uenire.

1998 1542 2175 1609 Quare
2213 1560 2318 1599 non
2344 1546 2572 1615 potestis
2600 1549 2818 1602 venire?
2853 1549 2981 1618 quia
3008 1563 3114 1604 non
3142 1550 3303 1607 vultis
3327 1553 3567 1607 credere.

1998 1632 2136 1698 Quid
2158 1643 2242 1689 est
2266 1635 2409 1705 quod
2433 1636 2587 1701 dixit,
2616 1636 2706 1693 ubi
2736 1655 2849 1693 sum
2872 1656 2985 1710 ego,
3012 1640 3115 1695 nisi
3143 1641 3197 1694 in
3223 1642 3340 1696 sinu
3370 1643 3568 1706 Patris,

1997 1724 2462 1793 consentpiteruus
2488 1725 2635 1781 Patri
2664 1728 2822 1782 sum?
2849 1728 2906 1782 In
2936 1736 3082 1783 terra
3108 1728 3444 1799 loquebatur,
3475 1734 3570 1788 sed

323 1799 545 1881 ἱναᾶίάεε
575 1799 816 1896 spiritum
855 1824 1035 1896 (Joan.
1072 1840 1194 1890 xix,
1230 1823 1340 1896 so).
1375 1824 1512 1878 Dum
1544 1838 1674 1879 vero
1706 1799 1896 1890 voluit,
1931 1799 1973 1859 Β
1999 1812 2055 1868 in
2083 1813 2259 1870 Patris
2288 1815 2407 1870 sinu
2433 1831 2492 1872 se
2517 1832 2638 1873 esse
2662 1819 3014 1875 monstrabat.

323 1925 694 1971 consummata
723 1914 936 1971 fuerunt
962 1931 1082 1985 quae
1106 1916 1171 1970 de
1194 1930 1259 1970 eo
1285 1915 1485 1984 scripta
1508 1923 1671 1970 sunt:
1696 1924 1750 1970 et
1773 1930 1900 1971 con-

322 2005 606 2060 summatis
623 2004 887 2068 omnibus,
910 2011 1180 2075 potestate
1197 2003 1413 2073 propria
1433 2004 1609 2058 emisrt
1629 2004 1896 2074 spiritum.

884 2131 1110 2188 CAPUT
1148 2130 1331 2185 XVIII.

326 2221 510 2277 Multis
545 2221 610 2275 de
647 2221 799 2275 turba
837 2220 1161 2275 credentibus
1198 2219 1427 2290 plurima
1466 2218 1725 2290 loquitur,
1768 2223 1905 2276 inter

326 2306 329 2307 '
394 2308 512 2362 quae
540 2291 613 2344 ait
643 2304 661 2342 :
692 2290 793 2356 Qui
822 2290 968 2362 sitit.
991 2290 1176 2362 veniat
1201 2290 1269 2362 ad
1289 2304 1421 2362 me,
1451 2298 1506 2362 et
1531 2290 1701 2362 bibat.
1740 2290 1903 2362 Mco-

395 2358 545 2442 demo
576 2375 775 2430 quoque
802 2360 865 2413 de
897 2358 1163 2413 audientia
1199 2360 1362 2429 ipsius
1400 2359 1660 2414 resistitur
1693 2378 1725 2414 a
1760 2359 1904 2414 Plia-

400 2446 590 2483 ηδωιε.

402 2560 423 2593 ι
458 2552 485 2580 ι
514 2538 595 2594 De
621 2540 772 2594 turba
797 2550 970 2594 autem
999 2539 1149 2594 multi
1179 2539 1508 2593 crediderunt
1536 2541 1591 2594 in
1615 2556 1751 2594 eum.
1794 2539 1903 2594 Hu-

325 2630 484 2685 miles
502 2637 557 2684 et
575 2643 841 2698 pauperes
863 2628 1041 2683 salvos
1064 2627 1297 2683 faciebat
1316 2627 1575 2683 Dominus
1598 2645 1611 2681 :
1634 2628 1904 2698 principes

324 2720 686 2785 insaniebant,
712 2728 765 2775 et
788 2720 906 2774 ideo
932 2721 1197 2775 medicum
1223 2734 1329 2775 non
1359 2720 1531 2774 solum
1558 2719 1709 2793 [non]
1740 2736 1903 2793 agno-

325 2811 570 2877 scebant,
598 2812 692 2866 sed
720 2812 880 2866 etiam
900 2811 1145 2867 occidere
1172 2812 1476 2882 cupiebant.
1508 2813 1637 2866 Erat
1656 2813 1900 2883 quaedam

322 2903 507 2967 turba,
552 2917 670 2972 qua:
695 2917 865 2957 suam
910 2903 1281 2974 aegritudinem
1324 2905 1432 2959 cito
1467 2902 1620 2971 vidit,
1667 2914 1722 2960 et
1760 2905 1904 2962 illius

326 2988 650 3049 medicinam
692 2995 807 3049 sine
835 2994 1088 3049 dilatione
1115 2997 1382 3067 cognovit.
1418 3017 1437 3049 ι
1472 2996 1601 3064 Qua:
1633 3006 1899 3054 commota

325 3081 603 3137 miraculis
628 3082 873 3146 credidit,
907 3082 1236 3153 principibus
1260 3083 1315 3138 in
1346 3084 1658 3140 infidelitate
1682 3101 1901 3141 manen-

323 3171 489 3227 tibus.
540 3171 732 3244 (Vsus.
777 3171 900 3243 ΒΞ.)
950 3170 1020 3225 Et
1065 3172 1342 3227 audierunt
1388 3173 1647 3229 Pharisari
1693 3176 1898 3229 turbam

325 3270 737 3317 murmurantem
771 3262 835 3315 de
872 3261 964 3314 illo
1002 3261 1132 3315 lucc.
1169 3262 1293 3317 Ideo
1327 3263 1509 3319 audita
1541 3264 1898 3320 multitudinis

325 3351 432 3407 ﬁde
459 3352 884 3417 murmurabant,
908 3353 1034 3423 quia
1059 3352 1307 3408 Christus
1330 3353 1680 3424 gloriabatur.
1705 3358 1771 3411 Et
1791 3358 1897 3413 cito

324 3442 592 3499 miserunt
614 3443 908 3507 ministros.
939 3453 997 3498 ut
1022 3459 1143 3499 eum
1172 3446 1704 3514 comprehenderent,
1738 3465 1897 3519 quem

322 3532 724 3603 apprehendere
792 3550 900 3589 non
953 3542 1251 3604 potuerunt
1290 3537 1462 3593 adhuc
1513 3539 1782 3596 nolentem
1838 3550 1897 3596 ut

327 3624 896 3694 comprehenderetur;
926 3627 1019 3683 sed
1043 3627 1328 3683 audierunt
1352 3629 1658 3695 docentem,
1687 3632 1777 3703 qui
1805 3648 1896 3688 ve-

327 3722 518 3769 nerant
553 3716 968 3784 apprehendere.
1002 3717 1187 3790 (Vens.
1218 3718 1332 3792 35.)
1372 3718 1513 3776 Dixit
1546 3739 1667 3793 ergo
1691 3722 1847 3778 Iesus
1874 3738 1892 3776 :

327 3802 508 3857 Adhuc
546 3805 808 3859 modicum
849 3815 1048 3878 tempus
1086 3809 1349 3863 vobiscum
1391 3827 1526 3876 sum,
1568 3821 1616 3865 et
1652 3813 1785 3866 uado
1826 3814 1895 3867 ad

323 3909 442 3945 eum
469 3895 558 3964 qui
584 3895 723 3947 misit
749 3910 849 3949 me.
879 3912 898 3946 ‹
928 3896 1081 3961 Quod
1107 3898 1263 3955 modo
1290 3897 1452 3951 vultis
1476 3897 1675 3961 facere,
1703 3898 1896 3955 facturi

322 3981 475 4044 estis,
508 3981 603 4034 sed
630 3995 738 4034 non
774 3983 949 4046 modo,
979 3984 1102 4053 quia
1136 3987 1295 4040 modo
1328 3986 1469 4040 nolo.
1511 3986 1689 4053 Quare
1722 3989 1895 4043 adhuc

320 4067 487 4123 modo
512 4068 670 4123 nolo?
705 4068 839 4135 Quia
877 4072 1051 4127 adhuc
1087 4074 1356 4129 modicum
1387 4084 1595 4147 tempus
1619 4078 1894 4135 vobiscum

319 4174 469 4227 sum,
496 4166 552 4215 et
578 4167 704 4215 tunc
730 4161 865 4217 vado
891 4162 957 4217 ad
985 4178 1108 4219 eum
1134 4165 1224 4235 qui
1250 4165 1396 4220 misit
1422 4182 1528 4222 me.
1555 4168 1781 4239 Implere
1805 4171 1895 4226 de-

323 4252 429 4307 beo
476 4251 927 4322 dispensationem
976 4270 1183 4321 meam,
1228 4263 1284 4312 et
1330 4256 1453 4330 [sic]
1501 4260 1782 4327 pervenire
1826 4262 1895 4317 ad

327 4343 626 4415 passionem
663 4359 858 4399 meam.
899 4343 1084 4416 (Vsus.
1114 4346 1228 4417 54.)
1267 4344 1523 4412 Qua’rctis
1557 4366 1670 4414 me,
1707 4360 1756 4405 et
1792 4368 1894 4407 non

325 4434 612 4499 invenietis,
653 4442 702 4488 et
746 4434 833 4488 ubi
874 4452 991 4490 sum
1026 4451 1136 4505 ego,
1180 4452 1269 4492 vos
1309 4454 1413 4492 non
1454 4440 1663 4509 potestis
1699 4442 1891 4497 venire.

330 4540 349 4573 ε
387 4522 483 4577 llic
499 4523 611 4594 jam
638 4526 1085 4581 resurrectionem
1111 4542 1262 4581 suam
1288 4529 1535 4599 praedixit
1562 4547 1576 4583 :
1607 4530 1894 4586 noluerunt

323 4626 446 4669 eum
493 4629 782 4685 agnoscere
829 4624 1166 4685 przesentem,
1219 4625 1275 4674 et
1311 4628 1498 4689 postea
1542 4622 1889 4691 quaesierunt,

324 4718 445 4757 cum
470 4704 715 4759 viderent
752 4706 1144 4763 multitudinem
1179 4708 1292 4779 jam
1331 4712 1658 4767 credentem.
1704 4712 1892 4783 Magna

321 4792 465 4845 enim
501 4793 652 4864 signa
681 4792 817 4848 facta
845 4801 990 4861 sunt,
1018 4797 1180 4851 etiam
1214 4814 1335 4853 cum
1371 4801 1628 4856 Dominus
1654 4816 1892 4858 resurre—

320 4882 405 4936 xit
429 4888 485 4936 et
511 4883 753 4938 ascendit
781 4883 833 4938 in
862 4885 1078 4940 cmlum.
1127 4886 1277 4943 Tunc
1316 4904 1415 4959 per
1441 4890 1727 4960 discipulos
1752 4891 1890 4948 facta

317 4977 450 5023 sunt
466 4984 690 5041 magna;
723 4973 817 5028 sed
839 4973 927 5029 ille
954 4990 1054 5045 per
1077 4976 1217 5043 illos,
1241 4977 1377 5051 [qui]
1403 4988 1459 5036 et
1485 4997 1582 5052 per
1601 4997 1659 5038 se
1680 4984 1883 5055 ipsum:

322 5056 437 5125 ipse
460 5059 653 5129 quippe
680 5058 785 5115 illis
798 5060 1036 5118 dixerat:
1057 5062 1184 5119 Sine
1204 5067 1426 5122 meniltil
1447 5073 1657 5140 potestis
1669 5072 1839 5142 facere
1864 5095 1882 5127 ι

321 5144 503 5209 (Ιοαπ.
552 5163 641 5213 xv,
689 5147 764 5221 5).
811 5149 989 5216 Quare
1027 5160 1459 5224 non'potuerunt
1500 5161 1719 5215 venire?
1754 5164 1888 5230 Quia

320 5236 606 5291 noluerunt
631 5240 872 5305 credere,
913 5243 1039 5311 quia
1068 5245 1244 5300 nullus
1280 5246 1394 5301 sine
1430 5246 1533 5300 ﬂde
1568 5249 1759 5306 salvari
1798 5268 1891 5322 po-

322 5333 445 5380 test.
494 5324 677 5399 (Vans.
723 5329 837 5402 55.)
890 5348 910 5380 ι
962 5331 1219 5390 Dixerunt
1260 5354 1381 5408 ergo
1425 5338 1631 5406 Judwi,
1680 5360 1783 5398 non
1824 5346 1889 5401 ad

322 5414 493 5483 ipsum
515 5457 530 5480 ,
567 5417 662 5472 sed
691 5417 760 5470 ad
784 5419 975 5487 seipsos
1012 5433 1028 5470 :
1059 5419 1173 5484 Quo
1202 5424 1284 5479 hic
1311 5427 1483 5481 iturus
1512 5439 1616 5495 est,
1643 5432 1766 5497 quia
1790 5449 1892 5486 non

320 5505 639 5562 inveniemus
683 5510 842 5563 eum?
884 5509 1137 5581 Nunquid
1173 5514 1226 5569 in
1258 5517 1623 5588 dispersione»:
1666 5526 1891 5595 gentium

397 5698 423 5725 ³
464 5685 523 5741 S.
554 5687 715 5759 Aug,
745 5690 844 5747 Inc.
880 5693 970 5749 cit.
1008 5710 1150 5749 num.
1184 5695 1325 5749 7-l0.

1921 3134 1969 3198 C

2076 1925 2095 1959 ι
2125 1907 2154 1949 δ
2184 1907 2330 1965 Inter
2350 1917 2575 1967 caeteras
2613 1912 3035 1983 dispensationes
3063 1916 3269 1971 Domini
3300 1918 3488 1982 nostri,
3514 1927 3571 1971 et

1996 1996 2274 2054 doctrinas
2311 1999 2500 2055 salutis
2528 2008 2749 2069 nostrae,
2774 2010 2830 2057 et
2856 2003 3218 2061 dubitationes
3260 2003 3569 2060 Iudaeorum

1999 2088 2068 2144 de
2082 2090 2306 2145 Domino
2320 2089 2446 2146 Iesu
2466 2091 2681 2147 Christo
2703 2107 2822 2163 quae
2845 2095 3002 2162 dixit,
3027 2098 3221 2167 quibus
3241 2097 3330 2153 alii
3344 2096 3569 2154 confun-

2000 2178 2273 2244 dereutur,
2301 2177 2392 2232 alii
2413 2180 2764 2246 docerentur;
2791 2183 3067 2237 novissimo
3092 2184 3384 2253 festiuitatis
3424 2188 3570 2244 illius

1997 2268 2083 2323 die
2109 2268 2260 2342 (tunc
2285 2269 2429 2326 enim
2453 2270 2555 2325 ista
2585 2272 2899 2341 agebantur,
2927 2289 3048 2343 quae
3085 2276 3422 2346 appellantur
3442 2278 3572 2334 Sce-

2001 2361 2248 2430 n0pegia,
2295 2361 2346 2414 id
2388 2368 2498 2423 est,
2533 2359 3001 2417 tabernaculorum
3039 2367 3427 2440 constructio),
3456 2368 3567 2443 [de]

2001 2466 2105 2520 qua
2145 2451 2438 2506 festivitate
2475 2450 2589 2519 jam
2630 2460 2790 2508 antea
2832 2455 3078 2509 meminit
3116 2457 3354 2515 charitas
3391 2471 3569 2521 vestra

2004 2540 2168 2595 fuisse
2213 2541 2526 2617 dissertum,
2574 2550 2733 2597 vocat
2775 2543 3035 2598 Dominus
3061 2544 3336 2615 Christus,
3371 2561 3426 2605 et
3467 2551 3571 2606 hoc

2001 2646 2107 2686 non
2142 2640 2414 2703 utcunque
2455 2632 2740 2702 loquendo,
2767 2634 2860 2688 sed
2901 2633 3201 2702 clamando,
3230 2647 3290 2692 ut
3332 2641 3422 2709 qui
3456 2642 3572 2696 sitit

2002 2723 2182 2777 veniat
2208 2723 2275 2778 ad
2317 2738 2461 2778 eum.
2492 2722 2550 2778 Si
2587 2723 2821 2790 sitimus,
2846 2724 3152 2794 veniamus;
3194 2737 3248 2783 et
3277 2746 3401 2785 non-
3420 2731 3571 2800 pedi-

1999 2812 2119 2879 bus,
2146 2812 2242 2868 sed
2285 2812 2591 2880 affectibus;
2637 2829 2739 2870 nec
2767 2814 3066 2886 migrando,
3094 2818 3189 2873 sed
3226 2820 3452 2875 amando
3476 2835 3569 2875 ve-

2001 2904 2231 2960 niamus.
2262 2901 2578 2973 Quanquam
2606 2904 2900 2959 secundum
2935 2906 3247 2963 interiorem
3273 2910 3565 2980 hominem,

2000 3001 2053 3049 et
2078 2994 2170 3064 qui
2209 3001 2354 3048 amat
2378 2994 2592 3065 migrat.
2619 2994 2724 3050 Sed
2761 2995 2905 3051 aliud
2926 3004 3013 3050 est
3050 2998 3283 3068 migrare
3320 3015 3565 3073 corpore,

2001 3086 2144 3143 aliud
2174 3088 2335 3143 corde
2359 3104 2372 3140 :
2404 3088 2599 3157 migrat
2620 3102 2867 3158 corpore,
2895 3089 2987 3158 qui
3013 3097 3159 3145 motu
3190 3094 3429 3164 corporis
3454 3111 3567 3151 mu.

2001 3183 2079 3230 tat
2106 3175 2310 3241 locum;
2335 3176 2533 3245 migrat
2558 3177 2742 3242 corde,
2769 3177 2864 3246 qui
2889 3186 3037 3232 motu
3064 3180 3242 3235 cordis
3284 3190 3452 3237 mutat
3483 3182 3566 3239 af-

1998 3265 2215 3322 fectum.
2249 3265 2306 3321 Si
2331 3265 2473 3321 aliud
2501 3282 2672 3333 amas,
2702 3267 2847 3322 aliud
2872 3269 3107 3331 amabas,
3138 3285 3245 3325 non
3273 3272 3345 3327 ibi
3369 3288 3446 3339 es,
3474 3274 3572 3332 ubi

1997 3356 2557 3427 eras.Clamabatergo
2566 3356 2720 3412 nobis
2732 3347 2987 3412 Dominus
3001 3374 3014 3411 :
3032 3357 3217 3414 Stabat
3227 3368 3275 3414 et
3286 3361 3571 3420 clamabat:

2067 3446 2230 3501 Vens.
2258 3446 2351 3511 38,
2374 3446 2466 3502 59.
2488 3477 2560 3486 —
2585 3445 2647 3503 Si
2675 3447 2795 3518 quis
2824 3447 2954 3511 sitit,
2987 3448 3153 3502 veniat
3183 3449 3252 3503 ad
3285 3467 3385 3515 me,
3415 3461 3465 3505 et
3493 3452 3571 3506 bi-

1998 3535 2102 3589 bat.
2134 3534 2236 3601 Qui
2267 3535 2431 3589 credit
2472 3538 2528 3591 in
2555 3554 2655 3601 me,
2686 3539 2819 3593 sicut
2854 3537 2979 3591 dicit
3019 3538 3311 3608 Scriptura,
3348 3542 3568 3610 ﬂumina

1996 3623 2060 3677 de
2088 3634 2260 3679 uentre
2300 3623 2413 3694 ejus
2449 3625 2615 3693 ﬂuent
2658 3641 2807 3694 aqua:
2837 3626 2980 3678 vium.
3016 3642 3033 3673 ι
3062 3624 3200 3690 Quid
3246 3628 3348 3682 hoc
3391 3638 3566 3696 esset,

1995 3713 2209 3780 quando
2230 3711 2555 3781 evangelista
2576 3712 2842 3780 exposuit,
2867 3711 3145 3768 immorari
3166 3730 3270 3771 non
3292 3717 3564 3776 debemus.

1998 3797 2148 3857 Unde
2171 3802 2314 3855 enim
2344 3800 2540 3855 dixerit
2568 3800 2827 3856 Dominus
2852 3819 2865 3855 :
2898 3800 2957 3857 Si
2989 3804 3105 3873 quis
3141 3806 3271 3872 sitit,
3300 3810 3471 3863 veniat
3497 3813 3567 3865 ad

1995 3906 2096 3954 me,
2128 3900 2176 3944 ct
2202 3890 2372 3955 bibat;
2400 3897 2455 3945 et
2500 3890 2604 3956 Qui
2641 3892 2802 3946 credit
2831 3894 2886 3947 in
2914 3910 3016 3959 me,
3043 3897 3264 3965 ﬂumina
3306 3900 3372 3954 de
3397 3913 3568 3957 ventre

1993 3982 2107 4052 ejus
2144 3983 2305 4051 ﬂuent
2344 3998 2492 4052 aqum
2519 3982 2661 4047 victe,
2700 3993 3092 4054 consequenter
3117 3992 3363 4057 exposuit
3390 3992 3567 4048 Evan-

1994 4072 2203 4143 gelista,
2233 4070 2461 4126 dicens:
2491 4070 2604 4125 Hoc
2645 4081 2818 4126 autem
2859 4073 2991 4128 dixit
3032 4074 3097 4128 de
3142 4074 3370 4145 Spiritu,
3413 4096 3566 4150 quem

1995 4163 2254 4233 accepturi
2287 4170 2436 4218 erant
2481 4163 2743 4218 credentes
2768 4166 2825 4218 in
2866 4181 3004 4219 eum.
3034 4164 3149 4221 Hoc
3190 4173 3399 4221 tantum
3428 4170 3567 4223 scia-

1995 4266 2133 4317 mus,
2159 4251 2302 4322 quod
2332 4252 2398 4308 de
2426 4252 2690 4307 charitate
2718 4255 2822 4309 hoc
2866 4253 3135 4311 clamabat
3178 4255 3435 4312 Dominus
3477 4256 3567 4313 Je-

1995 4355 2107 4397 sus.
2141 4360 2160 4394 ‹
2190 4341 2399 4398 Clamat
2427 4348 2556 4414 ergo
2575 4350 2630 4398 et
2656 4343 2806 4410 dicit,
2840 4352 2898 4399 ut
2918 4346 3196 4402 veniamus
3217 4355 3271 4401 et
3296 4348 3561 4413 bibamus,

1995 4434 2041 4490 si
2072 4435 2218 4491 intus
2244 4436 2361 4490 sitit
2401 4436 2614 4490 animus
2652 4434 2833 4506 [άπερ.
2871 4436 2916 4489 si
2946 4436 3092 4491 intus
3121 4437 3410 4509 sitiamus],
3438 4440 3564 4508 quia

1996 4540 2119 4580 cum
2147 4524 2463 4588 biberimus,
2501 4522 2718 4577 ﬂumina
2742 4539 2895 4594 aquae
2930 4526 3065 4580 viva:
3100 4524 3265 4582 fluent
3287 4528 3354 4583 de
3378 4535 3563 4583 ventre

1995 4622 2201 4669 nostro.
2232 4615 2435 4670 Venter
2464 4614 2740 4671 interioris
2767 4615 3001 4671 hominis
3025 4619 3354 4676 conscientia
3385 4622 3564 4677 cordis

1996 4710 2080 4757 est
2120 4701 2268 4774 [Ms.,
2297 4701 2455 4773 ejus].
2498 4702 2676 4758 Bibito
2716 4718 2844 4774 ergo
2889 4706 2993 4761 isto
3021 4707 3248 4777 liquore,
3294 4711 3565 4768 reviviscit

1996 4800 2223 4864 purgata
2265 4793 2618 4860 conscientia,
2661 4802 2715 4851 et
2758 4796 3012 4852 hauriens
3062 4796 3262 4854 fontem
3312 4801 3561 4866 habebit;

1996 4884 2160 4938 etiam
2190 4883 2305 4954 ipsa
2331 4881 2450 4938 fons
2474 4884 2598 4939 erit.
2626 4883 2764 4951 Quid
2790 4893 2873 4940 est
2908 4885 3050 4952 fons,
3078 4888 3160 4942 vel
3188 4890 3318 4959 quid
3355 4900 3441 4945 est
3466 4889 3575 4945 Ωιι-ο.

1995 4973 2115 5028 vius
2134 4973 2225 5043 qui
2253 4981 2471 5028 emanat
2495 4973 2561 5028 de
2590 4983 2777 5030 ventre
2805 4974 3075 5031 interieris
3105 4978 3371 5033 hominis?
3395 4977 3564 5035 Bene-

1994 5063 2228 5118 volentia
2268 5078 2374 5133 qua
2401 5064 2516 5118 vult
2544 5064 2825 5120 consulere
2850 5066 3114 5135 proximo.
3144 5066 3202 5123 Si
3239 5068 3383 5124 enim
3411 5079 3566 5140 putet

1993 5156 2120 5224 quia
2148 5156 2288 5226 quod
2336 5157 2472 5212 bibit
2516 5158 2614 5213 soli
2658 5158 2760 5228 ipsi
2802 5159 2962 5215 debet
3003 5159 3266 5227 sullicere,
3293 5177 3401 5217 non
3428 5162 3565 5217 .lluit

1996 5258 2133 5312 aqua
2156 5243 2279 5297 viva
2308 5244 2376 5299 de
2398 5255 2582 5301 ventre
2607 5246 2722 5315 ejus
2747 5264 2760 5301 :
2791 5248 2834 5303 si
2860 5256 3041 5304 autem
3075 5251 3323 5318 proximo
3345 5250 3564 5308 festinat

1996 5333 2295 5399 consulere,
2326 5335 2444 5390 ideo
2470 5352 2602 5394 non
2621 5337 2804 5403 siccat,
2834 5340 2962 5407 quia
2988 5346 3221 5395 emanat.
3250 5341 3565 5398 Videbimus

1998 5420 2126 5490 quid
2153 5436 2296 5475 nunc
2338 5422 2405 5477 sit
2446 5423 2586 5490 quod
2629 5424 2818 5478 bibunt
2846 5426 2938 5495 qui
2982 5428 3208 5485 credunt
3246 5429 3302 5485 in
3346 5430 3558 5487 Deum:

2000 5504 2121 5574 quia
2150 5506 2331 5575 utique
2373 5504 2664 5562 Christiani
2707 5524 2912 5577 sumus,
2938 5519 2993 5568 et
3018 5513 3064 5569 si
3093 5515 3383 5582 credimus,
3421 5517 3560 5573 bibi-

2068 5705 2095 5747 ὶί
2120 5705 2194 5761 Ex
2227 5705 2282 5760 S.
2309 5704 2465 5778 Aug,
2491 5716 2646 5765 tract.
2677 5726 2843 5781 xxx",
2872 5730 3017 5772 num.
3053 5716 3097 5780 l,
3122 5715 3173 5771 8.
3247 5760 3255 5767 .
