4000 6190
507 318 605 380 851

1377 316 1438 370 Β.
1477 314 1539 370 F.
1578 308 1802 369 ALBlNl
1841 312 1971 370 SEU
2007 307 2285 368 ALCUINI
2319 306 2600 368 OPERUM
2636 313 2814 371 PARS
2850 312 2915 370 ll.

3639 314 3747 375 85"!

474 436 481 441 ’
507 447 649 492 mus.
670 434 740 491 Et
761 431 1128 502 unusquisque
1149 431 1204 486 in
1226 444 1285 486 se
1305 429 1463 485 debet
1481 440 1825 496 cognoscere.
1848 426 1893 481 si
1921 424 2074 480 bibit.
2104 425 2150 483 Δ
2182 421 2296 493 ipsa
2336 421 2596 489 Ecclesia,
2624 439 2745 495 qua:
2782 434 2868 481 est
2891 440 3084 497 corpus
3111 426 3334 493 Christi,
3361 431 3596 485 omnium
3623 448 3758 503 gen—

509 525 579 582 Et
603 525 648 581 si
685 521 838 588 bibit,
874 519 1137 591 largiatur
1176 534 1242 576 ex
1278 533 1345 575 eo
1372 517 1514 589 quod
1554 516 1693 572 bibit
1720 514 1903 589 [Aug.,
1930 522 1984 572 et
2026 513 2073 571 si

506 614 638 672 vivit
664 628 734 669 ex
753 626 843 678 eo,
867 610 1013 680 quod
1050 606 1240 681 bibit];
1269 623 1377 663 non
1402 607 1547 663 enim
1569 621 1670 662 nos
1697 604 1896 661 deserit
1932 602 2073 671 fons,

504 704 685 759 sinon
719 701 1032 757 deseramus
1064 698 1286 755 fontem.
1321 716 1341 750 ι
1366 697 1626 767 Exposuit
1660 695 1984 767 evangelista
2020 702 2075 751 ct

503 792 669 858 dixit,
704 790 847 847 unde
888 789 1147 846 Dominus
1188 789 1495 847 clamasset,
1535 786 1604 843 ad
1632 785 1844 855 qualem
1889 791 2072 855 potum

502 882 803 946 invitasset,
829 880 1024 949 quidve
1048 894 1118 936 ex
1153 878 1459 936 bibentibus
1489 876 1643 949 [Hs.,
1683 875 1810 944 quid
1838 873 2071 929 bibenti-

499 969 623 1044 bus]
651 971 1010 1042 propinasset,
1040 970 1224 1025 dicens
1248 986 1261 1020 :
1294 965 1409 1022 Hoc
1431 976 1602 1021 autem
1630 964 1830 1019 dicebat
1858 963 1924 1018 de
1954 962 2074 1033 Spi-

500 1062 640 1129 ritu,
668 1078 822 1134 quem
866 1061 1125 1132 accepturi
1158 1068 1307 1114 erant
1351 1056 1613 1113 credentes
1653 1056 1707 1110 in
1741 1072 1878 1110 eum.
1917 1054 2071 1109 Non-

499 1154 627 1209 dum
668 1152 805 1207 enim
851 1160 963 1206 erat
996 1148 1223 1222 Spiritus
1250 1148 1427 1214 datus,
1469 1146 1594 1217 quia
1635 1144 1791 1199 Jesus
1842 1144 2070 1198 nondum

500 1243 673 1312 fuerat
698 1240 1038 1312 gloriﬁcatus.
1061 1239 1230 1307 Quem
1256 1238 1386 1293 dicit
1409 1237 1675 1308 spiritum,
1703 1236 1806 1290 nisi
1828 1244 2069 1291 sanctum

502 1331 786 1403 [Spiritum
797 1329 842 1403 ‘2‘]
867 1329 999 1385 Nam
1021 1329 1390 1399 unusquisque
1416 1328 1576 1384 homo
1602 1328 1763 1383 habet
1789 1328 1844 1381 in
1867 1342 1923 1383 se
1945 1342 2071 1397 pro-

497 1423 677 1492 prium
713 1421 993 1491 spiritum,
1022 1421 1077 1476 id
1112 1428 1211 1484 est,
1255 1420 1508 1475 animam.
1550 1419 1742 1474 Anima
1775 1417 1927 1490 illa,
1956 1419 2071 1473 ani.

501 1525 667 1567 mum.
692 1507 941 1583 Animus]
974 1509 1115 1569 enim
1157 1508 1417 1580 cujusque
1443 1506 1559 1576 ejus
1587 1516 1671 1566 est
1716 1508 1958 1578 spiritus.
1994 1507 2070 1563 De

499 1616 609 1672 quo
634 1598 767 1657 dicit
799 1600 994 1655 Paulus
1018 1600 1324 1670 apostolus:
1356 1598 1486 1665 Quis
1517 1602 1651 1654 enim
1678 1602 1773 1655 scit
1800 1600 2068 1654 hominum

496 1706 616 1760 quae
639 1699 759 1744 sunt
783 1688 1031 1754 hominis,
1057 1690 1159 1743 nisi
1183 1690 1393 1759 spiritus
1422 1689 1644 1744 hominis
1668 1690 1755 1759 qui
1780 1690 1835 1742 in
1859 1690 1969 1760 ipso
1993 1698 2067 1742 est

2180 513 2313 568 tium
2338 513 2532 584 linguis
2559 513 2814 584 loquitur.
2846 514 2999 582 Quod
3026 524 3155 572 tunc
3183 517 3234 571 in
3260 518 3532 588 primitiva
3569 520 3761 579 Ecde-

2174 604 2252 659 sia
2280 604 2664 677 prmsignatum
2687 613 2790 671 est,
2815 620 2937 676 quae
2963 607 3018 660 in
3039 605 3221 662 Judaea
3248 624 3353 662 una
3384 606 3760 670 tantummodo

2173 702 2332 764 gente
2371 693 2581 749 initiata
2622 703 2726 760 est,
2771 711 2916 751 nunc
2942 712 3073 752 vero
3097 712 3165 752 ex
3207 699 3459 754 omnibus
3505 701 3758 772 gentibus

2173 790 2513 854 congregata.
2556 782 2832 849 Quomodo
2859 799 2990 839 vero
3031 801 3167 841 unus
3194 793 3323 843 tunc
3364 788 3524 844 homo
3563 788 3755 861 loque-

2171 873 2331 928 batur
2367 874 2618 930 omnibus
2643 874 2861 945 linguis,
2906 875 2980 931 ita
3009 876 3166 931 modo
3192 877 3370 932 unitas
3414 886 3612 933 sancta:
3651 874 3756 935 Ec-

2172 963 2350 1019 clesia:
2375 963 2624 1019 omnibus
2643 961 2882 1033 loquitur
2909 964 3125 1036 linguis.
3159 984 3178 1017 ι
3205 964 3514 1037 Accipimus
3540 982 3672 1039 ergo
3700 976 3756 1023 et

2172 1068 2271 1109 nos
2316 1049 2575 1123 Spiritum
2623 1060 2902 1120 sanctum,
2946 1055 2993 1109 si
3041 1069 3287 1110 amamus
3337 1055 3668 1121 Ecclesium,
3706 1058 3750 1113 si

2171 1142 2434 1198 charitate
2460 1142 2925 1213 compaginamur,
2952 1144 2995 1199 si
3024 1141 3287 1200 catholico
3315 1146 3534 1201 nomine
3563 1154 3619 1201 et
3648 1147 3755 1203 fide

2170 1230 2483 1301 gaudemus.
2520 1229 2688 1301 Igitur
2714 1240 2975 1308 quantum
3002 1235 3230 1304 quisque
3274 1241 3420 1290 amat
3456 1234 3755 1291 Ecelesiam

2169 1320 2389 1385 Christi,
2407 1327 2609 1375 tantum
2622 1320 2785 1376 habet
2797 1319 3055 1392 Spiritum
3066 1332 3326 1389 sanctum.
3341 1323 3611 1379 Habemus
3622 1340 3754 1395 ergo

2148 1409 2430 1480 .Spiritum
2476 1417 2744 1476 sanetum,
2785 1410 2829 1466 si
2857 1427 3101 1468 amamus
3147 1412 3476 1479 Ecclesiam;
3508 1428 3755 1468 amamus

2169 1505 2365 1557 autem.
2394 1498 2437 1552 si
2468 1498 2523 1552 in
2555 1498 2673 1568 ejus
2699 1513 2955 1571 compage
2994 1508 3051 1555 et
3078 1501 3341 1557 cbaritate
3383 1501 3754 1573 consentimus

2170 1586 2321 1660 [Ms.,
2337 1586 2725 1662 consistimus],
2740 1605 2899 1659 quam
2911 1590 3193 1662 Apostolus
3204 1592 3452 1647 omnibus
3464 1591 3753 1647 virtutibus

2170 1676 2491 1732 fiducialiter
2510 1680 2820 1748 prmposuit.
2839 1678 3151 1750 Quicunque
3169 1681 3338 1751 ipsam
3358 1681 3539 1745 habet,
3555 1688 3750 1736 cuncta

501 1777 555 1849 (I
578 1777 701 1833 Cor.
723 1793 783 1842 ιι,
809 1777 931 1848 ll)?
953 1777 1055 1833 Sed
1081 1779 1211 1848 quid
1233 1787 1314 1834 est
1340 1779 1483 1849 quod
1504 1780 1580 1833 ait
1605 1798 1617 1832 :
1648 1778 1770 1833 Non
1792 1779 1928 1833 enim
1956 1788 2067 1833 erat

2171 1765 2390 1822 habebit
2416 1768 2589 1835 bona;
2621 1769 2746 1838 quia
2776 1769 2891 1824 sine
2917 1766 3008 1824 illa
3035 1769 3167 1824 nihil
3191 1770 3460 1841 proderit,
3490 1770 3749 1841 quidquid

499 1865 728 1939 Spiritus
755 1867 930 1934 datus,
963 1870 1087 1940 quia
1113 1869 1270 1925 Iesus
1305 1869 1534 1924 nondum
1561 1877 1674 1924 erat
1710 1869 2070 1940 gloriﬁcatus?

498 1957 749 2029 Nunquid
775 1974 885 2016 non
927 1960 1148 2031 spiritus
1186 1961 1289 2016 fuit
1331 1961 1386 2016 in
1416 1962 1620 2018 sanctis
1664 1960 1757 2017 Dei
1788 1961 2067 2032 prophetis

499 2059 554 2107 et
580 2051 921 2121 patriarchis,
951 2053 1043 2122 qui
1087 2052 1255 2108 multa
1281 2066 1379 2121 per
1404 2050 1662 2120 Spiritum
1703 2060 1947 2106 sanctum
1981 2050 2067 2104 fu-

499 2151 623 2199 tura
647 2144 1049 2213 praedixerunt?
1074 2144 1242 2214 igitur
1266 2153 1323 2199 et
1345 2144 1616 2199 Elisabcth
1651 2142 1845 2212 legitur
1866 2142 2067 2212 Spiritu

503 2242 693 2290 sancto
737 2234 940 2304 repleta
981 2249 1124 2299 esse,
1163 2242 1218 2289 ct
1244 2233 1531 2289 Zacharias
1565 2232 1835 2297 similiter,
1858 2232 2068 2288 dicente

500 2324 830 2394 evangelista
866 2343 881 2379 :
930 2324 999 2380 Et
1047 2323 1332 2379 Zacharias
1377 2333 1525 2395 pater
1568 2325 1682 2395 ejus
1732 2323 1953 2394 repletus
1995 2334 2071 2379 est

501 2407 709 2480 Spiritu
732 2418 935 2477 sancto,
964 2417 1011 2463 et
1040 2408 1356 2479 prophetarit
1380 2406 1529 2480 (Luc.
1560 2423 1603 2473 ι,
1631 2407 1745 2479 67).
1788 2406 1926 2474 Quid
1965 2415 2065 2471 est,

499 2499 647 2571 quod
678 2499 844 2556 dicit:
874 2499 1102 2570 Spiritus
1141 2508 1352 2555 sanctus
1398 2498 1616 2554 necdum
1660 2499 1834 2568 fuerat
1877 2498 2072 2553 datus?

505 2607 526 2641 ι
555 2588 716 2645 Multa
737 2603 864 2661 ergo
881 2588 1077 2645 indicia
1101 2589 1454 2660 praecedentis
1481 2586 1666 2660 [Aug.,
1685 2588 2068 2661 praecedentia]

501 2679 735 2753 Spiritus
756 2681 927 2737 sancti
953 2681 1235 2746 habemus,
1264 2687 1552 2751 antequam
1581 2678 1844 2734 Dominus
1869 2678 2071 2749 glorifi-

499 2775 722 2827 caretur
748 2770 1143 2826 resurrectione
1185 2769 1366 2825 carnis
1409 2784 1550 2835 suae;
1582 2782 1687 2823 non
1715 2768 1862 2823 enim
1905 2767 2069 2822 alium

500 2864 748 2935 spiritum
773 2863 937 2919 etiam
983 2865 1258 2935 prophetae
1297 2865 1621 2929 habuerunt,
1664 2864 1756 2934 qui
1797 2863 2071 2919 Christum

502 2964 786 3013 venturum
814 2957 1324 3027 prtenuntiaverunt.
1364 2955 1470 3013 Sed
1498 2957 1689 3012 modus
1730 2956 1948 3026 quidam
1989 2952 2072 3007 fu-

501 3052 656 3101 turns
699 3052 821 3100 erat
865 3044 1166 3102 donationis
1215 3042 1409 3117 [Aug.,
1455 3043 1718 3118 dationis]
1766 3046 1944 3116 hujus,
1978 3042 2070 3115 qui

499 3133 718 3190 omnino
760 3143 921 3191 antea
965 3150 1071 3190 non
1101 3142 1450 3206 apparuerat:
1483 3136 1549 3192 de
1579 3137 1694 3207 ipso
1722 3137 1811 3192 hic
1852 3137 2069 3192 dicitur.

502 3220 776 3293 Nusquam
809 3223 952 3279 enim
979 3223 1206 3295 legimus
1231 3232 1388 3281 antea
1431 3234 1783 3296 congregatos
1827 3227 2073 3284 homines

500 3320 722 3383 accepto
750 3311 954 3384 Spiritu
982 3322 1192 3380 sancto,
1226 3315 1422 3385 linguis
1449 3316 1689 3370 omnium
1714 3319 1953 3387 gentium
1990 3319 2074 3374 lo-

500 3409 655 3456 cutos
683 3400 866 3456 fuisse.
895 3403 1023 3457 Post
1064 3403 1509 3463 resurrectionem
1557 3413 1738 3460 autem
1776 3422 1927 3462 suam
1958 3411 2073 3479 pri-

502 3505 672 3557 mum,
715 3491 930 3563 quando
969 3492 1215 3562 apparuit
1245 3492 1519 3562 discipulis
1564 3495 1697 3560 suis,
1742 3497 1878 3551 dixit
1923 3499 2069 3554 illis:

503 3583 734 3655 Accipite
767 3582 928 3656 540
953 3582 1208 3654 Spiritum
1235 3593 1472 3639 sanetum
1508 3584 1688 3656 (Joan.
1731 3602 1823 3652 xx,
1854 3588 1966 3660 22).
1999 3591 2075 3644 De

504 3675 607 3730 hoc
645 3689 774 3745 ergo
801 3675 1002 3731 dictum
1031 3682 1147 3729 est:
1181 3673 1306 3729 Non
1329 3681 1442 3728 erat
1478 3673 1706 3744 Spiritus
1747 3676 1922 3743 datus,
1952 3681 2074 3749 quia

503 3761 659 3819 lesus
681 3763 910 3816 nondum
929 3771 1039 3815 erat
1058 3761 1398 3831 gloriﬁcatus.
1421 3760 1489 3816 Et
1513 3765 1785 3835 insuﬂlavit
1810 3767 1864 3820 in
1887 3767 2076 3836 facient

504 3867 686 3907 eorum
714 3849 868 3923 (Cen.
890 3867 953 3919 ιι,
973 3850 1048 3924 7).
1074 3850 1190 3919 Quo
1210 3851 1337 3908 flatu
1361 3854 1592 3924 primum
1620 3857 1889 3912 hominem
1915 3875 2077 3929 quem

506 3943 652 4009 fecit,
683 3942 989 4010 viviticavit,
1015 3951 1070 4000 et
1091 3945 1157 4001 de
1180 3945 1308 4001 limo
1335 3947 1536 4011 erexit;
1561 3964 1668 4018 quo
1691 3948 1818 4005 ﬂatu
1842 3952 2073 4006 animam

503 4036 762 4093 membris
798 4038 916 4107 ejus
951 4037 1126 4103 dedit;
1163 4038 1470 4109 signiﬁcans
1497 4040 1642 4096 enim
1669 4043 1915 4098 eumdem
1956 4058 2076 4100 esse

505 4132 772 4202 spiritum,
815 4146 976 4201 quem
1004 4131 1291 4187 insulllavit
1329 4132 1509 4204 [Aug.,
1534 4135 1841 4204 signiﬁcans
1864 4152 1987 4192 eum
2017 4153 2076 4194 se

500 4238 644 4290 esse,
673 4224 768 4292 qui
802 4222 1110 4295 insulllavit]
1137 4224 1190 4279 in
1232 4223 1420 4279 faciem
1448 4240 1655 4290 eorum,
1684 4235 1744 4281 ut
1771 4243 1801 4282 a
1842 4228 1955 4284 luto
1981 4244 2075 4284 ex-

505 4320 806 4385 surgerent,
831 4320 885 4367 et
908 4313 1067 4368 luteis
1093 4313 1344 4384 operibus
1372 4315 1760 4370 renuntiarent.
1789 4316 1938 4372 Tunc
1965 4319 2073 4388 pri-

504 4417 649 4458 mum
677 4410 800 4473 post
832 4403 1283 4458 resurrectionem
1319 4419 1470 4458 suam
1499 4404 1777 4471 Dominus,
1804 4421 1964 4475 quam
1993 4408 2073 4463 di-

503 4493 579 4549 cit
607 4493 928 4563 evangelista
972 4492 1435 4565 glorificationem,
1476 4495 1623 4550 dedit
1663 4496 1937 4567 discipulis
1963 4499 2076 4553 suis

506 4584 766 4655 Spiritum
804 4592 1068 4640 sanctum.
1100 4585 1300 4640 Deinde
1329 4594 1692 4643 commoratus
1729 4603 1852 4643 cum
1876 4582 1974 4644 'eis
2006 4605 2075 4642 ιι.

509 4673 727 4738 diebus,
760 4681 820 4727 ut
862 4673 999 4729 liber
1041 4672 1271 4729 Aetuum
1313 4674 1671 4742 apostolorum
1713 4678 2071 4743 demonstrat,

506 4761 638 4832 ipsis
681 4763 1006 4829 videntibus,
1048 4770 1103 4818 et
1128 4764 1358 4819 videndo
1403 4765 1807 4830 deducentibus,
1834 4767 2077 4823 ascendit

505 4850 562 4909 in
598 4853 792 4911 calum
823 4853 959 4925 (Act.
985 4871 1026 4919 ι,
1050 4856 1107 4920 5,
1131 4852 1207 4927 9).
1243 4854 1320 4910 lbi
1362 4856 1596 4925 peractis
1640 4856 1826 4912 decem
1867 4856 2073 4920 diebus,

505 4943 593 5001 die
613 4941 960 5002 Pentecostes
982 4946 1129 5000 misit
1149 4946 1377 5016 desuper
1396 4945 1654 5015 Spiritum
1674 4955 1937 5013 sanctum,
1960 4948 2073 5017 qui,

503 5034 645 5093 sicut
669 5035 811 5101 dixi,
847 5034 1061 5091 fuerant
1085 5051 1191 5091 uno
1233 5035 1288 5090 in
1317 5035 1435 5090 loco
1478 5036 1809 5106 congregati.
1839 5036 1957 5103 Quo
1988 5053 2076 5094 ac-

503 5133 662 5196 cepto
706 5124 912 5196 Spiritu
951 5132 1158 5188 sancto,
1194 5124 1433 5179 omnium
1479 5123 1715 5194 gentium
1760 5124 1956 5196 linguis
1994 5126 2074 5183 lo-

505 5217 617 5271 cuti
660 5223 805 5272 sunt.
849 5214 1051 5282 Quazrit
1093 5213 1288 5282 aliquis
1333 5212 1587 5278 forsitan,
1630 5214 1675 5269 si
1729 5214 1981 5286 baptizati
2021 5215 2075 5271 in

506 5303 741 5373 Christo,
781 5314 837 5362 et
862 5306 917 5362 in
955 5304 1217 5362 charitate
1252 5311 1641 5374 praeceptorum
1670 5304 1787 5375 ejus
1813 5306 2073 5371 viventes,

507 5411 680 5469 quare
710 5399 948 5454 omnium
985 5398 1221 5469 gentium
1248 5396 1444 5467 linguis
1476 5411 1580 5451 non
1608 5396 1918 5466 loquantur,
1950 5399 2076 5452 dum

506 5499 716 5547 certum
759 5497 844 5546 est
883 5488 1142 5560 Spiritum
1184 5497 1430 5542 sanctum
1473 5502 1567 5543 eos
1613 5487 1912 5556 accepisse?
1941 5485 2076 5552 Quia

581 5633 606 5661 ι
638 5621 737 5675 ilic
772 5630 949 5677 textus
978 5623 1032 5679 in
1059 5621 1178 5678 cod.
1202 5634 1304 5675 ms.
1328 5628 1384 5675 et
1409 5619 1528 5674 aliis
1553 5619 1683 5674 edit.
1716 5618 2000 5680 omittitur,
2023 5625 2077 5672 et

512 5705 630 5764 quae
659 5692 983 5761 praecedunt,
1007 5707 1128 5745 cum
1156 5689 1501 5757 sequentibus
1532 5705 1637 5743 uno
1666 5700 1824 5743 sensu
1853 5694 2075 5741 nectun-

2171 1857 2372 1914 babere
2401 1860 2636 1929 potuerit
2667 1860 2826 1914 homo
2866 1880 2884 1912 ι
2920 1859 2970 1931 (1
3002 1858 3124 1914 Cor.
3151 1859 3295 1933 xm).
3321 1862 3397 1916 De
3422 1877 3529 1931 qua
3558 1861 3749 1915 beatus

2170 1947 2401 2005 Jacobus
2431 1951 2701 2021 apostolus
2730 1952 2839 2005 ait:
2876 1950 2978 2017 Qui
3005 1961 3176 2006 autem
3216 1952 3491 2022 o/fenderit
3518 1953 3574 2006 in
3621 1969 3746 2017 uno,

2172 2040 2341 2110 factus
2366 2051 2440 2095 est
2474 2043 2702 2096 omnium
2736 2060 2853 2097 reus
2882 2041 3086 2114 (Jacob.
3115 2058 3176 2108 ιι,
3209 2042 3317 2114 10).
3347 2043 3425 2099 De
3453 2045 3556 2098 hac
3584 2044 3745 2098 etiam

2171 2138 2227 2185 et
2261 2132 2375 2201 ipsa
2404 2132 2618 2187 Veritas
2646 2132 2762 2187 ait:
2791 2130 2858 2185 In
2887 2131 2982 2186 hoc
3015 2132 3153 2185 enim
3196 2141 3503 2202 cognoscent
3547 2149 3745 2193 omnes.

2158 2222 2292 2292 quia
2321 2222 2421 2275 mei
2452 2222 2696 2293 discipuli
2722 2224 2862 2286 estis,
2899 2224 2945 2276 si
2979 2222 3303 2277 dilectionem
3349 2222 3639 2277 habueritis
3678 2225 3749 2277 ad

2170 2310 2407 2364 invicem.
2431 2309 2565 2366 Cum
2605 2326 2733 2382 ergo
2762 2313 2877 2367 haec
2907 2311 3226 2383 loquebatur
3264 2309 3511 2366 Christus
3556 2312 3611 2366 in
3660 2313 3745 2366 die

2171 2401 2462 2456 novissimo
2490 2399 2819 2467 festivitatis,
2847 2416 2966 2470 qua:
2995 2392 3153 2455 modo
3179 2400 3579 2471 proposuimus,
3605 2408 3664 2455 et
3690 2409 3749 2454 ut

2171 2491 2462 2562 potuimus,
2493 2493 2861 2558 tractavimus,

2243 2594 2404 2648 Vens.
2437 2591 2526 2658 40,
2554 2593 2643 2646 ii.
2664 2622 2736 2633 -—
2764 2591 2849 2647 Ea:
2876 2592 2970 2648 illa
2994 2610 3114 2664 ergo
3144 2593 3294 2649 turba
3324 2609 3444 2648 cum
3477 2592 3739 2649 audissent

2171 2684 2388 2755 quidam
2424 2684 2490 2739 de
2518 2683 2669 2739 turba
2713 2700 2972 2739 sermones
3000 2682 3161 2749 Iesu,
3203 2683 3487 2738 dicebant:
3517 2683 3622 2738 Hic
3667 2695 3741 2739 est

2171 2790 2285 2828 rere
2306 2772 2575 2843 propheta.
2596 2771 2701 2826 Alii
2722 2773 2981 2840 dicebant,
3004 2773 3086 2828 hic
3104 2783 3177 2828 est
3199 2770 3436 2828 Christus
3458 2786 3506 2827 ι.
3527 2793 3544 2825 ι
3569 2774 3597 2815 b
3611 2773 3745 2830 Nata

2172 2873 2257 2919 est
2282 2865 2348 2919 de
2375 2862 2463 2918 illo
2491 2863 2544 2917 in
2585 2864 2741 2918 turba
2786 2863 3072 2929 dissensio,
3094 2863 3214 2919 aliis
3241 2864 3575 2936 putantibus,
3603 2862 3746 2933 quod

2174 2952 2288 3024 ipse
2327 2961 2471 3008 esset
2494 2950 2771 3018 Christus;
2801 2952 2921 3008 aliis
2945 2953 3265 3019 dicentibus,
3287 2954 3415 3023 quia
3436 2954 3503 3008 de
3530 2952 3741 3009 Galilara

2178 3066 2281 3105 non
2321 3057 2574 3119 exsurget
2600 3047 2865 3104 Christus.
2909 3046 3012 3115 Qui
3052 3061 3183 3102 vero
3225 3047 3379 3103 missi
3425 3045 3640 3102 fuerant
3683 3053 3743 3099 ut

2174 3156 2297 3196 cum
2321 3147 2586 3203 tenerent,
2618 3138 2893 3193 redierunt
2916 3137 3181 3193 immunes
3207 3152 3238 3192 a
3260 3137 3487 3194 crimine
3519 3146 3574 3191 et
3598 3135 3741 3206 pleni

2174 3230 2558 3287 admisationis.
2594 3228 2726 3283 Nam
2767 3239 2822 3286 et
2849 3230 3210 3285 testimonium
3237 3230 3619 3301 perhibuerunt
3661 3229 3749 3283 di-

2144 3322 2309 3376 vinae
2349 3319 2606 3375 doctrinae
2647 3319 2784 3389 ejus,
2824 3334 2947 3374 cum
2991 3319 3254 3383 dicerent,
3280 3335 3311 3374 a
3355 3318 3545 3388 quibus
3586 3317 3745 3372 missi

2174 3410 2423 3465 fuerant:
2458 3409 2655 3481 (Vsus.
2694 3406 2817 3481 45.)
2869 3407 3044 3474 Quare
3096 3424 3201 3461 non
3251 3407 3542 3462 adduxistis
3588 3407 3752 3462 eum?

2175 3502 2582 3572 Responderunt
2606 3502 2751 3555 enim
2775 3516 3048 3570 nunquam
3088 3515 3147 3555 se
3181 3500 3450 3555 audivisse
3472 3499 3743 3554 hominem

2174 3595 2253 3649 sic
2278 3594 2533 3648 locutum.
2573 3590 2757 3663 (Vens.
2782 3591 2895 3664 46.)
2928 3591 3052 3645 Non
3087 3592 3225 3644 enim
3261 3590 3537 3661 quicquam
3563 3589 3638 3643 sic
3666 3588 3742 3642 lc-

2175 3687 2348 3758 quitur
2373 3684 2547 3738 homo.
2585 3684 2677 3739 Ille
2720 3692 2901 3738 autem
2929 3684 3008 3739 sic
3055 3683 3265 3737 locutus
3306 3689 3411 3745 εει,
3450 3682 3577 3752 quia
3604 3681 3742 3735 Deus

2173 3787 2291 3834 erat
2330 3786 2387 3834 et
2413 3779 2594 3833 homo.
2625 3777 2826 3832 Tamen
2856 3776 3113 3831 Pharisaei
3155 3774 3523 3830 testimonium
3555 3787 3742 3828 eorum

2174 3868 2521 3939 repellentes,
2562 3867 2816 3922 dixerunt
2847 3867 2963 3922 eis:
3002 3866 3193 3937 (Vens.
3222 3865 3313 3929 i7,
3344 3862 3459 3934 48.)
3489 3862 3738 3935 Nunquid

2173 3970 2221 4013 et
2250 3975 2336 4013 vos
2357 3958 2554 4013 seducti
2576 3957 2737 4011 estis?
2760 3957 3014 4013 Videmus
3030 3958 3171 4011 enim
3197 3954 3492 4011 delectatos
3510 3969 3607 4007 vos
3624 3966 3742 4008 esse

2174 4049 2511 4104 sermonibus
2563 4047 2722 4101 illius.
2774 4046 3026 4117 Nunqui:l
3070 4046 3260 4116 aliquis
3303 4045 3368 4099 de
3419 4043 3737 4114 principibus

2174 4139 2390 4193 credidit
2425 4138 2482 4192 in
2515 4154 2652 4202 eum,
2689 4147 2781 4191 aut
2817 4154 2880 4195 es:
2914 4135 3240 4191 Pharisazis?
3277 4134 3381 4192 Sed
3417 4136 3573 4191 turba
3608 4135 3735 4191 hac.

2172 4242 2289 4297 qua!
2316 4242 2420 4280 non
2448 4225 2586 4278 novit
2621 4223 2802 4294 legem,
2830 4224 3093 4279 maledicti
3125 4234 3267 4280 sunt.
3298 4223 3400 4290 Qui
3442 4239 3551 4280 non
3580 4237 3740 4279 nove—

2172 4323 2296 4370 rant
2336 4314 2528 4385 legem,
2557 4314 2657 4384 ipsi
2699 4315 2989 4371 credebant
3015 4316 3068 4369 in
3094 4330 3247 4383 eum;
3275 4323 3330 4370 et
3357 4316 3451 4386 qui
3477 4314 3743 4373 docebant

2101 4437 2148 4495 ι)
2173 4407 2378 4478 legem,
2405 4420 2528 4459 eum
2572 4405 2665 4474 qui
2712 4406 2934 4467 miserat
2963 4407 3159 4477 legem,
3202 4405 3649 4462 contemnebant:
3681 4414 3741 4459 ut

2174 4498 2488 4568 impleretur
2509 4492 2652 4564 quod
2678 4494 2889 4551 dixerat
2911 4497 3027 4567 ipse
3058 4496 3311 4552 Dominus
3339 4515 3351 4549 :
3381 4494 3496 4567 Ego
3525 4496 3657 4559 ueni,
3680 4502 3736 4546 ut

2175 4603 2277 4642 non
2322 4586 2547 4641 uidentes
2593 4586 2834 4651 videant,
2872 4594 2918 4639 et
2964 4585 3186 4640 videntes
3235 4587 3359 4639 ιιωεί
3410 4586 3562 4655 ﬁant.
3601 4582 3738 4638 Caeci

2173 4678 2316 4732 enim
2356 4668 2502 4732 facti"
2525 4684 2652 4732 sunt
2695 4676 2953 4731 Pbarismi
2997 4676 3263 4740 doctores,
3294 4674 3577 4730 illuminati
3617 4681 3743 4729 sunt

2172 4766 2352 4837 populi
2378 4767 2549 4837 legem
2573 4766 2893 4828 nescientes,
2907 4773 2963 4820 et
2988 4766 3041 4820 in
3070 4773 3342 4820 auctorem
3367 4765 3503 4834 legis
3524 4765 3743 4821 creden-

2175 4867 2273 4914 tes.
2310 4876 2329 4910 t
2357 4858 2679 4914 Nicodemus
2705 4865 2882 4912 tamen
2918 4854 3098 4927 [unus]
3127 4871 3189 4910 ex
3217 4855 3527 4921 Pharisacis,
3555 4855 3644 4924 qui
3668 4854 3739 4909 ad

2174 4947 2456 5003 Dominum
2486 4955 2646 5003 nocte
2682 4955 2925 5012 venerat,
2951 4953 3008 4999 et
3045 4947 3158 5015 ipse
3182 4945 3397 5015 quidem
3426 4961 3531 4999 non
3570 4945 3741 5000 incre-

2175 5039 2349 5106 dulus,
2377 5037 2471 5095 sed
2514 5039 2763 5103 timidus;
2795 5052 2917 5092 nam
2958 5036 3079 5091 ideo
3119 5044 3175 5090 et
3217 5044 3375 5091 nocte
3416 5044 3636 5090 venerat
3673 5035 3738 5089 ad

2175 5128 2370 5193 lucem,
2411 5129 2534 5198 quia
2565 5126 2853 5181 illuminari
2885 5126 3096 5181 volebat
3119 5132 3175 5180 et
3200 5124 3329 5180 sciri
3368 5125 3613 5179 timebat.
3638 5124 3741 5179 Rc-

2174 5219 2386 5289 spondit
2431 5215 2689 5290 [Iudaeis]
2717 5235 2732 5269 :
2765 5216 2961 5288 (Vens.
2999 5213 3113 5289 51.)
3149 5214 3403 5285 Nunquid
3444 5214 3529 5269 lex
3569 5223 3741 5268 nostra

2165 5308 2373 5379 judicat
2408 5308 2686 5373 hominem,
2714 5307 2816 5361 nisi
2860 5305 3085 5361 audierit
3125 5305 3188 5359 ab
3226 5306 3338 5375 ipso
3366 5306 3534 5375 prius,
3570 5315 3617 5358 et
3656 5319 3742 5356 co-

2174 5402 2401 5469 gnoverit
2447 5400 2572 5470 quid
2620 5400 2830 5470 faciat?
2872 5400 3132 5455 Volehaut
3183 5399 3327 5454 enim
3377 5398 3451 5453 illi
3505 5394 3739 5468 perversi

2179 5488 2362 5559 [Aug.,
2400 5489 2675 5561 perverse]
2703 5498 2830 5546 ante
2855 5505 2973 5546 esse
2999 5490 3342 5545 damnatores
3370 5505 3535 5560 quam
3564 5485 3741 5556 cogni-

2177 5630 2265 5677 tur
2292 5622 2370 5676 sic
2396 5639 2408 5674 :
2438 5623 2790 5686 tractavimus,
2823 5631 2946 5677 nata
2972 5631 3066 5688 est,
3093 5629 3197 5677 etc.

2248 5692 2273 5731 ι’
2307 5691 2382 5745 Ex
2413 5691 2468 5745 S.
2499 5692 2661 5761 Aug,
2683 5699 2840 5745 tract.
2866 5707 3056 5757 unm,
3080 5707 3229 5745 num.
3262 5692 3311 5757 i,
3337 5690 3393 5747 2.
