4000 6190
296 363 402 427 833

1104 362 1509 425 EXEGETICA.
1551 399 1623 409 ——
1657 362 2006 423 COMMENT.
2043 365 2112 421 ΙΝ
2146 366 2335 424 JOAN.
2373 400 2444 410 —
2479 371 2606 425 LIB.
2647 368 2733 427 iV.

3435 372 3549 432 859

299 495 471 559 tores.
508 481 724 537 Sciebat
765 488 941 536 autem
982 480 1327 549 Nicodemus,
1355 483 1440 539 vel
1471 484 1649 555 potius
1686 483 1873 538 crede-
1898 479 1947 540 Α
1970 479 2307 551 decerneret,
2324 486 2629 542 deriderent
2651 476 2798 553 eum,
2819 489 2971 557 quasi
2989 489 3368 547 miscricordiae
3381 507 3542 562 quam
3582 460 3593 471 ι

296 581 414 644 bat,
440 578 566 650 quia
602 577 647 634 si
694 574 1066 630 tantummodo
1089 591 1210 630 eum
1242 576 1509 647 patienter
1534 576 1734 633 vellent
1774 593 1871 632 au-

298 670 441 735 dire,
480 666 619 722 forte
653 665 857 720 similes
885 664 1075 719 fierent
1100 666 1205 721 illis
1231 667 1322 735 qui
1349 667 1501 722 missi
1533 674 1659 721 sunt
1690 674 1875 721 tenere

297 775 445 822 eum,
472 765 527 811 et
573 756 879 810 maluerunt
912 754 1135 812 credere
1160 755 1236 811 illi
1268 771 1428 825 quam
1478 763 1660 811 tenere
1703 756 1870 811 illum.

301 847 717 918 Responderunt
738 860 805 901 ex
833 843 1142 916 prmjudicio
1160 846 1340 903 cordis
1360 847 1464 911 sui,
1487 847 1630 916 quod
1658 855 1711 902 et
1736 847 1871 901 illis:

298 941 491 1010 (Vens.
518 936 631 1009 52.)
665 937 918 1007 Nunquid
951 947 1000 991 et
1026 946 1083 991 tu
1114 934 1367 992 Galilaeus
1387 937 1481 992 es?
1504 937 1561 993 id
1589 945 1692 1003 est,
1721 938 1874 1007 quasi

299 1046 332 1084 a
354 1028 575 1086 Galilteo
598 1029 869 1084 seductus.
892 1026 1150 1082 Dominus
1168 1025 1325 1100 551
1355 1027 1500 1082 enim
1517 1026 1769 1083 Galilaeus
1795 1028 1876 1082 di-

298 1121 547 1186 cabatur,
572 1120 825 1190 quoniam
851 1120 917 1174 de
940 1118 1207 1175 Nazareth
1240 1118 1459 1175 civitate
1485 1128 1642 1176 erant
1684 1134 1876 1189 paren-

302 1218 388 1267 tes
427 1211 563 1280 ejus.
597 1210 901 1267 Secundum
932 1209 1157 1263 Mariam
1195 1206 1308 1264 dixi
1351 1217 1624 1280 parentes,
1651 1224 1757 1263 non
1792 1223 1876 1264 se-

298 1302 537 1359 cundum
567 1301 722 1356 virile
765 1315 986 1356 semen:
1020 1314 1128 1355 non
1167 1299 1313 1353 enim
1342 1298 1589 1369 quaesivit
1631 1299 1685 1353 in
1730 1306 1872 1353 terra

300 1391 406 1447 nisi
435 1397 686 1454 matrem,
720 1391 809 1459 qui
832 1390 947 1460 jam
971 1389 1207 1445 habebat
1227 1389 1458 1460 desuper
1478 1387 1718 1444 Patrem.
1740 1386 1874 1442 Nam

302 1487 533 1549 utraque
552 1477 669 1549 ejus
695 1479 947 1550 nativitas
973 1476 1236 1532 mirabilis
1261 1477 1391 1542 fuit;
1425 1477 1604 1533 divina
1628 1476 1742 1532 sine
1765 1492 1878 1531 ma-

304 1578 406 1634 tre,
444 1570 677 1624 humana
707 1569 824 1623 sine
853 1568 1012 1631 Patre
1037 1567 1273 1622 homine.
1301 1565 1437 1633 Quid
1463 1580 1593 1634 ergo
1621 1565 1696 1619 illi
1722 1567 1874 1635 quasi

304 1659 439 1727 legis
463 1658 711 1713 doctores
736 1659 803 1712 ad
831 1657 1215 1713 Nicodemum?
1261 1655 1444 1728 (Vsus.
1474 1655 1586 1727 55.)
1629 1654 1876 1711 Scrutare

306 1750 624 1818 Scripturas,
647 1758 696 1801 et
731 1748 846 1802 vide
878 1748 1000 1820 quia
1027 1747 1276 1818 propheta
1303 1764 1337 1800 a
1365 1744 1585 1801 Galiltea
1620 1764 1725 1801 non
1754 1763 1874 1800 sur-

1974 588 2187 643 semper
2214 575 2436 631 docebat
2472 576 2719 643 oblitum;
2749 578 2793 634 si
2819 578 3044 648 lapidari
3085 587 3319 647 vetaret,
3348 584 3546 639 stridea-

1975 674 2096 719 rent
2125 666 2374 721 dentibus
2401 668 2513 722 suis
2546 667 2598 721 in
2627 682 2770 734 eum,
2808 677 2864 724 et
2887 672 3036 739 quasi
3078 671 3345 728 fautorem
3379 674 3545 729 scele-

1974 769 2095 807 rum
2132 754 2369 825 legisque
2400 757 2762 823 contrarium,
2799 760 2946 814 velut
2975 762 3169 817 merito
3207 764 3542 818 damnarent.

1976 841 2160 914 (Vens.
2185 842 2265 916 6.)
2310 844 2468 900 Iesus
2505 856 2679 900 autem
2713 847 2971 905 inclinans
2996 868 3051 906 se
3090 852 3353 919 deorsum,
3380 853 3542 925 digito

1974 932 2225 987 scribebat
2253 934 2311 987 in
2337 942 2497 989 terra.
2538 935 2644 990 Per
2673 935 3071 995 inclinationem
3098 939 3222 996 Jesu
3247 941 3542 1007 humilitas,

1973 1036 2072 1093 per
2112 1022 2358 1093 digitum,
2386 1023 2477 1092 qui
2507 1023 2855 1079 articulorum
2883 1029 3269 1099 compositione
3297 1030 3548 1088 flexibilis

1974 1118 2077 1178 est,
2102 1113 2371 1169 subtilitas
2395 1113 2735 1171 discretionis
2759 1118 3106 1186 exprimitur;
3132 1135 3295 1189 porro
3316 1136 3416 1190 per
3438 1129 3547 1176 ter-

1975 1216 2110 1269 ram,
2142 1217 2238 1258 cor
2263 1203 2575 1270 humanum,
2602 1206 2747 1275 quod
2775 1207 2860 1261 vel
2886 1208 3148 1263 bonarum
3176 1208 3259 1263 vel
3282 1209 3544 1265 malarum

1975 1292 2245 1347 actionum
2274 1292 2409 1349 solet
2437 1293 2663 1349 reddere
2705 1294 2933 1361 fructus,
2958 1296 3276 1351 ostenditur.
3304 1296 3548 1353 Postula-

1974 1389 2062 1435 tus
2088 1394 2217 1453 ergo
2244 1384 2504 1442 Dominus
2524 1384 2767 1454 judicare
2791 1384 2858 1440 de
2881 1385 3197 1455 peccatrice,
3229 1400 3334 1440 non
3362 1384 3551 1442 statim

1975 1471 2064 1525 dat
2087 1472 2367 1542 judicium,
2396 1475 2489 1530 sed
2517 1476 2669 1546 prius
2693 1489 2751 1530 se
2779 1473 3043 1530 inclinans
3079 1476 3350 1543 deorsum,
3378 1476 3547 1547 digito

1975 1561 2163 1617 scribit
2193 1562 2247 1616 in
2278 1571 2442 1631 terra,
2471 1579 2534 1620 ac
2562 1565 2643 1620 sic
2670 1565 2884 1620 demum
2923 1564 3065 1635 quod
3094 1565 3289 1621 obnixe
3325 1574 3549 1638 rogatur

1977 1653 2139 1726 [Ms.,
2170 1669 2331 1725 quam
2372 1655 2528 1710 enixe
2563 1653 2834 1728 rogatus],
2877 1655 3083 1727 jndicat
3117 1671 3130 1708 :
3163 1669 3261 1711 nos
3301 1655 3550 1712 videlicet

1980 1745 2153 1815 typice
2193 1744 2479 1801 instituens
2508 1744 2661 1818 [Hs.,
2685 1743 3015 1817 instruens],
3059 1753 3119 1799 ut
3148 1760 3267 1800 cum
3299 1745 3550 1814 quaelibet

299 1848 408 1909 get.
447 1838 554 1895 Sed
594 1839 848 1894 Dominus
889 1838 1270 1907 prophetarum
1313 1837 1436 1891 inde
1482 1837 1736 1891 surrexit.
1775 1834 1876 1889 Re‘
1910 1833 1953 1892 Β
1978 1836 2343 1904 proximorum
2373 1843 2552 1889 errata
2580 1833 2962 1902 conspicimus,
3001 1846 3108 1887 non
3137 1832 3254 1887 haec
3281 1841 3438 1887 antea
3464 1846 3551 1887 re-

304 1932 441 1986 uersi
463 1940 604 1996 sunt,
630 1931 806 1999 inquit
832 1928 1180 1999 evangelista,
1208 1929 1556 2000 unusquisque
1583 1929 1637 1981 in
1662 1927 1872 1982 domum

300 2036 480 2074 suam.
506 2038 523 2070 I

883 2126 1110 2182 CAPUT
1149 2126 1288 2182 XIX.

306 2235 581 2292 Mulierem
615 2238 669 2291 in
697 2237 954 2291 adulterio
983 2235 1372 2307 deprehensam,
1405 2236 1784 2307 adductamque
1809 2238 1878 2307 ad

375 2324 449 2371 se,
491 2323 581 2360 nec
622 2307 685 2360 ab
734 2307 1122 2360 accusatoribus
1169 2306 1591 2369 condemnatam,
1636 2305 1745 2371 ipse
1781 2305 1875 2359 sub

376 2376 691 2441 conditione,
722 2393 824 2447 qua
852 2375 1070 2430 ulterius
1097 2392 1199 2430 non
1224 2384 1484 2446 peccaret,
1514 2375 1754 2429 absolvit.

374 2486 556 2542 CAPUT
596 2501 691 2540 vm
711 2527 726 2552 ,
755 2486 916 2541 Vens.
948 2486 1000 2548 l,
1027 2486 1081 2539 2.
1103 2515 1175 2525 ——
1198 2485 1331 2539 Inde
1368 2484 1523 2542 Iesus
1561 2485 1786 2554 perrexit
1821 2484 1877 2538 in

223 2625 228 2630 .
302 2585 531 2631 montem
557 2573 767 2640 Oliveti,
793 2584 839 2628 et
869 2573 1100 2628 diluculo
1128 2575 1313 2628 iterum
1352 2574 1486 2627 venit
1524 2573 1579 2625 in
1609 2570 1874 2641 templum.

309 2686 332 2718 s
364 2677 390 2705 ι
412 2665 564 2719 Mons
587 2663 781 2733 quippe
817 2661 1011 2718 Oliveti
1037 2664 1418 2718 sublimitatem
1447 2661 1740 2717 Dominicze
1767 2660 1879 2729 pie-

303 2753 437 2809 tatis
464 2760 521 2808 et
555 2752 937 2807 misericordiae
976 2750 1237 2820 designat.
1275 2750 1409 2817 Quia
1437 2757 1491 2805 et
1531 2749 1717 2804 Grtece
1739 2748 1878 2809 ﬂio:

303 2842 699 2907 misericordia,
724 2841 978 2896 olivetum
1005 2848 1229 2896 vocatur
1250 2842 1453 2906 illailia;
1476 2847 1532 2895 et
1559 2841 1676 2910 ipsa
1696 2838 1878 2894 unctio

300 2934 412 2988 olei
443 2932 601 2993 fessis
624 2946 688 2987 ac
732 2930 1033 2986 dolentibus
1058 2930 1317 2986 membris
1345 2930 1482 2986 solet
1506 2928 1698 2984 atl‘erre
1736 2928 1877 2983 leva-

303 3040 452 3080 men.
479 3023 585 3079 Sed
609 3031 664 3078 et
690 3024 795 3077 hoc
823 3023 965 3092 quod
1006 3023 1181 3078 oleum
1220 3031 1275 3078 et
1305 3024 1505 3078 virtute
1538 3038 1602 3078 ac
1644 3022 1879 3091 puritate

299 3116 637 3187 praeminet,
662 3124 716 3170 et
741 3128 1113 3184 quemcunque
1132 3115 1183 3169 ei
1208 3114 1470 3183 liquorem
1493 3111 1880 3182 superfundere

303 3205 562 3270 volueris,
596 3203 874 3258 confestim
910 3205 1052 3258 hunc
1083 3203 1482 3267 transcendere,
1508 3203 1665 3271 eique
1690 3217 1875 3272 super-

300 3295 438 3352 ferri
468 3296 767 3360 consuevit,
796 3297 1024 3365 gratiam
1070 3294 1453 3349 misericordim
1490 3293 1725 3349 caelestis
1769 3307 1876 3349 non

301 3386 745 3443 inconvenienter
775 3385 1031 3449 insinuat,
1073 3386 1137 3438 de
1166 3399 1271 3453 qua
1298 3384 1557 3454 scriptum
1583 3391 1705 3439 est:
1737 3383 1874 3439 Sua-

302 3478 385 3532 vis
413 3475 665 3529 Dominus
691 3474 962 3538 universis,
988 3481 1035 3526 et
1064 3472 1418 3527 miserationes
1447 3473 1560 3542 ejus
1585 3488 1743 3543 super
1767 3489 1878 3526 ont-

300 3567 398 3619 nia
427 3580 582 3634 opera
602 3560 961 3633 ejus.(Psalm.
986 3576 1163 3627 cxuv,
1187 3562 1262 3633 9).
1297 3561 1528 3631 Tempus
1555 3575 1768 3632 quoque
1797 3561 1877 3616 di-

302 3653 472 3710 luculi
494 3662 737 3708 exortum
760 3650 995 3720 ejusdem
1026 3652 1210 3723 gratiae
1232 3650 1363 3723 [Al.,
1388 3651 1624 3720 ejusdem
1648 3652 1876 3721 gratiam

303 3744 597 3818 exortam],
630 3759 734 3814 qua
777 3752 985 3799 remota
1035 3742 1169 3815 legis
1196 3742 1408 3807 umbra,
1434 3742 1526 3795 lux
1556 3741 1877 3812 evangelicae

264 3822 269 3826 ’
304 3837 554 3893 veritatis
599 3844 719 3892 erat
764 3835 1066 3898 revelanda,
1113 3834 1463 3888 demonstrat.
1514 3831 1696 3900 Pergit
1749 3844 1877 3897 ergo

302 3928 463 3983 Jcsus
496 3927 559 3981 in
581 3932 819 3981 montem
858 3923 1074 3985 Oliveti,
1114 3930 1174 3975 ut
1205 3936 1384 3976 arcem
1414 3920 1794 3974 misericordia:
1822 3919 1876 3971 in

303 4035 369 4074 sc
396 4025 643 4073 constare
672 4012 965 4068 denuntiet.
1002 4009 1151 4063 Venit
1181 4012 1367 4063 iterum
1405 4007 1638 4062 diluculo
1669 4010 1723 4062 in
1751 4017 1878 4062 tem-

302 4108 484 4178 plum,
525 4114 585 4159 ut
627 4098 870 4157 eamdem
921 4100 1371 4164 misericordiam,
1419 4113 1539 4152 cum
1590 4098 1879 4167 incipiente

304 4199 439 4254 novi
489 4192 791 4250 testamenti
834 4191 1035 4244 lumine
1082 4189 1353 4254 fidelibus,
1394 4188 1592 4258 templo
1633 4188 1880 4242 videlicet

304 4303 434 4353 suo,
454 4284 788 4356 pandendam
815 4280 1261 4352 pncbendamque
1289 4278 1572 4351 signiticet.
1600 4277 1668 4331 Et
1690 4278 1875 4344 omnis,

310 4379 511 4448 inquit,
553 4375 774 4446 populus
813 4375 948 4429 venit
976 4372 1044 4427 ad
1074 4389 1210 4437 eum,
1240 4382 1288 4426 et
1319 4371 1501 4425 sedens
1529 4369 1742 4424 docebat
1770 4385 1875 4423 eos.

312 4470 496 4527 Sessio
544 4468 754 4524 Domini
783 4466 1139 4523 humilitatem
1187 4462 1573 4518 incarnationis
1601 4460 1737 4530 ejus,
1782 4477 1881 4533 per

310 4579 473 4636 quam
502 4562 656 4618 nobis
674 4559 920 4615 misereri
949 4559 1196 4627 dignatus
1215 4562 1317 4620 est,
1348 4554 1598 4608 insinuat.
1618 4552 1760 4607 Bene
1786 4567 1881 4607 au-

313 4665 425 4711 tem
461 4638 657 4710 dicitur
698 4651 822 4720 quia
851 4664 973 4704 cum
1015 4646 1203 4703 sedens
1245 4644 1463 4701 doceret
1503 4641 1678 4708 Jesus,
1706 4643 1883 4697 omnis

312 4742 539 4814 populus
573 4740 721 4796 venit
765 4740 830 4794 ad
874 4752 1041 4793 eum:
1082 4737 1207 4806 quia
1249 4744 1531 4805 postquam
1580 4733 1883 4789 humilitate

313 4849 425 4888 sua:
453 4830 836 4888 incarnationis
864 4828 1141 4897 proximus
1168 4826 1443 4880 hominum
1482 4823 1654 4879 factus
1682 4833 1784 4889 est,
1814 4823 1879 4877 li-

316 4921 527 4976 bentius
553 4928 636 4976 est
663 4935 695 4974 a
734 4919 918 4974 multis
958 4915 1073 4985 ejus
1107 4930 1284 4970 sermo
1312 4921 1587 4984 receptus;
1619 4928 1650 4968 a
1677 4912 1881 4978 multis,

316 5016 554 5083 inquam,
580 5020 660 5068 est
698 5008 855 5083 [ejus]
901 5023 1077 5064 sermo
1118 5013 1389 5079 receptus;
1435 5019 1667 5073 namque
1705 5018 1735 5057 a
1762 5002 1879 5073 plu-

318 5107 465 5162 ribus
493 5111 578 5159 est
614 5104 842 5172 superba
884 5102 1156 5171 impietate
1185 5105 1541 5168 contemptus.
1582 5094 1880 5151 Audicrunt

318 5196 462 5250 enim
504 5193 805 5257 mansueti,
849 5199 903 5246 et
946 5192 1107 5246 laetati
1155 5196 1282 5245 sunt
1323 5186 1546 5261 (Psalm.
1574 5200 1770 5249 xxxm,
1801 5184 1877 5256 5).

318 5287 503 5357 (Vsus.
528 5283 605 5355 3.)
630 5283 870 5351 Denique
898 5281 1066 5337 Judaei
1096 5288 1383 5348 tentantes,
1410 5279 1740 5333 adduxerunt
1768 5292 1882 5328 mu-

320 5380 498 5432 lierem
532 5377 588 5430 in
628 5374 884 5428 adulterio
911 5372 1309 5440 deprehensam,
1357 5372 1732 5440 interrogantes
1758 5367 1882 5441 quid

319 5471 385 5522 de
412 5486 472 5523 ea
499 5468 614 5536 ﬁeri
646 5465 873 5537 juberet.
916 5463 1176 5529 Quoniam
1216 5462 1422 5533 Moyses
1451 5461 1611 5517 talem
1652 5459 1888 5528 lapidare

325 5560 674 5615 mandaverat
698 5556 881 5630 (Lavit.
896 5552 1010 5618 xx),
1037 5560 1097 5606 ut
1116 5553 1160 5606 si
1183 5560 1237 5605 et
1264 5552 1375 5622 ipse
1394 5553 1531 5608 hanc
1553 5550 1885 5622 lapidandam

396 5725 421 5755 ³
453 5708 528 5768 Ex
558 5715 701 5769 hom.
728 5711 760 5765 5
788 5711 920 5766 Ven.
946 5709 1117 5762 Beda).

1972 1926 2352 1994 prehendendo
2391 1924 2714 1995 judicemus,
2741 1939 2900 1994 quam
2929 1925 2997 1979 ad
3025 1924 3410 1979 conscientiam
3448 1939 3548 1978 no-

1975 2026 2140 2071 stram
2172 2015 2444 2072 humiliter
2482 2019 2700 2083 reversi,
2744 2018 2910 2088 digito
2937 2031 3057 2072 eam
3086 2017 3432 2073 discretionis
3456 2032 3545 2073 so-

1976 2108 2141 2162 lerter
2163 2108 2509 2177 exculpamus
2537 2106 2687 2179 [Hs.,
2713 2104 3143 2178 exsculpamus];
3171 2114 3227 2160 et
3250 2107 3378 2176 quid
3405 2108 3460 2161 in
3483 2121 3546 2162 ea

1974 2198 2240 2253 conditori
2269 2196 2493 2267 placeat,
2518 2197 2712 2267 quidve
2736 2195 3035 2265 displiceat,
3061 2195 3243 2251 sedula
3274 2196 3550 2250 examina-

1976 2288 2121 2342 tione
2146 2287 2482 2350 dirimamus,
2505 2286 2659 2355 juxta
2706 2285 2833 2339 illud
2860 2285 3097 2353 Apostoli
3124 2301 3138 2337 :
3170 2283 3405 2351 Fratres,
3431 2292 3481 2338 et
3505 2286 3551 2338 si

1975 2384 2365 2445 prteoccupatus
2406 2374 2565 2443 fuerit
2609 2375 2762 2428 homo
2787 2375 2842 2427 in
2880 2372 3056 2444 aliquo
3093 2373 3304 2438 delicto,
3345 2389 3435 2428 vos
3460 2373 3552 2445 qui

1975 2463 2233 2534 spiritales
2257 2466 2399 2530 estis,
2425 2465 2667 2518 instruite
2691 2463 2993 2533 Itujusmodi
3019 2465 3072 2517 in
3098 2465 3285 2533 spiritu
3311 2480 3555 2519 mansue-

1977 2554 2195 2618 tudinis,
2225 2551 2560 2607 considerans
2588 2554 2807 2621 teipsum
2826 2590 2840 2611 .
2886 2567 2949 2604 ne
2975 2560 3024 2604 et
3064 2561 3119 2604 tu
3158 2554 3370 2607 tenteris
3405 2550 3550 2625 (Cal.

1976 2658 2062 2709 vl,
2092 2642 2166 2715 l).

2049 2735 2210 2791 Vens.
2242 2734 2295 2787 7.
2318 2763 2390 2775 —
2416 2731 2547 2788 Cum
2571 2741 2743 2788 autem
2768 2741 3149 2804 perseverarent
3175 2731 3551 2801 interrogantes

1976 2844 2114 2893 eum,
2155 2828 2315 2881 erexit
2344 2843 2399 2882 se
2429 2834 2477 2880 et
2506 2826 2640 2879 dixit
2674 2826 2749 2880 eis
2782 2838 2799 2876 :
2829 2823 2932 2890 Qui
2963 2824 3074 2877 sine
3099 2829 3308 2891 peccato
3350 2828 3427 2874 est
3461 2835 3552 2874 aco

1978 2926 2161 2980 strum,
2191 2918 2390 2988 primus
2432 2918 2488 2970 in
2515 2915 2663 2970 illam
2701 2913 2928 2984 lapidem
2953 2913 3145 2967 mittat.
3171 2909 3308 2977 Quia
3348 2907 3474 2963 hinc
3496 2915 3554 2962 et

1979 3008 2102 3064 inde
2131 3008 2356 3063 Domino
2402 3006 2607 3062 Scriba:
2633 3013 2688 3060 et
2728 3004 2983 3059 Pharisaei
3014 3001 3301 3058 tendebant
3327 3000 3552 3071 laqueos

1979 3100 2316 3165 insidiarum,
2345 3104 2596 3169 putantes
2623 3111 2748 3152 eum
2777 3096 2858 3150 vel
2889 3092 3362 3149 immisericordem
3407 3091 3554 3167 futu-

1901 3180 1950 3245 C
1981 3206 2101 3245 rum
2130 3191 2183 3245 in
2213 3158 2524 3261 judicando,
2553 3187 2638 3242 vel
2668 3186 2923 3257 injustum
2951 3203 2964 3238 :
2995 3184 3294 3255 prrevidens
3319 3182 3410 3238 ille
3452 3158 3550 3239 do;

1978 3286 2079 3352 los,
2104 3288 2255 3358 quasi
2280 3285 2437 3357 542
2461 3283 2547 3338 lila
2576 3284 2769 3338 transit
2793 3297 3022 3347 araneae,
3047 3288 3102 3335 et
3121 3278 3380 3348 judicium
3398 3276 3556 3349 justi-

1979 3385 2069 3435 tise
2098 3395 2195 3450 per
2218 3380 2396 3434 omnia
2421 3388 2475 3434 et
2502 3376 2965 3433 mansuetudinem
2993 3374 3208 3444 pietatis
3242 3372 3548 3429 ostendens.

1979 3471 2119 3527 Ecce
2143 3469 2499 3540 temperantia
2530 3466 2852 3530 miserandi,
2888 3465 2979 3536 qui
3006 3465 3115 3518 sine
3140 3470 3346 3533 peccato
3372 3468 3446 3513 est
3470 3475 3553 3513 ve-

1978 3572 2176 3628 strum;
2201 3575 2328 3617 ecce
2351 3562 2545 3615 iterum
2563 3558 2771 3627 justitia
2787 3555 3086 3622 iudicandi,
3111 3553 3309 3621 primus
3332 3550 3386 3603 in
3404 3546 3551 3601 illam

1980 3652 2205 3724 lapidem
2235 3653 2429 3704 mittat.
2465 3647 2546 3703 Ac
2575 3647 2621 3700 si
2664 3646 2924 3699 dixisset:
2955 3641 3014 3694 Si
3042 3641 3251 3711 Moyses
3279 3636 3555 3693 mandavit

1979 3744 2132 3796 vobis
2166 3740 2444 3794 mulierem
2468 3733 2773 3802 huiusmodi
2800 3731 3056 3801 lapidare,
3089 3730 3268 3784 videte
3292 3728 3418 3799 quia
3444 3742 3552 3783 non
3613 3739 3617 3743 '

1980 3832 2082 3885 hoc
2123 3834 2449 3897 peccatores,
2491 3824 2585 3879 sed
2623 3823 2799 3891 justos
2836 3822 3013 3877 facere
3057 3821 3328 3892 praecepit.
3368 3819 3551 3875 Primo

1978 3934 2076 3972 vos
2100 3918 2198 3986 ipsi
2221 3915 2487 3984 justitiam
2512 3913 2647 3984 legis
2670 3913 2906 3981 implete,
2930 3921 2984 3967 et
3007 3914 3085 3967 sic
3110 3913 3421 3967 innocentes
3444 3926 3551 3966 ma-

1980 4006 2139 4061 nibus
2162 4013 2216 4059 et
2245 4006 2444 4059 mundo
2471 4004 2652 4069 corde,
2681 4002 2748 4056 ad
2777 4001 3114 4070 lapidandam
3151 4014 3299 4054 ream
3325 4013 3554 4054 concur-

1982 4096 2103 4153 rite.
2136 4094 2317 4150 Primo
2359 4092 2623 4162 spiritalia
2664 4091 2797 4162 legis
2821 4090 3014 4155 edicta,
3041 4087 3224 4153 ﬁdem,
3251 4088 3551 4142 misericor-

1981 4184 2121 4239 diam
2148 4191 2202 4238 et
2228 4181 2547 4237 charitatem
2579 4180 2838 4251 perﬁcite,
2865 4186 2920 4234 et
2947 4178 3026 4234 sic
3052 4176 3121 4231 ad
3160 4174 3395 4231 carnalia
3410 4172 3556 4243 judi-

1980 4272 2149 4329 canda
2179 4271 2445 4327 divertite.
2474 4271 2607 4325 Dato
2639 4276 2815 4324 autem
2840 4266 3058 4337 judicio,
3086 4265 3338 4320 Dominus
3360 4265 3551 4319 iterum

1980 4382 2034 4418 se
2072 4361 2329 4418 inclinans
2356 4361 2609 4416 scribebat
2637 4360 2692 4413 in
2733 4369 2892 4413 terra.
2929 4358 2996 4412 Et
3022 4354 3235 4426 quidem
3260 4354 3414 4424 juxta
3438 4369 3555 4411 mo-

1983 4469 2095 4508 rem
2138 4449 2539 4508 consuetudinis
2586 4449 2832 4503 humanae
2881 4452 3061 4516 potest
3103 4445 3363 4516 intelligi,
3412 4444 3553 4515 quod

1982 4544 2102 4600 ideo
2124 4543 2385 4598 Dominus
2409 4554 2590 4595 coram
2619 4537 2975 4593 tentatoribus
2999 4537 3259 4608 improbis
3282 4536 3550 4601 inclinari,

1980 4635 2123 4691 etin
2155 4640 2301 4689 terra
2341 4631 2582 4687 scribere
2619 4628 2869 4693 voluerit,
2898 4636 2957 4683 ut
2981 4628 3087 4683 alio
3131 4626 3334 4683 vultum
3375 4629 3552 4683 inten-

1981 4724 2135 4787 dens,
2160 4722 2462 4777 libertatem
2485 4720 2564 4775 eis
2590 4719 2744 4774 daret
2770 4718 2920 4773 exire
2952 4716 3083 4791 [Αι.,
3108 4717 3337 4773 liberum
3362 4718 3442 4774 eis
3468 4718 3558 4773 da-

1982 4827 2067 4875 ret
2085 4819 2288 4873 exitum
2307 4833 2321 4883 ;
2339 4815 2507 4881 Beda,
2529 4813 2680 4869 exire
2702 4809 3030 4883 arbitrium],
3055 4824 3191 4880 quos
3213 4824 3310 4865 sua
3331 4824 3553 4880 respon-

1982 4917 2132 4972 sione
2158 4913 2432 4985 perculsos
2457 4911 2616 4965 citius
2641 4907 2902 4972 exituros,
2929 4918 3092 4976 quam
3127 4900 3281 4972 plura
3325 4902 3558 4959 interro-

1985 5016 2203 5079 gaturos
2227 5020 2343 5061 esse
2364 5003 2701 5073 pmviderat.

2057 5100 2217 5154 Vens.
2243 5098 2296 5152 9.
2315 5125 2386 5135 —
2411 5094 2640 5165 Denique
2667 5089 2935 5145 audientes
2965 5104 3097 5143 unus
3122 5095 3234 5157 post
3259 5101 3419 5140 unum
3440 5083 3555 5141 exi-

1987 5188 2127 5251 bant,
2158 5186 2456 5256 incipientes
2486 5200 2518 5235 a
2544 5180 2853 5236 senioribus.
2899 5177 3003 5232 Sed
3039 5176 3263 5246 figurate
3305 5190 3405 5231 nos
3446 5175 3549 5231 ad-‘

1987 5284 2169 5335 monet
2196 5278 2252 5331 in
2279 5291 2363 5340 eo,
2393 5274 2536 5344 quod
2558 5280 2614 5327 et
2643 5278 2767 5326 ante
2790 5268 2972 5323 datam
2999 5274 3054 5322 et
3079 5275 3201 5337 post
3227 5267 3404 5321 datam
3432 5279 3555 5323 scn-

1988 5371 2209 5427 tentiam
2238 5366 2501 5422 inclinans
2529 5362 2744 5431 scripsit
2767 5360 2825 5415 in
2854 5368 3031 5427 terra;
3056 5367 3117 5414 ut
3143 5364 3197 5412 et
3220 5360 3370 5430 prius
3393 5372 3552 5429 (piam

1987 5470 2300 5535 peccantem
2331 5459 2635 5530 proximum
2662 5455 3037 5525 corripiamus,
3067 5460 3122 5508 et
3153 5460 3434 5522 postquam
3462 5451 3556 5505 de-

1989 5555 2114 5609 bitae
2137 5550 2505 5623 castigationis
2531 5549 2607 5604 illi
2635 5547 2991 5605 ministerium
3021 5544 3428 5608 reddiderimus,
3457 5555 3554 5597 nos
