3992 6184
430 335 532 391 833

1264 325 1324 381 Β.
1367 325 1426 381 ιε’.
1465 325 1687 380 ALBINI
1727 319 1854 378 SEU
1895 317 2170 382 ALCUI‘NI
2207 319 2697 383 OPERUMPARS
2736 309 2797 371 ll.

3559 315 3666 372 836

377 437 384 443 ’
429 455 575 522 ipsos
603 445 757 520 digna
786 445 1100 502 humilitatis
1143 442 1553 512 investigatione
1590 437 2000 508 perpendamus,
2031 435 2076 492 Α
2106 431 2266 503 543
2293 433 2368 486 ait
2397 451 2408 484 :
2451 431 2554 496 Qui
2575 431 2806 500 sequitur
2832 445 2935 491 me,
2977 444 3079 479 non
3115 425 3399 479 ambulabit
3436 428 3490 479 in
3528 437 3672 481 tene-

430 557 496 596 ne
529 541 664 595 forte
685 546 777 592 aut
795 538 1018 600 eisdem,
1045 551 1164 605 qua:
1189 536 1244 588 in
1269 536 1400 603 ipsis
1421 532 1881 603 reprehendimus,
1909 536 2001 582 aut

428 637 548 689 aliis
594 631 918 702 quibuslibet
961 631 1130 684 simus
1180 628 1505 683 facinoribus
1549 625 1762 679 irretiti.
1791 643 1808 674 ι
1849 623 2000 676 Sicut

427 725 568 780 forte
591 723 705 778 fieri
728 729 926 791 potest,
948 729 1008 773 ut
1038 721 1148 788 ipse
1172 720 1262 787 qui
1289 717 1610 772 homicidam
1635 728 1784 767 reum
1808 710 1998 765 mortis

426 828 546 871 esse
568 812 910 882 judicaverit,
955 812 1066 880 ipse
1095 810 1150 862 in
1195 808 1370 876 scipso
1412 821 1508 875 per
1536 804 1717 858 odium
1749 801 1998 854 fraterna:

428 904 618 960 mortis
647 917 772 957 reus
811 915 930 955 esse
960 907 1082 952 ante
1108 897 1318 951 oculum
1345 892 1638 948 conditoris
1673 887 1993 942 inveniatur.

429 992 689 1048 Similiter
727 990 817 1058 qui
847 987 1214 1042 fornicationis
1243 985 1442 1038 crimen
1477 982 1529 1034 in
1568 981 1734 1034 fratre
1759 984 1994 1038 accusat,

429 1086 482 1139 in
512 1098 571 1138 se
613 1083 728 1150 ipso
754 1080 1018 1149 superbire
1043 1077 1250 1130 facinus
1277 1088 1380 1128 non
1415 1071 1610 1126 videat.
1635 1070 1758 1123 Ideo
1777 1060 1998 1135 jubetur

426 1173 582 1241 iudex
619 1171 778 1225 alieni
806 1169 1046 1224 criminis
1071 1167 1236 1237 digito
1263 1161 1601 1219 discretionis
1631 1161 1684 1214 in
1712 1157 1872 1214 corde
1900 1172 1997 1211 suo

429 1261 751 1324 describere,
782 1273 850 1312 ne
875 1257 1012 1312 forte
1033 1258 1085 1310 in
1112 1256 1287 1322 seipso
1315 1268 1438 1306 reus
1461 1250 1779 1304 inveniatur.
1817 1266 1835 1297 ι
1859 1247 1998 1313 Quid

430 1352 594 1418 igitur
615 1350 768 1403 nobis
795 1348 847 1400 in
874 1345 1178 1413 huiusmodi
1205 1341 1457 1413 periculis
1483 1339 1724 1403 remedii,
1758 1339 1883 1407 quid
1915 1353 1998 1391 re-

428 1449 532 1494 stat
587 1438 804 1501 salutis,
860 1437 960 1490 nisi
1009 1443 1071 1488 ut
1115 1449 1236 1489 cum
1287 1439 1594 1500 peccantem
1638 1428 1998 1496 conspicimus

428 1531 610 1591 alium,
642 1542 766 1581 mox
811 1525 1130 1579 inclinemus
1166 1521 1438 1584 deorsum,
1485 1520 1536 1573 id
1566 1526 1684 1583 est,
1710 1531 1870 1586 quam
1901 1517 1998 1570 de—

424 1621 549 1690 jecti
583 1635 648 1673 ex
679 1626 876 1672 nostra:
907 1615 1210 1671 conditione
1253 1612 1557 1681 fragilitatis
1596 1611 1783 1673 simus,
1812 1609 1854 1662 si
1891 1624 1994 1662 non

427 1728 526 1767 nos
547 1711 728 1764 divina
755 1709 926 1777 pietas
949 1707 1208 1760 sustineat
1232 1702 1363 1774 [Al.,
1388 1699 1695 1772 sustentet],
1723 1700 1998 1754 humiliter

427 1799 805 1872 inspiciamus?
829 1797 1003 1868 Digito
1024 1795 1321 1850 scribamus
1345 1795 1396 1847 in
1421 1800 1580 1854 terra,
1611 1791 1664 1845 id
1687 1799 1788 1854 est,
1816 1791 1998 1844 discrio

426 1895 573 1950 mine
619 1892 803 1947 solerti
851 1903 1159 1958 pensemus,
1201 1901 1268 1939 an
1308 1900 1430 1940 cum
1476 1884 1634 1938 beato
1678 1881 1778 1936 Job
1822 1881 2000 1936 dicere

425 1985 731 2057 possimus:
763 1980 942 2052 Neque
982 1981 1117 2033 enim
1159 1975 1478 2046 reprehendit
1513 1990 1604 2027 nos
1643 1988 1734 2026 cor
1767 1981 2000 2025 nostrum

425 2078 484 2132 in
526 2076 667 2130 omni
708 2074 814 2127 vita
861 2079 1038 2125 nostra
1063 2067 1204 2141 (Job.
1230 2081 1396 2130 XXVII,
1429 2063 1502 2135 6).
1539 2063 1680 2116 Bene
1711 2061 1800 2130 qui
1843 2059 2000 2114 incli-

428 2179 588 2224 natus
627 2165 843 2234 scripsit
884 2164 939 2217 in
975 2171 1143 2224 terra,
1170 2164 1382 2213 erectus
1414 2152 1795 2209 misericordia:
1840 2150 2001 2204 verba

429 2259 716 2330 depromit,
744 2256 867 2326 quia
897 2252 1038 2323 quod
1066 2266 1162 2322 per
1189 2250 1437 2303 humana:
1471 2242 1802 2298 infirmitatis
1830 2243 2003 2296 socie-

430 2361 595 2406 tatem
624 2346 889 2418 promisit,
919 2360 1017 2414 per
1045 2343 1237 2398 divina:
1263 2340 1515 2394 virtutem
1553 2337 1804 2406 potentiae
1831 2335 2002 2388 homi-

431 2441 592 2494 nibus
618 2437 815 2490 donum
842 2433 1058 2504 pietatis
1087 2430 1364 2499 impendit.
1409 2467 1413 2471 .

502 2526 663 2582 Vens.
699 2525 782 2589 ll),
814 2523 899 2577 ll.
918 2552 990 2562 -
1016 2504 1253 2589 Erigens,
1285 2519 1476 2587 inquit,
1499 2535 1553 2572 se
1580 2516 1735 2571 Jesus
1763 2517 1894 2571 dixit
1916 2516 1962 2570 ei
1985 2533 2002 2569 :

433 2617 644 2682 Mulier,
675 2616 764 2669 ubi
808 2623 956 2678 sunt,
985 2613 1072 2683 qui
1109 2621 1156 2665 te
1194 2610 1545 2664 accusabant?
1588 2609 1757 2663 Nemo
1797 2618 1844 2662 te
1882 2625 2005 2661 con—

429 2706 731 2763 demnavit?
779 2703 909 2770 Qua:
937 2703 1113 2756 dixit:
1155 2699 1340 2765 Nemo,
1381 2700 1619 2753 Domine.
1668 2697 1838 2753 Nemo
1871 2712 2002 2752 con-

431 2800 687 2855 demnare
730 2811 892 2851 ausus
933 2802 1016 2849 est
1062 2791 1440 2862 peccatricem,
1469 2791 1593 2857 quia
1637 2789 1692 2844 in
1719 2803 1778 2843 se
1809 2788 2004 2857 singuli

433 2903 657 2946 cernere
699 2892 975 2956 cmperant
1020 2883 1164 2953 quod
1205 2881 1375 2952 magis
1418 2879 1775 2934 damnandum
1805 2894 2003 2948 cogno-

434 2991 664 3038 scerent.
708 2978 812 3034 Sed
841 2978 966 3046 quia
994 2974 1356 3030 accusantium
1386 2972 1573 3026 turbas
1601 2971 1811 3040 prolato
1848 2967 2007 3037 justi-

438 3074 525 3146 tia:
548 3069 783 3140 pondere
807 3065 1027 3134 fugavit,
1052 3061 1328 3117 videamus
1351 3069 1657 3116 accusatam
1684 3067 1883 3128 quanto
1907 3059 2006 3112 mi-

437 3159 742 3217 sericordia:
769 3171 988 3211 munere
1009 3153 1264 3209 sublevet.
1289 3174 1306 3204 ι
1339 3151 1594 3221 Sequitur
1617 3169 1628 3204 :
1658 3150 1804 3204 Dixit
1833 3157 2004 3203 autent

435 3251 592 3305 Jesus
615 3263 631 3301 :
664 3247 775 3302 Nec
802 3263 892 3318 ego
913 3258 961 3299 te
987 3244 1354 3299 condemnabo.
1391 3240 1552 3307 Vade,
1579 3251 1626 3294 et
1652 3240 1873 3312 amplius
1899 3239 2007 3294 noli

437 3356 668 3412 peccare.
711 3338 972 3403 Quoniam
1015 3335 1320 3388 misericors
1359 3340 1414 3387 et
1444 3333 1564 3402 pius
1589 3342 1703 3398 est,
1735 3332 2007 3402 praeterita

437 3439 657 3503 peccata
725 3429 946 3483 relaxat.
981 3425 1242 3492 Quoniam
1281 3423 1458 3490 justus
1500 3431 1612 3488 est,
1645 3431 1699 3477 et
1742 3424 2005 3493 justitiam

438 3523 640 3594 diligit,
674 3537 744 3577 ne
786 3518 1012 3590 amplius
1039 3517 1150 3587 jam
1194 3522 1398 3585 peccet,
1430 3513 1720 3568 interdicit.
1757 3531 1775 3563 ‹
1807 3514 2006 3568 Verum

437 3615 566 3686 quia
593 3618 843 3684 poterant
868 3609 1112 3664 dubitare
1137 3605 1300 3674 aliqui
1329 3621 1396 3659 an
1422 3612 1603 3673 posset
1641 3603 1817 3668 .lcsus,
1846 3619 2005 3673 quem

429 3694 625 3761 verum
669 3703 937 3758 hominem
979 3706 1268 3764 noverant,
1313 3696 1584 3752 dimittere
1628 3706 1869 3766 peccata,
1921 3697 2004 3750 di-

443 3803 642 3864 gnatur
694 3793 808 3859 ipse
859 3789 1126 3858 apertius,
1175 3789 1303 3856 quid
1350 3788 1603 3842 divinitus
1659 3785 1867 3850 valeat,
1913 3801 2004 3841 os-

448 3881 688 3939 tendere.
717 3881 842 3935 Post
882 3880 1148 3949 repulsam
1186 3895 1416 3950 namque
1450 3887 1775 3933 tentatorum
1814 3879 2005 3947 nequi-

444 3975 606 4038 tiam,
649 3981 770 4042 post
801 3971 1026 4027 solutam
1059 3972 1370 4041 peccatricis
1407 3971 1648 4040 culpam,
1695 3971 1889 4024 iterum
1927 3972 2006 4025 lo-

443 4071 599 4119 cutus
621 4074 724 4117 eSL
1155 4086 1166 4096 -

1035 4129 1259 4184 CAPUT
1300 4128 1414 4182 XX.

446 4224 636 4278 Lucem
672 4221 853 4276 mundi
887 4237 940 4273 se
983 4219 1126 4272 dicit.
1170 4217 1468 4286 Pharisa'os
1513 4218 1577 4270 de
1608 4220 1816 4286 proprio
1867 4223 2010 4274 testi-

515 4293 686 4346 monio
724 4290 953 4360 refutans
985 4287 1172 4356 arguit.
1213 4284 1480 4338 Iudicium
1515 4284 1667 4340 suum
1693 4284 1866 4342 uerunt
1903 4292 2010 4360 ipse

440 4433 443 4437 _
514 4362 806 4430 conﬁrmat.

2099 522 2224 587 bris,
2253 523 2342 577 sed
2373 522 2574 576 habebit
2619 522 2784 575 lucem
2816 518 2962 591 [Ms.,
2987 517 3180 590 lumen]
3225 521 3364 572 ciae.
3392 517 3493 585 Qui
3534 522 3674 576 meis

2097 612 2258 666 modo
2279 611 2445 681 jussis
2469 620 2524 663 et
2560 609 2820 678 exemplis
2858 609 3190 676 obsequitur,
3220 623 3328 661 non
3359 609 3568 663 timebit
3610 611 3672 666 in

2097 700 2279 755 futuro
2309 702 2560 754 tenebras
2594 699 2972 763 damnationis,
3003 699 3095 753 sed
3120 699 3294 753 lucem
3319 699 3499 769 potius
3522 702 3666 764 vite.

2098 794 2186 849 ubi
2209 809 2484 863 nunquam
2507 805 2731 861 prorsus
2761 791 3040 855 moriatur,
3068 790 3285 844 habebit
3315 802 3394 843 ο.)

2173 923 2191 955 ι
2221 905 2246 944 b
2275 905 2477 973 Itaque,
2503 903 2698 956 fratres
2721 902 2845 964 mci,
2877 916 3166 968 sequamur
3193 898 3467 954 Christum
3490 899 3668 955 lumen

2096 993 2311 1056 mundi,
2352 1006 2419 1046 ne
2441 991 2776 1045 ambulemus
2802 991 2853 1043 in
2874 991 3128 1044 tenebris.
3147 989 3408 1044 Tenebrae
3433 998 3669 1045 metucno

2097 1087 2178 1141 da:
2207 1095 2330 1140 sunt
2353 1100 2582 1147 morum,
2607 1099 2712 1137 non
2741 1083 3051 1146 oculorum;
3083 1091 3137 1136 et
3161 1083 3205 1137 si
3231 1083 3528 1147 oculorum,
3562 1101 3670 1140 non

2097 1178 2445 1240 exteriorum,
2473 1175 2566 1228 sed
2618 1174 2962 1237 interiorum,
3014 1175 3154 1228 unde
3203 1174 3530 1229 discernitur
3563 1193 3674 1231 non

2097 1267 2275 1321 album
2299 1275 2352 1318 et
2397 1265 2629 1334 nigrum,
2660 1265 2752 1319 scd
2788 1262 2991 1332 justum
3017 1273 3072 1317 et
3095 1265 3373 1332 injustu‘m.
3405 1265 3538 1320 Cum
3566 1268 3674 1322 hoc

2097 1372 2224 1426 ergo
2240 1357 2462 1411 dixisset
2489 1356 2747 1409 Dominus
2776 1363 2960 1409 noster
2979 1354 3132 1409 Jesus
3153 1356 3420 1419 Christus,
3453 1373 3679 1426 respon-

2096 1447 2290 1503 derunt
2317 1447 2484 1502 Juda‘i
2518 1465 2529 1499 :
2559 1445 2740 1518 (Vens.
2766 1446 2876 1518 l5.)
2903 1445 2980 1499 Tu
3000 1447 3064 1499 de
3083 1455 3132 1499 te
3159 1448 3510 1501 testimonium
3539 1451 3675 1502 dicis

2099 1538 2229 1610 [Al.,
2244 1537 2524 1610 perhibes],
2543 1537 2893 1590 testimonium
2910 1544 3057 1589 tuum
3077 1552 3181 1590 non
3193 1545 3269 1589 est
3292 1553 3484 1589 verum.
3507 1538 3678 1593 Ante-

2098 1646 2257 1699 quam
2283 1629 2492 1682 veniret
2515 1627 2773 1680 Dominus
2802 1634 2986 1681 noster
3008 1623 3164 1678 Jesus
3185 1623 3452 1687 Christus,
3478 1629 3679 1681 multas

2100 1727 2222 1772 ante
2243 1733 2301 1773 se
2327 1718 2574 1772 lucernas
2595 1716 2938 1786 propheticas
2957 1716 3203 1770 accendit
3221 1723 3274 1768 et
3303 1718 3469 1770 misit.
3495 1717 3569 1772 De
3592 1720 3680 1772 his

2101 1815 2216 1865 erat
2267 1807 2428 1860 etiam
2475 1804 2708 1859 Joannes
2759 1806 2998 1874 Baptista
3065 1804 3194 1876 [cui
3253 1814 3362 1859 tam
3421 1822 3676 1877 magnum

2101 1899 2276 1968 ipsum
2321 1897 2500 1950 lumen
2525 1936 2540 1959 ,
2593 1895 2733 1965 quod
2762 1902 2844 1948 est
2885 1893 3163 1957 Christus,
3221 1896 3493 1964 perhibuit
3525 1899 3682 1952 testi-

2102 1987 2369 2051 monium,
2398 1985 2556 2054 quale
2600 1982 2730 2038 nuili
2781 1984 3087 2048 hominum;
3121 1985 3197 2037 ait
3222 1986 3363 2039 enim
3399 2005 3410 2038 :
3447 1986 3511 2040 In
3539 1990 3678 2042 natis

2101 2078 2374 2134 mulierum
2398 2075 2742 2130 nonsurrexit
2768 2074 2940 2143 major
2961 2073 3168 2127 Joanne
3193 2074 3431 2145 Baptista
3459 2076 3680 2148 (Matth.

2103 2187 2176 2235 χι,
2213 2169 2351 2242 ll)].
2391 2169 2490 2223 ilic
2518 2176 2696 2222 tamen
2722 2181 2827 2235 quo
2878 2181 3034 2220 nemo
3065 2175 3182 2220 erat
3231 2165 3405 2234 major
3451 2169 3505 2221 in
3537 2171 3682 2224 natis

2102 2259 2410 2323 mulierum,
2441 2257 2658 2312 dicitde
2686 2256 2910 2310 Domino
2929 2264 3114 2309 nostro
3133 2254 3259 2309 Jesu
3279 2257 3495 2311 Christo
3523 2275 3536 2310 :
3564 2258 3679 2328 Ego

2101 2350 2307 2419 quidem
2348 2348 2552 2417 baptizo
2582 2362 2670 2400 vos
2697 2347 2752 2398 in
2773 2362 2909 2415 aqua
2929 2386 2943 2411 ,
2973 2346 3063 2416 qui
3084 2355 3258 2398 autent
3284 2348 3419 2400 venit
3440 2359 3555 2418 post
3578 2365 3684 2413 me,

2103 2442 2290 2511 fortior
2314 2456 2393 2492 me
2431 2447 2526 2502 est,
2561 2437 2646 2491 cui
2679 2453 2781 2490 non
2809 2453 2926 2490 sum
2949 2436 3137 2505 dignus
3162 2437 3443 2505 corrigiam
3485 2437 3686 2492 calcea-

2103 2532 2261 2585 menti
2290 2528 2483 2583 solvere
2537 2527 2716 2598 (Joan.
2759 2543 2797 2591 ι,
2838 2525 2948 2595 26).
3006 2526 3195 2580 Videte
3229 2527 3680 2595 quemadmodum

2104 2637 2162 2676 se
2191 2620 2407 2674 lucerna
2437 2618 2531 2672 Dei
2574 2616 2706 2688 [Al.,
2736 2615 2864 2687 dici]
2894 2615 3193 2670 submittat.
3227 2615 3529 2670 Lucernam
3555 2634 3683 2672 vero

2105 2718 2277 2788 ipsum
2305 2715 2565 2770 Joannem
2613 2713 2799 2777 fuisse,
2830 2711 3090 2768 Dominus
3133 2711 3247 2782 ipse
3274 2721 3504 2767 testatur
3540 2733 3552 2768 :
3584 2714 3686 2768 Ille

2105 2820 2233 2874 erat,
2268 2809 2464 2877 inquit,
2491 2806 2705 2860 lucerna
2735 2805 2924 2858 arden‘s
2954 2815 3001 2858 et
3025 2803 3222 2869 lucens,
3254 2815 3302 2858 et
3333 2821 3420 2858 vos
3448 2806 3684 2860 voluistis

2105 2899 2176 2955 ad
2230 2898 2413 2950 horam
2463 2893 2725 2949 exsultare
2778 2894 2833 2946 in
2878 2893 3074 2947 lumine
3108 2895 3222 2964 ejus
3247 2894 3428 2963 (Joan.
3472 2911 3524 2958 v,
3567 2895 3681 2961 55).

2112 3007 2130 3040 ε
2153 2987 2562 3057 Responderunt
2582 2999 2710 3053 ergo
2735 2983 2903 3036 Judaei
2934 2999 2948 3038 :
2977 2981 3054 3034 'l'u
3073 2982 3138 3036 de
3160 2992 3207 3036 te
3232 2984 3581 3037 testimonium
3607 2985 3688 3036 di.

2107 3082 2213 3144 cis,
2245 3077 2592 3132 testimonium
2654 3084 2800 3127 tuum
2860 3089 2963 3127 non
3027 3082 3102 3127 est
3137 3089 3330 3126 verum.
3373 3073 3686 3138 Videamus,

2107 3169 2235 3240 quid
2260 3168 2482 3223 audiunt
2512 3185 2524 3218 :
2563 3164 2844 3218 audiamus
2867 3171 2921 3216 et
2941 3177 3039 3216 nos
3063 3201 3077 3226 ,
3115 3162 3209 3216 sed
3234 3178 3336 3215 non
3384 3163 3523 3216 sicut
3576 3162 3683 3216 illi.

2104 3259 2186 3316 llli
2216 3261 2640 3317 contemnentes,
2669 3268 2769 3307 nos
2793 3250 3106 3315 credentes;
3135 3249 3211 3303 illi
3242 3248 3504 3304 Christum
3528 3250 3688 3304 occi-

2107 3350 2234 3406 dere
2268 3348 2507 3403 volentes
2533 3385 2547 3409 ,
2585 3358 2685 3399 nos
2732 3340 3007 3397 Christum
3040 3338 3221 3410 [Aug.,
3252 3353 3346 3408 per
3370 3336 3684 3411 Christum]

2104 3440 2285 3493 vivere
2309 3437 2604 3505 cupientes.
2625 3432 2842 3486 Interim
2866 3431 2966 3484 ista
2997 3429 3249 3483 distantia
3276 3428 3568 3497 distinguat
3589 3443 3688 3482 au—

2107 3543 2194 3582 res
2223 3535 2537 3592 entesque
2563 3531 2796 3587 nostras,
2827 3527 2881 3574 et
2907 3518 3187 3574 audiamus
3229 3518 3356 3585 quid
3380 3515 3574 3571 Jndzcis
3599 3533 3685 3572 re-

2109 3615 2383 3686 sponderit
2414 3613 2676 3668 Dominus
2698 3629 2710 3664 :

2177 3737 2340 3791 Vsus.
2375 3731 2839 3802 M.—Rcspondit
2861 3732 3034 3795 Jesus,
3068 3742 3114 3785 et
3139 3732 3266 3785 dicit
3295 3733 3409 3785 eis:
3438 3731 3505 3785 Et
3528 3733 3573 3785 si
3591 3748 3683 3801 ego

2109 3829 2457 3885 testimonium
2481 3825 2721 3896 perhibeo
2755 3825 2818 3878 de
2842 3827 3038 3894 meipso
3061 3865 3076 3887 ,
3112 3841 3289 3878 verum
3333 3835 3408 3878 cst
3453 3824 3684 3878 testimo-

2111 3923 2254 3977 nium
2283 3935 2486 3980 meum;
2524 3917 2647 3988 quia
2676 3917 2784 3969 scio
2811 3916 2946 3969 unde
2973 3917 3084 3969 veni
3105 3925 3151 3969 ct
3179 3933 3280 3984 quo
3301 3916 3451 3970 vado.
3478 3915 3679 3969 Lumen

2109 4024 2162 4070 et
2195 4013 2298 4067 alia
2341 4013 2674 4067 demonstrat
2701 4016 2757 4063 et
2800 4007 3055 4078 seipsum.
3085 4005 3330 4061 Christus
3349 4012 3480 4060 etse
3504 4014 3684 4059 osten—

2111 4105 2188 4160 dit
2219 4112 2274 4157 et
2298 4102 2515 4156 Patrem
2559 4099 2818 4164 ostendit,
2851 4107 2905 4152 et
2930 4097 2996 4152 de
3019 4097 3218 4151 Iudaeis
3242 4095 3369 4164 quid
3394 4104 3536 4149 esset
3556 4109 3686 4147 ven-

2113 4203 2310 4248 turum.
2337 4192 2480 4262 Ergo
2497 4191 2571 4245 ait
2591 4191 2877 4254 Dominus,
2905 4196 2958 4242 et
2984 4203 3169 4241 verum
3197 4188 3271 4241 ait
3303 4207 3313 4238 :
3336 4186 3404 4238 Et
3429 4186 3476 4238 si
3502 4202 3592 4254 ego
3620 4185 3686 4237 de

2111 4300 2189 4337 me
2243 4281 2591 4336 testimonium
2627 4279 2903 4350 perhibeo,
2968 4294 3142 4330 verum
3205 4287 3278 4330 est
3335 4275 3688 4328 testimonium

2112 4388 2303 4437 meum,
2331 4373 2455 4443 quia
2482 4372 2588 4424 scio
2615 4370 2750 4422 unde
2777 4369 2893 4422 veni
2922 4377 2968 4421 et
2995 4385 3097 4438 quo
3122 4367 3272 4421 vado.
3297 4366 3515 4420 Patrem
3543 4363 3689 4418 vole-

517 4455 681 4511 Vsns.
714 4453 799 4507 l2.
834 4482 906 4493 —-
936 4450 1046 4522 Eyo
1087 4466 1201 4504 sunt
1247 4449 1339 4504 lux
1383 4451 1583 4503 mundi.
1630 4449 1732 4516 Qui
1780 4452 2010 4524 sequitur

2113 4464 2206 4517 bat
2229 4461 2468 4530 intelligi,
2497 4459 2643 4514 Patri
2670 4459 2894 4529 gloriam
2917 4458 3077 4513 dabat
3098 4458 3294 4522 Filius;
3325 4457 3547 4526 aequalis
3573 4456 3688 4525 glo-

444 4563 546 4609 me,
574 4561 676 4599 non
703 4541 985 4622 ambulabit
1009 4541 1062 4594 in
1085 4539 1327 4605 tenebris,
1350 4541 1439 4594 sed
1460 4541 1660 4594 habebit
1683 4541 1847 4595 lucem
1867 4545 2005 4598 vine.

449 4637 550 4693 Ubi
581 4635 862 4690 manifeste
899 4636 1052 4689 docet
1077 4649 1184 4688 non
1214 4634 1386 4688 solum
1413 4651 1518 4704 qua
1552 4637 1869 4692 auctoritate
1895 4647 2012 4693 mu-

446 4724 566 4782 licri
596 4735 813 4796 peccata
839 4725 1128 4790 dimiserit;
1156 4726 1246 4780 sed
1274 4727 1456 4790 etiam,
1485 4727 1625 4795 quod
1655 4727 1767 4797 ipse
1794 4731 1860 4783 sit
1883 4746 2010 4785 vera

445 4818 555 4881 lux,
601 4831 719 4888 qua:
757 4817 1023 4871 illuminat
1055 4829 1266 4870 omnem
1312 4817 1580 4870 hominem
1625 4817 1924 4873 venientem
1956 4819 2009 4872 in

447 4910 592 4966 hunc
638 4905 934 4963 mundum:
973 4905 1124 4974 cujus
1165 4915 1482 4976 perpetuum
1525 4907 1862 4977 splendorem
1913 4910 2013 4963 hu-
2052 4932 2054 4934 ·

451 5020 607 5060 mana
637 5003 896 5074 fragilitas
923 5003 1104 5057 videre
1131 5018 1238 5056 non
1265 5003 1541 5071 potuisset,
1582 5002 1685 5056 nisi
1724 5003 1862 5058 nube
1897 5019 2015 5059 car-

449 5095 533 5149 nis
557 5102 840 5166 tegeretur,
867 5106 965 5162 per
991 5103 1151 5160 quam
1188 5090 1340 5160 quasi
1369 5104 1467 5159 per
1491 5090 1756 5158 quoddam
1801 5092 2017 5148 lucidis-

453 5189 644 5241 simum
701 5183 972 5255 speculum
1021 5181 1186 5237 divini
1239 5180 1452 5235 luminis
1505 5180 1721 5237 claritas
1766 5183 2015 5238 humanis

453 5275 719 5329 mentibus
765 5275 1139 5336 innotesceret,
1167 5287 1286 5340 quae
1336 5270 1438 5325 fide
1479 5272 1751 5340 purganda
1798 5281 1910 5339 est,
1955 5282 2016 5327 ut

452 5365 585 5420 tanti
609 5365 824 5419 luminis
853 5364 1088 5433 aspectui
1116 5364 1272 5434 digna
1312 5360 1589 5416 elliciatur.
1624 5363 1774 5418 Unde
1802 5374 2016 5420 secutus

521 5525 550 5583 ἢ
588 5513 870 5583 [lucusque
892 5532 953 5570 ex
985 5517 1199 5571 homilia
1223 5515 1354 5572 Ven.
1386 5516 1560 5571 Bcdm.

459 5648 482 5706 !
531 5581 572 5683 ’ξ’
595 5581 875 5700 E‘xésani‘lo
897 5586 1210 5655 Augustino,
1232 5594 1384 5642 tract.
1420 5604 1554 5640 xxxv
1587 5588 1637 5643 in
1663 5587 1841 5653 Joan.,
1866 5600 2008 5642 num.

493 5691 508 5715 ο
546 5682 592 5710 ει,
630 5682 724 5701 νυ.

2117 4550 2358 4606 riﬁcabat
2385 4566 2528 4615 eum,
2573 4565 2603 4602 a
2653 4564 2758 4617 quo
2789 4556 2872 4603 est
2897 4549 3093 4602 missus
3147 4567 3158 4601 :

2116 4643 2278 4698 homo
2303 4639 2603 4712 glorificare
2626 4655 2771 4704 eum,
2806 4655 2834 4693 a
2865 4654 2972 4709 quo
2991 4647 3074 4693 est
3099 4640 3345 4694 creatus?
3388 4638 3510 4693 Scio
3548 4638 3690 4691 unde

2114 4733 2228 4786 veni
2250 4741 2297 4784 et
2321 4748 2423 4801 quo
2453 4730 2602 4784 vado.
2639 4748 2658 4780 ι
2684 4729 2808 4790 late,
2827 4730 2917 4798 qui
2947 4730 2998 4782 in
3026 4731 3310 4799 praesentia
3333 4730 3486 4784 vobis
3514 4728 3691 4797 loqui-

2115 4833 2223 4889 tur,
2252 4825 2416 4878 habet
2452 4823 2594 4892 quod
2621 4837 2726 4876 non
2755 4821 3010 4884 deseruit,
3040 4823 3131 4875 sed
3160 4831 3335 4875 tamen
3377 4820 3551 4882 venit;
3579 4833 3688 4872 non

2115 4919 2258 4972 enim
2289 4917 2548 4971 veniendo
2574 4916 2696 4970 inde
2717 4913 2996 4978 discessit,
3031 4923 3123 4968 aut
3145 4913 3398 4967 rediendo
3421 4927 3517 4965 nos
3537 4910 3692 4965 derc-

2123 5007 2300 5076 liquit.
2337 5006 2474 5072 Quid
2512 5005 2824 5061 miramini?
2876 5004 3016 5057 Deus
3073 5011 3174 5056 est.
3209 5002 3324 5056 Non
3364 5009 3544 5072 potest
3583 5001 3692 5054 hoc

2117 5099 2233 5153 ficri
2253 5138 2266 5163 ,
2293 5099 2387 5153 sed
2447 5098 2515 5151 ab
2565 5096 2780 5149 homine
2809 5113 2820 5147 :
2849 5110 2953 5148 non
2978 5101 3152 5161 potest
3198 5093 3302 5147 hoc
3327 5091 3441 5145 fieri
3470 5090 3539 5145 ab
3569 5092 3690 5159 ipso

2115 5187 2227 5243 sole
2256 5188 2480 5242 oriente.
2520 5185 2610 5240 Sol
2645 5185 2825 5240 oriens
2872 5183 3046 5253 pergit
3093 5184 3160 5236 ad
3211 5183 3543 5236 occidentem
3569 5221 3582 5243 ,
3629 5189 3688 5234 et

2117 5278 2317 5332 deserit
2333 5279 2616 5331 orientem.
2640 5275 2756 5328 Non
2787 5289 2852 5328 eo
2872 5289 3021 5327 more
3049 5273 3306 5326 Dominus
3327 5279 3511 5324 noster
3529 5269 3691 5325 Jesus

2117 5367 2362 5422 Christus
2401 5376 2422 5404 ε
2459 5373 2552 5418 :et
2581 5365 2726 5417 venit
2749 5363 2912 5428 enim,
2959 5373 3012 5415 et
3042 5361 3111 5416 ibi
3143 5369 3261 5423 est;
3302 5366 3354 5413 et
3401 5360 3580 5423 rediit,
3634 5367 3694 5413 et

3217 4557 3479 4617 quantum
3529 4546 3690 4601 debet

2190 5528 2211 5555 ε
2254 5517 2388 5585 Aug.
2419 5535 2430 5568 :
2462 5533 2487 5586 ί(
2523 5514 2638 5586 Non
2667 5523 2840 5586 potest
2865 5516 2966 5569 hoc
3004 5515 3118 5586 fieri
3157 5515 3225 5568 ab
3274 5513 3534 5586 homine:
3581 5524 3690 5586 non

2114 5594 2291 5655 potest
2319 5580 2422 5641 h'oc
2451 5585 2562 5640 fieri
2595 5580 2798 5655 ab'ipso
2828 5586 2956 5639 sole.
2991 5585 3214 5650 Quando
3239 5585 3413 5652 pergit
3450 5582 3517 5655 ad
3544 5580 3689 5655 orci:

2116 5649 2345 5720 dentem,
2368 5656 2565 5712 deserit
2586 5649 2869 5721 orientem,
2893 5663 2940 5709 ct
2969 5649 3134 5711 donec
3155 5649 3390 5710 oriturus
3415 5653 3596 5708 redeat
3619 5649 3687 5704 ad
