4000 6190
329 334 432 398 In")?

1144 340 1549 398 EXEGETICA.
1588 371 1660 383 —-
1696 336 2050 399 COMMENT.
2090 342 2157 397 ιδ
2191 337 2381 401 JOAN.
2414 375 2480 386 -—
2518 348 2645 403 LIB.
2685 340 2772 403 Ν.

3470 350 3575 412 838

328 454 419 509 hic
439 459 542 507 est.
565 450 707 504 Audi
742 449 915 540 ipsum
939 449 1321 519 evangelistam
1343 448 1449 540 alio
1476 449 1593 540 loco
1610 449 1903 540 dicentem,
1932 450 1982 508 Α
2001 446 2250 516 judicare
2270 456 2549 523 mundum,
2574 458 2667 513 sed
2687 457 2895 514 salvere
2908 461 3186 526 mundum,
3213 463 3349 518 dixit
3372 483 3384 518 :
3413 464 3575 540 [Ego]

326 549 387 598 et
406 540 453 595 si
471 547 647 609 potes,
671 552 835 607 cape;
873 537 919 592 si
943 550 1047 592 non
1076 546 1249 606 potes,
1280 537 1461 592 crede.
1489 537 1675 603 Deum,
1704 539 1899 608 inquit,

328 645 480 686 nemo
509 629 637 683 cidit
662 644 920 697 unquam,
950 629 1051 680 nisi
1075 628 1370 697 unigenitus
1403 625 1599 692 Filius,
1633 629 1723 697 qui
1746 638 1821 682 est
1849 630 1902 681 in

327 724 447 778 sinu
477 719 677 782 Patris,
717 720 825 788 ipse
853 719 1114 774 enarravit
1149 715 1328 791 (Joan.
1361 734 1402 782 ι,
1440 718 1544 789 l8).
1578 718 1693 773 Non
1716 720 1853 773 dixit
1884 733 1898 772 :

324 812 431 880 Qui
454 811 634 866 fuitin
663 811 783 865 sinu
803 809 997 865 Patris.
1043 809 1141 864 llic
1166 811 1500 879 loquebatur,
1531 821 1586 865 et
1606 811 1676 866 ibi
1705 826 1763 866 sc
1782 825 1902 866 esse

328 903 543 959 dicebat
589 915 604 955 :
657 901 748 970 qui
788 910 843 955 ει
869 902 996 956 hinc
1031 901 1368 956 discessurus
1422 902 1555 957 dixit
1597 919 1610 956 :
1642 902 1779 957 Ecce
1808 918 1901 972 ego

326 992 588 1047 uobiscum
611 1007 728 1045 sum
757 991 995 1044 omnibus
1020 990 1199 1045 diebus
1228 1004 1386 1061 usque
1405 991 1474 1047 ed
1500 994 1903 1046 consummatio-

326 1097 445 1136 nem
479 1080 659 1136 saeculi
696 1079 910 1151 (Matth.
956 1094 1144 1142 xxvm,
1202 1080 1313 1152 20).
1369 1099 1387 1131 ι
1413 1081 1552 1151 Ergo
1591 1096 1777 1136 verum
1818 1087 1902 1136 est

328 1170 693 1225 testimonium
740 1168 989 1233 luminis,
1036 1169 1149 1225 sive
1178 1170 1529 1235 seostendat,
1580 1170 1693 1225 sive
1743 1170 1894 1224 alia:

322 1259 451 1328 quia
478 1258 595 1313 sine
642 1257 843 1311 lumine
865 1272 978 1316 non~
1000 1265 1177 1326 potest
1199 1257 1370 1312 videri
1414 1256 1625 1323 lumen;
1683 1266 1741 1313 et
1784 1258 1900 1312 sine

324 1350 527 1405 lumine
542 1362 651 1402 non
681 1355 860 1416 potest
878 1347 1046 1401 videri
1070 1346 1347 1416 quodlibet
1369 1346 1513 1401 aliud
1533 1347 1677 1415 quod
1698 1360 1803 1400 non
1816 1356 1900 1401 εει

327 1442 525 1495 lumen.
546 1458 565 1492 ι
598 1438 783 1508 Itaque
804 1445 859 1492 et
884 1437 1065 1491 lumen
1086 1446 1143 1491 et
1163 1438 1400 1508 seipsum
1422 1437 1679 1501 ostendit,
1701 1446 1756 1491 et
1778 1451 1899 1506 qua:

325 1533 470 1585 circa
499 1532 731 1593 seSunt;
761 1528 835 1581 ita
857 1536 912 1581 et
935 1527 1206 1592 Christus,
1232 1535 1287 1580 et
1308 1527 1542 1596 seipsum
1559 1525 1818 1589 ostendit,
1842 1533 1900 1580 et

326 1619 738 1676 aliosilluminat
751 1619 842 1688 qui
859 1619 1127 1673 charitate
1140 1618 1284 1673 circa
1298 1632 1356 1672 se
1371 1625 1516 1682 sunt,
1531 1625 1588 1672 et
1600 1625 1899 1687 sequuntur

324 1713 474 1768 illum
495 1728 601 1768 non
622 1712 818 1782 pedum
843 1710 1114 1783 gressibus
1130 1751 1144 1775 ,
1167 1711 1263 1765 sed
1299 1710 1580 1765 charitatis
1613 1709 1822 1765 ciliciis.

2006 556 2108 593 non
2130 540 2319 610 judico
2344 560 2687 615 quemquam,-
2717 548 2831 604 sive
2862 550 3310 618 quemadmodum
3340 570 3576 612 comme-

2004 632 2241 698 moravi,
2273 636 2528 702 quoniam
2572 637 2782 693 dixerat
2831 657 2844 692 :
2908 638 3013 694 Vos
3053 645 3337 701 secundum
3364 661 3573 704 carnem

1993 721 2250 790 judicatis
2274 764 2289 789 ,
2329 726 2530 780 addidit
2583 745 2596 779 :
2641 726 2753 798 Ego
2792 746 2895 783 non
2935 731 3119 799 judico
3153 750 3482 807 quemquam,
3513 747 3576 793 ut

2002 812 2360 882 intelligamus
2397 814 2692 883 Christum,
2721 832 2824 873 non
2853 824 3146 877 secundum
3175 839 3393 881 carnem
3427 826 3577 895 judi-

2001 913 2160 963 care,
2196 900 2337 955 sicut
2387 903 2455 956 ab
2493 904 2799 960 hominibus
2842 906 3113 974 judicatus
3149 921 3249 966 est.
3297 931 3316 964 ι
3356 913 3490 971 Nam
3517 926 3577 973 ut

2001 989 2338 1056 cognoscatis
2359 989 2472 1058 jam
2500 999 2555 1046 et
2575 993 2810 1062 jndicem
2841 996 3112 1052 Christum
3138 1040 3153 1065 ,
3209 1003 3389 1060 audite
3442 1009 3573 1076 quid

2001 1079 2245 1148 sequitur
2266 1097 2279 1133 :
2298 1079 2483 1151 (Vens.
2507 1079 2615 1154 l6.)
2637 1082 2704 1137 Et
2727 1085 2773 1137 si
2784 1085 2973 1154 judico
2991 1104 3104 1158 ego,
3120 1089 3386 1158 judicium
3404 1112 3576 1153 meum

2000 1184 2173 1223 verum
2197 1180 2292 1223 est.
2323 1170 2459 1225 Ecce
2480 1170 2978 1241 habetetjudicium
2996 1175 3178 1249 [Aug.,
3200 1189 3253 1234 et
3264 1180 3570 1248 judicem...

2000 1272 2067 1312 ne
2095 1260 2298 1314 sentias
2337 1258 2594 1335 iudicem]
2619 1303 2634 1327 ,
2662 1264 2753 1319 scd
2783 1279 3013 1335 agnasce
3066 1269 3404 1329 Salvatorcm
3429 1317 3446 1341 ,
3508 1296 3577 1335 ne

1999 1350 2200 1404 sentias
2218 1349 2499 1419 judicium.
2530 1354 2709 1421 Quare
2748 1365 2926 1411 autem
2964 1361 3100 1415 dixit
3120 1360 3384 1430 judicium
3415 1384 3571 1425 suum

1998 1455 2187 1495 verum
2215 1443 2370 1495 esse?
2395 1441 2532 1507 Quia
2554 1444 2697 1499 solus
2718 1487 2732 1508 ,
2768 1448 2970 1517 inquit,
3000 1467 3101 1505 non
3128 1469 3243 1508 sum
3263 1496 3277 1520 ,
3316 1459 3408 1513 sed
3456 1477 3571 1530 ego,

1997 1538 2046 1582 et
2070 1530 2161 1599 qui
2187 1546 2267 1584 me
2291 1532 2431 1585 misit
2464 1530 2644 1588 Pater.
2678 1554 2697 1587 ι
2728 1534 2865 1603 Quid
2888 1548 2971 1594 est
3000 1542 3184 1597 missio
3213 1543 3445 1614 Christi,
3469 1552 3571 1605 nisi

1997 1617 2299 1674 iucarnatio
2315 1620 2469 1690 ejus?
2496 1622 2688 1679 Missus
2709 1634 2793 1680 est
2829 1626 3076 1685 Christus
3099 1671 3114 1696 ,
3147 1632 3286 1688 idem
3329 1646 3410 1693 est
3439 1649 3497 1693 ut
3524 1641 3570 1696 si

1998 1708 2169 1775 dicas,
2200 1711 2514 1768 incarnatus
2556 1723 2641 1769 est
2679 1714 2951 1773 Christus.
3005 1720 3070 1775 Et
3119 1738 3150 1776 a
3189 1723 3348 1782 Patre
3376 1731 3574 1789 missus

395 1804 540 1859 Duos
569 1778 832 1858 adventus
846 1778 1065 1857 Domini
1093 1801 1264 1856 nostri
1288 1799 1417 1855 Jesu
1443 1799 1642 1856 Christi
1669 1800 1896 1870 legimus
1930 1778 1973 1836 Β
1997 1806 2138 1865 erat,
2163 1808 2220 1856 et
2247 1816 2279 1855 a
2311 1802 2470 1858 Patre
2499 1819 2773 1874 nunquam
2803 1811 3028 1865 recessit
3064 1830 3077 1866 :
3132 1822 3186 1869 et
3210 1778 3303 1871 hic

324 1894 380 1948 in
415 1893 711 1965 Scripturis
760 1894 961 1948 sanctis
1014 1908 1045 1947 a
1096 1892 1376 1962 prophetis
1434 1906 1553 1947 esse
1588 1893 1894 1962 praedictos,

320 1999 490 2039 unum
512 1982 891 2039 misericordiae
914 1983 1006 2053 qui
1046 1992 1299 2052 peractus
1321 1992 1422 2046 est,
1456 1983 1685 2038 alterum
1704 1983 1895 2054 judicii

323 2073 417 2143 qui
459 2080 716 2127 venturus
749 2080 850 2127 est.
898 2092 917 2123 ι
939 2086 964 2113 ιι
988 2072 1171 2148 Prima
1187 2086 1316 2142 ergo
1340 2073 1664 2141 dispensatio
1685 2072 1896 2129 Domini

323 2164 495 2219 nostri
513 2161 641 2219 Jesu
670 2162 869 2219 Christi
895 2162 1250 2229 medicinalis,
1297 2177 1403 2217 non
1442 2162 1741 2230 iudicialis;
1770 2177 1896 2217 nam

323 2257 370 2311 si
401 2255 581 2325 primo.
598 2253 835 2309 venisset
873 2252 1215 2321 judicaturus
1236 2293 1254 2319 ,
1303 2253 1569 2308 neminem
1605 2253 1899 2309 invenisset

322 2344 408 2399 cui
436 2342 657 2414 prtemia
679 2341 903 2410 iustitiae
928 2341 1197 2396 redderet.
1226 2341 1363 2408 Quia
1389 2356 1517 2411 ergo
1539 2341 1672 2396 vidit
1706 2357 1898 2399 omnes

323 2444 633 2504 peccatores
656 2476 672 2500 ,
721 2442 775 2489 et
824 2435 1043 2488 omnino
1094 2448 1214 2488 esse
1242 2433 1509 2488 neminem
1545 2433 1839 2489 immunem
1863 2450 1895 2488 a

321 2538 497 2585 morte
532 2526 770 2599 peccati,
809 2528 960 2597 prius
981 2527 1098 2598 ejus
1125 2534 1240 2580 erat
1285 2525 1653 2580 misericordia
1696 2540 1897 2594 prtere-

323 2620 517 2689 ganda,
543 2628 599 2675 et
621 2626 745 2689 post
778 2616 1136 2672 exercendum
1178 2613 1368 2686 [Aug.,
1409 2611 1785 2684 exserendum]
1809 2613 1897 2683 ju-

321 2711 521 2766 dicium
569 2727 582 2764 :
635 2708 760 2778 quia
789 2707 856 2762 de
893 2706 987 2761 illo
1012 2712 1323 2761 cantaverat
1360 2703 1604 2758 Psalmns
1641 2721 1654 2756 :
1689 2701 1896 2757 Miseri-

320 2802 555 2857 cordiam
583 2812 631 2856 et
652 2801 912 2871 judicium
962 2799 1181 2855 cantabo
1221 2798 1354 2862 tibi,
1400 2797 1622 2852 Domine
1668 2793 1892 2864 (Psalm.

322 2909 376 2958 c,
394 2893 468 2965 l).
487 2892 602 2948 Non
613 2894 755 2948 enim
778 2900 902 2947 ante
921 2890 1180 2960 judicium
1209 2897 1264 2944 et
1289 2895 1410 2959 post
1433 2886 1852 2943 misericordiam
1878 2904 1891 2940 :

324 2999 449 3038 nam
472 2983 517 3038 si
542 2983 775 3052 primum
801 2980 1243 3047 cssetjudicium,
1275 2978 1418 3033 nulla
1444 2986 1587 3032 esset
1608 2976 1769 3048 5M
1797 2976 1899 3030 mi-

324 3071 646 3137 sericordia;
686 3071 780 3126 sed
800 3071 974 3140 primo
995 3068 1384 3133 misericordia,
1412 3074 1595 3137 postea
1611 3066 1890 3136 judicium.

323 3162 455 3229 Quae
478 3168 559 3216 est
597 3161 771 3230 primo
821 3158 970 3230 [Ms.,
1001 3157 1197 3230 prima]
1237 3155 1640 3211 misericordia?
1671 3154 1895 3210 Creator

325 3253 559 3308 hominis
592 3253 770 3306 homo.
792 3265 912 3305 esse
946 3250 1192 3319 dignatus
1228 3254 1332 3313 εει,
1372 3245 1547 3301 factus
1571 3244 1713 3315 Quod
1754 3244 1898 3300 fece-

326 3352 433 3406 rat,
473 3357 539 3396 ne
560 3341 759 3410 periret
787 3339 928 3409 quod
954 3337 1173 3394 fecerat.
1199 3336 1340 3403 Quid
1368 3336 1492 3401 huic
1517 3335 1897 3391 misericordiae

325 3433 448 3489 addi
477 3433 691 3502 potest?
717 3430 935 3487 Addidit
968 3438 1165 3484 tamen.
1205 3447 1224 3479 ι
1276 3427 1409 3481 Nam
1455 3426 1770 3496 reprobatus
1813 3434 1897 3483 est

325 3524 398 3579 ab
428 3524 677 3579 omnibus
717 3521 848 3594 [Αι.,
892 3518 1244 3592 hominibus],
1292 3533 1390 3588 pro
1436 3533 1665 3588 quorum
1724 3517 1896 3573 salute

325 3622 551 3670 venerat
597 3613 652 3668 in
699 3613 976 3676 mundum,
1031 3609 1308 3665 irrisiones
1342 3609 1616 3675 sustinuit,
1664 3607 1894 3681 ﬂagella,

327 3710 514 3772 sputa,
538 3702 823 3772 opprobria
867 3701 1205 3756 inimicorum
1228 3738 1244 3764 ,
1273 3698 1638 3768 turpissimam
1669 3706 1894 3751 mortem

326 3793 525 3848 crucis.
551 3791 674 3848 Haec
697 3793 875 3849 omnia
901 3790 1157 3847 sustinuit
1183 3790 1308 3860 quia
1344 3788 1546 3852 voluit,
1579 3795 1640 3841 ut
1664 3786 1898 3840 salvaret

246 3878 257 3891 ⁹
325 3882 599 3938 hominem
623 3897 780 3951 quem
808 3888 1104 3936 creaverat.
1125 3878 1336 3932 Nullum
1363 3892 1531 3947 genus
1550 3876 1740 3929 mortis
1759 3876 1897 3928 into-

325 3972 602 4028 lerabilius
628 3971 727 4025 fuit
764 3985 944 4034 cruce,
973 3976 1192 4038 pr0pter
1232 3967 1419 4035 longos
1455 3963 1762 4018 cruciatus:
1802 3963 1897 4018 sed

329 4063 463 4119 nihil
487 4078 629 4117 nunc
659 4058 944 4130 gloriosius
964 4072 1123 4127 quam
1153 4056 1363 4125 signum
1403 4053 1583 4111 crucis
1600 4061 1816 4123 portare
1842 4052 1895 4107 in

328 4153 525 4208 fronte.
545 4150 697 4205 Unde
714 4146 1001 4217 Apostolus
1015 4146 1110 4211 ait,
1128 4144 1351 4215 gloriam
1374 4144 1551 4198 crucis
1570 4142 1893 4212 praedicans:

330 4239 464 4292 Mihi
494 4246 664 4290 autem
701 4235 835 4289 absit
862 4233 1103 4304 gloriari,
1127 4232 1228 4286 nisi
1248 4232 1302 4285 in
1321 4247 1472 4285 cruce
1501 4230 1713 4285 Domini
1733 4232 1896 4284 nostri

325 4331 361 4386 J
366 4345 457 4383 esu
484 4326 696 4391 Christi,
721 4343 813 4397 per
836 4342 986 4397 quem
1015 4324 1141 4378 mihi
1163 4322 1384 4378 mundus
1412 4323 1694 4392 cruciﬁxus
1719 4329 1815 4388 est,
1848 4331 1896 4377 et

328 4438 421 4494 ego
445 4419 639 4474 mundo
677 4416 874 4490 (Galat.
917 4433 994 4482 vt,
1023 4415 1134 4490 li).

1997 1888 2460 1957 incarnationem,
2511 1902 2566 1949 et
2614 1895 2702 1951 hic
2733 1905 2817 1952 est
2864 1898 3025 1956 medo
3070 1918 3172 1973 per
3216 1888 3569 1969 divinitatem.

1994 1976 2155 2034 Fides
2177 1995 2309 2052 ergo
2337 1982 2556 2039 mandet
2579 1986 2743 2040 corda
2768 1998 2984 2057 nostra,
3029 2001 3084 2048 et
3127 1994 3428 2055 intellectus
3471 2003 3572 2059 im-

1995 2065 2140 2134 pleat
2166 2070 2328 2125 corda
2352 2080 2560 2138 nostra,
2585 2084 2646 2128 ut
2664 2074 3023 2146 intelligamus
3045 2087 3358 2155 mysterium
3383 2091 3573 2148 salutis

1994 2168 2213 2217 nostra.
2242 2162 2424 2220 Altum
2453 2175 2571 2232 est,
2593 2168 2917 2236 profundum
2969 2183 3093 2241 εει,
3151 2189 3420 2237 secretum
3465 2196 3570 2241 est.

1996 2247 2113 2304 Una
2132 2260 2218 2306 est
2234 2253 2557 2321 substantia,
2578 2272 2684 2311 una
2706 2258 2978 2328 divinitas,
2998 2278 3103 2318 una
3124 2265 3379 2336 majestas
3396 2270 3574 2329 Patris

1995 2345 2068 2435 et
2254 2340 2417 2397 Pater
2436 2359 2544 2435 non
2572 2360 2773 2414 passus.
2796 2356 2909 2415 est,
2939 2351 3032 2406 sed
3056 2352 3203 2410 solus
3222 2356 3406 2414 Filius.
3431 2360 3575 2435 Ergo

1996 2425 2357 2508 intelligamus
2384 2433 2698 2489 missionem
2727 2436 2846 2491 Filii
2877 2440 3208 2498 nominatam
3242 2425 3571 2506 incarnatio-

1994 2529 2117 2569 nem
2146 2515 2267 2571 Filii
2296 2517 2549 2575 :Patrem
2585 2536 2765 2578 autem
2804 2526 3140 2582 incarnatum
3170 2544 3292 2587 esse
3322 2550 3429 2591 non
3450 2553 3573 2594 cre-

1994 2606 2201 2661 damus.
2241 2607 2393 2663 Unde
2413 2624 2543 2679 ergo
2569 2626 2755 2666 verum
2783 2613 2908 2687 [est]
2948 2616 3213 2685 judicium
3258 2622 3412 2692 ejus,
3465 2629 3572 2683 nisi

1993 2698 2118 2766 quia
2151 2712 2310 2753 verus
2350 2708 2433 2754 est
2457 2700 2625 2757 Filius
2654 2701 2868 2760 Patris?
2910 2706 3032 2763 ldeo
3064 2709 3200 2764 dixit
3245 2727 3261 2767 :
3296 2711 3572 2773 Iudicium

1994 2803 2166 2840 meum
2188 2802 2365 2842 verum
2387 2798 2463 2843 est
2486 2829 2502 2854 ,
2540 2792 2664 2862 quia
2705 2792 2847 2849 solus
2886 2811 2990 2851 non
3026 2815 3142 2852 sum
3167 2840 3183 2864 ,
3239 2801 3441 2873 inquit,
3479 2808 3572 2861 sed

1993 2892 2107 2946 ego,
2143 2885 2192 2930 et
2236 2877 2326 2947 qui
2368 2894 2450 2932 me
2489 2881 2629 2935 misit
2655 2879 2835 2939 Pater.
2866 2885 3009 2942 ldem
3048 2905 3177 2961 ergo
3210 2892 3265 2946 in
3312 2894 3420 2952 alio
3453 2896 3573 2953 loco

1995 2966 2130 3022 dixit
2155 2981 2171 3020 :
2190 2966 2302 3037 Ego
2313 2977 2363 3022 et
2385 2966 2549 3024 Pater
2566 2986 2729 3027 unum
2742 2991 2922 3032 sumus
2942 2995 2961 3042 ;
2986 2994 3154 3035 unum
3177 2982 3230 3036 in
3246 2983 3570 3053 substantia,

1997 3054 2102 3110 duo
2129 3055 2183 3109 in
2202 3070 2466 3125 persona.
2499 3056 2671 3115 Unum
2693 3062 2847 3127 dixit,
2871 3074 3093 3135 propter
3118 3068 3432 3128 substantiae
3452 3075 3575 3130 uni-

1999 3151 2164 3198 tatem
2185 3184 2200 3209 ,
2227 3161 2407 3200 sumus
2436 3146 2592 3213 dixit,
2622 3159 2845 3219 propter
2893 3166 3244 3222 personarum
3272 3158 3574 3217 distinctio-

1995 3250 2138 3291 nem.
2162 3235 2297 3293 Audi
2320 3236 2616 3312 [agnosce],
2641 3242 2769 3310 quid
2801 3243 2955 3309 dixit,
2986 3246 3100 3317 Ego
3125 3258 3173 3302 et
3198 3251 3288 3320 qui
3312 3268 3393 3306 me
3432 3255 3577 3310 misit

2000 3327 2183 3385 Pater.
2208 3330 2487 3403 Distingue
2542 3348 2836 3403 personas,
2867 3344 2921 3391 et
2964 3352 3196 3408 agnosce
3238 3342 3364 3411 quia
3413 3342 3579 3402 Pater

1996 3426 2151 3489 pater
2177 3427 2293 3486 est,
2316 3428 2371 3475 et
2398 3420 2567 3476 Filius
2593 3422 2735 3478 ﬁlius
2755 3431 2857 3489 est,
2882 3441 2950 3480 ne
2974 3427 3026 3480 in
3051 3428 3364 3485 barathrum
3389 3430 3576 3488 Sabel-

1996 3508 2122 3564 liani
2146 3510 2449 3580 pervenias.
2508 3512 2578 3567 Et
2610 3513 2719 3568 noli
2768 3515 2949 3571 dicere
2991 3535 3003 3570 :
3045 3516 3185 3572 alius
3228 3517 3373 3590 [Ms.,
3402 3522 3572 3595 aliud]

1995 3610 2042 3655 et
2066 3600 2235 3667 aliud,
2265 3602 2359 3656 sed
2379 3603 2466 3656 die
2481 3641 2496 3666 ,
2525 3602 2663 3656 alius
2683 3613 2731 3656 et
2753 3603 2910 3657 alius.
2933 3604 3047 3660 Non
3072 3607 3217 3662 aliud
3244 3608 3296 3661 in
3319 3611 3573 3668 substan-

1998 3691 2092 3754 tia,
2143 3690 2235 3744 sed
2264 3690 2401 3743 alius
2451 3691 2505 3742 in
2554 3704 2804 3758 persona.
2845 3690 2961 3747 Non
3016 3694 3178 3750 Pater
3226 3697 3419 3767 major,
3466 3718 3574 3759 non

1996 3776 2165 3830 Filius
2190 3776 2366 3829 minor
2392 3776 2444 3828 in
2475 3775 2776 3833 divinitatis
2800 3778 2968 3848 gloria
2996 3799 3011 3849 ;
3044 3784 3140 3839 sed
3185 3787 3365 3851 crede,
3410 3806 3573 3847 unum

1995 3883 2195 3922 sumus.
2234 3886 2252 3919 ι
2282 3868 2339 3923 ln
2361 3884 2427 3924 eo
2454 3870 2597 3939 quod
2620 3872 2759 3928 dixit
2788 3874 2902 3943 ipsa
2933 3877 3149 3935 Veritas
3172 3896 3354 3947 unum,
3382 3883 3574 3940 liberat

1998 3966 2049 4012 te
2073 3957 2141 4011 ab
2167 3956 2331 4024 Aria;
2377 3960 2518 4029 quod
2542 3961 2679 4017 dixit
2701 3979 2904 4029 sumus,
2933 3965 3128 4021 liberat
3166 3978 3217 4023 te
3244 3986 3274 4024 a
3314 3971 3570 4030 Sabellio.

1997 4047 2054 4103 Si
2080 4064 2261 4113 unum,
2311 4065 2417 4105 non
2449 4066 2578 4124 ergo
2604 4052 2926 4122 diversum;
2964 4056 3014 4111 si
3041 4073 3241 4123 sumus,
3294 4074 3400 4114 non
3444 4076 3574 4134 ergo

1996 4157 2154 4196 unus.
2192 4161 2212 4194 ι
2257 4142 2335 4197 De
2347 4141 2554 4211 judicio
2582 4144 2812 4211 dixerat,
2835 4144 2961 4201 dum
2989 4146 3159 4202 dixit:
3193 4147 3306 4220 Ego
3348 4166 3455 4206 non
3471 4153 3570 4224 ju-

1996 4230 2112 4284 dico
2137 4246 2491 4303 quemquam;
2526 4234 2593 4289 de
2638 4235 2948 4290 testimonio
2968 4250 3111 4292 nunc
3137 4237 3253 4293 vult
3279 4237 3483 4306 dicere,
3514 4249 3576 4296 ut

1996 4321 2299 4378 intellectus
2324 4322 2543 4393 impleat
2562 4324 2727 4381 corda
2755 4334 2962 4382 nostra.

1922 4448 1976 4510 D
2069 4414 2231 4469 Vens.
2276 4413 2363 4468 l7.
2394 4442 2467 4455 —-
2493 4414 2562 4470 In
2603 4415 2712 4486 lege
2738 4426 2942 4482 vestra,
2972 4417 3166 4487 inquit,
3197 4420 3447 4490 scriptum
3474 4432 3570 4475 est.

400 4512 562 4569 Vens.
588 4508 672 4563 l5.
699 4539 770 4548 —
794 4507 929 4574 Quia
952 4506 1101 4562 venit
1136 4506 1402 4561 neminem
1424 4503 1688 4573 judicare,
1712 4519 1899 4560 conse-
1924 4503 1964 4510 ⁷
2004 4506 2246 4561 Vestram
2268 4505 2426 4571 dixit,
2452 4513 2706 4576 tanquam
2729 4507 2970 4563 diceret:
3002 4508 3061 4563 In
3089 4509 3205 4581 lege
3226 4526 3347 4581 qua:
3368 4510 3522 4568 vobis
3540 4527 3573 4565 a

329 4611 558 4674 quenter
596 4599 796 4656 Judzeis
846 4597 1119 4669 respondit
1161 4615 1174 4650 :
1223 4596 1325 4652 Vos
1352 4596 1637 4652 secundum
1687 4613 1898 4652 carnem

325 4692 598 4761 indicatis,
621 4707 713 4761 ego
744 4705 847 4744 non
864 4688 1050 4760 judico
1072 4703 1399 4759 quemquam.
1448 4705 1467 4738 ι
1491 4686 1717 4741 Pertulit
1760 4687 1900 4758 inju-

332 4766 472 4838 stam
509 4780 804 4852 judicium,
857 4786 917 4834 ut
946 4785 1131 4848 ageret
1172 4778 1395 4848 justum.
1445 4777 1550 4832 Sed
1580 4777 1632 4832 in
1655 4793 1721 4833 eo
1756 4779 1899 4848 quod

331 4871 549 4942 pertulit
605 4870 890 4941 injustam,
944 4868 1325 4922 misericordia:
1373 4867 1493 4921 fuit.
1543 4867 1784 4938 Denique
1825 4870 1898 4925 ita

333 4962 549 5017 humilis
573 4959 743 5016 factus
772 4968 877 5025 est,
898 4968 956 5013 ut
974 4958 1280 5029 perveniret
1307 4958 1373 5012 ad
1409 4973 1663 5025 crucem;
1695 4959 1901 5015 distulit

333 5052 549 5122 quidem
594 5054 887 5123 potentiam
910 5090 926 5116 ,
975 5050 1067 5106 sed
1112 5049 1403 5119 publicavit
1449 5048 1895 5105 misericordiam.

338 5142 489 5199 Unde
508 5141 713 5198 distulit
741 5141 1082 5213 potentiam?
1118 5139 1253 5208 Quia
1295 5140 1363 5194 de
1411 5154 1572 5195 cruce
1614 5140 1784 5194 noluit
1808 5141 1901 5196 de-

332 5235 609 5299 scendere,
631 5234 722 5304 qui
750 5235 923 5303 potuit
944 5234 1009 5288 de
1029 5233 1276 5303 sepulcro
1300 5245 1603 5301 resurgere.
1633 5230 1785 5286 Unde
1803 5248 1900 5300 pu-

332 5325 552 5381 blicavit
571 5323 1031 5379 misericordiam?
1058 5323 1191 5391 Quia
1212 5323 1451 5394 pendens
1466 5323 1517 5376 in
1546 5338 1708 5378 cruce
1729 5323 1895 5377 dixit:

336 5413 498 5470 Pater
523 5415 730 5486 ignosce
754 5413 881 5479 illis,
909 5413 1033 5484 quia
1062 5417 1292 5468 nesciunt
1353 5413 1478 5485 quid
1508 5412 1708 5483 faciunt
1747 5411 1896 5486 (Luc.

335 5522 492 5573 χχιιι,
514 5506 628 5579 ει).
678 5505 805 5562 Sive
828 5519 956 5576 ergo
987 5510 1205 5574 pr0pter
1238 5503 1359 5570 hoc,
1389 5505 1513 5575 quia
1540 5520 1644 5561 non
1683 5511 1903 5560 venerat

334 5642 620 5702 orientem,
642 5654 747 5695 non
775 5637 926 5693 estin
952 5635 1158 5690 oriente
1189 5652 1199 5686 :
1235 5635 1489 5691 Dominus
1511 5645 1687 5692 autem
1720 5644 1899 5692 uoster

335 5709 495 5767 Jesus
521 5709 766 5765 Christus
795 5719 843 5761 et
877 5706 1042 5773 venit,
1070 5712 1174 5755 etc.
1208 5724 1223 5755 ι

1997 4595 2108 4652 Deo
2130 4595 2254 4651 data
2280 4603 2393 4661 est;
2433 4595 2574 4651 sicut
2595 4596 2824 4652 dicimus
2859 4616 2873 4652 :
2906 4594 3109 4652 Panem
3135 4609 3367 4654 nostrum
3398 4602 3572 4672 quoti-

1997 4688 2236 4752 dianum,
2261 4701 2419 4757 quem
2459 4702 2490 4742 a
2520 4687 2631 4743 Deo
2660 4689 2817 4743 nobis
2839 4688 2957 4744 dari
3001 4691 3292 4760 poscimus.
3329 4690 3468 4759 Quid
3490 4698 3576 4748 est

1997 4779 2141 4852 quod
2163 4779 2217 4834 in
2240 4778 2357 4849 lege
2375 4789 2556 4836 vestra
2578 4780 2837 4850 scriptum
2862 4788 2946 4836 est
2968 4821 2983 4846 ,
3007 4781 3132 4850 quia
3154 4781 3379 4836 duorum
3405 4782 3577 4836 homi-

1999 4886 2123 4924 num
2153 4871 2506 4925 testimonium
2555 4886 2734 4924 verum
2766 4871 2878 4924 est?
2933 4869 3182 4940 Nunquid
3232 4886 3446 4941 semper
3467 4873 3574 4927 duo

1998 4962 2245 5017 homines
2268 4978 2454 5018 verum
2482 4964 2666 5018 dicunt
2688 4963 3089 5019 testimonium?
3111 4963 3298 5019 Nonne
3318 4965 3423 5019 duo
3449 4964 3572 5022 falsi

1999 5059 2163 5106 testes
2180 5060 2368 5108 contra
2395 5051 2695 5108 Susannam
2729 5053 2920 5119 falsum
2944 5054 3287 5124 protulerunt
3332 5053 3574 5110 testimo-

1999 5141 2146 5194 nium
2171 5138 2329 5212 (Dan.
2353 5158 2476 5209 xm,
2503 5142 2626 5216 56)?
2652 5144 2718 5198 Et
2738 5142 2937 5199 Judazis
2979 5145 3344 5214 quaerentibus
3376 5145 3573 5202 falsum

2002 5231 2367 5286 testimonium
2413 5244 2601 5289 contra
2643 5233 2949 5300 Christum,
3008 5236 3141 5291 dicit
3192 5236 3571 5309 Evangelista.

2004 5318 2295 5377 Novissime
2323 5334 2566 5378 venerunt
2597 5324 2702 5378 duo
2731 5324 2855 5394 falsi
2893 5334 3066 5381 testes.
3121 5346 3138 5377 ι
3166 5325 3416 5399 Nunquid
3448 5330 3573 5400 quia

2000 5408 2106 5464 duo
2135 5420 2320 5477 erant,
2350 5412 2470 5468 ideo
2500 5412 2619 5468 falsi
2652 5422 2817 5469 testes
2836 5431 2944 5470 non
2975 5417 3171 5471 erant?
3197 5416 3335 5483 Quid
3360 5419 3425 5474 de
3443 5419 3576 5476 duo-

2000 5509 2103 5564 bus
2120 5502 2347 5559 dicimus
2374 5503 2456 5559 vel
2482 5504 2683 5559 tribus?
2721 5503 3016 5560 Universos
3042 5506 3270 5576 populus
3318 5508 3577 5566 mentitus

2074 5655 2095 5682 ι·
2139 5642 2215 5696 Ex
2251 5641 2305 5695 S.
2339 5638 2499 5711 Aug,
2539 5646 2694 5693 tract.
2732 5654 2923 5704 xxxvi,
2951 5654 3098 5693 num.
3132 5637 3181 5702 4,
3218 5637 3273 5704 ε,
3307 5638 3356 5702 9,
3403 5638 3484 5692 l0.
