3992 6184
434 284 542 342 859

1281 282 1345 339 Β.
1386 285 1448 340 F.
1485 285 1714 342 ALBINI
1751 285 1882 344 SEU
1919 283 2198 343 ALCUINI
2235 287 2518 346 OPERUM
2555 291 2732 346 PAltS
2765 293 2831 348 ll.

431 407 519 456 est
541 406 734 456 contra
753 395 1048 463 Christum,
1068 394 1126 450 Si
1148 411 1278 466 ergo
1301 403 1444 452 totus
1461 395 1710 468 populus,
1739 392 1903 466 555,
1916 393 2010 464 qui
2037 396 2086 454 Δ
2113 400 2338 456 verbum
2359 401 2732 466 dubitationis,
2755 415 2880 456 eum
2906 401 3133 456 Domino
3159 401 3312 473 [ιιι.
3343 403 3534 474 Deum]
3557 411 3690 468 ηειιῆ

431 497 650 548 constat
670 503 735 544 ex
749 501 942 558 magna
963 486 1241 541 hominum
1267 485 1629 550 multitudine,
1653 482 1848 539 falsum
1868 483 2018 538 testi-

434 582 676 638 monium
717 578 900 634 dicere
932 578 1181 634 inventus
1205 587 1309 645 est,
1343 576 1612 647 quomodo
1640 575 2014 645 accipiendum

430 679 537 736 est,
568 669 638 725 In
660 686 750 724 ore
773 669 1001 724 duorum
1023 667 1100 724 vel
1127 669 1288 724 trium
1314 670 1525 722 testium
1547 666 1704 721 stabit
1732 682 1883 721 omne
1902 681 2018 720 ver-

429 760 584 826 bum,
611 762 715 816 nisi
751 761 878 832 quia
907 763 1011 817 hoc
1061 761 1222 816 modo
1261 777 1359 830 per
1411 759 1730 831 mysterium
1778 757 2017 812 Trinitas

428 854 806 910 commendata
841 862 943 920 est,
975 854 1028 908 in
1060 867 1165 922 qua
1189 860 1448 924 perpetua
1475 849 1746 906 stabilitas
1767 848 2016 904 veritatis

439 948 555 1006 est?
581 946 640 1002 Si
664 947 747 1002 vis
768 945 968 1002 habere
1013 945 1210 1000 bonam
1239 957 1459 998 causam
1480 981 1495 1005 ,
1545 941 1743 997 habeto
1770 940 1906 994 duos
1930 939 2016 994 vel

433 1047 546 1094 tres
566 1044 753 1100 testes,
781 1034 1002 1090 Patrem
1029 1041 1084 1089 et
1105 1031 1325 1098 Filium,
1356 1040 1412 1086 et
1453 1031 1714 1101 Spiritum
1741 1039 2010 1086 sanctum.

428 1128 676 1198 Denique
702 1127 919 1197 quando
976 1125 1226 1180 Susanna
1276 1131 1426 1179 casta
1477 1121 1682 1178 femina
1729 1122 2014 1192 ﬁdelisque

427 1217 627 1288 coniux
655 1217 865 1274 duobus
891 1215 1038 1272 falsis
1067 1215 1298 1271 testibus
1320 1214 1636 1284 urgebatur,
1665 1212 1908 1268 Trinitas
1935 1211 2012 1268 illi

426 1309 482 1364 in
507 1309 840 1365 conscientia
884 1316 1048 1377 atque
1097 1307 1153 1361 in
1191 1305 1404 1361 occulto
1437 1303 1834 1376 suﬂ‘ragabatur
1865 1323 1878 1358 :
1923 1304 2012 1358 illa

427 1399 666 1454 Trinitas
689 1398 755 1454 de
774 1397 988 1453 occulto
1015 1411 1183 1451 unum
1205 1403 1400 1452 testem
1420 1393 1696 1450 Danielem
1720 1395 2006 1460 excitavit,

424 1500 482 1546 et
519 1489 656 1546 duos
701 1488 952 1544 convicit.
985 1487 1125 1557 Ergo
1151 1487 1278 1557 quia
1305 1487 1356 1541 in
1388 1486 1504 1558 lege
1528 1495 1716 1541 vestra
1745 1487 2008 1556 scriptum

423 1591 507 1638 est
531 1599 546 1636 :
569 1579 812 1636 Duorum
833 1579 1103 1633 hominum
1127 1577 1480 1632 testimonium
1499 1593 1677 1632 verum
1705 1593 1834 1642 esse,
1866 1577 2014 1632 acci-

424 1672 534 1742 pite
553 1685 744 1728 verum
787 1667 1178 1733 testimonium,
1221 1683 1290 1724 ne
1319 1667 1566 1722 sentiatis
1579 1666 1860 1737 judicium.
1891 1665 2008 1736 Ego

2118 491 2304 560 utique
2331 491 2534 556 lateat,
2587 491 2676 546 illa
2703 490 3039 547 dubitatione
3082 493 3330 563 arguitur
3380 495 3686 562 inﬁdelitas.

2116 595 2223 636 non
2251 581 2506 649 opinatur
2545 580 2820 636 divinitas.
2854 579 3108 638 Homines
3133 581 3274 636 enim
3317 581 3388 637 de
3422 583 3499 638 his
3533 584 3692 642 rebus

2117 685 2252 739 quas
2279 679 2456 728 certas
2485 669 2707 736 habent,
2753 669 3044 740 aliquando
3093 671 3463 741 increpatione
3509 673 3686 744 μισ..

2113 761 2470 834 increpative]
2499 761 2788 826 dubitant,
2841 760 2896 815 id
2921 769 3042 825 est,
3072 762 3298 818 verbum
3341 763 3692 820 dubitationis

2115 861 2352 922 ponunt,
2383 867 2504 908 cum
2552 853 2716 908 corde
2741 866 2848 907 non
2890 851 3177 907 dubitant:
3203 851 3352 907 velut
3377 852 3425 908 si
3454 853 3692 925 indigne-

2115 943 2192 998 ris
2214 957 2370 998 servo
2397 949 2508 1006 tuo,
2557 949 2610 996 et
2639 941 2790 996 dicas
2821 959 2835 995 :
2877 939 3191 996 Contemnis
3229 953 3347 1005 me;
3373 941 3654 998 considera
3672 977 3692 1010 .

2115 1033 2343 1090 forsitan
2379 1033 2640 1088 Dominus
2675 1039 2800 1088 tuus
2845 1047 2986 1087 sum.
3032 1031 3171 1088 Hine
3214 1041 3272 1088 et
3312 1030 3602 1102 Apostolus
3625 1034 3696 1092 ad

2115 1125 2378 1197 quosdam
2421 1131 2821 1194 contemptores
2849 1138 2977 1179 suos
3004 1123 3231 1194 loquens
3256 1124 3335 1179 ait
3366 1141 3379 1177 :
3417 1121 3555 1178 Puto
3595 1145 3696 1182 aa-

2115 1225 2238 1280 tem,
2270 1225 2318 1269 et
2339 1231 2430 1286 ego
2453 1212 2709 1284 Spiritum
2741 1213 2839 1268 Dei
2878 1215 3042 1269 habeo
3087 1213 3138 1286 (1
3171 1212 3294 1270 Cor.
3324 1227 3425 1278 vit,
3451 1209 3540 1278 40)
3569 1215 3700 1280 .Qui

2115 1308 2245 1362 dicit
2264 1314 2415 1376 puto,
2443 1306 2690 1362 dubitare
2716 1305 2958 1366 videtur;
2985 1305 3081 1361 sed
3108 1305 3196 1360 ille
3223 1304 3556 1373 increpabat,
3587 1319 3694 1358 nm

2114 1397 2408 1456 dubitabat.
2435 1397 2504 1452 Et
2527 1396 2787 1452 Dominus
2813 1393 2970 1450 Jesus
2993 1394 3242 1450 Christus
3260 1394 3368 1448 alio
3391 1392 3698 1464 locoincre-

2113 1505 2247 1562 pans
2287 1489 2658 1545 inﬁdelitatem
2710 1487 2948 1542 futuram
2992 1487 3229 1558 generis.
3256 1484 3477 1540 humani
3510 1501 3524 1536 :
3557 1477 3691 1538 Cum

2113 1584 2328 1646 uenerit,
2359 1581 2572 1651 inquit,
2612 1577 2786 1634 Filius
2815 1579 3062 1643 hominis,
3107 1585 3264 1648 putas
3289 1574 3510 1630 inueniet
3535 1573 3698 1642 ﬁdem

2113 1690 2270 1744 super
2290 1684 2487 1727 terram
2516 1671 2670 1743 (Luc.
2700 1685 2856 1735 xvm,
2885 1668 2978 1741 8)?
3012 1687 3032 1720 ι
3062 1667 3180 1723 Scit
3207 1681 3339 1738 ergo
3361 1665 3542 1722 omnia
3561 1704 3576 1730 ,
3600 1677 3699 1732 per

422 1734 581 1829 enim,
614 1763 807 1832 inquit,
852 1778 954 1816 non
976 1759 1160 1830 judico
1183 1775 1514 1830 qumquam,
1541 1734 1632 1813 sed
1651 1734 2008 1814 testimonium
2039 1734 2084 1792 Β
2115 1734 2273 1834 quem
2295 1763 2436 1820 facta
2463 1734 2588 1818 sum
2606 1761 2808 1823 omnia,
2840 1734 2896 1814 et
2921 1734 3100 1814 tamen
3124 1734 3420 1814 dubitando
3449 1755 3698 1822 increpa-

422 1854 662 1924 perhibeo
685 1853 750 1907 de
769 1869 886 1917 me;
935 1849 1124 1906 diﬁ‘ero
1143 1847 1410 1917 judicium
1433 1889 1450 1913 ,
1499 1863 1608 1903 non
1635 1847 1824 1904 differo
1853 1848 2008 1903 testi-

425 1945 686 2001 inonium.
714 1963 732 1996 ι
765 1941 1062 2012 Eligamus,
1089 1939 1310 2006 fratres,
1333 1941 1702 1994 testimonium
1722 1939 1855 2004 Dei;
1883 1939 2010 2008 quia

435 2033 801 2090 testimonium
828 2031 926 2088 Dei
974 2046 1166 2086 verum
1198 2039 1320 2096 est;
1359 2040 1416 2085 et
1443 2031 1534 2101 qui
1562 2031 1721 2086 modo
1751 2030 1903 2085 testis
1929 2037 2018 2086 est

426 2125 667 2178 omnium
694 2137 816 2193 quae
842 2123 1078 2193 agimus,
1116 2119 1283 2190 judex
1312 2121 1418 2176 erit
1467 2123 1708 2176 omnium
1735 2136 1855 2190 qua:
1881 2121 2011 2177 feei-

428 2231 575 2272 mus.
613 2215 681 2270 Et
703 2215 866 2269 alium
891 2229 998 2269 non
1028 2215 1222 2283 quierit
1249 2221 1440 2270 testem
1466 2214 1571 2268 nisi
1597 2214 1851 2282 seipsum,
1883 2214 2008 2283 quia

423 2308 607 2366 omnia
635 2315 848 2364 secreta
869 2306 1048 2362 cordis
1075 2305 1248 2360 nostri
1281 2305 1612 2370 considerat,
1634 2311 1690 2358 et
1708 2303 1837 2372 quid
1860 2309 2008 2358 et'ex

424 2414 535 2471 quo
583 2396 732 2453 fonte
779 2396 1055 2466 procedat.
1114 2395 1238 2451 ideo
1285 2396 1457 2462 testis,
1513 2395 1638 2464 quia
1681 2408 1786 2449 non
1816 2395 2011 2463 quaerit

425 2489 592 2547 alium
618 2489 760 2546 unde
777 2495 1068 2559 cognoscat
1091 2489 1215 2558 quis
1243 2487 1320 2542 sis
1342 2486 1428 2542 vel
1456 2485 1633 2556 qualis
1658 2486 1729 2540 sit
1752 2485 1867 2541 vita
1896 2497 2008 2552 tua,

421 2581 518 2652 qui
535 2580 726 2638 reddet
749 2579 1038 2650 unicuique
1061 2578 1356 2635 secundum
1378 2593 1544 2647 opera
1570 2592 1688 2632 sua.
1719 2594 1738 2626 ι
1768 2577 2012 2646 Respon-

421 2673 622 2728 derunt
640 2685 770 2742 ergo
799 2669 967 2726 Judaei
993 2670 1222 2725 Domino
1244 2667 1486 2738 loquenti
1511 2666 1578 2721 de
1605 2665 1767 2721 Patre
1811 2680 1928 2729 suo,
1955 2673 2012 2720 et

423 2761 720 2818 dixerunt:
763 2761 950 2834 (Vens.
1012 2759 1124 2834 l9.)
1169 2757 1268 2812 Ubi
1297 2768 1373 2812 est
1405 2766 1551 2826 pater
1598 2756 1759 2811 tuus?
1789 2755 2006 2810 Patrem

423 2852 626 2910 Christi
669 2852 960 2908 carnaliter
989 2857 1315 2920 acceperunt
1339 2887 1354 2913 ,
1407 2847 1534 2917 quia
1587 2847 1754 2912 verba
1805 2846 2008 2902 Christi

423 2945 719 3003 secundum
745 2959 964 2999 carnem
997 2941 1394 3010 iudicaverunt.
1426 2941 1560 2994 Erat
1586 2951 1766 2995 autem
1812 2939 1904 3009 qui
1931 2939 2010 2992 lo-

422 3037 694 3108 quebatur
721 3035 776 3089 in
803 3043 992 3104 aperto
1012 3049 1170 3098 caro,
1217 3033 1271 3087 in
1291 3033 1506 3089 occulto
1531 3033 1797 3097 Verbum;
1845 3031 2008 3084 homo

427 3125 768 3188 manifestus,
801 3123 944 3178 Deus
966 3123 1213 3179 occultus
1265 3137 1280 3178 :
1330 3123 1586 3178 videbant
1609 3122 2003 3184 indumentum,

424 3225 482 3272 et
509 3214 930 3270 contemnebant
955 3214 1222 3270 indutum.
1259 3233 1277 3266 ι
1312 3215 1605 3270 Videamus
1625 3228 1756 3284 ergo
1784 3211 1911 3282 quid
1943 3211 2009 3266 ad

425 3315 543 3368 hate
555 3310 816 3366 Dominus
829 3311 1136 3381 respondit:
1160 3307 1260 3362 Ubi
1277 3319 1374 3374 est,
1397 3310 1667 3379 inquiunt,
1683 3319 1833 3380 pater
1851 3309 2011 3362 tuus?

429 3405 743 3461 Audivimus
783 3402 926 3457 enim
955 3410 1009 3456 te
1035 3401 1219 3455 dicere
1247 3415 1260 3452 :
1289 3398 1446 3454 Solus
1477 3416 1577 3454 non
1610 3417 1748 3464 sum,
1774 3399 1864 3453 sed
1893 3415 2008 3468 ego,

422 3505 476 3551 et
491 3497 580 3568 qui
594 3512 674 3550 me
701 3494 842 3548 misit
859 3491 1039 3546 Pater.
1065 3489 1200 3545 Nam
1225 3489 1397 3545 solum
1427 3498 1478 3544 te
1502 3490 1764 3555 videmus,
1793 3488 2012 3545 Patrem

430 3599 580 3644 tuum
627 3595 804 3642 tecum
857 3601 961 3640 non
992 3583 1236 3639 videmus
1266 3601 1278 3636 :
1303 3581 1572 3653 quomodo
1601 3591 1652 3637 te
1677 3582 1812 3638 dicis
1840 3581 2012 3638 solum

429 3695 537 3735 non
581 3693 723 3746 esse,
771 3677 866 3733 sed
914 3692 1037 3732 cum
1067 3675 1230 3730 Patre
1286 3683 1380 3729 tuo
1423 3675 1584 3729 esse?
1623 3672 1762 3747 [aut]
1791 3674 2014 3729 ostende

429 3771 587 3824 nobis
611 3779 787 3824 tecum
813 3783 935 3822 esse
953 3768 1171 3821 Patrem
1203 3776 1374 3820 tuum.
1403 3766 1471 3820 Et
1505 3765 1764 3820 Dominus
1808 3783 1823 3820 °.
1866 3763 2015 3819 Nun-

429 3859 561 3930 quid
585 3874 671 3914 me
696 3858 914 3924 videtis,
941 3865 997 3914 et
1021 3857 1239 3912 Patrem
1261 3871 1440 3911 meum
1471 3871 1576 3910 non
1603 3855 1797 3910 videtis
1831 3854 2011 3926 [Aug.,

427 3960 489 4006 ut
509 3949 724 4005 Patrem
753 3951 1034 4005 ostendam
1056 3947 1276 4020 vobis]?
1304 3948 1414 4002 Hoc
1436 3949 1578 4003 enim
1618 3947 1880 4016 sequitur,
1914 3949 2016 4002 hoc

429 4045 544 4100 suis
569 4043 751 4098 verbis
779 4043 892 4114 ipse
919 4041 1220 4111 respondit,
1271 4055 1502 4108 quorum
1532 4040 1821 4094 verborum
1852 4053 2017 4108 expo—

429 4137 679 4193 sitionem
729 4150 826 4189 nos
867 4141 994 4188 ante
1033 4131 1414 4202 praemisimus.
1469 4130 1660 4184 Videte
1714 4131 1857 4184 enim
1888 4130 2017 4198 quid

431 4229 631 4286 dixerit
661 4246 674 4281 :
711 4226 892 4298 Neque
919 4241 1000 4280 me
1029 4224 1194 4286 scitis,
1223 4238 1384 4294 neque
1409 4219 1622 4275 Patrem
1643 4237 1834 4274 meum.
1865 4219 2018 4274 Simc

431 4321 661 4383 sciretis,
686 4317 818 4388 forte
845 4327 892 4370 et
917 4313 1129 4369 Patrem
1166 4329 1336 4367 meum
1365 4313 1589 4366 sciretis.
1618 4309 1808 4365 Dicitis
1837 4325 1965 4380 ergo
1997 4327 2010 4364 :

2112 1856 2222 1911 bat.
2256 1855 2314 1910 Si
2341 1872 2421 1910 me
2445 1854 2668 1918 sciretis,
2698 1853 2920 1922 forsitan
2950 1860 3001 1904 et
3031 1847 3244 1903 Patrem
3269 1863 3440 1902 meum
3467 1843 3696 1899 sciretis.

2112 1949 2430 2018 lucrepabat
2479 1945 2742 2010 inﬁdeles,
2799 1943 3052 1998 admonet
3080 1941 3298 2006 ﬁdeles;
3328 1960 3348 1994 ι
3411 1947 3472 1993 ιιι
3521 1939 3699 1994 sciant

2112 2055 2274 2096 unam
2309 2053 2428 2095 esse
2483 2036 2864 2106 cogitationem
2917 2033 3096 2088 Patris
3136 2039 3192 2086 et
3218 2029 3376 2096 Filii,
3429 2035 3698 2098 quatenus

2112 2134 2287 2190 sciant
2323 2131 2682 2202 cognitionem
2715 2127 2837 2182 Filii
2867 2125 3228 2195 cognitionem
3249 2137 3368 2178 esse
3403 2129 3460 2176 et
3493 2120 3695 2175 Patris.

2109 2223 2235 2277 Ideo
2260 2220 2523 2289 discipulo
2551 2219 2722 2274 electo
2748 2217 2992 2287 poscenti
3033 2225 3094 2269 ιιι
3131 2213 3442 2269 ostenderet
3479 2212 3559 2266 eis
3595 2211 3702 2266 Pa—

2110 2321 2249 2368 trem
2272 2353 2286 2376 ,
2328 2310 2604 2380 respondit
2645 2323 2659 2361 :
2705 2307 2872 2361 Tanto
2916 2316 3142 2375 tempore
3170 2303 3436 2358 robiscum
3472 2317 3613 2363 sum,
3648 2309 3700 2354 et

2112 2421 2214 2459 non
2243 2402 2553 2473 cognovistis
2580 2415 2682 2453 me.
2728 2395 2990 2468 Philippe,
3021 2396 3112 2466 qui
3138 2395 3276 2448 videt
3321 2410 3426 2459 me,
3463 2391 3602 2446 videt
3648 2399 3700 2444 et

2113 2492 2326 2547 Patrem
2355 2507 2527 2545 meum
2555 2487 2737 2560 (Joan.
2764 2503 2877 2553 xw,
2907 2487 2985 2560 8).
3031 2485 3088 2541 Si
3114 2485 3394 2541 dissimilis
3421 2490 3566 2540 esset
3607 2482 3698 2538 Fi-

2108 2585 2214 2640 lius
2255 2583 2425 2646 Patri,
2456 2580 2697 2650 nunquid
2723 2579 2928 2634 diceret
2947 2577 3230 2648 discipulis
3253 2577 3368 2632 suis
3403 2595 3416 2630 :
3469 2571 3592 2640 Qui
3613 2591 3700 2632 me

2108 2677 2242 2732 ridet
2273 2717 2288 2741 ,
2318 2675 2452 2730 ridet
2485 2682 2538 2729 et
2584 2671 2840 2727 Patrem?
2867 2671 3107 2741 nunquid
3147 2669 3353 2725 diceret
3377 2668 3578 2724 ludatis
3607 2685 3622 2721 :
3649 2668 3698 2722 si

2108 2783 2190 2820 me
2211 2767 2436 2829 sciretis,
2468 2763 2692 2834 forsitan
2719 2771 2768 2816 et
2791 2759 3006 2816 Patrem
3039 2776 3210 2815 meum
3236 2761 3482 2815 sciretis?

2179 2855 2342 2929 546
2364 2857 2528 2911 Vens.
2557 2854 2649 2909 20.
2678 2885 2751 2895 -
2781 2872 2800 2906 ι
2838 2853 2968 2909 Herc
3001 2852 3158 2908 verba
3199 2851 3407 2907 locutus
3434 2863 3509 2908 est
3539 2851 3696 2906 Iesus

2107 2949 2163 3003 in
2189 2947 2558 3020 yazophylacio
2587 2946 2776 3000 docens
2795 2947 2852 2999 in
2891 2944 3098 3016 templo.
3127 2944 3317 3014 Magna
3350 2943 3544 3000 ﬁducia
3575 2945 3696 3000 sine

2111 3041 2322 3096 timore.
2376 3037 2492 3092 Non
2541 3037 2686 3092 enim
2737 3044 3033 3106 pateretur,
3081 3038 3126 3090 si
3174 3035 3376 3100 nollet;
3427 3036 3556 3106 quia
3595 3049 3698 3089 nec

2111 3140 2445 3196 nasceretur,
2493 3131 2539 3186 si
2589 3129 2773 3185 nollet.
2801 3147 2819 3181 υ
2861 3127 3002 3194 Quid
3051 3134 3136 3182 est
3177 3127 3320 3196 quod
3363 3128 3478 3181 hzec
3529 3127 3699 3180 verba

2113 3222 2317 3296 [Iesus]
2369 3224 2423 3278 in
2467 3221 2850 3292 gazophylacio
2898 3219 3098 3274 docens
3143 3218 3195 3272 in
3237 3218 3426 3286 templo
3477 3217 3702 3274 locutus

2111 3315 2226 3370 est?
2258 3313 2712 3384 Gazopbylacium
2741 3311 2893 3366 locus
2917 3317 3000 3364 est
3043 3311 3134 3364 ubi
3182 3309 3412 3365 thesauri
3452 3310 3707 3365 condon-

2114 3413 2220 3458 tur.
2251 3403 2408 3457 Jesus
2439 3403 2491 3456 in
2522 3400 2906 3472 gazophylacio
2945 3399 3269 3469 loquebatur
3308 3397 3529 3462 ludatis,
3562 3399 3696 3454 dum

2115 3495 2166 3550 in
2195 3493 2470 3564 parabolis
2494 3493 2708 3548 loeutus
2744 3500 2828 3548 est
2857 3492 3046 3547 turbis.
3091 3490 3224 3546 Nam
3254 3491 3700 3562 gazophylacium

2115 3586 2215 3640 fuit
2249 3584 2518 3649 Christus,
2549 3585 2604 3638 in
2631 3600 2738 3653 quo
2771 3585 2949 3638 omnia
2988 3582 3261 3638 latuerunt
3293 3583 3550 3653 mysteria
3572 3589 3703 3637 tunc

2115 3675 2421 3746 aperienda,
2450 3675 2575 3729 dum
2601 3675 2734 3744 ipse,
2759 3675 2850 3745 qui
2874 3675 3030 3728 latuit
3050 3675 3105 3729 in
3133 3674 3333 3738 littera,
3359 3674 3698 3744 loquebatur,

2115 3767 2312 3822 nonin
2341 3765 2661 3837 proverbiis,
2708 3765 2804 3820 sed
2847 3766 3022 3835 palam
3068 3765 3246 3820 omnia
3297 3765 3543 3820 ﬁdelibus
3591 3767 3706 3820 suis

2115 3873 2394 3914 enarrans.
2437 3856 2571 3912 Nam
2598 3865 2650 3912 et
2680 3855 3059 3928 gazophylacia
3107 3856 3454 3910 adluerebaut
3483 3854 3704 3925 templo,

2119 3952 2243 4020 quia
2282 3953 2393 4021 ipse
2435 3950 2684 4006 Christus
2715 3949 2970 4019 templum
3017 3958 3120 4015 est,
3157 3950 3223 4005 de
3269 3965 3378 4019 quo
3429 3949 3545 4019 ipse
3581 3949 3699 4003 ait:

2119 4042 2313 4096 Sofrite
2353 4041 2596 4112 templum
2639 4042 2736 4094 hoc
2781 4037 2960 4111 (Joan.
2993 4056 3051 4102 ll,
3089 4039 3196 4110 19),
3247 4040 3334 4095 cui
3381 4039 3560 4095 omnia
3590 4053 3706 4109 my-

2120 4137 2283 4192 steria
2321 4134 2520 4190 veteris
2566 4133 2704 4203 legis
2749 4133 3110 4197 adhaerebant,
3161 4141 3216 4187 et
3259 4133 3326 4188 ad
3370 4147 3494 4187 cum
3524 4131 3707 4186 omnia

2119 4227 2498 4298 respiciebant,
2530 4225 2701 4280 donec
2730 4224 2938 4278 veniret
2965 4225 3030 4278 ad
3060 4224 3348 4293 aperienda
3374 4223 3713 4294 singulorum

2118 4319 2498 4392 gazophylaeia
2531 4319 2932 4389 mysteriorum,
2961 4319 3236 4390 aperiente
3257 4335 3322 4374 eo
3347 4333 3538 4374 sensus
3581 4315 3715 4372 ﬁde-

432 4407 534 4464 Ubi
555 4418 629 4464 est
645 4405 806 4462 Pater
829 4404 1164 4472 taus?Quasi
1182 4401 1388 4471 mejam
1419 4402 1630 4467 sciatis;
1657 4401 1810 4471 quasi
1841 4411 2010 4458 totum

2120 4414 2246 4467 lium
2270 4427 2512 4477 suorum,
2529 4420 2587 4465 ut
2607 4411 2967 4481 intelligerent
2983 4427 3102 4481 qua:
3124 4410 3381 4476 latebant,
3398 4411 3536 4465 sicut
3551 4423 3717 4464 evan-

434 4502 538 4556 hoc
557 4499 657 4554 sim
682 4497 826 4568 quod
857 4497 1067 4552 videtis.
1092 4496 1234 4566 Ergo
1263 4494 1388 4566 quia
1421 4509 1506 4548 me
1531 4509 1637 4549 non
1666 4494 1858 4560 nostis,
1889 4493 2011 4550 ideo

435 4594 588 4648 vobis
622 4592 838 4646 Patrem
867 4605 1046 4644 meum
1085 4604 1191 4642 non
1234 4587 1479 4642 ostendo.
1514 4587 1596 4642 Me
1620 4589 1815 4658 quippe
1841 4589 2014 4644 homi-

440 4699 563 4740 nem
589 4682 812 4754 putatis.
843 4680 964 4734 ideo
983 4679 1200 4734 Patrem
1230 4693 1409 4732 meum
1437 4679 1710 4733 hominem
1740 4681 1980 4750 quzeritis
1999 4721 2012 4744 ,

436 4774 566 4847 quia
587 4772 879 4830 secundum
893 4786 1108 4827 carnem
1127 4769 1400 4841 iudicatis.
1426 4769 1559 4836 Quia
1576 4784 1704 4824 vero
1724 4771 2016 4826 secundum

437 4867 585 4940 quod
611 4866 804 4922 videtis
831 4864 974 4919 aliud
1001 4880 1143 4930 sum,
1169 4871 1225 4918 et
1251 4861 1393 4916 aliud
1426 4862 1716 4917 secundum
1740 4864 1883 4933 quod
1912 4880 2018 4918 non

439 4963 651 5027 videtis,
678 4962 895 5018 Patrem
922 4976 1100 5016 meum
1125 4959 1319 5030 loquor
1338 4959 1608 5014 occultum
1636 4958 1818 5030 [Aug:,
1842 4963 2024 5016 occul-

443 5068 532 5114 tus
559 5053 888 5127 occultum];
928 5053 1081 5124 prius
1109 5059 1282 5107 estut
1329 5068 1413 5107 me
1470 5054 1746 5121 noveritis,
1793 5063 1919 5111 tunc
1969 5066 2024 5112 ct

444 5146 659 5202 Patrem
681 5160 859 5200 meum
873 5143 1077 5200 scietis.
1107 5161 1125 5191 ‹
1149 5140 1207 5196 Si
1233 5143 1368 5196 enim
1387 5159 1466 5197 me
1490 5145 1708 5208 sciretis,
1733 5154 1780 5200 et
1809 5143 2025 5202 Patrem

445 5253 616 5292 meum
661 5235 885 5306 forsitan
934 5234 1152 5289 sciretis.
1197 5231 1289 5286 llle
1317 5233 1409 5302 qui
1435 5233 1616 5288 omnia
1661 5235 1781 5299 scit,
1812 5235 2026 5304 quando

444 5326 579 5382 dicit
599 5327 844 5397 forsitan,
891 5341 997 5381 non
1036 5324 1282 5391 dubitat,
1333 5327 1426 5380 sed
1480 5327 1740 5396 increpat.
1795 5327 2027 5384 Attende

447 5414 594 5470 enim
621 5417 886 5484 quomodo
934 5416 1264 5486 increpative
1316 5415 1529 5472 dicatur
1559 5419 1732 5490 ipsum
1764 5420 1986 5490 forsitan
2010 5460 2024 5483 ,

451 5506 595 5573 quod
614 5506 827 5561 videtur
861 5522 978 5562 esse
1008 5509 1232 5562 verbum
1272 5507 1639 5566 dubitationis.
1688 5509 1793 5566 Sed
1823 5511 2030 5565 dubita-

455 5594 619 5650 tionis
663 5598 883 5652 verbum
912 5605 996 5653 est
1017 5639 1030 5660 ,
1077 5601 1294 5668 quando
1321 5601 1518 5656 dicitur
1545 5601 1615 5656 ab
1641 5602 1878 5664 homine,
1911 5601 2032 5656 ideo

454 5685 735 5745 dubitante
775 5688 900 5758 quia
930 5689 1239 5758 nesciente;
1295 5708 1417 5746 ctnn
1453 5708 1579 5745 vero
1622 5694 1818 5762 dicitur
1845 5709 1890 5745 ιι-
1924 5693 2032 5746 nco

2113 4514 2304 4587 gelista
2331 4511 2408 4565 ait
2433 4530 2446 4564 :
2480 4508 2624 4563 Tunc
2651 4509 2852 4579 aperuit
2879 4507 2984 4562 illis
3010 4523 3238 4571 sensum,
3277 4515 3332 4560 ut
3362 4504 3716 4576 intelligerent

2117 4603 2413 4673 Scripturas
2446 4597 2596 4672 (Luc.
2633 4615 2783 4663 χχιι,
2823 4597 2934 4667 45).
2973 4597 3214 4667 Denique
3253 4597 3382 4666 quid
3421 4595 3719 4666 sequitur?

2121 4693 2288 4750 Nemo
2336 4689 2674 4762 apprehendit
2721 4706 2859 4754 eum,
2905 4689 3028 4762 quia
3070 4688 3288 4745 necdum
3332 4696 3542 4743 venerat
3578 4686 3718 4742 hora

2119 4786 2250 4858 ejus.
2277 4783 2492 4839 Scilicet
2505 4783 2683 4837 omnia
2703 4783 3064 4852 dispositionis
3085 4800 3216 4848 sum,
3231 4783 3412 4838 omnia
3428 4778 3722 4838 voluntatis

2121 4895 2249 4934 sum.
2285 4877 2416 4943 Quia
2443 4875 2535 4945 qui
2555 4874 2826 4929 voluntate
2851 4883 3010 4929 natus
3037 4883 3139 4940 est,
3157 4874 3433 4944 voluntate
3451 4882 3504 4930 et
3523 4889 3720 4944 passus

2123 4975 2224 5022 est.
2253 4986 2269 5017 ι
2301 4965 2356 5020 Si
2378 4981 2505 5036 ergo
2523 4965 2634 5035 pati
2655 4964 2838 5030 nollet,
2856 4980 2960 5020 non
2986 4971 3289 5035 pateretur;
3317 4965 3483 5020 sinon
3503 4972 3721 5038 patere-

2125 5067 2234 5122 tur,
2266 5056 2484 5128 sanguis
2512 5054 2598 5110 ille
2633 5070 2738 5110 non
2787 5053 3123 5122 {tunderetun
3169 5059 3402 5111 mundus
3427 5071 3533 5111 non
3576 5055 3722 5110 redi-

2127 5155 2384 5201 meretur.
2433 5145 2672 5216 Agamus
2703 5145 2883 5214 itaque
2912 5145 3114 5218 gratias
3160 5154 3214 5202 et
3243 5147 3497 5218 potestati
3525 5145 3724 5200 divini-

2129 5239 2254 5293 tatis
2279 5246 2333 5294 et
2367 5238 2699 5293 miserationi
2746 5237 3074 5292 inﬁrmitatis
3099 5236 3236 5306 ejus,
3268 5238 3333 5292 de
3369 5236 3579 5292 occulta
3622 5250 3722 5304 po.

2130 5329 2292 5383 tentia
2337 5344 2494 5397 quam
2547 5327 2716 5382 Judari
2762 5343 2866 5382 non
2899 5335 3193 5394 noverant;
3232 5327 3374 5382 unde
3410 5326 3516 5380 illis
3558 5325 3722 5380 modo

2128 5419 2330 5472 dictum
2359 5427 2475 5471 cst:
2531 5416 2711 5488 Neque
2759 5435 2838 5474 me
2877 5420 3058 5482 nostis,
3093 5434 3254 5490 neque
3299 5415 3514 5470 Patrem
3548 5429 3721 5469 meum

2133 5507 2311 5580 (Joan.
2339 5523 2454 5572 vni,
2486 5506 2607 5578 l9);
2655 5517 2708 5564 et
2739 5511 2804 5564 de
2849 5526 3013 5566 carne
3046 5520 3315 5581 suscepta,
3345 5523 3508 5580 quam
3546 5504 3720 5561 Judaei

2129 5608 2410 5664 noverant,
2441 5609 2496 5653 et
2524 5599 2678 5668 cujus
2707 5603 2938 5671 patriam
2977 5603 3257 5666 sciebant;
3309 5601 3450 5657 unde
3483 5599 3592 5655 illis
3614 5595 3721 5652 alii

2135 5692 2249 5747 loco
2274 5690 2445 5746 dixit:
2495 5691 2563 5745 Et
2614 5710 2691 5749 me
2741 5695 2923 5760 nostis,
2951 5705 2999 5748 ct
3037 5695 3171 5749 unde
3211 5697 3309 5749 sim
3348 5693 3490 5748 scitis
3533 5688 3718 5762 (loeto.
