4000 6190
281 323 395 383 861,

1094 320 1501 381 ΕΧΕϐΕΤΙΟΛ.
1540 357 1612 366 —
1647 321 2003 385 COMMENT.
2037 323 2109 385 ΙΝ
2143 327 2334 389 JOAN.
2374 364 2444 375 —
2480 331 2588 391 LIII
2648 333 2731 393 IV.

3441 346 3547 403 εἶθ

280 455 378 519 vn,
402 434 547 528 28)._
567 434 864 528 Utrumque
906 436 1213 528 noverimus
1244 435 1300 491 in
1327 436 1582 528 Christo,
1621 448 1678 495 et
1719 439 1860 497 unde
1884 439 1937 499 Λ
1961 456 2064 510 quo
2089 458 2184 513 ego
2206 444 2340 499 vado
2362 447 2517 513 dixit,
2546 464 2653 505 non
2677 465 2788 519 quo
2814 452 2923 507 itur
2942 453 3011 510 ad
3039 462 3289 522 mortem,
3320 458 3415 513 sed
3435 474 3547 528 quo

279 526 503 600 aequalis
528 523 658 596 [est]
680 523 849 588 Patri,
874 533 930 578 et
955 525 1096 581 unde
1123 526 1215 581 illo
1235 526 1406 596 major
1421 537 1505 583 est
1527 529 1705 586 Pater.
1727 531 1860 587 Illud

280 604 516 677 Verbum
553 626 658 683 est,
703 617 833 672 illud
870 632 1031 685 caro;
1061 616 1189 675 illud
1218 620 1362 676 Deus
1388 630 1487 686 est,
1518 622 1648 679 illud
1676 624 1859 680 homo.

282 709 389 768 Sed
414 724 554 766 unus
579 706 831 765 Christus
853 708 995 763 Deus
1024 716 1079 764 et
1102 710 1281 766 homo.
1305 729 1323 762 ι
1351 710 1506 768 Modo
1527 712 1595 769 de
1615 728 1712 768 sua
1739 728 1862 783 pas-

280 802 451 868 sione,
474 799 605 870 quid
624 799 876 869 loquatur
896 798 1161 865 Christus,
1189 802 1492 858 audiamus.

876 929 1104 987 CAPUT
1133 930 1274 985 XXI.

276 1020 418 1075 Dicit
441 1019 645 1074 Iudaeis
664 1020 802 1092 quod
821 1021 875 1074 in
901 1030 1111 1090 peccato
1135 1037 1229 1074 suo
1267 1032 1570 1075 morientur.
1606 1020 1643 1073 Α
1675 1021 1861 1092 quibus

341 1106 466 1144 cum
506 1100 634 1144 esset
676 1090 1026 1161 interrogetus
1052 1092 1183 1161 quis
1226 1100 1377 1161 esset,
1425 1090 1694 1160 respondit
1714 1094 1862 1161 prin-

346 1161 542 1229 cipiunt
580 1175 635 1214 se
658 1175 786 1224 esse,
817 1158 1015 1213 addens
1037 1158 1135 1214 hoc
1157 1174 1177 1211 :
1215 1158 1348 1214 Cum
1383 1158 1745 1216 exaltaveritis
1772 1162 1862 1216 Fi-

348 1228 478 1282 lium
511 1228 765 1294 hominis,
805 1238 931 1283 tunc
958 1229 1290 1300 cognoscetis
1319 1230 1441 1299 quia
1468 1246 1566 1301 ego
1589 1246 1727 1286 sum.

350 1339 515 1393 Vens.
549 1338 637 1393 21.
665 1366 737 1379 --
769 1357 787 1388 ι
817 1351 843 1379 ι
878 1338 994 1409 Ego
1018 1339 1172 1405 uado,
1198 1349 1247 1394 et
1292 1342 1534 1414 qureretis
1562 1358 1663 1405 me,
1707 1350 1757 1395 et
1803 1342 1869 1396 in

276 1443 486 1503 peccato
512 1441 679 1487 vestro
707 1433 1019 1487 moriemini.
1062 1432 1178 1499 Quo
1202 1450 1296 1504 ego
1332 1434 1487 1500 uado,
1516 1451 1605 1490 vos
1636 1451 1741 1489 non
1766 1450 1863 1504 po-

276 1525 420 1579 testis
449 1523 639 1578 uenire.
672 1522 785 1595 Ego
809 1523 969 1588 vado,
1004 1523 1198 1593 inquit,
1234 1532 1288 1578 et
1310 1525 1564 1593 quaeretis
1595 1539 1718 1581 me:
1749 1538 1866 1579 non

279 1612 565 1680 desiderio,
596 1613 694 1670 sed
720 1613 867 1672 odio.
893 1613 1028 1669 Nam
1058 1615 1230 1682 illum,
1255 1626 1605 1686 posteaquam
1643 1616 1860 1673 absces-

276 1709 349 1763 sit
370 1708 440 1765 ab
464 1706 636 1762 oculis
661 1705 957 1771 hominum,
1001 1706 1376 1776 inquisierunt,
1415 1714 1471 1762 et
1493 1709 1584 1778 qui
1609 1707 1853 1774 oderant,

1960 532 2074 587 ibat
2115 534 2229 604 ipse
2252 545 2377 607 post
2415 549 2664 607 mortem,
2698 550 2760 598 ut
2791 544 3064 600 occideret
3093 554 3344 602 mortem.
3380 568 3399 601 ι
3433 550 3543 607 Illis

1960 623 2140 695 itaque
2163 642 2269 683 non
2296 628 2717 701 intelligentibus
2745 635 2867 701 ista,
2900 637 3176 706 respondit
3203 638 3461 697 Dominus
3478 641 3539 697 δι

1968 707 2070 768 Vos
2095 714 2338 772 deorsum
2363 720 2507 775 estis.
2535 719 2657 777 Ideo
2679 730 2881 779 terram
2905 723 3036 796 [Αι.,
3065 727 3302 802 terrena]
3328 730 3538 799 sapitis,

1960 802 2084 872 quia
2118 804 2261 860 sicut
2286 823 2510 880 serpens
2534 818 2735 868 terram
2760 816 3115 873 manducatis.
3138 818 3277 884 Quid
3305 829 3407 887 est,
3433 830 3543 879 ter-

1962 907 2076 948 ram
2124 897 2483 965 manducatis,
2534 902 2638 957 nisi
2684 905 2916 961 terrenis
2960 909 3259 975 pascimini,
3310 915 3545 970 terrenis

1959 981 2318 1053 delectamini,
2369 992 2600 1046 terrenis
2641 992 2880 1059 inbiatis,
2921 1012 3134 1053 sursum
3174 1014 3270 1054 eor
3308 1018 3414 1058 non
3445 1004 3547 1058 ha-

1959 1073 2130 1128 betis?
2164 1074 2268 1130 Vos
2287 1076 2354 1131 de
2380 1077 2624 1134 deorsum
2645 1086 2787 1148 estis,
2813 1100 2906 1153 ego
2926 1085 2992 1138 de
3015 1090 3252 1156 supernis
3274 1106 3424 1155 sum;
3452 1109 3542 1147 ros

1959 1162 2024 1217 de
2053 1165 2245 1221 mundo
2271 1167 2368 1221 hoc
2390 1171 2533 1234 estis,
2559 1186 2653 1242 ego
2682 1188 2786 1228 non
2807 1190 2923 1229 sum
2948 1175 3013 1230 de
3038 1176 3136 1230 hoc
3155 1178 3370 1231 mundo.
3401 1179 3545 1246 Quo-

1959 1254 2119 1310 modo
2147 1271 2277 1326 ergo
2301 1273 2408 1314 non
2440 1268 2560 1316 erat
2584 1261 2652 1317 de
2671 1263 2776 1319 hoc
2802 1264 3022 1329 mundo,
3055 1280 3154 1335 per
3179 1281 3341 1335 quem
3365 1267 3542 1325 factus

1958 1352 2041 1400 est
2067 1346 2315 1412 mundus,
2352 1355 2408 1402 et
2454 1364 2669 1421 semper
2704 1353 2902 1424 ubique
2942 1356 3068 1411 est?
3111 1356 3217 1411 Sed
3260 1373 3452 1413 omnes
3478 1361 3551 1415 de

1959 1437 2158 1490 mundo
2184 1455 2197 1490 :
2229 1438 2324 1493 sed
2346 1439 2497 1509 prius
2525 1441 2782 1508 mundus,
2805 1451 2989 1512 postea
3015 1445 3198 1502 homo.
3245 1447 3349 1502 Sed
3379 1449 3541 1503 Chri-

1958 1537 2072 1582 stus
2121 1537 2247 1584 ante
2299 1532 2571 1597 mundum,
2623 1540 2748 1590 ante
2795 1533 3066 1591 Christum
3112 1537 3266 1592 nihil.
3318 1537 3455 1605 Quia
3484 1540 3538 1594 in

1958 1619 2222 1689 principio
2262 1629 2380 1678 erat
2430 1622 2688 1689 Verbum,
2733 1632 2788 1680 et
2827 1627 3006 1680 omnia
3050 1642 3148 1695 per
3194 1629 3369 1697 ipsum
3400 1629 3543 1687 facta

1958 1717 2100 1763 sunt.
2132 1709 2223 1766 Sic
2248 1712 2391 1767 enim
2420 1721 2539 1769 erat
2580 1713 2670 1770 ille
2695 1715 2763 1771 de
2791 1717 3038 1785 supernis
3066 1734 3083 1783 ;
3130 1718 3197 1773 de
3224 1720 3421 1789 quibus
3444 1736 3540 1777 su-

273 1805 331 1851 et
357 1794 450 1867 qui
474 1794 726 1850 amabant
750 1810 763 1847 :
793 1793 870 1848 illi
895 1775 1285 1863 persequendo,
1314 1795 1389 1850 illi
1415 1775 1614 1852 habere
1637 1796 1857 1867 cupien—
1884 1775 1932 1834 Β
1959 1801 2143 1868 pernis
2175 1800 2421 1858 Christus
2440 1804 2465 1857 ?
2484 1803 2589 1859 -Ab
2618 1804 2735 1874 ipso
2765 1775 2939 1869 Patre,
2969 1775 3102 1862 nihil
3131 1808 3220 1864 illo
3241 1775 3535 1879 superius;

273 1887 364 1943 do.
410 1886 616 1942 Bonum
644 1892 727 1941 est
773 1885 1008 1939 animam
1048 1884 1250 1943 Christi
1288 1901 1550 1955 quaerere,
1601 1885 1694 1943 sed
1723 1901 1858 1956 quo-

273 1976 436 2031 modo
461 1974 705 2044 discipuli
738 1989 859 2030 eam
884 1975 1212 2045 quaesierunt
1236 1994 1251 2043 ;
1288 1985 1343 2031 et
1366 1977 1565 2033 malum
1607 1985 1690 2033 est
1712 1993 1858 2047 quae-

273 2084 400 2124 rere
425 2067 658 2121 animam
688 2065 910 2132 Christi,
938 2066 1032 2122 sed
1069 2068 1337 2137 quomodo
1366 2082 1483 2123 eam
1518 2067 1686 2123 Judazi
1713 2084 1858 2137 qua:-

270 2161 526 2223 sierunt;
575 2156 648 2211 illi
691 2157 834 2211 enim
859 2164 919 2211 ut
960 2157 1241 2223 haberent,
1288 2158 1397 2223 isti,
1450 2166 1510 2214 ut
1547 2158 1851 2227 perderent.

271 2251 515 2320 Denique
549 2232 660 2314 isti,
695 2249 822 2319 quia
847 2250 927 2303 sic
968 2250 1279 2319 quaerebant
1318 2265 1466 2306 more
1495 2250 1653 2314 malo,
1693 2252 1855 2307 corde

270 2357 549 2414 perverso,
588 2342 718 2410 quid
755 2349 971 2397 secutus
1013 2338 1303 2409 adiunxit?
1344 2341 1600 2407 Qutrretis
1638 2358 1761 2405 me;
1800 2352 1856 2396 et

270 2448 342 2488 nc
365 2433 588 2502 putetis,
621 2433 745 2501 quia
775 2432 911 2486 bene
941 2446 1028 2485 me
1049 2432 1324 2500 qumretis,
1366 2433 1421 2485 in
1447 2442 1655 2501 peccato
1684 2441 1854 2487 vestro

271 2524 571 2579 moriemini
592 2540 612 2588 ;
640 2523 741 2578 hoc
766 2531 852 2577 est
872 2521 1148 2577 Christum
1179 2520 1319 2576 male
1352 2536 1612 2589 qumrere,
1641 2521 1694 2575 in
1733 2535 1856 2589 pec-

269 2624 397 2670 cato
421 2628 521 2670 suo
546 2613 706 2669 mori.
737 2632 757 2666 ι
792 2612 850 2667 In
879 2620 1102 2682 peccato
1129 2627 1228 2667 suo
1253 2613 1502 2677 moritur,
1533 2613 1622 2682 qui
1650 2613 1702 2666 in
1730 2627 1856 2682 pec-

269 2712 396 2760 cato
424 2712 707 2775 permanet
733 2717 903 2772 usque
926 2703 993 2758 ad
1032 2710 1286 2758 mortem.
1332 2702 1422 2758 Ille
1447 2702 1721 2759 Christum
1745 2718 1854 2758 non

268 2795 467 2865 quaerit
484 2795 576 2864 qui
600 2794 826 2850 salutem
864 2793 1057 2849 animm
1083 2808 1194 2848 suae
1222 2807 1322 2862 per
1344 2793 1714 2862 pmnitentiam
1746 2809 1855 2849 non

268 2884 486 2956 quaerit.
523 2883 604 2939 Ad
631 2898 791 2953 quem
833 2883 1101 2953 Propheta
1135 2883 1362 2938 clamat:
1413 2883 1644 2948 Quaerite
1675 2882 1856 2938 Domi-

270 2994 429 3040 num,
471 2975 596 3031 dum
637 2975 862 3029 inveniri
918 2982 1083 3043 potest
1123 2971 1278 3046 (Isai.
1315 2988 1403 3039 LV,
1441 2971 1520 3045 6).
1572 2972 1729 3028 Modo
1762 2972 1855 3042 qui

268 3066 702 3129 misericordem,
741 3065 867 3120 dum
912 3072 1123 3134 tempus
1156 3065 1340 3130 habet,
1377 3078 1483 3120 non
1530 3064 1740 3133 quau-it,
1773 3063 1856 3119 in-

266 3158 451 3213 veniet
476 3170 597 3211 eum
644 3156 858 3210 iratum.
899 3152 1098 3209 Iudaeis
1128 3154 1294 3209 dixit:
1343 3153 1411 3208 In
1447 3163 1655 3223 peccato
1684 3163 1854 3209 uestro

270 3245 590 3309 moriemini,
619 3246 744 3313 quia
770 3243 1088 3313 prmsciebat
1128 3257 1224 3298 eos
1254 3243 1308 3298 in
1341 3249 1565 3313 peccato
1593 3257 1694 3298 suo
1731 3257 1856 3312 per-

268 3350 512 3395 manere.
559 3333 825 3405 Singulari
860 3331 1037 3404 [vero]
1080 3345 1306 3386 numero
1341 3330 1476 3387 dixit
1513 3332 1571 3385 in
1621 3340 1851 3401 peccato,

268 3437 331 3482 et
360 3425 550 3496 plurali
603 3438 825 3480 numero
872 3422 1179 3485 moriemini,
1229 3422 1354 3491 quia
1380 3422 1630 3477 omnibus
1657 3421 1763 3477 illis
1788 3423 1854 3478 ad

267 3534 412 3589 quos
453 3516 788 3587 loquebatur,
827 3528 988 3568 unam
1033 3527 1151 3567 esse
1197 3513 1544 3578 voluntatem,
1593 3512 1855 3583 aequalem

265 3609 535 3665 malitiam
580 3605 836 3677 perdendi
884 3619 1007 3660 eum
1053 3602 1322 3675 [sciebat],
1362 3605 1456 3674 qui
1511 3604 1718 3660 salvare
1760 3620 1856 3661 cos

266 3706 519 3753 venerat.
550 3717 569 3750 ι
600 3697 719 3753 Alio
753 3712 883 3753 vero
908 3696 1027 3752 loco
1054 3697 1328 3767 discipulis
1356 3699 1469 3753 suis
1509 3698 1644 3753 dixit
1672 3715 1685 3752 :
1737 3696 1854 3763 Quo

265 3806 370 3861 ego
386 3788 538 3856 uado,
556 3787 689 3861 [vos]
708 3804 809 3843 non
822 3787 1031 3859 potestis
1045 3786 1198 3843 modo
1212 3789 1386 3842 venire
1407 3786 1589 3859 (Joun.
1607 3802 1696 3840 xxi
1706 3826 1722 3851 ,
1738 3786 1851 3856 22),

266 3878 395 3934 Νοιι
411 3880 631 3936 abstulit
654 3879 736 3935 eis
753 3893 923 3947 spem,
947 3879 1039 3933 sed
1058 3879 1306 3946 praedixit
1324 3878 1652 3932 dilationem.
1677 3876 1856 3941 Quan-

266 3968 346 4026 do
366 3969 509 4024 enim
531 3971 637 4024 hoc
657 3967 933 4036 discipulis
959 3968 1215 4022 Dominus
1236 3968 1572 4035 loquebatur,
1602 3972 1730 4018 tunc
1749 3979 1856 4018 non

263 4067 528 4131 poterant
571 4058 756 4113 venire
796 4070 903 4125 quo
953 4055 1040 4109 ille
1086 4055 1217 4119 ibat,
1273 4055 1366 4109 sed
1413 4063 1602 4123 postea
1645 4053 1860 4108 venturi

263 4155 432 4204 crant
468 4167 479 4200 :
512 4147 603 4201 isti
630 4153 810 4199 autem
838 4158 1110 4212 nunquam
1147 4143 1341 4212 quibus
1368 4143 1657 4213 praesciens
1700 4141 1853 4214 [Ms.,

262 4236 555 4313 praescius]
581 4237 753 4291 dixit:
785 4235 854 4290 In
899 4245 1107 4307 peccato
1133 4246 1300 4290 vestro
1345 4237 1658 4290 moriemini.
1687 4254 1706 4288 ι
1761 4236 1857 4292 His

263 4338 456 4387 autem
482 4327 678 4383 auditis
713 4327 912 4393 verbis,
945 4326 1212 4396 quomodo
1236 4327 1408 4381 solent
1451 4327 1684 4381 carnalia
1713 4328 1858 4397 cogi-

1880 3112 1927 3173 C

1955 1892 2082 1962 quia
2107 1892 2267 1949 Pater
2307 1894 2542 1951 Verbum
2573 1897 2758 1967 genuit
2793 1898 2997 1967 aequale
3038 1899 3165 1965 sibi,
3211 1911 3549 1957 coaeternum

1954 1985 2077 2048 sibi,
2105 1986 2438 2056 unigenitum
2464 1988 2588 2054 sibi,
2634 1990 2752 2045 sine
2780 1998 3044 2061 tempore,
3086 2008 3186 2063 per
3214 2009 3373 2064 quem
3410 2011 3541 2052 con-

1953 2076 2105 2130 deret
2131 2083 2388 2144 tempora.
2422 2097 2442 2130 ι
2474 2078 2598 2134 Ideo
2625 2079 2872 2136 Christus
2890 2088 3015 2136 ante
3033 2097 3223 2138 omnes
3241 2092 3535 2149 creaturas,

1952 2175 2006 2221 et
2051 2177 2175 2225 ante
2218 2172 2399 2226 omnia
2445 2180 2708 2242 tempora,
2754 2174 2881 2243 quia
2927 2175 2995 2229 de
3045 2175 3208 2231 Patre
3237 2186 3538 2234 conitor-nus

1953 2255 2099 2311 Patri
2125 2260 2337 2328 genitus
2377 2269 2479 2316 est.
2530 2261 2643 2332 Ego
2687 2262 2751 2317 de
2778 2264 3016 2333 supernis
3056 2281 3193 2330 sum,
3233 2281 3326 2321 vos
3357 2266 3422 2321 de
3445 2267 3544 2321 hoc

1953 2344 2147 2400 mundo
2170 2346 2333 2413 estis;
2366 2365 2458 2419 ego
2493 2367 2594 2404 non
2620 2367 2737 2405 sum
2762 2350 2827 2405 de
2852 2350 2949 2405 hoc
2982 2352 3200 2407 mundo.

2026 2436 2189 2490 Vens.
2222 2435 2311 2489 2i.
2338 2467 2409 2476 -—
2442 2455 2461 2487 ‹
2500 2437 2626 2491 Dixi
2670 2456 2791 2509 ergo
2824 2439 2989 2504 vobis,
3013 2442 3139 2512 quia
3166 2440 3461 2496 moriemini
3486 2441 3547 2496 in

1953 2524 2176 2592 peccatis
2204 2526 2405 2579 uestris.
2455 2525 2713 2595 Exposuit
2750 2530 2925 2593 nobis,
2973 2530 3189 2595 fratres,
3219 2532 3363 2599 quod
3387 2530 3541 2603 [Hs.,

1955 2609 2106 2682 quid]
2135 2612 2357 2684 intelligi
2394 2614 2581 2679 voluit,
2628 2633 2715 2671 vos
2753 2617 2818 2671 de
2857 2619 3053 2673 mundo
3092 2620 3191 2674 Icoe
3230 2622 3372 2674 estis.
3416 2620 3547 2677 Ideo

1956 2698 2152 2768 quippe
2176 2698 2349 2754 dixit:
2392 2699 2495 2756 Vos
2533 2700 2599 2756 de
2646 2704 2743 2757 hoc
2782 2704 2978 2759 mundo
3007 2708 3150 2772 estis,
3196 2707 3321 2776 quia
3347 2723 3541 2777 pecca-

1958 2795 2101 2843 tores
2128 2797 2305 2854 erant,
2340 2791 2467 2860 quia
2500 2791 2670 2861 iniqui
2717 2802 2894 2859 erant,
2925 2795 3051 2865 quia
3095 2796 3339 2853 inﬁdeles
3363 2807 3540 2863 erant,

1957 2877 2081 2946 quia
2110 2886 2325 2934 terrena
2355 2881 2655 2951 sepiebant.
2692 2902 2709 2934 ι
2746 2882 2996 2955 Nunquid
3023 2886 3252 2955 apostoli
3279 2896 3335 2942 et
3362 2896 3536 2943 sancti

1956 2967 2048 3023 Dei
2079 2969 2145 3024 de
2173 2968 2277 3025 hoc
2315 2972 2515 3027 mundo
2542 2988 2647 3028 non
2674 2975 2868 3029 erant?
2904 2975 3072 3031 Erant
3099 2977 3384 3047 siquidem,
3412 2981 3539 3050 quia

1956 3058 2022 3113 de
2044 3058 2216 3114 Adam
2249 3061 2362 3115 nati
2386 3070 2531 3129 sunt,
2573 3064 2669 3118 sed
2698 3064 2811 3133 ipsa
2842 3064 3054 3121 Veritas
3077 3066 3143 3122 de
3163 3068 3245 3123 eis
3269 3068 3381 3124 ait:
3427 3069 3542 3140 Ego

1956 3148 2086 3220 elegi
2110 3167 2200 3205 vos
2230 3151 2295 3205 de
2336 3152 2531 3206 mundo
2564 3150 2748 3224 (Joan.
2775 3170 2865 3220 xv,
2888 3153 3000 3227 I9),
3032 3156 3084 3211 id
3112 3162 3214 3221 est,
3243 3158 3312 3213 de
3338 3157 3540 3213 carnali

1955 3240 2380 3306 conversatione,
2423 3257 2544 3311 quae
2585 3244 2768 3298 mundi
2798 3244 3014 3299 nomine
3054 3245 3158 3300 hoc
3184 3244 3303 3301 loco
3339 3246 3546 3318 signiti-

1955 3329 2067 3383 cari
2088 3328 2318 3385 videtur.
2355 3348 2373 3381 ι
2423 3329 2526 3397 Qui
2569 3346 2696 3403 ergo
2725 3340 2880 3387 erant
2908 3333 2973 3388 de
2997 3334 3218 3399 mundo,
3248 3334 3378 3389 facti
3405 3344 3537 3391 sunt

1956 3432 2062 3472 non
2106 3418 2172 3474 de
2212 3420 2436 3485 mundo,
2471 3428 2527 3475 et
2568 3423 2841 3493 pertinere
2877 3432 3155 3492 cmperunt
3191 3423 3259 3478 ad
3295 3440 3417 3480 eum
3445 3439 3553 3493 per:

1955 3525 2115 3580 quem
2148 3510 2324 3569 factus
2367 3519 2451 3568 est
2493 3513 2744 3570 mundus.
2795 3513 2888 3568 Isti
2940 3523 3119 3570 autem
3168 3522 3546 3571 remanserunt

1956 3616 2075 3657 esse
2099 3600 2155 3655 in
2182 3603 2400 3667 mundo,
2434 3602 2630 3669 quibus
2655 3602 2856 3656 dictum
2877 3608 2996 3655 est:
3024 3601 3322 3655 Morientini
3348 3602 3403 3656 in
3424 3618 3545 3672 pec.

1955 3692 2085 3744 catis
2107 3692 2288 3745 uestris
2312 3728 2326 3742 .
2357 3707 2375 3740 ι
2414 3681 2582 3743 Nemo
2606 3689 2771 3752 dicat,
2801 3689 2868 3742 de
2909 3689 3012 3744 hoc
3038 3690 3236 3746 mundo
3259 3705 3367 3747 non
3395 3707 3538 3748 sum.

1956 3780 2211 3848 Quisquis
2235 3795 2314 3842 es,
2344 3793 2377 3832 o
2401 3779 2581 3843 homo,
2609 3778 2678 3833 de
2705 3780 2809 3837 hoc
2834 3783 3035 3838 mundo
3055 3798 3115 3838 es
3137 3801 3151 3838 :
3179 3785 3274 3840 sed
3305 3786 3454 3841 venit
3473 3788 3543 3843 ad

1957 3878 2009 3923 te
2035 3867 2127 3936 qui
2156 3867 2285 3922 fecit
2307 3868 2586 3934 mundum,
2625 3876 2679 3924 et
2703 3869 2953 3926 liberavit
2981 3881 3034 3928 te
3075 3874 3140 3928 de
3165 3876 3268 3931 hoc
3308 3879 3531 3935 mundo.

1958 3956 2016 4010 Si
2045 3956 2273 4012 delectat
2317 3964 2373 4011 te
2413 3957 2663 4024 mtiudus,
2711 3974 2926 4029 semper
2951 3963 3033 4017 vis
3068 3978 3190 4019 esse
3233 3966 3286 4019 in
3334 3969 3536 4024 mundo

1959 4048 2116 4121 [Aug.
2142 4060 2190 4104 et
2221 4048 2348 4114 Ms.,
2379 4049 2730 4125 immundus].
2777 4051 2836 4107 Si
2869 4061 3048 4108 autem
3090 4055 3204 4126 jam
3231 4072 3341 4112 non
3391 4058 3541 4114 dele-

1957 4150 2071 4198 ctat
2097 4151 2148 4199 te
2171 4144 2259 4199 hic
2300 4145 2549 4212 mundus,
2572 4146 2682 4217 jam
2713 4164 2820 4204 non
2849 4150 2958 4204 eris
3007 4148 3158 4221 [Ms.,
3182 4150 3295 4221 jam
3324 4159 3377 4206 tu
3408 4152 3542 4224 eris]

1958 4236 2189 4291 mundus
2233 4246 2278 4301 ο,
2320 4244 2376 4291 et
2406 4251 2512 4292 non
2553 4239 2759 4304 audies,
2808 4240 2951 4311 quod
2999 4240 3168 4297 Judaei
3212 4242 3539 4298 audierunt:

1960 4325 2257 4380 Moriemini
2300 4328 2355 4382 in
2399 4339 2608 4398 peccato
2654 4340 2838 4385 vestro.
2875 4352 2894 4384 ι
2942 4332 3010 4386 Et
3039 4332 3131 4403 qui
3173 4332 3292 4403 plus
3331 4342 3541 4404 peccat,

268 4429 476 4484 tantes,
519 4427 576 4474 et
617 4419 911 4475 secundum
954 4434 1169 4474 carnem
1211 4418 1531 4487 iudicantes,
1583 4426 1640 4474 et
1685 4426 1855 4475 totum
1887 4417 2075 4501 Dplus
2103 4425 2186 4472 est
2226 4417 2305 4489 [in
2345 4420 2544 4474 mundo
2587 4428 2643 4473 et
2682 4420 2823 4492 plus]
2864 4422 3209 4488 immundus;
3254 4432 3309 4479 ct
3336 4432 3542 4493 quanto

272 4511 567 4568 carnaliter
578 4509 856 4566 audientes
865 4519 918 4565 et
931 4512 1216 4580 sapientes,
1236 4512 1512 4567 dixerunt:
1536 4511 1720 4582 (Vens.
1737 4511 1851 4583 22.)

280 4599 534 4672 Nunquid
555 4599 826 4669 interﬁciet
850 4600 1196 4670 semetipsum,
1219 4602 1341 4671 quia
1359 4602 1524 4655 dicit:
1555 4600 1712 4672 547
1737 4600 1852 4667 Quo

276 4706 372 4761 ego
400 4690 556 4755 vado,
598 4707 688 4745 vos
716 4707 820 4744 non
864 4691 1075 4760 potestis
1120 4691 1338 4744 uenire?
1390 4691 1563 4745 Stulta
1610 4693 1771 4748 verba
1799 4700 1856 4748 et

278 4784 497 4838 omnino
526 4782 843 4853 insipientia:
867 4782 1046 4852 plena.
1077 4781 1215 4849 Quid
1246 4782 1433 4838 enim?
1463 4783 1578 4838 Non
1604 4793 1856 4854 poterant

282 4871 373 4926 illo
400 4872 580 4928 venire
621 4888 727 4943 quo
754 4872 841 4927 ille
867 4872 1210 4942 perrexisset,
1237 4873 1281 4928 si
1308 4873 1634 4930 interﬁceret
1661 4882 1858 4929 semet-

281 4961 499 5030 ipsum?
539 4963 789 5033 Nunquid
818 4964 917 5034 ipsi
962 4979 1069 5018 non
1096 4971 1253 5019 erant
1292 4964 1582 5019 morituri?
1605 4965 1743 5031 Quid
1771 4973 1857 5021 est

282 5066 428 5120 ergo,
459 5054 689 5124 nunquid
713 5054 985 5123 interﬁciet
1011 5054 1361 5123 semetipsum,
1384 5054 1507 5123 quia
1533 5053 1665 5107 dixit
1693 5066 1711 5104 :
1738 5052 1856 5119 Quo

282 5158 373 5210 ego
400 5142 554 5207 vado,
584 5160 672 5197 vos
714 5161 815 5198 non
853 5146 1064 5214 potestis
1104 5145 1325 5199 uenire?
1365 5142 1420 5197 Si
1448 5143 1514 5197 de
1561 5153 1734 5198 morte
1760 5144 1856 5198 ho-

285 5230 445 5287 minis
485 5233 706 5297 diceret,
755 5234 877 5303 quis
922 5235 1200 5289 hominum
1245 5250 1349 5288 non
1386 5233 1660 5288 moritur?
1696 5232 1854 5304 Ergo,

353 5395 380 5455 fl
494 5382 663 5455 Augz,
679 5392 834 5438 tract.
867 5400 1088 5455 xxxvnt,
1119 5402 1264 5439 num.
1294 5385 1407 5447 2-8,
1440 5385 1521 5438 Il.

354 5453 385 5493 δ
411 5451 520 5515 Αι.,
554 5450 687 5507 (Illi
715 5455 893 5523 itaque
915 5468 1018 5507 non
1048 5453 1427 5523 intelligemus,
1457 5456 1558 5509 ista
1586 5453 1862 5523 reSpondit

284 5524 366 5580 eis
395 5523 671 5593 Dominus,
718 5524 811 5593 qui
856 5531 1053 5577 terram
1097 5524 1393 5592 sapiebant.
1442 5524 1577 5591 Quid
1614 5525 1729 5578 ait?
1768 5523 1861 5578 Di-

286 5593 429 5645 rebnt
458 5593 532 5645 eis
558 5606 574 5642 :
613 5591 868 5655 l’os,~etc.
904 5613 923 5644 ›

360 5674 379 5697 τ
484 5660 615 5731 Aug.
645 5680 654 5713 :
681 5681 696 5705 α
718 5663 775 5716 Si
808 5663 1031 5715 delectat
1051 5671 1101 5714 te
1128 5662 1377 5726 mundus,
1401 5677 1612 5731 semper
1641 5664 1718 5717 vis
1744 5680 1861 5720 esse

1959 4505 2081 4575 quis
2115 4521 2172 4561 se
2198 4507 2419 4561 mundat
2450 4521 2477 4560 a
2504 4516 2750 4576 peccato,
2778 4516 2928 4563 tanto
2955 4523 3013 4564 sc
3035 4510 3211 4566 elevat
3238 4512 3304 4566 de
3340 4513 3544 4567 mundo

1960 4608 2067 4648 non
2089 4608 2227 4648 esse.
2256 4611 2275 4646 ‹
2331 4593 2520 4648 Merito
2563 4595 2849 4652 audierunt
2894 4595 3102 4652 Judaei:
3146 4598 3446 4654 Moriemim‘
3488 4600 3543 4654 in

1958 4685 2180 4754 peccatis
2218 4685 2397 4739 vestris
2431 4701 2450 4749 ;
2497 4685 2622 4754 quia
2670 4702 2777 4742 non
2822 4687 3021 4744 habere
3070 4695 3351 4758 peccatum
3397 4688 3544 4744 nullo

1960 4778 2120 4831 modo
2147 4776 2415 4846 potuistis,
2446 4777 2538 4847 qui
2566 4792 2687 4832 cum
2731 4785 2952 4847 peccato
2979 4778 3089 4833 nati
3130 4780 3302 4845 estis;
3344 4780 3439 4835 sed
3462 4788 3545 4835 ta-

1961 4881 2107 4931 men,
2126 4867 2170 4920 si
2195 4868 2253 4920 in
2277 4883 2376 4932 me,
2408 4867 2597 4937 inquit,
2630 4866 2978 4932 credideritis,
3025 4882 3147 4922 cum
3175 4876 3397 4937 peccato
3424 4867 3546 4937 qui-

1958 4957 2078 5011 dem
2105 4957 2215 5011 nati
2250 4957 2405 5020 estis,
2451 4957 2545 5012 sed
2589 4957 2643 5011 in
2687 4964 2911 5025 peccato
2946 4963 3128 5011 vestro
3156 4956 3402 5011 morituri
3435 4971 3543 5010 non

1958 5047 2106 5101 estis.
2143 5046 2279 5101 Tota
2320 5062 2449 5117 ergo
2476 5046 2765 5102 infelicitas
2795 5047 2908 5118 ipsa
2944 5055 3085 5113 erat,
3126 5062 3232 5102 non
3260 5053 3542 5118 peceatum

1956 5139 2178 5202 habere,
2204 5141 2297 5194 sed
2325 5140 2376 5193 in
2401 5139 2638 5209 peccatis
2662 5139 2820 5194 mori.
2854 5138 2967 5193 Hoc
3005 5146 3088 5193 est
3112 5137 3255 5207 quod
3282 5136 3439 5193 debet
3461 5136 3544 5191 iu-

1958 5244 2084 5299 gere
2108 5230 2284 5284 omnis
2323 5230 2700 5297 Christianus;
2729 5238 2948 5301 prepter
2981 5229 3084 5284 hoc
3108 5229 3177 5284 ad
3218 5229 3542 5298 baptismum

1968 5385 2272 5456 immundus
2298 5402 2312 5450 ;
2343 5386 2387 5439 si
2416 5394 2594 5456 autem
2632 5386 2743 5456 jam
2774 5399 2878 5439 non
2908 5392 2958 5439 te
2999 5383 3229 5456 delectat
3259 5384 3544 5456 hic__mun-

1966 5454 2086 5525 dus,
2107 5455 2218 5525 jam
2245 5463 2299 5508 tu
2330 5470 2389 5508 es
2418 5452 2666 5509 mundus.
2705 5456 3087 5525 Verumtamen
3112 5455 3158 5508 si
3186 5468 3283 5525 per
3307 5452 3542 5525 aliquam

1969 5522 2334 5579 inﬁrmitatem
2381 5526 2556 5580 adhuc
2601 5532 2653 5577 te
2694 5524 2926 5580 delectat
2975 5522 3225 5587 mundus,
3255 5524 3462 5579 habitet
3486 5522 3541 5575 in

1970 5602 2023 5647 te
2071 5594 2158 5662 qui
2210 5594 2449 5659 mundat,
2490 5603 2544 5648 et
2591 5594 2698 5647 eris
2742 5594 3011 5659 mundus;
3048 5595 3092 5648 si
3142 5605 3320 5648 autem
3375 5590 3542 5649 fueris

1968 5664 2216 5729 mundus,
2246 5680 2348 5717 non
2378 5664 2679 5720 remanchis
2701 5664 2753 5718 in
2785 5664 3000 5730 mundo,
3030 5679 3128 5720 nec
3158 5664 3362 5728 audies,
3386 5670 3489 5716 etc.
3516 5679 3535 5709 ι
