4000 6190
1342 310 1405 367 Β.
1447 307 1509 369 1".
1549 314 1772 371 ALBlNl
1811 312 1941 369 εει]
1979 309 2255 368 ALCUINI
2293 308 2576 367 OPERUM
2614 310 2791 365 PARS
2828 304 2869 365 ll

3627 319 3741 381 ειη

492 423 747 488 curritur,
773 431 987 492 propter
1010 423 1112 478 hoc
1135 422 1226 492 qui
1247 424 1564 494 :egritudine
1587 422 1669 480 vel
1691 423 1905 479 aliunde
1927 425 2069 495 peri—
2096 426 2140 482 Α
2171 420 2312 475 enim
2364 421 2421 475 in
2448 436 2514 476 eo
2545 420 2688 491 quod
2716 420 2966 476 dixerunt
2990 440 3002 475 :
3052 421 3130 476 Tu
3157 425 3273 493 quis
3301 427 3397 479 es?
3436 427 3563 483 nihil
3598 433 3750 490 aliud

486 514 727 577 ditatur,
755 512 856 566 sibi
879 512 1148 567 desiderat
1171 513 1444 569 subveniri
1468 531 1484 580 ;
1523 523 1746 586 propter
1777 515 1880 570 hoc
1907 514 2069 569 etiam

492 615 688 671 augens
730 600 982 670 parvulus
1007 618 1038 656 a
1068 612 1241 659 matre
1277 604 1382 674 piis
1409 607 1657 661 manibus
1683 606 1750 660 ad
1778 605 2070 662 Ecclesiam

493 690 679 754 fertur,
703 705 771 746 ne
793 692 911 746 sine
934 692 1201 762 baptismo
1228 703 1403 759 exeat,
1436 704 1491 748 et
1518 695 1569 748 in
1596 703 1818 764 peccato
1846 694 1936 764 qui
1977 709 2070 748 na-

493 789 578 835 tus
603 787 707 842 est,
737 795 845 836 non
890 783 1152 838 moriatur
1200 782 1358 855 [Aug.
1386 795 1434 838 et
1461 785 1586 849 Ms.,
1634 801 1740 855 quo
1780 794 1938 841 natus
1965 793 2064 849 est,

490 871 793 943 moriatur].
821 873 1077 945 Adjunxit
1101 876 1244 931 enim
1265 876 1449 931 dicens
1473 892 1488 931 :
1536 877 1597 933 Si
1620 894 1720 931 non
1748 878 2070 932 credideritis

487 961 612 1030 quia
636 978 729 1032 ego
756 979 891 1029 sum,
938 966 1231 1020 moriemini
1271 968 1328 1021 in
1368 969 1588 1037 peccatis
1617 970 1812 1023 vestris.
1854 968 1995 1036 Ergo
2024 968 2068 1023 si

488 1051 822 1106 credideritis
846 1055 972 1122 quia
999 1069 1097 1123 ego
1126 1071 1268 1121 sum,
1297 1072 1402 1111 non
1434 1058 1733 1112 moriemini
1758 1060 1809 1111 in
1836 1058 2070 1127 peccatis

489 1141 703 1195 vestris.
734 1159 753 1192 ι
804 1140 1030 1197 Reddita
1073 1153 1159 1198 est
1197 1159 1319 1214 spes
1350 1145 1774 1214 desperantibus,
1815 1146 2069 1199 excitatio

491 1228 633 1284 facta
668 1240 753 1286 est
779 1232 1167 1289 dormientibus
1192 1249 1207 1299 ;
1229 1235 1481 1289 cordibus
1507 1235 1914 1306 evigilaverunt,
1946 1238 2070 1294 inde

489 1319 706 1389 plurimi
753 1323 1115 1389 crediderunt,
1164 1324 1307 1379 sicut
1353 1315 1625 1396 Evangelii
1680 1326 1846 1394 ipsius
1878 1341 2069 1383 conse-

486 1409 704 1480 quentia
733 1418 980 1477 testatur,
1030 1413 1119 1467 ubi
1162 1413 1269 1468 ait:
1321 1410 1452 1470 [ltro
1495 1413 1588 1469 ilio
1617 1414 1870 1486 loquente,
1916 1417 2067 1471 multi

487 1497 816 1554 crediderunt
840 1502 894 1555 in
924 1518 1062 1557 eum.
1092 1503 1148 1558 ln
1178 1503 1278 1560 hoc
1306 1519 1434 1577 ergo
1469 1504 1667 1575 populo
1693 1507 1779 1560 cui
1809 1506 2067 1562 Dominus

413 1645 417 1648 ,
489 1586 822 1658 loquebatur,
852 1601 1006 1646 erant
1051 1594 1141 1663 qui
1183 1595 1235 1648 in
1265 1603 1487 1665 peccato
1514 1611 1612 1651 suo
1663 1595 1874 1651 fuerant
1897 1600 2067 1651 mori-

491 1679 635 1746 turi;
667 1689 824 1735 erant
863 1682 1026 1737 etiam
1060 1685 1149 1753 qui
1192 1686 1246 1739 in
1285 1686 1456 1754 ipsum
1487 1685 1577 1754 qui
1603 1685 1920 1755 loquebatur
1946 1686 2063 1742 fue~

490 1779 609 1825 rant
634 1772 909 1837 credituri,
943 1786 995 1830 et
1036 1777 1104 1831 ab
1151 1778 1294 1831 omni
1323 1786 1545 1846 peccato
1575 1777 1856 1834 liberandi.
1895 1798 1915 1829 ι
1953 1779 2060 1833 Ta-
2097 1755 2137 1812 Β

490 1875 612 1917 Inen
636 1862 738 1918 hoc
763 1866 996 1929 attende,
1022 1866 1184 1939 548
1218 1869 1361 1937 quod
1385 1870 1461 1924 ait
1490 1869 1749 1925 Dominus
1777 1868 2061 1927 Christus:

487 1949 550 2006 Si
575 1968 678 2006 non
712 1954 1039 2011 credideritis
1074 1957 1197 2028 quia
1239 1974 1332 2028 ego
1371 1975 1510 2025 sum,
1545 1960 1838 2013 moriemini
1866 1961 1921 2013 in
1947 1977 2065 2031 pec-

485 2052 601 2098 can
622 2055 806 2100 vestro.
829 2045 968 2114 Quid
990 2056 1096 2113 est,
1121 2050 1166 2104 si
1189 2066 1290 2103 non
1312 2050 1637 2105 credideritis
1661 2052 1784 2121 quia
1799 2068 1892 2121 ego
1910 2067 2023 2106 sum
2041 2052 2067 2107 ?

486 2132 658 2199 Quid?
682 2135 827 2192 Nihil
846 2139 1067 2193 addidit.
1093 2138 1315 2193 Multum
1336 2149 1419 2195 est
1435 2140 1579 2209 quod
1603 2156 1847 2196 common
1857 2142 2017 2196 davil.
2039 2162 2058 2195 ι

491 2224 657 2289 Dixit,
684 2242 777 2297 ego
801 2243 938 2293 sum,
978 2236 1033 2283 et
1069 2245 1176 2283 non
1221 2230 1425 2285 addidit
1452 2230 1597 2300 quid,
1643 2232 1757 2287 sive
1793 2232 2063 2301 Christus,

490 2313 604 2368 sive
633 2313 803 2371 Filius
849 2316 967 2382 Dei,
1018 2318 1131 2373 sive
1161 2318 1249 2373 ille
1286 2335 1443 2388 quem
1489 2316 2067 2390 prophetm‘praadixe-

491 2412 636 2470 runt,
660 2405 773 2461 sive
799 2405 1045 2462 Salvator
1080 2410 1286 2476 mundi,
1316 2411 1429 2465 sive
1454 2409 1641 2484 [aliud]
1672 2412 1894 2482 aliquid,
1922 2415 2066 2483 quod

490 2493 646 2552 deeo
673 2496 725 2550 in
769 2490 1062 2569 seripturis
1102 2499 1317 2570 legitur.
1366 2502 1588 2557 Multum
1632 2512 1734 2569 est,
1786 2503 1929 2573 quod
1966 2505 2061 2571 ait,

489 2587 603 2657 ipse
643 2586 796 2660 μὴ,
844 2588 1086 2663 ipsum]:
1140 2591 1255 2662 Ego
1306 2610 1441 2646 sum.
1494 2591 1625 2659 Quia
1663 2593 1876 2648 dixerat
1922 2593 2065 2650 Deus

488 2675 650 2750 Moysi
674 2696 688 2733 :
721 2678 832 2751 Ego
855 2697 992 2746 sum,
1020 2684 1109 2753 qui
1134 2699 1249 2737 sum
1276 2683 1470 2754 (Ea-od.
1496 2700 1581 2750 lli,
1608 2684 1726 2757 li);
1760 2694 1812 2740 et
1835 2686 1926 2741 hic
1952 2702 2066 2741 mo-

486 2767 587 2825 do:
620 2768 738 2824 Nisi
762 2771 1085 2828 credideritis
1110 2776 1233 2846 quia
1260 2791 1352 2846 ego
1391 2792 1526 2839 sum,
1558 2776 1746 2831 eodem
1776 2778 1941 2833 verbo
1978 2793 2064 2834 es-

485 2860 673 2916 sentia:
697 2862 1037 2932 sempiternae
1062 2879 1192 2920 usus
1219 2875 1300 2920 est
1334 2866 1403 2921 ad
1437 2867 1690 2937 populum
1731 2868 2056 2933 Judmorum,

484 2964 592 3020 quo
637 2959 766 3008 tunc
792 2953 859 3008 ad
910 2953 1128 3026 Moysen
1170 2971 1267 3026 per
1293 2959 1538 3029 angelum
1586 2959 1640 3013 in
1670 2961 1805 3014 rubo
1833 2959 2062 3016 ﬂammae

484 3042 642 3113 ignis,
684 3058 845 3113 quem
876 3045 1136 3101 missurus
1167 3056 1283 3102 erat
1327 3049 1395 3105 ad
1442 3049 1776 3107 liberandum
1807 3053 2060 3123 populum

2168 510 2419 566 dixerunt
2453 526 2613 582 quam
2659 510 2790 580 quid
2828 518 2880 565 te
2917 526 3035 567 esse
3059 513 3378 571 credemus?
3405 516 3692 588 lit-spondit
3728 542 3745 577 :

2169 596 2495 669 Principium
2538 614 2623 655 me
2664 613 2785 655 esse
2810 600 3031 665 credite,
3059 609 3115 656 et
3155 601 3399 659 addidit:
3428 607 3567 678 quod
3594 618 3642 663 et
3664 610 3750 665 lo-

2168 705 2300 760 quor
2324 688 2486 742 vobis.
2530 688 2587 744 id
2620 698 2723 754 est,
2768 691 2893 759 quia
2927 690 3145 746 humilis
3179 702 3401 764 propter
3434 711 3529 752 vos
3569 697 3750 757 factus

2168 778 2235 833 ad
2267 779 2365 832 ista
2414 779 2577 833 verba
2612 779 2883 834 descendi.
2936 778 3071 833 Nam
3113 781 3158 834 si
3190 782 3536 852 principium,
3583 787 3746 845 sicuti

2167 879 2270 935 est,
2298 872 2372 926 ita
2403 879 2646 925 maneret
2691 872 2833 940 apud
2878 872 3089 927 Patrem
3114 880 3175 926 ut
3198 890 3306 930 non
3326 874 3602 946 acciperet
3628 879 3744 934 for-

2168 976 2312 1016 mam
2337 961 2498 1026 servi,
2518 969 2575 1016 et
2599 961 2761 1017 homo
2784 960 3092 1031 loqueretur
3118 964 3447 1030 hominibus,
3475 970 3769 1036 quomoda

2166 1052 2217 1106 ei
2251 1051 2554 1115 crederent,
2583 1065 2706 1105 cum
2735 1051 2948 1105 inﬁrma
2968 1051 3132 1107 corda
3161 1052 3495 1124 intelligibile
3514 1057 3744 1112 verbum

2167 1140 2283 1194 sine
2308 1154 2438 1195 voce
2463 1140 2700 1195 sensibili
2736 1139 2924 1194 audire
2953 1139 3083 1212 [Al.,
3111 1142 3229 1196 sine
3256 1157 3408 1210 voce,
3441 1145 3535 1199 sed
3564 1149 3743 1201 sensi-

2167 1230 2279 1294 bili,
2306 1228 2510 1302 videre]
2556 1244 2661 1284 non
2688 1231 2948 1299 possent?
2996 1231 3155 1299 Ergo,
3185 1233 3378 1303 inquit,
3421 1237 3626 1290 credite
3656 1254 3746 1291 me

2167 1336 2288 1375 esse
2312 1320 2658 1389 principium,
2705 1320 2830 1390 quia
2878 1328 2938 1374 ut
2967 1321 3197 1378 credatis
3227 1338 3335 1378 non
3376 1323 3551 1380 solum
3596 1341 3741 1392 sum,

2166 1411 2262 1466 sed
2281 1418 2336 1465 et
2365 1410 2554 1479 loquor
2579 1411 2751 1465 vobis.

2242 1518 2261 1552 ι
2298 1512 2325 1541 α
2354 1501 2530 1557 Verba
2559 1500 2771 1557 Domini
2813 1502 2984 1555 nostri
3012 1500 3137 1558 Jesu
3171 1501 3374 1558 Christi
3402 1519 3521 1574 qua:
3550 1505 3743 1561 habuit

2166 1605 2292 1646 cum
2326 1588 2545 1655 Judaeis,
2579 1590 2651 1645 ita
2697 1590 2983 1645 moderans
3010 1590 3278 1660 loquelam
3319 1608 3493 1657 suam,
3528 1604 3586 1649 ut
3611 1598 3741 1651 caci

2167 1682 2293 1734 non
2313 1679 2557 1735 viderent
2579 1687 2636 1734 et
2674 1679 2857 1736 ﬁdeles
2882 1680 3069 1737 oculos
3089 1684 3357 1752 aperirent
3394 1683 3568 1757 [Adde
3588 1704 3610 1741 :
3637 1688 3741 1743 ista

2165 1769 2333 1844 sunt].
2373 1770 2624 1826 Dicebant
2666 1787 2787 1843 ergo
2809 1773 2986 1827 Judtei
3006 1786 3025 1825 :
3054 1773 3133 1828 Tu
3166 1776 3282 1846 quis
3315 1778 3412 1832 es?
3433 1781 3557 1847 quia
3582 1780 3742 1837 dixe-

2164 1870 2249 1917 rat
2271 1876 2433 1931 supra
2463 1862 2759 1916 Dominus:
2810 1860 2932 1917 Nisi
2959 1863 3284 1919 credideritis
3322 1868 3447 1936 quia
3473 1884 3565 1937 ego
3600 1887 3737 1932 sum,

2163 1951 2456 2006 moriemini
2486 1953 2541 2005 in
2567 1954 2792 2022 peccatis
2829 1954 3027 2008 vestris.
3070 1954 3153 2010 Ad
3181 1954 3297 2011 haec
3319 1970 3448 2027 ergo
3492 1958 3565 2012 illi
3591 1976 3605 2012 :
3661 1959 3740 2014 Tn

2162 2043 2278 2113 quis
2299 2041 2392 2095 es?
2435 2041 2601 2097 veluti
2624 2050 2926 2112 qurerentes
2956 2058 3132 2111 nosse,
3179 2046 3233 2101 in
3266 2061 3431 2116 quem
3474 2048 3738 2104 deberent

2163 2132 2403 2196 credere,
2433 2146 2502 2188 ne
2531 2133 2586 2186 in
2636 2150 2733 2189 suo
2779 2143 3001 2203 peccato
3041 2145 3399 2191 morerentur.
3442 2137 3740 2209 Respondit

2164 2222 2497 2277 dicentibus:
2534 2221 2611 2276 Tu
2634 2225 2751 2294 quis
2777 2242 2830 2281 es
2846 2224 2872 2278 ?
2897 2231 2951 2279 et
2977 2225 3089 2279 ait:
3133 2221 3479 2296 Principium,
3519 2230 3663 2299 quod
3691 2242 3739 2284 et

2161 2309 2349 2382 loquor
2380 2311 2542 2366 vobis.
2576 2331 2595 2364 ι
2640 2312 2816 2379 Quare
2857 2327 2916 2369 se
2947 2313 3079 2369 dicit
3109 2313 3368 2370 Dominus
3403 2316 3561 2371 Iesus
3584 2318 3739 2387 prin-

2164 2399 2404 2469 cipium?
2451 2400 2587 2468 Quia
2637 2403 2819 2457 omnia
2869 2418 2967 2473 per
3008 2404 3182 2474 ipsum
3229 2404 3369 2460 facta
3419 2417 3565 2473 sunt,
3596 2409 3739 2463 sicut

2163 2488 2410 2545 Psalmus
2433 2489 2584 2562 [Ms.,
2609 2491 2916 2565 Psalmista]
2956 2492 3122 2548 dicit:
3170 2492 3362 2549 Omnia
3398 2497 3454 2550 in
3480 2499 3747 2567 sapientia

2164 2580 2334 2651 fecisti
2363 2580 2587 2652 (Psalm.
2617 2597 2733 2648 cm,
2761 2582 2875 2651 24).
2905 2581 2965 2637 Si
2987 2582 3150 2654 igitur
3175 2585 3358 2639 omnia
3386 2586 3440 2639 in
3474 2588 3741 2656 sapientia

2163 2671 2292 2727 fecit
2321 2672 2479 2737 Deus,
2508 2673 2562 2727 id
2584 2680 2688 2737 est,
2717 2674 2772 2727 in
2812 2672 2948 2729 Filio
2986 2688 3084 2730 suo
3108 2683 3375 2731 coaeterno
3402 2677 3505 2732 sibi
3530 2687 3588 2733 et
3613 2695 3743 2734 con—

2165 2762 2521 2828 substantiali,
2571 2762 2736 2819 Filius
2762 2764 2948 2833 utique
2991 2766 3229 2820 omnium
3271 2767 3594 2837 principium
3632 2779 3739 2824 est.

2164 2852 2415 2923 Nunquid
2453 2862 2507 2908 et
2548 2853 2709 2908 Pater
2755 2863 2931 2924 potest
2977 2854 3082 2909 dici
3128 2854 3503 2925 principium?
3540 2858 3744 2928 Utique

2163 2952 2311 3001 recte
2338 2944 2536 2999 dicitur
2571 2943 2668 3017 [et]
2710 2944 2870 2999 Pater
2896 2944 3235 3014 principium,
3278 2955 3335 3001 et
3379 2945 3555 3003 Filius
3583 2949 3742 3018 prin-

2164 3033 2400 3103 cipium;
2439 3049 2545 3089 non
2575 3044 2752 3088 tamen
2777 3033 2883 3088 duo
2905 3034 3187 3103 principia.
3216 3034 3367 3090 Sicut
3387 3037 3549 3092 Pater
3570 3039 3734 3103 Deus,

484 3106 659 3188 suum.
689 3106 825 3201 Quid
850 3143 933 3191 est
973 3136 1113 3207 quod
1159 3139 1249 3194 hic
1283 3139 1458 3194 dixit:
1508 3141 1621 3213 Ego
1663 3106 1942 3209 ωηιξηΞέ
2089 3106 2137 3171 c
2165 3133 2220 3180 ⁸⁸
2240 3123 2409 3179 Filius
2437 3123 2595 3187 Deus:
2629 3139 2733 3178 "0"
2772 3131 2948 3177 “me”
2995 3123 3102 3178 duo
3129 3125 3223 3189 dii:
3267 3124 3361 3180 sed
3406 3142 3546 3181 """s
3594 3127 3739 3183 De“

484 3222 597 3291 ipse
617 3223 710 3293 qui
747 3232 872 3279 tunc
895 3226 1039 3280 venit
1068 3227 1119 3281 in
1148 3228 1394 3297 angelum
1432 3228 1580 3302 [δίδη
1618 3232 1739 3287 veni
1768 3232 1821 3287 in
1850 3233 2061 3306 angelo]

483 3313 701 3371 mittere
730 3313 942 3386 Moysen
973 3332 1188 3373 servum
1234 3335 1412 3374 meum
1438 3321 1504 3376 ad
1534 3321 1871 3378 liberandum
1899 3339 2063 3394 popu-

485 3405 596 3461 lum
631 3420 850 3472 meum;
903 3421 1003 3478 ego
1032 3408 1146 3477 ipse
1188 3408 1346 3465 modo
1388 3425 1485 3480 per
1536 3413 1798 3482 meipsum
1825 3416 1948 3469 veni
1981 3415 2064 3470 in-

485 3506 759 3564 carnatus,
787 3499 946 3555 homo
970 3500 1144 3581 iactus
1170 3502 1399 3560 liberare
1423 3506 1666 3562 homines
1689 3524 1825 3579 quos
1850 3511 2058 3576 creavi;

484 3587 694 3644 salvare
740 3591 830 3661 qui
873 3594 1068 3662 perditi
1111 3592 1342 3649 fuerant.
1390 3594 1660 3667 Quidquid
1691 3599 1835 3654 enim
1881 3602 2061 3670 aliquo

483 3679 644 3735 modo
671 3683 866 3735 mutari
916 3692 1111 3753 potest,
1143 3684 1224 3739 vel
1271 3685 1323 3739 in
1372 3685 1562 3742 melius
1590 3688 1673 3743 vel
1723 3690 1774 3743 in
1802 3690 2058 3757 deterius,

484 3769 879 3838 quodammodo
901 3771 1128 3825 moritur
1150 3786 1215 3827 eo
1242 3774 1385 3843 quod
1408 3773 1510 3830 fuit
1536 3785 1674 3840 ante,
1716 3779 1840 3833 dum
1873 3779 2060 3851 incipit

486 3857 633 3914 aliud
668 3873 805 3925 esse,
859 3860 944 3916 vel
992 3861 1148 3918 aliter
1193 3880 1310 3921 esse
1361 3880 1521 3936 quam
1569 3867 1688 3924 fuit.
1742 3868 1900 3926 Solus
1933 3885 2061 3927 vero

488 3948 629 4005 Deus
663 3963 874 4020 semper
919 3950 1060 4007 idem
1091 3961 1195 4008 est.
1246 3953 1599 4011 lmmutabilis
1642 3957 1910 4031 [veritas],
1955 3959 2058 4014 im-

488 4043 760 4099 mutabilis
785 4044 1016 4113 bonitas,
1044 4049 1392 4105 immutabilis
1430 4053 1844 4122 sempiternitas,
1868 4055 2062 4109 immu-

486 4135 663 4192 tabilis
690 4145 899 4204 natura,
944 4140 1294 4197 immutabilis
1337 4144 1656 4199 substantia.
1704 4145 1771 4199 Et
1799 4145 2061 4215 quidquid

484 4228 550 4282 de
574 4241 638 4283 eo
662 4226 767 4283 dici
794 4237 992 4298 potest,
1019 4244 1230 4300 semper
1257 4232 1399 4286 idem
1419 4243 1501 4287 est
1526 4234 1666 4301 quod
1704 4233 1806 4288 fuit
1832 4242 1888 4288 et
1917 4235 2059 4304 quod

482 4319 606 4374 erit.
637 4318 865 4376 Prorsus
893 4321 1026 4376 nihil
1064 4322 1208 4377 aliud
1255 4323 1447 4379 melius
1490 4324 1704 4379 videtur
1741 4325 1963 4397 intelligi
2003 4327 2057 4380 in

486 4412 587 4467 hoc
613 4413 798 4479 verbo,
843 4414 986 4482 quod
1030 4414 1106 4469 ait
1151 4414 1444 4471 Dominus:
1494 4415 1606 4487 Ego
1648 4432 1785 4481 sum,
1820 4417 2058 4508 nisi‘ego
2085 4448 2135 4508 Ι)

483 4517 605 4559 sum
646 4502 805 4559 Deus.
854 4503 1149 4560 Moriemini
1200 4506 1252 4560 in
1296 4515 1515 4575 peccato
1549 4513 1747 4561 vestro.
1778 4522 1796 4556 ‹
1849 4504 1956 4560 Sed
1984 4506 2059 4559 illi

483 4608 699 4664 semper
725 4601 940 4649 terrena
969 4597 1254 4666 sapientes,
1291 4604 1342 4650 et
1389 4611 1601 4667 semper
1624 4596 1916 4651 secundum
1941 4611 2060 4651 car-

482 4697 608 4740 nem
636 4682 915 4739 audientes
942 4692 995 4739 et
1021 4685 1421 4754 respondentes,
1453 4687 1580 4756 quid
1604 4686 1654 4740 ei
1678 4687 1965 4742 dixerunt?

552 4775 714 4832 Vsus.
739 4773 828 4829 25.
859 4805 929 4815 —
959 4773 1038 4829 Tu
1064 4776 1179 4847 quis
1214 4792 1267 4831 es
1290 4775 1316 4830 ?
1343 4775 1457 4831 Non
1482 4777 1646 4838 enim,
1678 4791 1798 4831 eum
1836 4776 2016 4832 dixisti
2042 4794 2054 4830 :

486 4864 609 4922 Nisi
632 4864 976 4929 credideritis,
1004 4870 1125 4938 quia
1163 4883 1254 4937 ego
1296 4883 1431 4932 sum,
1464 4867 1732 4928 addidisti,
1766 4868 1886 4935 quis
1911 4881 2059 4921 esses

486 4956 667 5029 [.4ug.,
704 4956 829 5025 quid
867 4954 1059 5028 esses].
1107 4956 1238 5023 Quis
1261 4971 1341 5021 es,
1383 4966 1442 5011 ut
1483 4956 1806 5011 credamus?
1831 4956 1899 5010 Et
1923 4955 2052 5010 ille:

485 5045 832 5116 Principium.
869 5044 1008 5100 Ecce
1034 5045 1176 5114 quod
1204 5053 1307 5109 est,
1337 5059 1476 5100 esse.
1505 5044 1831 5115 Principium
1859 5046 2056 5101 mutari

482 5152 588 5193 non
612 5144 826 5207 potest;
858 5136 1179 5207 principium
1209 5136 1261 5190 in
1299 5151 1357 5191 se
1399 5144 1580 5191 manet
1602 5144 1657 5191 et
1699 5136 1915 5192 innovat
1944 5155 2057 5193 om-

487 5227 613 5291 nia;
641 5226 965 5297 principium
987 5235 1091 5291 est,
1118 5226 1204 5281 cui
1229 5227 1427 5281 dictum
1457 5233 1539 5282 est
1564 5244 1575 5279 :
1609 5225 1686 5279 Tu
1714 5236 1884 5282 autem
1918 5228 2056 5283 idem

486 5316 595 5388 ipse
619 5332 695 5382 es,
742 5324 790 5370 et
842 5317 968 5371 anni
1016 5316 1093 5371 tui
1144 5332 1247 5370 non
1290 5315 1527 5386 deﬁcient
1579 5313 1801 5388 (Psalm.
1838 5333 1912 5382 c1,
1942 5317 2055 5390 28).

490 5402 834 5479 Principium,
862 5408 958 5473 ait,
985 5407 1123 5480 quod
1149 5417 1197 5462 et
1218 5405 1403 5477 loquor
1430 5406 1584 5462 vobis.
1625 5407 1946 5477 Principium
1974 5423 2060 5463 me

2163 3217 2421 3274 dicendus
2453 3227 2568 3284 est;
2607 3219 2685 3273 sic
2734 3216 2892 3272 Pater
2923 3217 3268 3287 principium,
3295 3227 3347 3275 et
3377 3218 3542 3273 Filius
3582 3221 3739 3289 prin-

2161 3308 2380 3379 cipium,
2428 3323 2535 3363 non
2579 3317 2758 3364 tamen
2786 3310 2892 3365 duo
2930 3311 3212 3380 principia,
3264 3312 3356 3367 sed
3379 3327 3539 3366 unum
3579 3312 3742 3381 prin-

2162 3397 2359 3467 cipium
2386 3398 2658 3453 fatendum
2683 3407 2785 3454 est.
2816 3399 2957 3471 Ergo
2996 3408 3051 3454 et
3087 3400 3319 3471 Spiritus
3342 3412 3559 3457 sanctus
3582 3404 3737 3472 prin-

2163 3489 2361 3558 cipium
2387 3496 2490 3553 est,
2518 3504 2622 3544 non
2651 3498 2829 3545 tamen
2855 3491 2959 3545 tria
2993 3491 3276 3561 principia,
3303 3492 3463 3547 Pater
3490 3503 3546 3548 et
3569 3494 3741 3549 Filius

2159 3588 2215 3635 et
2269 3579 2502 3649 Spiritus
2545 3588 2783 3647 sanctus,
2837 3582 2930 3638 sed
2975 3598 3139 3637 unum
3191 3584 3513 3653 principium
3545 3601 3559 3649 ;
3596 3586 3735 3641 s'cut

2160 3669 2324 3730 Pater
2354 3675 2518 3738 Deus,
2545 3673 2716 3727 Filius
2740 3674 2901 3738 Deus,
2929 3674 3163 3744 Spiritus
3187 3686 3407 3731 sanctus
3437 3678 3598 3743 Deus,
3626 3693 3732 3733 non

2160 3776 2339 3824 tamen
2378 3775 2490 3822 tres
2535 3766 2630 3832 dii,
2662 3767 2756 3822 sed
2801 3783 2940 3822 unus
2992 3769 3154 3824 Deus.
3203 3768 3366 3824 Pater
3389 3770 3731 3840 omnipotens

2159 3861 2328 3916 Filius
2350 3861 2708 3930 omnipotens,
2738 3858 2971 3930 Spiritus
2995 3870 3217 3917 sanctus
3236 3863 3595 3933 omnipotens,
3624 3879 3731 3918 non

2160 3959 2339 4006 tamen
2366 3959 2476 4006 tres
2514 3950 2928 4020 omnipotentes,
2968 3951 3063 4006 sed
3103 3965 3242 4007 unus
3283 3952 3643 4022 omnipotens.
3673 3952 3729 4007 Id

2158 4039 2303 4095 enim
2334 4040 2475 4109 quod
2499 4038 2659 4093 Pater
2684 4036 2797 4112 [ad]
2825 4053 2884 4094 se
2908 4046 3011 4103 est,
3039 4039 3180 4094 Deus
3207 4047 3326 4103 est;
3369 4041 3514 4110 quod
3539 4040 3605 4095 ad
3640 4040 3730 4095 Fi-

2158 4130 2288 4184 lium
2318 4136 2418 4193 est,
2462 4128 2621 4183 Pater
2663 4137 2780 4195 est;
2829 4129 2970 4198 quod
2997 4127 3167 4184 Filius
3191 4130 3258 4184 ad
3305 4131 3561 4201 seipsum,
3593 4132 3733 4186 Deus

2158 4229 2271 4287 est;
2302 4221 2442 4290 quod
2477 4235 2507 4274 a
2550 4220 2711 4275 Patre
2739 4229 2841 4287 est,
2890 4220 3058 4277 Filius
3087 4231 3188 4278 est.
3238 4223 3304 4277 Et
3349 4222 3581 4292 Spiritus
3614 4241 3733 4279 san-

2160 4319 2280 4368 ctus
2300 4312 2443 4382 quod
2468 4312 2534 4366 ad
2563 4327 2621 4367 se
2644 4319 2747 4376 est,
2781 4313 2923 4367 Deus
2949 4319 3064 4377 est;
3096 4311 3235 4382 quod
3258 4327 3292 4368 τι
3309 4313 3472 4369 Patre
3495 4325 3549 4369 et
3573 4316 3730 4379 Filio,

2161 4403 2393 4474 Spiritus
2431 4410 2649 4460 sanctus
2690 4415 2807 4459 est:
2849 4405 2973 4474 quia
3022 4403 3199 4461 Patris
3245 4414 3300 4461 et
3334 4406 3455 4462 Filii
3503 4408 3737 4478 Spiritus

2158 4502 2263 4557 cst,
2293 4508 2359 4548 ex
2383 4493 2542 4549 Patre
2568 4501 2624 4547 et
2665 4493 2802 4549 Filio
2839 4494 3002 4567 5&9
3038 4498 3353 4566 procedens,
3399 4501 3559 4556 unius
3601 4500 3731 4555 sub-

2160 4584 2393 4648 stantias,
2430 4584 2733 4654 potestatis,
2783 4585 3079 4655 majestatis
3125 4601 3246 4641 cum
3278 4586 3441 4643 Patre
3481 4597 3536 4644 et
3574 4589 3729 4644 Filio.

2158 4677 2453 4732 Audiamus
2505 4691 2633 4748 ergo
2677 4677 3019 4748 principium,
3074 4681 3218 4748 quod
3266 4679 3507 4751 loquitur
3555 4683 3729 4738 nobis.

2161 4769 2344 4842 (Vsus.
2372 4769 2464 4840 25)
2499 4768 2689 4835 Multa,
2728 4771 2920 4840 inquit,
2956 4771 3117 4826 habeo
3141 4772 3205 4826 de
3241 4773 3385 4828 vobis
3408 4774 3557 4846 loqui
3576 4785 3627 4830 et
3637 4773 3732 4847 ju-

2158 4861 2353 4915 dicare.
2393 4860 2449 4915 In
2477 4860 2582 4914 alio
2624 4875 2753 4915 vero
2783 4859 2901 4915 loco
2945 4860 3119 4915 dixit:
3175 4861 3299 4916 Non
3338 4863 3529 4932 judico
3550 4882 3730 4937 quem-

2157 4965 2332 5021 quam,
2362 4958 2677 5020 przesentem
2718 4948 2835 5019 ejus
2862 4952 3147 5006 ostendens
3171 4952 3480 5018 adventum,
3512 4971 3619 5025 quo
3640 4971 3737 5010 ve-

2157 5039 2238 5093 nit
2262 5038 2489 5104 salvare,
2520 5053 2625 5092 non
2661 5036 2941 5107 judicare:
2973 5041 3097 5109 quia
3135 5051 3377 5106 venerat,
3404 5029 3734 5099 ut'salvaret

2157 5129 2436 5194 mundum,
2467 5143 2572 5183 non
2598 5136 2657 5182 ut
2680 5127 2946 5197 judicaret
2980 5130 3255 5184 mundum.
3286 5151 3304 5182 ι
3356 5132 3511 5200 Quod
3552 5143 3731 5189 autem

2158 5233 2301 5273 nunc
2324 5218 2519 5273 dicitur
2544 5216 2697 5289 μη,
2724 5217 2907 5291 dicit]:
2947 5218 3115 5273 Multa
3148 5219 3309 5275 habeo
3336 5221 3402 5276 de
3423 5224 3567 5277 vobis
3591 5223 3743 5295 loqui

2157 5318 2207 5364 et
2239 5308 2507 5380 judicare,
2533 5310 2793 5379 judicium
2842 5308 3078 5364 futurum
3118 5311 3267 5366 dicit.
3312 5312 3437 5368 Ideo
3462 5315 3606 5369 enim
3643 5329 3732 5372 as-

2156 5399 2357 5465 cendit,
2402 5408 2461 5455 ut
2488 5400 2669 5454 veniat
2701 5400 2945 5471 judicare
2970 5401 3125 5457 vivos
3162 5410 3216 5457 et
3260 5412 3523 5459 mortuos.
3566 5403 3733 5461 Nemo

490 5499 712 5565 credite,
738 5512 806 5553 ne
832 5498 1140 5554 moriamini
1182 5499 1235 5553 in
1262 5499 1500 5567 peccatis
1525 5500 1737 5554 vestris.
1778 5499 2056 5568 Tanquam

2163 5487 2350 5556 iustius
2395 5489 2678 5558 iudicabit,
2730 5507 2890 5561 quam
2933 5491 3029 5562 qui
3076 5491 3271 5562 injuste
3312 5491 3585 5561 judicatus
3624 5499 3727 5548 est.

558 5671 581 5699 ⁸
614 5654 688 5711 Εἰ
718 5657 774 5712 5.
805 5656 962 5727 Aug,
995 5668 1146 5717 tract.
1184 5678 1365 5727 xxxix,
1400 5677 1543 5715 num.
1581 5662 1626 5724 l,
1656 5661 1705 5725 6,
1734 5660 1783 5710 7.

2654 5791 2749 5804 ο-ο..
