4000 6190
305 334 413 395 εδδ

1139 325 1540 382 ΕΧΕΕΕΤΙΩᾹ.
1587 357 1651 366 -—
1689 324 2038 381 COMMENT.
2083 325 2145 382 IN
2181 327 2369 384 JOAN.
2396 361 2462 370 ——
2490 329 2614 384 LIB.
2656 330 2742 385 IV.

3453 333 3560 392 866

321 446 489 502 Multa
516 443 698 506 habeo,
738 439 925 510 inquit,
959 439 1098 511 loqui
1136 450 1184 493 et
1222 439 1464 509 judicare
1489 440 1551 492 de
1579 439 1754 503 vobis;
1794 438 1883 492 sed
1915 445 1960 500 Α
1989 438 2162 510 ligno;
2195 443 2288 496 sed
2333 441 2422 496 illa
2451 442 2724 504 evolutio,
2757 440 3057 496 htuniliatio
3089 442 3204 498 fuit.
3238 443 3384 500 Tunc
3414 450 3560 502 cultu

315 539 407 609 qui
427 553 509 590 me
532 535 692 598 misit,
718 548 877 587 verax
901 542 994 587 est.
1029 532 1238 596 Videte,
1261 529 1707 600 quemadmodum
1737 529 1884 584 Patri

315 631 409 684 det
442 624 595 700 [λιι.
628 623 741 696 dat]
770 623 992 694 gloriam
1015 621 1234 692 aequalis
1260 620 1424 676 Filius
1449 620 1614 674 Patri.
1645 639 1664 672 ι
1690 620 1884 674 Exem—

315 721 461 790 plum
489 719 633 774 enim
655 717 811 772 nobis
851 717 1052 786 praebet
1082 715 1303 785 gloriam
1330 715 1459 769 dare
1500 713 1628 774 Deo,
1657 711 1880 783 gloriam

317 813 410 868 Dei
435 824 698 882 quierere,
727 824 832 862 non
877 817 1139 873 nostram,
1170 805 1322 874 quasi
1358 805 1596 860 diceret:
1641 802 1686 858 Ο
1723 802 1883 857 homo

316 903 504 964 ﬁdelis,
537 900 582 955 si
616 915 716 966 ego
748 898 915 953 Filius
959 897 1136 952 Patris
1179 895 1400 965 aequalis
1440 894 1608 957 Patri,
1654 893 1883 947 consub-

315 991 584 1047 stantialis
629 989 797 1053 Patri,
847 996 1146 1044 coaeternus
1194 987 1363 1049 Patri,
1411 985 1480 1040 do
1513 984 1734 1054 gloriam
1773 982 1822 1036 ei
1850 997 1882 1034 a

315 1097 423 1152 quo
456 1095 598 1144 sum,
636 1077 905 1148 quomodo
951 1086 1003 1130 tu
1043 1078 1303 1146 superbus
1327 1091 1387 1130 es
1412 1073 1550 1143 apud
1579 1088 1700 1128 eum
1729 1072 1884 1142 cujus

313 1187 374 1226 es
402 1185 590 1225 servus
615 1185 628 1221 :
663 1167 852 1231 Multa,
894 1167 1086 1235 inquit,
1117 1166 1277 1219 habeo
1301 1165 1366 1218 de
1391 1164 1532 1218 vobis
1557 1162 1698 1233 loqui
1723 1172 1771 1215 et
1787 1162 1882 1230 ju-

313 1260 508 1321 dicare,
535 1257 624 1312 sed
647 1257 735 1329 qui
760 1272 840 1309 me
866 1255 1024 1319 misit,
1055 1270 1213 1308 verax
1233 1262 1306 1306 est
1330 1269 1349 1317 ;
1377 1259 1632 1320 tanquam
1651 1250 1880 1304 diceret:

313 1348 439 1403 Ideo
467 1362 650 1402 verum
697 1345 836 1407 dico,
880 1344 1002 1412 quia
1050 1342 1215 1396 Filius
1242 1341 1465 1401 veracis,
1499 1339 1696 1393 veritas
1741 1353 1879 1392 sum.

313 1441 478 1498 Pater
515 1453 679 1493 verax
705 1444 805 1500 est,
845 1436 1010 1489 Filius
1042 1435 1257 1488 veritas.
1295 1451 1312 1483 ι
1364 1432 1454 1485 Ait
1479 1431 1621 1484 enim
1649 1429 1880 1499 apertis-

313 1534 451 1590 sime
477 1533 590 1602 ipse
628 1529 882 1584 Dominus
904 1545 916 1579 :
949 1526 1060 1596 Ego
1085 1542 1200 1578 sum
1227 1526 1330 1586 via,
1363 1532 1412 1576 et
1446 1524 1654 1584 veritas,
1679 1530 1728 1573 et
1754 1521 1878 1574 vita.

315 1626 456 1695 Ergo
479 1624 523 1678 si
551 1622 719 1676 Filius
755 1619 973 1682 veritas,
1016 1617 1177 1670 Pater
1200 1615 1350 1684 quid,
1380 1615 1483 1669 nisi
1514 1612 1657 1683 quod
1685 1612 1762 1664 ait
1785 1625 1881 1664 ve-

314 1715 451 1768 ritas
474 1731 486 1766 :
535 1712 637 1776 Qui
665 1725 744 1763 me
770 1708 931 1771 misit,
960 1721 1116 1760 veras:
1141 1714 1212 1758 est
1235 1704 1260 1756 Ρ
1286 1702 1453 1757 Filius
1475 1701 1690 1764 veritas,
1720 1700 1883 1753 Pater

1985 527 2160 584 factus
2192 541 2275 584 est
2295 529 2439 586 Patri
2473 532 2728 586 obediens
2749 546 2916 601 usque
2952 532 3021 586 ad
3047 541 3298 598 mortem,
3329 544 3557 589 morti-ni

1984 628 2160 674 autem
2191 620 2366 674 crucis
2398 618 2650 692 (Philipp.
2683 636 2744 683 ll,
2773 620 2851 692 8).
2883 619 3107 690 Propter
3133 623 3276 691 quod
3301 623 3562 678 exultavit

1985 709 2132 762 illum
2168 709 2329 763 Deus.
2363 729 2381 761 ι
2411 709 2594 763 Altera
2625 710 2880 764 exaltatio
2918 709 3040 774 fuit,
3069 712 3282 779 quando
3318 711 3558 767 elevatus

1983 807 2068 852 est
2095 798 2147 851 iu
2181 814 2427 864 crucem;
2462 799 2629 854 altera
2669 801 2794 854 dum
2839 801 3081 855 ascendit
3119 801 3174 854 in
3216 801 3429 856 cmlum.
3461 802 3554 856 Illa

1983 887 2388 952 humiliationis,
2419 889 2518 942 ista
2539 889 2959 959 gloriﬁcmionis.
2984 907 3002 940 ι
3026 890 3411 946 Exaltationem
3434 908 3561 948 cru-

1980 987 2062 1042 cis
2087 985 2367 1056 oportebat
2394 983 2605 1051 impleri
2649 999 2747 1053 per
2785 999 2970 1038 eorum
3018 1001 3209 1040 manus
3237 988 3327 1055 qui
3369 997 3557 1057 postca

1981 1075 2194 1131 fuerant
2217 1074 2492 1137 credituri,
2523 1074 2716 1142 quibus
2738 1073 2867 1127 dicit
2895 1090 2908 1126 :
2933 1072 3063 1127 Cum
3083 1075 3432 1130 exultaveritis
3461 1077 3560 1131 Fi-

1979 1165 2108 1220 lium
2137 1164 2380 1228 hominis,
2425 1172 2546 1216 tunc
2575 1162 2889 1232 cognoscetis
2925 1163 3050 1232 quia
3079 1178 3171 1231 ego
3214 1179 3351 1216 sum.
3380 1163 3561 1230 Quare

1981 1258 2102 1321 hoc,
2134 1257 2234 1311 nisi
2279 1265 2339 1309 ut
2366 1270 2524 1309 nemo
2553 1255 2862 1323 desperaret
2905 1255 2958 1308 in
2989 1270 3308 1325 quocunque
3355 1257 3562 1313 scelere

1948 1389 1957 1397 .
1982 1346 2120 1400 male
2144 1345 2292 1418 [sibi]
2317 1346 2588 1408 conscius,
2613 1343 2826 1413 quando
2841 1344 3056 1399 videbat
3077 1346 3156 1400 eis
3177 1347 3363 1400 donari
3387 1349 3561 1402 homi-

1981 1436 2204 1500 cidium,
2231 1437 2322 1505 qui
2371 1437 2683 1491 occiderant
2724 1434 3031 1489 Christum?
3066 1456 3084 1488 ι
3115 1437 3333 1492 Addidit
3367 1455 3379 1491 :
3415 1438 3559 1493 Tunc

1981 1529 2294 1598 cognoscetis
2342 1529 2466 1599 quia
2511 1545 2602 1598 ego
2646 1544 2783 1582 sum.
2831 1527 2966 1594 Quid
3012 1537 3115 1594 est,
3166 1545 3256 1600 ego
3313 1547 3422 1596 um,
3454 1533 3559 1586 nisi

1982 1619 2140 1672 unius
2169 1619 2481 1673 substantia:
2500 1634 2620 1672 cum
2648 1618 2840 1673 Patre?
2872 1619 3022 1674 Sicut
3049 1628 3102 1675 et
3126 1621 3195 1674 ad
3225 1620 3442 1691 Moysen
3468 1637 3560 1676 su-

1983 1709 2162 1779 perius
2206 1710 2456 1772 diximus,
2512 1709 2713 1764 dictum
2757 1726 2875 1765 esse
2910 1729 2922 1764 :
2957 1711 3070 1781 Ego
3113 1729 3252 1777 sum,
3285 1715 3374 1784 qui
3418 1731 3556 1769 sum.

315 1819 498 1858 νει-ιι.
537 1822 555 1854 ›
595 1801 746 1855 Sicut
769 1814 797 1852 a
825 1798 985 1852 Patre
1025 1795 1212 1858 Filius,
1244 1793 1316 1846 ita
1363 1807 1394 1845 a
1437 1791 1616 1846 veraci
1658 1791 1875 1845 veritas.
1907 1789 1956 1849 B
1986 1801 2160 1856 Verbo
2189 1801 2524 1856 substantiali
2551 1802 2721 1856 utitur
2749 1803 2814 1856 de
2839 1804 3016 1873 seipso
3047 1804 3323 1869 Dominus,
3369 1814 3430 1861 ιιι
3470 1808 3560 1864 in-

313 1894 476 1948 Pater
501 1907 658 1946 verax
688 1899 792 1953 est,
829 1887 920 1942 sed
953 1902 1056 1941 non
1089 1902 1120 1939 a
1159 1885 1423 1947 veritate;
1466 1883 1633 1936 Filius
1662 1881 1878 1944 veritas,

312 1984 410 2038 sed
441 2000 469 2036 a
511 1983 690 2044 Patre,
716 1979 866 2049 quasi
905 1976 1037 2049 [Al.,
1068 1975 1214 2047 quia]
1243 1975 1408 2028 Filius
1433 1989 1462 2026 a
1492 1973 1668 2035 Patre,
1714 1987 1818 2026 non
1849 1987 1882 2025 a

313 2076 512 2143 seipso.
543 2073 607 2125 Et
635 2072 755 2125 ideo
782 2067 901 2141 [ait]
938 2066 1044 2121 alio
1082 2066 1200 2121 loco
1226 2084 1238 2117 :
1267 2064 1312 2116 Α
1352 2080 1431 2118 me
1469 2064 1579 2132 ipso
1611 2078 1713 2114 non
1744 2062 1878 2124 veni,

312 2165 496 2224 idest,
526 2177 554 2214 a
584 2177 670 2215 me
699 2160 812 2229 ipso
853 2174 959 2213 non
988 2173 1124 2212 sum.
1174 2155 1336 2210 Pater
1360 2154 1544 2222 utique
1586 2168 1748 2207 verax
1777 2160 1878 2214 est,

314 2268 422 2309 non
448 2250 810 2322 participando
837 2249 1046 2304 veritati
1072 2245 1222 2320 [Ms.,
1259 2241 1586 2314 veritatem],
1611 2242 1702 2296 sed
1723 2256 1882 2312 gene-

313 2342 486 2396 rando
519 2341 841 2403 veritatem;
885 2337 1009 2407 quia
1055 2337 1214 2391 Pater
1240 2336 1422 2405 genuit
1443 2333 1656 2395 Filium,
1688 2331 1780 2400 qui
1815 2331 1883 2386 de

313 2449 376 2490 se
416 2433 534 2502 ipso
580 2433 702 2484 ait:
752 2429 863 2499 Ego
890 2445 1006 2481 sum
1052 2429 1133 2481 via
1173 2435 1219 2478 et
1265 2426 1472 2478 veritas.
1525 2423 1660 2476 Cum
1701 2429 1881 2474 autem

311 2525 539 2581 dixisset
565 2522 817 2576 Dominus
849 2519 1021 2581 Jesus,
1052 2533 1208 2571 verax
1231 2525 1328 2580 est,
1358 2517 1446 2586 qui
1471 2531 1551 2568 me
1579 2514 1737 2576 misit,
1775 2526 1881 2565 non

310 2614 689 2671 intellexerunt
715 2610 812 2674 illi,
840 2609 982 2678 quod
1005 2608 1072 2662 de
1093 2606 1257 2660 Patre
1281 2605 1360 2660 eis
1388 2603 1619 2666 dicebat,
1652 2600 1880 2654 necdum

312 2707 615 2761 habuerunt
637 2702 820 2757 oculos
846 2698 1024 2754 cordis
1069 2705 1303 2766 apertos,
1336 2703 1396 2748 ut
1436 2691 1730 2761 intelligere
1758 2704 1880 2758 pos-

310 2804 434 2852 sent
460 2794 816 2866 :nqnalitatem
841 2790 1050 2845 veracis
1076 2797 1132 2843 et
1153 2785 1416 2842 veritatis.

384 2889 550 2943 Vens.
569 2886 658 2941 28.
680 2913 750 2924 —-
768 2883 981 2936 Dicebat
1005 2869 1041 2934 Ι
1045 2897 1160 2935 esus
1189 2879 1351 2932 turbis
1371 2875 1678 2930 Juda’orum
1702 2885 1719 2922 :
1747 2868 1880 2924 Cum

309 2976 658 3032 exultaverim
708 2971 906 3027 Filium
955 2970 1198 3033 hominis,
1247 2977 1366 3020 tunc
1409 2962 1728 3034 cognoscetis
1754 2961 1879 3031 quia

311 3088 406 3142 ego
430 3086 565 3134 sum,
595 3075 643 3122 et
687 3083 719 3120 a
763 3081 842 3119 me
875 3067 984 3134 ipso
1013 3063 1151 3132 facio
1179 3060 1308 3114 nihil
1335 3072 1352 3108 :
1383 3058 1471 3111 sed
1518 3058 1653 3110 sicut
1699 3052 1876 3107 docuit

309 3139 396 3214 me
419 3157 598 3221 Pater,
619 3154 728 3208 ha'c
763 3153 965 3222 loquor.
1003 3169 1020 3200 ι
1058 3162 1082 3189 α
1111 3147 1246 3214 Quid
1269 3154 1350 3200 est
1384 3145 1526 3199 hoc?
1556 3141 1699 3195 Nihil
1733 3139 1877 3194 enim

312 3251 460 3308 aliud
487 3248 694 3304 videtur
721 3245 938 3310 dixisse,
970 3242 1071 3296 nisi
1101 3255 1191 3295 eos
1234 3247 1353 3308 post
1390 3237 1692 3306 passionem
1726 3245 1878 3286 suam

309 3343 619 3415 cognituros
646 3337 772 3408 quid
793 3343 937 3392 esset
957 3334 1138 3406 [Aug.,
1156 3332 1276 3401 quis
1289 3327 1472 3400 esset].
1499 3325 1693 3380 Procul
1718 3323 1881 3381 dubio

310 3451 442 3507 ergo
486 3431 701 3487 videbat
736 3430 807 3484 ibi
858 3427 1065 3495 aliquos
1117 3439 1252 3493 quos
1298 3423 1413 3490 ipse
1443 3419 1704 3492 [noverat,
1747 3432 1880 3486 quos

311 3524 448 3598 ipse]
479 3537 600 3578 cum
637 3519 846 3576 caeteris
873 3516 1073 3573 sanctis
1112 3514 1225 3569 suis
1243 3520 1376 3567 ante
1413 3511 1594 3566 mundi
1623 3509 1883 3564 constitu-

311 3617 514 3670 tionem
557 3610 885 3682 praesciendo
931 3607 1184 3677 elegerat,
1220 3610 1344 3673 post
1388 3601 1688 3671 passionem
1728 3615 1878 3654 suam

312 3719 436 3760 esse
460 3701 779 3756 credituros.
809 3698 914 3768 ipsi
943 3705 1067 3752 sunt
1093 3695 1170 3748 illi
1199 3708 1333 3763 quos
1360 3691 1569 3746 assidue
1604 3703 1878 3743 commcn-

316 3799 506 3852 damus
546 3800 600 3848 et
641 3792 708 3847 ad
743 3791 1093 3846 imitationem
1121 3802 1244 3842 cum
1281 3800 1474 3854 magna
1509 3779 1881 3836 exhortatione

315 3885 680 3956 proponimus.
743 3881 904 3935 Misso
959 3879 1188 3947 desuper
1247 3875 1448 3943 Spiritu
1513 3877 1696 3924 sancto
1759 3874 1882 3936 post

316 3976 526 4031 Domini
570 3973 872 4043 passionem
925 3977 982 4024 et
1028 3964 1477 4020 resurrectionem
1516 3967 1572 4012 et
1604 3956 1880 4011 ascensio-

317 4082 474 4131 nem,
525 4078 648 4119 cum
696 4057 950 4113 miracula
1006 4055 1198 4110 tierent
1225 4053 1278 4106 in
1306 4050 1422 4119 ejus
1463 4047 1696 4113 nomine,
1721 4059 1880 4115 quem

319 4167 571 4224 tanquam
637 4156 906 4202 mortuum
959 4149 1340 4214 persequentes
1404 4138 1570 4192 Judaei
1641 4144 1882 4192 contem-

315 4250 569 4315 pserunt,
632 4235 936 4306 compuncti
984 4241 1110 4288 sunt
1150 4233 1313 4287 corde
1371 4229 1517 4301 (Act.
1560 4245 1622 4292 ιι,
1655 4227 1778 4296 57);
1828 4233 1882 4279 et

317 4337 409 4407 qui
461 4331 737 4388 saevientes
789 4327 1130 4389 occiderunt,
1189 4322 1376 4378 mutati
1419 4319 1792 4380 crediderunt;
1827 4322 1882 4368 et

1982 1890 2251 1960 telligatur
2274 1899 2530 1945 aeternam
2559 1907 2676 1947 esse
2713 1895 3088 1960 substantiam,
3119 1906 3172 1950 et
3202 1912 3363 1951 unam
3398 1898 3562 1970 550

1981 1999 2100 2039 esse
2128 1984 2480 2038 substantiam
2513 1984 2689 2040 Patris
2715 1993 2767 2040 et
2787 1985 2928 2040 Filii.
2959 1987 3156 2042 Tamen
3181 2004 3246 2042 ne
3270 1989 3382 2058 ipse
3407 1991 3555 2045 intel-

1981 2075 2234 2143 ligeretur
2270 2073 2450 2138 Pater,
2478 2075 2731 2128 continuo
2766 2075 3003 2144 adjunxit
3035 2093 3048 2130 :
3075 2078 3142 2131 Et
3174 2097 3205 2132 a
3229 2096 3308 2132 me
3336 2081 3448 2150 ipso
3469 2081 3556 2150 fa-

1981 2164 2060 2215 cio
2092 2160 2238 2225 nihil,
2263 2161 2351 2215 sed
2378 2163 2515 2214 sicut
2543 2162 2718 2214 docuit
2747 2179 2824 2214 me
2849 2161 3027 2228 Pater,
3051 2164 3162 2218 ha-‘c
3182 2164 3382 2235 loquor.
3408 2166 3558 2232 Quod

1983 2266 2109 2305 vero
2145 2251 2262 2302 ait:
2290 2250 2332 2301 Α
2375 2251 2566 2320 meipso
2605 2251 2742 2320 facio
2793 2251 2940 2323 nihil.
2972 2251 3110 2318 Quid
3149 2264 3253 2318 est,
3292 2253 3335 2306 Α
3367 2257 3560 2324 meipso

1981 2338 2120 2409 facio
2165 2337 2334 2392 nihil?
2357 2337 2411 2392 ld
2443 2349 2552 2403 est,
2584 2354 2614 2392 a
2643 2340 2844 2407 meipso
2873 2355 2976 2393 non
3006 2356 3145 2396 sum.
3195 2341 3344 2408 Quod
3382 2344 3560 2398 autem

1981 2430 2184 2484 addidit
2212 2444 2227 2482 :
2257 2429 2404 2484 Sicut
2455 2431 2632 2483 docuit
2673 2447 2755 2484 me
2786 2428 2966 2494 Pater,
3002 2430 3111 2484 ha’c
3140 2431 3342 2502 loquor,
3373 2448 3562 2488 sensus

1981 2519 2272 2573 altissimus
2300 2527 2399 2572 est.
2426 2517 2531 2572 Cor
2559 2520 2701 2572 enim
2731 2519 3116 2577 mundandum.
3148 2531 3206 2573 ut
3235 2522 3562 2592 intelligatur

1981 2609 2122 2678 quod
2168 2608 2242 2661 ait
2280 2626 2292 2660 :
2327 2606 2470 2661 Sicut
2511 2607 2687 2660 docuit
2735 2624 2813 2660 me
2851 2605 3034 2672 Pater,
3086 2610 3161 2662 sic
3208 2609 3426 2678 loquor;
3455 2627 3560 2666 non

1979 2703 2121 2757 enim
2151 2701 2223 2754 ita
2254 2699 2650 2768 intelligendum
2675 2707 2774 2763 est,
2801 2700 2952 2767 quasi
2982 2700 3142 2754 homo
3169 2700 3331 2754 Pater
3352 2702 3558 2756 homini

1980 2791 2116 2846 Filio
2139 2791 2450 2860 loqueretur
2479 2803 2494 2842 :
2518 2789 2612 2843 sed
2634 2789 2983 2844 excellentius
3006 2798 3059 2843 et
3078 2792 3360 2845 sacratius.
3387 2792 3560 2846 Aliter

1982 2898 2109 2937 vero
2123 2881 2527 2951 intelligendum
2541 2889 2622 2935 cst
2636 2879 2777 2949 quod
2791 2879 2864 2934 ait
2879 2880 3203 2949 evangelista
3234 2899 3246 2933 :
3281 2880 3347 2934 In
3363 2883 3555 2951 princi-

1978 2973 2064 3041 pio
2086 2980 2198 3025 erat
2222 2968 2474 3034 Verbum;
2496 2978 2551 3023 et
2571 2970 2728 3023 aliter
2748 2968 3169 3040 intelligendum,
3195 2969 3414 3025 Verbum
3438 2987 3560 3027 caro

1982 3061 2181 3131 factum
2205 3070 2299 3114 est.
2325 3059 2493 3114 Aliter
2518 3061 2584 3114 de
2609 3059 2886 3114 divinitate
2914 3059 3136 3124 Christi,
3167 3061 3218 3114 in
3243 3078 3348 3131 qua
3374 3079 3557 3132 mqua-a

1983 3153 2050 3208 lis
2087 3161 2169 3208 est
2200 3152 2308 3207 Deo
2348 3151 2527 3216 Patri;
2559 3150 2714 3205 aliter
2741 3151 2807 3205 de
2837 3152 3167 3205 humanitate
3207 3152 3342 3221 ejus,
3375 3155 3429 3208 in
3455 3170 3558 3222 qua

1980 3245 2276 3300 consimilis
2311 3251 2394 3298 est
2423 3243 2594 3297 nobis.
2626 3242 2978 3312 Cogitandum
3004 3252 3088 3298 est
3125 3259 3230 3298 non
3261 3261 3367 3298 uno
3403 3244 3562 3304 modo

1981 3337 2382 3407 intelligendum
2412 3336 2708 3404 esse,quod
2741 3336 2813 3390 ait
2845 3335 3102 3390 Dominus
3132 3354 3144 3388 :
3173 3336 3287 3406 Ego
3323 3347 3371 3390 et
3401 3334 3557 3392 Pater

1981 3444 2143 3481 unum
2171 3443 2349 3481 sumus
2380 3425 2560 3499 (Joan.
2593 3441 2646 3490 x,
2683 3425 2866 3496 50),et
2885 3425 3010 3479 illud
3029 3426 3171 3494 quod
3191 3426 3324 3480 dixit
3353 3443 3364 3478 :
3400 3424 3561 3482 Pater

1980 3518 2154 3588 major
2174 3533 2253 3571 me
2270 3527 2342 3570 est
2358 3515 2541 3585 (Joan.
2566 3531 2673 3574 xw.
2689 3514 2802 3584 28).
2828 3533 2846 3564 ι
2878 3515 3017 3583 Ergo
3043 3515 3451 3583 incorporaliter
3471 3529 3562 3570 co-

1980 3607 2179 3677 gitetur
2201 3605 2360 3658 Pater
2382 3605 2591 3657 locutus
2637 3602 2792 3664 Filio,
2821 3602 2945 3668 quia
2976 3601 3384 3669 incorporaliter
3399 3601 3562 3658 Pater

1981 3698 2164 3767 genuit
2180 3697 2394 3749 Filium.
2415 3693 2522 3745 Nec
2535 3706 2654 3744 eum
2678 3691 2756 3744 sic
2776 3689 2976 3752 docuit,
2993 3691 3145 3758 quasi
3176 3690 3444 3747 indoctum
3472 3708 3562 3764 ge-

1981 3784 2180 3838 nuerit:
2198 3783 2288 3835 sed
2303 3783 2406 3834 hoc
2426 3787 2508 3834 est
2526 3793 2648 3832 eum
2663 3777 2930 3845 docuisse,
2945 3779 3086 3848 quod
3105 3788 3181 3834 esl
3199 3781 3455 3838 scientem
3472 3797 3563 3854 ge-

1982 3872 2193 3932 nuisse;
2223 3878 2277 3922 et
2308 3869 2412 3922 hoc
2439 3875 2538 3930 est,
2576 3866 2754 3919 docuit
2800 3883 2880 3920 me
2907 3865 3087 3932 Pater,
3128 3871 3271 3939 quod
3305 3871 3562 3929 scientem

1982 3979 2067 4016 me
2079 3961 2239 4016 Pater
2263 3958 2464 4029 genuit.
2495 3957 2550 4011 Si
2573 3957 2735 4019 enim,
2753 3957 2894 4024 quod
2921 3960 3074 4026 pauci
3093 3960 3416 4028 intelligunt,
3436 3965 3562 4018 sim-

1981 4051 2100 4120 plex
2113 4057 2196 4104 est
2208 4057 2395 4102 natura
2413 4046 2674 4110 veritatis,
2691 4046 2793 4100 hoc
2810 4053 2891 4098 est
2917 4046 3052 4100 Filio
3065 4062 3205 4112 esse,
3223 4052 3363 4116 quod
3383 4067 3560 4107 nosse.

1979 4141 2062 4194 Ab
2091 4138 2177 4193 illo
2205 4152 2333 4208 ergo
2383 4137 2542 4191 habet
2568 4135 2708 4206 quod
2738 4136 2962 4201 noverit,
2993 4153 3019 4188 a
3045 4151 3150 4206 quo
3179 4137 3342 4193 habet
3374 4149 3433 4194 ut
3461 4142 3560 4208 sit;

1981 4248 2086 4286 non
2117 4241 2176 4284 ut
2204 4232 2354 4301 prius
2396 4231 2464 4286 ab
2510 4229 2600 4282 illo
2627 4236 2792 4292 esset,
2824 4237 2878 4282 et
2905 4230 2971 4282 ab
2998 4229 3087 4282 illo
3129 4239 3315 4299 postea
3343 4240 3558 4286 nosset:

1981 4323 2075 4377 sed
2097 4321 2546 4392 quemadmodum
2578 4319 2650 4373 illi
2692 4318 2955 4388 gignendo
3003 4319 3150 4374 dedit
3186 4328 3244 4373 ut
3285 4329 3449 4385 esset,
3481 4322 3562 4380 sic

317 4405 478 4498 quem
522 4419 833 4490 sanguinem
857 4415 1123 4471 saeviendo
1151 4412 1418 4507 fuderunt.
1447 4405 1880 4507 credendOl’ibe-
1908 4448 1957 4507 Β
1981 4413 2245 4484 gignendo
2266 4412 2410 4466 dedit
2435 4419 2494 4465 ut
2519 4419 2732 4471 nosset;
2771 4409 2893 4477 quia
2917 4408 3175 4477 simplicis
3198 4409 3452 4464 indicium
3479 4423 3563 4468 est

320 4524 447 4572 runt
498 4514 635 4585 (Act.
672 4528 744 4575 iv,
772 4509 859 4580 4);
901 4508 990 4562 illa
1043 4507 1144 4560 tria
1172 4504 1359 4568 millia,
1409 4512 1464 4557 et
1513 4501 1604 4554 illa
1648 4499 1884 4568 quinque

321 4608 482 4663 millia
513 4604 818 4660 Judreorum
845 4615 979 4670 quos
1005 4598 1077 4654 ibi
1105 4597 1336 4658 videbat,
1379 4594 1589 4663 quando
1632 4591 1882 4647 dicebat:

320 4695 450 4750 Cum
476 4693 822 4750 exaltaveritis
868 4688 1068 4742 Filium
1116 4687 1360 4749 hominis,
1406 4694 1527 4738 tunc
1573 4681 1885 4751 cognoscezis

318 4786 442 4857 quia
469 4801 560 4854 ego
584 4798 732 4845 sum;
761 4791 1014 4848 tanquam
1037 4776 1222 4831 dicens
1252 4793 1264 4828 :
1307 4773 1503 4829 Diﬂ‘ero
1528 4773 1887 4842 cognitionem

322 4885 576 4941 vestram,
601 4881 659 4927 ut
683 4873 932 4942 impleam
952 4869 1253 4939 passionem
1275 4880 1478 4930 meam;
1500 4865 1690 4920 ordine
1709 4871 1889 4917 vestro

322 4965 654 5037 cognoscetis
676 4964 769 5034 qui
795 4963 916 5018 sim.
941 4961 1056 5016 Non
1085 4961 1209 5029 quia
1234 4973 1419 5012 omnes
1442 4965 1571 5010 tunc
1597 4963 1752 5009 erant
1774 4967 1891 5006 cre—

325 5059 484 5115 dituri
522 5074 588 5114 ex
613 5059 699 5112 his
725 5058 816 5126 qui
838 5056 1144 5118 audiebant,
1174 5054 1228 5108 id
1255 5061 1357 5115 est,
1387 5059 1506 5120 post
1534 5047 1744 5103 Domini
1770 5061 1890 5116 pas-

325 5151 530 5204 sionem
558 5165 575 5202 :
608 5163 732 5202 nam
763 5146 921 5216 paulo
967 5154 1092 5200 ante
1117 5143 1288 5215 [Leg.,
1315 5142 1473 5212 paulo
1525 5138 1666 5210 post]
1716 5137 1844 5192 dicit
1871 5154 1888 5190 .-

330 5237 457 5292 Ηωε
487 5255 548 5293 eo
593 5236 834 5308 loquente
880 5235 1031 5290 multi
1062 5234 1389 5289 crediderunt
1416 5231 1471 5284 in
1497 5246 1645 5295 eum;
1679 5236 1734 5284 et
1760 5241 1892 5281 non-

323 5329 452 5384 dum
510 5325 779 5381 exaltatus
829 5331 948 5379 erat
999 5323 1142 5378 ﬁlius
1184 5320 1434 5377 hominis.
1502 5317 1891 5372 Exaltationem

325 5416 525 5486 quippe
567 5416 700 5471 dicit
741 5413 1026 5485 passionis,
1066 5427 1173 5466 non
1219 5412 1656 5482 gloriﬁcationis;
1696 5413 1889 5478 crucis,

328 5520 439 5562 non
469 5505 758 5568 eelimam
785 5504 856 5559 ibi
903 5502 1170 5559 exaltatus
1195 5513 1298 5569 est,
1326 5505 1543 5572 quiando
1565 5505 1814 5575 pependit
1839 5505 1894 5560 in

401 5637 428 5664 ο
458 5623 533 5692 Ex
565 5621 624 5678 S.
647 5624 806 5692 Aug,
834 5628 1107 5692 tractht,
1139 5635 1285 5692 num.
1317 5619 1373 5684 2,
1398 5621 1450 5685 5,
1475 5621 1529 5685 6,
1559 5623 1613 5683 8,
1639 5624 1690 5678 9.

401 5693 430 5733 δ
459 5691 559 5745 Ms.
591 5707 608 5743 :
644 5713 660 5744 ι
690 5688 824 5757 Quia
847 5689 1120 5761 simplicis,
1149 5699 1207 5743 ut
1229 5689 1427 5743 dictum
1453 5700 1553 5756 est,
1583 5703 1785 5748 natura
1808 5710 1892 5750 ve-

1986 4515 2192 4560 naturre
2233 4503 2476 4558 veritatis
2501 4500 2618 4572 [ΑΙ.
2652 4499 2883 4571 veritas]
2914 4508 2994 4553 est
3021 4500 3068 4564 ιι,
3097 4514 3216 4554 esse
3268 4509 3322 4555 et
3353 4519 3512 4559 nosse
3541 4522 3556 4558 :

1986 4613 2090 4652 non
2137 4603 2219 4650 est
2268 4595 2412 4648 aliud
2454 4602 2614 4662 atque
2657 4593 2821 4655 aliud,
2865 4593 2960 4646 sed
2989 4592 3091 4648 hoc
3129 4594 3322 4663 ipsum.
3363 4612 3380 4646 ι
3420 4595 3562 4650 Dixit

1985 4702 2114 4756 ergo
2150 4687 2254 4740 ista
2289 4682 2486 4738 Iudaeis
2527 4692 2581 4736 et
2627 4683 2830 4736 addidit
2861 4701 2874 4735 :
2906 4683 3090 4753 (Vens.
3119 4683 3232 4753 29.)
3260 4683 3328 4737 Et
3366 4686 3455 4754 qui
3481 4702 3560 4739 me

1987 4777 2144 4838 misit,
2176 4789 2376 4828 mecum
2420 4781 2516 4826 est.
2561 4771 2680 4826 Jam
2727 4772 2828 4827 hoc
2874 4781 3031 4826 antea
3061 4773 3289 4837 dixerat,
3317 4775 3411 4829 sed
3445 4790 3559 4829 rem

1987 4879 2232 4933 magnam
2275 4863 2489 4918 assidue
2516 4870 2902 4916 commemorat
2928 4879 2940 4915 :
2977 4861 3120 4916 Misit
3149 4879 3248 4926 me,
3280 4873 3328 4916 et
3359 4880 3558 4918 mecum

1986 4967 2080 5010 est.
2119 4954 2177 5010 Si
2221 4968 2348 5022 ergo
2396 4961 2572 5007 tecum
2599 4960 2699 5016 est,
2726 4967 2760 5006 o
2784 4950 3026 5015 Domine,
3061 4965 3166 5006 non
3191 4966 3329 5006 unus
3357 4952 3425 5006 ab
3454 4951 3560 5006 alio

1988 5049 2184 5101 missus
2211 5053 2315 5108 est,
2355 5043 2448 5097 sed
2478 5043 2636 5096 ambo
2673 5041 2916 5095 venistis.
2958 5041 3024 5093 Et
3053 5049 3228 5094 tamen
3255 5055 3376 5095 cum
3401 5041 3561 5096 ambo

1988 5137 2147 5190 simul
2193 5135 2318 5200 sint,
2369 5149 2507 5188 unus
2541 5133 2738 5187 missus
2777 5141 2876 5193 est,
2921 5131 3058 5185 alter
3084 5131 3228 5184 misit
3260 5148 3273 5184 :
3307 5132 3558 5200 quoniam

1989 5227 2192 5289 missio,
2222 5225 2518 5281 incarnatio
2546 5231 2655 5288 est;
2690 5223 2803 5292 ipsa
2844 5221 3144 5276 incarnatio
3181 5221 3305 5275 Filii
3355 5229 3558 5278 tantum

1989 5325 2092 5382 est,
2123 5329 2228 5370 non
2273 5323 2329 5369 et
2361 5309 2557 5368 Patris.
2602 5312 2745 5367 Misit
2790 5312 2971 5380 itaque
3014 5310 3172 5366 Pater
3215 5310 3436 5378 Filium,
3465 5311 3558 5368 sed

1991 5422 2096 5461 non
2121 5405 2344 5461 recessit
2366 5418 2396 5457 a
2424 5403 2577 5458 Filio.
2621 5401 2782 5472 Ergo,
2807 5401 2999 5468 inquit,
3023 5403 3112 5470 qui
3155 5418 3236 5455 me
3261 5402 3422 5468 misit,
3455 5416 3558 5457 non

1991 5494 2290 5565 reliquitme
2313 5491 2482 5548 solum
2511 5505 2530 5543 :
2558 5489 2711 5560 cujus
2729 5489 3045 5544 auctoritate
3060 5499 3310 5558 tanquam
3336 5498 3558 5560 paterna

1993 5627 2124 5681 ritas
2147 5632 2247 5678 est.
2280 5643 2298 5676 ι
2335 5624 2466 5694 Aug.
2495 5636 2513 5674 :
2538 5621 2672 5690 Quia
2703 5620 2951 5692 simplici,
2975 5621 3256 5694 indictum
3279 5629 3377 5687 est,
3408 5629 3560 5676 natu-

1995 5713 2065 5752 rm
2094 5695 2335 5751 veritatis
2362 5690 2480 5749 esse
2505 5701 2558 5748 et
2587 5705 2744 5748 nosse
2769 5690 2874 5747 nun
2901 5701 2984 5746 est
3013 5690 3177 5756 aliud,
3200 5699 3306 5745 etc.
