  <div class='ocr_page' id='page_1' title='image "/cluster/home/n/w/nwhite01/storage/ocr_20150623/100/hvd.32044052819521/439.png"; bbox 0 0 4000 6190; ppageno 0'>
   <div class='ocr_carea' id='block_1_1' title="bbox 456 336 557 392">
    <p class='ocr_par' dir='ltr' id='par_1_1' title="bbox 456 336 557 392">
     <span class='ocr_line' id='line_1_1' title="bbox 456 336 557 392; baseline -0.03 0"><span class='ocrx_word' id='word_1_1' title='bbox 456 336 557 392; x_wconf 74' lang='lat'><strong>867</strong></span> 
     </span>
    </p>
   </div>
   <div class='ocr_carea' id='block_1_2' title="bbox 1251 304 2808 378">
    <p class='ocr_par' dir='ltr' id='par_1_2' title="bbox 1251 304 2808 378">
     <span class='ocr_line' id='line_1_2' title="bbox 1251 304 2808 378; baseline -0.013 0"><span class='ocrx_word' id='word_1_2' title='bbox 1251 326 1309 378; x_wconf 86' lang='grc' dir='ltr'><strong>Β.</strong></span> <span class='ocrx_word' id='word_1_3' title='bbox 1354 325 1416 378; x_wconf 72' lang='lat' dir='ltr'><strong>l&quot;.</strong></span> <span class='ocrx_word' id='word_1_4' title='bbox 1461 321 1685 376; x_wconf 71' lang='lat' dir='ltr'><strong>ALBINI</strong></span> <span class='ocrx_word' id='word_1_5' title='bbox 1723 318 1853 373; x_wconf 68' lang='grc' dir='ltr'><strong>εει]</strong></span> <span class='ocrx_word' id='word_1_6' title='bbox 1894 313 2166 371; x_wconf 66' lang='grc' dir='ltr'><strong>ΑιίιῑιΝι</strong></span> <span class='ocrx_word' id='word_1_7' title='bbox 2214 308 2496 369; x_wconf 79' lang='lat' dir='ltr'><strong>OPERUM</strong></span> <span class='ocrx_word' id='word_1_8' title='bbox 2532 305 2711 361; x_wconf 67' lang='lat' dir='ltr'><strong>PARS</strong></span> <span class='ocrx_word' id='word_1_9' title='bbox 2744 304 2808 359; x_wconf 86' lang='lat' dir='ltr'><strong>ll.</strong></span> 
     </span>
    </p>
   </div>
   <div class='ocr_carea' id='block_1_3' title="bbox 3602 300 3709 359">
    <p class='ocr_par' dir='ltr' id='par_1_3' title="bbox 3602 300 3709 359">
     <span class='ocr_line' id='line_1_3' title="bbox 3602 300 3709 359; baseline 0 -43"><span class='ocrx_word' id='word_1_10' title='bbox 3602 300 3709 359; x_wconf 53' lang='lat'><strong>838</strong></span> 
     </span>
    </p>
   </div>
   <div class='ocr_carea' id='block_1_4' title="bbox 460 410 3713 503">
    <p class='ocr_par' dir='ltr' id='par_1_4' title="bbox 460 410 3713 503">
     <span class='ocr_line' id='line_1_4' title="bbox 460 410 3713 503; baseline -0.012 0"><span class='ocrx_word' id='word_1_11' title='bbox 460 449 763 503; x_wconf 74' lang='lat' dir='ltr'><strong>incarnatus</strong></span> <span class='ocrx_word' id='word_1_12' title='bbox 805 454 954 503; x_wconf 85' lang='lat' dir='ltr'><strong>sum,</strong></span> <span class='ocrx_word' id='word_1_13' title='bbox 1006 451 1214 491; x_wconf 88' lang='lat' dir='ltr'><strong>mecum</strong></span> <span class='ocrx_word' id='word_1_14' title='bbox 1265 443 1378 496; x_wconf 88' lang='lat' dir='ltr'><strong>est,</strong></span> <span class='ocrx_word' id='word_1_15' title='bbox 1432 448 1537 487; x_wconf 90' lang='lat' dir='ltr'><strong>non</strong></span> <span class='ocrx_word' id='word_1_16' title='bbox 1586 445 1672 485; x_wconf 83' lang='lat' dir='ltr'><strong>me</strong></span> <span class='ocrx_word' id='word_1_17' title='bbox 1721 427 2025 496; x_wconf 96' lang='lat' dir='ltr'><strong>dereliquit.</strong></span> <span class='ocrx_word' id='word_1_18' title='bbox 2057 430 2104 487; x_wconf 71' lang='grc' dir='ltr'><strong>Α</strong></span> <span class='ocrx_word' id='word_1_19' title='bbox 2131 423 2255 477; x_wconf 89' lang='lat' dir='ltr'><strong>eis:</strong></span> <span class='ocrx_word' id='word_1_20' title='bbox 2292 419 2498 473; x_wconf 84' lang='lat' dir='ltr'><strong>Veritas</strong></span> <span class='ocrx_word' id='word_1_21' title='bbox 2527 414 2766 469; x_wconf 72' lang='lat' dir='ltr'><strong>liberabit</strong></span> <span class='ocrx_word' id='word_1_22' title='bbox 2814 429 2897 465; x_wconf 78' lang='lat' dir='ltr'><strong>vos</strong></span> <span class='ocrx_word' id='word_1_23' title='bbox 2925 425 2942 462; x_wconf 92' lang='lat'><em>:</em></span> <span class='ocrx_word' id='word_1_24' title='bbox 2973 410 3229 479; x_wconf 82' lang='lat' dir='ltr'><strong>indignati</strong></span> <span class='ocrx_word' id='word_1_25' title='bbox 3273 415 3398 462; x_wconf 82' lang='lat' dir='ltr'><strong>sunt</strong></span> <span class='ocrx_word' id='word_1_26' title='bbox 3444 421 3629 464; x_wconf 84' lang='lat' dir='ltr'><strong>servos</strong></span> <span class='ocrx_word' id='word_1_27' title='bbox 3653 425 3713 466; x_wconf 80' lang='lat' dir='ltr'><strong>se</strong></span> 
     </span>
    </p>
   </div>
   <div class='ocr_carea' id='block_1_5' title="bbox 458 515 2029 603">
    <p class='ocr_par' dir='ltr' id='par_1_5' title="bbox 458 515 2029 603">
     <span class='ocr_line' id='line_1_5' title="bbox 458 515 2029 603; baseline -0.015 -13"><span class='ocrx_word' id='word_1_28' title='bbox 458 536 635 603; x_wconf 84' lang='lat' dir='ltr'><strong>Quare</strong></span> <span class='ocrx_word' id='word_1_29' title='bbox 660 546 746 586; x_wconf 88' lang='lat' dir='ltr'><strong>mc</strong></span> <span class='ocrx_word' id='word_1_30' title='bbox 765 544 870 584; x_wconf 83' lang='lat' dir='ltr'><strong>non</strong></span> <span class='ocrx_word' id='word_1_31' title='bbox 908 524 1229 595; x_wconf 83' lang='lat' dir='ltr'><strong>dereliquit?</strong></span> <span class='ocrx_word' id='word_1_32' title='bbox 1260 523 1383 577; x_wconf 88' lang='lat' dir='ltr'><strong>Non</strong></span> <span class='ocrx_word' id='word_1_33' title='bbox 1402 520 1678 591; x_wconf 85' lang='lat' dir='ltr'><strong>dereliquit</strong></span> <span class='ocrx_word' id='word_1_34' title='bbox 1707 533 1808 582; x_wconf 86' lang='lat' dir='ltr'><strong>me,</strong></span> <span class='ocrx_word' id='word_1_35' title='bbox 1834 515 2029 585; x_wconf 88' lang='lat' dir='ltr'><strong>inquit,</strong></span> 
     </span>
    </p>
   </div>
   <div class='ocr_carea' id='block_1_6' title="bbox 458 608 2028 687">
    <p class='ocr_par' dir='ltr' id='par_1_6' title="bbox 458 608 2028 687">
     <span class='ocr_line' id='line_1_6' title="bbox 458 608 2028 687; baseline -0.013 -10"><span class='ocrx_word' id='word_1_36' title='bbox 458 624 647 683; x_wconf 78' lang='lat' dir='ltr'><strong>solum,</strong></span> <span class='ocrx_word' id='word_1_37' title='bbox 689 618 813 687; x_wconf 82' lang='lat' dir='ltr'><strong>quia</strong></span> <span class='ocrx_word' id='word_1_38' title='bbox 859 632 950 687; x_wconf 78' lang='lat' dir='ltr'><strong>ego</strong></span> <span class='ocrx_word' id='word_1_39' title='bbox 996 630 1114 685; x_wconf 76' lang='lat' dir='ltr'><strong>qua:</strong></span> <span class='ocrx_word' id='word_1_40' title='bbox 1162 612 1356 684; x_wconf 84' lang='lat' dir='ltr'><strong>placita</strong></span> <span class='ocrx_word' id='word_1_41' title='bbox 1393 619 1515 665; x_wconf 86' lang='lat' dir='ltr'><strong>sunt</strong></span> <span class='ocrx_word' id='word_1_42' title='bbox 1538 609 1607 673; x_wconf 87' lang='lat' dir='ltr'><strong>ei,</strong></span> <span class='ocrx_word' id='word_1_43' title='bbox 1638 608 1778 677; x_wconf 79' lang='lat' dir='ltr'><strong>facio</strong></span> <span class='ocrx_word' id='word_1_44' title='bbox 1804 619 2028 674; x_wconf 84' lang='lat' dir='ltr'><strong>semper.</strong></span> 
     </span>
    </p>
   </div>
   <div class='ocr_carea' id='block_1_7' title="bbox 457 694 2037 782">
    <p class='ocr_par' dir='ltr' id='par_1_7' title="bbox 457 694 2037 782">
     <span class='ocr_line' id='line_1_7' title="bbox 457 694 2037 782; baseline -0.012 -17"><span class='ocrx_word' id='word_1_45' title='bbox 457 712 575 782; x_wconf 71' lang='lat' dir='ltr'><strong>ipsa</strong></span> <span class='ocrx_word' id='word_1_46' title='bbox 604 716 686 763; x_wconf 89' lang='lat' dir='ltr'><strong>est</strong></span> <span class='ocrx_word' id='word_1_47' title='bbox 711 705 990 777; x_wconf 58' lang='lat' dir='ltr'><strong>aequalitas</strong></span> <span class='ocrx_word' id='word_1_48' title='bbox 1017 719 1235 773; x_wconf 78' lang='lat' dir='ltr'><strong>semper,</strong></span> <span class='ocrx_word' id='word_1_49' title='bbox 1269 717 1374 757; x_wconf 92' lang='lat' dir='ltr'><strong>non</strong></span> <span class='ocrx_word' id='word_1_50' title='bbox 1420 715 1487 756; x_wconf 77' lang='lat' dir='ltr'><strong>ex</strong></span> <span class='ocrx_word' id='word_1_51' title='bbox 1525 698 1759 768; x_wconf 91' lang='lat' dir='ltr'><strong>quodam</strong></span> <span class='ocrx_word' id='word_1_52' title='bbox 1800 694 1952 749; x_wconf 88' lang='lat' dir='ltr'><strong>initio</strong></span> <span class='ocrx_word' id='word_1_53' title='bbox 1979 699 2037 747; x_wconf 89' lang='lat' dir='ltr'><strong>et</strong></span> 
     </span>
    </p>
   </div>
   <div class='ocr_carea' id='block_1_8' title="bbox 459 786 2037 869">
    <p class='ocr_par' dir='ltr' id='par_1_8' title="bbox 459 786 2037 869">
     <span class='ocr_line' id='line_1_8' title="bbox 459 786 2037 869; baseline -0.013 -12"><span class='ocrx_word' id='word_1_54' title='bbox 459 803 739 869; x_wconf 79' lang='lat' dir='ltr'><strong>deinceps,</strong></span> <span class='ocrx_word' id='word_1_55' title='bbox 766 799 861 854; x_wconf 85' lang='lat' dir='ltr'><strong>sed</strong></span> <span class='ocrx_word' id='word_1_56' title='bbox 888 798 1005 853; x_wconf 84' lang='lat' dir='ltr'><strong>sine</strong></span> <span class='ocrx_word' id='word_1_57' title='bbox 1032 796 1186 849; x_wconf 91' lang='lat' dir='ltr'><strong>initio</strong></span> <span class='ocrx_word' id='word_1_58' title='bbox 1207 801 1262 849; x_wconf 91' lang='lat' dir='ltr'><strong>et</strong></span> <span class='ocrx_word' id='word_1_59' title='bbox 1281 794 1399 848; x_wconf 86' lang='lat' dir='ltr'><strong>sine</strong></span> <span class='ocrx_word' id='word_1_60' title='bbox 1426 792 1550 845; x_wconf 91' lang='lat' dir='ltr'><strong>ﬁne.</strong></span> <span class='ocrx_word' id='word_1_61' title='bbox 1584 788 1680 843; x_wconf 87' lang='lat' dir='ltr'><strong>Dei</strong></span> <span class='ocrx_word' id='word_1_62' title='bbox 1710 786 1852 841; x_wconf 90' lang='lat' dir='ltr'><strong>enim</strong></span> <span class='ocrx_word' id='word_1_63' title='bbox 1874 797 2037 854; x_wconf 77' lang='lat' dir='ltr'><strong>gene-</strong></span> 
     </span>
    </p>
   </div>
   <div class='ocr_carea' id='block_1_9' title="bbox 460 876 2036 953">
    <p class='ocr_par' dir='ltr' id='par_1_9' title="bbox 460 876 2036 953">
     <span class='ocr_line' id='line_1_9' title="bbox 460 876 2036 953; baseline -0.014 -5"><span class='ocrx_word' id='word_1_64' title='bbox 460 892 599 947; x_wconf 87' lang='lat' dir='ltr'><strong>ratio</strong></span> <span class='ocrx_word' id='word_1_65' title='bbox 625 904 730 947; x_wconf 89' lang='lat' dir='ltr'><strong>non</strong></span> <span class='ocrx_word' id='word_1_66' title='bbox 765 890 928 945; x_wconf 81' lang='lat' dir='ltr'><strong>habet</strong></span> <span class='ocrx_word' id='word_1_67' title='bbox 954 888 1167 943; x_wconf 90' lang='lat' dir='ltr'><strong>initium</strong></span> <span class='ocrx_word' id='word_1_68' title='bbox 1194 882 1482 953; x_wconf 89' lang='lat' dir='ltr'><strong>temporis,</strong></span> <span class='ocrx_word' id='word_1_69' title='bbox 1523 880 1651 950; x_wconf 84' lang='lat' dir='ltr'><strong>quia</strong></span> <span class='ocrx_word' id='word_1_70' title='bbox 1673 893 1769 948; x_wconf 89' lang='lat' dir='ltr'><strong>per</strong></span> <span class='ocrx_word' id='word_1_71' title='bbox 1796 876 2036 945; x_wconf 80' lang='lat' dir='ltr'><strong>genitum</strong></span> 
     </span>
    </p>
   </div>
   <div class='ocr_carea' id='block_1_10' title="bbox 459 964 2039 1048">
    <p class='ocr_par' dir='ltr' id='par_1_10' title="bbox 459 964 2039 1048">
     <span class='ocr_line' id='line_1_10' title="bbox 459 964 2039 1048; baseline -0.014 -9"><span class='ocrx_word' id='word_1_72' title='bbox 459 984 603 1039; x_wconf 81' lang='lat' dir='ltr'><strong>facta</strong></span> <span class='ocrx_word' id='word_1_73' title='bbox 634 988 759 1036; x_wconf 88' lang='lat' dir='ltr'><strong>sunt</strong></span> <span class='ocrx_word' id='word_1_74' title='bbox 805 988 1064 1048; x_wconf 88' lang='lat' dir='ltr'><strong>tempora.</strong></span> <span class='ocrx_word' id='word_1_75' title='bbox 1101 996 1120 1028; x_wconf 77' lang='grc' dir='ltr'><strong><em>ι</em></strong></span> <span class='ocrx_word' id='word_1_76' title='bbox 1153 975 1346 1047; x_wconf 70' lang='lat' dir='ltr'><strong>(Vens.</strong></span> <span class='ocrx_word' id='word_1_77' title='bbox 1369 970 1493 1044; x_wconf 77' lang='lat'><strong>50.)</strong></span> <span class='ocrx_word' id='word_1_78' title='bbox 1526 969 1654 1024; x_wconf 73' lang='lat' dir='ltr'><strong>Hcec</strong></span> <span class='ocrx_word' id='word_1_79' title='bbox 1682 967 1772 1020; x_wconf 87' lang='lat' dir='ltr'><strong>illo</strong></span> <span class='ocrx_word' id='word_1_80' title='bbox 1799 964 2039 1036; x_wconf 80' lang='lat' dir='ltr'><strong>loquente</strong></span> 
     </span>
    </p>
   </div>
   <div class='ocr_carea' id='block_1_11' title="bbox 461 1053 2039 1128">
    <p class='ocr_par' dir='ltr' id='par_1_11' title="bbox 461 1053 2039 1128">
     <span class='ocr_line' id='line_1_11' title="bbox 461 1053 2039 1128; baseline -0.013 -1"><span class='ocrx_word' id='word_1_81' title='bbox 461 1072 616 1128; x_wconf 82' lang='lat' dir='ltr'><strong>multi</strong></span> <span class='ocrx_word' id='word_1_82' title='bbox 636 1068 961 1125; x_wconf 86' lang='lat' dir='ltr'><strong>crediderunt</strong></span> <span class='ocrx_word' id='word_1_83' title='bbox 983 1068 1039 1120; x_wconf 87' lang='lat' dir='ltr'><strong>in</strong></span> <span class='ocrx_word' id='word_1_84' title='bbox 1063 1082 1201 1120; x_wconf 88' lang='lat' dir='ltr'><strong>eum.</strong></span> <span class='ocrx_word' id='word_1_85' title='bbox 1231 1062 1379 1116; x_wconf 79' lang='lat' dir='ltr'><strong>Multi</strong></span> <span class='ocrx_word' id='word_1_86' title='bbox 1409 1060 1774 1120; x_wconf 86' lang='lat' dir='ltr'><strong>crediderunt,</strong></span> <span class='ocrx_word' id='word_1_87' title='bbox 1808 1053 2039 1109; x_wconf 84' lang='lat' dir='ltr'><strong>necdum</strong></span> 
     </span>
    </p>
   </div>
   <div class='ocr_carea' id='block_1_12' title="bbox 466 1145 2039 1216">
    <p class='ocr_par' dir='ltr' id='par_1_12' title="bbox 466 1145 2039 1216">
     <span class='ocr_line' id='line_1_12' title="bbox 466 1145 2039 1216; baseline -0.013 -1"><span class='ocrx_word' id='word_1_88' title='bbox 466 1161 521 1215; x_wconf 88' lang='lat' dir='ltr'><strong>in</strong></span> <span class='ocrx_word' id='word_1_89' title='bbox 542 1174 756 1216; x_wconf 90' lang='lat' dir='ltr'><strong>omnem</strong></span> <span class='ocrx_word' id='word_1_90' title='bbox 786 1166 986 1211; x_wconf 87' lang='lat' dir='ltr'><strong>terram</strong></span> <span class='ocrx_word' id='word_1_91' title='bbox 1010 1154 1176 1210; x_wconf 77' lang='lat' dir='ltr'><strong>exivit</strong></span> <span class='ocrx_word' id='word_1_92' title='bbox 1203 1166 1366 1206; x_wconf 90' lang='lat' dir='ltr'><strong>sonus</strong></span> <span class='ocrx_word' id='word_1_93' title='bbox 1393 1164 1582 1204; x_wconf 87' lang='lat' dir='ltr'><strong>eorum</strong></span> <span class='ocrx_word' id='word_1_94' title='bbox 1607 1188 1622 1212; x_wconf 89' lang='lat'><strong>,</strong></span> <span class='ocrx_word' id='word_1_95' title='bbox 1665 1145 1894 1200; x_wconf 86' lang='lat' dir='ltr'><strong>necdum</strong></span> <span class='ocrx_word' id='word_1_96' title='bbox 1919 1157 2039 1197; x_wconf 79' lang='lat' dir='ltr'><strong>om-</strong></span> 
     </span>
    </p>
   </div>
   <div class='ocr_carea' id='block_1_13' title="bbox 468 1230 2039 1318">
    <p class='ocr_par' dir='ltr' id='par_1_13' title="bbox 468 1230 2039 1318">
     <span class='ocr_line' id='line_1_13' title="bbox 468 1230 2039 1318; baseline -0.015 -13"><span class='ocrx_word' id='word_1_97' title='bbox 468 1252 625 1305; x_wconf 82' lang='lat' dir='ltr'><strong>nibus</strong></span> <span class='ocrx_word' id='word_1_98' title='bbox 639 1248 983 1318; x_wconf 65' lang='lat' dir='ltr'><strong>praedicatum</strong></span> <span class='ocrx_word' id='word_1_99' title='bbox 995 1252 1099 1309; x_wconf 86' lang='lat' dir='ltr'><strong>est,</strong></span> <span class='ocrx_word' id='word_1_100' title='bbox 1116 1243 1342 1297; x_wconf 85' lang='lat' dir='ltr'><strong>necdum</strong></span> <span class='ocrx_word' id='word_1_101' title='bbox 1357 1240 1557 1294; x_wconf 87' lang='lat' dir='ltr'><strong>dictum</strong></span> <span class='ocrx_word' id='word_1_102' title='bbox 1572 1245 1656 1292; x_wconf 90' lang='lat' dir='ltr'><strong>est</strong></span> <span class='ocrx_word' id='word_1_103' title='bbox 1674 1254 1686 1289; x_wconf 90' lang='lat'><strong>:</strong></span> <span class='ocrx_word' id='word_1_104' title='bbox 1715 1235 1901 1305; x_wconf 77' lang='lat' dir='ltr'><strong>(Vens.</strong></span> <span class='ocrx_word' id='word_1_105' title='bbox 1925 1233 1986 1287; x_wconf 77' lang='lat'><strong>5|</strong></span> <span class='ocrx_word' id='word_1_106' title='bbox 2000 1230 2039 1302; x_wconf 91' lang='lat'><strong>.)</strong></span> 
     </span>
    </p>
   </div>
   <div class='ocr_carea' id='block_1_14' title="bbox 468 1326 2042 1408">
    <p class='ocr_par' dir='ltr' id='par_1_14' title="bbox 468 1326 2042 1408">
     <span class='ocr_line' id='line_1_14' title="bbox 468 1326 2042 1408; baseline -0.011 -12"><span class='ocrx_word' id='word_1_107' title='bbox 468 1343 575 1406; x_wconf 81' lang='lat' dir='ltr'><strong>Ite,</strong></span> <span class='ocrx_word' id='word_1_108' title='bbox 608 1342 782 1395; x_wconf 80' lang='lat' dir='ltr'><strong>docete</strong></span> <span class='ocrx_word' id='word_1_109' title='bbox 806 1355 979 1393; x_wconf 88' lang='lat' dir='ltr'><strong>omnes</strong></span> <span class='ocrx_word' id='word_1_110' title='bbox 1003 1347 1194 1408; x_wconf 78' lang='lat' dir='ltr'><strong>gentes.</strong></span> <span class='ocrx_word' id='word_1_111' title='bbox 1224 1335 1365 1404; x_wconf 75' lang='lat' dir='ltr'><strong>Ergo</strong></span> <span class='ocrx_word' id='word_1_112' title='bbox 1404 1332 1662 1388; x_wconf 89' lang='lat' dir='ltr'><strong>Dominus</strong></span> <span class='ocrx_word' id='word_1_113' title='bbox 1698 1331 1765 1385; x_wconf 85' lang='lat' dir='ltr'><strong>ad</strong></span> <span class='ocrx_word' id='word_1_114' title='bbox 1789 1343 1917 1392; x_wconf 88' lang='lat' dir='ltr'><strong>eos,</strong></span> <span class='ocrx_word' id='word_1_115' title='bbox 1949 1326 2042 1396; x_wconf 91' lang='lat' dir='ltr'><strong>qui</strong></span> 
     </span>
    </p>
   </div>
   <div class='ocr_carea' id='block_1_15' title="bbox 468 1423 1443 1490">
    <p class='ocr_par' dir='ltr' id='par_1_15' title="bbox 468 1423 1443 1490">
     <span class='ocr_line' id='line_1_15' title="bbox 468 1423 1443 1490; baseline -0.011 -3"><span class='ocrx_word' id='word_1_116' title='bbox 468 1431 813 1486; x_wconf 88' lang='lat' dir='ltr'><strong>crediderunt</strong></span> <span class='ocrx_word' id='word_1_117' title='bbox 835 1428 888 1482; x_wconf 91' lang='lat' dir='ltr'><strong>in</strong></span> <span class='ocrx_word' id='word_1_118' title='bbox 915 1441 1057 1490; x_wconf 89' lang='lat' dir='ltr'><strong>eum,</strong></span> <span class='ocrx_word' id='word_1_119' title='bbox 1091 1426 1166 1479; x_wconf 86' lang='lat' dir='ltr'><strong>ait</strong></span> <span class='ocrx_word' id='word_1_120' title='bbox 1186 1423 1398 1478; x_wconf 70' lang='lat' dir='ltr'><strong>Judzeos</strong></span> <span class='ocrx_word' id='word_1_121' title='bbox 1430 1441 1443 1476; x_wconf 90' lang='lat'><strong>:</strong></span> 
     </span>
    </p>
   </div>
   <div class='ocr_carea' id='block_1_16' title="bbox 1040 1531 1467 1591">
    <p class='ocr_par' dir='ltr' id='par_1_16' title="bbox 1040 1531 1467 1591">
     <span class='ocr_line' id='line_1_16' title="bbox 1040 1531 1467 1591; baseline -0.009 -1"><span class='ocrx_word' id='word_1_122' title='bbox 1040 1535 1266 1591; x_wconf 78' lang='lat' dir='ltr'><strong>CAPUT</strong></span> <span class='ocrx_word' id='word_1_123' title='bbox 1304 1531 1467 1588; x_wconf 72' lang='lat' dir='ltr'><strong>XXII.</strong></span> 
     </span>
    </p>
   </div>
   <div class='ocr_carea' id='block_1_17' title="bbox 468 1641 2041 1704">
    <p class='ocr_par' dir='ltr' id='par_1_17' title="bbox 468 1641 2041 1704">
     <span class='ocr_line' id='line_1_17' title="bbox 468 1641 2041 1704; baseline -0.01 0"><span class='ocrx_word' id='word_1_124' title='bbox 468 1650 502 1704; x_wconf 80' lang='grc'><strong>,1</strong></span> <span class='ocrx_word' id='word_1_125' title='bbox 509 1650 671 1704; x_wconf 70' lang='grc' dir='ltr'><strong>ιιιιαιὶε</strong></span> <span class='ocrx_word' id='word_1_126' title='bbox 696 1647 1014 1703; x_wconf 81' lang='lat' dir='ltr'><strong>credentibus</strong></span> <span class='ocrx_word' id='word_1_127' title='bbox 1036 1647 1107 1699; x_wconf 89' lang='lat' dir='ltr'><strong>ait</strong></span> <span class='ocrx_word' id='word_1_128' title='bbox 1133 1660 1150 1696; x_wconf 89' lang='lat'><em>:</em></span> <span class='ocrx_word' id='word_1_129' title='bbox 1175 1645 1231 1699; x_wconf 79' lang='lat' dir='ltr'><strong>Si</strong></span> <span class='ocrx_word' id='word_1_130' title='bbox 1245 1642 1553 1697; x_wconf 86' lang='lat' dir='ltr'><strong>manseritis</strong></span> <span class='ocrx_word' id='word_1_131' title='bbox 1570 1641 1621 1695; x_wconf 91' lang='lat' dir='ltr'><strong>in</strong></span> <span class='ocrx_word' id='word_1_132' title='bbox 1640 1653 1886 1695; x_wconf 83' lang='lat' dir='ltr'><strong>sermone</strong></span> <span class='ocrx_word' id='word_1_133' title='bbox 1903 1650 2041 1699; x_wconf 88' lang='lat' dir='ltr'><strong>meo,</strong></span> 
     </span>
    </p>
   </div>
   <div class='ocr_carea' id='block_1_18' title="bbox 2133 496 3714 578">
    <p class='ocr_par' dir='ltr' id='par_1_18' title="bbox 2133 496 3714 578">
     <span class='ocr_line' id='line_1_18' title="bbox 2133 496 3714 578; baseline -0.008 -13"><span class='ocrx_word' id='word_1_134' title='bbox 2133 505 2252 565; x_wconf 74' lang='lat' dir='ltr'><strong>esse</strong></span> <span class='ocrx_word' id='word_1_135' title='bbox 2279 506 2629 578; x_wconf 78' lang='lat' dir='ltr'><strong>signiﬁcatus.</strong></span> <span class='ocrx_word' id='word_1_136' title='bbox 2656 503 2725 557; x_wconf 86' lang='lat' dir='ltr'><strong>Et</strong></span> <span class='ocrx_word' id='word_1_137' title='bbox 2754 516 2878 556; x_wconf 85' lang='lat' dir='ltr'><strong>vere</strong></span> <span class='ocrx_word' id='word_1_138' title='bbox 2902 499 3043 556; x_wconf 80' lang='lat' dir='ltr'><strong>servi</strong></span> <span class='ocrx_word' id='word_1_139' title='bbox 3068 507 3246 554; x_wconf 86' lang='lat' dir='ltr'><strong>erant.</strong></span> <span class='ocrx_word' id='word_1_140' title='bbox 3275 497 3340 552; x_wconf 82' lang='lat' dir='ltr'><strong>Et</strong></span> <span class='ocrx_word' id='word_1_141' title='bbox 3363 497 3588 567; x_wconf 73' lang='lat' dir='ltr'><strong>exponit</strong></span> <span class='ocrx_word' id='word_1_142' title='bbox 3609 496 3714 552; x_wconf 83' lang='lat' dir='ltr'><strong>illis</strong></span> 
     </span>
    </p>
   </div>
   <div class='ocr_carea' id='block_1_19' title="bbox 2133 592 3723 675">
    <p class='ocr_par' dir='ltr' id='par_1_19' title="bbox 2133 592 3723 675">
     <span class='ocr_line' id='line_1_19' title="bbox 2133 592 3723 675; baseline -0.009 -15"><span class='ocrx_word' id='word_1_143' title='bbox 2133 620 2252 675; x_wconf 69' lang='lat' dir='ltr'><strong>quae</strong></span> <span class='ocrx_word' id='word_1_144' title='bbox 2278 604 2350 658; x_wconf 87' lang='lat' dir='ltr'><strong>sit</strong></span> <span class='ocrx_word' id='word_1_145' title='bbox 2376 600 2632 661; x_wconf 76' lang='lat' dir='ltr'><strong>servitus,</strong></span> <span class='ocrx_word' id='word_1_146' title='bbox 2657 606 2713 652; x_wconf 91' lang='lat' dir='ltr'><strong>et</strong></span> <span class='ocrx_word' id='word_1_147' title='bbox 2740 611 2859 666; x_wconf 68' lang='lat' dir='ltr'><strong>qua:</strong></span> <span class='ocrx_word' id='word_1_148' title='bbox 2880 599 2954 651; x_wconf 90' lang='lat' dir='ltr'><strong>sit</strong></span> <span class='ocrx_word' id='word_1_149' title='bbox 2973 594 3152 649; x_wconf 82' lang='lat' dir='ltr'><strong>futura</strong></span> <span class='ocrx_word' id='word_1_150' title='bbox 3174 593 3397 647; x_wconf 84' lang='lat' dir='ltr'><strong>libertas</strong></span> <span class='ocrx_word' id='word_1_151' title='bbox 3420 605 3581 660; x_wconf 71' lang='lat' dir='ltr'><strong>quam</strong></span> <span class='ocrx_word' id='word_1_152' title='bbox 3600 592 3723 658; x_wconf 84' lang='lat' dir='ltr'><strong>ipse</strong></span> 
     </span>
    </p>
   </div>
   <div class='ocr_carea' id='block_1_20' title="bbox 2133 681 3719 766">
    <p class='ocr_par' dir='ltr' id='par_1_20' title="bbox 2133 681 3719 766">
     <span class='ocr_line' id='line_1_20' title="bbox 2133 681 3719 766; baseline -0.008 -16"><span class='ocrx_word' id='word_1_153' title='bbox 2133 694 2416 766; x_wconf 80' lang='lat' dir='ltr'><strong>promittit.</strong></span> <span class='ocrx_word' id='word_1_154' title='bbox 2452 712 2470 743; x_wconf 76' lang='grc' dir='ltr'><strong><em>ι</em></strong></span> <span class='ocrx_word' id='word_1_155' title='bbox 2504 690 2650 744; x_wconf 79' lang='lat' dir='ltr'><strong>Nihil</strong></span> <span class='ocrx_word' id='word_1_156' title='bbox 2675 690 2822 744; x_wconf 87' lang='lat' dir='ltr'><strong>enim</strong></span> <span class='ocrx_word' id='word_1_157' title='bbox 2866 686 3011 741; x_wconf 86' lang='lat' dir='ltr'><strong>aliud</strong></span> <span class='ocrx_word' id='word_1_158' title='bbox 3054 693 3140 741; x_wconf 85' lang='lat' dir='ltr'><strong>est</strong></span> <span class='ocrx_word' id='word_1_159' title='bbox 3177 682 3399 738; x_wconf 87' lang='lat' dir='ltr'><strong>dicere:</strong></span> <span class='ocrx_word' id='word_1_160' title='bbox 3429 681 3498 735; x_wconf 78' lang='lat' dir='ltr'><strong>Et</strong></span> <span class='ocrx_word' id='word_1_161' title='bbox 3529 682 3719 738; x_wconf 64' lang='lat' dir='ltr'><strong>acritas</strong></span> 
     </span>
    </p>
   </div>
   <div class='ocr_carea' id='block_1_21' title="bbox 2133 772 3720 847">
    <p class='ocr_par' dir='ltr' id='par_1_21' title="bbox 2133 772 3720 847">
     <span class='ocr_line' id='line_1_21' title="bbox 2133 772 3720 847; baseline -0.01 -6"><span class='ocrx_word' id='word_1_162' title='bbox 2133 786 2372 841; x_wconf 79' lang='lat' dir='ltr'><strong>liberabit</strong></span> <span class='ocrx_word' id='word_1_163' title='bbox 2409 798 2517 847; x_wconf 75' lang='lat' dir='ltr'><strong>vos,</strong></span> <span class='ocrx_word' id='word_1_164' title='bbox 2547 782 2652 837; x_wconf 89' lang='lat' dir='ltr'><strong>nisi</strong></span> <span class='ocrx_word' id='word_1_165' title='bbox 2695 780 2895 837; x_wconf 87' lang='lat' dir='ltr'><strong>liberos</strong></span> <span class='ocrx_word' id='word_1_166' title='bbox 2922 793 3019 834; x_wconf 88' lang='lat' dir='ltr'><strong>vos</strong></span> <span class='ocrx_word' id='word_1_167' title='bbox 3064 775 3244 839; x_wconf 77' lang='lat' dir='ltr'><strong>faciet,</strong></span> <span class='ocrx_word' id='word_1_168' title='bbox 3275 775 3415 829; x_wconf 84' lang='lat' dir='ltr'><strong>sicut</strong></span> <span class='ocrx_word' id='word_1_169' title='bbox 3456 772 3589 827; x_wconf 83' lang='lat' dir='ltr'><strong>nihil</strong></span> <span class='ocrx_word' id='word_1_170' title='bbox 3632 782 3720 826; x_wconf 78' lang='lat' dir='ltr'><strong>est</strong></span> 
     </span>
    </p>
   </div>
   <div class='ocr_carea' id='block_1_22' title="bbox 2136 862 3719 939">
    <p class='ocr_par' dir='ltr' id='par_1_22' title="bbox 2136 862 3719 939">
     <span class='ocr_line' id='line_1_22' title="bbox 2136 862 3719 939; baseline -0.009 -7"><span class='ocrx_word' id='word_1_171' title='bbox 2136 877 2381 939; x_wconf 86' lang='lat' dir='ltr'><strong>salvabit,</strong></span> <span class='ocrx_word' id='word_1_172' title='bbox 2416 874 2520 929; x_wconf 88' lang='lat' dir='ltr'><strong>nisi</strong></span> <span class='ocrx_word' id='word_1_173' title='bbox 2550 872 2725 927; x_wconf 85' lang='lat' dir='ltr'><strong>salvos</strong></span> <span class='ocrx_word' id='word_1_174' title='bbox 2756 868 2940 925; x_wconf 82' lang='lat' dir='ltr'><strong>faciet.</strong></span> <span class='ocrx_word' id='word_1_175' title='bbox 2984 866 3298 923; x_wconf 84' lang='lat' dir='ltr'><strong>Audivimus</strong></span> <span class='ocrx_word' id='word_1_176' title='bbox 3325 879 3455 935; x_wconf 75' lang='lat' dir='ltr'><strong>ergo</strong></span> <span class='ocrx_word' id='word_1_177' title='bbox 3481 863 3610 932; x_wconf 89' lang='lat' dir='ltr'><strong>quid</strong></span> <span class='ocrx_word' id='word_1_178' title='bbox 3650 862 3719 917; x_wconf 86' lang='lat' dir='ltr'><strong>li-</strong></span> 
     </span>
    </p>
   </div>
   <div class='ocr_carea' id='block_1_23' title="bbox 2136 957 3720 1032">
    <p class='ocr_par' dir='ltr' id='par_1_23' title="bbox 2136 957 3720 1032">
     <span class='ocr_line' id='line_1_23' title="bbox 2136 957 3720 1032; baseline -0.008 -6"><span class='ocrx_word' id='word_1_179' title='bbox 2136 974 2268 1027; x_wconf 87' lang='lat' dir='ltr'><strong>bera</strong></span> <span class='ocrx_word' id='word_1_180' title='bbox 2305 970 2508 1024; x_wconf 86' lang='lat' dir='ltr'><strong>veritas</strong></span> <span class='ocrx_word' id='word_1_181' title='bbox 2551 966 2689 1022; x_wconf 77' lang='lat' dir='ltr'><strong>dixit</strong></span> <span class='ocrx_word' id='word_1_182' title='bbox 2720 984 2735 1019; x_wconf 90' lang='lat'><strong>:</strong></span> <span class='ocrx_word' id='word_1_183' title='bbox 2766 963 3047 1019; x_wconf 86' lang='lat' dir='ltr'><strong>audiamus</strong></span> <span class='ocrx_word' id='word_1_184' title='bbox 3091 962 3219 1032; x_wconf 88' lang='lat' dir='ltr'><strong>quid</strong></span> <span class='ocrx_word' id='word_1_185' title='bbox 3250 960 3481 1031; x_wconf 85' lang='lat' dir='ltr'><strong>superba</strong></span> <span class='ocrx_word' id='word_1_186' title='bbox 3514 957 3720 1015; x_wconf 76' lang='lat' dir='ltr'><strong>falsitas</strong></span> 
     </span>
    </p>
   </div>
   <div class='ocr_carea' id='block_1_24' title="bbox 2138 1045 3721 1131">
    <p class='ocr_par' dir='ltr' id='par_1_24' title="bbox 2138 1045 3721 1131">
     <span class='ocr_line' id='line_1_24' title="bbox 2138 1045 3721 1131; baseline -0.009 -14"><span class='ocrx_word' id='word_1_187' title='bbox 2138 1060 2479 1131; x_wconf 84' lang='lat' dir='ltr'><strong>respondeat.</strong></span> <span class='ocrx_word' id='word_1_188' title='bbox 2505 1058 2767 1112; x_wconf 79' lang='lat' dir='ltr'><strong>Dixerunt</strong></span> <span class='ocrx_word' id='word_1_189' title='bbox 2787 1069 2915 1124; x_wconf 80' lang='lat' dir='ltr'><strong>ergo</strong></span> <span class='ocrx_word' id='word_1_190' title='bbox 2935 1053 3104 1109; x_wconf 61' lang='lat' dir='ltr'><strong>Judaei</strong></span> <span class='ocrx_word' id='word_1_191' title='bbox 3135 1067 3149 1104; x_wconf 93' lang='lat'><strong>:</strong></span> <span class='ocrx_word' id='word_1_192' title='bbox 3180 1052 3368 1123; x_wconf 75' lang='lat' dir='ltr'><strong>(Vens.</strong></span> <span class='ocrx_word' id='word_1_193' title='bbox 3392 1048 3509 1118; x_wconf 77' lang='lat'><strong>33.)</strong></span> <span class='ocrx_word' id='word_1_194' title='bbox 3527 1068 3547 1102; x_wconf 72' lang='grc' dir='ltr'>ι</span> <span class='ocrx_word' id='word_1_195' title='bbox 3577 1060 3605 1089; x_wconf 77' lang='grc' dir='ltr'>ι</span> <span class='ocrx_word' id='word_1_196' title='bbox 3630 1045 3721 1103; x_wconf 78' lang='lat' dir='ltr'><strong>Se-</strong></span> 
     </span>
    </p>
   </div>
   <div class='ocr_carea' id='block_1_25' title="bbox 2139 1141 3722 1210">
    <p class='ocr_par' dir='ltr' id='par_1_25' title="bbox 2139 1141 3722 1210">
     <span class='ocr_line' id='line_1_25' title="bbox 2139 1141 3722 1210; baseline -0.008 -5"><span class='ocrx_word' id='word_1_197' title='bbox 2139 1166 2257 1205; x_wconf 84' lang='lat' dir='ltr'><strong>men</strong></span> <span class='ocrx_word' id='word_1_198' title='bbox 2293 1148 2517 1203; x_wconf 77' lang='lat' dir='ltr'><strong>Abralue</strong></span> <span class='ocrx_word' id='word_1_199' title='bbox 2562 1162 2762 1210; x_wconf 81' lang='lat' dir='ltr'><strong>sumus,</strong></span> <span class='ocrx_word' id='word_1_200' title='bbox 2810 1154 2861 1197; x_wconf 89' lang='lat' dir='ltr'><strong>et</strong></span> <span class='ocrx_word' id='word_1_201' title='bbox 2907 1143 3102 1199; x_wconf 87' lang='lat' dir='ltr'><strong>nemini</strong></span> <span class='ocrx_word' id='word_1_202' title='bbox 3127 1141 3427 1196; x_wconf 78' lang='lat' dir='ltr'><strong>seruiuimus</strong></span> <span class='ocrx_word' id='word_1_203' title='bbox 3464 1151 3722 1209; x_wconf 62' lang='lat' dir='ltr'><strong>omnia.</strong></span> 
     </span>
    </p>
   </div>
   <div class='ocr_carea' id='block_1_26' title="bbox 2143 1229 3728 1303">
    <p class='ocr_par' dir='ltr' id='par_1_26' title="bbox 2143 1229 3728 1303">
     <span class='ocr_line' id='line_1_26' title="bbox 2143 1229 3728 1303; baseline -0.005 -10"><span class='ocrx_word' id='word_1_204' title='bbox 2143 1238 2415 1303; x_wconf 82' lang='lat' dir='ltr'><strong>Quomodo</strong></span> <span class='ocrx_word' id='word_1_205' title='bbox 2459 1246 2517 1289; x_wconf 85' lang='lat' dir='ltr'><strong>tu</strong></span> <span class='ocrx_word' id='word_1_206' title='bbox 2555 1236 2708 1300; x_wconf 83' lang='lat' dir='ltr'><strong>dicis,</strong></span> <span class='ocrx_word' id='word_1_207' title='bbox 2745 1234 2896 1288; x_wconf 83' lang='lat' dir='ltr'><strong>liberi</strong></span> <span class='ocrx_word' id='word_1_208' title='bbox 2931 1233 3116 1287; x_wconf 78' lang='lat' dir='ltr'><strong>eritis?</strong></span> <span class='ocrx_word' id='word_1_209' title='bbox 3160 1230 3276 1286; x_wconf 87' lang='lat' dir='ltr'><strong>Non</strong></span> <span class='ocrx_word' id='word_1_210' title='bbox 3321 1230 3465 1284; x_wconf 85' lang='lat' dir='ltr'><strong>enim</strong></span> <span class='ocrx_word' id='word_1_211' title='bbox 3513 1229 3728 1285; x_wconf 68' lang='lat' dir='ltr'><strong>dixerat</strong></span> 
     </span>
    </p>
   </div>
   <div class='ocr_carea' id='block_1_27' title="bbox 2143 1317 3723 1391">
    <p class='ocr_par' dir='ltr' id='par_1_27' title="bbox 2143 1317 3723 1391">
     <span class='ocr_line' id='line_1_27' title="bbox 2143 1317 3723 1391; baseline -0.004 -10"><span class='ocrx_word' id='word_1_212' title='bbox 2143 1327 2420 1391; x_wconf 82' lang='lat' dir='ltr'><strong>Dominus,</strong></span> <span class='ocrx_word' id='word_1_213' title='bbox 2451 1324 2604 1379; x_wconf 63' lang='lat' dir='ltr'><strong>liberi</strong></span> <span class='ocrx_word' id='word_1_214' title='bbox 2631 1323 2805 1387; x_wconf 86' lang='lat' dir='ltr'><strong>eritis,</strong></span> <span class='ocrx_word' id='word_1_215' title='bbox 2842 1321 2939 1378; x_wconf 86' lang='lat' dir='ltr'><strong>sed</strong></span> <span class='ocrx_word' id='word_1_216' title='bbox 2969 1338 2984 1374; x_wconf 88' lang='lat'>:</span> <span class='ocrx_word' id='word_1_217' title='bbox 3021 1320 3225 1376; x_wconf 86' lang='lat' dir='ltr'><strong>Veritas</strong></span> <span class='ocrx_word' id='word_1_218' title='bbox 3268 1318 3505 1373; x_wconf 84' lang='lat' dir='ltr'><strong>liberabit</strong></span> <span class='ocrx_word' id='word_1_219' title='bbox 3522 1336 3636 1379; x_wconf 71' lang='lat' dir='ltr'><strong>eos.</strong></span> <span class='ocrx_word' id='word_1_220' title='bbox 3659 1317 3723 1375; x_wconf 85' lang='lat' dir='ltr'><strong>In</strong></span> 
     </span>
    </p>
   </div>
   <div class='ocr_carea' id='block_1_28' title="bbox 2143 1408 3724 1486">
    <p class='ocr_par' dir='ltr' id='par_1_28' title="bbox 2143 1408 3724 1486">
     <span class='ocr_line' id='line_1_28' title="bbox 2143 1408 3724 1486; baseline -0.005 -14"><span class='ocrx_word' id='word_1_221' title='bbox 2143 1432 2249 1486; x_wconf 89' lang='lat' dir='ltr'><strong>quo</strong></span> <span class='ocrx_word' id='word_1_222' title='bbox 2274 1424 2454 1472; x_wconf 84' lang='lat' dir='ltr'><strong>tamen</strong></span> <span class='ocrx_word' id='word_1_223' title='bbox 2483 1416 2670 1479; x_wconf 87' lang='lat' dir='ltr'><strong>verbo,</strong></span> <span class='ocrx_word' id='word_1_224' title='bbox 2717 1413 2796 1468; x_wconf 81' lang='lat' dir='ltr'><strong>illi</strong></span> <span class='ocrx_word' id='word_1_225' title='bbox 2836 1411 2973 1469; x_wconf 82' lang='lat' dir='ltr'><strong>nihil</strong></span> <span class='ocrx_word' id='word_1_226' title='bbox 3008 1410 3153 1466; x_wconf 87' lang='lat' dir='ltr'><strong>aliud</strong></span> <span class='ocrx_word' id='word_1_227' title='bbox 3194 1409 3593 1473; x_wconf 80' lang='lat' dir='ltr'><strong>intellexerunt,</strong></span> <span class='ocrx_word' id='word_1_228' title='bbox 3617 1408 3724 1464; x_wconf 81' lang='lat' dir='ltr'><strong>nisi</strong></span> 
     </span>
    </p>
   </div>
   <div class='ocr_carea' id='block_1_29' title="bbox 2143 1497 3728 1568">
    <p class='ocr_par' dir='ltr' id='par_1_29' title="bbox 2143 1497 3728 1568">
     <span class='ocr_line' id='line_1_29' title="bbox 2143 1497 3728 1568; baseline -0.005 -7"><span class='ocrx_word' id='word_1_229' title='bbox 2143 1509 2447 1562; x_wconf 81' lang='lat' dir='ltr'><strong>libertatem</strong></span> <span class='ocrx_word' id='word_1_230' title='bbox 2492 1504 2786 1568; x_wconf 81' lang='lat' dir='ltr'><strong>carnalem,</strong></span> <span class='ocrx_word' id='word_1_231' title='bbox 2819 1511 2875 1557; x_wconf 87' lang='lat' dir='ltr'><strong>et</strong></span> <span class='ocrx_word' id='word_1_232' title='bbox 2918 1500 3224 1555; x_wconf 76' lang='lat' dir='ltr'><strong>extulerunt</strong></span> <span class='ocrx_word' id='word_1_233' title='bbox 3249 1513 3308 1554; x_wconf 87' lang='lat' dir='ltr'><strong>se</strong></span> <span class='ocrx_word' id='word_1_234' title='bbox 3352 1497 3497 1567; x_wconf 84' lang='lat' dir='ltr'><strong>quod</strong></span> <span class='ocrx_word' id='word_1_235' title='bbox 3539 1511 3728 1553; x_wconf 81' lang='lat' dir='ltr'><strong>semen</strong></span> 
     </span>
    </p>
   </div>
   <div class='ocr_carea' id='block_1_30' title="bbox 2145 1588 3727 1658">
    <p class='ocr_par' dir='ltr' id='par_1_30' title="bbox 2145 1588 3727 1658">
     <span class='ocr_line' id='line_1_30' title="bbox 2145 1588 3727 1658; baseline -0.006 -5"><span class='ocrx_word' id='word_1_236' title='bbox 2145 1603 2327 1653; x_wconf 86' lang='lat' dir='ltr'><strong>essent</strong></span> <span class='ocrx_word' id='word_1_237' title='bbox 2349 1595 2602 1658; x_wconf 74' lang='lat' dir='ltr'><strong>Abrahm,</strong></span> <span class='ocrx_word' id='word_1_238' title='bbox 2627 1602 2684 1649; x_wconf 92' lang='lat' dir='ltr'><strong>et</strong></span> <span class='ocrx_word' id='word_1_239' title='bbox 2710 1593 2963 1648; x_wconf 76' lang='lat' dir='ltr'><strong>dixerunt</strong></span> <span class='ocrx_word' id='word_1_240' title='bbox 2991 1607 3007 1644; x_wconf 87' lang='lat'><strong>:</strong></span> <span class='ocrx_word' id='word_1_241' title='bbox 3036 1588 3221 1645; x_wconf 78' lang='lat' dir='ltr'><strong>Semen</strong></span> <span class='ocrx_word' id='word_1_242' title='bbox 3264 1588 3489 1643; x_wconf 77' lang='lat' dir='ltr'><strong>Abralur</strong></span> <span class='ocrx_word' id='word_1_243' title='bbox 3515 1604 3727 1655; x_wconf 77' lang='lat' dir='ltr'><strong>sumus,</strong></span> 
     </span>
    </p>
   </div>
   <div class='ocr_carea' id='block_1_31' title="bbox 540 1677 2069 1781">
    <p class='ocr_par' dir='ltr' id='par_1_31' title="bbox 540 1677 2044 1781">
     <span class='ocr_line' id='line_1_31' title="bbox 545 1677 2041 1704; baseline -0.01 0"><span class='ocrx_word' id='word_1_244' title='bbox 545 1677 671 1704; x_wconf 74' lang='grc' dir='ltr'><strong>αιωδ</strong></span> <span class='ocrx_word' id='word_1_245' title='bbox 696 1677 1013 1703; x_wconf 75' lang='lat' dir='ltr'><strong>ucueuuuua</strong></span> <span class='ocrx_word' id='word_1_246' title='bbox 1036 1677 1106 1699; x_wconf 83' lang='lat' dir='ltr'><strong>uu</strong></span> <span class='ocrx_word' id='word_1_247' title='bbox 1133 1685 1145 1696; x_wconf 88' lang='lat'><strong>.</strong></span> <span class='ocrx_word' id='word_1_248' title='bbox 1176 1677 1229 1699; x_wconf 69' lang='grc' dir='ltr'><strong>υς</strong></span> <span class='ocrx_word' id='word_1_249' title='bbox 1246 1677 1447 1697; x_wconf 73' lang='lat' dir='ltr'><strong>Inquam</strong></span> <span class='ocrx_word' id='word_1_250' title='bbox 1466 1677 1553 1695; x_wconf 65' lang='lat' dir='ltr'><strong>tua</strong></span> <span class='ocrx_word' id='word_1_251' title='bbox 1571 1677 1621 1695; x_wconf 83' lang='grc' dir='ltr'>ιιι</span> <span class='ocrx_word' id='word_1_252' title='bbox 1641 1677 1716 1695; x_wconf 62' lang='grc' dir='ltr'><strong>ου.</strong></span> <span class='ocrx_word' id='word_1_253' title='bbox 1734 1677 1885 1693; x_wconf 79' lang='grc' dir='ltr'>ιιιυιιυ</span> <span class='ocrx_word' id='word_1_254' title='bbox 1905 1677 2041 1699; x_wconf 63' lang='grc' dir='ltr'><em>...νη</em></span> 
     </span>
     <span class='ocr_line' id='line_1_32' title="bbox 540 1709 2044 1781; baseline -0.009 -10"><span class='ocrx_word' id='word_1_255' title='bbox 540 1721 739 1773; x_wconf 80' lang='lat' dir='ltr'><strong>veritas</strong></span> <span class='ocrx_word' id='word_1_256' title='bbox 766 1717 1016 1771; x_wconf 86' lang='lat' dir='ltr'><strong>liberabit</strong></span> <span class='ocrx_word' id='word_1_257' title='bbox 1040 1730 1153 1769; x_wconf 77' lang='lat' dir='ltr'><strong>vos.</strong></span> <span class='ocrx_word' id='word_1_258' title='bbox 1184 1712 1385 1778; x_wconf 79' lang='lat' dir='ltr'><strong>Quibus</strong></span> <span class='ocrx_word' id='word_1_259' title='bbox 1406 1709 1827 1781; x_wconf 71' lang='lat' dir='ltr'><strong>respondenfibus</strong></span> <span class='ocrx_word' id='word_1_260' title='bbox 1855 1724 1909 1761; x_wconf 88' lang='lat' dir='ltr'><strong>se</strong></span> <span class='ocrx_word' id='word_1_261' title='bbox 1936 1720 2044 1781; x_wconf 75' lang='lat' dir='ltr'><strong>esse</strong></span> 
     </span>
    </p>
   </div>
   <div class='ocr_carea' id='block_1_32' title="bbox 2155 1677 3727 1781">
    <p class='ocr_par' dir='ltr' id='par_1_32' title="bbox 2155 1677 3727 1753">
     <span class='ocr_line' id='line_1_33' title="bbox 2155 1677 3727 1753; baseline -0.009 -9"><span class='ocrx_word' id='word_1_262' title='bbox 2155 1698 2196 1744; x_wconf 69' lang='lat' dir='ltr'><strong>et</strong></span> <span class='ocrx_word' id='word_1_263' title='bbox 2225 1689 2417 1743; x_wconf 85' lang='lat' dir='ltr'><strong>nemini</strong></span> <span class='ocrx_word' id='word_1_264' title='bbox 2443 1686 2741 1741; x_wconf 67' lang='lat' dir='ltr'><strong>seruiuimus</strong></span> <span class='ocrx_word' id='word_1_265' title='bbox 2768 1698 3016 1753; x_wconf 82' lang='lat' dir='ltr'><strong>unquam,</strong></span> <span class='ocrx_word' id='word_1_266' title='bbox 3046 1679 3307 1751; x_wconf 83' lang='lat' dir='ltr'><strong>quomodo</strong></span> <span class='ocrx_word' id='word_1_267' title='bbox 3333 1688 3389 1732; x_wconf 84' lang='lat' dir='ltr'><strong>tu</strong></span> <span class='ocrx_word' id='word_1_268' title='bbox 3420 1678 3554 1732; x_wconf 86' lang='lat' dir='ltr'><strong>dicis</strong></span> <span class='ocrx_word' id='word_1_269' title='bbox 3585 1695 3605 1733; x_wconf 90' lang='lat'><strong><em>:</em></strong></span> <span class='ocrx_word' id='word_1_270' title='bbox 3633 1677 3727 1731; x_wconf 82' lang='lat' dir='ltr'><strong>Li-</strong></span> 
     </span>
    </p>
   </div>
   <div class='ocr_carea' id='block_1_33' title="bbox 541 1768 3726 1852">
    <p class='ocr_par' dir='ltr' id='par_1_33' title="bbox 541 1768 3726 1852">
     <span class='ocr_line' id='line_1_34' title="bbox 541 1768 3726 1852; baseline -0.007 -9"><span class='ocrx_word' id='word_1_271' title='bbox 541 1768 889 1852; x_wconf 39' lang='lat' dir='ltr'><strong>lib-e-rdsﬂieit</strong></span> <span class='ocrx_word' id='word_1_272' title='bbox 910 1768 1496 1852; x_wconf 55' lang='lat' dir='ltr'><strong>EQuifacitpematum,</strong></span> <span class='ocrx_word' id='word_1_273' title='bbox 1510 1795 1697 1836; x_wconf 87' lang='lat' dir='ltr'><strong>servus</strong></span> <span class='ocrx_word' id='word_1_274' title='bbox 1708 1787 1793 1835; x_wconf 89' lang='lat' dir='ltr'><strong>est</strong></span> <span class='ocrx_word' id='word_1_275' title='bbox 1811 1776 2038 1848; x_wconf 80' lang='lat' dir='ltr'><strong>peccati.</strong></span> <span class='ocrx_word' id='word_1_276' title='bbox 2073 1771 2121 1831; x_wconf 83' lang='grc' dir='ltr'><strong>Β</strong></span> <span class='ocrx_word' id='word_1_277' title='bbox 2149 1780 2257 1834; x_wconf 87' lang='lat' dir='ltr'><strong>beri</strong></span> <span class='ocrx_word' id='word_1_278' title='bbox 2281 1778 2424 1832; x_wconf 78' lang='lat' dir='ltr'><strong>eritis</strong></span> <span class='ocrx_word' id='word_1_279' title='bbox 2442 1777 2468 1831; x_wconf 82' lang='lat'><strong>?</strong></span> <span class='ocrx_word' id='word_1_280' title='bbox 2494 1775 2539 1832; x_wconf 94' lang='lat'><strong>0</strong></span> <span class='ocrx_word' id='word_1_281' title='bbox 2562 1790 2700 1830; x_wconf 88' lang='lat' dir='ltr'><strong>vana</strong></span> <span class='ocrx_word' id='word_1_282' title='bbox 2746 1773 3027 1843; x_wconf 85' lang='lat' dir='ltr'><strong>superbia!</strong></span> <span class='ocrx_word' id='word_1_283' title='bbox 3058 1786 3095 1826; x_wconf 82' lang='grc' dir='ltr'>ο</span> <span class='ocrx_word' id='word_1_284' title='bbox 3117 1770 3249 1826; x_wconf 85' lang='lat' dir='ltr'><strong>falsa</strong></span> <span class='ocrx_word' id='word_1_285' title='bbox 3272 1768 3559 1838; x_wconf 82' lang='lat' dir='ltr'><strong>jactantia!</strong></span> <span class='ocrx_word' id='word_1_286' title='bbox 3588 1782 3726 1838; x_wconf 89' lang='lat' dir='ltr'><strong>quo-</strong></span> 
     </span>
    </p>
   </div>
   <div class='ocr_carea' id='block_1_34' title="bbox 544 1889 2049 1960">
    <p class='ocr_par' dir='ltr' id='par_1_34' title="bbox 544 1889 2049 1960">
     <span class='ocr_line' id='line_1_35' title="bbox 544 1889 2049 1960; baseline -0.011 0"><span class='ocrx_word' id='word_1_287' title='bbox 544 1906 704 1960; x_wconf 77' lang='lat' dir='ltr'><strong>Vsus.</strong></span> <span class='ocrx_word' id='word_1_288' title='bbox 735 1903 822 1957; x_wconf 76' lang='grc'><strong>31.</strong></span> <span class='ocrx_word' id='word_1_289' title='bbox 850 1930 922 1941; x_wconf 86' lang='grc'><strong><em>--</em></strong></span> <span class='ocrx_word' id='word_1_290' title='bbox 945 1918 963 1952; x_wconf 84' lang='grc'>‹</span> <span class='ocrx_word' id='word_1_291' title='bbox 1001 1896 1059 1955; x_wconf 89' lang='lat' dir='ltr'><strong>Si</strong></span> <span class='ocrx_word' id='word_1_292' title='bbox 1083 1916 1169 1953; x_wconf 78' lang='lat' dir='ltr'><strong>ros</strong></span> <span class='ocrx_word' id='word_1_293' title='bbox 1198 1897 1493 1951; x_wconf 85' lang='lat' dir='ltr'><strong>manseritis</strong></span> <span class='ocrx_word' id='word_1_294' title='bbox 1519 1896 1573 1949; x_wconf 81' lang='lat' dir='ltr'><strong>in.</strong></span> <span class='ocrx_word' id='word_1_295' title='bbox 1592 1894 1744 1949; x_wconf 87' lang='lat' dir='ltr'><strong>verbo</strong></span> <span class='ocrx_word' id='word_1_296' title='bbox 1773 1889 2049 1947; x_wconf 88' lang='lat' dir='ltr'><strong>meo.ldeo</strong></span> 
     </span>
    </p>
   </div>
   <div class='ocr_carea' id='block_1_35' title="bbox 471 1983 2044 2062">
    <p class='ocr_par' dir='ltr' id='par_1_35' title="bbox 471 1983 2044 2062">
     <span class='ocr_line' id='line_1_36' title="bbox 471 1983 2044 2062; baseline -0.011 -11"><span class='ocrx_word' id='word_1_297' title='bbox 471 1995 786 2059; x_wconf 64' lang='lat' dir='ltr'><strong>mensa-itis,</strong></span> <span class='ocrx_word' id='word_1_298' title='bbox 811 1993 933 2062; x_wconf 90' lang='lat' dir='ltr'><strong>quia</strong></span> <span class='ocrx_word' id='word_1_299' title='bbox 960 1991 1155 2046; x_wconf 84' lang='lat' dir='ltr'><strong>initiati</strong></span> <span class='ocrx_word' id='word_1_300' title='bbox 1192 1989 1341 2054; x_wconf 85' lang='lat' dir='ltr'><strong>estis,</strong></span> <span class='ocrx_word' id='word_1_301' title='bbox 1372 1989 1498 2059; x_wconf 85' lang='lat' dir='ltr'><strong>quia</strong></span> <span class='ocrx_word' id='word_1_302' title='bbox 1546 2001 1665 2041; x_wconf 88' lang='lat' dir='ltr'><strong>esse</strong></span> <span class='ocrx_word' id='word_1_303' title='bbox 1691 1985 1763 2039; x_wconf 88' lang='lat' dir='ltr'><strong>ibi</strong></span> <span class='ocrx_word' id='word_1_304' title='bbox 1789 1983 2044 2053; x_wconf 66' lang='lat' dir='ltr'><strong>coepistis.</strong></span> 
     </span>
    </p>
   </div>
   <div class='ocr_carea' id='block_1_36' title="bbox 474 2076 2051 2147">
    <p class='ocr_par' dir='ltr' id='par_1_36' title="bbox 474 2076 2051 2147">
     <span class='ocr_line' id='line_1_37' title="bbox 474 2076 2051 2147; baseline -0.01 -7"><span class='ocrx_word' id='word_1_305' title='bbox 474 2085 530 2141; x_wconf 87' lang='lat' dir='ltr'><strong>Si</strong></span> <span class='ocrx_word' id='word_1_306' title='bbox 562 2083 877 2147; x_wconf 83' lang='lat' dir='ltr'><strong>manseritis,</strong></span> <span class='ocrx_word' id='word_1_307' title='bbox 909 2083 1012 2136; x_wconf 91' lang='lat' dir='ltr'><strong>hoc</strong></span> <span class='ocrx_word' id='word_1_308' title='bbox 1039 2090 1141 2144; x_wconf 82' lang='lat' dir='ltr'><strong>est,</strong></span> <span class='ocrx_word' id='word_1_309' title='bbox 1172 2080 1224 2134; x_wconf 89' lang='lat' dir='ltr'><strong>in</strong></span> <span class='ocrx_word' id='word_1_310' title='bbox 1251 2080 1353 2132; x_wconf 88' lang='lat' dir='ltr'><strong>ﬁde</strong></span> <span class='ocrx_word' id='word_1_311' title='bbox 1381 2093 1500 2147; x_wconf 73' lang='lat' dir='ltr'><strong>quae</strong></span> <span class='ocrx_word' id='word_1_312' title='bbox 1531 2077 1583 2131; x_wconf 91' lang='lat' dir='ltr'><strong>in</strong></span> <span class='ocrx_word' id='word_1_313' title='bbox 1607 2076 1757 2131; x_wconf 89' lang='lat' dir='ltr'><strong>vobis</strong></span> <span class='ocrx_word' id='word_1_314' title='bbox 1785 2089 1902 2128; x_wconf 87' lang='lat' dir='ltr'><strong>esse</strong></span> <span class='ocrx_word' id='word_1_315' title='bbox 1929 2087 2051 2126; x_wconf 89' lang='lat' dir='ltr'><strong>crc-</strong></span> 
     </span>
    </p>
   </div>
   <div class='ocr_carea' id='block_1_37' title="bbox 474 2164 2046 2242">
    <p class='ocr_par' dir='ltr' id='par_1_37' title="bbox 474 2164 2046 2242">
     <span class='ocr_line' id='line_1_38' title="bbox 474 2164 2046 2242; baseline -0.008 -13"><span class='ocrx_word' id='word_1_316' title='bbox 474 2174 723 2229; x_wconf 89' lang='lat' dir='ltr'><strong>dentibus</strong></span> <span class='ocrx_word' id='word_1_317' title='bbox 749 2171 932 2242; x_wconf 75' lang='lat' dir='ltr'><strong>cmpit,</strong></span> <span class='ocrx_word' id='word_1_318' title='bbox 960 2185 1065 2241; x_wconf 88' lang='lat' dir='ltr'><strong>quo</strong></span> <span class='ocrx_word' id='word_1_319' title='bbox 1090 2168 1455 2240; x_wconf 88' lang='lat' dir='ltr'><strong>pervcnietis?</strong></span> <span class='ocrx_word' id='word_1_320' title='bbox 1483 2166 1616 2223; x_wconf 80' lang='lat' dir='ltr'><strong>Vide</strong></span> <span class='ocrx_word' id='word_1_321' title='bbox 1636 2165 1794 2237; x_wconf 88' lang='lat' dir='ltr'><strong>quale</strong></span> <span class='ocrx_word' id='word_1_322' title='bbox 1816 2164 2046 2229; x_wconf 89' lang='lat' dir='ltr'><strong>initium,</strong></span> 
     </span>
    </p>
   </div>
   <div class='ocr_carea' id='block_1_38' title="bbox 477 2252 2050 2333">
    <p class='ocr_par' dir='ltr' id='par_1_38' title="bbox 477 2252 2050 2333">
     <span class='ocr_line' id='line_1_39' title="bbox 477 2252 2050 2333; baseline -0.007 -17"><span class='ocrx_word' id='word_1_323' title='bbox 477 2278 585 2333; x_wconf 88' lang='lat' dir='ltr'><strong>quo</strong></span> <span class='ocrx_word' id='word_1_324' title='bbox 613 2258 1077 2332; x_wconf 80' lang='lat' dir='ltr'><strong>perducitur&#39;[Al.</strong></span> <span class='ocrx_word' id='word_1_325' title='bbox 1125 2256 1414 2329; x_wconf 83' lang='lat' dir='ltr'><strong>perducit].</strong></span> <span class='ocrx_word' id='word_1_326' title='bbox 1469 2254 1675 2311; x_wconf 82' lang='lat' dir='ltr'><strong>Amasti</strong></span> <span class='ocrx_word' id='word_1_327' title='bbox 1732 2252 2050 2308; x_wconf 79' lang='lat' dir='ltr'><strong>fundamen-</strong></span> 
     </span>
    </p>
   </div>
   <div class='ocr_carea' id='block_1_39' title="bbox 477 2340 2054 2415">
    <p class='ocr_par' dir='ltr' id='par_1_39' title="bbox 477 2340 2054 2415">
     <span class='ocr_line' id='line_1_40' title="bbox 477 2340 2054 2415; baseline -0.009 -8"><span class='ocrx_word' id='word_1_328' title='bbox 477 2362 611 2415; x_wconf 87' lang='lat' dir='ltr'><strong>tum,</strong></span> <span class='ocrx_word' id='word_1_329' title='bbox 637 2351 845 2407; x_wconf 85' lang='lat' dir='ltr'><strong>culmen</strong></span> <span class='ocrx_word' id='word_1_330' title='bbox 872 2350 1107 2414; x_wconf 87' lang='lat' dir='ltr'><strong>attende,</strong></span> <span class='ocrx_word' id='word_1_331' title='bbox 1134 2355 1190 2403; x_wconf 89' lang='lat' dir='ltr'><strong>et</strong></span> <span class='ocrx_word' id='word_1_332' title='bbox 1214 2361 1281 2402; x_wconf 74' lang='lat' dir='ltr'><strong>ex</strong></span> <span class='ocrx_word' id='word_1_333' title='bbox 1303 2347 1405 2401; x_wconf 89' lang='lat' dir='ltr'><strong>ista</strong></span> <span class='ocrx_word' id='word_1_334' title='bbox 1437 2344 1735 2400; x_wconf 90' lang='lat' dir='ltr'><strong>humilitate</strong></span> <span class='ocrx_word' id='word_1_335' title='bbox 1764 2341 1923 2396; x_wconf 88' lang='lat' dir='ltr'><strong>aliam</strong></span> <span class='ocrx_word' id='word_1_336' title='bbox 1946 2340 2054 2395; x_wconf 88' lang='lat' dir='ltr'><strong>ccl-</strong></span> 
     </span>
    </p>
   </div>
   <div class='ocr_carea' id='block_1_40' title="bbox 478 2432 2050 2509">
    <p class='ocr_par' dir='ltr' id='par_1_40' title="bbox 478 2432 2050 2509">
     <span class='ocr_line' id='line_1_41' title="bbox 478 2432 2050 2509; baseline -0.007 -14"><span class='ocrx_word' id='word_1_337' title='bbox 478 2441 762 2496; x_wconf 88' lang='lat' dir='ltr'><strong>situdinem</strong></span> <span class='ocrx_word' id='word_1_338' title='bbox 806 2455 1005 2509; x_wconf 63' lang='lat' dir='ltr'><strong>quaere.</strong></span> <span class='ocrx_word' id='word_1_339' title='bbox 1059 2439 1221 2494; x_wconf 83' lang='lat' dir='ltr'><strong>Fides</strong></span> <span class='ocrx_word' id='word_1_340' title='bbox 1266 2437 1411 2493; x_wconf 89' lang='lat' dir='ltr'><strong>enim</strong></span> <span class='ocrx_word' id='word_1_341' title='bbox 1458 2434 1817 2491; x_wconf 90' lang='lat' dir='ltr'><strong>humilitatem</strong></span> <span class='ocrx_word' id='word_1_342' title='bbox 1847 2432 2050 2497; x_wconf 87' lang='lat' dir='ltr'><strong>habet;</strong></span> 
     </span>
    </p>
   </div>
   <div class='ocr_carea' id='block_1_41' title="bbox 479 2522 2056 2603">
    <p class='ocr_par' dir='ltr' id='par_1_41' title="bbox 479 2522 2056 2603">
     <span class='ocr_line' id='line_1_42' title="bbox 479 2522 2056 2603; baseline -0.009 -15"><span class='ocrx_word' id='word_1_343' title='bbox 479 2533 710 2603; x_wconf 79' lang='lat' dir='ltr'><strong>cognitio</strong></span> <span class='ocrx_word' id='word_1_344' title='bbox 738 2541 790 2587; x_wconf 89' lang='lat' dir='ltr'><strong>et</strong></span> <span class='ocrx_word' id='word_1_345' title='bbox 828 2530 1203 2586; x_wconf 84' lang='lat' dir='ltr'><strong>immortalitas</strong></span> <span class='ocrx_word' id='word_1_346' title='bbox 1241 2537 1296 2583; x_wconf 88' lang='lat' dir='ltr'><strong>et</strong></span> <span class='ocrx_word' id='word_1_347' title='bbox 1323 2528 1598 2583; x_wconf 66' lang='lat' dir='ltr'><strong>aeternitas</strong></span> <span class='ocrx_word' id='word_1_348' title='bbox 1636 2541 1743 2581; x_wconf 90' lang='lat' dir='ltr'><strong>non</strong></span> <span class='ocrx_word' id='word_1_349' title='bbox 1768 2522 1930 2579; x_wconf 86' lang='lat' dir='ltr'><strong>habet</strong></span> <span class='ocrx_word' id='word_1_350' title='bbox 1954 2522 2056 2576; x_wconf 89' lang='lat' dir='ltr'><strong>hu-</strong></span> 
     </span>
    </p>
   </div>
   <div class='ocr_carea' id='block_1_42' title="bbox 481 2611 2053 2685">
    <p class='ocr_par' dir='ltr' id='par_1_42' title="bbox 481 2611 2053 2685">
     <span class='ocr_line' id='line_1_43' title="bbox 481 2611 2053 2685; baseline -0.008 -10"><span class='ocrx_word' id='word_1_351' title='bbox 481 2622 782 2685; x_wconf 89' lang='lat' dir='ltr'><strong>militatem,</strong></span> <span class='ocrx_word' id='word_1_352' title='bbox 811 2619 905 2674; x_wconf 89' lang='lat' dir='ltr'><strong>sed</strong></span> <span class='ocrx_word' id='word_1_353' title='bbox 950 2619 1339 2684; x_wconf 89' lang='lat' dir='ltr'><strong>celsitudinem,</strong></span> <span class='ocrx_word' id='word_1_354' title='bbox 1380 2625 1435 2671; x_wconf 91' lang='lat' dir='ltr'><strong>et</strong></span> <span class='ocrx_word' id='word_1_355' title='bbox 1463 2615 1811 2677; x_wconf 86' lang='lat' dir='ltr'><strong>erectionem,</strong></span> <span class='ocrx_word' id='word_1_356' title='bbox 1854 2611 2053 2667; x_wconf 88' lang='lat' dir='ltr'><strong>nullam</strong></span> 
     </span>
    </p>
   </div>
   <div class='ocr_carea' id='block_1_43' title="bbox 482 2703 2058 2777">
    <p class='ocr_par' dir='ltr' id='par_1_43' title="bbox 482 2703 2058 2777">
     <span class='ocr_line' id='line_1_44' title="bbox 482 2703 2058 2777; baseline -0.009 -7"><span class='ocrx_word' id='word_1_357' title='bbox 482 2712 866 2777; x_wconf 74' lang='lat' dir='ltr'><strong>deiectionem;</strong></span> <span class='ocrx_word' id='word_1_358' title='bbox 918 2719 1175 2766; x_wconf 62' lang='lat' dir='ltr'><strong>aeternam</strong></span> <span class='ocrx_word' id='word_1_359' title='bbox 1211 2709 1578 2773; x_wconf 87' lang='lat' dir='ltr'><strong>stabilitatem,</strong></span> <span class='ocrx_word' id='word_1_360' title='bbox 1610 2705 1808 2761; x_wconf 90' lang='lat' dir='ltr'><strong>nullam</strong></span> <span class='ocrx_word' id='word_1_361' title='bbox 1851 2705 1919 2759; x_wconf 91' lang='lat' dir='ltr'><strong>ab</strong></span> <span class='ocrx_word' id='word_1_362' title='bbox 1956 2703 2058 2757; x_wconf 88' lang='lat' dir='ltr'><strong>iui-</strong></span> 
     </span>
    </p>
   </div>
   <div class='ocr_carea' id='block_1_44' title="bbox 483 2796 2052 2874">
    <p class='ocr_par' dir='ltr' id='par_1_44' title="bbox 483 2796 2052 2874">
     <span class='ocr_line' id='line_1_45' title="bbox 483 2796 2052 2874; baseline -0.008 -14"><span class='ocrx_word' id='word_1_363' title='bbox 483 2804 625 2860; x_wconf 81' lang='lat' dir='ltr'><strong>mico</strong></span> <span class='ocrx_word' id='word_1_364' title='bbox 671 2802 1157 2874; x_wconf 77' lang='lat' dir='ltr'><strong>expugnationem,</strong></span> <span class='ocrx_word' id='word_1_365' title='bbox 1210 2799 1412 2855; x_wconf 90' lang='lat' dir='ltr'><strong>nullum</strong></span> <span class='ocrx_word' id='word_1_366' title='bbox 1462 2796 1740 2853; x_wconf 88' lang='lat' dir='ltr'><strong>deﬁciendi</strong></span> <span class='ocrx_word' id='word_1_367' title='bbox 1786 2796 2052 2850; x_wconf 87' lang='lat' dir='ltr'><strong>timorem.</strong></span> 
     </span>
    </p>
   </div>
   <div class='ocr_carea' id='block_1_45' title="bbox 484 2888 2057 2966">
    <p class='ocr_par' dir='ltr' id='par_1_45' title="bbox 484 2888 2057 2966">
     <span class='ocr_line' id='line_1_46' title="bbox 484 2888 2057 2966; baseline -0.007 -15"><span class='ocrx_word' id='word_1_368' title='bbox 484 2897 731 2966; x_wconf 76' lang='lat' dir='ltr'><strong>Magnum</strong></span> <span class='ocrx_word' id='word_1_369' title='bbox 752 2902 835 2949; x_wconf 89' lang='lat' dir='ltr'><strong>est</strong></span> <span class='ocrx_word' id='word_1_370' title='bbox 863 2895 1004 2965; x_wconf 91' lang='lat' dir='ltr'><strong>quod</strong></span> <span class='ocrx_word' id='word_1_371' title='bbox 1030 2892 1217 2963; x_wconf 91' lang='lat' dir='ltr'><strong>incipit</strong></span> <span class='ocrx_word' id='word_1_372' title='bbox 1235 2906 1265 2944; x_wconf 91' lang='lat' dir='ltr'><strong>a</strong></span> <span class='ocrx_word' id='word_1_373' title='bbox 1296 2890 1415 2953; x_wconf 88' lang='lat' dir='ltr'><strong>ﬁde,</strong></span> <span class='ocrx_word' id='word_1_374' title='bbox 1445 2910 1461 2942; x_wconf 74' lang='grc' dir='ltr'><strong>ι</strong></span> <span class='ocrx_word' id='word_1_375' title='bbox 1490 2890 1583 2944; x_wconf 88' lang='lat' dir='ltr'><strong>sed</strong></span> <span class='ocrx_word' id='word_1_376' title='bbox 1614 2888 1784 2958; x_wconf 85' lang='lat' dir='ltr'><strong>majus</strong></span> <span class='ocrx_word' id='word_1_377' title='bbox 1813 2902 1919 2958; x_wconf 87' lang='lat' dir='ltr'><strong>quo</strong></span> <span class='ocrx_word' id='word_1_378' title='bbox 1938 2901 2057 2956; x_wconf 82' lang='lat' dir='ltr'><strong>pcr-</strong></span> 
     </span>
    </p>
   </div>
   <div class='ocr_carea' id='block_1_46' title="bbox 485 2977 2058 3054">
    <p class='ocr_par' dir='ltr' id='par_1_46' title="bbox 485 2977 2058 3054">
     <span class='ocr_line' id='line_1_47' title="bbox 485 2977 2058 3054; baseline -0.006 -16"><span class='ocrx_word' id='word_1_379' title='bbox 485 2987 698 3040; x_wconf 82' lang='lat' dir='ltr'><strong>venitur</strong></span> <span class='ocrx_word' id='word_1_380' title='bbox 724 2999 821 3054; x_wconf 85' lang='lat' dir='ltr'><strong>per</strong></span> <span class='ocrx_word' id='word_1_381' title='bbox 848 2981 1026 3037; x_wconf 89' lang='lat' dir='ltr'><strong>ﬁdem.</strong></span> <span class='ocrx_word' id='word_1_382' title='bbox 1055 2980 1192 3037; x_wconf 77' lang='lat' dir='ltr'><strong>Audi</strong></span> <span class='ocrx_word' id='word_1_383' title='bbox 1220 2980 1381 3050; x_wconf 85' lang='lat' dir='ltr'><strong>igitur</strong></span> <span class='ocrx_word' id='word_1_384' title='bbox 1406 2994 1512 3049; x_wconf 91' lang='lat' dir='ltr'><strong>quo</strong></span> <span class='ocrx_word' id='word_1_385' title='bbox 1543 2978 1835 3048; x_wconf 88' lang='lat' dir='ltr'><strong>perveniat,</strong></span> <span class='ocrx_word' id='word_1_386' title='bbox 1859 2987 1914 3030; x_wconf 89' lang='lat' dir='ltr'><strong>ct</strong></span> <span class='ocrx_word' id='word_1_387' title='bbox 1937 2977 2058 3030; x_wconf 84' lang='lat' dir='ltr'><strong>vide</strong></span> 
     </span>
    </p>
   </div>
   <div class='ocr_carea' id='block_1_47' title="bbox 484 3067 2055 3149">
    <p class='ocr_par' dir='ltr' id='par_1_47' title="bbox 484 3067 2055 3149">
     <span class='ocr_line' id='line_1_48' title="bbox 484 3067 2055 3149; baseline -0.008 -19"><span class='ocrx_word' id='word_1_388' title='bbox 484 3085 682 3149; x_wconf 82' lang='lat' dir='ltr'><strong>quanta</strong></span> <span class='ocrx_word' id='word_1_389' title='bbox 718 3074 790 3128; x_wconf 88' lang='lat' dir='ltr'><strong>sit</strong></span> <span class='ocrx_word' id='word_1_390' title='bbox 810 3071 960 3127; x_wconf 88' lang='lat' dir='ltr'><strong>ﬁdes.</strong></span> <span class='ocrx_word' id='word_1_391' title='bbox 987 3071 1170 3143; x_wconf 79' lang='lat' dir='ltr'><strong>(Vens.</strong></span> <span class='ocrx_word' id='word_1_392' title='bbox 1198 3067 1311 3137; x_wconf 71' lang='lat'><strong>&#39;52.)</strong></span> <span class='ocrx_word' id='word_1_393' title='bbox 1338 3068 1480 3139; x_wconf 85' lang='lat' dir='ltr'><strong>Ergo</strong></span> <span class='ocrx_word' id='word_1_394' title='bbox 1506 3078 1556 3122; x_wconf 85' lang='lat' dir='ltr'><strong>et</strong></span> <span class='ocrx_word' id='word_1_395' title='bbox 1584 3085 1691 3132; x_wconf 78' lang='lat' dir='ltr'><strong>vos,</strong></span> <span class='ocrx_word' id='word_1_396' title='bbox 1721 3067 1817 3132; x_wconf 88' lang='lat' dir='ltr'><strong>ait,</strong></span> <span class='ocrx_word' id='word_1_397' title='bbox 1840 3068 1884 3120; x_wconf 87' lang='lat' dir='ltr'><strong>si</strong></span> <span class='ocrx_word' id='word_1_398' title='bbox 1904 3082 2055 3119; x_wconf 81' lang='lat' dir='ltr'><strong>mun-</strong></span> 
     </span>
    </p>
   </div>
   <div class='ocr_carea' id='block_1_48' title="bbox 483 3155 2054 3233">
    <p class='ocr_par' dir='ltr' id='par_1_48' title="bbox 483 3155 2054 3233">
     <span class='ocr_line' id='line_1_49' title="bbox 483 3155 2054 3233; baseline -0.01 -10"><span class='ocrx_word' id='word_1_399' title='bbox 483 3169 653 3223; x_wconf 78' lang='lat' dir='ltr'><strong>serit‘is</strong></span> <span class='ocrx_word' id='word_1_400' title='bbox 675 3167 728 3220; x_wconf 87' lang='lat' dir='ltr'><strong>in</strong></span> <span class='ocrx_word' id='word_1_401' title='bbox 755 3164 905 3219; x_wconf 86' lang='lat' dir='ltr'><strong>verba</strong></span> <span class='ocrx_word' id='word_1_402' title='bbox 934 3179 1046 3216; x_wconf 85' lang='lat' dir='ltr'><strong>meo</strong></span> <span class='ocrx_word' id='word_1_403' title='bbox 1074 3163 1125 3216; x_wconf 86' lang='lat' dir='ltr'><strong>in</strong></span> <span class='ocrx_word' id='word_1_404' title='bbox 1138 3177 1237 3233; x_wconf 86' lang='lat' dir='ltr'><strong>quo</strong></span> <span class='ocrx_word' id='word_1_405' title='bbox 1254 3160 1563 3224; x_wconf 84' lang='lat' dir='ltr'><strong>credidistis,</strong></span> <span class='ocrx_word' id='word_1_406' title='bbox 1581 3155 2054 3227; x_wconf 75' lang='lat' dir='ltr'><strong>t&#39;erediscipulimei</strong></span> 
     </span>
    </p>
   </div>
   <div class='ocr_carea' id='block_1_49' title="bbox 484 3246 2053 3325">
    <p class='ocr_par' dir='ltr' id='par_1_49' title="bbox 484 3246 2053 3325">
     <span class='ocr_line' id='line_1_50' title="bbox 484 3246 2053 3325; baseline -0.008 -13"><span class='ocrx_word' id='word_1_407' title='bbox 484 3255 662 3322; x_wconf 78' lang='lat' dir='ltr'><strong>eritis;</strong></span> <span class='ocrx_word' id='word_1_408' title='bbox 683 3254 955 3325; x_wconf 66' lang='lat' dir='ltr'><strong>subiunxit</strong></span> <span class='ocrx_word' id='word_1_409' title='bbox 970 3267 1182 3322; x_wconf 88' lang='lat' dir='ltr'><strong>quoque</strong></span> <span class='ocrx_word' id='word_1_410' title='bbox 1208 3269 1220 3305; x_wconf 91' lang='lat'>:</span> <span class='ocrx_word' id='word_1_411' title='bbox 1245 3261 1294 3306; x_wconf 87' lang='lat' dir='ltr'><strong>et</strong></span> <span class='ocrx_word' id='word_1_412' title='bbox 1314 3250 1627 3321; x_wconf 82' lang='lat' dir='ltr'><strong>cognoscetis</strong></span> <span class='ocrx_word' id='word_1_413' title='bbox 1651 3250 1932 3302; x_wconf 72' lang='lat' dir='ltr'><strong>veritatem.</strong></span> <span class='ocrx_word' id='word_1_414' title='bbox 1950 3246 2053 3313; x_wconf 86' lang='lat' dir='ltr'><strong>Qui</strong></span> 
     </span>
    </p>
   </div>
   <div class='ocr_carea' id='block_1_50' title="bbox 482 3341 2054 3420">
    <p class='ocr_par' dir='ltr' id='par_1_50' title="bbox 482 3341 2054 3420">
     <span class='ocr_line' id='line_1_51' title="bbox 482 3341 2054 3420; baseline -0.008 -15"><span class='ocrx_word' id='word_1_415' title='bbox 482 3348 757 3420; x_wconf 84' lang='lat' dir='ltr'><strong>cognoscit</strong></span> <span class='ocrx_word' id='word_1_416' title='bbox 771 3346 1066 3407; x_wconf 83' lang='lat' dir='ltr'><strong>veritatem,</strong></span> <span class='ocrx_word' id='word_1_417' title='bbox 1088 3345 1360 3414; x_wconf 80' lang='lat' dir='ltr'><strong>cognoscit</strong></span> <span class='ocrx_word' id='word_1_418' title='bbox 1389 3344 1579 3407; x_wconf 89' lang='lat' dir='ltr'><strong>Deum,</strong></span> <span class='ocrx_word' id='word_1_419' title='bbox 1602 3343 1726 3412; x_wconf 87' lang='lat' dir='ltr'><strong>quia</strong></span> <span class='ocrx_word' id='word_1_420' title='bbox 1751 3342 1892 3396; x_wconf 88' lang='lat' dir='ltr'><strong>Deus</strong></span> <span class='ocrx_word' id='word_1_421' title='bbox 1913 3341 2054 3395; x_wconf 82' lang='lat' dir='ltr'><strong>veri—</strong></span> 
     </span>
    </p>
   </div>
   <div class='ocr_carea' id='block_1_51' title="bbox 486 3431 2055 3504">
    <p class='ocr_par' dir='ltr' id='par_1_51' title="bbox 486 3431 2055 3504">
     <span class='ocr_line' id='line_1_52' title="bbox 486 3431 2055 3504; baseline -0.008 -10"><span class='ocrx_word' id='word_1_422' title='bbox 486 3447 569 3494; x_wconf 82' lang='lat' dir='ltr'><strong>tas</strong></span> <span class='ocrx_word' id='word_1_423' title='bbox 584 3447 684 3502; x_wconf 84' lang='lat' dir='ltr'><strong>est,</strong></span> <span class='ocrx_word' id='word_1_424' title='bbox 706 3436 917 3492; x_wconf 84' lang='lat' dir='ltr'><strong>dicente</strong></span> <span class='ocrx_word' id='word_1_425' title='bbox 938 3436 1052 3504; x_wconf 89' lang='lat' dir='ltr'><strong>ipso</strong></span> <span class='ocrx_word' id='word_1_426' title='bbox 1071 3434 1297 3487; x_wconf 86' lang='lat' dir='ltr'><strong>Domino</strong></span> <span class='ocrx_word' id='word_1_427' title='bbox 1314 3450 1326 3485; x_wconf 92' lang='lat'>:</span> <span class='ocrx_word' id='word_1_428' title='bbox 1352 3434 1461 3501; x_wconf 80' lang='lat' dir='ltr'><strong>Ego</strong></span> <span class='ocrx_word' id='word_1_429' title='bbox 1478 3448 1593 3485; x_wconf 81' lang='lat' dir='ltr'><strong>sum</strong></span> <span class='ocrx_word' id='word_1_430' title='bbox 1605 3433 1703 3496; x_wconf 81' lang='lat' dir='ltr'><strong>via,</strong></span> <span class='ocrx_word' id='word_1_431' title='bbox 1720 3440 1768 3485; x_wconf 90' lang='lat' dir='ltr'><strong>et</strong></span> <span class='ocrx_word' id='word_1_432' title='bbox 1781 3431 1990 3495; x_wconf 85' lang='lat' dir='ltr'><strong>veritas,</strong></span> <span class='ocrx_word' id='word_1_433' title='bbox 2007 3438 2055 3483; x_wconf 85' lang='lat' dir='ltr'><strong>et</strong></span> 
     </span>
    </p>
   </div>
   <div class='ocr_carea' id='block_1_52' title="bbox 485 3522 2057 3600">
    <p class='ocr_par' dir='ltr' id='par_1_52' title="bbox 485 3522 2057 3600">
     <span class='ocr_line' id='line_1_53' title="bbox 485 3522 2057 3600; baseline -0.006 -17"><span class='ocrx_word' id='word_1_434' title='bbox 485 3530 591 3583; x_wconf 76' lang='lat' dir='ltr'><strong>vita</strong></span> <span class='ocrx_word' id='word_1_435' title='bbox 621 3524 800 3600; x_wconf 80' lang='lat' dir='ltr'><strong>(Joan.</strong></span> <span class='ocrx_word' id='word_1_436' title='bbox 836 3539 942 3589; x_wconf 72' lang='lat' dir='ltr'><strong>xiv,</strong></span> <span class='ocrx_word' id='word_1_437' title='bbox 972 3523 1047 3597; x_wconf 85' lang='lat'><strong>6).</strong></span> <span class='ocrx_word' id='word_1_438' title='bbox 1077 3522 1369 3579; x_wconf 80' lang='lat' dir='ltr'><strong>Credamus</strong></span> <span class='ocrx_word' id='word_1_439' title='bbox 1398 3535 1544 3590; x_wconf 80' lang='lat' dir='ltr'><strong>ergo,</strong></span> <span class='ocrx_word' id='word_1_440' title='bbox 1580 3529 1638 3573; x_wconf 91' lang='lat' dir='ltr'><strong>ut</strong></span> <span class='ocrx_word' id='word_1_441' title='bbox 1666 3534 2057 3590; x_wconf 80' lang='lat' dir='ltr'><strong>cognoscamus</strong></span> 
     </span>
    </p>
   </div>
   <div class='ocr_carea' id='block_1_53' title="bbox 485 3607 2059 3685">
    <p class='ocr_par' dir='ltr' id='par_1_53' title="bbox 485 3607 2059 3685">
     <span class='ocr_line' id='line_1_54' title="bbox 485 3607 2059 3685; baseline -0.006 -14"><span class='ocrx_word' id='word_1_442' title='bbox 485 3616 790 3680; x_wconf 81' lang='lat' dir='ltr'><strong>veritatem,</strong></span> <span class='ocrx_word' id='word_1_443' title='bbox 809 3612 931 3685; x_wconf 89' lang='lat' dir='ltr'><strong>quia</strong></span> <span class='ocrx_word' id='word_1_444' title='bbox 960 3614 1075 3668; x_wconf 89' lang='lat' dir='ltr'><strong>sine</strong></span> <span class='ocrx_word' id='word_1_445' title='bbox 1088 3611 1241 3682; x_wconf 80' lang='lat'><strong>551</strong></span> <span class='ocrx_word' id='word_1_446' title='bbox 1260 3610 1362 3665; x_wconf 85' lang='lat' dir='ltr'><strong>ﬁde</strong></span> <span class='ocrx_word' id='word_1_447' title='bbox 1395 3612 1462 3664; x_wconf 90' lang='lat' dir='ltr'><strong>ad</strong></span> <span class='ocrx_word' id='word_1_448' title='bbox 1487 3607 1845 3677; x_wconf 79' lang='lat' dir='ltr'><strong>cognitionem</strong></span> <span class='ocrx_word' id='word_1_449' title='bbox 1869 3608 2059 3663; x_wconf 83' lang='lat' dir='ltr'><strong>verita-</strong></span> 
     </span>
    </p>
   </div>
   <div class='ocr_carea' id='block_1_54' title="bbox 486 3696 2058 3771">
    <p class='ocr_par' dir='ltr' id='par_1_54' title="bbox 486 3696 2058 3771">
     <span class='ocr_line' id='line_1_55' title="bbox 486 3696 2058 3771; baseline -0.006 -13"><span class='ocrx_word' id='word_1_450' title='bbox 486 3704 559 3759; x_wconf 83' lang='lat' dir='ltr'><strong>tis</strong></span> <span class='ocrx_word' id='word_1_451' title='bbox 585 3704 765 3758; x_wconf 90' lang='lat' dir='ltr'><strong>nullus</strong></span> <span class='ocrx_word' id='word_1_452' title='bbox 787 3702 1066 3771; x_wconf 83' lang='lat' dir='ltr'><strong>pervenire</strong></span> <span class='ocrx_word' id='word_1_453' title='bbox 1091 3704 1305 3768; x_wconf 88' lang='lat' dir='ltr'><strong>poterit.</strong></span> <span class='ocrx_word' id='word_1_454' title='bbox 1339 3716 1355 3749; x_wconf 81' lang='grc'><strong>‹</strong></span> <span class='ocrx_word' id='word_1_455' title='bbox 1380 3698 1519 3765; x_wconf 83' lang='lat' dir='ltr'><strong>Quid</strong></span> <span class='ocrx_word' id='word_1_456' title='bbox 1545 3698 1811 3768; x_wconf 80' lang='lat' dir='ltr'><strong>cognituri</strong></span> <span class='ocrx_word' id='word_1_457' title='bbox 1838 3696 2058 3752; x_wconf 88' lang='lat' dir='ltr'><strong>sumus?</strong></span> 
     </span>
    </p>
   </div>
   <div class='ocr_carea' id='block_1_55' title="bbox 486 3789 2057 3862">
    <p class='ocr_par' dir='ltr' id='par_1_55' title="bbox 486 3789 2057 3862">
     <span class='ocr_line' id='line_1_56' title="bbox 486 3789 2057 3862; baseline -0.004 -15"><span class='ocrx_word' id='word_1_458' title='bbox 486 3794 622 3848; x_wconf 82' lang='lat' dir='ltr'><strong>illud</strong></span> <span class='ocrx_word' id='word_1_459' title='bbox 650 3791 791 3862; x_wconf 88' lang='lat' dir='ltr'><strong>quod</strong></span> <span class='ocrx_word' id='word_1_460' title='bbox 817 3806 915 3845; x_wconf 86' lang='lat' dir='ltr'><strong>nec</strong></span> <span class='ocrx_word' id='word_1_461' title='bbox 943 3790 1131 3848; x_wconf 87' lang='lat' dir='ltr'><strong>oculus</strong></span> <span class='ocrx_word' id='word_1_462' title='bbox 1154 3790 1305 3855; x_wconf 82' lang='lat' dir='ltr'><strong>vidit,</strong></span> <span class='ocrx_word' id='word_1_463' title='bbox 1335 3806 1436 3846; x_wconf 90' lang='lat' dir='ltr'><strong>nec</strong></span> <span class='ocrx_word' id='word_1_464' title='bbox 1460 3789 1606 3845; x_wconf 85' lang='lat' dir='ltr'><strong>auris</strong></span> <span class='ocrx_word' id='word_1_465' title='bbox 1628 3790 1852 3855; x_wconf 81' lang='lat' dir='ltr'><strong>audivit,</strong></span> <span class='ocrx_word' id='word_1_466' title='bbox 1878 3803 1976 3844; x_wconf 88' lang='lat' dir='ltr'><strong>nec</strong></span> <span class='ocrx_word' id='word_1_467' title='bbox 2004 3789 2057 3843; x_wconf 90' lang='lat' dir='ltr'><strong>in</strong></span> 
     </span>
    </p>
   </div>
   <div class='ocr_carea' id='block_1_56' title="bbox 486 3877 2055 3952">
    <p class='ocr_par' dir='ltr' id='par_1_56' title="bbox 486 3877 2055 3952">
     <span class='ocr_line' id='line_1_57' title="bbox 486 3877 2055 3952; baseline -0.006 -12"><span class='ocrx_word' id='word_1_468' title='bbox 486 3894 585 3940; x_wconf 87' lang='lat' dir='ltr'><strong>&#39;cor</strong></span> <span class='ocrx_word' id='word_1_469' title='bbox 619 3881 853 3939; x_wconf 88' lang='lat' dir='ltr'><strong>hominis</strong></span> <span class='ocrx_word' id='word_1_470' title='bbox 889 3881 1129 3937; x_wconf 85' lang='lat' dir='ltr'><strong>ascendit</strong></span> <span class='ocrx_word' id='word_1_471' title='bbox 1174 3880 1317 3952; x_wconf 81' lang='lat' dir='ltr'><strong>(lsa.</strong></span> <span class='ocrx_word' id='word_1_472' title='bbox 1365 3896 1508 3945; x_wconf 72' lang='lat' dir='ltr'><strong>LXIv,</strong></span> <span class='ocrx_word' id='word_1_473' title='bbox 1541 3879 1602 3945; x_wconf 65' lang='lat' dir='ltr'><strong>li;</strong></span> <span class='ocrx_word' id='word_1_474' title='bbox 1637 3878 1667 3932; x_wconf 89' lang='grc' dir='ltr'><em>Ι</em></span> <span class='ocrx_word' id='word_1_475' title='bbox 1707 3877 1828 3933; x_wconf 85' lang='lat' dir='ltr'><strong>Cor.</strong></span> <span class='ocrx_word' id='word_1_476' title='bbox 1873 3895 1932 3943; x_wconf 84' lang='grc' dir='ltr'><strong>ιι,</strong></span> <span class='ocrx_word' id='word_1_477' title='bbox 1971 3878 2055 3947; x_wconf 86' lang='grc'><strong>9).</strong></span> 
     </span>
    </p>
   </div>
   <div class='ocr_carea' id='block_1_57' title="bbox 489 3967 2061 4042">
    <p class='ocr_par' dir='ltr' id='par_1_57' title="bbox 489 3967 2061 4042">
     <span class='ocr_line' id='line_1_58' title="bbox 489 3967 2061 4042; baseline -0.006 -13"><span class='ocrx_word' id='word_1_478' title='bbox 489 3974 627 4042; x_wconf 83' lang='lat' dir='ltr'><strong>Quid</strong></span> <span class='ocrx_word' id='word_1_479' title='bbox 664 3980 746 4028; x_wconf 89' lang='lat' dir='ltr'><strong>est</strong></span> <span class='ocrx_word' id='word_1_480' title='bbox 771 3971 914 4027; x_wconf 90' lang='lat' dir='ltr'><strong>enim</strong></span> <span class='ocrx_word' id='word_1_481' title='bbox 959 3972 1112 4037; x_wconf 85' lang='lat' dir='ltr'><strong>ﬁdes,</strong></span> <span class='ocrx_word' id='word_1_482' title='bbox 1142 3970 1240 4025; x_wconf 90' lang='lat' dir='ltr'><strong>nisi</strong></span> <span class='ocrx_word' id='word_1_483' title='bbox 1286 3970 1508 4026; x_wconf 88' lang='lat' dir='ltr'><strong>credere</strong></span> <span class='ocrx_word' id='word_1_484' title='bbox 1552 3969 1693 4039; x_wconf 84' lang='lat' dir='ltr'><strong>quod</strong></span> <span class='ocrx_word' id='word_1_485' title='bbox 1738 3985 1844 4023; x_wconf 84' lang='lat' dir='ltr'><strong>non</strong></span> <span class='ocrx_word' id='word_1_486' title='bbox 1873 3967 2061 4021; x_wconf 78' lang='lat' dir='ltr'><strong>vides?</strong></span> 
     </span>
    </p>
   </div>
   <div class='ocr_carea' id='block_1_58' title="bbox 488 4057 2061 4133">
    <p class='ocr_par' dir='ltr' id='par_1_58' title="bbox 488 4057 2061 4133">
     <span class='ocr_line' id='line_1_59' title="bbox 488 4057 2061 4133; baseline -0.005 -14"><span class='ocrx_word' id='word_1_487' title='bbox 488 4063 648 4119; x_wconf 78' lang='lat' dir='ltr'><strong>Fides</strong></span> <span class='ocrx_word' id='word_1_488' title='bbox 667 4077 796 4133; x_wconf 77' lang='lat' dir='ltr'><strong>ergo</strong></span> <span class='ocrx_word' id='word_1_489' title='bbox 819 4070 901 4116; x_wconf 91' lang='lat' dir='ltr'><strong>est</strong></span> <span class='ocrx_word' id='word_1_490' title='bbox 925 4061 1069 4130; x_wconf 90' lang='lat' dir='ltr'><strong>quod</strong></span> <span class='ocrx_word' id='word_1_491' title='bbox 1094 4076 1200 4115; x_wconf 90' lang='lat' dir='ltr'><strong>non</strong></span> <span class='ocrx_word' id='word_1_492' title='bbox 1228 4060 1377 4114; x_wconf 89' lang='lat' dir='ltr'><strong>vides</strong></span> <span class='ocrx_word' id='word_1_493' title='bbox 1403 4060 1648 4124; x_wconf 85' lang='lat' dir='ltr'><strong>credere;</strong></span> <span class='ocrx_word' id='word_1_494' title='bbox 1676 4061 1893 4123; x_wconf 87' lang='lat' dir='ltr'><strong>veritas,</strong></span> <span class='ocrx_word' id='word_1_495' title='bbox 1918 4057 2061 4131; x_wconf 79' lang='lat' dir='ltr'><strong>quod</strong></span> 
     </span>
    </p>
   </div>
   <div class='ocr_carea' id='block_1_59' title="bbox 485 4147 2061 4218">
    <p class='ocr_par' dir='ltr' id='par_1_59' title="bbox 485 4147 2061 4218">
     <span class='ocr_line' id='line_1_60' title="bbox 485 4147 2061 4218; baseline -0.006 -10"><span class='ocrx_word' id='word_1_496' title='bbox 485 4151 761 4208; x_wconf 86' lang='lat' dir='ltr'><strong>credidisti</strong></span> <span class='ocrx_word' id='word_1_497' title='bbox 805 4151 1006 4205; x_wconf 88' lang='lat' dir='ltr'><strong>videre.</strong></span> <span class='ocrx_word' id='word_1_498' title='bbox 1052 4147 1189 4214; x_wconf 84' lang='lat' dir='ltr'><strong>Quid</strong></span> <span class='ocrx_word' id='word_1_499' title='bbox 1227 4157 1328 4211; x_wconf 84' lang='lat' dir='ltr'><strong>est,</strong></span> <span class='ocrx_word' id='word_1_500' title='bbox 1358 4149 1498 4218; x_wconf 88' lang='lat' dir='ltr'><strong>quod</strong></span> <span class='ocrx_word' id='word_1_501' title='bbox 1525 4148 1708 4203; x_wconf 81' lang='lat' dir='ltr'><strong>videre</strong></span> <span class='ocrx_word' id='word_1_502' title='bbox 1736 4148 1890 4201; x_wconf 90' lang='lat' dir='ltr'><strong>nobis</strong></span> <span class='ocrx_word' id='word_1_503' title='bbox 1931 4162 2061 4217; x_wconf 87' lang='lat' dir='ltr'><strong>pro-</strong></span> 
     </span>
    </p>
   </div>
   <div class='ocr_carea' id='block_1_60' title="bbox 488 4237 2063 4306">
    <p class='ocr_par' dir='ltr' id='par_1_60' title="bbox 488 4237 2063 4306">
     <span class='ocr_line' id='line_1_61' title="bbox 488 4237 2063 4306; baseline -0.008 -5"><span class='ocrx_word' id='word_1_504' title='bbox 488 4243 758 4303; x_wconf 81' lang='lat' dir='ltr'><strong>mittitur?</strong></span> <span class='ocrx_word' id='word_1_505' title='bbox 781 4241 922 4296; x_wconf 88' lang='lat' dir='ltr'><strong>Dicit</strong></span> <span class='ocrx_word' id='word_1_506' title='bbox 964 4240 1107 4295; x_wconf 91' lang='lat' dir='ltr'><strong>enim</strong></span> <span class='ocrx_word' id='word_1_507' title='bbox 1135 4238 1393 4294; x_wconf 88' lang='lat' dir='ltr'><strong>Dominus</strong></span> <span class='ocrx_word' id='word_1_508' title='bbox 1419 4240 1472 4293; x_wconf 91' lang='lat' dir='ltr'><strong>in</strong></span> <span class='ocrx_word' id='word_1_509' title='bbox 1497 4238 1601 4293; x_wconf 91' lang='lat' dir='ltr'><strong>alio</strong></span> <span class='ocrx_word' id='word_1_510' title='bbox 1626 4238 1740 4292; x_wconf 92' lang='lat' dir='ltr'><strong>loco</strong></span> <span class='ocrx_word' id='word_1_511' title='bbox 1767 4237 1893 4306; x_wconf 90' lang='lat' dir='ltr'><strong>quid</strong></span> <span class='ocrx_word' id='word_1_512' title='bbox 1921 4243 2063 4290; x_wconf 85' lang='lat' dir='ltr'><strong>esset</strong></span> 
     </span>
    </p>
   </div>
   <div class='ocr_carea' id='block_1_61' title="bbox 488 4327 2062 4407">
    <p class='ocr_par' dir='ltr' id='par_1_61' title="bbox 488 4327 2062 4407">
     <span class='ocr_line' id='line_1_62' title="bbox 488 4327 2062 4407; baseline -0.006 -16"><span class='ocrx_word' id='word_1_513' title='bbox 488 4336 631 4407; x_wconf 88' lang='lat' dir='ltr'><strong>quod</strong></span> <span class='ocrx_word' id='word_1_514' title='bbox 659 4333 826 4390; x_wconf 80' lang='lat' dir='ltr'><strong>visuri</strong></span> <span class='ocrx_word' id='word_1_515' title='bbox 848 4333 1049 4387; x_wconf 87' lang='lat' dir='ltr'><strong>erimus</strong></span> <span class='ocrx_word' id='word_1_516' title='bbox 1076 4346 1090 4385; x_wconf 90' lang='lat'><strong>:</strong></span> <span class='ocrx_word' id='word_1_517' title='bbox 1117 4328 1221 4396; x_wconf 85' lang='lat' dir='ltr'><strong>Qui</strong></span> <span class='ocrx_word' id='word_1_518' title='bbox 1249 4339 1421 4384; x_wconf 84' lang='lat' dir='ltr'><strong>autem</strong></span> <span class='ocrx_word' id='word_1_519' title='bbox 1446 4328 1616 4399; x_wconf 86' lang='lat' dir='ltr'><strong>diligit</strong></span> <span class='ocrx_word' id='word_1_520' title='bbox 1644 4339 1742 4393; x_wconf 85' lang='lat' dir='ltr'><strong>me,</strong></span> <span class='ocrx_word' id='word_1_521' title='bbox 1774 4327 2010 4397; x_wconf 82' lang='lat' dir='ltr'><strong>diligitur</strong></span> <span class='ocrx_word' id='word_1_522' title='bbox 2029 4345 2062 4382; x_wconf 82' lang='grc' dir='ltr'><em>α</em></span> 
     </span>
    </p>
   </div>
   <div class='ocr_carea' id='block_1_62' title="bbox 490 4417 2143 4502">
    <p class='ocr_par' dir='ltr' id='par_1_62' title="bbox 490 4417 2143 4502">
     <span class='ocr_line' id='line_1_63' title="bbox 490 4417 2143 4502; baseline -0.004 -23"><span class='ocrx_word' id='word_1_523' title='bbox 490 4424 654 4482; x_wconf 84' lang='lat' dir='ltr'><strong>Patre</strong></span> <span class='ocrx_word' id='word_1_524' title='bbox 675 4441 806 4485; x_wconf 86' lang='lat' dir='ltr'><strong>mea.</strong></span> <span class='ocrx_word' id='word_1_525' title='bbox 836 4431 883 4478; x_wconf 88' lang='lat' dir='ltr'><strong>et</strong></span> <span class='ocrx_word' id='word_1_526' title='bbox 922 4436 1015 4493; x_wconf 85' lang='lat' dir='ltr'><strong>ego</strong></span> <span class='ocrx_word' id='word_1_527' title='bbox 1052 4419 1267 4492; x_wconf 85' lang='lat' dir='ltr'><strong>diligam</strong></span> <span class='ocrx_word' id='word_1_528' title='bbox 1291 4435 1425 4485; x_wconf 89' lang='lat' dir='ltr'><strong>eum,</strong></span> <span class='ocrx_word' id='word_1_529' title='bbox 1455 4427 1502 4473; x_wconf 89' lang='lat' dir='ltr'><strong>et</strong></span> <span class='ocrx_word' id='word_1_530' title='bbox 1525 4417 1864 4487; x_wconf 82' lang='lat' dir='ltr'><strong>manifestabo</strong></span> <span class='ocrx_word' id='word_1_531' title='bbox 1889 4419 1936 4473; x_wconf 88' lang='lat' dir='ltr'><strong>ei</strong></span> <span class='ocrx_word' id='word_1_532' title='bbox 1986 4433 2066 4472; x_wconf 86' lang='lat' dir='ltr'><strong>me</strong></span> <span class='ocrx_word' id='word_1_533' title='bbox 2093 4442 2143 4502; x_wconf 69' lang='grc' dir='ltr'><strong>η</strong></span> 
     </span>
    </p>
   </div>
   <div class='ocr_carea' id='block_1_63' title="bbox 488 4508 2068 4588">
    <p class='ocr_par' dir='ltr' id='par_1_63' title="bbox 488 4508 2068 4588">
     <span class='ocr_line' id='line_1_64' title="bbox 488 4508 2068 4588; baseline -0.006 -16"><span class='ocrx_word' id='word_1_534' title='bbox 488 4519 660 4588; x_wconf 83' lang='lat' dir='ltr'><strong>ipsum</strong></span> <span class='ocrx_word' id='word_1_535' title='bbox 692 4535 710 4568; x_wconf 77' lang='grc' dir='ltr'><strong><em>ι</em></strong></span> <span class='ocrx_word' id='word_1_536' title='bbox 749 4513 930 4586; x_wconf 78' lang='lat' dir='ltr'><strong>(Joan.</strong></span> <span class='ocrx_word' id='word_1_537' title='bbox 962 4511 1206 4582; x_wconf 76' lang='lat' dir='ltr'><strong>x1v,2l).</strong></span> <span class='ocrx_word' id='word_1_538' title='bbox 1238 4510 1365 4571; x_wconf 65' lang='lat' dir='ltr'><strong>Ilico</strong></span> <span class='ocrx_word' id='word_1_539' title='bbox 1395 4517 1479 4565; x_wconf 90' lang='lat' dir='ltr'><strong>est</strong></span> <span class='ocrx_word' id='word_1_540' title='bbox 1509 4508 1814 4580; x_wconf 87' lang='lat' dir='ltr'><strong>promissio,</strong></span> <span class='ocrx_word' id='word_1_541' title='bbox 1844 4509 1960 4565; x_wconf 58' lang='lat' dir='ltr'><strong>haec</strong></span> <span class='ocrx_word' id='word_1_542' title='bbox 1983 4517 2068 4563; x_wconf 90' lang='lat' dir='ltr'><strong>est</strong></span> 
     </span>
    </p>
   </div>
   <div class='ocr_carea' id='block_1_64' title="bbox 489 4596 2067 4673">
    <p class='ocr_par' dir='ltr' id='par_1_64' title="bbox 489 4596 2067 4673">
     <span class='ocr_line' id='line_1_65' title="bbox 489 4596 2067 4673; baseline -0.008 -9"><span class='ocrx_word' id='word_1_543' title='bbox 489 4620 701 4664; x_wconf 83' lang='lat' dir='ltr'><strong>merces</strong></span> <span class='ocrx_word' id='word_1_544' title='bbox 727 4605 851 4660; x_wconf 88' lang='lat' dir='ltr'><strong>ﬁdei</strong></span> <span class='ocrx_word' id='word_1_545' title='bbox 880 4618 998 4673; x_wconf 71' lang='lat' dir='ltr'><strong>qua:</strong></span> <span class='ocrx_word' id='word_1_546' title='bbox 1025 4617 1121 4673; x_wconf 89' lang='lat' dir='ltr'><strong>per</strong></span> <span class='ocrx_word' id='word_1_547' title='bbox 1147 4601 1486 4656; x_wconf 86' lang='lat' dir='ltr'><strong>dilectionem</strong></span> <span class='ocrx_word' id='word_1_548' title='bbox 1519 4606 1793 4669; x_wconf 89' lang='lat' dir='ltr'><strong>operatur.</strong></span> <span class='ocrx_word' id='word_1_549' title='bbox 1825 4596 1949 4653; x_wconf 77' lang='lat' dir='ltr'><strong>llzec</strong></span> <span class='ocrx_word' id='word_1_550' title='bbox 1983 4604 2067 4652; x_wconf 88' lang='lat' dir='ltr'><strong>est</strong></span> 
     </span>
    </p>
   </div>
   <div class='ocr_carea' id='block_1_65' title="bbox 490 4687 2062 4767">
    <p class='ocr_par' dir='ltr' id='par_1_65' title="bbox 490 4687 2062 4767">
     <span class='ocr_line' id='line_1_66' title="bbox 490 4687 2062 4767; baseline -0.008 -14"><span class='ocrx_word' id='word_1_551' title='bbox 490 4698 711 4754; x_wconf 82' lang='lat' dir='ltr'><strong>satietas</strong></span> <span class='ocrx_word' id='word_1_552' title='bbox 736 4709 898 4767; x_wconf 88' lang='lat' dir='ltr'><strong>quam</strong></span> <span class='ocrx_word' id='word_1_553' title='bbox 934 4692 1220 4748; x_wconf 87' lang='lat' dir='ltr'><strong>Psalmista</strong></span> <span class='ocrx_word' id='word_1_554' title='bbox 1267 4691 1495 4761; x_wconf 87' lang='lat' dir='ltr'><strong>optavit,</strong></span> <span class='ocrx_word' id='word_1_555' title='bbox 1541 4690 1726 4746; x_wconf 87' lang='lat' dir='ltr'><strong>dicens</strong></span> <span class='ocrx_word' id='word_1_556' title='bbox 1758 4707 1770 4742; x_wconf 91' lang='lat'><strong>:</strong></span> <span class='ocrx_word' id='word_1_557' title='bbox 1800 4687 2062 4750; x_wconf 85' lang='lat' dir='ltr'><strong>Satiabor,</strong></span> 
     </span>
    </p>
   </div>
   <div class='ocr_carea' id='block_1_66' title="bbox 486 4774 2067 4854">
    <p class='ocr_par' dir='ltr' id='par_1_66' title="bbox 486 4774 2067 4854">
     <span class='ocr_line' id='line_1_67' title="bbox 486 4774 2067 4854; baseline -0.008 -11"><span class='ocrx_word' id='word_1_558' title='bbox 486 4787 617 4843; x_wconf 79' lang='lat' dir='ltr'><strong>dum</strong></span> <span class='ocrx_word' id='word_1_559' title='bbox 658 4782 1076 4854; x_wconf 75' lang='lat' dir='ltr'><strong>manifestabitur</strong></span> <span class='ocrx_word' id='word_1_560' title='bbox 1125 4779 1294 4851; x_wconf 86' lang='lat' dir='ltr'><strong>gloria</strong></span> <span class='ocrx_word' id='word_1_561' title='bbox 1332 4788 1422 4832; x_wconf 83' lang='lat' dir='ltr'><strong>tua</strong></span> <span class='ocrx_word' id='word_1_562' title='bbox 1460 4775 1698 4848; x_wconf 84' lang='lat' dir='ltr'><strong>(Psalm.</strong></span> <span class='ocrx_word' id='word_1_563' title='bbox 1722 4792 1813 4831; x_wconf 74' lang='lat' dir='ltr'><strong>tm</strong></span> <span class='ocrx_word' id='word_1_564' title='bbox 1835 4816 1850 4842; x_wconf 91' lang='lat'><strong>,</strong></span> <span class='ocrx_word' id='word_1_565' title='bbox 1881 4776 1989 4847; x_wconf 81' lang='grc'><strong>15).</strong></span> <span class='ocrx_word' id='word_1_566' title='bbox 2022 4774 2067 4831; x_wconf 92' lang='lat'><strong>0</strong></span> 
     </span>
    </p>
   </div>
   <div class='ocr_carea' id='block_1_67' title="bbox 490 4872 2068 4942">
    <p class='ocr_par' dir='ltr' id='par_1_67' title="bbox 490 4872 2068 4942">
     <span class='ocr_line' id='line_1_68' title="bbox 490 4872 2068 4942; baseline -0.008 -9"><span class='ocrx_word' id='word_1_567' title='bbox 490 4877 736 4942; x_wconf 88' lang='lat' dir='ltr'><strong>Domine,</strong></span> <span class='ocrx_word' id='word_1_568' title='bbox 762 4874 847 4929; x_wconf 79' lang='lat' dir='ltr'><strong>fac</strong></span> <span class='ocrx_word' id='word_1_569' title='bbox 886 4888 987 4928; x_wconf 89' lang='lat' dir='ltr'><strong>nos</strong></span> <span class='ocrx_word' id='word_1_570' title='bbox 1028 4872 1402 4940; x_wconf 79' lang='lat' dir='ltr'><strong>digne‘amarc</strong></span> <span class='ocrx_word' id='word_1_571' title='bbox 1437 4876 1507 4931; x_wconf 90' lang='lat' dir='ltr'><strong>te,</strong></span> <span class='ocrx_word' id='word_1_572' title='bbox 1547 4875 1600 4923; x_wconf 90' lang='lat' dir='ltr'><strong>et</strong></span> <span class='ocrx_word' id='word_1_573' title='bbox 1626 4882 1731 4924; x_wconf 87' lang='lat' dir='ltr'><strong>non</strong></span> <span class='ocrx_word' id='word_1_574' title='bbox 1760 4880 1940 4921; x_wconf 90' lang='lat' dir='ltr'><strong>amare</strong></span> <span class='ocrx_word' id='word_1_575' title='bbox 1968 4881 2068 4920; x_wconf 71' lang='lat' dir='ltr'><strong>sa:-</strong></span> 
     </span>
    </p>
   </div>
   <div class='ocr_carea' id='block_1_68' title="bbox 490 4956 2065 5033">
    <p class='ocr_par' dir='ltr' id='par_1_68' title="bbox 490 4956 2065 5033">
     <span class='ocr_line' id='line_1_69' title="bbox 490 4956 2065 5033; baseline -0.008 -9"><span class='ocrx_word' id='word_1_576' title='bbox 490 4968 693 5033; x_wconf 87' lang='lat' dir='ltr'><strong>culum,</strong></span> <span class='ocrx_word' id='word_1_577' title='bbox 714 4975 775 5023; x_wconf 90' lang='lat' dir='ltr'><strong>ut</strong></span> <span class='ocrx_word' id='word_1_578' title='bbox 801 4964 1074 5021; x_wconf 85' lang='lat' dir='ltr'><strong>valeamus</strong></span> <span class='ocrx_word' id='word_1_579' title='bbox 1099 4962 1166 5019; x_wconf 87' lang='lat' dir='ltr'><strong>ad</strong></span> <span class='ocrx_word' id='word_1_580' title='bbox 1186 4960 1332 5014; x_wconf 89' lang='lat' dir='ltr'><strong>illam</strong></span> <span class='ocrx_word' id='word_1_581' title='bbox 1353 4959 1660 5013; x_wconf 87' lang='lat' dir='ltr'><strong>libertatem</strong></span> <span class='ocrx_word' id='word_1_582' title='bbox 1679 4956 1976 5027; x_wconf 88' lang='lat' dir='ltr'><strong>pervenire,</strong></span> <span class='ocrx_word' id='word_1_583' title='bbox 1999 4957 2065 5011; x_wconf 88' lang='lat' dir='ltr'><strong>ad</strong></span> 
     </span>
    </p>
   </div>
   <div class='ocr_carea' id='block_1_69' title="bbox 491 5046 2065 5126">
    <p class='ocr_par' dir='ltr' id='par_1_69' title="bbox 491 5046 2065 5126">
     <span class='ocr_line' id='line_1_70' title="bbox 491 5046 2065 5126; baseline -0.005 -16"><span class='ocrx_word' id='word_1_584' title='bbox 491 5060 652 5126; x_wconf 85' lang='lat' dir='ltr'><strong>quam</strong></span> <span class='ocrx_word' id='word_1_585' title='bbox 695 5070 794 5126; x_wconf 91' lang='lat' dir='ltr'><strong>per</strong></span> <span class='ocrx_word' id='word_1_586' title='bbox 834 5052 1191 5124; x_wconf 75' lang='lat' dir='ltr'><strong>cognitionem</strong></span> <span class='ocrx_word' id='word_1_587' title='bbox 1219 5048 1462 5104; x_wconf 85' lang='lat' dir='ltr'><strong>veritatis</strong></span> <span class='ocrx_word' id='word_1_588' title='bbox 1485 5048 1829 5119; x_wconf 84' lang='lat' dir='ltr'><strong>pervenitur;</strong></span> <span class='ocrx_word' id='word_1_589' title='bbox 1868 5046 1934 5102; x_wconf 91' lang='lat' dir='ltr'><strong>de</strong></span> <span class='ocrx_word' id='word_1_590' title='bbox 1962 5062 2065 5117; x_wconf 88' lang='lat' dir='ltr'><strong>qua</strong></span> 
     </span>
    </p>
   </div>
   <div class='ocr_carea' id='block_1_70' title="bbox 491 5137 2067 5215">
    <p class='ocr_par' dir='ltr' id='par_1_70' title="bbox 491 5137 2067 5215">
     <span class='ocr_line' id='line_1_71' title="bbox 491 5137 2067 5215; baseline -0.006 -12"><span class='ocrx_word' id='word_1_591' title='bbox 491 5146 831 5215; x_wconf 76' lang='lat' dir='ltr'><strong>subjunxisti,</strong></span> <span class='ocrx_word' id='word_1_592' title='bbox 862 5144 1045 5199; x_wconf 88' lang='lat' dir='ltr'><strong>dicens</strong></span> <span class='ocrx_word' id='word_1_593' title='bbox 1077 5159 1089 5195; x_wconf 94' lang='lat'>:</span> <span class='ocrx_word' id='word_1_594' title='bbox 1125 5160 1143 5193; x_wconf 71' lang='grc' dir='ltr'>ι</span> <span class='ocrx_word' id='word_1_595' title='bbox 1181 5137 1251 5193; x_wconf 85' lang='lat' dir='ltr'><strong>Et</strong></span> <span class='ocrx_word' id='word_1_596' title='bbox 1278 5140 1464 5194; x_wconf 83' lang='lat' dir='ltr'><strong>veritas</strong></span> <span class='ocrx_word' id='word_1_597' title='bbox 1495 5137 1730 5191; x_wconf 85' lang='lat' dir='ltr'><strong>liberabit</strong></span> <span class='ocrx_word' id='word_1_598' title='bbox 1774 5153 1880 5191; x_wconf 79' lang='lat' dir='ltr'><strong>vos.</strong></span> <span class='ocrx_word' id='word_1_599' title='bbox 1927 5137 2067 5205; x_wconf 85' lang='lat' dir='ltr'><strong>Quid</strong></span> 
     </span>
    </p>
   </div>
   <div class='ocr_carea' id='block_1_71' title="bbox 491 5226 2069 5301">
    <p class='ocr_par' dir='ltr' id='par_1_71' title="bbox 491 5226 2069 5301">
     <span class='ocr_line' id='line_1_72' title="bbox 491 5226 2069 5301; baseline -0.005 -10"><span class='ocrx_word' id='word_1_600' title='bbox 491 5246 594 5301; x_wconf 85' lang='lat' dir='ltr'><strong>est,</strong></span> <span class='ocrx_word' id='word_1_601' title='bbox 621 5234 868 5292; x_wconf 87' lang='lat' dir='ltr'><strong>liberabit</strong></span> <span class='ocrx_word' id='word_1_602' title='bbox 892 5233 1027 5289; x_wconf 83' lang='lat' dir='ltr'><strong>vos?</strong></span> <span class='ocrx_word' id='word_1_603' title='bbox 1050 5231 1273 5289; x_wconf 88' lang='lat' dir='ltr'><strong>Liberos</strong></span> <span class='ocrx_word' id='word_1_604' title='bbox 1298 5228 1476 5285; x_wconf 78' lang='lat' dir='ltr'><strong>faciet.</strong></span> <span class='ocrx_word' id='word_1_605' title='bbox 1505 5227 1741 5298; x_wconf 90' lang='lat' dir='ltr'><strong>Denique</strong></span> <span class='ocrx_word' id='word_1_606' title='bbox 1761 5226 1927 5284; x_wconf 71' lang='lat' dir='ltr'><strong>Judrei</strong></span> <span class='ocrx_word' id='word_1_607' title='bbox 1951 5244 2069 5284; x_wconf 78' lang='lat' dir='ltr'><strong>car-</strong></span> 
     </span>
    </p>
   </div>
   <div class='ocr_carea' id='block_1_72' title="bbox 490 5311 2063 5389">
    <p class='ocr_par' dir='ltr' id='par_1_72' title="bbox 490 5311 2063 5389">
     <span class='ocr_line' id='line_1_73' title="bbox 490 5311 2063 5389; baseline -0.002 -14"><span class='ocrx_word' id='word_1_608' title='bbox 490 5322 663 5389; x_wconf 72' lang='lat' dir='ltr'><strong>nales,</strong></span> <span class='ocrx_word' id='word_1_609' title='bbox 690 5330 747 5378; x_wconf 90' lang='lat' dir='ltr'><strong>et</strong></span> <span class='ocrx_word' id='word_1_610' title='bbox 789 5311 1085 5379; x_wconf 83' lang='lat' dir='ltr'><strong>secundum</strong></span> <span class='ocrx_word' id='word_1_611' title='bbox 1128 5333 1345 5375; x_wconf 87' lang='lat' dir='ltr'><strong>carnem</strong></span> <span class='ocrx_word' id='word_1_612' title='bbox 1384 5316 1709 5387; x_wconf 73' lang='lat' dir='ltr'><strong>iudicantes,</strong></span> <span class='ocrx_word' id='word_1_613' title='bbox 1740 5332 1846 5373; x_wconf 91' lang='lat' dir='ltr'><strong>non</strong></span> <span class='ocrx_word' id='word_1_614' title='bbox 1874 5318 1929 5373; x_wconf 92' lang='lat' dir='ltr'><strong>bi</strong></span> <span class='ocrx_word' id='word_1_615' title='bbox 1970 5317 2063 5387; x_wconf 91' lang='lat' dir='ltr'><strong>qui</strong></span> 
     </span>
    </p>
   </div>
   <div class='ocr_carea' id='block_1_73' title="bbox 493 5408 2066 5479">
    <p class='ocr_par' dir='ltr' id='par_1_73' title="bbox 493 5408 2066 5479">
     <span class='ocr_line' id='line_1_74' title="bbox 493 5408 2066 5479; baseline -0.003 -13"><span class='ocrx_word' id='word_1_616' title='bbox 493 5411 850 5476; x_wconf 81' lang='lat' dir='ltr'><strong>crediderant,</strong></span> <span class='ocrx_word' id='word_1_617' title='bbox 880 5411 974 5467; x_wconf 87' lang='lat' dir='ltr'><strong>sed</strong></span> <span class='ocrx_word' id='word_1_618' title='bbox 1000 5410 1056 5465; x_wconf 92' lang='lat' dir='ltr'><strong>in</strong></span> <span class='ocrx_word' id='word_1_619' title='bbox 1096 5409 1187 5464; x_wconf 90' lang='lat' dir='ltr'><strong>illa</strong></span> <span class='ocrx_word' id='word_1_620' title='bbox 1214 5409 1369 5465; x_wconf 84' lang='lat' dir='ltr'><strong>turba</strong></span> <span class='ocrx_word' id='word_1_621' title='bbox 1390 5408 1482 5479; x_wconf 90' lang='lat' dir='ltr'><strong>qui</strong></span> <span class='ocrx_word' id='word_1_622' title='bbox 1511 5416 1669 5462; x_wconf 89' lang='lat' dir='ltr'><strong>erant</strong></span> <span class='ocrx_word' id='word_1_623' title='bbox 1693 5408 1785 5477; x_wconf 91' lang='lat' dir='ltr'><strong>qui</strong></span> <span class='ocrx_word' id='word_1_624' title='bbox 1812 5422 1922 5462; x_wconf 88' lang='lat' dir='ltr'><strong>non</strong></span> <span class='ocrx_word' id='word_1_625' title='bbox 1950 5422 2066 5462; x_wconf 89' lang='lat' dir='ltr'><strong>cre-</strong></span> 
     </span>
    </p>
   </div>
   <div class='ocr_carea' id='block_1_74' title="bbox 496 5496 2068 5568">
    <p class='ocr_par' dir='ltr' id='par_1_74' title="bbox 496 5496 2068 5568">
     <span class='ocr_line' id='line_1_75' title="bbox 496 5496 2068 5568; baseline 0.002 -18"><span class='ocrx_word' id='word_1_626' title='bbox 496 5496 711 5565; x_wconf 75' lang='lat' dir='ltr'><strong>debant,</strong></span> <span class='ocrx_word' id='word_1_627' title='bbox 737 5498 986 5568; x_wconf 75' lang='lat' dir='ltr'><strong>iniuriam</strong></span> <span class='ocrx_word' id='word_1_628' title='bbox 1015 5499 1115 5557; x_wconf 88' lang='lat' dir='ltr'><strong>sibi</strong></span> <span class='ocrx_word' id='word_1_629' title='bbox 1166 5497 1362 5554; x_wconf 77' lang='lat' dir='ltr'><strong>factam</strong></span> <span class='ocrx_word' id='word_1_630' title='bbox 1390 5506 1736 5568; x_wconf 87' lang='lat' dir='ltr'><strong>putaverunt,</strong></span> <span class='ocrx_word' id='word_1_631' title='bbox 1778 5498 1903 5567; x_wconf 84' lang='lat' dir='ltr'><strong>quia</strong></span> <span class='ocrx_word' id='word_1_632' title='bbox 1932 5497 2068 5553; x_wconf 78' lang='lat' dir='ltr'><strong>dixit</strong></span> 
     </span>
    </p>
   </div>
   <div class='ocr_carea' id='block_1_75' title="bbox 569 5649 1756 5725">
    <p class='ocr_par' dir='ltr' id='par_1_75' title="bbox 569 5649 1756 5725">
     <span class='ocr_line' id='line_1_76' title="bbox 569 5649 1756 5725; baseline -0.001 -19"><span class='ocrx_word' id='word_1_633' title='bbox 569 5662 594 5691; x_wconf 80' lang='grc' dir='ltr'>ι</span> <span class='ocrx_word' id='word_1_634' title='bbox 617 5649 695 5706; x_wconf 79' lang='lat' dir='ltr'><strong>Ex</strong></span> <span class='ocrx_word' id='word_1_635' title='bbox 719 5650 774 5705; x_wconf 87' lang='lat' dir='ltr'><strong>S.</strong></span> <span class='ocrx_word' id='word_1_636' title='bbox 799 5651 955 5722; x_wconf 73' lang='lat' dir='ltr'><strong>Aug.,</strong></span> <span class='ocrx_word' id='word_1_637' title='bbox 989 5660 1146 5707; x_wconf 86' lang='lat' dir='ltr'><strong>tract.</strong></span> <span class='ocrx_word' id='word_1_638' title='bbox 1168 5668 1278 5718; x_wconf 77' lang='lat' dir='ltr'><strong>xu,</strong></span> <span class='ocrx_word' id='word_1_639' title='bbox 1302 5667 1448 5709; x_wconf 85' lang='lat' dir='ltr'><strong>nutu.</strong></span> <span class='ocrx_word' id='word_1_640' title='bbox 1471 5653 1527 5719; x_wconf 70' lang='grc' dir='ltr'><strong>Ξ,</strong></span> <span class='ocrx_word' id='word_1_641' title='bbox 1550 5653 1602 5725; x_wconf 77' lang='lat'><strong>5,</strong></span> <span class='ocrx_word' id='word_1_642' title='bbox 1631 5651 1683 5715; x_wconf 71' lang='lat' dir='ltr'><strong>t,</strong></span> <span class='ocrx_word' id='word_1_643' title='bbox 1707 5652 1756 5707; x_wconf 88' lang='lat'><strong>8.</strong></span> 
     </span>
    </p>
   </div>
   <div class='ocr_carea' id='block_1_76' title="bbox 2150 1861 3732 1931">
    <p class='ocr_par' dir='ltr' id='par_1_76' title="bbox 2150 1861 3732 1931">
     <span class='ocr_line' id='line_1_77' title="bbox 2150 1861 3732 1931; baseline -0.008 -5"><span class='ocrx_word' id='word_1_644' title='bbox 2150 1871 2311 1926; x_wconf 88' lang='lat' dir='ltr'><strong>modo</strong></span> <span class='ocrx_word' id='word_1_645' title='bbox 2337 1884 2521 1924; x_wconf 88' lang='lat' dir='ltr'><strong>verum</strong></span> <span class='ocrx_word' id='word_1_646' title='bbox 2563 1866 2775 1922; x_wconf 77' lang='lat' dir='ltr'><strong>dixistis</strong></span> <span class='ocrx_word' id='word_1_647' title='bbox 2806 1882 2819 1917; x_wconf 88' lang='lat'><strong>:</strong></span> <span class='ocrx_word' id='word_1_648' title='bbox 2856 1864 3065 1918; x_wconf 82' lang='lat' dir='ltr'><strong>Nemini</strong></span> <span class='ocrx_word' id='word_1_649' title='bbox 3116 1863 3418 1917; x_wconf 68' lang='lat' dir='ltr'><strong>seruiuimus</strong></span> <span class='ocrx_word' id='word_1_650' title='bbox 3458 1861 3732 1931; x_wconf 72' lang='lat' dir='ltr'><strong>unquam?</strong></span> 
     </span>
    </p>
   </div>
   <div class='ocr_carea' id='block_1_77' title="bbox 2148 1950 3727 2030">
    <p class='ocr_par' dir='ltr' id='par_1_77' title="bbox 2148 1950 3727 2030">
     <span class='ocr_line' id='line_1_78' title="bbox 2148 1950 3727 2030; baseline -0.009 -12"><span class='ocrx_word' id='word_1_651' title='bbox 2148 1961 2346 2030; x_wconf 67' lang='lat' dir='ltr'><strong>Ioseph</strong></span> <span class='ocrx_word' id='word_1_652' title='bbox 2393 1974 2500 2014; x_wconf 87' lang='lat' dir='ltr'><strong>non</strong></span> <span class='ocrx_word' id='word_1_653' title='bbox 2557 1964 2641 2012; x_wconf 90' lang='lat' dir='ltr'><strong>est</strong></span> <span class='ocrx_word' id='word_1_654' title='bbox 2694 1953 3068 2009; x_wconf 80' lang='lat' dir='ltr'><strong>venundatus?</strong></span> <span class='ocrx_word' id='word_1_655' title='bbox 3108 1951 3391 2021; x_wconf 68' lang='lat' dir='ltr'><strong>Propheta:</strong></span> <span class='ocrx_word' id='word_1_656' title='bbox 3422 1950 3595 2005; x_wconf 82' lang='lat' dir='ltr'><strong>sancti</strong></span> <span class='ocrx_word' id='word_1_657' title='bbox 3622 1965 3727 2004; x_wconf 86' lang='lat' dir='ltr'><strong>non</strong></span> 
     </span>
    </p>
   </div>
   <div class='ocr_carea' id='block_1_78' title="bbox 2151 2039 3730 2116">
    <p class='ocr_par' dir='ltr' id='par_1_78' title="bbox 2151 2039 3730 2116">
     <span class='ocr_line' id='line_1_79' title="bbox 2151 2039 3730 2116; baseline -0.009 -10"><span class='ocrx_word' id='word_1_658' title='bbox 2151 2063 2274 2107; x_wconf 90' lang='lat' dir='ltr'><strong>sunt</strong></span> <span class='ocrx_word' id='word_1_659' title='bbox 2301 2049 2444 2104; x_wconf 87' lang='lat' dir='ltr'><strong>ducti</strong></span> <span class='ocrx_word' id='word_1_660' title='bbox 2487 2049 2541 2102; x_wconf 92' lang='lat' dir='ltr'><strong>in</strong></span> <span class='ocrx_word' id='word_1_661' title='bbox 2586 2043 2996 2116; x_wconf 82' lang='lat' dir='ltr'><strong>captivitatem?</strong></span> <span class='ocrx_word' id='word_1_662' title='bbox 3026 2042 3266 2110; x_wconf 87' lang='lat' dir='ltr'><strong>Denique</strong></span> <span class='ocrx_word' id='word_1_663' title='bbox 3295 2054 3475 2095; x_wconf 86' lang='lat' dir='ltr'><strong>nonne</strong></span> <span class='ocrx_word' id='word_1_664' title='bbox 3498 2039 3589 2094; x_wconf 90' lang='lat' dir='ltr'><strong>ille</strong></span> <span class='ocrx_word' id='word_1_665' title='bbox 3617 2039 3730 2109; x_wconf 84' lang='lat' dir='ltr'><strong>ipse</strong></span> 
     </span>
    </p>
   </div>
   <div class='ocr_carea' id='block_1_79' title="bbox 2151 2130 3728 2212">
    <p class='ocr_par' dir='ltr' id='par_1_79' title="bbox 2151 2130 3728 2212">
     <span class='ocr_line' id='line_1_80' title="bbox 2151 2130 3728 2212; baseline -0.01 -13"><span class='ocrx_word' id='word_1_666' title='bbox 2151 2152 2235 2199; x_wconf 89' lang='lat' dir='ltr'><strong>est</strong></span> <span class='ocrx_word' id='word_1_667' title='bbox 2256 2142 2502 2212; x_wconf 88' lang='lat' dir='ltr'><strong>populus,</strong></span> <span class='ocrx_word' id='word_1_668' title='bbox 2532 2139 2624 2208; x_wconf 89' lang='lat' dir='ltr'><strong>qui</strong></span> <span class='ocrx_word' id='word_1_669' title='bbox 2657 2139 2710 2192; x_wconf 90' lang='lat' dir='ltr'><strong>in</strong></span> <span class='ocrx_word' id='word_1_670' title='bbox 2739 2136 2973 2207; x_wconf 63' lang='lat' dir='ltr'><strong>Egypto</strong></span> <span class='ocrx_word' id='word_1_671' title='bbox 3017 2133 3215 2188; x_wconf 89' lang='lat' dir='ltr'><strong>lateres</strong></span> <span class='ocrx_word' id='word_1_672' title='bbox 3241 2130 3492 2197; x_wconf 81' lang='lat' dir='ltr'><strong>faciebat,</strong></span> <span class='ocrx_word' id='word_1_673' title='bbox 3518 2139 3575 2186; x_wconf 90' lang='lat' dir='ltr'><strong>et</strong></span> <span class='ocrx_word' id='word_1_674' title='bbox 3597 2142 3728 2201; x_wconf 80' lang='lat' dir='ltr'><strong>ope-</strong></span> 
     </span>
    </p>
   </div>
   <div class='ocr_carea' id='block_1_80' title="bbox 2152 2220 3731 2299">
    <p class='ocr_par' dir='ltr' id='par_1_80' title="bbox 2152 2220 3731 2299">
     <span class='ocr_line' id='line_1_81' title="bbox 2152 2220 3731 2299; baseline -0.008 -12"><span class='ocrx_word' id='word_1_675' title='bbox 2152 2232 2304 2287; x_wconf 88' lang='lat' dir='ltr'><strong>ribus</strong></span> <span class='ocrx_word' id='word_1_676' title='bbox 2348 2230 2499 2285; x_wconf 90' lang='lat' dir='ltr'><strong>duris</strong></span> <span class='ocrx_word' id='word_1_677' title='bbox 2542 2226 2738 2299; x_wconf 82' lang='lat' dir='ltr'><strong>[Aug.,</strong></span> <span class='ocrx_word' id='word_1_678' title='bbox 2787 2226 3002 2294; x_wconf 75' lang='lat' dir='ltr'><strong>regibus</strong></span> <span class='ocrx_word' id='word_1_679' title='bbox 3038 2220 3256 2293; x_wconf 88' lang='lat' dir='ltr'><strong>duris],</strong></span> <span class='ocrx_word' id='word_1_680' title='bbox 3293 2236 3400 2276; x_wconf 89' lang='lat' dir='ltr'><strong>non</strong></span> <span class='ocrx_word' id='word_1_681' title='bbox 3437 2220 3628 2276; x_wconf 89' lang='lat' dir='ltr'><strong>saltem</strong></span> <span class='ocrx_word' id='word_1_682' title='bbox 3676 2221 3731 2275; x_wconf 86' lang='lat' dir='ltr'><strong>in</strong></span> 
     </span>
    </p>
   </div>
   <div class='ocr_carea' id='block_1_81' title="bbox 2153 2309 3731 2390">
    <p class='ocr_par' dir='ltr' id='par_1_81' title="bbox 2153 2309 3731 2390">
     <span class='ocr_line' id='line_1_82' title="bbox 2153 2309 3731 2390; baseline -0.006 -16"><span class='ocrx_word' id='word_1_683' title='bbox 2153 2327 2374 2390; x_wconf 79' lang='lat' dir='ltr'><strong>argento</strong></span> <span class='ocrx_word' id='word_1_684' title='bbox 2402 2326 2456 2372; x_wconf 89' lang='lat' dir='ltr'><strong>et</strong></span> <span class='ocrx_word' id='word_1_685' title='bbox 2502 2330 2654 2380; x_wconf 88' lang='lat' dir='ltr'><strong>auro,</strong></span> <span class='ocrx_word' id='word_1_686' title='bbox 2701 2312 2796 2370; x_wconf 87' lang='lat' dir='ltr'><strong>sed</strong></span> <span class='ocrx_word' id='word_1_687' title='bbox 2824 2314 2881 2368; x_wconf 91' lang='lat' dir='ltr'><strong>in</strong></span> <span class='ocrx_word' id='word_1_688' title='bbox 2921 2313 3035 2366; x_wconf 86' lang='lat' dir='ltr'><strong>luto</strong></span> <span class='ocrx_word' id='word_1_689' title='bbox 3076 2311 3379 2367; x_wconf 83' lang='lat' dir='ltr'><strong>serviebat?</strong></span> <span class='ocrx_word' id='word_1_690' title='bbox 3421 2309 3481 2379; x_wconf 87' lang='lat' dir='ltr'><strong>Si</strong></span> <span class='ocrx_word' id='word_1_691' title='bbox 3529 2309 3731 2365; x_wconf 85' lang='lat' dir='ltr'><strong>nemini</strong></span> 
     </span>
    </p>
   </div>
   <div class='ocr_carea' id='block_1_82' title="bbox 2154 2398 3732 2477">
    <p class='ocr_par' dir='ltr' id='par_1_82' title="bbox 2154 2398 3732 2477">
     <span class='ocr_line' id='line_1_83' title="bbox 2154 2398 3732 2477; baseline -0.008 -12"><span class='ocrx_word' id='word_1_692' title='bbox 2154 2408 2397 2465; x_wconf 87' lang='lat' dir='ltr'><strong>servistis</strong></span> <span class='ocrx_word' id='word_1_693' title='bbox 2420 2420 2682 2477; x_wconf 87' lang='lat' dir='ltr'><strong>unquam,</strong></span> <span class='ocrx_word' id='word_1_694' title='bbox 2697 2419 2732 2459; x_wconf 92' lang='lat' dir='ltr'><strong>o</strong></span> <span class='ocrx_word' id='word_1_695' title='bbox 2753 2401 2971 2473; x_wconf 76' lang='lat' dir='ltr'><strong>ingrati,</strong></span> <span class='ocrx_word' id='word_1_696' title='bbox 3002 2401 3130 2470; x_wconf 84' lang='lat' dir='ltr'><strong>quid</strong></span> <span class='ocrx_word' id='word_1_697' title='bbox 3159 2408 3243 2455; x_wconf 90' lang='lat' dir='ltr'><strong>est</strong></span> <span class='ocrx_word' id='word_1_698' title='bbox 3258 2399 3403 2468; x_wconf 89' lang='lat' dir='ltr'><strong>quod</strong></span> <span class='ocrx_word' id='word_1_699' title='bbox 3422 2399 3576 2453; x_wconf 79' lang='lat' dir='ltr'><strong>vobis</strong></span> <span class='ocrx_word' id='word_1_700' title='bbox 3597 2398 3732 2453; x_wconf 73' lang='lat' dir='ltr'><strong>assi~</strong></span> 
     </span>
    </p>
   </div>
   <div class='ocr_carea' id='block_1_83' title="bbox 2154 2490 3734 2571">
    <p class='ocr_par' dir='ltr' id='par_1_83' title="bbox 2154 2490 3734 2571">
     <span class='ocr_line' id='line_1_84' title="bbox 2154 2490 3734 2571; baseline -0.008 -14"><span class='ocrx_word' id='word_1_701' title='bbox 2154 2502 2257 2556; x_wconf 90' lang='lat' dir='ltr'><strong>due</strong></span> <span class='ocrx_word' id='word_1_702' title='bbox 2284 2501 2513 2571; x_wconf 85' lang='lat' dir='ltr'><strong>imputat</strong></span> <span class='ocrx_word' id='word_1_703' title='bbox 2537 2499 2699 2562; x_wconf 90' lang='lat' dir='ltr'><strong>Deus,</strong></span> <span class='ocrx_word' id='word_1_704' title='bbox 2730 2496 3000 2566; x_wconf 84' lang='lat' dir='ltr'><strong>quomodo</strong></span> <span class='ocrx_word' id='word_1_705' title='bbox 3040 2509 3136 2549; x_wconf 86' lang='lat' dir='ltr'><strong>vos</strong></span> <span class='ocrx_word' id='word_1_706' title='bbox 3162 2493 3229 2548; x_wconf 91' lang='lat' dir='ltr'><strong>de</strong></span> <span class='ocrx_word' id='word_1_707' title='bbox 3271 2493 3434 2547; x_wconf 87' lang='lat' dir='ltr'><strong>domo</strong></span> <span class='ocrx_word' id='word_1_708' title='bbox 3458 2490 3734 2546; x_wconf 83' lang='lat' dir='ltr'><strong>servitutis</strong></span> 
     </span>
    </p>
   </div>
   <div class='ocr_carea' id='block_1_84' title="bbox 2154 2582 3733 2657">
    <p class='ocr_par' dir='ltr' id='par_1_84' title="bbox 2154 2582 3733 2657">
     <span class='ocr_line' id='line_1_85' title="bbox 2154 2582 3733 2657; baseline -0.009 -11"><span class='ocrx_word' id='word_1_709' title='bbox 2154 2590 2441 2648; x_wconf 86' lang='lat' dir='ltr'><strong>liberavit?</strong></span> <span class='ocrx_word' id='word_1_710' title='bbox 2466 2588 2550 2643; x_wconf 81' lang='lat' dir='ltr'><strong>An</strong></span> <span class='ocrx_word' id='word_1_711' title='bbox 2596 2586 2735 2643; x_wconf 82' lang='lat' dir='ltr'><strong>forte</strong></span> <span class='ocrx_word' id='word_1_712' title='bbox 2763 2595 2944 2657; x_wconf 87' lang='lat' dir='ltr'><strong>patres</strong></span> <span class='ocrx_word' id='word_1_713' title='bbox 2969 2584 3135 2640; x_wconf 84' lang='lat' dir='ltr'><strong>vestri</strong></span> <span class='ocrx_word' id='word_1_714' title='bbox 3164 2582 3490 2645; x_wconf 86' lang='lat' dir='ltr'><strong>servierunt,</strong></span> <span class='ocrx_word' id='word_1_715' title='bbox 3519 2594 3615 2634; x_wconf 86' lang='lat' dir='ltr'><strong>vos</strong></span> <span class='ocrx_word' id='word_1_716' title='bbox 3639 2594 3733 2633; x_wconf 85' lang='lat' dir='ltr'><strong>au-</strong></span> 
     </span>
    </p>
   </div>
   <div class='ocr_carea' id='block_1_85' title="bbox 2158 2668 3734 2750">
    <p class='ocr_par' dir='ltr' id='par_1_85' title="bbox 2158 2668 3734 2750">
     <span class='ocr_line' id='line_1_86' title="bbox 2158 2668 3734 2750; baseline -0.009 -13"><span class='ocrx_word' id='word_1_717' title='bbox 2158 2693 2264 2739; x_wconf 90' lang='lat' dir='ltr'><strong>tem</strong></span> <span class='ocrx_word' id='word_1_718' title='bbox 2294 2681 2385 2750; x_wconf 92' lang='lat' dir='ltr'><strong>qui</strong></span> <span class='ocrx_word' id='word_1_719' title='bbox 2418 2678 2696 2748; x_wconf 87' lang='lat' dir='ltr'><strong>loquimini</strong></span> <span class='ocrx_word' id='word_1_720' title='bbox 2726 2677 2856 2732; x_wconf 89' lang='lat' dir='ltr'><strong>nulli</strong></span> <span class='ocrx_word' id='word_1_721' title='bbox 2885 2674 3131 2731; x_wconf 83' lang='lat' dir='ltr'><strong>servistis</strong></span> <span class='ocrx_word' id='word_1_722' title='bbox 3160 2672 3429 2741; x_wconf 85' lang='lat' dir='ltr'><strong>unquam?</strong></span> <span class='ocrx_word' id='word_1_723' title='bbox 3456 2668 3734 2737; x_wconf 81' lang='lat' dir='ltr'><strong>Quomodo</strong></span> 
     </span>
    </p>
   </div>
   <div class='ocr_carea' id='block_1_86' title="bbox 2155 2758 3735 2845">
    <p class='ocr_par' dir='ltr' id='par_1_86' title="bbox 2155 2758 3735 2845">
     <span class='ocr_line' id='line_1_87' title="bbox 2155 2758 3735 2845; baseline -0.009 -17"><span class='ocrx_word' id='word_1_724' title='bbox 2155 2788 2284 2845; x_wconf 76' lang='lat' dir='ltr'><strong>ergo</strong></span> <span class='ocrx_word' id='word_1_725' title='bbox 2311 2771 2599 2828; x_wconf 87' lang='lat' dir='ltr'><strong>solvebatis</strong></span> <span class='ocrx_word' id='word_1_726' title='bbox 2624 2768 2879 2823; x_wconf 91' lang='lat' dir='ltr'><strong>tributum</strong></span> <span class='ocrx_word' id='word_1_727' title='bbox 2906 2764 3196 2822; x_wconf 68' lang='lat' dir='ltr'><strong>Romanis?</strong></span> <span class='ocrx_word' id='word_1_728' title='bbox 3223 2762 3377 2819; x_wconf 86' lang='lat' dir='ltr'><strong>Unde</strong></span> <span class='ocrx_word' id='word_1_729' title='bbox 3400 2770 3457 2816; x_wconf 86' lang='lat' dir='ltr'><strong>et</strong></span> <span class='ocrx_word' id='word_1_730' title='bbox 3478 2760 3579 2831; x_wconf 89' lang='lat' dir='ltr'><strong>ipsi</strong></span> <span class='ocrx_word' id='word_1_731' title='bbox 3599 2758 3735 2815; x_wconf 86' lang='lat' dir='ltr'><strong>veri-</strong></span> 
     </span>
    </p>
   </div>
   <div class='ocr_carea' id='block_1_87' title="bbox 2159 2851 3734 2934">
    <p class='ocr_par' dir='ltr' id='par_1_87' title="bbox 2159 2851 3734 2934">
     <span class='ocr_line' id='line_1_88' title="bbox 2159 2851 3734 2934; baseline -0.01 -13"><span class='ocrx_word' id='word_1_732' title='bbox 2159 2867 2255 2921; x_wconf 89' lang='lat' dir='ltr'><strong>tati</strong></span> <span class='ocrx_word' id='word_1_733' title='bbox 2297 2865 2544 2934; x_wconf 83' lang='lat' dir='ltr'><strong>laqueum</strong></span> <span class='ocrx_word' id='word_1_734' title='bbox 2566 2860 2722 2931; x_wconf 86' lang='lat' dir='ltr'><strong>quasi</strong></span> <span class='ocrx_word' id='word_1_735' title='bbox 2750 2858 3016 2929; x_wconf 85' lang='lat' dir='ltr'><strong>captionis</strong></span> <span class='ocrx_word' id='word_1_736' title='bbox 3035 2853 3410 2928; x_wconf 85' lang='lat' dir='ltr'><strong>preposuistis,</strong></span> <span class='ocrx_word' id='word_1_737' title='bbox 3447 2860 3509 2907; x_wconf 88' lang='lat' dir='ltr'><strong>ut</strong></span> <span class='ocrx_word' id='word_1_738' title='bbox 3531 2851 3734 2908; x_wconf 78' lang='lat' dir='ltr'><strong>dicere-</strong></span> 
     </span>
    </p>
   </div>
   <div class='ocr_carea' id='block_1_88' title="bbox 2161 2940 3731 3011">
    <p class='ocr_par' dir='ltr' id='par_1_88' title="bbox 2161 2940 3731 3011">
     <span class='ocr_line' id='line_1_89' title="bbox 2161 2940 3731 3011; baseline -0.011 -1"><span class='ocrx_word' id='word_1_739' title='bbox 2161 2956 2230 3011; x_wconf 84' lang='lat' dir='ltr'><strong>tis</strong></span> <span class='ocrx_word' id='word_1_740' title='bbox 2262 2968 2279 3009; x_wconf 89' lang='lat'><strong>:</strong></span> <span class='ocrx_word' id='word_1_741' title='bbox 2311 2952 2452 3007; x_wconf 87' lang='lat' dir='ltr'><strong>Licet</strong></span> <span class='ocrx_word' id='word_1_742' title='bbox 2494 2949 2709 3004; x_wconf 85' lang='lat' dir='ltr'><strong>reddere</strong></span> <span class='ocrx_word' id='word_1_743' title='bbox 2754 2948 3006 3002; x_wconf 83' lang='lat' dir='ltr'><strong>tributum</strong></span> <span class='ocrx_word' id='word_1_744' title='bbox 3050 2943 3291 2999; x_wconf 72' lang='lat' dir='ltr'><strong>Cresari?</strong></span> <span class='ocrx_word' id='word_1_745' title='bbox 3317 2951 3377 2996; x_wconf 90' lang='lat' dir='ltr'><strong>ut</strong></span> <span class='ocrx_word' id='word_1_746' title='bbox 3401 2941 3449 2998; x_wconf 90' lang='lat' dir='ltr'><strong>si</strong></span> <span class='ocrx_word' id='word_1_747' title='bbox 3489 2940 3731 3005; x_wconf 76' lang='lat' dir='ltr'><strong>dixisset,</strong></span> 
     </span>
    </p>
   </div>
   <div class='ocr_carea' id='block_1_89' title="bbox 2160 3031 3735 3109">
    <p class='ocr_par' dir='ltr' id='par_1_89' title="bbox 2160 3031 3735 3109">
     <span class='ocr_line' id='line_1_90' title="bbox 2160 3031 3735 3109; baseline -0.01 -10"><span class='ocrx_word' id='word_1_748' title='bbox 2160 3045 2299 3108; x_wconf 85' lang='lat' dir='ltr'><strong>licet,</strong></span> <span class='ocrx_word' id='word_1_749' title='bbox 2331 3040 2587 3096; x_wconf 86' lang='lat' dir='ltr'><strong>teneretis</strong></span> <span class='ocrx_word' id='word_1_750' title='bbox 2610 3054 2753 3103; x_wconf 89' lang='lat' dir='ltr'><strong>eum,</strong></span> <span class='ocrx_word' id='word_1_751' title='bbox 2771 3037 2925 3109; x_wconf 86' lang='lat' dir='ltr'><strong>quasi</strong></span> <span class='ocrx_word' id='word_1_752' title='bbox 2955 3035 3150 3091; x_wconf 88' lang='lat' dir='ltr'><strong>malam</strong></span> <span class='ocrx_word' id='word_1_753' title='bbox 3171 3040 3410 3103; x_wconf 86' lang='lat' dir='ltr'><strong>optasset</strong></span> <span class='ocrx_word' id='word_1_754' title='bbox 3431 3031 3735 3086; x_wconf 71' lang='lat' dir='ltr'><strong>libertatem</strong></span> 
     </span>
    </p>
   </div>
   <div class='ocr_carea' id='block_1_90' title="bbox 2086 3106 3739 3202">
    <p class='ocr_par' dir='ltr' id='par_1_90' title="bbox 2086 3106 3739 3202">
     <span class='ocr_line' id='line_1_91' title="bbox 2086 3106 3739 3202; baseline -0.01 -10"><span class='ocrx_word' id='word_1_755' title='bbox 2086 3106 2132 3170; x_wconf 61' lang='grc' dir='ltr'>θ</span> <span class='ocrx_word' id='word_1_756' title='bbox 2162 3106 2351 3191; x_wconf 86' lang='lat' dir='ltr'><strong>semini</strong></span> <span class='ocrx_word' id='word_1_757' title='bbox 2376 3131 2607 3187; x_wconf 68' lang='lat' dir='ltr'><strong>Abrahae</strong></span> <span class='ocrx_word' id='word_1_758' title='bbox 2648 3106 2831 3202; x_wconf 60' lang='grc' dir='ltr'><strong>[Αιιειίν</strong></span> <span class='ocrx_word' id='word_1_759' title='bbox 2858 3127 3010 3197; x_wconf 86' lang='lat' dir='ltr'><strong>quasi</strong></span> <span class='ocrx_word' id='word_1_760' title='bbox 3051 3124 3188 3180; x_wconf 86' lang='lat' dir='ltr'><strong>male</strong></span> <span class='ocrx_word' id='word_1_761' title='bbox 3229 3130 3468 3193; x_wconf 87' lang='lat' dir='ltr'><strong>optasset</strong></span> <span class='ocrx_word' id='word_1_762' title='bbox 3501 3118 3739 3176; x_wconf 80' lang='lat' dir='ltr'><strong>libertati</strong></span> 
     </span>
    </p>
   </div>
   <div class='ocr_carea' id='block_1_91' title="bbox 2162 3210 3741 3292">
    <p class='ocr_par' dir='ltr' id='par_1_91' title="bbox 2162 3210 3741 3292">
     <span class='ocr_line' id='line_1_92' title="bbox 2162 3210 3741 3292; baseline -0.012 -10"><span class='ocrx_word' id='word_1_763' title='bbox 2162 3224 2383 3282; x_wconf 83' lang='lat' dir='ltr'><strong>seminis</strong></span> <span class='ocrx_word' id='word_1_764' title='bbox 2409 3220 2681 3292; x_wconf 71' lang='lat' dir='ltr'><strong>Abrahm].</strong></span> <span class='ocrx_word' id='word_1_765' title='bbox 2713 3219 2771 3274; x_wconf 89' lang='lat' dir='ltr'><strong>Si</strong></span> <span class='ocrx_word' id='word_1_766' title='bbox 2799 3227 2979 3273; x_wconf 88' lang='lat' dir='ltr'><strong>autem</strong></span> <span class='ocrx_word' id='word_1_767' title='bbox 3000 3217 3224 3279; x_wconf 84' lang='lat' dir='ltr'><strong>diceret,</strong></span> <span class='ocrx_word' id='word_1_768' title='bbox 3252 3230 3353 3269; x_wconf 86' lang='lat' dir='ltr'><strong>non</strong></span> <span class='ocrx_word' id='word_1_769' title='bbox 3371 3212 3503 3277; x_wconf 82' lang='lat' dir='ltr'><strong>licet,</strong></span> <span class='ocrx_word' id='word_1_770' title='bbox 3529 3210 3741 3265; x_wconf 75' lang='lat' dir='ltr'><strong>calum-</strong></span> 
     </span>
    </p>
   </div>
   <div class='ocr_carea' id='block_1_92' title="bbox 2162 3302 3743 3385">
    <p class='ocr_par' dir='ltr' id='par_1_92' title="bbox 2162 3302 3743 3385">
     <span class='ocr_line' id='line_1_93' title="bbox 2162 3302 3743 3385; baseline -0.008 -15"><span class='ocrx_word' id='word_1_771' title='bbox 2162 3314 2445 3370; x_wconf 87' lang='lat' dir='ltr'><strong>niaremini</strong></span> <span class='ocrx_word' id='word_1_772' title='bbox 2473 3311 2613 3385; x_wconf 86' lang='lat' dir='ltr'><strong>apud</strong></span> <span class='ocrx_word' id='word_1_773' title='bbox 2636 3326 2789 3379; x_wconf 79' lang='lat' dir='ltr'><strong>reges</strong></span> <span class='ocrx_word' id='word_1_774' title='bbox 2813 3319 2987 3373; x_wconf 74' lang='lat' dir='ltr'><strong>teme,</strong></span> <span class='ocrx_word' id='word_1_775' title='bbox 3022 3306 3164 3377; x_wconf 90' lang='lat' dir='ltr'><strong>quod</strong></span> <span class='ocrx_word' id='word_1_776' title='bbox 3185 3305 3487 3376; x_wconf 78' lang='lat' dir='ltr'><strong>prohiberet</strong></span> <span class='ocrx_word' id='word_1_777' title='bbox 3510 3302 3743 3374; x_wconf 67' lang='lat' dir='ltr'><strong>regibus</strong></span> 
     </span>
    </p>
   </div>
   <div class='ocr_carea' id='block_1_93' title="bbox 2162 3390 3739 3472">
    <p class='ocr_par' dir='ltr' id='par_1_93' title="bbox 2162 3390 3739 3472">
     <span class='ocr_line' id='line_1_94' title="bbox 2162 3390 3739 3472; baseline -0.008 -14"><span class='ocrx_word' id='word_1_778' title='bbox 2162 3398 2363 3458; x_wconf 85' lang='lat' dir='ltr'><strong>tributa</strong></span> <span class='ocrx_word' id='word_1_779' title='bbox 2407 3401 2658 3472; x_wconf 81' lang='lat' dir='ltr'><strong>persolvi.</strong></span> <span class='ocrx_word' id='word_1_780' title='bbox 2693 3396 3144 3467; x_wconf 75' lang='lat' dir='ltr'><strong>Deinde°prolato</strong></span> <span class='ocrx_word' id='word_1_781' title='bbox 3169 3409 3389 3450; x_wconf 88' lang='lat' dir='ltr'><strong>nummo</strong></span> <span class='ocrx_word' id='word_1_782' title='bbox 3425 3392 3553 3452; x_wconf 74' lang='lat' dir='ltr'><strong>vieti</strong></span> <span class='ocrx_word' id='word_1_783' title='bbox 3579 3390 3739 3456; x_wconf 77' lang='lat' dir='ltr'><strong>estis,</strong></span> 
     </span>
    </p>
   </div>
   <div class='ocr_carea' id='block_1_94' title="bbox 2162 3479 3733 3563">
    <p class='ocr_par' dir='ltr' id='par_1_94' title="bbox 2162 3479 3733 3563">
     <span class='ocr_line' id='line_1_95' title="bbox 2162 3479 3733 3563; baseline -0.006 -14"><span class='ocrx_word' id='word_1_784' title='bbox 2162 3503 2217 3549; x_wconf 89' lang='lat' dir='ltr'><strong>et</strong></span> <span class='ocrx_word' id='word_1_785' title='bbox 2235 3492 2467 3563; x_wconf 80' lang='lat' dir='ltr'><strong>captioni</strong></span> <span class='ocrx_word' id='word_1_786' title='bbox 2494 3497 2688 3545; x_wconf 75' lang='lat' dir='ltr'><strong>vestrae</strong></span> <span class='ocrx_word' id='word_1_787' title='bbox 2710 3502 2808 3542; x_wconf 88' lang='lat' dir='ltr'><strong>vos</strong></span> <span class='ocrx_word' id='word_1_788' title='bbox 2829 3488 2929 3555; x_wconf 88' lang='lat' dir='ltr'><strong>ipsi</strong></span> <span class='ocrx_word' id='word_1_789' title='bbox 2949 3487 3082 3541; x_wconf 88' lang='lat' dir='ltr'><strong>estis</strong></span> <span class='ocrx_word' id='word_1_790' title='bbox 3105 3484 3430 3554; x_wconf 86' lang='lat' dir='ltr'><strong>respondere</strong></span> <span class='ocrx_word' id='word_1_791' title='bbox 3450 3479 3733 3551; x_wconf 76' lang='lat' dir='ltr'><strong>compulsi.</strong></span> 
     </span>
    </p>
   </div>
   <div class='ocr_carea' id='block_1_95' title="bbox 2162 3569 3737 3643">
    <p class='ocr_par' dir='ltr' id='par_1_95' title="bbox 2162 3569 3737 3643">
     <span class='ocr_line' id='line_1_96' title="bbox 2162 3569 3737 3643; baseline -0.01 -5"><span class='ocrx_word' id='word_1_792' title='bbox 2162 3584 2240 3639; x_wconf 79' lang='lat' dir='ltr'><strong>ibi</strong></span> <span class='ocrx_word' id='word_1_793' title='bbox 2265 3582 2410 3637; x_wconf 87' lang='lat' dir='ltr'><strong>enim</strong></span> <span class='ocrx_word' id='word_1_794' title='bbox 2438 3580 2588 3635; x_wconf 86' lang='lat' dir='ltr'><strong>vobis</strong></span> <span class='ocrx_word' id='word_1_795' title='bbox 2615 3587 2699 3633; x_wconf 88' lang='lat' dir='ltr'><strong>est</strong></span> <span class='ocrx_word' id='word_1_796' title='bbox 2727 3579 2927 3632; x_wconf 87' lang='lat' dir='ltr'><strong>dictum</strong></span> <span class='ocrx_word' id='word_1_797' title='bbox 2963 3594 2975 3629; x_wconf 90' lang='lat'><strong>:</strong></span> <span class='ocrx_word' id='word_1_798' title='bbox 3004 3574 3220 3631; x_wconf 76' lang='lat' dir='ltr'><strong>Reddite</strong></span> <span class='ocrx_word' id='word_1_799' title='bbox 3249 3570 3448 3629; x_wconf 67' lang='lat' dir='ltr'><strong>Ca’sari</strong></span> <span class='ocrx_word' id='word_1_800' title='bbox 3474 3588 3592 3643; x_wconf 79' lang='lat' dir='ltr'><strong>qua:</strong></span> <span class='ocrx_word' id='word_1_801' title='bbox 3616 3569 3737 3625; x_wconf 76' lang='lat' dir='ltr'><strong>Ca:-</strong></span> 
     </span>
    </p>
   </div>
   <div class='ocr_carea' id='block_1_96' title="bbox 2163 3662 3735 3739">
    <p class='ocr_par' dir='ltr' id='par_1_96' title="bbox 2163 3662 3735 3739">
     <span class='ocr_line' id='line_1_97' title="bbox 2163 3662 3735 3739; baseline -0.008 -10"><span class='ocrx_word' id='word_1_802' title='bbox 2163 3676 2299 3729; x_wconf 76' lang='lat' dir='ltr'><strong>saris</strong></span> <span class='ocrx_word' id='word_1_803' title='bbox 2325 3681 2477 3735; x_wconf 85' lang='lat' dir='ltr'><strong>sunt,</strong></span> <span class='ocrx_word' id='word_1_804' title='bbox 2506 3679 2555 3723; x_wconf 89' lang='lat' dir='ltr'><strong>et</strong></span> <span class='ocrx_word' id='word_1_805' title='bbox 2582 3670 2691 3723; x_wconf 83' lang='lat' dir='ltr'><strong>Deo</strong></span> <span class='ocrx_word' id='word_1_806' title='bbox 2735 3684 2852 3739; x_wconf 81' lang='lat' dir='ltr'><strong>qua:</strong></span> <span class='ocrx_word' id='word_1_807' title='bbox 2895 3668 2994 3721; x_wconf 80' lang='lat' dir='ltr'><strong>Dei</strong></span> <span class='ocrx_word' id='word_1_808' title='bbox 3034 3676 3155 3719; x_wconf 84' lang='lat' dir='ltr'><strong>sunt</strong></span> <span class='ocrx_word' id='word_1_809' title='bbox 3191 3664 3407 3735; x_wconf 72' lang='lat' dir='ltr'><strong>(Matth.</strong></span> <span class='ocrx_word' id='word_1_810' title='bbox 3438 3679 3550 3718; x_wconf 77' lang='lat' dir='ltr'><strong>xm</strong></span> <span class='ocrx_word' id='word_1_811' title='bbox 3571 3702 3586 3728; x_wconf 88' lang='lat'><strong>,</strong></span> <span class='ocrx_word' id='word_1_812' title='bbox 3611 3662 3735 3732; x_wconf 51' lang='lat' dir='ltr'><strong>ei);</strong></span> 
     </span>
    </p>
   </div>
   <div class='ocr_carea' id='block_1_97' title="bbox 2164 3756 3737 3833">
    <p class='ocr_par' dir='ltr' id='par_1_97' title="bbox 2164 3756 3737 3833">
     <span class='ocr_line' id='line_1_98' title="bbox 2164 3756 3737 3833; baseline -0.009 -9"><span class='ocrx_word' id='word_1_813' title='bbox 2164 3783 2285 3824; x_wconf 86' lang='lat' dir='ltr'><strong>cum</strong></span> <span class='ocrx_word' id='word_1_814' title='bbox 2331 3779 2428 3821; x_wconf 90' lang='lat' dir='ltr'><strong>vos</strong></span> <span class='ocrx_word' id='word_1_815' title='bbox 2473 3764 2575 3833; x_wconf 87' lang='lat' dir='ltr'><strong>ipsi</strong></span> <span class='ocrx_word' id='word_1_816' title='bbox 2620 3760 3050 3831; x_wconf 86' lang='lat' dir='ltr'><strong>respondissetis,</strong></span> <span class='ocrx_word' id='word_1_817' title='bbox 3094 3758 3238 3827; x_wconf 89' lang='lat' dir='ltr'><strong>quod</strong></span> <span class='ocrx_word' id='word_1_818' title='bbox 3278 3770 3531 3812; x_wconf 88' lang='lat' dir='ltr'><strong>nummus</strong></span> <span class='ocrx_word' id='word_1_819' title='bbox 3576 3756 3737 3811; x_wconf 80' lang='lat' dir='ltr'><strong>habet</strong></span> 
     </span>
    </p>
   </div>
   <div class='ocr_carea' id='block_1_98' title="bbox 2164 3845 3738 3927">
    <p class='ocr_par' dir='ltr' id='par_1_98' title="bbox 2164 3845 3738 3927">
     <span class='ocr_line' id='line_1_99' title="bbox 2164 3845 3738 3927; baseline -0.005 -16"><span class='ocrx_word' id='word_1_820' title='bbox 2164 3856 2451 3927; x_wconf 81' lang='lat' dir='ltr'><strong>imaginem</strong></span> <span class='ocrx_word' id='word_1_821' title='bbox 2472 3852 2699 3909; x_wconf 63' lang='lat' dir='ltr'><strong>Caesaris</strong></span> <span class='ocrx_word' id='word_1_822' title='bbox 2728 3868 2743 3904; x_wconf 89' lang='lat'><strong>:</strong></span> <span class='ocrx_word' id='word_1_823' title='bbox 2770 3851 2898 3919; x_wconf 88' lang='lat' dir='ltr'><strong>quia</strong></span> <span class='ocrx_word' id='word_1_824' title='bbox 2924 3850 3065 3905; x_wconf 88' lang='lat' dir='ltr'><strong>sicut</strong></span> <span class='ocrx_word' id='word_1_825' title='bbox 3090 3847 3284 3918; x_wconf 69' lang='lat' dir='ltr'><strong>qumrit</strong></span> <span class='ocrx_word' id='word_1_826' title='bbox 3301 3846 3485 3903; x_wconf 66' lang='lat' dir='ltr'><strong>Caesar</strong></span> <span class='ocrx_word' id='word_1_827' title='bbox 3511 3845 3567 3900; x_wconf 87' lang='lat' dir='ltr'><strong>in</strong></span> <span class='ocrx_word' id='word_1_828' title='bbox 3590 3859 3738 3903; x_wconf 61' lang='lat' dir='ltr'><strong>nitur</strong></span> 
     </span>
    </p>
   </div>
   <div class='ocr_carea' id='block_1_99' title="bbox 2165 3936 3738 4015">
    <p class='ocr_par' dir='ltr' id='par_1_99' title="bbox 2165 3936 3738 4015">
     <span class='ocr_line' id='line_1_100' title="bbox 2165 3936 3738 4015; baseline -0.004 -14"><span class='ocrx_word' id='word_1_829' title='bbox 2165 3961 2255 4001; x_wconf 92' lang='lat' dir='ltr'><strong>mo</strong></span> <span class='ocrx_word' id='word_1_830' title='bbox 2299 3944 2589 4015; x_wconf 83' lang='lat' dir='ltr'><strong>imaginem</strong></span> <span class='ocrx_word' id='word_1_831' title='bbox 2635 3956 2823 4006; x_wconf 88' lang='lat' dir='ltr'><strong>suam,</strong></span> <span class='ocrx_word' id='word_1_832' title='bbox 2869 3940 2948 3995; x_wconf 88' lang='lat' dir='ltr'><strong>sic</strong></span> <span class='ocrx_word' id='word_1_833' title='bbox 2988 3940 3130 3994; x_wconf 87' lang='lat' dir='ltr'><strong>Deus</strong></span> <span class='ocrx_word' id='word_1_834' title='bbox 3173 3937 3370 4007; x_wconf 66' lang='lat' dir='ltr'><strong>quaerit</strong></span> <span class='ocrx_word' id='word_1_835' title='bbox 3419 3937 3473 3993; x_wconf 89' lang='lat' dir='ltr'><strong>in</strong></span> <span class='ocrx_word' id='word_1_836' title='bbox 3525 3936 3738 3995; x_wconf 72' lang='lat' dir='ltr'><strong>homine</strong></span> 
     </span>
    </p>
   </div>
   <div class='ocr_carea' id='block_1_100' title="bbox 2165 4025 3736 4102">
    <p class='ocr_par' dir='ltr' id='par_1_100' title="bbox 2165 4025 3736 4102">
     <span class='ocr_line' id='line_1_101' title="bbox 2165 4025 3736 4102; baseline -0.009 -10"><span class='ocrx_word' id='word_1_837' title='bbox 2165 4050 2338 4092; x_wconf 84' lang='lat' dir='ltr'><strong>suam.</strong></span> <span class='ocrx_word' id='word_1_838' title='bbox 2374 4054 2393 4088; x_wconf 72' lang='grc' dir='ltr'><strong><em>ι</em></strong></span> <span class='ocrx_word' id='word_1_839' title='bbox 2423 4033 2534 4088; x_wconf 83' lang='lat' dir='ltr'><strong>Nec</strong></span> <span class='ocrx_word' id='word_1_840' title='bbox 2565 4032 2795 4087; x_wconf 88' lang='lat' dir='ltr'><strong>alienum</strong></span> <span class='ocrx_word' id='word_1_841' title='bbox 2826 4029 2955 4102; x_wconf 87' lang='lat' dir='ltr'><strong>quid</strong></span> <span class='ocrx_word' id='word_1_842' title='bbox 2992 4028 3184 4098; x_wconf 59' lang='lat' dir='ltr'><strong>quaerit</strong></span> <span class='ocrx_word' id='word_1_843' title='bbox 3210 4027 3351 4082; x_wconf 84' lang='lat' dir='ltr'><strong>Deus</strong></span> <span class='ocrx_word' id='word_1_844' title='bbox 3394 4026 3465 4082; x_wconf 82' lang='lat' dir='ltr'><strong>ab</strong></span> <span class='ocrx_word' id='word_1_845' title='bbox 3502 4025 3736 4087; x_wconf 83' lang='lat' dir='ltr'><strong>homine,</strong></span> 
     </span>
    </p>
   </div>
   <div class='ocr_carea' id='block_1_101' title="bbox 2165 4112 3739 4194">
    <p class='ocr_par' dir='ltr' id='par_1_101' title="bbox 2165 4112 3739 4194">
     <span class='ocr_line' id='line_1_102' title="bbox 2165 4112 3739 4194; baseline -0.007 -15"><span class='ocrx_word' id='word_1_846' title='bbox 2165 4125 2260 4179; x_wconf 87' lang='lat' dir='ltr'><strong>sed</strong></span> <span class='ocrx_word' id='word_1_847' title='bbox 2288 4123 2432 4194; x_wconf 88' lang='lat' dir='ltr'><strong>quod</strong></span> <span class='ocrx_word' id='word_1_848' title='bbox 2457 4121 2696 4179; x_wconf 90' lang='lat' dir='ltr'><strong>condidit</strong></span> <span class='ocrx_word' id='word_1_849' title='bbox 2722 4121 2776 4175; x_wconf 92' lang='lat' dir='ltr'><strong>in</strong></span> <span class='ocrx_word' id='word_1_850' title='bbox 2804 4119 3038 4175; x_wconf 89' lang='lat' dir='ltr'><strong>homine.</strong></span> <span class='ocrx_word' id='word_1_851' title='bbox 3068 4116 3189 4172; x_wconf 83' lang='lat' dir='ltr'><strong>ideo</strong></span> <span class='ocrx_word' id='word_1_852' title='bbox 3215 4116 3358 4173; x_wconf 85' lang='lat' dir='ltr'><strong>Deus</strong></span> <span class='ocrx_word' id='word_1_853' title='bbox 3385 4116 3547 4171; x_wconf 90' lang='lat' dir='ltr'><strong>homo</strong></span> <span class='ocrx_word' id='word_1_854' title='bbox 3566 4112 3739 4169; x_wconf 73' lang='lat' dir='ltr'><strong>laeuis</strong></span> 
     </span>
    </p>
   </div>
   <div class='ocr_carea' id='block_1_102' title="bbox 2165 4202 3740 4280">
    <p class='ocr_par' dir='ltr' id='par_1_102' title="bbox 2165 4202 3740 4280">
     <span class='ocr_line' id='line_1_103' title="bbox 2165 4202 3740 4280; baseline -0.006 -13"><span class='ocrx_word' id='word_1_855' title='bbox 2165 4221 2269 4277; x_wconf 90' lang='lat' dir='ltr'><strong>est,</strong></span> <span class='ocrx_word' id='word_1_856' title='bbox 2298 4218 2358 4265; x_wconf 92' lang='lat' dir='ltr'><strong>ut</strong></span> <span class='ocrx_word' id='word_1_857' title='bbox 2385 4211 2438 4264; x_wconf 90' lang='lat' dir='ltr'><strong>in</strong></span> <span class='ocrx_word' id='word_1_858' title='bbox 2469 4209 2685 4265; x_wconf 88' lang='lat' dir='ltr'><strong>homine</strong></span> <span class='ocrx_word' id='word_1_859' title='bbox 2712 4208 3053 4273; x_wconf 84' lang='lat' dir='ltr'><strong>reformaret,</strong></span> <span class='ocrx_word' id='word_1_860' title='bbox 3081 4207 3224 4280; x_wconf 88' lang='lat' dir='ltr'><strong>quod</strong></span> <span class='ocrx_word' id='word_1_861' title='bbox 3266 4207 3321 4265; x_wconf 89' lang='lat' dir='ltr'><strong>in</strong></span> <span class='ocrx_word' id='word_1_862' title='bbox 3372 4205 3589 4262; x_wconf 87' lang='lat' dir='ltr'><strong>homine</strong></span> <span class='ocrx_word' id='word_1_863' title='bbox 3628 4202 3740 4258; x_wconf 65' lang='grc' dir='ltr'><strong>ἴοι-ο</strong></span> 
     </span>
    </p>
   </div>
   <div class='ocr_carea' id='block_1_103' title="bbox 2167 4296 3740 4372">
    <p class='ocr_par' dir='ltr' id='par_1_103' title="bbox 2167 4296 3740 4372">
     <span class='ocr_line' id='line_1_104' title="bbox 2167 4296 3740 4372; baseline -0.004 -14"><span class='ocrx_word' id='word_1_864' title='bbox 2167 4303 2352 4358; x_wconf 87' lang='lat' dir='ltr'><strong>mavit.</strong></span> <span class='ocrx_word' id='word_1_865' title='bbox 2376 4303 2519 4372; x_wconf 79' lang='lat' dir='ltr'><strong>Ergo</strong></span> <span class='ocrx_word' id='word_1_866' title='bbox 2543 4300 2926 4356; x_wconf 87' lang='lat' dir='ltr'><strong>mentientibus</strong></span> <span class='ocrx_word' id='word_1_867' title='bbox 2942 4306 2997 4355; x_wconf 88' lang='lat' dir='ltr'><strong>et</strong></span> <span class='ocrx_word' id='word_1_868' title='bbox 3016 4299 3082 4353; x_wconf 89' lang='lat' dir='ltr'><strong>de</strong></span> <span class='ocrx_word' id='word_1_869' title='bbox 3106 4312 3243 4353; x_wconf 89' lang='lat' dir='ltr'><strong>vana</strong></span> <span class='ocrx_word' id='word_1_870' title='bbox 3263 4296 3512 4352; x_wconf 83' lang='lat' dir='ltr'><strong>libertate</strong></span> <span class='ocrx_word' id='word_1_871' title='bbox 3533 4304 3740 4352; x_wconf 54' lang='lat' dir='ltr'><strong>tamen.</strong></span> 
     </span>
    </p>
   </div>
   <div class='ocr_carea' id='block_1_104' title="bbox 2169 4387 3736 4465">
    <p class='ocr_par' dir='ltr' id='par_1_104' title="bbox 2169 4387 3736 4465">
     <span class='ocr_line' id='line_1_105' title="bbox 2169 4387 3736 4465; baseline -0.004 -16"><span class='ocrx_word' id='word_1_872' title='bbox 2169 4397 2333 4460; x_wconf 85' lang='lat' dir='ltr'><strong>tibus,</strong></span> <span class='ocrx_word' id='word_1_873' title='bbox 2360 4394 2490 4465; x_wconf 86' lang='lat' dir='ltr'><strong>quid</strong></span> <span class='ocrx_word' id='word_1_874' title='bbox 2519 4391 2882 4462; x_wconf 87' lang='lat' dir='ltr'><strong>respondisset</strong></span> <span class='ocrx_word' id='word_1_875' title='bbox 2906 4391 3164 4449; x_wconf 87' lang='lat' dir='ltr'><strong>Dominus</strong></span> <span class='ocrx_word' id='word_1_876' title='bbox 3188 4388 3407 4455; x_wconf 64' lang='lat' dir='ltr'><strong>ludatis,</strong></span> <span class='ocrx_word' id='word_1_877' title='bbox 3436 4387 3736 4444; x_wconf 78' lang='lat' dir='ltr'><strong>audiamus.</strong></span> 
     </span>
    </p>
   </div>
   <div class='ocr_carea' id='block_1_105' title="bbox 2236 4500 3740 4572">
    <p class='ocr_par' dir='ltr' id='par_1_105' title="bbox 2236 4500 3740 4572">
     <span class='ocr_line' id='line_1_106' title="bbox 2236 4500 3740 4572; baseline -0.005 -11"><span class='ocrx_word' id='word_1_878' title='bbox 2236 4506 2399 4561; x_wconf 75' lang='lat' dir='ltr'><strong>Vens.</strong></span> <span class='ocrx_word' id='word_1_879' title='bbox 2431 4503 2797 4568; x_wconf 66' lang='lat' dir='ltr'><strong>54.--Amen,</strong></span> <span class='ocrx_word' id='word_1_880' title='bbox 2823 4518 2970 4557; x_wconf 86' lang='lat' dir='ltr'><strong>amen</strong></span> <span class='ocrx_word' id='word_1_881' title='bbox 2997 4502 3114 4556; x_wconf 84' lang='lat' dir='ltr'><strong>dico</strong></span> <span class='ocrx_word' id='word_1_882' title='bbox 3136 4502 3294 4565; x_wconf 73' lang='lat' dir='ltr'><strong>nonis,</strong></span> <span class='ocrx_word' id='word_1_883' title='bbox 3314 4501 3441 4572; x_wconf 72' lang='lat' dir='ltr'><strong>quia</strong></span> <span class='ocrx_word' id='word_1_884' title='bbox 3465 4500 3632 4555; x_wconf 83' lang='lat' dir='ltr'><strong>omnis</strong></span> <span class='ocrx_word' id='word_1_885' title='bbox 3645 4502 3740 4570; x_wconf 64' lang='lat' dir='ltr'><strong>qui</strong></span> 
     </span>
    </p>
   </div>
   <div class='ocr_carea' id='block_1_106' title="bbox 2166 4588 3743 4667">
    <p class='ocr_par' dir='ltr' id='par_1_106' title="bbox 2166 4588 3743 4667">
     <span class='ocr_line' id='line_1_107' title="bbox 2166 4588 3743 4667; baseline -0.003 -18"><span class='ocrx_word' id='word_1_886' title='bbox 2166 4594 2295 4667; x_wconf 79' lang='lat' dir='ltr'><strong>facit</strong></span> <span class='ocrx_word' id='word_1_887' title='bbox 2321 4602 2608 4665; x_wconf 84' lang='lat' dir='ltr'><strong>peccatum,</strong></span> <span class='ocrx_word' id='word_1_888' title='bbox 2657 4606 2834 4646; x_wconf 80' lang='lat' dir='ltr'><strong>servus</strong></span> <span class='ocrx_word' id='word_1_889' title='bbox 2879 4601 2954 4645; x_wconf 87' lang='lat' dir='ltr'><strong>est</strong></span> <span class='ocrx_word' id='word_1_890' title='bbox 2981 4591 3194 4662; x_wconf 82' lang='lat' dir='ltr'><strong>peccati.</strong></span> <span class='ocrx_word' id='word_1_891' title='bbox 3235 4590 3365 4657; x_wconf 84' lang='lat' dir='ltr'><strong>Quis</strong></span> <span class='ocrx_word' id='word_1_892' title='bbox 3396 4605 3504 4647; x_wconf 87' lang='lat' dir='ltr'><strong>non</strong></span> <span class='ocrx_word' id='word_1_893' title='bbox 3531 4590 3628 4644; x_wconf 87' lang='lat' dir='ltr'><strong>sub</strong></span> <span class='ocrx_word' id='word_1_894' title='bbox 3651 4588 3743 4645; x_wconf 81' lang='lat' dir='ltr'><strong>his</strong></span> 
     </span>
    </p>
   </div>
   <div class='ocr_carea' id='block_1_107' title="bbox 2164 4677 3741 4750">
    <p class='ocr_par' dir='ltr' id='par_1_107' title="bbox 2164 4677 3741 4750">
     <span class='ocr_line' id='line_1_108' title="bbox 2164 4677 3741 4750; baseline -0.003 -12"><span class='ocrx_word' id='word_1_895' title='bbox 2164 4683 2346 4738; x_wconf 88' lang='lat' dir='ltr'><strong>verbis</strong></span> <span class='ocrx_word' id='word_1_896' title='bbox 2372 4681 2788 4738; x_wconf 87' lang='lat' dir='ltr'><strong>contremiscat?</strong></span> <span class='ocrx_word' id='word_1_897' title='bbox 2814 4680 2873 4736; x_wconf 86' lang='lat' dir='ltr'><strong>Si</strong></span> <span class='ocrx_word' id='word_1_898' title='bbox 2893 4681 3068 4735; x_wconf 90' lang='lat' dir='ltr'><strong>omnis</strong></span> <span class='ocrx_word' id='word_1_899' title='bbox 3087 4681 3247 4736; x_wconf 90' lang='lat' dir='ltr'><strong>homo</strong></span> <span class='ocrx_word' id='word_1_900' title='bbox 3270 4688 3546 4750; x_wconf 87' lang='lat' dir='ltr'><strong>peccator,</strong></span> <span class='ocrx_word' id='word_1_901' title='bbox 3564 4677 3741 4734; x_wconf 78' lang='lat' dir='ltr'><strong>omnis</strong></span> 
     </span>
    </p>
   </div>
   <div class='ocr_carea' id='block_1_108' title="bbox 2166 4767 3742 4842">
    <p class='ocr_par' dir='ltr' id='par_1_108' title="bbox 2166 4767 3742 4842">
     <span class='ocr_line' id='line_1_109' title="bbox 2166 4767 3742 4842; baseline -0.003 -15"><span class='ocrx_word' id='word_1_902' title='bbox 2166 4773 2329 4828; x_wconf 90' lang='lat' dir='ltr'><strong>homo</strong></span> <span class='ocrx_word' id='word_1_903' title='bbox 2359 4786 2546 4827; x_wconf 89' lang='lat' dir='ltr'><strong>servus</strong></span> <span class='ocrx_word' id='word_1_904' title='bbox 2575 4771 2799 4842; x_wconf 87' lang='lat' dir='ltr'><strong>peccati.</strong></span> <span class='ocrx_word' id='word_1_905' title='bbox 2833 4769 2940 4826; x_wconf 87' lang='lat' dir='ltr'><strong>Sed</strong></span> <span class='ocrx_word' id='word_1_906' title='bbox 2966 4771 3222 4826; x_wconf 84' lang='lat' dir='ltr'><strong>intentius</strong></span> <span class='ocrx_word' id='word_1_907' title='bbox 3242 4770 3541 4835; x_wconf 84' lang='lat' dir='ltr'><strong>audiamus,</strong></span> <span class='ocrx_word' id='word_1_908' title='bbox 3563 4767 3742 4838; x_wconf 77' lang='lat' dir='ltr'><strong>quali-</strong></span> 
     </span>
    </p>
   </div>
   <div class='ocr_carea' id='block_1_109' title="bbox 2166 4861 3739 4925">
    <p class='ocr_par' dir='ltr' id='par_1_109' title="bbox 2166 4861 3739 4925">
     <span class='ocr_line' id='line_1_110' title="bbox 2166 4861 3739 4925; baseline -0.002 -6"><span class='ocrx_word' id='word_1_909' title='bbox 2166 4873 2252 4920; x_wconf 91' lang='lat' dir='ltr'><strong>ter</strong></span> <span class='ocrx_word' id='word_1_910' title='bbox 2290 4866 2581 4921; x_wconf 88' lang='lat' dir='ltr'><strong>liberemur</strong></span> <span class='ocrx_word' id='word_1_911' title='bbox 2627 4865 2695 4921; x_wconf 85' lang='lat' dir='ltr'><strong>de</strong></span> <span class='ocrx_word' id='word_1_912' title='bbox 2738 4864 2844 4920; x_wconf 88' lang='lat' dir='ltr'><strong>hae</strong></span> <span class='ocrx_word' id='word_1_913' title='bbox 2886 4865 3162 4920; x_wconf 85' lang='lat' dir='ltr'><strong>servitute.</strong></span> <span class='ocrx_word' id='word_1_914' title='bbox 3199 4863 3486 4919; x_wconf 86' lang='lat' dir='ltr'><strong>Terrorem</strong></span> <span class='ocrx_word' id='word_1_915' title='bbox 3529 4861 3739 4925; x_wconf 82' lang='lat' dir='ltr'><strong>incutit,</strong></span> 
     </span>
    </p>
   </div>
   <div class='ocr_carea' id='block_1_110' title="bbox 2165 4952 3741 5017">
    <p class='ocr_par' dir='ltr' id='par_1_110' title="bbox 2165 4952 3741 5017">
     <span class='ocr_line' id='line_1_111' title="bbox 2165 4952 3741 5017; baseline -0.003 -6"><span class='ocrx_word' id='word_1_916' title='bbox 2165 4957 2485 5013; x_wconf 89' lang='lat' dir='ltr'><strong>medicinam</strong></span> <span class='ocrx_word' id='word_1_917' title='bbox 2514 4954 2749 5011; x_wconf 86' lang='lat' dir='ltr'><strong>adhibet.</strong></span> <span class='ocrx_word' id='word_1_918' title='bbox 2779 4952 2913 5009; x_wconf 76' lang='lat' dir='ltr'><strong>Nam</strong></span> <span class='ocrx_word' id='word_1_919' title='bbox 2940 4955 3018 5010; x_wconf 86' lang='lat' dir='ltr'><strong>ait</strong></span> <span class='ocrx_word' id='word_1_920' title='bbox 3047 4954 3341 5010; x_wconf 85' lang='lat' dir='ltr'><strong>Dominus:</strong></span> <span class='ocrx_word' id='word_1_921' title='bbox 3370 4952 3557 5017; x_wconf 76' lang='lat' dir='ltr'><strong>Amen,</strong></span> <span class='ocrx_word' id='word_1_922' title='bbox 3585 4966 3741 5007; x_wconf 73' lang='lat' dir='ltr'><strong>mea</strong></span> 
     </span>
    </p>
   </div>
   <div class='ocr_carea' id='block_1_111' title="bbox 2165 5043 3743 5112">
    <p class='ocr_par' dir='ltr' id='par_1_111' title="bbox 2165 5043 3743 5112">
     <span class='ocr_line' id='line_1_112' title="bbox 2165 5043 3743 5112; baseline -0.003 -11"><span class='ocrx_word' id='word_1_923' title='bbox 2165 5045 2281 5101; x_wconf 86' lang='lat' dir='ltr'><strong>dico</strong></span> <span class='ocrx_word' id='word_1_924' title='bbox 2308 5045 2447 5100; x_wconf 64' lang='lat' dir='ltr'><strong>vobis</strong></span> <span class='ocrx_word' id='word_1_925' title='bbox 2470 5059 2487 5097; x_wconf 90' lang='lat'><strong><em>:</em></strong></span> <span class='ocrx_word' id='word_1_926' title='bbox 2514 5044 2661 5112; x_wconf 83' lang='lat' dir='ltr'><strong>Quid</strong></span> <span class='ocrx_word' id='word_1_927' title='bbox 2677 5053 2780 5111; x_wconf 88' lang='lat' dir='ltr'><strong>est,</strong></span> <span class='ocrx_word' id='word_1_928' title='bbox 2808 5060 2977 5108; x_wconf 83' lang='lat' dir='ltr'><strong>amen,</strong></span> <span class='ocrx_word' id='word_1_929' title='bbox 3005 5059 3176 5109; x_wconf 82' lang='lat' dir='ltr'><strong>amen,</strong></span> <span class='ocrx_word' id='word_1_930' title='bbox 3206 5043 3310 5098; x_wconf 87' lang='lat' dir='ltr'><strong>nisi</strong></span> <span class='ocrx_word' id='word_1_931' title='bbox 3330 5057 3538 5107; x_wconf 89' lang='lat' dir='ltr'><strong>verum,</strong></span> <span class='ocrx_word' id='word_1_932' title='bbox 3555 5057 3743 5097; x_wconf 84' lang='lat' dir='ltr'><strong>verum</strong></span> 
     </span>
    </p>
   </div>
   <div class='ocr_carea' id='block_1_112' title="bbox 2160 5132 3747 5202">
    <p class='ocr_par' dir='ltr' id='par_1_112' title="bbox 2160 5132 3747 5202">
     <span class='ocr_line' id='line_1_113' title="bbox 2160 5132 3747 5202; baseline -0.001 -12"><span class='ocrx_word' id='word_1_933' title='bbox 2160 5135 2288 5190; x_wconf 74' lang='lat' dir='ltr'><strong>‘dico</strong></span> <span class='ocrx_word' id='word_1_934' title='bbox 2311 5135 2500 5191; x_wconf 84' lang='lat' dir='ltr'><strong>vobis?</strong></span> <span class='ocrx_word' id='word_1_935' title='bbox 2526 5134 2679 5202; x_wconf 85' lang='lat' dir='ltr'><strong>Quod</strong></span> <span class='ocrx_word' id='word_1_936' title='bbox 2704 5135 2925 5190; x_wconf 87' lang='lat' dir='ltr'><strong>verbum</strong></span> <span class='ocrx_word' id='word_1_937' title='bbox 2956 5148 3057 5189; x_wconf 87' lang='lat' dir='ltr'><strong>nec</strong></span> <span class='ocrx_word' id='word_1_938' title='bbox 3086 5132 3305 5188; x_wconf 72' lang='lat' dir='ltr'><strong>Grmeus</strong></span> <span class='ocrx_word' id='word_1_939' title='bbox 3322 5132 3612 5202; x_wconf 83' lang='lat' dir='ltr'><strong>interpres,</strong></span> <span class='ocrx_word' id='word_1_940' title='bbox 3641 5146 3747 5188; x_wconf 77' lang='lat' dir='ltr'><strong>nec</strong></span> 
     </span>
    </p>
   </div>
   <div class='ocr_carea' id='block_1_113' title="bbox 2167 5220 3744 5291">
    <p class='ocr_par' dir='ltr' id='par_1_113' title="bbox 2167 5220 3744 5291">
     <span class='ocr_line' id='line_1_114' title="bbox 2167 5220 3744 5291; baseline -0.003 -12"><span class='ocrx_word' id='word_1_941' title='bbox 2167 5225 2391 5280; x_wconf 84' lang='lat' dir='ltr'><strong>Latinus</strong></span> <span class='ocrx_word' id='word_1_942' title='bbox 2437 5238 2601 5279; x_wconf 87' lang='lat' dir='ltr'><strong>ausus</strong></span> <span class='ocrx_word' id='word_1_943' title='bbox 2648 5231 2730 5279; x_wconf 81' lang='lat' dir='ltr'><strong>est</strong></span> <span class='ocrx_word' id='word_1_944' title='bbox 2776 5224 2830 5278; x_wconf 92' lang='lat' dir='ltr'><strong>in</strong></span> <span class='ocrx_word' id='word_1_945' title='bbox 2874 5222 3034 5279; x_wconf 87' lang='lat' dir='ltr'><strong>aliam</strong></span> <span class='ocrx_word' id='word_1_946' title='bbox 3073 5221 3367 5277; x_wconf 68' lang='lat' dir='ltr'><strong>transferre</strong></span> <span class='ocrx_word' id='word_1_947' title='bbox 3393 5220 3648 5291; x_wconf 73' lang='lat' dir='ltr'><strong>linguam,</strong></span> <span class='ocrx_word' id='word_1_948' title='bbox 3676 5229 3744 5277; x_wconf 84' lang='lat' dir='ltr'><strong>ut</strong></span> 
     </span>
    </p>
   </div>
   <div class='ocr_carea' id='block_1_114' title="bbox 2169 5311 3742 5372">
    <p class='ocr_par' dir='ltr' id='par_1_114' title="bbox 2169 5311 3742 5372">
     <span class='ocr_line' id='line_1_115' title="bbox 2169 5311 3742 5372; baseline -0.004 0"><span class='ocrx_word' id='word_1_949' title='bbox 2169 5318 2426 5372; x_wconf 89' lang='lat' dir='ltr'><strong>honorem</strong></span> <span class='ocrx_word' id='word_1_950' title='bbox 2469 5317 2693 5371; x_wconf 84' lang='lat' dir='ltr'><strong>haberet</strong></span> <span class='ocrx_word' id='word_1_951' title='bbox 2721 5315 3023 5370; x_wconf 86' lang='lat' dir='ltr'><strong>velamento</strong></span> <span class='ocrx_word' id='word_1_952' title='bbox 3041 5313 3234 5369; x_wconf 85' lang='lat' dir='ltr'><strong>secreti</strong></span> <span class='ocrx_word' id='word_1_953' title='bbox 3263 5311 3571 5368; x_wconf 76' lang='lat' dir='ltr'><strong>testiﬁcatio</strong></span> <span class='ocrx_word' id='word_1_954' title='bbox 3597 5311 3742 5366; x_wconf 83' lang='lat' dir='ltr'><strong>veri-</strong></span> 
     </span>
    </p>
   </div>
   <div class='ocr_carea' id='block_1_115' title="bbox 2172 5400 3743 5463">
    <p class='ocr_par' dir='ltr' id='par_1_115' title="bbox 2172 5400 3743 5463">
     <span class='ocr_line' id='line_1_116' title="bbox 2172 5400 3743 5463; baseline -0.004 -1"><span class='ocrx_word' id='word_1_955' title='bbox 2172 5409 2299 5463; x_wconf 87' lang='lat' dir='ltr'><strong>tatis</strong></span> <span class='ocrx_word' id='word_1_956' title='bbox 2334 5409 2389 5461; x_wconf 91' lang='lat' dir='ltr'><strong>in</strong></span> <span class='ocrx_word' id='word_1_957' title='bbox 2433 5405 2665 5462; x_wconf 88' lang='lat' dir='ltr'><strong>Christo.</strong></span> <span class='ocrx_word' id='word_1_958' title='bbox 2700 5406 2911 5462; x_wconf 75' lang='lat' dir='ltr'><strong>Veritas</strong></span> <span class='ocrx_word' id='word_1_959' title='bbox 2952 5406 3126 5461; x_wconf 87' lang='lat' dir='ltr'><strong>dicit:</strong></span> <span class='ocrx_word' id='word_1_960' title='bbox 3164 5402 3357 5459; x_wconf 75' lang='lat' dir='ltr'><strong>Verum</strong></span> <span class='ocrx_word' id='word_1_961' title='bbox 3408 5417 3586 5457; x_wconf 68' lang='lat' dir='ltr'><strong>rerum</strong></span> <span class='ocrx_word' id='word_1_962' title='bbox 3619 5400 3743 5457; x_wconf 78' lang='lat' dir='ltr'><strong>dico</strong></span> 
     </span>
    </p>
   </div>
   <div class='ocr_carea' id='block_1_116' title="bbox 2170 5490 3737 5567">
    <p class='ocr_par' dir='ltr' id='par_1_116' title="bbox 2170 5490 3737 5567">
     <span class='ocr_line' id='line_1_117' title="bbox 2170 5490 3737 5567; baseline -0.003 -16"><span class='ocrx_word' id='word_1_963' title='bbox 2170 5497 2331 5560; x_wconf 67' lang='lat' dir='ltr'><strong>vobis,</strong></span> <span class='ocrx_word' id='word_1_964' title='bbox 2356 5494 2667 5565; x_wconf 77' lang='lat' dir='ltr'><strong>ingeminat,</strong></span> <span class='ocrx_word' id='word_1_965' title='bbox 2696 5495 2917 5567; x_wconf 84' lang='lat' dir='ltr'><strong>replicat</strong></span> <span class='ocrx_word' id='word_1_966' title='bbox 2952 5495 3175 5550; x_wconf 82' lang='lat' dir='ltr'><strong>verbum</strong></span> <span class='ocrx_word' id='word_1_967' title='bbox 3202 5492 3465 5556; x_wconf 75' lang='lat' dir='ltr'><strong>veritatis,</strong></span> <span class='ocrx_word' id='word_1_968' title='bbox 3506 5501 3567 5546; x_wconf 91' lang='lat' dir='ltr'><strong>ut</strong></span> <span class='ocrx_word' id='word_1_969' title='bbox 3588 5490 3737 5547; x_wconf 72' lang='lat' dir='ltr'><strong>exci-</strong></span> 
     </span>
    </p>
   </div>
  </div>
