3992 6184
294 337 404 393 869

1123 330 1526 385 EXEGETICA.
1566 360 1635 371 ——
1670 329 2023 386 COMMENT.
2061 328 2129 381 IN
2168 327 2358 384 JOAN.
2396 328 2613 381 -ιω
2656 329 2742 384 IV.

3448 336 3557 392 8ἶο

296 456 441 504 taret
470 444 823 505 dormientes,
850 442 994 497 intus
1022 441 1150 511 {.lls.
1180 452 1228 494 et
1257 440 1418 509 Aug.,
1448 438 1703 512 intentos]
1741 439 1883 495 face-

1996 456 2011 489 ι
2043 452 2068 478 n
2102 437 2219 492 Non
2246 452 2450 502 servus,
2503 437 2597 495 sed
2645 438 2700 491 in
2744 437 2914 491 fet-uta
2944 440 3081 492 servi
3128 440 3404 497 Dominus.
3439 444 3561 501 Fuit

296 544 382 591 ret
421 534 720 597 audientes,
770 544 871 585 nec
915 538 1368 593 contemneretur,
1417 529 1510 597 qui
1538 530 1614 583 ait
1647 547 1659 581 :
1692 529 1877 593 Amen,

297 638 451 678 auten
473 621 592 675 dico
612 619 773 683 vobis,
794 618 918 688 quia
939 618 1107 671 omnis
1130 617 1221 687 qui
1241 616 1368 685 facit
1390 626 1678 686 peccatum,
1705 632 1879 671 servus

297 720 374 767 ut
399 709 620 781 peccati.
648 726 668 760 ι
696 707 741 763 Ο
764 706 1026 761 mirabilis
1049 706 1231 777 [Aug.,
1254 704 1599 777 miserabilis]
1626 705 1878 770 servitus,

299 800 507 857 servire
531 804 775 867 peccato,
807 796 1010 851 servire
1037 795 1270 859 diabolo,
1296 795 1388 863 qui
1417 793 1623 863 peccati
1662 802 1747 848 est
1786 810 1881 848 au-

300 895 451 949 ctor!
491 892 820 958 Plerumque
848 888 1092 943 homines
1118 901 1239 942 cum
1290 886 1536 941 dominos
1588 884 1757 940 malos
1786 900 1882 953 pa-

302 982 531 1043 tiuntur,
560 976 781 1032 venales
808 990 866 1032 se
891 984 1113 1045 petunt;
1142 991 1249 1030 non
1278 984 1582 1044 quaerentes
1606 974 1881 1028 dominum

302 1088 412 1127 non
440 1071 659 1133 habere,
688 1066 785 1123 sed
821 1068 1011 1122 saltem
1041 1075 1271 1121 mutare.
1299 1066 1500 1120 Servus
1526 1065 1732 1135 peccati
1756 1064 1884 1132 quid

305 1162 466 1233 552
481 1160 663 1224 faciat,
683 1172 842 1228 quem
870 1157 1191 1227 interpellet,
1214 1157 1354 1226 apud
1378 1171 1536 1225 quem
1564 1155 1881 1224 interpellet,

303 1251 446 1321 apud
470 1264 632 1318 quem
656 1248 899 1303 venalem
925 1262 984 1302 se
1004 1248 1181 1317 petat?
1214 1268 1232 1299 ι
1267 1246 1420 1316 Saepe
1447 1247 1690 1301 homines
1712 1245 1883 1300 malos

304 1341 552 1397 dominos
597 1339 808 1409 fugiunt
847 1353 916 1392 ne
961 1338 1198 1393 serviant
1245 1337 1420 1401 malis,
1463 1345 1648 1390 etnon
1675 1334 1887 1405 fugiunt

304 1438 611 1501 peccatum,
662 1428 817 1497 cujus
867 1441 1055 1481 servus
1101 1434 1184 1482 est
1227 1427 1319 1495 qui
1366 1434 1616 1495 peccator
1675 1435 1777 1480 est.
1822 1424 1888 1479 Et

305 1529 516 1592 quanto
541 1519 751 1575 felicius
770 1526 917 1572 esset
938 1518 1123 1587 fugere
1142 1526 1442 1587 peccatum,
1474 1525 1528 1571 et
1561 1516 1765 1571 servire
1790 1516 1884 1573 ho-

306 1613 443 1669 mini
472 1611 641 1665 libera
670 1607 1030 1664 conscientia?
1056 1625 1075 1657 ι
1103 1607 1304 1662 Deinde
1332 1622 1519 1662 servus
1537 1605 1770 1660 hominis
1791 1605 1888 1659 ali-

307 1702 526 1773 quando
551 1700 635 1755 sui
654 1699 861 1754 domini
890 1698 1040 1753 duris
1067 1697 1307 1767 imperiis
1335 1696 1608 1768 fatigatus,
1638 1695 1887 1766 fugiendo

1982 526 2178 595 quippe
2205 524 2293 579 illa
2321 527 2504 581 carnis
2527 525 2697 580 forma
2727 526 2957 591 servilis,
2988 530 3080 584 sed
3128 534 3372 599 quamvis
3414 548 3560 591 esset

1981 616 2273 671 similitudo
2299 617 2481 673 carnis
2507 618 2733 688 peccati,
2766 632 2871 673 non
2900 627 3018 673 erat
3053 635 3179 676 caro
3204 624 3431 692 peccati.
3465 626 3557 679 Lt-

1981 707 2247 762 bertatem
2268 709 2516 777 promisit
2536 709 2880 764 credentibus
2905 709 2956 763 in
2984 725 3071 774 se;
3097 710 3266 767 Judmi
3291 729 3417 769 vero
3437 724 3557 771 tan-

1982 811 2144 865 quam
2170 799 2237 853 de
2280 814 2376 853 sua
2410 799 2661 855 libertate
2705 800 3095 869 superbientes,
3130 801 3402 876 dedignati
3434 817 3562 862 sunt

1982 888 2099 941 fieri
2127 887 2302 953 liberi,
2331 904 2455 944 cum
2483 899 2667 944 essent
2710 890 2849 944 SCl’Vi
2896 893 3121 959 peccati.
3149 893 3271 949 Ideo
3298 906 3479 952 autem
3501 916 3562 954 se

1982 976 2180 1031 liberos
2198 993 2317 1032 esse
2335 978 2607 1043 dixerunt,
2630 980 2752 1046 quia
2773 995 2956 1034 semen
2977 981 3205 1036 Ahraha:
3229 992 3399 1038 erant.
3423 985 3561 1052 Quid

1982 1081 2110 1136 ergo
2156 1067 2236 1121 eis
2283 1068 2349 1122 ad
2401 1068 2515 1121 huic
2562 1069 2839 1136 respondit
2884 1068 3174 1134 Dominus,
3224 1073 3503 1128 audiamus
3544 1093 3558 1127 :

1985 1161 2168 1230 (Vens.
2197 1159 2309 1231 57.)
2341 1159 2482 1226 Scio,
2513 1160 2706 1230 inquit,
2735 1161 2857 1231 quia
2887 1160 2985 1229 ﬁlii
3015 1161 3239 1216 Abra/ta:
3279 1166 3434 1229 estis,
3472 1166 3562 1220 sed

1982 1250 2218 1319 quwritis
2244 1266 2324 1302 me
2343 1249 2652 1317 interﬁcere.
2678 1250 2925 1320 Agnosco
2951 1250 3131 1305 carnis
3151 1252 3432 1321 originem,
3456 1268 3564 1309 non

1985 1340 2164 1394 cordis
2201 1339 2379 1393 ﬁdem.
2411 1337 2540 1392 Filii
2566 1339 2791 1394 Abi-aha:
2823 1343 2961 1403 estis,
2996 1343 3091 1396 sed
3120 1344 3415 1399 secundum
3442 1361 3567 1400 caro

1985 1443 2131 1484 nem.
2156 1428 2282 1482 Ideo
2307 1428 2548 1497 quaeritis
2573 1443 2656 1482 me
2683 1430 2949 1494 occidere,
2982 1431 3188 1501 inquit;
3231 1449 3398 1487 sermo
3423 1436 3566 1490 enim

1984 1533 2129 1572 meus
2153 1534 2256 1572 non
2280 1518 2418 1588 capit
2462 1517 2517 1570 in
2550 1516 2705 1584 vobis,
2758 1518 2811 1572 id
2836 1527 2939 1585 est,
2971 1534 3079 1574 non
3105 1521 3269 1575 habet
3308 1522 3484 1576 locum
3513 1525 3567 1579 in

1986 1607 2157 1662 vobis.
2206 1605 2263 1660 Si
2319 1621 2496 1661 sermo
2525 1622 2678 1661 meus
2719 1618 3003 1675 caperetur
3039 1625 3069 1663 a
3109 1609 3291 1676 vobis,
3347 1622 3567 1681 caperet

1989 1697 2176 1766 utique
2198 1711 2312 1751 vos.
2336 1694 2475 1762 Quid
2495 1703 2579 1749 est
2598 1710 2747 1766 ergo,
2774 1712 2880 1751 non
2901 1699 3110 1765 capitur
3133 1714 3163 1752 a
3185 1699 3366 1754 vobis?
3385 1697 3441 1754 Id
3461 1710 3564 1765 est,

311 1792 850 1863 requiescit:servus
876 1789 1081 1858 peccati
1125 1804 1232 1857 quo
1275 1787 1451 1858 fugit?
1478 1788 1670 1842 Secum
1723 1786 1887 1840 trahit
1922 1800 1962 1857 Β
1992 1802 2098 1841 non
2124 1786 2267 1856 capit
2295 1801 2390 1841 cor
2416 1792 2676 1850 vestrum,
2723 1785 2848 1853 quia
2896 1802 3000 1840 non
3046 1789 3306 1857 recipitur
3332 1803 3362 1843 a
3410 1792 3570 1846 corde

311 1893 592 1956 peccatum
614 1896 934 1952 quocunque
957 1880 1169 1951 fugerit.
1194 1878 1309 1934 Non
1338 1879 1474 1950 fugit
1494 1881 1723 1950 seipsam
1749 1876 1888 1933 mala

311 1974 670 2038 conscientia,
698 1986 806 2026 non
832 1978 915 2025 est
942 1984 1049 2039 quo
1092 1977 1200 2035 eat,
1231 1970 1475 2039 sequitur
1524 1984 1613 2034 se;
1647 1970 1755 2025 imo
1784 1986 1889 2026 non

318 2066 526 2122 recedit
550 2080 581 2119 a
610 2079 669 2120 se
702 2082 715 2117 :
745 2071 1023 2133 peccatum
1063 2063 1205 2117 enim
1231 2063 1373 2132 quod
1422 2062 1571 2127 facit,
1616 2063 1761 2118 intus
1787 2071 1888 2120 est.

312 2158 465 2214 Fecit
484 2164 768 2225 peccatum
782 2164 843 2208 ut
856 2154 1091 2224 aliquam
1107 2152 1440 2223 corporalem
1466 2162 1686 2222 caperet
1705 2154 1893 2210 volun-

314 2255 480 2302 tatem
506 2263 520 2299 :
549 2245 794 2298 voluntas
822 2241 1314 2314 [Ms.,voluptatem
1334 2261 1347 2295 :
1365 2241 1630 2313 voluptas]
1659 2245 1890 2309 transiit,

312 2342 595 2407 peccatum
615 2341 856 2388 remanet
878 2349 892 2397 ;
915 2331 1175 2401 przeteriit
1188 2331 1331 2399 quod
1344 2330 1664 2397 delectabat,
1684 2347 1895 2387 reman-

315 2427 549 2497 sitquod
574 2433 792 2496 pungat.
811 2424 945 2479 Mala
971 2424 1222 2479 servitus.
1249 2422 1551 2491 Aliquando
1580 2421 1897 2493 fugiuntho—

317 2519 491 2575 mines
505 2517 778 2587 improbas
798 2514 1063 2579 dominos,
1078 2513 1320 2568 volentes
1334 2528 1519 2568 carere
1531 2514 1782 2579 dominis,
1804 2516 1896 2584 qui

317 2606 507 2663 uolunt
522 2619 710 2660 carere
732 2603 987 2674 peccatis.
1009 2621 1028 2654 ι
1049 2601 1256 2669 Quanto
1270 2600 1476 2656 felicius
1500 2603 1547 2657 si
1568 2601 1782 2657 deserat
1802 2604 1899 2657 bo-

317 2710 411 2752 mo
432 2704 731 2765 peccatum,
746 2692 915 2764 fugiat
949 2694 1016 2747 ad
1039 2691 1333 2755 Christum,
1350 2692 1517 2745 Deum
1551 2691 1897 2746 liberatorem

320 2782 659 2854 interpellet?
677 2782 893 2837 Libet-at
907 2795 1035 2851 ergo
1053 2779 1121 2835 ab
1147 2780 1250 2834 hac
1261 2779 1519 2834 servitute
1533 2780 1739 2849 peccati
1755 2779 1899 2835 solus

321 2874 599 2937 Dominus,
618 2873 710 2942 qui
725 2872 867 2926 illam
892 2887 998 2926 non
1024 2869 1231 2935 habuit,
1250 2870 1341 2940 qui
1368 2869 1513 2925 solus
1540 2870 1657 2925 sine
1680 2877 1901 2941 peccato

322 2964 533 3018 \‘enitin
550 2963 826 3017 mundum.
842 2962 934 3016 Ille
950 2960 1095 3016 solus
1116 2960 1347 3015 liberare
1373 2968 1551 3029 potest
1569 2959 1634 3014 de
1657 2967 1897 3029 peccato,

323 3055 416 3124 qui
457 3054 607 3109 venit
653 3053 768 3109 sine
794 3060 1038 3122 peccato,
1068 3059 1122 3106 et
1148 3050 1324 3105 factus
1348 3058 1430 3106 est
1456 3049 1779 3105 sacrificium
1803 3063 1901 3119 pro

1992 1883 2191 1929 vestro.
2228 1893 2246 1926 ι
2282 1874 2522 1928 Audistis
2572 1874 2853 1928 Dominum
2907 1884 3052 1930 certe
3099 1877 3363 1934 dicentem
3398 1898 3412 1934 :
3448 1879 3567 1935 Scio

1990 1967 2112 2036 quia
2134 1965 2232 2036 ﬁlii
2260 1964 2486 2018 .‘lbraltte
2508 1966 2649 2018 estis.
2681 1964 2872 2020 Audite
2895 1966 3020 2035 quid
3042 1975 3226 2036 postea
3249 1968 3392 2023 dicat
3417 1988 3429 2021 :
3457 1969 3569 2040 Ego

1989 2057 2128 2129 quod
2152 2058 2255 2112 vidi
2275 2057 2416 2127 apud
2444 2054 2656 2110 Patrem
2683 2074 2855 2111 meum
2882 2056 3096 2129 loquor;
3117 2068 3164 2111 et
3188 2076 3293 2125 ros,
3318 2061 3454 2130 quod
3474 2079 3570 2115 att-

1992 2148 2141 2202 distis
2179 2147 2319 2218 apud
2348 2156 2548 2217 patrem
2571 2156 2817 2211 vestrum,
2849 2146 3043 2215 facitis.
3094 2146 3231 2212 Quid
3271 2158 3447 2204 autem
3488 2150 3569 2205 fa-

1993 2238 2180 2292 ciunt?
2208 2235 2359 2303 Quod
2387 2236 2468 2291 eis
2516 2236 2692 2290 dixit:
2729 2236 2978 2301 Qua’ritis
3024 2254 3102 2291 me
3156 2238 3407 2293 occidere.
3458 2240 3572 2299 lloc

1994 2328 2134 2398 apud
2166 2326 2440 2401 Abraham
2485 2341 2756 2394 nunquam
2804 2326 3070 2380 viderunt.
3100 2326 3276 2381 Dicit:
3310 2327 3438 2393 Qua:
3465 2331 3571 2386 ridi

1996 2419 2136 2490 apud
2162 2416 2374 2472 Patrem
2396 2435 2564 2473 meum
2587 2416 2791 2488 loquor.
2821 2418 3115 2473 Veritatem
3141 2418 3268 2485 vidi,
3290 2421 3571 2477 veritatem

1994 2507 2205 2575 loquor,
2244 2506 2370 2574 quia
2415 2506 2615 2559 veritas
2644 2521 2781 2559 sum.
2812 2505 2869 2560 Si
2915 2506 3056 2560 enim
3086 2506 3344 2563 Dominus
3371 2510 3573 2564 verita-

2000 2606 2106 2652 tem
2136 2597 2394 2667 loquitur,
2415 2597 2539 2665 quia
2563 2596 2678 2665 ipse
2705 2604 2789 2650 est
2819 2596 3017 2650 veritas
3036 2595 3233 2662 Patris,
3261 2613 3423 2667 quam
3441 2601 3575 2657 vidit

1997 2690 2139 2759 apud
2169 2689 2379 2743 Patrem
2402 2685 2493 2759 [se
2518 2688 2671 2753 vidit,
2710 2703 2768 2742 sc
2792 2687 3052 2758 loquitur,
3079 2689 3203 2757 quia
3233 2690 3346 2759 ipse
3371 2699 3454 2745 est
3482 2708 3573 2746 vc-

2000 2782 2133 2835 ritas
2158 2780 2354 2845 Patris,
2382 2795 2543 2850 quam
2567 2780 2699 2833 vidit
2718 2780 2856 2848 apud
2883 2779 3144 2850 Patrem].
3174 2779 3292 2849 Ipse
3331 2790 3413 2836 est
3429 2785 3570 2837 enim

2001 2874 2268 2939 Verbum,
2298 2873 2440 2943 quod
2468 2872 2699 2928 Verbum
2729 2880 2849 2928 erat
2893 2873 3035 2943 apud
3081 2873 3271 2929 Dem].
3318 2875 3407 2932 lsti
3445 2893 3573 2950 ergo

2001 2966 2198 3020 malum
2225 2964 2368 3035 quod
2394 2963 2619 3028 faciunt,
2647 2965 2791 3034 quod
2818 2964 3076 3019 Dominus
3104 2964 3357 3038 objurgat
3381 2977 3436 3025 et
3452 2986 3574 3039 eer—

2002 3053 2147 3122 ripit,
2176 3052 2265 3108 ubi
2295 3052 2580 3106 viderunt?
2603 3052 2757 3122 Apud
2778 3052 2992 3107 Patrem
3024 3068 3198 3108 suum.
3229 3055 3362 3111 Cum
3386 3058 3572 3113 audie-

323 3152 565 3212 peceato.
603 3142 775 3198 «Cum
802 3157 930 3211 ergo
954 3141 1130 3196 omnis
1157 3141 1248 3211 qui
1271 3140 1693 3210 facitpeccatum
1715 3153 1902 3194 servus
1929 3134 1971 3193 C
2005 3144 2174 3197 rimus
2216 3143 2270 3196 in
2321 3142 2769 3211 consequentibus
2810 3142 3046 3213 apertius
3089 3145 3288 3200 dictum
3336 3149 3457 3218 quis
3503 3150 3574 3208 sit

324 3234 398 3288 sit
439 3234 667 3304 peccati,
712 3248 829 3302 qua:
875 3233 946 3287 sit
990 3248 1112 3301 spes
1156 3233 1312 3288 nobis
1346 3232 1629 3296 libertatis,
1670 3232 1895 3286 audite:

325 3326 511 3397 (Vens.
540 3324 653 3396 55.)
682 3323 869 3379 Servus
892 3334 1085 3389 autem,
1115 3326 1311 3393 inquit,
1340 3341 1442 3377 non
1472 3334 1643 3378 manet
1667 3325 1721 3377 in
1746 3322 1900 3377 domo

325 3418 381 3470 iu
399 3425 666 3471 «uernum.
689 3415 930 3470 Ecclesia
952 3423 1036 3468 est
1052 3416 1260 3479 domus,
1278 3418 1465 3469 servus
1489 3421 1573 3469 est
1591 3420 1861 3482 peccator.
1875 3430 1894 3464 ι

328 3505 444 3561 Non
488 3514 703 3560 maneat
728 3506 890 3560 homo
920 3503 972 3557 in
1002 3512 1243 3573 peccato,
1274 3518 1373 3558 nec
1402 3502 1532 3574 [Αι.,
1564 3502 1652 3574 ne]
1682 3504 1752 3557 sit
1789 3516 1901 3557 scr-

326 3610 427 3649 vus
454 3595 678 3663 peccati,
708 3602 767 3649 ut
794 3593 963 3663 possit
988 3608 1205 3647 manere
1234 3594 1285 3647 in
1314 3592 1493 3656 domo,
1524 3593 1577 3647 id
1596 3601 1697 3656 est,
1722 3592 1776 3646 in
1800 3592 1900 3647 Ec-

329 3684 510 3738 clesia.
542 3683 751 3737 Maneat
775 3683 829 3735 in
854 3696 1080 3751 corpore
1108 3683 1297 3751 capitis
1323 3683 1425 3746 sui,
1443 3689 1502 3735 ut
1531 3681 1769 3746 sitlilius,
1795 3697 1899 3736 non

328 3788 537 3829 servus.
567 3772 745 3843 Longe
764 3772 907 3826 aliud
927 3781 1008 3827 est
1029 3787 1275 3842 peccare,
1297 3772 1441 3826 aliud
1461 3788 1679 3827 manere
1703 3773 1755 3826 in
1770 3786 1901 3841 pce-

328 3875 469 3919 cato.
507 3861 606 3929 Qui
646 3869 828 3918 manet
857 3862 909 3915 in
939 3872 1182 3932 peccato,
1216 3877 1402 3916 servus
1428 3870 1512 3915 est
1538 3859 1781 3929 peccati;
1809 3859 1901 3926 qui

328 3953 467 4023 fugit
488 3967 518 4004 a
548 3959 788 4020 peccato,
818 3965 1004 4004 servus
1024 3951 1127 4003 erit
1147 3948 1392 4016 iustitiae.
1419 3965 1437 3997 ι
1463 3947 1681 4001 Terruit
1701 3948 1897 4013 itaque,

327 4051 387 4097 et
432 4054 581 4108 spem
627 4039 817 4093 dedit:
852 4039 1069 4101 terruit,
1111 4054 1179 4092 ne
1226 4044 1504 4108 peceatum
1557 4050 1900 4099 amarcmus;

330 4142 482 4200 spem
503 4125 666 4191 dedit,
688 4141 757 4180 ne
778 4126 844 4180 de
863 4126 1068 4194 peccati
1088 4126 1352 4181 solutione
1374 4123 1750 4181 dill'ideremus.
1776 4121 1904 4179 0m-

332 4220 433 4284 nis,
466 4217 657 4287 inquit,
678 4217 766 4287 qui
791 4215 913 4285 facit
933 4226 1216 4285 peccatum,
1247 4232 1422 4271 servus
1449 4225 1523 4269 est
1542 4216 1757 4285 peccati.
1783 4212 1903 4268 Scr-

332 4324 425 4362 vtts
454 4315 627 4360 autem
649 4323 751 4360 non
770 4315 941 4359 manet
968 4303 1043 4378 [in
1063 4303 1238 4377 doma]
1261 4307 1316 4360 in
1334 4314 1602 4358 talentum.
1627 4303 1755 4369 Quae
1776 4319 1903 4375 ergo

331 4398 487 4453 nobis
517 4411 639 4466 spes
665 4405 781 4461 est,
809 4395 899 4465 qui
945 4411 1052 4451 non
1101 4409 1285 4451 sumus
1329 4395 1443 4450 sine
1479 4394 1741 4464 peccato?
1764 4392 1902 4449 Audi

333 4502 482 4556 spem
509 4495 654 4541 tuam
688 4503 699 4539 :
735 4483 783 4536 F
785 4484 906 4538 ilius
932 4494 1102 4539 manet
1130 4487 1185 4538 in
1214 4493 1484 4538 (sternam.

2002 3247 2190 3286 eorum
2216 3238 2390 3301 pater,
2433 3240 2559 3287 tunc
2586 3232 2943 3304 intelligemus
2972 3233 3150 3304 qualia
3178 3236 3409 3293 viderint
3434 3241 3574 3312 apud

2004 3322 2163 3376 talem
2187 3330 2394 3392 patrem
2423 3341 2435 3376 :
2465 3324 2638 3379 adhuc
2660 3325 2801 3378 enim
2838 3340 2944 3381 non
2987 3324 3228 3381 nominat
3259 3336 3465 3397 patrem
3491 3331 3573 3402 ip-

2002 3426 2204 3465 serum.
2235 3409 2400 3465 Paulo
2426 3413 2671 3482 superius
2696 3412 2854 3483 553
2883 3414 3154 3468 Abraham
3187 3432 3575 3473 commemora-

2002 3502 2101 3567 vit,
2131 3502 2224 3558 sed
2246 3502 2427 3558 carnis
2450 3503 2677 3574 origine,
2701 3518 2806 3557 non
2835 3503 2958 3558 vitm
2986 3504 3332 3560 similitudine
3365 3523 3376 3558 :
3410 3506 3574 3563 dictu-

2006 3607 2096 3646 rus
2121 3592 2346 3646 alterum
2383 3600 2589 3661 patrem
2618 3592 2855 3656 illorum,
2882 3593 2974 3659 qui
3001 3607 3102 3646 nec
3129 3595 3312 3661 genuit
3333 3608 3446 3661 eos,
3475 3611 3575 3651 nec

2003 3682 2222 3746 creavit,
2246 3689 2305 3734 ut
2327 3680 2568 3734 homines
2591 3690 2769 3732 essent
2786 3695 2800 3742 ;
2819 3678 2910 3733 sed
2943 3688 3119 3734 tamen
3139 3680 3229 3735 lilii
3261 3692 3414 3737 erant
3437 3684 3576 3754 ejus,

2005 3771 2058 3823 in
2089 3777 2346 3837 quantum
2399 3768 2522 3821 mali
2569 3779 2745 3833 erant,
2793 3784 2898 3824 non
2943 3769 2999 3826 in
3037 3782 3295 3841 quantum
3330 3777 3578 3833 homines

2007 3858 2228 3929 [erant],
2255 3859 2308 3911 in
2338 3873 2445 3926 quo
2474 3860 2688 3925 imitati,
2715 3876 2821 3917 non
2850 3863 2904 3919 in
2935 3880 3040 3934 quo
3065 3869 3253 3924 creati.

2078 3948 2238 4003 Vsus.
2271 3950 2360 4003 59.
2400 3978 2472 3989 —
2493 3949 2888 4019 Responderunt
2916 3963 2963 4006 et
2993 3955 3236 4011 dixerunt
3284 3961 3332 4013 ei
3362 3980 3381 4016 :
3414 3960 3578 4018 Pater

2007 4046 2181 4092 noster
2205 4038 2468 4092 Abraham
2486 4050 2582 4094 est.
2605 4039 2769 4107 Quasi
2797 4059 2809 4094 :
2836 4041 2915 4096 Tu
2936 4044 3063 4112 quid
3086 4045 3330 4103 dicturus
3356 4063 3416 4104 es
3440 4065 3573 4106 eon—

2007 4135 2090 4181 tra
2118 4127 2424 4183 Abraham?
2467 4138 2560 4185 aut
2604 4130 2649 4185 si
2692 4130 2909 4201 aliquod
2946 4141 3098 4204 potes
3145 4137 3364 4204 audere,
3395 4155 3577 4210 repre-

2007 4217 2178 4272 hende
2229 4216 2410 4290 [Aag.,
2458 4220 2595 4276 aude
2635 4222 3048 4298 reprehendere]
3102 4227 3395 4284 Abraham.
3458 4221 3607 4286 Non'

2006 4307 2132 4377 quia
2160 4307 2420 4364 Dominus
2463 4325 2570 4365 non
2598 4312 2830 4368 audebat
2854 4316 3247 4383 reprehendere
3266 4318 3541 4379 Abraham
3558 4363 3572 4387 ,

2006 4397 2101 4451 sed
2142 4397 2263 4453 talis
2291 4407 2408 4453 erat
2432 4398 2728 4466 Abraham,
2759 4402 2853 4469 qui
2887 4419 2993 4459 non
3033 4407 3516 4476 reprehenderetur
3542 4427 3573 4465 a

1930 4472 1983 4534 D
2010 4486 2258 4551 Domino,
2304 4488 2397 4543 sed
2439 4490 2618 4557 potius
2659 4490 2988 4547 laudaretur.
3055 4472 3257 4553 Tamen
3298 4497 3386 4553 isti
3424 4501 3576 4561 video

404 4576 567 4657 Vsas.
600 4574 687 4630 36.
717 4605 787 4657 -έ-
814 4572 872 4629 Si
890 4590 1008 4645 ergo
1038 4574 1180 4644 ﬁlius
1208 4591 1297 4628 vos
1325 4573 1633 4637 liberaverit,
1651 4584 1774 4627 tunc
1802 4591 1915 4628 rere
2008 4575 2207 4630 bantur
2254 4591 2378 4631 eum
2422 4591 2716 4645 provocare
2762 4587 2821 4633 ut
2864 4580 3064 4651 aliquid
3109 4585 3248 4640 male
3276 4586 3482 4645 diceret
3509 4591 3576 4649 de

334 4666 483 4720 liberi
511 4667 673 4720 eritis.
707 4664 832 4720 Hice
860 4679 985 4734 spes
1008 4674 1091 4719 est
1116 4674 1297 4719 nostra
1315 4705 1331 4731 ,
1361 4663 1576 4731 fratres,
1604 4674 1716 4719 uta
1743 4665 1912 4720 libero
2003 4666 2299 4732 Abraham,
2327 4674 2381 4720 et
2407 4675 2550 4721 esset
2576 4670 2788 4724 occasio
2825 4668 3052 4727 faciendi
3074 4676 3217 4743 quod
3244 4677 3569 4746 cogitabant.

333 4754 645 4822 liberemur,
670 4765 725 4810 et
747 4754 1022 4809 liberando
1050 4768 1233 4809 servos
1255 4770 1354 4810 nos
1373 4753 1565 4819 faciat;
1599 4755 1737 4810 servi
1762 4756 1907 4809 enim

332 4859 549 4901 eramus
571 4845 894 4917 cupiditatis,
918 4844 1128 4899 liberati
1154 4842 1419 4898 efficimur
1444 4844 1584 4898 servi
1605 4842 1904 4898 charilatis.

333 4931 515 4987 Prima
539 4933 864 4988 libertascst
893 4948 997 4987 non
1025 4947 1338 5002 permanere
1364 4933 1417 4985 in
1443 4941 1685 5002 peccato,
1706 4933 1907 4987 servire

329 5022 572 5090 iustitiae,
599 5023 809 5077 dicente
834 5009 1090 5093 Apostolo
1122 5040 1134 5076 :
1168 5018 1300 5075 Cum
1328 5022 1459 5075 servi
1486 5021 1662 5075 essetis
1687 5021 1903 5089 peccati,

335 5112 485 5166 liberi
504 5114 660 5166 eratis
681 5113 901 5183 justititc
928 5111 1099 5185 (Rom.
1123 5127 1199 5177 vt,
1230 5110 1342 5183 20).
1371 5110 1524 5165 Nunc
1544 5122 1720 5164 autem
1740 5109 1908 5164 habe-

336 5202 408 5258 tis
442 5201 672 5258 fructum
718 5211 955 5259 vestrum
1005 5205 1059 5258 in
1107 5202 1547 5268 sanctificatione,
1581 5201 1739 5255 linem
1777 5213 1904 5254 vero

337 5291 503 5347 vitam
549 5299 823 5347 aeternam.
858 5312 876 5344 ι
911 5292 1155 5349 Perfecta
1202 5308 1333 5349 vero
1379 5292 1599 5347 libertas
1636 5298 1720 5346 est
1746 5287 1902 5362 [Deo]

337 5382 556 5440 Christo
581 5382 800 5446 servire,
822 5382 971 5435 illum
999 5383 1217 5453 diligere
1240 5384 1332 5453 qui
1359 5397 1485 5437 vere
1510 5397 1609 5436 nos
1636 5378 1905 5443 liberavit,

340 5474 433 5546 qui
456 5488 617 5529 verus
640 5482 725 5528 est
749 5471 916 5526 Filius
942 5471 1057 5535 Dei,
1088 5480 1141 5526 et
1163 5473 1417 5529 Dominus
1445 5475 1497 5528 in
1543 5470 1713 5530 forma
1743 5469 1903 5526 servi.

420 5680 448 5711 ι
485 5666 562 5723 Ex
586 5665 643 5724 S.
675 5666 833 5738 Aug,
861 5676 1017 5723 tract.
1043 5682 1175 5734 xui,
1198 5682 1341 5722 num.
1375 5669 1515 5721 1—H.

2006 4754 2170 4811 Pater
2220 4768 2394 4811 noster
2431 4756 2698 4813 Abraham
2746 4769 2847 4817 est.
2904 4764 3267 4832 «Audiamus,
3309 4772 3575 4839 quomodo

2002 4846 2083 4902 eis
2130 4848 2406 4918 respondit
2439 4846 2734 4914 Dominus,
2785 4867 2908 4907 cum
2976 4854 3189 4911 illorum
3234 4858 3575 4919 damnatione

2008 4935 2233 4991 laudans
2252 4934 2542 4991 Abraham.
2576 4938 2741 5005 (Vens
2764 4939 2879 5012 40.)
2906 4942 3046 4997 Dicit
3074 4946 3148 4999 eis
3173 4943 3330 5003 Iesus
3354 4962 3372 5000 :
3396 4946 3454 5004 Si
3473 4950 3575 5019 lilii

2006 5025 2230 5079 Abraha:
2277 5027 2398 5080 estis
2423 5067 2438 5091 ,
2491 5044 2646 5097 opera
2690 5028 2916 5084 Abralue
2960 5031 3133 5102 facite.
3193 5033 3351 5092 Nunc
3399 5050 3574 5095 autem

2006 5116 2240 5186 qutcritis
2266 5133 2345 5169 me
2367 5116 2673 5186 inter/icere,
2697 5118 2952 5174 hominem
2973 5124 3061 5193 qui
3083 5126 3350 5191 veritatem
3371 5128 3574 5186 locutus

2005 5217 2120 5255 sum
2149 5201 2302 5264 vobis,
2326 5220 2484 5273 quam
2511 5205 2687 5259 audivi
2721 5225 2754 5260 a
2774 5207 2900 5262 Deo.
2935 5207 3049 5265 Hoc
3067 5211 3332 5271 Abraham
3361 5216 3465 5272 non
3488 5222 3571 5288 Ie-

2008 5291 2097 5343 cit.
2131 5288 2269 5344 Ecce
2304 5290 2393 5345 ille
2422 5291 2688 5360 laudatus,
2723 5295 2810 5349 isti
2840 5297 3121 5357 damnati:
3150 5301 3424 5361 Abraham
3464 5323 3573 5364 non

2005 5389 2124 5435 erat
2168 5380 2452 5435 homicida.
2506 5382 2620 5436 Non
2673 5385 2821 5452 dico,
2875 5387 3068 5457 inquit,
3115 5406 3214 5464 ego
3253 5392 3405 5453 Deus
3453 5412 3572 5458 nim

2009 5468 2190 5544 [Aug.,
2213 5469 2472 5526 Dominus
2499 5470 2640 5544 sum]
2661 5473 2887 5531 Abraha:
2911 5492 2925 5529 :
2949 5478 3090 5547 quod
3117 5479 3162 5537 si
3190 5480 3451 5552 dicerem,
3472 5502 3570 5547 ve-
