4000 6190
440 308 539 363 871

1282 294 1343 350 Β.
1383 292 1445 348 F.
1485 288 1709 349 ALBlNl
1748 288 1878 347 εει]
1921 284 2195 343 Αιουικι
2232 283 2514 343 ονειωδι
2549 282 2727 340 PARS
2762 282 2824 338 ii.

3606 282 3721 342 872

436 439 565 480 sum
591 422 848 477 dicerem.
880 414 1013 470 Nam
1037 410 1174 466 dixit
1199 409 1267 466 de
1295 409 1401 462 alio
1425 409 1543 463 loco
1566 425 1581 460 :
1605 407 1737 461 Ante
1758 402 2023 458 Abraham
2052 402 2097 461 Α
2126 397 2331 453 audire.
2385 395 2492 451 Sed
2544 395 2684 450 unde
2724 394 2913 448 audire
2959 405 3064 446 non
3099 397 3349 461 poterant
3372 430 3387 453 ,
3440 390 3544 480 nisi
3586 397 3721 464 quia

442 531 537 586 ego
561 528 699 568 sum.
721 507 873 564 'l’uuc
894 519 1018 561 eum
1047 502 1125 558 illi
1145 501 1385 571 lapidare
1412 493 1717 554 voluerunt.
1750 495 1865 550 Non
1888 494 2024 586 dixit

444 585 566 661 hoc.
605 599 824 656 interim
854 596 997 667 quod
1039 593 1257 657 videtis,
1288 590 1434 662 quod
1471 589 1734 659 aspicitis,
1765 585 1908 656 quod
1938 599 2024 638 me

442 693 617 749 solum
642 689 863 761 putatis,
891 688 1053 742 homo
1086 698 1226 739 sum.
1266 682 1549 736 Hominem
1580 680 1844 734 dicentem
1870 676 2024 729 vobis

441 783 585 853 quod
613 780 819 834 audivit
858 793 891 833 a
921 776 1051 839 Deo,
1081 788 1251 844 quare
1274 771 1440 826 vultis
1466 770 1734 831 occidere,
1766 766 1869 821 nisi
1897 764 2024 834 quia

443 889 552 929 non
581 873 714 927 estis
742 870 839 925 lilii
865 867 1135 924 Abrahae?
1176 865 1244 919 Et
1274 872 1453 918 tamen
1488 860 1736 930 superius
1763 859 1875 912 ait:
1905 855 2024 910 Scio

440 963 565 1036 auia
585 962 685 1033 ﬁlii
709 962 934 1017 Abrahce
958 960 1102 1013 estis.
1134 957 1251 1011 Non
1283 954 1495 1024 negavit
1521 965 1708 1005 eorum
1736 948 2023 1017 originem,

441 1056 539 1113 sed
566 1054 708 1109 facta
749 1053 1073 1108 condemnat
1101 1066 1115 1102 :
1140 1062 1270 1104 caro
1298 1059 1486 1100 eorum
1529 1058 1593 1097 ex
1635 1042 1724 1095 illo
1759 1049 1898 1102 erat,
1930 1037 2025 1092 sed

330 1149 336 1155 '
442 1144 554 1200 vita
595 1159 703 1199 non
744 1148 883 1196 erat.
922 1158 940 1190 ‹
978 1140 1120 1207 Ergo
1159 1134 1449 1191 Christiani
1499 1131 1626 1185 facti
1671 1136 1797 1183 sunt
1833 1140 2024 1183 semen

444 1232 676 1289 Abraha:
703 1230 875 1301 gratia
915 1228 1032 1280 Dei.
1079 1225 1194 1279 Non
1224 1224 1290 1278 de
1327 1234 1491 1276 carne
1525 1219 1760 1271 Abrahze
1792 1215 1917 1268 facti
1948 1213 2025 1267 illi

445 1320 756 1377 cohaaredes
783 1336 796 1372 :
824 1318 964 1373 Deus
1009 1315 1129 1369 illos
1174 1308 1601 1371 ethreditavit,
1632 1308 1766 1360 istos
1804 1304 2027 1372 adopta-

444 1411 541 1465 vit.
576 1429 592 1462 ι
628 1409 720 1464 isti
748 1413 873 1462 sunt
901 1406 965 1460 de
988 1404 1184 1474 quibus
1208 1400 1314 1455 alio
1348 1398 1466 1453 loco
1499 1413 1529 1451 a
1553 1395 1760 1451 Joanne
1786 1393 2026 1462 Baptista

443 1503 646 1558 dictum
675 1509 757 1554 est
782 1516 796 1552 :
825 1496 1015 1552 Potens
1044 1504 1119 1550 est
1141 1493 1282 1547 Deus
1309 1490 1374 1544 de
1413 1487 1674 1560 lapidibus
1715 1488 1831 1540 istis
1860 1483 2028 1538 susci-

443 1602 556 1647 tare
605 1590 745 1661 ﬁlios
784 1587 1011 1641 Abraha:
1058 1582 1270 1656 (Matth.
1322 1596 1409 1644 ιη,
1460 1578 1536 1650 9).
1591 1577 1686 1661 11ιίΔ
1718 1582 1877 1631 erunt
1929 1570 2026 1627 lilii

440 1659 697 1746 Abrahae,
729 1679 821 1751 qui
852 1678 1008 1733 fidem
1040 1675 1270 1729 Abrahae
1308 1673 1608 1726 imitantur.
1636 1659 1762 1724 ideo
1806 1667 2027 1736 subjun-

444 1775 522 1829 xit
551 1772 831 1834 Dominus,
885 1768 1108 1823 dicens:
1154 1762 1215 1819 Si
1260 1762 1361 1832 filii
1389 1761 1614 1815 Abrahae
1667 1760 1817 1824 estis,
1870 1770 2027 1827 opera

443 1863 668 1918 Abrahra
696 1861 871 1930 facite.
905 1857 1085 1911 Factis
1108 1853 1331 1925 probate
1369 1852 1724 1914 nobilitatem,
1755 1866 1861 1904 non
1903 1865 2025 1904 vcr-

441 1953 546 2007 bis.
588 1950 696 2005 Sed
724 1947 967 2018 qnmritis
1006 1961 1092 1999 me
1131 1941 1457 2007 interﬁcere,
1499 1941 1774 1995 hominem
1803 1940 1897 2009 qui
1936 1955 2026 1995 vc-

444 2044 659 2097 ritatem
692 2040 905 2094 locutus
945 2050 1063 2091 sum
1089 2034 1242 2088 vobis
1268 2047 1431 2101 quam
1475 2032 1654 2085 audivi
1700 2045 1730 2084 a
1760 2029 1889 2094 Deo,
1924 2030 2027 2085 hoc

444 2132 716 2186 Abraham
766 2143 871 2183 non
915 2125 1060 2180 fecit.
1093 2125 1201 2178 Vos
1245 2122 1422 2176 facitis
1444 2137 1606 2191 opera
1631 2121 1809 2175 Patris
1828 2120 2024 2185 vestri;

443 2236 499 2280 ot
527 2225 703 2279 adhuc
724 2237 831 2277 non
857 2220 987 2275 dicit
1011 2218 1132 2288 quis
1162 2226 1245 2272 est
1276 2217 1375 2271 iste
1402 2224 1555 2285 pater
1580 2230 1787 2270 eorum.
1822 2234 1840 2265 ι
1871 2214 2026 2269 Modo

443 2312 519 2366 illi
562 2310 692 2382 quid
726 2308 1161 2380 responderunt?
1208 2305 1501 2374 Coeperunt
1558 2305 1702 2359 cnim
1753 2313 2028 2375 utcunque

442 2416 792 2472 cognoscere,
824 2414 930 2453 non
961 2397 1028 2452 de
1056 2396 1236 2451 carnis
1260 2395 1604 2466 generatione
1634 2393 1918 2449 Dominum
1947 2394 2026 2449 lo-

443 2492 558 2561 qui,
590 2490 682 2544 sed
727 2488 794 2543 de
820 2487 944 2541 vita:
991 2485 1327 2540 institutione
1370 2501 1383 2537 :
1427 2490 1483 2537 et
1524 2483 1649 2551 quia
1698 2483 2027 2537 consuetudo

444 2580 850 2650 Scripturarum
878 2584 960 2632 cst
988 2591 1149 2646 quam
1179 2575 1447 2645 legebant,
1479 2572 1887 2628 fornicationem
1920 2574 2028 2644 spi-

432 2670 676 2725 ritaliter
723 2666 1002 2738 appellari,
1033 2681 1157 2720 cum
1186 2665 1289 2720 diis
1334 2664 1517 2742 multis
1566 2671 1621 2719 et
1650 2662 1804 2719 falsis
1847 2664 2026 2718 anima

444 2772 700 2832 tanquam
724 2760 1009 2830 prostituta
1034 2756 1339 2826 subjicitur,
1370 2758 1437 2811 ad
1467 2757 1568 2812 hoc
1596 2755 2023 2826 responderunt:

446 2853 632 2925 (Vens.
656 2851 771 2923 41.)
800 2850 1057 2904 Dixerunt
1086 2850 1260 2922 itaque
1286 2850 1335 2903 ei
1378 2867 1395 2907 :
1425 2846 1539 2903 Nos
1569 2865 1635 2903 ea:
1662 2848 2026 2919 prostitutione

446 2963 551 3002 non
592 2961 772 3001 sumus
803 2945 933 3009 nati,
969 2958 1132 2996 unum
1164 2939 1375 2995 Patrem
1403 2940 1653 2994 habemus
1681 2940 1868 2994 Deum.
1907 2937 2026 2994 Jam

2123 488 2325 557 corrigi
2364 485 2635 541 credendo
2679 483 2974 540 nolebant?
3021 482 3088 537 Et
3134 482 3238 537 hoc
3284 481 3470 541 unde?
3509 479 3613 539 Vos
3650 502 3721 540 ea

2123 586 2273 646 patre
2296 574 2505 629 diabolo
2524 575 2679 629 estis.
2712 570 2959 640 Quandiu
2986 580 3200 644 patrem
3238 574 3724 632 commemoratis?

2125 666 2371 734 Quandiu
2422 674 2633 735 patrem
2678 663 2842 737 554
2886 664 3145 729 mutatis,
3202 663 3365 719 modo
3406 663 3719 731 Abraham.

2127 757 2286 811 modo
2324 756 2526 811 Deum?
2572 754 2767 810 Audite
2813 770 2844 807 a
2887 752 3026 808 Filio
3068 753 3186 819 Dei,
3233 755 3389 825 cujus
3419 754 3512 808 lilii
3558 756 3719 812 estis.

2126 850 2168 903 Α
2189 859 2339 921 patre
2357 846 2567 903 diabolo
2596 848 2741 901 estis.
2776 866 2795 899 ο
2840 847 2984 901 Deus
3019 846 3203 915 itaque
3227 854 3449 902 creator
3473 849 3719 903 ninnium

2125 948 2499 994 creaturarum
2537 937 2746 992 creavit
2782 937 3076 992 hominem.
3115 936 3399 1003 Quomodo
3426 938 3519 994 hic
3549 939 3712 994 dicit:

2135 1025 2237 1081 Vos
2259 1044 2289 1079 a
2311 1036 2460 1097 patre
2472 1024 2680 1080 diabolo
2699 1027 2822 1081 estis
2837 1027 2865 1080 7
2882 1026 3151 1096 Quidquid
3175 1043 3206 1080 a
3221 1027 3333 1082 Deo
3354 1037 3598 1083 creatum
3608 1039 3713 1091 est.

2125 1116 2324 1171 bonum
2344 1122 2445 1179 est,
2468 1123 2524 1169 et
2541 1117 2717 1170 omnis
2739 1116 2920 1181 homo,
2935 1125 3193 1186 quantum
3217 1126 3470 1174 creatura
3494 1119 3590 1174 Dei
3608 1130 3715 1185 est,

2124 1206 2299 1261 bonus
2317 1215 2429 1263 est:
2452 1217 2712 1274 quantum
2734 1222 2864 1262 vero
2884 1222 2943 1262 se
2963 1207 3080 1276 subj
3089 1209 3181 1263 icit
3197 1212 3296 1271 per
3317 1209 3545 1265 liberum
3570 1213 3718 1268 arbi-

2127 1297 2292 1352 trium
2318 1295 2551 1361 diabolo,
2584 1313 2614 1351 a
2642 1305 2798 1366 patre
2827 1298 3043 1353 diabolo
3080 1309 3184 1354 est.
3234 1317 3253 1350 ι
3289 1298 3438 1355 Bona
3459 1309 3547 1356 est
3566 1303 3715 1357 enim

2125 1388 2361 1444 hominis
2387 1399 2602 1457 natura,
2632 1393 2729 1446 sed
2760 1391 2947 1446 vitiata
2972 1400 3092 1446 erat
3116 1406 3214 1462 per
3242 1392 3442 1447 malam
3463 1394 3717 1449 volunta-

2126 1491 2258 1547 tem,
2297 1489 2355 1536 et
2390 1482 2515 1538 inde
2562 1498 2593 1537 a
2623 1491 2778 1552 patre
2805 1490 2925 1538 erat
2952 1483 3186 1539 diabolo.
3228 1484 3383 1551 Quod
3412 1484 3545 1541 fecit
3571 1486 3717 1542 Deos

2126 1587 2232 1627 non
2278 1564 2459 1642 potest
2492 1588 2612 1628 esse
2648 1573 2873 1637 malum,
2916 1574 2964 1628 si
3002 1573 3118 1643 ipse
3162 1574 3325 1629 homo
3370 1589 3479 1629 non
3506 1575 3580 1630 sit
3608 1577 3715 1632 sibi

2131 1664 2327 1719 malus.
2375 1664 2504 1719 inde
2533 1680 2665 1736 ergo
2687 1664 2858 1721 Judaei
2885 1666 3014 1721 dicti
3055 1675 3181 1720 sunt
3205 1665 3301 1721 lilii
3340 1667 3563 1732 diaboli,
3608 1683 3714 1724 non

2130 1757 2420 1821 nascendo,
2472 1759 2568 1812 sed
2612 1758 2893 1814 imitando.
2949 1759 3293 1814 Consuetudo
3333 1776 3466 1815 vero
3513 1772 3716 1818 sancta:

2131 1846 2427 1917 Scriptura:
2453 1856 2625 1902 estex
2655 1848 2952 1904 imitatione
2987 1849 3073 1904 vel
3099 1850 3450 1906 similitudine
3489 1867 3715 1922 operum

2129 1935 2271 1991 filios
2308 1950 2450 2006 saepe
2490 1937 2794 2003 nominare,
2837 1946 2898 1993 ut
2938 1938 3209 2009 Propheta
3254 1939 3321 1995 ad
3345 1938 3563 1996 Judzeos
3606 1944 3714 1997 ait:

2130 2023 2294 2079 Pater
2331 2035 2452 2080 tuus
2483 2025 2822 2082 Amorrhteus
2861 2038 2910 2082 et
2935 2038 3106 2083 mater
3139 2040 3232 2083 tua
3271 2024 3465 2086 Cethea
3495 2033 3712 2105 (Each.

2129 2132 2240 2181 xvi,
2267 2115 2344 2187 5).
2370 2116 2669 2172 Amorrhaei
2694 2131 2825 2189 gens
2851 2127 2968 2173 erat
2991 2121 3259 2188 quasdam,
3282 2122 3426 2176 unde
3445 2123 3712 2196 originem

2127 2205 2299 2262 Judaei
2347 2222 2456 2261 non
2494 2206 2790 2273 ducebant;
2823 2206 3011 2264 Cethei
3059 2218 3115 2263 et
3162 2210 3259 2278 ipsi
3306 2219 3523 2280 gentem
3559 2226 3713 2267 suam

2128 2298 2398 2354 habebant
2444 2298 2664 2353 omnino
2710 2299 2871 2354 alieni
2916 2316 2948 2354 a
2995 2315 3192 2371 genere
3219 2298 3551 2357 Iudaeorum.
3607 2303 3714 2359 Sed

2129 2389 2255 2459 quia
2282 2397 2442 2444 erant
2487 2390 2637 2459 impii
2663 2389 2965 2445 Amorrhtei
2989 2398 3045 2445 et
3070 2388 3292 2457 Cethei;
3330 2389 3504 2448 Judaei
3532 2403 3711 2450 autem

2130 2480 2327 2534 imitati
2388 2487 2515 2534 sunt
2568 2480 2876 2550 impietates
2926 2481 3180 2548 illorum;
3238 2474 3559 2538 invenerant
3617 2484 3713 2540 lilii

2131 2570 2330 2644 [Aug.,
2380 2573 2704 2628 invenerunt
2751 2572 2878 2646 sibi]
2924 2584 3196 2644 parentes,
3246 2591 3355 2630 non
3405 2576 3475 2633 de
3518 2578 3712 2648 quibus

2129 2672 2501 2731 nascerentur,
2552 2667 2651 2721 sed
2690 2681 2923 2736 quorum
2982 2682 3161 2722 mores
3201 2670 3461 2725 sectando
3504 2659 3711 2740 pariter

2131 2753 2536 2808 damnarentur.
2589 2754 2844 2821 Quaeritis
2891 2766 3071 2812 autem
3116 2757 3366 2822 fortasse,
3412 2760 3554 2815 unde
3598 2762 3711 2831 ipse

2129 2844 2411 2900 diabolus?
2447 2844 2577 2901 inde
2604 2847 2811 2916 utique,
2837 2849 2981 2903 unde
3004 2856 3060 2903 et
3082 2850 3264 2904 caeteri
3292 2850 3489 2922 angeli.
3519 2850 3711 2907 Czeteri

2130 2934 2307 3008 angeli
2353 2935 2407 2989 in
2453 2951 2550 2991 sua
2590 2936 2897 2993 obedientia
2954 2940 3356 3010 perstiterunt:
3389 2942 3477 2997 ille
3526 2945 3713 3000 inobo-

446 3039 603 3096 viluit
622 3036 897 3093 Abraham
923 3052 937 3091 :
964 3033 1165 3103 repulsi
1192 3039 1317 3128 sunt
1343 3032 1506 3096 enim,
1535 3032 1808 3128 quomodo
1826 3030 2023 3128 repelli
2050 3065 2100 3128 ϐ
2126 3023 2335 3128 dicendo-
2361 3033 2417 3128 et
2447 3026 3032 3128 superbiendo-lapsus
3067 3038 3150 3085 est
3175 3031 3441 3128 angelus,—
3455 3041 3511 3087 et
3534 3033 3712 3089 factus

446 3132 749 3188 debuerunt
776 3126 930 3201 [Ms.,
952 3121 1257 3196 voluerunt]
1303 3136 1400 3178 ore
1436 3122 1705 3188 veridico;
1747 3122 1873 3192 quia
1904 3129 2025 3178 erat

443 3222 571 3279 talis
596 3220 890 3284 Abraham,
918 3216 1073 3286 cujus
1110 3213 1313 3269 factum
1340 3229 1445 3269 non
1476 3213 1849 3277 imitabantur,
1875 3221 1931 3267 et
1957 3212 2024 3268 de

445 3314 589 3371 illius
613 3326 809 3384 genere
835 3308 1218 3380 gloriabantur.
1261 3306 1327 3360 Et
1355 3313 1699 3360 mutaverunt
1723 3305 2025 3375 responsio-

448 3418 594 3469 nem,
641 3399 908 3455 credendo
957 3395 1115 3469 [Aug.
1144 3403 1192 3448 et
1224 3392 1561 3465 Ms.,credo]
1604 3393 1844 3448 dicentes
1885 3394 2025 3463 apud

446 3493 683 3562 seipsos,
737 3487 1161 3557 quotiescunque
1221 3481 1679 3537 nominaverimus
1724 3482 2021 3547 Abraham,

447 3582 689 3638 dicturus
734 3582 818 3633 est
858 3572 1256 3640 nobiszQuare
1302 3587 1410 3627 non
1457 3571 1742 3627 imitamini
1789 3587 1911 3627 eum
1960 3573 2026 3628 de

446 3670 604 3739 cujus
625 3682 820 3741 genere
847 3664 1192 3738 gloriamini?
1239 3662 1346 3718 Nos
1387 3671 1652 3729 sanctum,
1680 3662 1905 3733 justum,
1940 3664 2024 3718 in-

449 3772 762 3826 nocentem,
810 3769 1015 3815 tantum
1056 3758 1235 3812 virum
1286 3757 1486 3812 imitari
1538 3773 1645 3812 non
1695 3772 2021 3827 possumus:

451 3855 621 3910 Deum
649 3850 894 3905 dicamus
917 3848 1132 3903 Patrem
1161 3856 1438 3913 nostrum;
1469 3848 1746 3904 videamus
1774 3848 1905 3919 quid
1930 3864 2027 3903 no-

448 3943 538 4000 bis
560 3943 801 3998 dicturus
828 3948 929 3995 est.
967 3958 985 3991 t
1014 3937 1269 4010 Nunquid
1312 3938 1358 3993 si
1403 3935 1618 3993 falsitas
1654 3939 1858 3993 invenit
1883 3938 2027 4007 quod

450 4034 675 4095 diceret,
715 4038 770 4086 et
795 4029 997 4085 veritas
1035 4044 1141 4083 non
1171 4028 1438 4083 inveniret
1467 4030 1609 4098 quod
1647 4029 2027 4099 responderet?

451 4123 752 4179 Audiamus
803 4119 931 4189 quid
978 4117 1203 4182 dicant,
1266 4118 1547 4173 audiamus
1593 4119 1722 4188 quid
1761 4120 2022 4174 audiant:

453 4212 647 4276 Unum,
670 4209 937 4280 inquiunt,
965 4206 1179 4261 Patrem
1208 4206 1455 4262 habemus
1477 4208 1663 4262 Deum.
1693 4208 1879 4281 (Vens.
1909 4209 2024 4280 42.)

451 4301 597 4355 Dixit
626 4315 745 4369 ergo
773 4300 846 4353 eis
867 4296 1022 4350 Iesus
1046 4310 1063 4347 :
1094 4294 1151 4351 Si
1179 4296 1320 4351 Deus
1350 4293 1510 4351 Pater
1535 4307 1697 4351 vester
1720 4308 1872 4363 esset,
1900 4298 2027 4352 dili-

2128 3126 2212 3174 εει
2233 3116 2494 3174 diabolus.
2525 3137 2544 3170 ι
2577 3118 2684 3174 Sed
2710 3120 2871 3175 modo
2889 3122 3072 3177 audite
3099 3123 3229 3192 quid
3248 3124 3392 3179 dicat
3412 3124 3672 3181 Dominus
3691 3143 3711 3181 :

2139 3207 2261 3274 Vos,
2296 3210 2489 3280 inquit,
2531 3228 2563 3264 a
2584 3222 2732 3280 patre
2758 3212 2965 3267 diabolo
2994 3216 3139 3280 estis,
3171 3226 3220 3270 et
3247 3216 3497 3271 desideria
3528 3221 3713 3288 patris

2126 3303 2282 3356 uestri
2326 3302 2500 3371 facere
2539 3303 2714 3357 vultis.
2763 3303 3013 3369 Qua'ritis
3056 3323 3138 3360 me
3165 3308 3411 3373 occidere,
3440 3309 3712 3365 hominem

2127 3393 2215 3463 qui
2257 3394 2524 3447 ueritatem
2562 3394 2702 3448 vobis
2742 3395 2880 3449 dico.
2922 3396 2991 3450 Et
3038 3397 3127 3452 ille
3172 3397 3360 3452 invidit
3396 3400 3623 3467 homini,
3654 3413 3713 3456 et

2126 3483 2324 3539 occidit
2373 3485 2665 3540 hominem.
2708 3485 2991 3542 'Diabolus
3035 3497 3215 3543 autem
3270 3504 3393 3544 cum
3449 3491 3711 3547 invideret

2128 3572 2352 3638 homini,
2384 3581 2690 3642 serpentem
2739 3575 2977 3640 indutus,
3010 3578 3221 3633 locutus
3260 3589 3345 3635 est
3390 3582 3621 3647 mulieri,
3652 3594 3711 3638 et

2127 3661 2193 3715 de
2228 3662 2455 3716 muliere
2478 3665 2764 3719 venenavit
2808 3675 2861 3721 et
2890 3667 3086 3722 virum.
3136 3668 3331 3724 Mortui
3365 3680 3491 3725 sunt
3527 3672 3711 3727 diabo-

2127 3750 2236 3805 lum
2267 3751 2554 3817 audiendo,
2596 3769 2756 3823 quem
2788 3772 2893 3811 non
2939 3758 3218 3813 audissent
3247 3761 3294 3814 si
3318 3759 3488 3816 Deum
3522 3762 3707 3818 audire

2126 3840 2420 3896 voluissent
2447 3859 2459 3893 :
2488 3843 2696 3913 positus
2725 3846 2868 3900 enim
2892 3847 3052 3903 homo
3082 3849 3224 3903 inter
3245 3850 3417 3905 Deum
3442 3853 3533 3921 qui
3559 3866 3709 3907 crea—

2125 3935 2204 3989 vit
2228 3951 2370 4000 eum,
2401 3936 2493 4005 qui
2544 3935 2702 4008 [Aug.
2730 3938 2878 3993 addit
2909 3953 2927 3991 :
2965 3949 3020 3994 et
3060 3956 3205 4008 eum,
3246 3943 3339 4012 qui
3380 3942 3564 4013 lapsus
3601 3944 3704 4015 est]

2125 4027 2496 4097 obtemperare
2541 4028 2722 4083 debuit
2765 4031 3018 4097 creatori,
3072 4048 3179 4087 non
3219 4035 3515 4105 deceptori.
3567 4036 3707 4108 Ergo

2126 4113 2214 4168 ille
2246 4115 2509 4169 homicida
2546 4126 2658 4171 erat
2690 4118 2754 4171 ab
2788 4120 2959 4173 initio.
3002 4121 3194 4178 Videte
3236 4138 3406 4194 genus
3434 4125 3706 4180 homicidii

2128 4205 2343 4262 fratres.
2407 4206 2685 4264 Homicida
2727 4211 2924 4265 dicitur
2963 4212 3225 4278 diabolus,
3267 4230 3375 4270 non
3407 4215 3583 4288 gladio
3614 4231 3706 4269 ar-

2129 4308 2323 4364 matus,
2351 4314 2456 4353 non
2488 4298 2634 4355 ferro
2665 4302 2962 4356 accinctus.
2989 4302 3071 4358 Ad
3094 4303 3366 4358 hominem
3389 4307 3554 4371 venit,
3581 4321 3706 4360 vero

452 4393 635 4463 geretis
670 4408 751 4446 me
775 4391 952 4461 utique
977 4409 996 4446 :
1020 4387 1132 4459 Ego
1153 4389 1290 4444 enim
1323 4405 1388 4443 ea:
1415 4388 1525 4444 Deo
1568 4392 1795 4459 processi
1816 4401 1865 4445 et
1888 4394 2021 4446 veni.
2055 4416 2107 4477 υ
2127 4390 2255 4445 bum
2283 4391 2480 4445 malum
2520 4392 2836 4458 seminavit,
2869 4402 2923 4448 et
2956 4395 3172 4449 occidit.
3205 4394 3323 4450 Noli
3363 4411 3494 4468 ergo
3517 4406 3705 4469 putare

456 4480 637 4557 Neque
664 4484 800 4537 enim
831 4500 862 4535 a
889 4483 1082 4551 meipso
1112 4482 1245 4547 reni,
1282 4482 1372 4535 sed
1399 4481 1488 4536 ille
1517 4499 1598 4537 me
1635 4484 1796 4538 misit.
1839 4483 2029 4540 Dicitis

454 4574 624 4630 Deum
650 4572 886 4635 Patrem,
920 4572 1193 4640 agnoscite
1218 4571 1301 4626 vel
1329 4571 1550 4627 fratrem
1579 4583 1815 4629 vestrum
1845 4574 2026 4649 [Aug.,

453 4664 732 4735 agnoscite
757 4679 842 4719 me
859 4664 945 4719 vel
965 4662 1231 4736 fratrem].
1250 4663 1350 4718 Hic
1375 4665 1550 4737 tetigit
1568 4668 1711 4736 quod
1725 4669 1918 4736 sapius
1937 4683 2026 4723 so-

454 4757 531 4813 let
557 4757 773 4812 dicere:
796 4753 917 4810 Non
945 4772 977 4810 a
999 4756 1193 4827 meipso
1217 4757 1359 4822 veni,
1403 4758 1493 4812 sed
1530 4757 1619 4812 ille
1660 4776 1740 4815 me
1782 4761 1959 4826 misit,
1995 4779 2028 4816 a

457 4846 567 4903 Deo
584 4847 810 4920 processi
822 4855 869 4900 et
896 4846 1026 4900 veni.
1046 4845 1246 4901 Christi
1266 4862 1394 4917 ergo
1406 4848 1611 4913 missio,
1630 4850 1931 4906 incarnatio
1947 4862 2030 4908 est

455 4936 594 5009 ejus.
605 4937 758 5006 Quod
780 4952 909 4992 vero
931 4937 997 4992 de
1017 4937 1128 4992 Deo
1138 4940 1403 5008 processit
1422 4939 1673 5009 Verbum,
1698 4949 1897 4996 aeterna
1907 4958 2029 5014 pro-

457 5030 634 5087 cessio
664 5038 768 5095 est,
802 5044 907 5086 non
928 5029 1133 5084 habens
1170 5035 1380 5099 tempus
1410 5044 1508 5101 per
1535 5045 1695 5100 quem
1720 5030 1919 5088 factum
1947 5044 2031 5090 est

459 5134 689 5198 tempus.
701 5125 844 5196 Ergo
864 5125 931 5180 ab
954 5112 1046 5178 illo
1068 5125 1333 5193 processit
1359 5132 1417 5177 ut
1443 5122 1605 5191 Deus,
1625 5131 1685 5180 ut
1706 5126 1945 5198 aequalis,
1968 5136 2029 5183 ut

459 5215 628 5271 Filius
652 5216 863 5280 unicus,
885 5224 946 5269 ut
984 5214 1218 5270 Verbum
1241 5212 1448 5278 Patris;
1479 5215 1625 5271 venit
1652 5216 1718 5272 ad
1758 5231 1875 5282 nos,
1904 5218 2028 5290 quia

461 5304 698 5360 Verbum
719 5318 847 5360 caro
860 5301 1061 5360 factum
1072 5310 1177 5369 est,
1189 5311 1249 5358 ut
1263 5303 1529 5360 habitaret
1544 5304 1597 5360 in
1627 5307 1802 5363 nobis.
1818 5306 2031 5367 Adven-

462 5389 701 5462 tusejus,
722 5392 1031 5448 humanitas
1050 5392 1195 5465 ejus;
1227 5391 1433 5452 mansio
1450 5393 1583 5463 ejus.
1610 5397 1861 5455 divinitas
1888 5399 2025 5470 ejus.

532 5479 696 5538 Vatis.
718 5482 807 5537 43.
822 5512 894 5526 -
909 5481 1136 5549 «Quare,
1150 5482 1343 5554 inquit,
1354 5483 1613 5558 loquelam
1623 5503 1791 5542 meam
1816 5503 1920 5541 non
1943 5504 2029 5540 co-

461 5574 748 5641 gnoscitis?
774 5573 915 5642 Quia
940 5591 1046 5631 non
1066 5577 1281 5647 potestis
1305 5575 1490 5632 audire
1520 5593 1809 5633 sermonem
1836 5593 2025 5631 meum.

463 5660 591 5724 Ideo
634 5677 739 5719 non
771 5671 1019 5734 poterant
1065 5679 1409 5735 cognoscere,
1451 5666 1575 5734 quia
1630 5681 1734 5721 non
1782 5672 2029 5734 poterant

2129 4488 2181 4534 te
2204 4494 2310 4533 non
2334 4495 2454 4535 esse
2484 4481 2831 4547 homicidam,
2871 4484 3084 4553 quando
3112 4484 3265 4541 fratri
3304 4493 3396 4540 tuo
3425 4485 3562 4539 mala
3583 4501 3707 4555 per—

2129 4572 2323 4627 suades
2351 4589 2363 4624 :
2392 4571 2436 4627 si
2477 4570 2636 4629 fratri
2681 4581 2773 4627 tuo
2802 4573 2940 4627 maia
2973 4575 3286 4644 persuades,
3317 4576 3538 4631 occidis.
3566 4576 3705 4631 Audi

2128 4662 2467 4720 Psalmistam
2501 4683 2513 4719 :
2544 4662 2677 4719 Filii
2704 4665 2971 4721 hominum
3022 4668 3197 4721 dentes
3238 4685 3420 4723 eorum
3458 4686 3603 4723 arma
3652 4680 3705 4723 et

2127 4757 2349 4828 sagittte,
2375 4766 2421 4811 et
2442 4757 2619 4828 lingua
2643 4774 2822 4812 eorum
2842 4759 3104 4812 machara
3124 4768 3279 4812 acuta
3302 4759 3476 4830 (Psal.
3495 4775 3599 4824 LVI,
3618 4758 3705 4831 5).

2129 4849 2237 4903 Vos
2266 4863 2395 4919 ergo
2419 4848 2685 4903 desideria
2730 4850 2902 4918 patris
2933 4849 3098 4905 vestri
3144 4848 3325 4906 facere
3352 4849 3535 4915 vultis,
3579 4849 3708 4905 ideo

2128 4939 2327 4993 smvilis
2376 4938 2429 4991 in
2476 4952 2716 5002 carnem,
2759 4938 2882 5006 quia
2931 4952 3036 4993 non
3084 4939 3311 5008 potestis
3349 4940 3403 4995 in
3445 4947 3703 4994 mentem.

2128 5030 2230 5088 Ille
2249 5031 2513 5086 homicida
2537 5041 2648 5085 erat
2675 5030 2739 5084 ab
2764 5031 2915 5085 initio
2927 5048 2948 5097 ;
2975 5031 3159 5102 utique
3184 5032 3236 5086 in
3260 5033 3439 5102 primo
3465 5031 3704 5089 homine.

2127 5121 2207 5177 Ex
2233 5121 2343 5185 illo,
2366 5120 2455 5176 ille
2476 5120 2765 5186 homicida,
2793 5136 2858 5176 ex
2879 5136 2985 5190 quo
3012 5123 3187 5192 potuit
3212 5121 3329 5178 ﬁeri
3354 5124 3706 5181 homicidium

2129 5213 2286 5287 [Λεία.
2317 5213 2464 5269 addit
2488 5226 2506 5263 :
2531 5228 2595 5267 ex
2626 5211 2716 5268 illo
2735 5212 2909 5284 potuit
2936 5210 3055 5267 ﬁeri
3081 5210 3475 5284 homicidium],
3505 5229 3569 5270 ex
3596 5228 3707 5282 quo

2129 5304 2300 5361 factus
2328 5311 2412 5360 est
2441 5305 2623 5359 homo.
2654 5302 2769 5358 Non
2799 5303 2940 5359 enim
2967 5314 3149 5374 posset
3172 5305 3349 5363 occidi
3385 5305 3570 5371 homo,
3596 5306 3706 5367 nisi

2126 5401 2278 5470 prius
2320 5396 2473 5467 fieret
2519 5397 2700 5455 homo.
2732 5396 3014 5467 Homicida
3047 5413 3170 5471 ergo
3190 5396 3281 5452 ille
3306 5399 3374 5453 ab
3411 5399 3585 5461 initio.
3635 5397 3709 5456 Et

2127 5486 2267 5541 unde
2287 5484 2585 5540 homicida?
2617 5486 2687 5542 Et
2713 5488 2771 5541 in
2796 5489 3012 5542 ueritate
3037 5504 3141 5543 non
3162 5488 3320 5552 stetit,
3346 5488 3473 5560 quia
3501 5478 3706 5545 veritas

2128 5589 2233 5629 non
2262 5580 2346 5628 est
2372 5573 2425 5627 in
2452 5588 2536 5629 eo.
2566 5572 2682 5630 Non
2703 5574 2972 5645 quomodo
3000 5576 3054 5631 in
3083 5576 3320 5642 Christo,
3351 5576 3430 5634 sic
3452 5584 3538 5634 est
3559 5577 3706 5631 veri-

2128 5673 2231 5730 tas,
2247 5660 2560 5720 utChristus
2578 5665 2690 5735 ipse
2714 5665 2784 5720 sit
2799 5666 3018 5721 veritas.
3043 5664 3101 5721 Si
3124 5680 3253 5737 ergo
3269 5667 3374 5723 iste
3395 5667 3449 5722 in
3472 5668 3703 5724 veritate
