4000 6190
302 329 408 385 873

1112 327 1518 386 EXECETICA.
1545 363 1614 372 —
1650 326 2001 388 COMMENT.
2042 328 2109 386 lN
2146 328 2333 389 JOAN.
2369 364 2440 375 —
2472 334 2599 390 LIB.
2638 333 2722 390 IV.

3420 340 3523 396 87b

303 438 561 500 stetisset,
589 436 642 489 in
664 435 878 491 Christo
906 438 1159 493 stetisset.
1188 439 1294 495 Sed
1320 443 1373 495 in
1395 444 1607 497 veritate
1633 460 1734 497 non
1765 451 1865 497 stc-
1895 445 1936 502 Α
1969 445 2180 511 ritatis;
2238 446 2330 501 lilii
2380 446 2576 501 diaboli
2629 463 2734 501 non
2783 455 2994 509 natura,
3043 449 3134 502 sed
3195 449 3528 506 imitatione?

303 534 388 596 tit,
410 531 532 601 quia
554 530 745 582 veritas
774 546 877 582 non
891 537 963 582 est
995 529 1049 583 in
1077 546 1157 585 eo.

374 620 538 677 Vsus.
560 621 745 676 M.-—-t
782 617 913 674 Cum
940 619 1170 691 loquitur
1188 622 1536 687 mendacium,
1558 639 1621 677 ex.
1649 624 1870 693 propriis

303 711 556 784 loquitur,
579 713 700 784 quia
727 711 952 765 mendax
971 722 1044 765 est
1069 720 1121 765 et
1136 720 1284 781 pater
1305 712 1435 782 ejus.
1466 712 1601 778 Quid
1628 723 1713 768 est
1736 715 1871 769 hoc?

309 802 548 857 Audistis
592 803 755 856 verba
783 800 1080 871 Evangelii,
1125 802 1313 856 intenti
1359 803 1644 873 aCICplSllS
1686 818 1702 857 :
1743 818 1869 860 ecce

308 880 511 962 repeto,
544 898 602 945 ut
645 892 948 960 agnoscatis
989 892 1116 962 quid
1153 893 1400 962 exigatis.
1433 894 1510 948 De
1533 894 1744 949 diabolo
1768 894 1870 951 Do—

304 983 486 1037 minus
530 996 594 1035 ea
638 981 869 1047 dicebat,
910 998 1031 1052 quas
1074 983 1141 1037 de
1187 982 1396 1037 diabolo
1433 983 1537 1037 dici
1587 998 1618 1036 a
1648 983 1871 1039 Domino

306 1078 619 1126 meruerunt
641 1069 822 1142 [Aug.,
854 1070 1196 1145 debuerunt].
1240 1072 1340 1128 Ille
1378 1073 1638 1130 homicida
1662 1064 1775 1129 erat
1806 1075 1870 1130 ab

305 1161 480 1214 initio.
514 1159 710 1216 Verum
742 1168 863 1215 est:
896 1176 1018 1215 nam
1066 1162 1297 1232 primum
1327 1164 1596 1221 hominem
1642 1165 1867 1231 occidit;

305 1258 356 1300 et
388 1248 445 1300 in
472 1247 687 1301 veritate
713 1263 815 1302 non
853 1248 1013 1312 stetit,
1045 1250 1168 1317 quia
1197 1249 1262 1303 de
1289 1250 1517 1305 veritate
1562 1251 1743 1320 lapsus
1767 1260 1869 1308 est.

294 1334 440 1390 ‘Cum
473 1336 704 1408 loquitur
732 1336 1077 1404 mendacium,
1120 1339 1305 1407 utique
1352 1339 1465 1407 ipse
1501 1339 1763 1403 diabolus,
1808 1342 1874 1396 de

305 1426 517 1494 proprio
559 1423 808 1495 loquitur,
861 1426 985 1496 quia
1033 1426 1261 1481 mendax
1316 1437 1393 1482 est
1444 1438 1493 1481 et
1539 1442 1685 1497 pater
1736 1429 1869 1499 ejus.

315 1530 336 1565 ι
373 1512 629 1569 Diabolus
653 1521 833 1568 autem
868 1529 898 1568 a
924 1515 1212 1584 semetipso
1240 1517 1467 1571 mendax
1492 1516 1613 1582 fuit,
1648 1526 1705 1572 et
1727 1534 1875 1573 men-

310 1601 523 1656 dacium
565 1616 723 1655 suum
762 1603 876 1670 ipse
917 1604 1121 1672 genuit,
1167 1619 1197 1657 a
1238 1605 1452 1660 nemine
1489 1604 1689 1660 audivit
1725 1607 1874 1674 prius

307 1689 665 1744 mendacium.
688 1687 963 1755 Quomodo
976 1691 1118 1746 Deus
1135 1690 1297 1745 Pater
1322 1693 1505 1762 genuit
1525 1691 1713 1748 Filium
1734 1695 1872 1749 veri-

1970 534 2321 605 Reddiditque
2373 535 2500 609 [Al.,
2550 535 2858 608 retulitque]
2907 553 3122 592 causam
3169 557 3267 594 cur
3309 541 3529 597 veri’ati

1969 636 2072 676 non
2089 625 2384 687 crederent,
2402 639 2525 679 cum
2545 624 2708 681 dicit:
2730 625 2913 695 (Vens.
2938 626 3051 697 47.)
3082 646 3099 678 ι
3123 629 3148 667 ιν
3165 628 3292 683 Ideo
3312 646 3397 684 ros
3423 649 3529 686 nou

1969 711 2181 774 auditis,
2202 713 2327 782 quia
2352 728 2417 765 ea:
2434 711 2543 765 Deo
2569 728 2672 766 non
2697 713 2841 767 estis.
2888 712 3087 769 iterum
3118 715 3223 771 noli
3251 717 3527 772 attendere

1967 806 2231 861 naturam,
2265 800 2357 855 sed
2374 800 2582 854 vitium.
2599 799 2690 855 Sic
2704 810 2829 856 sunt
2849 802 2934 857 isti
2961 818 3027 856 ex
3044 803 3172 867 Deo,
3193 813 3247 858 et
3268 821 3372 859 non
3401 817 3527 860 sunt

1969 901 2033 941 ex
2066 887 2197 952 Deo,
2230 896 2421 943 natura
2464 905 2530 949 ex
2570 889 2699 956 Deo,
2721 892 2853 946 vitio
2897 908 3002 947 non
3040 908 3106 947 ex
3148 895 3276 950 Deo.
3327 894 3529 950 Natura

1970 991 2096 1033 vero
2122 979 2258 1033 bona
2294 993 2412 1048 quae
2441 995 2507 1033 ex
2532 979 2643 1035 Deo
2669 989 2770 1045 est,
2807 984 3050 1052 peccavit
3084 984 3376 1051 voluntate,
3413 1001 3532 1043 cre—

1969 1068 2142 1123 dendo
2158 1077 2297 1139 quod
2320 1068 2562 1124 diabolus
2574 1073 2859 1139 persuasit,
2876 1082 2930 1126 et
2941 1074 3127 1127 vitiata
3144 1083 3254 1130 est:
3272 1078 3391 1131 ideo
3414 1093 3532 1134 me-

1970 1154 2147 1210 dicum
2166 1165 2391 1225 quaerat,
2418 1157 2544 1227 quia
2566 1172 2696 1212 sana
2722 1173 2828 1214 non
2850 1167 2951 1215 est.
2982 1159 3319 1231 Agnoscatur
3340 1173 3533 1219 natura

1971 1249 2111 1301 unde
2141 1245 2365 1302 Creator
2408 1247 2682 1315 laudetur;
2732 1258 3056 1318 agnoscatur
3099 1251 3288 1307 vitium
3316 1261 3535 1322 propter

1971 1337 2110 1407 quod
2136 1336 2377 1392 medicus
2402 1337 2708 1392 advocetur.
2733 1339 2992 1394 Terribile
3016 1349 3098 1395 est
3119 1342 3260 1412 quod
3282 1344 3462 1397 subdit
3481 1362 3491 1396 :
3508 1364 3527 1396 ι

1978 1443 1997 1475 ι
2027 1434 2049 1464 ε
2074 1425 2177 1489 Qui
2218 1433 2293 1478 est
2335 1441 2400 1481 ex
2420 1424 2548 1490 Deo,
2590 1426 2747 1480 verba
2784 1425 2880 1483 Dei
2921 1429 3068 1483 audit
3098 1445 3119 1483 :
3142 1440 3408 1502 propterea
3448 1451 3536 1488 vos

1972 1528 2077 1567 non
2096 1513 2310 1577 auditis,
2334 1516 2458 1584 quia
2477 1530 2542 1569 ex
2559 1513 2669 1570 Deo
2690 1532 2793 1572 non
2812 1518 2950 1574 estis.
2980 1517 3037 1574 Si
3064 1519 3208 1574 enim
3232 1521 3346 1589 ipse
3371 1522 3534 1579 verba

1971 1602 2064 1656 Dei
2095 1602 2245 1656 audit
2282 1603 2371 1671 qui
2413 1617 2477 1657 ex
2506 1603 2616 1658 lico
2643 1613 2747 1671 est,
2775 1613 2832 1659 et
2864 1607 3051 1662 audire
3082 1610 3245 1662 verba
3273 1610 3387 1679 ejus
3425 1626 3531 1665 non

1972 1699 2147 1757 potest
2180 1691 2425 1761 quisquis
2461 1708 2526 1747 ex
2567 1692 2658 1748 illo
2691 1708 2797 1749 non
2832 1703 2935 1760 est,
2961 1695 3251 1768 interroget
3287 1712 3346 1752 se
3372 1714 3535 1752 unus-

309 1782 499 1840 tatem;
531 1775 611 1830 sic
627 1774 874 1832 diabolus
898 1779 1080 1849 genuit
1106 1780 1257 1848 quasi
1281 1779 1447 1834 illium
1472 1783 1826 1838 mendacium.
1849 1805 1868 1838 ι
1906 1770 1952 1834 Β
1977 1778 2200 1848 quisque
2232 1780 2276 1833 si
2299 1779 2462 1834 verba
2488 1780 2581 1835 Dei
2621 1781 2674 1834 in
2712 1795 2845 1836 aure
2876 1783 3056 1837 cordis
3081 1782 3325 1853 percipit,
3357 1793 3413 1840 et
3446 1786 3531 1839 in-

310 1863 641 1919 Mendacium
688 1868 908 1936 genuit,
974 1870 1099 1938 quia
1166 1870 1219 1924 in
1266 1870 1491 1926 veritate
1548 1888 1653 1927 non
1704 1873 1870 1929 stetit.

310 1950 499 2007 Omnis
541 1951 683 2007 enim
729 1955 821 2022 qui
868 1956 922 2009 in
945 1956 1052 2011 Deo
1089 1968 1290 2022 manet,
1321 1958 1373 2011 in
1401 1960 1625 2014 veritate
1670 1969 1871 2028 manet,

310 2044 439 2113 quia
466 2040 605 2098 Deus
633 2045 829 2100 veritas
856 2054 955 2101 est.
989 2045 1046 2100 Si
1070 2047 1191 2116 quis
1220 2062 1349 2101 vero
1377 2064 1408 2102 a
1436 2049 1545 2103 Deo
1572 2052 1869 2115 recesserit,

312 2134 543 2210 mendax
585 2135 722 2199 erit,
771 2135 981 2190 dicente
1026 2135 1481 2206 Psalmographo:
1512 2136 1692 2191 Omnis
1721 2139 1873 2192 homo

309 2226 536 2281 mendax
573 2223 744 2298 (Psal.
772 2226 916 2297 cxv).
947 2226 1004 2280 in
1031 2235 1288 2296 quantum
1327 2242 1456 2282 vero
1498 2227 1657 2281 homo
1704 2244 1733 2283 a
1765 2229 1872 2285 Deo

312 2317 533 2381 recedit,
564 2318 617 2370 in
648 2325 853 2371 tantum
896 2318 1124 2373 mendax
1170 2319 1293 2381 erit,
1323 2318 1449 2373 dum
1488 2334 1547 2373 se
1592 2334 1622 2371 a
1647 2320 1874 2376 veritate

312 2406 679 2468 declinaverit,
712 2412 768 2460 et
813 2406 937 2462 inde
954 2415 1212 2477 peccator
1237 2407 1343 2462 erit
1369 2426 1382 2460 :
1410 2409 1533 2476 quia
1559 2422 1718 2462 omne
1744 2423 1871 2476 pec-

311 2503 492 2548 catum
522 2508 625 2548 non
664 2502 748 2548 est
779 2496 1001 2557 veritas,
1042 2497 1136 2550 sed
1173 2496 1527 2559 mendacium,
1557 2499 1681 2565 quia
1724 2512 1874 2552 recc-

312 2584 487 2638 dendo
526 2599 557 2637 a
589 2584 697 2638 Deo
745 2600 850 2639 non
893 2584 1053 2639 habet
1098 2587 1400 2640 veritatem.
1449 2587 1701 2642 Diabolus
1745 2603 1874 2643 vero

315 2673 486 2725 lanius
521 2681 737 2727 creatus
777 2680 881 2736 est,
925 2673 1019 2727 sed
1063 2687 1162 2742 per
1206 2674 1438 2742 seipsum
1486 2674 1658 2730 malus
1700 2675 1875 2731 factus

313 2768 414 2823 est,
444 2760 759 2815 declinando
804 2775 862 2815 se
897 2777 926 2815 a
954 2778 1162 2816 summo
1199 2762 1358 2817 bono.
1403 2764 1525 2817 Ideo
1551 2779 1615 2818 ex
1644 2765 1876 2834 propriis

314 2850 524 2905 locutus
545 2860 628 2905 est
660 2852 1016 2927 mendacium,
1041 2853 1162 2921 quia
1211 2853 1262 2906 in
1292 2853 1468 2922 seipse
1496 2854 1693 2907 invenit
1736 2854 1874 2908 unde

314 2949 460 2994 esset
504 2941 751 2994 mendax.
803 2942 973 2995 llotno
1019 2957 1148 3009 vero
1176 2942 1430 3010 deceptus
1471 2956 1500 2994 a
1533 2939 1765 3006 diabolo,
1797 2939 1876 2995 fa-

1974 1866 2159 1937 tclligit
2189 1868 2329 1922 unde
2352 1869 2441 1922 sit.
2472 1865 2754 1923 C(elestem
2790 1870 3022 1938 patriam
3051 1870 3358 1927 desiderare
3385 1872 3539 1927 Veri-

1974 1962 2056 2009 tas
2095 1954 2269 2023 jubet,
2315 1956 2496 2011 carnis
2533 1956 2797 2011 desideria
2840 1957 3069 2024 conteri,
3096 1959 3281 2014 mundi
3309 1959 3530 2029 gloriam

1971 2043 2261 2107 declinare,
2288 2044 2459 2097 aliena
2488 2058 2592 2098 non
2623 2058 2826 2114 rapere,
2860 2047 3075 2117 pmpria
3102 2046 3306 2116 largiri.
3339 2049 3534 2104 Penset

1970 2147 2100 2203 ergo
2126 2133 2266 2201 apud
2293 2148 2352 2187 se
2376 2134 2740 2203 unusquisque
2760 2142 2997 2188 vestrum
3025 2135 3071 2188 si
3096 2135 3211 2190 inec
3230 2151 3331 2190 vos
3354 2137 3448 2191 Dei
3476 2138 3533 2191 iu

1971 2224 2151 2280 cordis
2174 2225 2291 2295 ejus
2314 2239 2444 2279 aure
2479 2225 2768 2288 convaluit,
2799 2235 2853 2279 et
2878 2226 3003 2295 quia
3027 2224 3188 2298 [jam]
3215 2241 3280 2281 ex
3307 2227 3416 2281 Deo
3440 2229 3535 2293 sit,

1973 2318 2232 2388 agnoscit.
2283 2319 2545 2372 Dixerunt
2588 2334 2718 2389 ergo
2744 2316 2909 2374 Judcoi
2940 2338 2953 2372 :
2985 2320 3170 2391 (Vsus.
3196 2319 3309 2391 48.)
3348 2319 3538 2375 Nonne

1973 2406 2096 2459 bene
2127 2406 2347 2459 dicimus
2382 2423 2494 2471 nos,
2531 2408 2652 2477 quia
2683 2408 3052 2463 Samaritanus
3079 2426 3132 2464 es
3160 2419 3234 2474 tu,
3266 2420 3314 2464 et
3339 2411 3536 2465 dieme-

1974 2494 2115 2546 niam
2141 2494 2340 2547 babes?
2377 2494 2604 2563 Accepta
2643 2505 2819 2549 autem
2862 2505 3006 2551 tanta
3033 2499 3374 2563 contumelia,
3406 2501 3537 2569 quid

1972 2579 2230 2634 Dominus
2283 2582 2618 2650 respondeat,
2666 2583 2947 2639 audiamus
2986 2599 3003 2638 :
3051 2585 3235 2655 (Vens.
3267 2588 3382 2657 49.)
3418 2588 3531 2658 Ego

1972 2670 2283 2723 daemonium
2318 2687 2419 2723 non
2447 2671 2629 2733 habeo,
2660 2672 2750 2724 sed
2788 2672 3075 2742 honoriﬁco
3098 2672 3310 2730 Patrem
3338 2693 3534 2741 meum,

1972 2770 2022 2813 et
2049 2777 2135 2814 vos
2156 2760 2480 2814 initonoratis
2504 2777 2602 2814 me.
2633 2759 2769 2827 Quia
2795 2762 2939 2816 enim
2966 2761 3335 2820 Samaritanus
3370 2766 3537 2820 inter-

1974 2856 2217 2918 pretatur
2242 2856 2443 2913 custos,
2474 2858 2527 2903 et
2555 2848 2668 2919 ipse
2694 2852 2959 2906 veraciter
2986 2862 3166 2908 custos
3190 2862 3293 2919 est,
3329 2856 3396 2911 de
3422 2872 3532 2926 quo

1973 2937 2253 2993 Psalmista
2279 2939 2355 2991 ait
2378 2955 2393 2994 :
2424 2937 2543 2991 Nisi
2572 2939 2826 2993 Dominus
2854 2942 3151 2995 custodierit
3177 2944 3456 3010 civitatem,
3480 2946 3538 2999 in

315 3037 435 3083 ctus
462 3038 546 3083 est
584 3045 614 3083 a
660 3030 871 3086 diabolo
911 3031 1161 3085 mendax.
1212 3031 1439 3100 Ideoque
1476 3029 1615 3084 filius
1652 3028 1872 3094 diaboli,
1977 3043 2164 3081 canunt
2193 3026 2426 3096 vigilant,
2454 3028 2540 3098 qui
2563 3027 2857 3082 custodiunt
2876 3045 2991 3083 eam
3014 3028 3234 3099 (Psalm.
3257 3046 3436 3096 cxxvr,
3459 3033 3535 3102 1).

315 3134 421 3173 non
445 3127 652 3183 natura,
678 3121 772 3174 sed
796 3119 1111 3175 imitatione.
1142 3120 1472 3176 Rccedamus
1495 3133 1622 3189 ergo
1663 3133 1693 3173 a
1721 3127 1875 3188 patre
1903 3104 1947 3167 C
1979 3115 2047 3170 Et
2066 3116 2150 3170 cui
2179 3131 2273 3185 per
2301 3114 2491 3170 lsaiam
2517 3131 2530 3168 ε
2554 3113 2738 3170 σεωτοῦ
2765 3116 2889 3186 quid
2917 3116 2980 3170 de
3008 3119 3193 3173 nocte?
3219 3129 3390 3174 custos
3413 3122 3538 3191 quid

271 3237 279 3240 ν
321 3208 480 3279 555
519 3210 818 3275 mendacii,
871 3226 1151 3267 curramus
1220 3212 1286 3266 ad
1338 3211 1550 3265 Patrem
1606 3211 1874 3267 veritatis.

316 3299 716 3369 Amplectamur
756 3302 1037 3357 veritatem
1068 3311 1127 3357 ut
1154 3302 1479 3371 accipiamus
1508 3316 1687 3356 veram
1716 3302 1877 3357 liber-

320 3397 504 3445 tatem.
539 3407 558 3441 ι
588 3388 757 3445 «ἰυύωί
787 3393 924 3460 apud
952 3400 1161 3460 patrem
1181 3406 1336 3445 suum
1361 3391 1605 3445 viderant
1631 3392 1772 3460 quod
1801 3392 1877 3446 lo-

319 3478 622 3546 quebantur
644 3496 658 3531 :
682 3479 831 3548 quid,
860 3479 961 3533 nisi
983 3479 1355 3535 mendacium?
1400 3480 1658 3535 Dominus
1694 3489 1875 3535 autem

319 3568 460 3637 apud
500 3578 707 3638 patrem
753 3585 906 3625 suum
953 3571 1083 3625 vidit
1124 3571 1264 3640 quod
1312 3571 1620 3639 loqueretur
1666 3587 1681 3624 :
1726 3571 1873 3641 quid,

320 3658 427 3712 uisi
471 3659 739 3727 seipsum?
783 3660 931 3728 quid,
985 3660 1088 3714 nisi
1137 3661 1358 3715 verbum
1402 3660 1581 3715 Patris
1617 3669 1878 3715 aeternum

319 3755 377 3801 et
396 3745 542 3802 Patri
579 3750 940 3804 coaeternum?
970 3770 989 3801 ι
1042 3749 1167 3806 Ideo
1208 3751 1482 3820 subjunxit
1510 3767 1524 3802 :
1550 3750 1734 3822 (Vens.
1760 3749 1876 3821 45.)

324 3834 438 3907 Ego
463 3838 722 3893 ueritatem
743 3839 859 3893 dico
899 3839 1056 3900 vobis,
1088 3850 1137 3893 et
1167 3856 1272 3894 non
1309 3839 1516 3894 creditis
1545 3839 1694 3892 mihi.
1742 3835 1877 3891 Nam

323 3925 549 3980 mendax
595 3925 929 3980 mendacium
959 3925 1213 3993 loquitur,
1240 3925 1335 3979 sed
1358 3925 1557 3978 veritas
1592 3924 1877 3978 veritatem

322 4014 545 4085 profert.
586 4013 834 4069 Diabolus
871 4015 1117 4078 mendax,
1142 4012 1389 4069 Christus
1427 4026 1552 4068 vero
1588 4013 1791 4069 veritas
1825 4020 1881 4066 et

322 4104 563 4160 veritatis
603 4110 839 4157 assertor
867 4118 879 4155 :
913 4103 1035 4170 quia
1066 4117 1134 4156 ex
1174 4101 1418 4157 veritatis
1450 4116 1546 4157 ore
1571 4100 1705 4155 nihil
1736 4101 1878 4156 aliud

319 4193 519 4264 poterit
542 4191 851 4260 procedere,
876 4191 975 4246 nisi
1000 4191 1216 4246 veritas.
1241 4190 1493 4261 Sequitur
1516 4205 1669 4260 ergo:

861 4298 1085 4354 CAPUT
1141 4297 1324 4354 XXIII.

324 4389 429 4456 Qui
454 4404 738 4443 sermonem
770 4406 921 4444 suum
953 4392 1255 4453 servaverit,
1284 4406 1400 4445 eum
1428 4401 1639 4445 mortem
1671 4409 1773 4447 non
1808 4393 1879 4445 ci-

1976 3206 2043 3259 de
2085 3216 2232 3260 nocte
2263 3205 2418 3277 (Isai.
2452 3222 2565 3272 XXI,
2594 3206 2721 3279 ll)?
2764 3207 3108 3277 Responlere
3148 3210 3319 3265 noluit
3355 3210 3541 3267 Domi-

1978 3310 2096 3360 nus,
2129 3295 2498 3353 Samaritanus
2531 3313 2636 3353 non
2664 3313 2817 3364 sum;
2861 3299 2954 3353 sed
2976 3314 3068 3369 ego
3095 3298 3408 3356 dwmonium
3432 3319 3540 3357 non

1978 3386 2160 3443 habeo.
2191 3387 2307 3442 Duo
2332 3388 2527 3458 quippe
2563 3388 2613 3442 ei
2659 3388 2806 3442 illata
2837 3387 3069 3455 fuerant,
3104 3405 3267 3445 unum
3302 3392 3538 3461 negavit,

1976 3484 2033 3530 et
2067 3477 2210 3532 aliud
2246 3479 2471 3533 tacendo
2505 3478 2795 3534 consensit.
2842 3476 3036 3533 Custos
3060 3493 3290 3549 namque
3318 3480 3541 3535 humani

1977 3565 2188 3635 generis
2232 3574 2490 3631 venerat;
2536 3577 2595 3621 et
2638 3566 2684 3620 si
2726 3564 3123 3619 Samaritanum
3166 3579 3226 3619 se
3268 3580 3375 3620 non
3421 3580 3543 3622 esse

1979 3655 2200 3720 diceret,
2226 3671 2344 3711 esse
2369 3671 2428 3710 se
2452 3655 2728 3710 custodem
2772 3660 3012 3725 negaret.
3054 3653 3159 3711 Sed
3195 3657 3360 3712 tacuit
3395 3657 3541 3728 quod

1981 3747 2310 3815 recognovit,
2333 3754 2388 3800 et
2414 3745 2683 3813 patienter
2722 3744 2917 3815 repulit
2940 3745 3084 3816 quod
3108 3745 3308 3803 dictum
3338 3747 3544 3805 fallaci-

1984 3842 2065 3886 ter
2090 3832 2314 3897 audivit,
2344 3833 2528 3887 dicens
2556 3850 2572 3889 ς
2606 3832 2718 3897 Ego
2755 3834 3068 3890 demonium
3096 3853 3201 3892 non
3225 3837 3409 3895 habeo.
3442 3840 3543 3898 Hic

1983 3933 2111 3974 vero
2138 3920 2190 3973 in
2218 3920 2506 3989 semetipso
2542 3920 2696 3975 nobis
2728 3920 2985 3978 Dominus
3018 3925 3292 3993 patientfze
3318 3929 3548 3996 praebuit

1981 4005 2312 4075 exemplum;
2343 4007 2468 4075 quia
2492 4008 2538 4062 si
2566 4009 2887 4079 respondere
2909 4010 3166 4067 voluisset
3190 4011 3410 4080 ludatis,
3432 4017 3543 4072 Vos

1984 4095 2300 4150 daemonium
2325 4097 2554 4165 habetis,
2575 4113 2763 4154 verum
2785 4101 2969 4171 utique
2997 4101 3219 4158 dixisset
3244 4120 3259 4157 :
3281 4105 3407 4174 quia
3435 4107 3541 4162 nisi

1983 4183 2187 4253 impleti
2207 4184 2489 4253 diemonio,
2514 4195 2623 4243 tam
2642 4204 2892 4259 perverse
2912 4188 3112 4263 [Greg.,
3133 4201 3241 4249 tam
3261 4196 3538 4268 perversa!

1985 4273 2051 4327 de
2071 4273 2182 4329 Deo
2206 4273 2350 4344 loqui
2370 4291 2476 4332 non
2499 4286 2735 4347 possent.
2766 4277 2870 4334 Sed
2897 4289 3115 4350 accepta
3137 4283 3351 4352 injuria,
3379 4285 3545 4340 etiam

1987 4362 2132 4431 quod
2170 4378 2358 4419 verum
2384 4372 2503 4419 erat
2544 4365 2722 4420 dicere
2744 4366 2951 4422 Veritas
2981 4368 3169 4434 noluit,
3215 4384 3282 4425 ne
3322 4386 3429 4427 non
3464 4374 3546 4429 di-

390 4432 923 4531 ἓὶιῗαίἱξῖἱῖᾌὲἱεῖῗιῦἆὶ
946 4432 1879 4531 ἇξὲίῖῖὲἷἕηῖἓῗἑὲἱῖἑὲἷῗῷὶῖἐξυέἇ,
1910 4432 1960 4494 θ
1989 4451 2133 4505 xisse
2156 4452 2454 4516 veritatem.
2486 4452 2578 4508 sed
2603 4463 2920 4521 provocatus
2954 4457 3329 4514 contumeliam
3369 4461 3545 4517 reddi-

393 4539 512 4581 aute
532 4527 793 4580 Abraham
821 4544 874 4580 se
899 4544 1008 4582 esse
1035 4529 1296 4599 afﬁrmans
1323 4530 1474 4584 exiuit
1513 4532 1576 4583 de
1597 4527 1809 4601 templo.

397 4619 555 4672 Vens.
593 4617 680 4670 46.
702 4646 773 4656 --—
796 4616 925 4683 Quis
961 4634 1025 4672 ea:
1062 4618 1199 4672 vobis
1228 4628 1409 4689 arguet
1446 4635 1526 4674 me
1564 4620 1627 4672 de
1653 4630 1880 4690 peccato,

324 4708 464 4760 sicut
498 4721 598 4777 ego
623 4720 789 4776 arguo
824 4722 937 4770 vos,
964 4717 1304 4775 vestrumque
1335 4714 1540 4774 patrem
1570 4707 1635 4762 de
1664 4717 1884 4776 peccato

323 4804 377 4847 et
408 4793 717 4847 mendacio?
759 4793 898 4848 Ecce
931 4792 1103 4863 qualis
1146 4796 1619 4849 est‘mansuetudo
1660 4794 1880 4849 Christi.

332 4901 349 4932 ι
382 4895 408 4924 o
433 4882 697 4939 Relaxare
735 4892 958 4952 p.;ccata
995 4892 1233 4945 venerat,
1275 4892 1333 4937 et
1374 4883 1584 4937 dicebat
1615 4901 1629 4937 :
1664 4883 1793 4949 Quis
1817 4900 1883 4938 ea:

326 4978 464 5033 vobis
489 4990 669 5051 arguet
701 4997 782 5035 me
811 4979 876 5036 de
894 4988 1103 5051 peccato
1127 4979 1152 5031 γ
1192 4978 1309 5032 Non
1346 4978 1661 5050 dedignatur
1699 4995 1766 5033 ex
1799 4993 1883 5033 ra-

328 5073 473 5128 tione
497 5073 780 5129 ostendere
807 5088 866 5129 se
886 5080 1227 5145 peccatorem
1265 5084 1370 5125 non
1402 5084 1537 5135 esse,
1565 5069 1655 5138 qui
1682 5085 1746 5124 ex
1776 5070 1885 5123 vir—

327 5172 443 5220 tute
484 5165 779 5222 divinitatis
799 5174 1012 5235 poterat
1036 5172 1348 5237 peccatores
1374 5158 1691 5229 iustificam.
1726 5178 1744 5211 ι
1799 5158 1886 5212 1η-

327 5265 567 5327 terrogat
595 5271 689 5313 eos
724 5273 892 5332 quare
918 5259 1198 5314 veritatem
1223 5271 1331 5311 non
1363 5253 1526 5310 velint
1558 5252 1779 5309 credere
1807 5253 1886 5307 di-

326 5351 535 5401 centem
565 5363 579 5398 ε
612 5345 672 5401 Si
715 5347 980 5400 veritatem
1022 5345 1223 5400 locutus
1261 5360 1379 5399 sum
1410 5344 1572 5408 vobis,
1599 5357 1759 5414 quare
1787 5357 1890 5395 non

1988 4539 2131 4594 disse
2155 4540 2445 4596 videretur.
2486 4542 2563 4596 Ex
2585 4558 2688 4612 qua
2715 4558 2796 4609 re,
2816 4544 2944 4613 quid
2968 4544 3118 4605 vobis
3144 4548 3402 4618 innititur,
3445 4554 3550 4610 nisi

1989 4638 2049 4683 ut
2073 4644 2138 4685 eo
2166 4638 2426 4699 tempore,
2467 4648 2575 4703 quo
2613 4649 2644 4688 a
2681 4636 2944 4704 proximis
2980 4651 3043 4692 ex
3083 4636 3317 4696 falsitate
3353 4651 3544 4698 contu-

1988 4720 2177 4776 melias
2200 4721 2512 4792 accipimus,
2540 4738 2727 4779 eorum
2751 4725 2912 4780 etiam
2938 4741 3062 4781 vera
3084 4727 3222 4783 mala
3251 4736 3547 4797 taceamus,

1991 4824 2058 4864 ne
2085 4810 2439 4866 ministerium
2461 4813 2618 4883 iustae
2640 4815 2995 4882 correptionis
3022 4815 3074 4870 in
3103 4831 3254 4872 arma
3275 4827 3550 4874 vertamus

1989 4896 2219 4953 furoris?
2245 4896 2349 4954 Sed
2372 4900 2501 4969 quid
2529 4901 2683 4956 nobis
2708 4902 2777 4957 ad
2800 4902 2903 4957 ista
2931 4901 3231 4960 faciendum
3259 4905 3349 4972 sit,
3375 4906 3551 4963 adhuc

1987 4989 2232 5058 exemplo
2266 5005 2366 5045 nos
2411 4989 2681 5056 admonet,
2711 5006 2833 5047 cum
2880 4994 3152 5065 subjungit
3183 5012 3195 5048 :
3224 4995 3407 5067 (Vsus.
3434 4996 3551 5069 50.)

1988 5075 2101 5147 Ego
2128 5092 2231 5132 non
2257 5096 2434 5149 quaero
2460 5079 2683 5150 gloriam
2718 5097 2904 5144 meam,
2933 5092 3007 5137 est
3032 5084 3123 5153 qui
3155 5082 3315 5156 556
3351 5094 3554 5157 quierat

1987 5175 2035 5219 et
2063 5166 2285 5235 judicet.
2337 5167 2549 5224 Scimus
2599 5178 2748 5225 certe
2796 5172 2935 5239 quod
2981 5174 3238 5243 scriptum
3279 5182 3382 5242 est,
3425 5177 3555 5248 quia

1990 5248 2152 5305 Pater
2193 5270 2341 5308 omne
2375 5254 2639 5322 judicium
2680 5257 2819 5311 dedit
2861 5257 3005 5313 Filio
3039 5259 3219 5331 (Joan.
3246 5278 3301 5330 ν,
3329 5264 3420 5336 22)
3449 5282 3464 5322 :
3492 5269 3557 5324 et

1972 5350 2167 5407 tamen
2202 5357 2330 5399 ecce
2364 5344 2504 5399 idem
2540 5343 2707 5400 Filius
2735 5346 2958 5416 injurias
3000 5351 3287 5420 accipiens,
3326 5352 3552 5425 gloriam

326 5432 536 5487 creditis
565 5434 714 5496 mihi,
763 5434 865 5488 nisi
893 5435 1015 5503 quia
1041 5432 1133 5486 ﬁlii
1168 5434 1371 5488 diaboli
1397 5434 1547 5499 estis,
1581 5441 1636 5487 et
1669 5447 1773 5487 non
1801 5446 1892 5486 ve-
1989 5445 2141 5486 suam
2180 5447 2285 5487 non
2313 5433 2524 5501 quaerit.
2569 5431 2750 5489 lliatas
2774 5437 3126 5493 contumelias
3152 5438 3326 5495 Patris
3348 5438 3554 5510 judicio

400 5573 426 5634 ξ
466 5561 543 5634 ξι
583 5560 640 5634 S.
666 5561 825 5634 Greg.
858 5552 1000 5618 hom.
1023 5562 1114 5627 is,
1138 5576 1289 5618 num.
1320 5564 1367 5617 i.

402 5629 431 5670 δ
469 5630 547 5684 Ex
586 5630 641 5685 S.
669 5629 827 5701 Aug}
861 5640 1016 5685 tract.
1045 5646 1177 5696 xm,
1205 5647 1350 5685 num.
1372 5631 1469 5697 15,
1498 5630 1581 5686 16.

731 5723 973 5783 Parnm.
1029 5721 1100 5782 C.

2065 5575 2088 5603 ε
2129 5564 2223 5619 Ex"
2244 5561 2302 5620 S.
2329 5563 2488 5635 Greg.
2526 5563 2629 5622 loc.
2659 5565 2751 5621 cit.
2783 5558 2935 5621 num.‘
2963 5567 3015 5621 2.

2607 5668 2609 5670 1
3051 5730 3128 5791 28
