4000 6190
486 309 589 363 973

1328 303 1384 355 Β.
1431 301 1488 360 F,
1533 302 1752 356 ALBINI
1791 299 1917 352 SEU
1959 297 2232 351 ALCUINI
2278 297 2559 352 OPERUM
2599 296 2776 352 PARS
2813 295 2874 349 ll.

3621 294 3726 348 876

483 433 746 485 reservat,
798 431 851 472 ut
893 419 1045 472 nobis
1087 416 1326 484 profecto
1377 415 1607 466 insinuet
1645 419 1902 478 quantum
1953 424 2048 459 nos
2079 413 2120 464 Α
2154 405 2210 457 Si
2244 407 2448 468 dixero,
2492 421 2592 459 non
2630 407 2745 458 novi
2782 422 2918 466 eum,
2953 421 3040 456 ero
3079 403 3267 455 similis
3308 403 3447 455 vobis
3483 402 3723 458 mendas.

482 529 602 570 esse
631 513 893 582 patientes
931 505 1205 566 debemus,
1243 503 1367 556 dum
1417 502 1592 555 adhuc
1635 514 1691 553 se
1730 496 1912 550 ulcisci
1946 510 2048 548 non

482 605 597 656 vult
620 611 675 655 et
705 599 818 668 ipse
843 596 934 666 qui
969 594 1192 664 judicat.
1223 593 1357 647 Cum
1388 605 1515 644 vero
1544 587 1803 642 malorum
1833 598 2052 653 perver-

481 693 615 745 sitas
639 686 854 750 crescit,
877 698 983 738 non
1006 682 1178 738 solum
1203 680 1378 750 frangi
1402 677 1713 748 prmdicatio
1738 689 1843 728 non
1869 671 2047 732 debet,

480 785 573 837 sed
613 780 775 836 etiam
817 776 1022 846 augeri.
1069 772 1222 840 Quod
1263 786 1361 824 suo
1385 768 1643 823 Dominus
1679 762 1923 832 exemplo
1953 775 2051 813 nos

479 873 751 931 admonet,
783 865 873 935 qui
922 872 1204 933 postquam
1250 860 1447 914 habere
1503 855 1825 911 dmmonium
1875 851 2051 904 dictus

477 969 582 1024 est,
631 952 1028 1027 praedicationis
1073 965 1185 1004 suae
1228 946 1488 1001 beneﬁcia
1541 941 1742 1012 largius
1793 936 2052 1027 impendit

479 1025 664 1102 dicens
696 1063 708 1096 :
749 1043 932 1113 (Vens.
956 1038 1070 1108 51.)
1115 1037 1298 1098 Amen,
1323 1049 1474 1086 amen
1499 1032 1614 1084 dico
1657 1028 1835 1082 vobis:
1866 1027 1910 1078 si
1937 1025 2050 1094 quis

477 1149 766 1192 sermonem
808 1146 980 1184 meum
1021 1126 1318 1188 servaverit,
1360 1131 1577 1176 mortem
1620 1135 1722 1171 non
1769 1114 1952 1169 videbit
1997 1113 2050 1165 in

481 1239 751 1281 internum.
795 1223 903 1278 Sed
941 1221 1079 1274 sicut
1113 1217 1269 1272 bonis
1313 1227 1534 1268 necesse
1577 1218 1659 1264 est
1703 1216 1762 1261 ut
1803 1206 2052 1260 meliores

480 1318 644 1372 etiam
680 1330 778 1384 per
807 1307 1165 1366 contumelias
1203 1305 1459 1368 existant,
1490 1302 1564 1356 ita
1595 1313 1804 1366 semper
1839 1294 2048 1364 reprobi

480 1409 549 1463 de
589 1403 850 1460 beneﬁcio
879 1400 1097 1470 pejores
1134 1395 1288 1448 ﬁunt.
1353 1391 1488 1445 Nam
1536 1395 1754 1457 accepta
1794 1385 2051 1453 pradica-

482 1501 647 1561 tione,
684 1497 877 1550 iterum
907 1492 1094 1546 dicunt
1122 1506 1134 1541 :
1165 1487 1348 1559 (Vens.
1377 1483 1490 1553 5%.)
1533 1479 1687 1534 Nunc
1722 1477 2050 1548 cognovimus

481 1590 605 1658 quia
636 1585 950 1642 (immanium
977 1581 1153 1634 habes.
1191 1577 1325 1643 Quia
1364 1575 1506 1629 enim
1533 1582 1745 1630 aaternze
1772 1568 1930 1622 morti
1971 1567 2051 1620 in—

481 1681 763 1738 hreserant,
803 1683 858 1730 et
889 1673 1131 1728 eamdem
1173 1678 1400 1724 mortem
1438 1665 1524 1720 cui
1561 1664 1904 1722 inhaeserant,
1943 1673 2048 1712 non

2150 494 2289 561 Ergo
2314 496 2618 559 arrogantia
2650 510 2753 547 non
2783 495 2854 548 ita
2880 495 3100 556 vitatur,
3132 501 3191 546 ut
3217 493 3422 546 veritas
3451 492 3723 563 relinqua-

2152 593 2256 635 tur.
2290 582 2394 636 Sed
2424 587 2536 637 sclo
2563 599 2708 647 cum,
2740 593 2796 638 et
2822 598 3126 639 sermonem
3153 582 3271 652 ejus
3301 597 3479 636 servo.
3513 580 3726 638 Sermo-

2150 689 2271 727 nem
2298 673 2476 727 Patris
2511 681 2762 742 tanquam
2790 674 2958 728 Filius
2988 675 3332 744 loquebatur,
3375 682 3432 728 et
3464 673 3580 743 ipse
3609 683 3726 729 erat

2152 765 2383 819 Verbum
2408 765 2586 820 Patris
2607 766 2748 835 quod
2780 765 3087 820 hominibus
3115 764 3458 836 loquebatur.

2219 860 2379 913 Vens.
2411 859 2498 912 56.
2518 890 2589 899 -
2617 879 2635 909 ι
2664 858 2690 895 b
2715 860 2782 914 Et
2806 859 3098 914 notandum
3138 858 3280 926 quod
3316 857 3454 911 vidit
3486 870 3581 910 eos
3618 857 3725 913 Do-

2150 951 2328 1004 minus
2362 961 2546 1018 aperta
2577 951 2676 1005 sibi
2707 950 3109 1021 impugnatione
3148 950 3428 1013 resistere,
3458 957 3513 1003 et
3547 958 3723 1004 tamen

2150 1040 2229 1092 eis
2267 1054 2325 1093 se
2368 1040 2558 1093 iterata
2596 1054 2702 1092 non
2747 1039 2944 1093 desinit
2973 1053 3104 1093 voce
3147 1038 3470 1107 praedicare,
3508 1036 3726 1092 dicens:

2150 1126 2414 1180 Abraham
2436 1139 2583 1195 pater
2602 1137 2763 1181 vester
2782 1127 3054 1193 exultavit,
3079 1137 3134 1180 ut
3155 1128 3346 1181 videret
3369 1127 3506 1180 diem
3526 1143 3724 1181 meum:

2149 1228 2195 1271 et
2239 1219 2387 1284 vidit,
2431 1229 2478 1271 et
2512 1220 2718 1288 gavisus
2755 1229 2850 1272 est.
2893 1219 3046 1273 Tunc
3089 1218 3287 1289 quippe
3325 1217 3471 1271 diem
3517 1217 3727 1271 Domini

2148 1308 2421 1362 Abraham
2442 1309 2598 1374 vidit,
2630 1325 2750 1363 cum
2779 1310 2834 1362 in
2862 1309 3032 1378 ﬁgura
3058 1323 3283 1364 summa!
3306 1309 3590 1364 Trinitatis
3617 1320 3728 1364 tres

2150 1398 2367 1468 angelos
2393 1399 2626 1467 hospitio
2657 1400 2856 1467 recepit
2882 1418 2897 1453 :
2929 1400 3127 1467 quibus
3150 1398 3394 1469 profecto
3441 1401 3728 1468 susceptis,

2151 1488 2230 1542 sic
2261 1488 2432 1542 tribus
2450 1489 2603 1558 quasi
2637 1489 2729 1542 uni
2752 1489 2963 1544 locutus
2993 1497 3095 1552 est,
3122 1489 3247 1558 quia
3272 1489 3376 1543 etsi
3403 1489 3456 1542 in
3485 1491 3731 1557 personis

2151 1591 2409 1630 numerus
2447 1575 2728 1631 Trinitatis
2767 1586 2868 1642 est,
2911 1578 2964 1631 in
3007 1586 3198 1631 natura
3231 1577 3415 1631 unitas
3433 1577 3734 1632 divinitatis

2150 1677 2250 1722 est.
2285 1665 2391 1720 Sed
2421 1666 2667 1721 carnales
2696 1675 2900 1720 mentes
2926 1667 3258 1722 audientium
3285 1667 3476 1722 oculos
3503 1683 3535 1722 a
3565 1683 3730 1722 carne

478 1770 751 1831 videbant,
780 1766 905 1820 dum
943 1763 1111 1818 solam
1144 1760 1331 1815 mortis
1373 1770 1595 1812 carnem
1638 1751 1770 1824 [Al.,
1814 1758 2040 1804 mortem
2077 1752 2118 1809 Β
2147 1771 2250 1809 non
2282 1755 2590 1821 sublevant;
2628 1757 2681 1810 in
2711 1771 2779 1811 eo
2799 1755 2969 1810 solam
3003 1755 3186 1810 carnis
3206 1763 3420 1810 natalem
3453 1754 3589 1826 [Al.,
3617 1755 3729 1810 sola

477 1859 677 1930 carnis]
717 1857 1036 1927 aspicerent,
1069 1853 1123 1906 in
1165 1849 1410 1905 veritatis
1439 1860 1687 1902 sermone
1717 1841 2042 1912 caligabant,

477 1953 713 2006 dicentes
747 1963 762 2002 :
789 1946 1051 2000 Abraham
1099 1951 1332 1996 mortuus
1363 1948 1457 2000 est,
1507 1947 1555 1989 et
1597 1934 1879 2005 propheta},
1908 1941 1956 1984 et
1988 1941 2044 1982 tu

479 2040 732 2098 dicis:Si
778 2039 892 2112 quis
940 2049 1227 2091 sermonem
1270 2045 1438 2083 meum
1482 2027 1786 2089 servaverit,
1831 2031 2044 2077 mortem

479 2151 580 2186 non
607 2130 830 2201 gustabit
864 2130 918 2182 in
947 2136 1219 2181 wternum.
1255 2121 1407 2176 Unde
1443 2128 1498 2173 et
1523 2119 1622 2186 ipsi
1652 2114 1868 2170 veritati
1899 2127 2047 2201 eum—

480 2199 897 2276 dem‘Abraham
924 2224 978 2270 et
1013 2212 1304 2284 prophetas
1331 2208 1485 2278 quasi
1517 2213 1832 2260 venerantes
1857 2199 2046 2270 pnefe-

481 2322 623 2366 runt.
674 2309 780 2365 Sed
826 2317 1010 2378 aperta
1058 2303 1212 2358 nobis
1259 2301 1398 2354 ratio
1441 2295 1763 2357 ostenditur,
1804 2292 1926 2361 quia
1956 2289 2046 2359 qui

483 2407 648 2460 Deum
675 2402 938 2464 nesciunt,
971 2398 1064 2452 Dei
1091 2409 1306 2464 quoque
1349 2390 1578 2446 famulos
1615 2389 1750 2443 l‘alse
1786 2401 2048 2440 veneran-

481 2500 585 2548 tur.
625 2512 642 2543 ι
696 2488 817 2551 Vos,
849 2487 1038 2554 inquit,
1072 2484 1246 2537 dicitis
1286 2495 1303 2532 :
1342 2479 1672 2533 Dammaium
1721 2473 1896 2529 habes.
1937 2474 2048 2543 Ego

479 2597 572 2636 vos
607 2581 673 2635 ad
708 2580 872 2633 vitam
913 2590 1045 2630 voco
1079 2591 1092 2626 :
1138 2579 1350 2626 servate
1391 2582 1694 2624 sermonem
1738 2579 1948 2626 meum,
1993 2572 2050 2616 et

477 2686 581 2728 non
612 2665 932 2723 moriemini.
964 2663 1042 2718 illi
1071 2659 1384 2721 audiebant,
1413 2665 1626 2710 mortem
1655 2670 1758 2708 non
1778 2651 1962 2706 videbit
1992 2652 2046 2704 in

476 2771 746 2819 internum,
786 2755 872 2827 qui
898 2751 1170 2807 servaverit
1216 2763 1506 2803 sermonem
1533 2760 1722 2806 meum,
1765 2750 1818 2795 et
1843 2742 2042 2794 irasce—

479 2851 688 2909 bantur,
725 2845 848 2914 quia
873 2841 983 2909 jam
1036 2838 1232 2893 mortui
1266 2842 1420 2890 erant
1457 2833 1544 2886 illa
1599 2840 1770 2886 morte
1808 2843 1927 2897 qua:
1963 2828 2045 2882 vi-

478 2937 635 2992 tanda
664 2942 798 2989 erat.
831 2932 962 2986 Nam
988 2928 1132 2983 illam
1164 2934 1390 2980 mortem
1414 2923 1585 2976 vitare
1607 2936 1710 2975 non
1735 2926 2043 2988 potuerunt,

476 3043 580 3096 qua
611 3033 852 3078 mortuus
881 3028 964 3074 est
984 3017 1276 3080 Abraham,
1305 3022 1359 3068 et
1387 3012 1678 3082 propheta,
1713 3008 1762 3063 id
1792 3016 1892 3070 est,
1927 3023 2045 3061 car-

2147 1846 2327 1899 caruis
2373 1845 2554 1917 mtate]
2597 1855 2849 1914 pensant,
2881 1846 3122 1900 dicentes
3149 1885 3164 1898 .
3201 1847 3386 1916 (Vens.
3417 1846 3532 1917 57.)
3556 1845 3728 1911 Quin-

2147 1937 2396 2006 quaginta
2439 1953 2603 1989 annos
2646 1937 2878 1990 nondum
2922 1936 3100 2000 habes,
3130 1945 3176 1990 et
3205 1935 3472 1990 Abraham
3519 1937 3733 1991 vidisti?

2147 2025 2293 2090 Quos
2320 2024 2546 2094 benigne
2561 2024 2885 2093 Redemptor
2913 2033 3096 2078 noster
3125 2038 3156 2077 a
3181 2024 3365 2079 carnis
3389 2038 3500 2079 sua:
3530 2025 3728 2078 intuitu

2148 2113 2448 2176 submovet,
2484 2121 2542 2166 et
2576 2113 2642 2167 ad
2667 2113 2963 2168 divinitatis
3006 2112 3513 2180 contemplationem
3562 2114 3731 2170 trahit

2149 2202 2332 2256 dicens
2363 2218 2375 2254 :
2423 2200 2606 2271 (Vens.
2634 2200 2749 2274 58.)
2824 2202 3004 2266 Amen,
3045 2218 3199 2257 amen
3230 2203 3348 2257 dico
3387 2203 3550 2266 vobis,
3582 2214 3731 2259 aute-

2148 2307 2304 2362 quam
2332 2291 2598 2346 Abraham
2621 2292 2787 2360 ﬁeret,
2819 2310 2913 2364 ego
2947 2311 3084 2348 sum.
3117 2293 3250 2350 Ante
3285 2296 3431 2350 enim
3467 2295 3732 2364 ιιι-ωειςτὶιί

2152 2381 2406 2452 temporis
2437 2391 2540 2447 est,
2588 2399 2722 2448 sum,
2772 2385 3071 2452 praesentis.
3125 2385 3195 2439 Et
3222 2385 3348 2453 quia
3391 2386 3729 2455 praeteritae:

2150 2483 2358 2543 tempus
2385 2483 2441 2528 et
2467 2472 2705 2528 futurum
2733 2475 2986 2530 divinitas
3015 2491 3120 2530 non
3149 2474 3331 2540 habet,
3383 2475 3479 2531 sed
3515 2491 3734 2546 semper

2147 2580 2268 2620 esse
2303 2567 2494 2629 habet,
2532 2582 2636 2622 non
2682 2568 2799 2622 ait:
2835 2568 2966 2622 Ante
2993 2569 3257 2624 Abraham
3295 2586 3388 2640 ego
3433 2570 3511 2637 [ui
3547 2589 3567 2626 :
3611 2572 3724 2632 sed.

2149 2664 2266 2707 ante
2290 2655 2554 2710 Abraham
2581 2673 2672 2726 ego
2698 2674 2834 2711 sum.
2881 2658 3034 2713 Unde
3063 2659 3129 2712 ad
3156 2658 3370 2728 Moysen
3402 2659 3563 2729 557
3595 2661 3727 2714 dici-

2149 2751 2272 2797 tur:
2297 2741 2409 2813 Ego
2436 2762 2573 2810 sum,
2603 2747 2690 2816 qui
2711 2763 2858 2811 sum;
2913 2757 2989 2813 et,
3056 2748 3195 2802 dices
3234 2749 3362 2819 [iliis
3391 2749 3564 2803 Israel
3585 2765 3604 2800 :
3627 2750 3728 2815 Qui

2147 2844 2244 2898 est,
2273 2835 2412 2888 misit
2438 2851 2517 2888 me
2538 2837 2605 2888 ad
2627 2853 2710 2890 vos
2735 2836 2929 2906 (Exod.
2958 2855 3042 2903 ιιι,
3069 2837 3176 2908 16).
3201 2838 3333 2894 Ante
3353 2854 3483 2910 ergo
3507 2840 3590 2893 vel
3617 2851 3727 2910 post

2147 2923 2420 2979 Abraham
2462 2927 2667 2990 habuit,
2699 2928 2787 2996 qui
2824 2937 2880 2983 et
2911 2933 3168 2984 accedere
3213 2931 3384 2998 potuit
3430 2948 3530 3002 per
3577 2933 3730 2987 exhi-

2148 3010 2403 3067 bitionem
2428 3017 2748 3083 praesentiae,
2797 3026 2853 3071 et
2901 3019 3151 3074 recedere
3194 3035 3292 3090 per
3333 3037 3550 3076 cursum
3576 3023 3722 3077 vitae.

486 3119 569 3170 nis
597 3123 856 3176 mortem;
895 3124 1018 3165 nam
1048 3106 1320 3161 Abraham
1350 3103 1540 3172 ερίτὶιυ
1571 3100 1785 3154 Vivebat
1807 3117 1819 3152 ε
1845 3107 1900 3152 et
1929 3097 2046 3151 ideo
2070 3104 2117 3167 Ο
2150 3104 2362 3161 Veritas
2389 3121 2518 3161 vero
2549 3122 2764 3177 semper
2787 3124 2905 3164 esse
2931 3111 3116 3177 habet,
3164 3113 3288 3182 quia
3330 3115 3379 3168 ei
3431 3115 3729 3184 quidquam

475 3208 542 3260 de
568 3221 632 3261 eo
661 3205 776 3273 ipsa
805 3201 1012 3258 Veritas
1040 3197 1115 3252 ait
1151 3195 1256 3250 alio
1291 3194 1408 3248 loco
1439 3211 1450 3246 :
1484 3191 1606 3245 Non
1632 3200 1706 3245 est
1734 3190 1872 3243 Deus
1908 3205 2046 3242 mor-

476 3304 704 3354 tuorum,
733 3293 822 3345 sed
857 3291 1106 3344 vivorum.
1139 3297 1163 3325 δ
1193 3283 1331 3351 Quid
1365 3291 1448 3336 est
1483 3281 1626 3352 quod
1653 3280 1800 3343 dicit,
1830 3287 2046 3332 mortem

476 3401 582 3440 non
613 3381 798 3438 videbit
835 3381 892 3432 in
930 3375 1220 3432 internum?
1259 3371 1469 3444 (Matth.
1496 3369 1650 3439 XXII.)
1687 3369 1742 3423 id
1771 3377 1872 3432 est,
1903 3382 2046 3421 mor—

478 3485 586 3530 tem
625 3469 982 3528 damnationis
1019 3481 1140 3521 cum
1178 3463 1388 3518 diabolo
1421 3470 1475 3516 et
1504 3460 1704 3530 angelis
1739 3459 1875 3527 ejus.
1913 3457 2045 3511 Nam

477 3570 579 3624 ista
611 3579 756 3620 mors
783 3560 1045 3631 corporis,
1073 3555 1324 3626 migratio
1351 3553 1595 3623 quaedam
1633 3558 1716 3604 est
1752 3549 1952 3603 sanctis
1979 3548 2046 3602 ad

477 3659 754 3714 meliorem
783 3656 950 3709 vitam
983 3669 995 3703 :
1037 3649 1215 3717 impiis
1252 3659 1376 3699 vero
1415 3644 1480 3698 ad
1509 3658 1698 3712 pmnas
1733 3648 2045 3710 perpetuas,

477 3761 614 3814 quas
661 3744 750 3796 hic
798 3739 988 3794 mortis
1032 3736 1245 3790 nomine
1272 3733 1484 3789 Veritas
1528 3732 1813 3800 designare
1859 3729 2043 3782 voluit.

480 3835 586 3890 Sed
623 3834 726 3887 ista
764 3837 953 3894 morte,
984 3842 1142 3897 quam
1180 3825 1435 3879 Dominus
1470 3825 1639 3878 voluit
1675 3822 1919 3890 intelligi,
1952 3835 2048 3874 nec

478 3926 746 3981 Abraham
791 3929 1032 3977 mortuus
1070 3925 1179 3979 est,
1221 3932 1318 3971 nec
1357 3915 1630 3985 prophetae
1667 3914 1865 3967 mortui
1905 3920 2044 3966 sunt.

477 4015 554 4070 Illi
601 4014 742 4068 extim
789 4010 984 4066 mortui
1034 4015 1178 4072 sum,
1218 4016 1273 4062 et
1316 4006 1517 4070 vivunt,
1561 4004 1650 4060 isti
1681 4002 1950 4067 vivebant,
1994 4009 2049 4054 et

480 4105 676 4163 mortui
709 4110 888 4157 erant.

550 4195 710 4251 Vens.
742 4192 832 4246 55.
855 4222 925 4232 -
951 4208 968 4240 ‹
1007 4188 1170 4254 Quem
1203 4190 1422 4258 teipsum
1473 4187 1626 4258 facis,
1675 4183 1944 4255 inquiunt,
1989 4191 2048 4236 ut

479 4289 643 4349 dicas,
673 4291 891 4338 mortem
920 4297 1022 4335 non
1048 4279 1233 4334 videbit
1271 4279 1326 4332 in
1349 4287 1622 4342 arternum,
1647 4277 1734 4347 qui
1773 4273 2048 4328 servaverit

477 4390 764 4431 sermonem
789 4385 990 4435 meum;
1039 4383 1158 4424 cum
1201 4368 1338 4422 scias
1380 4375 1435 4420 et
1461 4366 1728 4420 Abraham
1776 4371 2045 4418 mortuum

2145 3209 2244 3249 nec
2274 3197 2452 3264 priore
2490 3204 2729 3266 tempore
2766 3199 3043 3269 incipitur,
3091 3216 3190 3256 nec
3227 3204 3568 3274 subsequenti
3613 3214 3728 3258 ter-

2146 3287 2403 3341 minatur.
2436 3287 2540 3342 Sed
2577 3288 2847 3344 sustinere
2879 3290 2980 3344 ista
3011 3287 3328 3346 aeternitatis
3355 3292 3541 3356 verba,
3569 3307 3730 3346 men-

2147 3385 2227 3431 tes
2268 3377 2559 3434 inﬁdelium
2599 3393 2704 3433 non
2744 3379 3003 3443 valentes,
3045 3381 3112 3434 ad
3151 3380 3353 3451 lapides
3385 3389 3632 3445 currunt,
3665 3392 3725 3436 et

2145 3483 2304 3537 quem
2352 3470 2650 3541 intelligere
2684 3487 2790 3526 non
2826 3481 3098 3542 poterant,
3135 3475 3366 3529 obruere
3388 3473 3725 3543 quaerebant.

2146 3561 2282 3627 Quid
2318 3569 2496 3613 autem
2548 3569 2734 3616 contra
2786 3560 3023 3616 furorem
3062 3563 3415 3633 lapidantium
3469 3563 3728 3618 Dominus

2146 3652 2302 3717 fecit,
2337 3651 2634 3704 ostenditur
2679 3667 2800 3706 cum
2833 3654 3081 3721 protinus
3130 3653 3464 3708 subinfertur
3494 3671 3507 3706 :
3539 3655 3722 3723 (Vsus.

2145 3744 2258 3814 59.)
2287 3743 2442 3796 Iesus
2490 3752 2662 3795 autem
2706 3743 2974 3798 abscondit
3000 3762 3089 3810 se,
3135 3755 3184 3798 et
3220 3746 3376 3800 exivit
3406 3746 3471 3798 de
3517 3745 3723 3814 templo.

2147 3833 2337 3888 Mirum
2372 3833 2524 3886 valde
2560 3841 2662 3898 est,
2695 3832 2892 3888 fratres
2927 3835 3252 3899 charissimi,
3289 3851 3390 3890 cur
3414 3845 3722 3904 persecuto-

2149 3939 2237 3978 res
2256 3939 2382 3978 suos
2397 3924 2653 3978 Dominus
2681 3938 2800 3978 sese
2827 3924 3204 3979 abscondendo
3227 3925 3597 3989 declinaverit,
3629 3928 3720 3994 qui

2144 4015 2192 4070 si
2215 4015 2510 4070 divinitatis
2530 4031 2642 4070 suae
2662 4017 2959 4085 potentiam
2983 4031 3238 4071 exercere
3259 4017 3535 4083 voluisset,
3564 4020 3723 4074 tacito

2145 4115 2276 4160 nutu
2312 4107 2506 4162 mentis
2541 4107 2594 4161 in
2625 4109 2739 4162 suis
2771 4123 2864 4162 eos
2893 4108 3089 4163 ictibus
3117 4109 3330 4178 ligaret,
3359 4119 3455 4163 aut
3481 4109 3536 4163 in
3563 4125 3720 4179 pmna

2147 4198 2338 4252 mortis
2362 4198 2551 4252 subita;
2577 4199 2850 4253 obrueret.
2880 4199 2986 4253 Sed
3006 4199 3134 4268 quia
3161 4199 3269 4269 pati
3295 4210 3541 4265 venerat,
3567 4215 3727 4254 eser-

2147 4302 2270 4344 cere
2288 4287 2548 4355 judicium
2578 4289 2810 4345 nolebat.
2839 4289 2998 4344 Certe
3025 4290 3124 4344 sub
3155 4291 3270 4360 ipso
3297 4291 3564 4359 passionis
3591 4300 3723 4348 tem-

2147 4391 2296 4448 pore,
2324 4385 2378 4433 et
2401 4389 2661 4446 quantum
2697 4388 2908 4450 poterat
2941 4379 3201 4444 ostendit,
3237 4391 3292 4434 et
3320 4388 3501 4434 tamen
3528 4381 3628 4435 hoc
3653 4385 3725 4434 ad

478 4475 535 4519 et
559 4465 846 4534 prephotas
874 4461 1147 4515 mortuos?
1178 4457 1468 4526 Respondit
1494 4453 1649 4510 lesus
1675 4473 1687 4506 :
1722 4453 1904 4523 (Vens.
1930 4449 2042 4517 54.)
2072 4447 2124 4508 D
2147 4447 2290 4538 quod
2328 4476 2576 4533 venerat.
2629 4447 2864 4538 ρθί.ιιιιίι⁸
2939 4468 3072 4524 Nam
3119 4485 3242 4524 cum
3291 4471 3726 4540 persecutoribus

480 4559 540 4615 Si
571 4576 662 4629 ego
703 4555 935 4628 glori/ica
970 4555 1238 4624 meipsum,
1281 4552 1448 4621 gloria
1495 4566 1610 4603 mea
1647 4546 1778 4601 nihil
1821 4555 1916 4598 est.
1956 4543 2048 4596 Est

2150 4559 2262 4613 suis
2289 4571 2346 4611 se
2371 4558 2731 4625 quaerentibus
2757 4559 2994 4613 diceret:
3024 4559 3138 4628 Ego
3163 4575 3299 4625 sum,
3333 4560 3441 4614 sola
3469 4561 3569 4618 hac
3591 4577 3726 4616 voce

483 4647 646 4702 Pater
673 4662 836 4710 meus,
865 4645 953 4716 qui
980 4642 1236 4713 gloriﬁcat
1267 4659 1367 4694 me.
1417 4640 1528 4694 Hoc
1559 4640 1632 4692 ait
1670 4644 1889 4708 propter
1921 4631 2046 4687 illud

2150 4661 2333 4700 eorum
2362 4646 2665 4716 superbiam
2682 4646 2936 4716 perculit,
2963 4656 3019 4702 et
3050 4662 3237 4702 omnes
3267 4649 3319 4702 in
3347 4656 3549 4703 terram
3578 4659 3721 4704 stra-

477 4739 622 4811 quod
665 4737 954 4792 dixerunt:
987 4731 1152 4798 Quem
1196 4732 1416 4801 teipsum
1442 4730 1620 4799 facis?
1673 4727 1859 4781 Refert
1904 4725 2048 4780 enim

2150 4737 2226 4790 vit
2257 4736 2436 4808 (Joan.
2464 4751 2620 4800 xvm,
2648 4736 2723 4808 6).
2753 4736 2853 4804 Qui
2889 4752 3015 4808 ergo
3041 4739 3144 4793 hoc
3180 4738 3232 4792 in
3262 4737 3379 4794 loco
3407 4741 3581 4809 potuit
3609 4755 3727 4794 ma-

480 4832 704 4902 gloriam
730 4844 882 4884 suam
918 4828 985 4883 ad
1007 4827 1242 4890 Patrem,
1272 4826 1340 4880 de
1367 4839 1474 4894 quo
1501 4831 1584 4878 est
1611 4822 1750 4891 quod
1781 4820 1921 4874 Deus
1945 4825 2045 4873 est.

480 4923 623 4982 Dicit
656 4921 870 4974 Patrem
917 4931 1074 4972 suum
1110 4915 1370 4971 Dominus
1399 4912 1555 4968 Iesus
1589 4911 1859 4971 Christus,
1890 4922 2047 4976 quem

481 5011 559 5068 illi
605 5008 854 5064 dicebant
882 5005 1050 5060 Deum
1097 5018 1285 5068 suum,
1330 5011 1385 5055 et
1423 5016 1528 5054 non
1573 5003 1967 5068 cognoverunt;
2006 4995 2052 5049 si

482 5102 625 5158 enim
667 5102 839 5170 ipsum
882 5096 1276 5168 cognovissent,
1322 5094 1439 5163 ejus
1465 5092 1660 5146 Filium
1703 5089 2048 5158 recepissent.

485 5191 672 5261 (Vsus.
698 5188 810 5262 55.)
841 5187 954 5258 Ego
983 5196 1176 5248 autem,
1205 5182 1400 5252 inquit,
1432 5180 1548 5236 novi
1577 5195 1713 5233 eum.
1744 5177 2050 5234 Secundum

485 5293 704 5333 carnem
729 5265 1110 5346 iudicantibus,
1142 5272 1315 5344 potuit
1339 5279 1392 5326 et
1420 5269 1547 5326 hinc
1573 5283 1832 5339 arrogans
1857 5267 2050 5332 videri,

486 5369 609 5434 quia
639 5368 774 5423 dixit
803 5383 817 5420 :
851 5367 963 5437 Ego
991 5366 1109 5423 novi
1152 5379 1289 5420 eum.
1332 5361 1440 5418 Sed
1463 5361 1586 5418 vide
1611 5360 1741 5432 quid
1775 5360 2047 5430 sequitur:

561 5553 585 5610 9
629 5541 756 5610 Yide
799 5541 858 5596 S.
887 5541 1047 5610 Aug.,
1073 5547 1234 5595 tract.
1272 5555 1439 5610 sun,
1457 5554 1605 5594 num.
1637 5539 1724 5606 15,
1754 5536 1842 5593 lii.

564 5608 590 5649 δ
629 5608 684 5670 S,
713 5611 871 5682 βίος.
904 5607 1010 5664 1οεῖ
1032 5611 1125 5664 cit.
1159 5624 1306 5666 num.
1333 5610 1386 5672 '5,
1412 5607 1465 5664 4.

2150 4843 2252 4883 nus
2287 4827 2634 4898 lapidantium
2670 4842 2776 4881 non
2817 4842 2876 4883 se
2916 4829 3291 4884 abscondendo
3342 4831 3588 4893 evadere,
3624 4845 3728 4884 cur

2153 4919 2431 4974 abscondit
2467 4933 2554 4984 se,
2583 4911 2687 4973 nisi
2717 4919 2856 4987 quod
2897 4920 3058 4973 homo
3095 4919 3236 4973 inter
3275 4919 3519 4973 homines
3547 4917 3727 4973 factus

2151 5010 2476 5078 Redemptor
2514 5018 2718 5074 noster,
2767 5008 2869 5062 alia
2915 5007 3072 5063 nobis
3108 5008 3272 5062 verbo
3311 5008 3570 5077 loquitur,
3618 5007 3726 5062 alia

2153 5100 2432 5170 exemplo?
2480 5099 2616 5165 Quid
2653 5109 2834 5154 autem
2871 5099 3026 5154 nobis
3055 5099 3156 5154 hoc
3191 5099 3434 5172 exemplo
3463 5099 3729 5168 loquitur,

2155 5195 2280 5258 nisi,
2307 5203 2366 5248 ut
2393 5193 2554 5248 etiam
2587 5208 2707 5247 cum
2740 5191 2992 5248 resistere
3033 5207 3333 5263 possumus,
3365 5191 3504 5247 iram
3531 5206 3727 5262 super-

2154 5283 2414 5339 bientium
2440 5281 2714 5336 humiliter
2733 5281 3066 5338 declinemus
3087 5281 3150 5338 ci
3176 5299 3200 5338 ι

2229 5549 2252 5576 ε
2288 5536 2574 5606 [lucusque
2599 5536 2657 5593 S.
2684 5537 2995 5610 Gregorius.
