4000 6190
386 253 490 307 879

1188 246 1252 300 Β.
1286 244 1349 300 -l-‘.
1390 242 1608 299 AI.le
1663 243 1789 297 εει]
1832 241 2100 298 ALCUINI
2139 241 2417 299 OPERUM
2459 243 2634 298 PARS
2671 243 2711 297 ll

3509 249 3612 303 880

387 360 587 413 factum
615 367 716 412 est.
757 357 821 411 Et
857 356 1008 408 unxit
1051 355 1234 407 oculos
1269 354 1417 408 caeci.
1451 353 1702 406 lnunctus
1731 361 1868 414 crat,
1895 359 1948 404 et
1977 367 2022 422 Α
2051 351 2188 407 Ecce
2212 362 2338 408 sunt
2365 353 2588 407 inuncti.
2643 351 2709 416 Et
2735 353 2959 407 schisma
2987 366 3095 406 amt
3143 349 3195 406 in
3241 351 3333 408 eis.
3378 355 3503 410 Dies
3528 359 3611 414 ille

389 447 624 502 nandum
651 446 884 500 videbat.
914 442 1072 496 Mittit
1102 442 1246 494 illum
1283 442 1349 494 ad
1375 441 1635 510 piscinam
1656 480 1670 504 ,
1701 456 1819 508 quae
1847 455 1941 493 vo-

387 545 543 591 catur
568 535 727 588 Siloe.
763 532 1024 585 Pertimuit
1061 539 1239 586 autem
1280 532 1345 604 ad
1373 531 1749 600 evangelistam
1794 545 1941 584 com-

387 625 640 680 mandare
680 621 836 676 nobis
878 635 1068 675 nomen
1104 622 1262 688 hujus
1297 621 1545 689 piscinae,
1573 630 1627 674 et
1655 621 1763 673 ait:
1794 619 1947 684 Quod

386 714 751 783 interpretatur
768 712 972 765 missus.
999 709 1117 765 'Jam
1142 711 1261 779 quis
1281 718 1363 763 est
1389 709 1605 774 missus,
1627 710 1940 779 agnoscitis:

385 803 489 864 nisi
519 803 659 856 enim
690 801 778 855 ille
805 799 1000 854 fuisset
1045 800 1258 864 missus,
1295 814 1452 853 nemo
1489 807 1728 852 nostrum
1759 798 1946 851 fuisset

386 894 456 950 ab
479 893 758 963 iniquitate
785 892 1055 946 dimissus.
1091 891 1245 944 Lavit
1273 905 1402 959 ergo
1440 889 1621 944 oculos
1654 890 1706 942 in
1743 903 1803 941 ea
1833 887 1944 956 pis-

386 987 528 1051 cina,
569 998 687 1054 quze
733 984 1111 1051 interpretatur
1158 981 1364 1044 missus,
1412 980 1711 1048 baptizatus
1766 985 1848 1032 est
1893 978 1944 1030 in

385 1075 619 1131 Christo.
646 1071 703 1127 Si
725 1088 854 1141 ergo
878 1072 1091 1140 quando
1115 1087 1234 1124 eum
1260 1071 1315 1123 in
1339 1085 1396 1124 se
1423 1070 1536 1138 ipso
1557 1068 1946 1139 quodammodo

387 1163 707 1234 baptizavit,
753 1171 879 1216 tunc
923 1160 1271 1222 illuminavit,
1307 1158 1518 1228 quando
1567 1157 1806 1219 inunxit,
1839 1155 1948 1209 for-

389 1263 530 1308 tasse
548 1252 988 1307 catechumenum
1010 1248 1152 1303 fecit.
1181 1249 1361 1301 Potest
1381 1246 1593 1314 quidem
1615 1245 1770 1298 aliter
1788 1251 1949 1312 atque

385 1347 545 1402 aliter
572 1345 703 1400 tanti
731 1342 1050 1398 sacramenti
1076 1340 1268 1409 exponi
1297 1346 1348 1391 et
1376 1336 1697 1406 pertractari
1724 1333 1946 1404 profun-

385 1437 553 1498 ditas;
584 1435 676 1488 sed
716 1434 817 1487 hoc
853 1429 1080 1485 suﬂiciat
1110 1427 1359 1482 cbaritati
1406 1435 1615 1481 vestrm.
1657 1445 1675 1476 ι
1725 1424 1949 1493 Ungitur

385 1525 814 1581 catecltumenus,
842 1520 894 1574 id
916 1525 1017 1583 εει,
1045 1519 1265 1572 ἁοεειυι·
1287 1526 1343 1570 ut
1363 1517 1546 1570 credat
1569 1517 1621 1568 in
1644 1513 1945 1578 Christum;

384 1615 615 1670 mittitur
662 1611 728 1665 ad
775 1609 1036 1679 piscinam
1074 1607 1355 1676 baptismi,
1403 1613 1463 1658 ut
1501 1604 1854 1667 illuminetur,
1890 1611 1948 1655 ut

2045 439 2244 492 divisus
2258 449 2374 494 erat
2399 439 2579 512 [Aug.,
2601 441 2875 516 diviserat]
2903 444 3042 497 inter
3064 443 3234 498 lucem
3265 454 3320 498 et
3345 447 3613 501 tenebras.

2113 534 2276 588 Vatis.
2306 535 2390 588 17.
2434 565 2504 574 —-
2545 535 2742 588 Dicunt
2772 551 2894 606 ergo
2931 553 3066 589 C(PCO
3099 537 3285 588 iterum
3319 549 3337 588 :
3381 536 3457 589 Tu
3487 540 3610 608 quid

2043 622 2174 676 dicis
2209 624 2273 676 de
2305 640 2363 676 eo
2391 625 2478 694 qui
2505 626 2708 694 aperuit
2737 626 2912 679 oculos
2936 628 3091 680 tuos?
3118 626 3253 692 Quid
3285 628 3349 682 de
3376 628 3466 683 illo
3491 643 3609 684 sen-

2044 713 2167 766 tis?
2216 711 2352 778 Quid
2402 714 2738 768 existimas?
2793 714 2930 780 Quid
2981 715 3238 784 judicas?
3289 715 3608 782 Quaerebam

2043 802 2490 870 quemadmodum
2516 803 2718 856 homini
2745 803 3222 868 calumniarentur,
3255 812 3314 858 ut
3340 804 3407 859 de
3448 819 3608 874 ειπερ

2044 905 2177 961 goga
2205 890 2527 958 pelleretur,
2553 893 2645 946 sed
2673 909 2704 946 a
2746 892 2962 948 Christo
3003 894 3352 949 inveniretur.
3385 893 3489 949 Sed
3523 894 3609 948 illa

2043 989 2350 1035 constanter
2399 983 2540 1050 quod
2585 984 2895 1048 sentiebat,
2937 985 3220 1054 expressit.
3264 984 3357 1039 Ait
3403 986 3549 1039 enim
3593 1003 3607 1040 :

2045 1070 2180 1136 Quia
2210 1071 2455 1139 propheta
2493 1081 2589 1126 est.
2616 1073 2806 1126 Adhuc
2830 1074 3045 1142 quidem
3070 1075 3320 1130 inunctus
3345 1075 3399 1130 in
3428 1077 3612 1139 corde.

2043 1159 2276 1213 nondum
2304 1160 2397 1213 Dei
2437 1160 2628 1214 Filium
2655 1161 2967 1228 conﬁtetur,
2991 1179 3091 1218 nec
3119 1165 3376 1218 mentitur
3404 1173 3611 1218 tamen.

2042 1249 2158 1318 Ipse
2193 1251 2446 1304 Dominus
2471 1252 2535 1304 de
2565 1251 2741 1320 seipse
2773 1254 2850 1305 ait
2898 1271 2911 1306 :
2957 1251 3082 1307 Non
3118 1264 3192 1307 est
3220 1255 3467 1323 propheta
3501 1255 3615 1309 sine

2043 1341 2257 1403 honore,
2288 1341 2388 1394 nisi
2411 1340 2462 1392 in
2482 1342 2655 1410 patria
2679 1359 2777 1395 sua
2799 1341 3015 1412 (Matth.
3035 1358 3155 1407 ιιιι,
3184 1342 3299 1413 57).

2115 1427 2274 1482 Vens.
2312 1427 2397 1480 18.
2419 1457 2491 1468 —
2522 1447 2540 1480 ‹
2573 1427 2697 1482 Non
2717 1430 3045 1486 crediderunt
3066 1447 3187 1500 ergo
3209 1430 3388 1485 Iudici
3409 1431 3473 1486 de
3497 1431 3612 1498 illo,

2043 1513 2164 1584 quia
2204 1530 2369 1569 circus
2399 1515 2580 1583 fuisset
2613 1515 2682 1587 [et
2715 1515 2962 1586 vidisset],
2992 1517 3154 1571 donec
3180 1527 3483 1571 vocaverunt
3512 1534 3614 1586 pa-

2046 1613 2210 1656 rentes
2236 1603 2348 1672 ejus
2388 1605 2476 1675 qui
2509 1605 2728 1659 viderat.
2765 1605 2822 1660 ld
2848 1615 2951 1670 est,
2988 1607 3078 1675 qui
3113 1622 3286 1662 circus
3310 1615 3427 1661 erat
3453 1617 3506 1661 et
3534 1608 3612 1661 vi-

383 1702 561 1754 lumen
616 1714 796 1753 verum
845 1703 1127 1766 agnoscat,
1187 1701 1246 1746 ut
1295 1692 1659 1747 remissionem
1699 1697 1945 1758 peccato-
1978 1698 2021 1755 Β
2048 1691 2217 1744 derat.
2247 1691 2430 1762 (Vens.
2459 1693 2546 1757 l9,
2573 1693 2661 1756 20,
2697 1693 2810 1761 2|.)
2839 1693 2907 1746 Et
2935 1696 3377 1765 interrogaverunt
3398 1712 3502 1760 eos,
3527 1696 3618 1749 di-

382 1808 502 1846 rum
524 1791 771 1861 accipiat,
801 1797 860 1842 ut
883 1802 948 1842 ex
975 1785 1083 1840 ﬁlio
1111 1786 1204 1838 irae
1226 1782 1490 1837 etliciatur
1514 1782 1655 1836 ﬁlius
1684 1782 1799 1845 Dei,
1824 1781 1944 1834 illu-

382 1883 722 1948 tniuatusque
751 1877 928 1930 veniat
949 1874 1238 1944 praedicare
1259 1873 1552 1927 Christum.

454 1970 614 2041 559
650 1969 809 2023 Vens.
838 1968 892 2031 8,
925 1966 978 2020 9.
1003 1994 1074 2002 —
1094 1961 1281 2032 Itaque
1308 1962 1487 2026 vicini,
1512 1968 1558 2014 et
1584 1959 1673 2031 qui
1710 1957 1942 2013 videbant

382 2077 496 2114 eum
521 2065 686 2130 pnus,
715 2059 835 2128 quia
858 2053 1125 2109 mendicus
1157 2062 1267 2105 erat
1287 2092 1300 2116 ,
1333 2051 1608 2105 dicebant:
1641 2047 1827 2103 Nonne
1861 2047 1943 2101 hic

382 2165 454 2208 es!
477 2154 564 2226 qui
587 2152 789 2207 sedebat
817 2159 863 2203 et
890 2146 1211 2202 mendicabat
1235 2147 1259 2198 ?
1285 2144 1390 2197 Alii
1419 2144 1674 2209 dicebant,
1702 2144 1823 2214 quia
1861 2143 1943 2195 hic

382 2258 456 2301 est
498 2261 516 2298 :
554 2245 645 2298 alii
695 2253 864 2296 autem
920 2254 1278 2310 nequaquam,
1323 2235 1412 2289 sed
1461 2234 1646 2289 similis
1694 2244 1769 2287 est
1809 2233 1940 2302 ejus.

387 2355 408 2388 ι
439 2333 623 2405 Aperti
651 2330 787 2387 oculi
819 2328 1021 2382 vultum
1048 2332 1402 2380 mutaverant.
1449 2321 1548 2376 Ille
1576 2322 1795 2386 dicebat,
1821 2322 1945 2392 quia

382 2443 472 2496 ego
494 2440 629 2479 sum.
662 2422 774 2476 Vox
805 2426 976 2488 grata,
1020 2431 1086 2471 ne
1117 2416 1464 2468 damnaretur
1487 2414 1717 2483 ingrata.
1752 2412 1938 2481 (Vens.

387 2518 470 2579 10,
513 2512 622 2582 11.)
669 2509 917 2563 Dicebant
969 2522 1088 2576 ergo
1139 2507 1186 2558 ei
1240 2523 1258 2559 :
1301 2503 1570 2569 Quomodo
1623 2503 1787 2572 aperti
1823 2511 1942 2556 sunt

384 2602 519 2658 oculi
556 2600 671 2654 tui?
716 2595 997 2666 Respondit
1035 2607 1052 2645 :
1097 2592 1196 2646 Ille
1236 2592 1389 2645 homo
1435 2592 1521 2662 qui
1554 2591 1746 2644 dicitur
1789 2589 1944 2644 Iesus

385 2693 530 2765 (315.,
560 2686 816 2757 Christus]
865 2684 1030 2738 lutum
1062 2683 1201 2752 fecit,
1229 2693 1276 2736 et
1314 2683 1464 2736 unxit
1499 2680 1674 2735 oculos
1709 2697 1866 2742 meas,
1896 2689 1942 2732 et

382 2782 516 2836 dixit
562 2779 686 2834 mihi
729 2791 746 2828 :
805 2775 946 2828 Vade
977 2773 1044 2826 ad
1075 2772 1388 2826 natatoriam
1433 2769 1592 2835 Siloa,
1619 2779 1668 2825 et
1698 2770 1834 2824 lava.
1876 2769 1944 2821 Et

381 2873 506 2936 abii,
531 2880 577 2924 et
609 2868 728 2931 lavi,
764 2875 810 2919 et
842 2863 963 2918 vidi.
993 2863 1128 2916 Ecce
1153 2861 1498 2914 annuntiator
1521 2859 1695 2914 factus
1721 2867 1804 2913 est
1823 2873 1944 2929 gra-

2043 1789 2258 1834 centes:
2296 1779 2396 1836 llic
2435 1791 2508 1834 est
2548 1780 2687 1848 ﬁlius
2730 1792 2910 1848 vester,
2951 1799 3102 1853 quem
3139 1799 3224 1837 vos
3264 1783 3439 1836 dicitis
3487 1784 3612 1854 quia

2045 1885 2209 1922 circus
2261 1882 2413 1924 natus
2470 1872 2584 1924 est?
2641 1871 2912 1937 Quomodo
2956 1888 3076 1941 ergo
3118 1889 3254 1926 nunc
3301 1873 3475 1927 videt?
3511 1872 3613 1926 Re—

2042 1959 2356 2028 sponderunt
2397 1961 2469 2014 cis
2498 1971 2734 2030 parentes
2769 1962 2914 2031 ejus,
2963 1971 3009 2015 ct
3052 1962 3296 2016 dixerunt
3345 1976 3363 2014 :
3406 1961 3617 2018 Scimus

2041 2048 2164 2115 quia
2209 2048 2292 2100 hic
2329 2059 2402 2101 est
2448 2049 2590 2117 ﬁlius
2629 2059 2818 2114 noster,
2849 2060 2896 2104 et
2944 2053 3066 2121 quia
3105 2068 3274 2105 circus
3317 2062 3470 2106 natus
3511 2063 3616 2107 cst.

2046 2133 2314 2198 Quomodo
2353 2145 2524 2189 autem
2546 2153 2680 2190 nunc
2704 2137 2892 2202 videat,
2917 2139 3192 2192 nescimus.
3227 2137 3294 2190 Et
3326 2140 3617 2196 dixerunt:

2043 2220 2224 2290 Ipsum
2247 2222 2558 2292 interrogate
2579 2237 2598 2274 :
2626 2233 2829 2279 (etatem
2848 2224 3017 2291 habet,
3046 2227 3152 2296 ipse
3174 2227 3237 2280 de
3263 2243 3317 2281 se
3347 2227 3615 2298 loquatur.

2045 2312 2256 2368 Scimus
2285 2326 2463 2369 autem
2487 2316 2610 2384 quia
2641 2315 2780 2370 ﬁlius
2805 2325 2990 2372 noster
3016 2325 3125 2384 est;
3159 2319 3250 2372 sed
3269 2319 3415 2388 juste
3455 2335 3610 2390 coge-

2045 2421 2227 2462 remur
2257 2406 2398 2473 loqui
2428 2423 2525 2476 pro
2567 2408 2789 2472 infante,
2832 2411 2958 2480 quia
2981 2411 3093 2480 ipse
3121 2427 3216 2479 pro
3244 2427 3301 2468 se
3335 2413 3480 2483 loqui
3503 2430 3610 2470 non

2045 2507 2223 2566 posset
2247 2514 2260 2561 ;
2309 2498 2433 2551 olim
2460 2498 2718 2567 loquitur,
2744 2500 2900 2554 modo
2926 2501 3100 2564 videt;
3131 2517 3331 2556 aecum
3366 2517 3394 2555 a
3422 2504 3611 2557 nativi-

2045 2595 2156 2643 tate
2199 2589 2474 2654 novimus,
2520 2589 2825 2660 loquentem
2878 2591 3003 2645 olim
3059 2593 3289 2658 scimus,
3345 2595 3610 2652 videntem

2044 2677 2204 2732 modo
2232 2678 2473 2732 vilemus
2503 2697 2516 2731 :
2553 2679 2727 2748 ipsum
2768 2681 3116 2751 interrogate,
3150 2690 3209 2736 ut
3246 2682 3607 2738 instruamini.

2047 2766 2231 2834 (Vsus.
2254 2766 2365 2834 2'2.)
2390 2765 2440 2818 11
2445 2783 2519 2821 ac
2538 2767 2779 2822 dixerunt
2801 2780 3036 2838 parentes
3062 2771 3192 2841 ejus,
3217 2772 3341 2842 quia
3367 2773 3608 2826 timebant

2045 2853 2282 2910 Judteos.
2311 2855 2435 2909 lam
2467 2857 2602 2910 enim
2645 2859 3062 2929 conspiraverant
3101 2860 3302 2926 Judaei,
3331 2874 3383 2916 ut
3416 2865 3460 2918 si
3497 2867 3614 2936 quis

385 2963 498 3024 tim;
553 2974 678 3013 ecce
733 2954 1098 3021 cvangelizat,
1158 2950 1443 3004 conﬁtetur
1496 2951 1701 3004 videns.
1758 2948 1945 3003 Czecus
2046 2961 2163 2998 eum
2204 2946 2536 3014 conﬁteretur
2575 2945 2871 3016 Christum,
2910 2962 3056 3006 extra
3097 2971 3408 3025 synagogam
3444 2958 3610 3024 [iet-et.

383 3053 534 3106 illum
560 3047 933 3108 conﬁtebatur,
966 3052 1019 3096 et
1051 3058 1145 3097 cor
1173 3041 1457 3110 impiorum
1480 3039 1792 3109 ringebatur
1811 3035 1942 3107 (AL,
1971 3025 2018 3089 C
2045 3033 2166 3089 iam
2191 3051 2294 3090 non
2321 3045 2439 3090 erat
2480 3037 2676 3091 malum
2703 3047 2856 3100 extra
2882 3056 3200 3114 synagogam
3235 3044 3372 3099 ﬁeri.
3411 3047 3485 3100 llli
3517 3064 3608 3102 ex-

382 3140 771 3210 stringebatur;
805 3135 936 3204 Aug.
979 3129 1365 3202 frangebatur],
1397 3129 1520 3199 quia
1547 3144 1651 3183 non
1679 3128 1947 3181 habebant

390 3233 444 3285 in
475 3228 635 3284 corde
661 3226 801 3296 quod
832 3225 920 3278 ille
947 3222 1058 3290 jam
1091 3221 1318 3276 habebat
1346 3220 1398 3272 in
1427 3217 1584 3272 facie.
1621 3217 1802 3288 (Vens.
1837 3215 1947 3284 12.)

368 3320 646 3375 Dixerunt
668 3316 754 3370 ei:
781 3311 877 3366 Ubi
898 3323 971 3366 est
993 3310 1118 3364 ille?
1142 3310 1226 3362 Ait
1263 3322 1280 3358 :
1311 3305 1521 3361 Nescio.
1557 3307 1612 3361 ln
1649 3306 1734 3360 his
1771 3306 1950 3359 verbis

358 3410 599 3465 animus
659 3406 830 3476 ipsius
889 3402 1062 3456 adhuc
1127 3400 1347 3453 inuncto
1408 3397 1599 3451 similis
1647 3403 1765 3449 erat
1817 3411 1949 3450 non-

386 3498 510 3552 dum
571 3495 786 3550 videnti.
857 3490 964 3546 Sed
1021 3503 1126 3560 pon
1167 3502 1321 3549 mus,
1384 3485 1617 3548 fratres,
1691 3493 1943 3550 tanquam

385 3589 528 3646 illam
579 3586 882 3640 unctionem
937 3582 989 3636 in
1039 3580 1218 3633 animo
1253 3576 1519 3631 habuerit.
1561 3575 1626 3628 Et
1671 3575 1944 3644 praedicat,

383 3690 438 3735 ει
490 3679 660 3732 nescit
712 3690 870 3744 quem
912 3671 1185 3741 praedicat.
1243 3668 1426 3738 (Vsus.
1479 3665 1727 3737 5,15.)
1787 3683 1805 3716 ι
1842 3665 1946 3717 Ad-

381 3772 579 3826 ducunt
616 3782 733 3820 eum
771 3763 838 3816 ad
877 3759 1197 3823 Pharisa’os,
1249 3760 1337 3828 qui
1385 3773 1550 3814 circus
1580 3756 1770 3826 fuerat.
1818 3753 1949 3808 Erat

384 3869 556 3916 autem
579 3855 869 3917 sabbatum,
896 3848 1102 3924 quando
1131 3849 1297 3904 lutum
1323 3847 1441 3918 fecit
1463 3847 1638 3912 Jesus,
1670 3856 1718 3900 et
1747 3845 1948 3916 aperuit

385 3951 560 4006 oculos
588 3949 718 4020 ejus.
751 3945 948 4000 Iterum
963 3958 1082 4013 ergo
1110 3940 1494 4010 interrogabant
1523 3955 1639 3992 eum
1669 3935 1946 3999 Pharistci,

384 4039 640 4114 quomodo
684 4035 925 4092 vidisset?
979 4032 1078 4088 Ille
1127 4042 1299 4086 autem
1330 4031 1463 4085 dixit
1498 4043 1515 4081 :
1561 4029 1750 4083 Lutum
1779 4030 1948 4098 posuit

383 4147 537 4202 super
567 4128 741 4184 oculos
777 4141 936 4188 meos,
966 4132 1012 4176 et
1035 4121 1157 4186 lavi,
1191 4131 1236 4173 et
1259 4120 1422 4174 video.
1467 4118 1715 4172 Dicebant
1742 4133 1861 4186 ergo
1887 4134 1950 4170 ea:

387 4219 673 4275 Pharistris
721 4215 952 4289 quidam.
993 4210 1107 4266 Non
1143 4223 1331 4264 omnes
1354 4249 1368 4270 ,
1411 4208 1504 4261 sed
1537 4207 1754 4278 quidam
1789 4225 1799 4258 :
1837 4205 1952 4273 jam

382 4317 526 4374 enim
574 4309 966 4382 inungebantur
1024 4301 1260 4373 quidam.
1312 4299 1448 4365 Quid
1497 4312 1625 4367 ergo
1678 4297 1945 4359 dicebant,

335 4421 340 4426 '
385 4421 484 4463 nec
528 4404 770 4458 videntes
813 4411 909 4452 nec
943 4392 1124 4448 uncti?
1163 4391 1347 4463 (Vens.
1400 4387 1510 4456 16.)
1564 4385 1686 4440 Non
1735 4395 1809 4440 est
1853 4387 1947 4440 iste

385 4500 536 4551 homo
575 4513 607 4547 α
642 4492 768 4554 Deo,
797 4488 882 4559 qui
907 4484 1177 4539 sabbatum
1204 4497 1306 4535 non
1343 4478 1586 4535 custodit.
1624 4477 1739 4547 Ipse
1773 4476 1949 4546 potius

332 4591 339 4595 ’
386 4586 722 4643 custodiebat
754 4581 841 4650 qui
881 4578 994 4632 sine
1036 4582 1258 4645 peccato
1297 4579 1436 4626 erat.
1471 4568 1761 4628 Sabbatum
1804 4567 1947 4621 enim

386 4676 624 4751 spiritale
677 4675 778 4728 hoc
806 4679 907 4734 est,
954 4683 1056 4722 non
1102 4666 1301 4720 habere
1335 4669 1635 4732 peccatum.
1689 4659 1947 4751 Denique,

386 4750 600 4831 fratres,
627 4767 727 4820 hoc
766 4763 1016 4818 admonet
1048 4757 1186 4810 Deus
1206 4754 1420 4824 quando
1455 4751 1794 4807 commendat
1831 4750 1952 4804 sab-

375 4865 568 4917 ‘batum
607 4874 620 4908 :
663 4853 826 4908 Omne
858 4866 986 4919 opus
1008 4845 1188 4901 servile
1223 4861 1324 4897 non
1347 4843 1547 4912 facietis
1567 4839 1752 4910 (Leuit.
1789 4853 1944 4903 XXIII,

386 4952 460 5020 8).
505 4947 627 5002 ιιωο
666 4948 792 4997 sunt
831 4940 994 4994 verba
1036 4935 1129 4989 Dei
1165 4935 1446 5020 sabbatum
1483 4925 1944 5020 commendantis:

331 5057 334 5060 '
388 5016 550 5093 Omne
587 5050 725 5103 opus
770 5027 950 5084 servile
994 5041 1096 5078 non
1126 5023 1345 5092 facietis.
1377 5018 1495 5072 iam
1540 5018 1839 5085 superiores
1875 5016 1951 5070 le-

387 5127 592 5180 ctiones
641 5121 993 5186 interrogate,
1021 5111 1149 5183 quid
1187 5107 1341 5181 [Ms.,
1367 5105 1529 5177 quod]
1573 5106 1644 5160 sit
1669 5120 1803 5174 opus
1832 5119 1948 5160 ser-

328 5209 336 5216 ’
411 5217 490 5272 ile
516 5215 614 5280 ,νει
640 5211 923 5266 Dominum
955 5204 1134 5258 audite
1185 5221 1194 5252 :
1246 5199 1450 5264 Omnis,
1490 5199 1579 5268 qui
1607 5195 1732 5266 facit
1771 5213 1951 5268 pecea-

2045 3126 2333 3194 pellebant,
2364 3128 2455 3182 sed
2483 3127 2732 3184 Christus
2754 3132 3075 3201 excipiebat.

2119 3217 2278 3270 Vens.
2304 3217 2392 3282 25,
2421 3217 2507 3270 Ἡ.
2540 3249 2606 3256 -
2630 3216 2910 3288 Propterea
2937 3232 3175 3290 parentes
3195 3225 3304 3294 ejus
3326 3227 3558 3282 dixerunt
3577 3245 3602 3285 :

2045 3308 2168 3376 quia
2215 3318 2419 3361 rrtatem
2467 3308 2640 3373 habet,
2688 3311 2856 3379 ipsum
2903 3313 3235 3383 interrogate.
3290 3315 3609 3373 Vocaverunt

2046 3413 2166 3466 ergo
2196 3414 2402 3450 rursum
2444 3398 2698 3452 hominem
2741 3402 2830 3470 qui
2865 3401 3034 3469 fuerat
3075 3421 3258 3468 crvcus,
3287 3415 3335 3460 et
3369 3407 3610 3462 dixerunt

2046 3487 2092 3538 ei
2140 3500 2156 3536 :
2194 3486 2276 3539 Da
2300 3486 2520 3556 gloriam
2567 3488 2696 3542 Deo.
2740 3507 2757 3540 i
2788 3489 2925 3556 Quid
2954 3502 3065 3554 est,
3099 3493 3168 3546 da
3213 3494 3431 3564 gloriam
3458 3495 3565 3549 Deo
3587 3498 3618 3549 ἒ

2047 3575 2192 3646 Nega
2221 3577 2363 3646 quod
2389 3578 2663 3646 accepisti.
2695 3578 2805 3634 Hoc
2836 3581 2994 3650 plane
3021 3598 3123 3636 non
3147 3585 3360 3640 εειοεο
3386 3586 3610 3658 gloriam

2046 3663 2198 3727 dare,
2226 3666 2320 3719 sed
2364 3665 2529 3721 Deum
2560 3668 2736 3736 potius
2773 3670 3161 3740 blasphemarc.
3207 3673 3312 3738 Da,
3345 3677 3608 3745 inquiunt.

2047 3755 2265 3825 gloriam
2294 3755 2421 3809 Deo.
2451 3755 2562 3811 Nos
2587 3759 2776 3812 scimus
2799 3761 2921 3829 quia
2947 3761 3030 3815 hic
3056 3762 3209 3816 homo
3235 3775 3474 3834 peccator
3513 3777 3606 3819 est.

2049 3845 2233 3916 (Vens.
2269 3844 2358 3909 25,
2385 3845 2496 3915 26.)
2536 3846 2681 3900 Dixit
2721 3863 2841 3919 ergo
2869 3848 2955 3902 ille
2984 3864 3000 3900 :
3041 3850 3098 3903 Si
3123 3863 3362 3920 peccator
3387 3864 3480 3919 est,
3526 3872 3612 3909 ne-

2046 3935 2191 3998 scio;
2217 3952 2377 3988 unum
2413 3937 2541 3999 scio,
2561 3938 2683 4006 quia
2721 3954 2887 3992 caecus
2919 3955 3035 3994 cum
3057 3957 3240 4008 essem,
3263 3945 3418 3997 modo
3448 3946 3588 3999 rideo

2049 4023 2302 4079 Dixerunt
2329 4042 2448 4096 ergo
2468 4025 2546 4078 illi
2575 4039 2592 4077 .'
2625 4025 2764 4091 Quid
2807 4027 2946 4096 fecit,
2987 4032 3244 4099 quomodo
3284 4035 3485 4101 aperuit
3521 4034 3613 4087 tibi

2049 4112 2266 4166 oculos?
2313 4114 2378 4166 Et
2427 4114 2513 4168 ille
2541 4118 2650 4182 jam
2689 4118 3032 4173 stomachans
3065 4120 3321 4174 adversus
3361 4122 3612 4176 duritiam

2047 4200 2370 4266 Judzeorum,
2401 4214 2455 4257 et
2505 4219 2570 4258 ex
2617 4219 2759 4260 caeco
2805 4206 3010 4271 videns,
3045 4223 3149 4262 non
3202 4206 3382 4265 ferens
3423 4225 3611 4274 caecos,

2052 4293 2325 4362 respondit
2348 4294 2426 4347 eis
2454 4308 2467 4346 :
2491 4294 2676 4363 (Vens.
2707 4293 2797 4365 27)
2818 4295 2941 4350 Dixi
2965 4297 3101 4350 vobis
3116 4298 3255 4366 jam,
3277 4309 3324 4352 et
3353 4301 3570 4355 audistis
3593 4316 3613 4354 :

2048 4383 2172 4453 quid
2201 4384 2388 4436 iterum
2408 4383 2557 4437 vultis
2579 4383 2806 4437 audire?
2833 4383 3084 4455 Nunquid
3107 4397 3155 4440 et
3177 4403 3262 4441 vos
3286 4387 3438 4443 vultis
3462 4390 3616 4442 disci-

2049 4473 2159 4542 puli
2184 4474 2298 4543 cjus
2322 4474 2440 4542 fieri
2462 4475 2488 4526 :7
2527 4473 2663 4539 Quid
2688 4484 2790 4539 est,
2831 4474 3084 4547 Nunquid
3112 4489 3159 4531 et
3193 4496 3311 4543 vos,
3353 4480 3454 4535 nisi
3489 4482 3613 4550 quia

2049 4579 2149 4636 ego
2189 4562 2300 4631 jam
2341 4564 2492 4619 sum?
2538 4562 2790 4635 Nunquid
2839 4575 2887 4619 et
2933 4584 3017 4621 vos
3053 4567 3244 4623 vultis?
3277 4568 3396 4624 Jam
3442 4571 3616 4635 video,

2053 4657 2213 4730 560
2237 4658 2328 4712 sed
2358 4673 2463 4714 non
2501 4658 2655 4714 video
2683 4675 2780 4714 vos
2802 4660 2984 4716 videre
3019 4659 3200 4732 [Aug.,
3226 4664 3320 4718 sed
3344 4679 3450 4720 non
3476 4664 3612 4718 invi-

2052 4745 2196 4818 deo].
2225 4747 2409 4817 (Vzas.
2436 4745 2550 4818 28.)
2581 4763 2601 4797 ι
2630 4746 3015 4806 Maledixerunt
3043 4751 3112 4812 ei,
3143 4759 3190 4803 et
3217 4750 3460 4806 dixerunt
3487 4766 3504 4803 :
3538 4750 3615 4806 Tu

2049 4835 2334 4907 discipulus
2375 4835 2488 4906 ejus
2539 4836 2631 4890 sis.
2668 4835 2795 4892 Tale
2846 4837 3187 4894 maledictum
3235 4855 3397 4911 super
3425 4855 3522 4896 nos
3558 4849 3618 4896 et

2049 4941 2211 4997 super
2251 4928 2387 4993 tilias
2413 4935 2646 4986 nostros.
2679 4926 3017 4984 Maledictum
3039 4939 3122 4984 est
3151 4931 3293 4984 enim
3336 4931 3384 4985 si
3409 4946 3505 4986 eor
3531 4931 3616 4987 di-

2049 5016 2273 5080 scutias,
2319 5032 2425 5072 non
2471 5017 2518 5072 si
2565 5017 2727 5074 verba
2755 5017 3073 5086 perpendaa.
3122 5018 3306 5086 (Vens.
3342 5018 3458 5090 29.)
3503 5016 3636 5073 Νοι-

2049 5116 2225 5162 autem
2245 5106 2415 5178 Moysi
2435 5106 2678 5178 discipuli
2701 5123 2901 5162 sumus.
2933 5106 3045 5163 Nos
3071 5109 3262 5164 scimus
3287 5109 3411 5180 quia
3447 5108 3617 5182 Moysi

2053 5196 2257 5251 locutus
2282 5206 2355 5251 est
2374 5195 2537 5251 Deus.
2567 5195 2779 5251 Utinam
2803 5197 3038 5263 sciretis,
3061 5198 3185 5268 quia
3212 5198 3378 5270 Moysi
3405 5199 3618 5255 locutus

389 5324 517 5370 rum,
543 5320 716 5361 struas
739 5311 812 5356 est
848 5296 1042 5370 peccati
1081 5293 1260 5364 (Joan.
1295 5306 1412 5353 vni,
1444 5289 1553 5362 54).
1589 5287 1694 5345 Sed
1729 5288 1818 5342 isti
1856 5303 1955 5342 nec
2051 5292 2136 5340 est
2177 5284 2346 5347 Deus;
2385 5284 2465 5339 sic
2507 5283 2738 5351 sciretis,
2775 5285 2901 5354 quia
2938 5300 3035 5354 per
3075 5287 3287 5356 Moysen
3328 5287 3619 5357 ρτωάίοωε

347 5410 353 5416 ·
390 5395 649 5454 videntes,
677 5389 888 5452 ntdixi,
934 5401 1033 5442 nec
1077 5383 1304 5446 inuncti,
1349 5379 1629 5437 sabbatum
1665 5376 1954 5433 carnaliter
2054 5373 2236 5446 [.4ug.,
2269 5372 2613 5446 praedicatus]
2656 5382 2740 5430 est
2785 5373 2948 5430 Dens.
3002 5374 3224 5431 Habetis
3264 5377 3409 5430 enim
3448 5376 3617 5431 Deum

324 5477 330 5484 ’
391 5482 762 5544 observabant,
806 5474 1122 5548 spiritaliter
1161 5472 1454 5528 violabant.
1507 5467 1611 5521 Alii
1655 5466 1890 5520 dicebant
1932 5484 1948 5519 .-

2053 5464 2318 5518 dicentem
2349 5480 2360 5514 :
2390 5461 2449 5516 Si
2470 5463 2744 5519 crederetis
2774 5463 2964 5535 Moysi,
2995 5465 3267 5520 crederetis
3293 5476 3342 5520 et
3363 5468 3522 5532 mihi;
3551 5467 3620 5522 de

392 5569 660 5638 ρηοηιοάο
700 5577 862 5638 ροηδε
919 5566 1068 5618 homo
1117 5572 1351 5632 peccator
1395 5561 1502 5615 htt'c
1549 5559 1695 5626 signa
1739 5556 1954 5624 facere?
2055 5554 2278 5607 uice-nim
2302 5553 2504 5623 scripsit
2521 5554 2893 5630 (Joan.v,46).
2919 5558 3064 5616 Itane
3081 5558 3616 5630 sequiminiservum,

1117 5818 1139 5830 ο
1189 5812 1358 5838 .*..
