4000 6190
1151 378 1564 438 EXEGETICA.
1610 412 1678 423 —
1706 372 2058 437 COMHENT.
2099 375 2166 431 IN
2202 373 2392 431 JOAN.
2419 404 2492 416 —
2527 374 2655 429 LIB.
2695 376 2759 430 ν.

3516 362 3624 432 sse

371 509 435 557 et
455 499 673 555 dorsum
689 494 886 567 ponitis
916 502 1102 551 contra
1127 493 1448 549 Dominum?
1471 493 1579 550 Sed
1605 508 1707 549 nec
1732 502 1948 549 servum
1978 495 2024 551 Δ
2050 498 2202 545 orate
2244 498 2303 545 ut
2332 489 2483 546 vobis
2523 488 2927 560 proficientibus
2967 490 3079 561 ipsa
3109 490 3375 547 deﬁciant.
3414 488 3618 547 Tamen

374 586 706 659 sequimini;
734 598 858 639 nam
885 597 983 654 per
1010 582 1157 638 illum
1190 582 1257 638 ad
1291 579 1575 637 Dominum
1600 581 1950 636 duceremini.

452 677 619 734 Vens.
643 675 736 740 50,
757 674 846 730 51.
872 703 943 713 ——
966 670 1248 743 Respondit
1268 671 1357 726 ille
1382 672 1536 725 homo
1554 711 1570 737 ,
1597 680 1646 726 et
1687 670 1819 724 dixit
1840 671 1912 723 eis
1934 682 1953 721 :

379 765 453 824 In
475 767 572 821 hoc
598 764 835 820 mirabile
853 774 948 830 est,
979 763 1103 835 quia
1121 778 1210 817 vos
1238 764 1443 818 nescitis
1473 763 1610 816 unde
1655 762 1739 823 sit,
1766 772 1816 815 et
1835 777 1957 830 ape-

382 855 493 908 ruit
519 852 696 908 oculos
717 868 878 906 meus.
912 850 1117 905 Scimus
1142 860 1335 915 autem,
1356 851 1479 923 quia
1498 858 1789 921 peccatores
1816 848 1956 903 Deus

385 957 493 1001 non
521 944 759 1009 exaudit,
794 942 885 997 sed
912 943 1001 1012 qui
1034 941 1182 1013 [Ms.,
1209 942 1256 995 si
1277 940 1417 1013 quis]
1451 938 1549 994 Dei
1579 939 1749 994 cultor
1773 948 1866 1003 est,
1908 948 1956 993 et

383 1032 701 1088 voluntatem
741 1032 855 1102 ejus
899 1030 1049 1100 facit,
1095 1031 1232 1084 hunc
1266 1029 1478 1084 “audit
1512 1028 1672 1082 Deus.
1718 1046 1737 1079 ι
1771 1027 1959 1082 Adhuc

386 1124 638 1178 inunctus
668 1120 924 1190 loquitur.
957 1118 1091 1174 Nam
1119 1126 1175 1174 et
1200 1126 1512 1187 peccatores
1538 1116 1758 1173 exaudit
1793 1116 1952 1171 Deus.

384 1208 446 1266 Si
471 1207 617 1265 enim
646 1215 959 1280 peccatores
1002 1208 1142 1263 Deus
1166 1222 1273 1263 non
1298 1207 1597 1271 exaudiret,
1627 1205 1828 1262 frustra
1868 1206 1957 1261 ille

383 1292 702 1369 publicanus
740 1296 926 1352 oculos
974 1297 1028 1350 in
1074 1302 1276 1351 terram
1315 1295 1589 1352 dimittens
1612 1336 1627 1361 ,
1673 1303 1727 1349 et
1772 1302 1960 1364 pectus

385 1400 543 1443 suum
562 1387 872 1457 percutiens
891 1385 1130 1441 diceret:
1158 1385 1395 1451 Domine,
1419 1385 1672 1456 propitius
1700 1394 1806 1439 esto
1831 1380 1958 1437 mihi

384 1477 649 1548 peccatori
680 1474 831 1546 (Luc.
854 1490 1010 1539 XVIII,
1041 1474 1149 1547 l5).
1182 1474 1249 1529 Et
1270 1474 1372 1529 ista
1397 1472 1733 1529 confessione
1759 1473 1957 1529 meruit

380 1563 855 1634 justidcationem,
914 1564 1183 1632 quomodo
1235 1563 1337 1617 iste
1392 1578 1563 1618 crecus
1616 1562 1959 1618 illuminatio-

386 1670 530 1712 nem.
565 1675 586 1709 ι
618 1655 725 1710 Sed
747 1655 1123 1725 peccatoribus
1147 1654 1430 1708 lavandum
1456 1661 1540 1708 est
1568 1669 1662 1708 cor
1684 1655 1955 1724 poeniten-

2055 582 2220 637 nolite
2241 581 2553 652 desperare,
2578 588 2634 637 et
2658 588 2972 651 peccatores
2990 588 3161 636 orate.
3186 580 3316 649 Quis
3340 580 3486 635 enim
3515 595 3621 634 non

2053 670 2331 741 peccavit?
2369 670 2415 724 Α
2459 668 2839 726 sacerdotibus
2876 670 3071 741 incipe.
3117 667 3500 725 Sacerdotibus
3547 668 3628 721 di-

2054 769 2201 816 ctum
2223 769 2308 817 est
2332 775 2349 816 :
2375 758 2539 817 Prius
2557 762 2737 831 offerte
2763 762 3024 833 sacriﬁcia
3049 779 3144 834 pro
3169 762 3391 833 peccatis
3423 762 3628 822 vestris,

2054 860 2104 905 et
2120 852 2195 905 sic
2216 867 2310 921 pro
2336 851 2527 923 populo
2551 851 2737 922 (Hebr.
2759 869 2860 920 vn,
2880 852 2991 923 27).
3025 852 3281 923 Sequitur
3306 872 3318 910 :

2125 939 2288 995 Vsus.
2319 940 2410 994 59.
2454 969 2527 980 --—
2573 940 2640 994 In
2668 941 2929 1010 judicium
2972 958 3064 1012 ego
3108 943 3163 996 in
3198 943 3337 997 hunc
3372 942 3628 997 mundum

2056 1028 2191 1093 veni,
2235 1035 2291 1081 ut
2327 1028 2417 1099 qui
2438 1044 2543 1083 non
2575 1029 2768 1093 vident,
2812 1030 3039 1095 videant,
3069 1040 3118 1083 et
3154 1031 3243 1101 qui
3281 1031 3474 1097 vident,
3504 1034 3632 1088 σαγαί

2055 1118 2209 1188 (iant.
2241 1116 2379 1184 Quid
2404 1125 2510 1183 est,
2540 1120 2681 1187 quod
2706 1118 2860 1184 dicit,
2889 1116 2954 1172 In
2988 1118 3249 1188 judicium
3287 1136 3379 1190 ego
3410 1120 3465 1175 in
3493 1122 3632 1176 hunc

2055 1210 2308 1264 mundum
2333 1210 2466 1274 veni,
2495 1210 2621 1265 dum
2664 1210 2770 1264 alio
2798 1209 2917 1265 loco
2954 1209 3085 1265 dicit
3116 1228 3128 1263 :
3169 1207 3293 1263 Non
3331 1210 3469 1265 enim
3499 1212 3632 1271 veni,

2055 1310 2115 1353 ut
2145 1299 2379 1369 judicent
2418 1299 2667 1353 mundum
2709 1296 2891 1368 (Ioan.
2938 1315 3023 1364 ιιι,
3075 1297 3162 1363 l7,
3196 1297 3318 1368 18)?
3363 1299 3465 1352 nisi
3508 1299 3633 1368 quia

2056 1389 2200 1444 aliud
2228 1398 2312 1444 est
2350 1386 2613 1457 judicium
2657 1388 3035 1453 discretionis,
3084 1387 3226 1443 aliud
3257 1397 3339 1443 est
3369 1386 3633 1458 judicium

2056 1478 2433 1544 damnationis,
2462 1477 2528 1533 de
2548 1493 2656 1548 quo
2683 1478 2794 1548 ipse
2820 1477 3080 1532 Dominus
3106 1478 3180 1530 ait
3201 1476 3327 1531 alibi
3358 1490 3372 1530 :
3400 1475 3504 1541 Qui
3531 1494 3633 1530 non

2056 1566 2219 1625 credit
2243 1568 2299 1622 in
2322 1583 2425 1634 me,
2440 1568 2558 1638 jam
2577 1566 2847 1638 judicatus
2868 1574 2966 1632 est,
2989 1567 3042 1621 id
3070 1576 3175 1631 est,
3198 1567 3500 1621 damnatus.
3535 1564 3633 1619 llic

2056 1658 2197 1713 enim
2228 1658 2280 1712 in
2303 1656 2406 1712 hoc
2435 1657 2552 1713 loco
2579 1698 2593 1722 ,
2620 1658 2760 1711 sicut
2787 1656 2840 1710 in
2868 1658 3220 1726 sequentibus
3246 1656 3425 1709 verbis
3465 1656 3628 1726 patet.

385 1748 478 1802 tite
498 1746 771 1818 lacrymis,
798 1755 858 1800 ut
879 1745 1264 1811 exaudiantur;
1293 1755 1348 1800 et
1381 1744 1472 1799 fiat
1497 1743 1650 1817 [δίδη
1675 1755 1730 1802 et
1755 1745 1867 1819 fiet]
1903 1747 1957 1803 in
2050 1746 2313 1816 judicium
2342 1745 2683 1802 discretionis
2705 1745 2989 1816 significat,
3019 1745 3145 1799 dum
3167 1746 3242 1799 ait
3273 1762 3284 1798 :
3321 1742 3386 1797 Ut
3415 1743 3505 1814 qui
3530 1759 3634 1796 non

382 1837 549 1893 corde
595 1837 805 1891 illorum
834 1837 975 1905 quod
1013 1836 1213 1891 factum
1256 1845 1339 1891 est
1366 1837 1419 1890 in
1452 1835 1587 1891 facie
1617 1839 1742 1893 caeci
1771 1837 1955 1907 hujus;
1995 1819 2036 1878 Β

382 1934 443 1984 et
470 1927 709 1981 sentiunt
756 1927 920 1981 Deum
962 1926 1084 1982 illos
1117 1927 1407 1991 exaudire,
1438 1926 1527 1996 qui
1565 1934 1622 1980 ut
1648 1935 1960 1998 peccatores

388 2014 625 2072 saturet
649 2016 796 2070 venit
815 2016 869 2070 in
897 2016 1041 2072 hunc
1068 2016 1344 2070 mundum.

459 2105 622 2161 Vsus.
653 2100 746 2171 3‘2,
776 2107 866 2162 55.
908 2136 980 2146 -
1022 2108 1065 2161 Α
1091 2106 1282 2161 sa'culo
1312 2123 1415 2161 non
1444 2117 1517 2161 est
1544 2106 1801 2172 auditum,
1837 2107 1962 2178 quia

388 2195 592 2264 aperuit
617 2192 734 2266 quis
761 2194 939 2250 oculos
976 2196 1099 2249 ca-ci
1142 2198 1271 2250 nati.
1312 2194 1431 2250 Nisi
1478 2207 1608 2251 esset
1650 2198 1733 2251 hic
1763 2215 1796 2252 a
1828 2197 1957 2262 Deo,

390 2297 495 2336 non
536 2291 740 2352 poterat
772 2283 945 2353 facere
976 2283 1279 2355 quidquam.
1311 2283 1502 2339 Libere
1546 2293 1962 2356 constanterque

388 2372 669 2431 confessus
696 2382 778 2431 est
805 2375 1105 2430 veritatem.
1133 2374 1259 2430 Hmc
1291 2375 1432 2430 enim
1468 2389 1587 2443 qua:
1614 2374 1755 2430 facta
1782 2383 1905 2431 sunt
1930 2389 1961 2429 a

392 2465 655 2530 Domino,
709 2480 739 2520 a
769 2478 879 2536 quo
925 2465 1116 2521 flerent
1158 2466 1261 2521 nisi
1288 2481 1319 2520 a
1348 2464 1492 2520 Deo?
1532 2464 1640 2519 Aut
1679 2466 1892 2535 quando
1930 2478 1962 2519 a

390 2554 670 2625 discipulis
690 2555 819 2610 talia
839 2555 1053 2620 flerent,
1078 2555 1179 2610 nisi
1202 2556 1257 2609 in
1278 2555 1357 2611 eis
1379 2555 1636 2610 Dominus
1661 2554 1964 2611 habitaret?

392 2644 581 2716 (Vsus.
602 2642 716 2716 54.)
732 2643 1161 2714 «Responderunt
1185 2653 1234 2699 et
1252 2644 1498 2698 dixerunt
1518 2645 1566 2698 ei
1595 2658 1613 2696 :
1644 2644 1711 2698 In
1740 2645 1963 2715 peccatis

393 2743 549 2788 natus
577 2750 632 2788 es
658 2744 817 2789 totus.
848 2733 987 2801 Quid
1026 2744 1111 2789 est
1154 2734 1333 2788 totus?
1363 2733 1497 2789 Cum
1537 2735 1707 2790 oculis
1740 2734 1959 2791 clausis.

394 2824 502 2881 Sed
534 2826 626 2896 qui
654 2826 865 2895 aperuit
888 2825 1102 2890 oculos,
1141 2825 1314 2879 salvat
1340 2835 1396 2880 et
1424 2834 1593 2881 totum
1625 2845 1637 2881 :
1669 2827 1784 2898 ipse
1815 2826 1963 2883 dabit

394 2912 453 2968 in
477 2914 641 2968 corde
661 2914 1129 2979 resurrectionem,
1154 2914 1246 2983 qui
1276 2915 1330 2968 in
1358 2912 1495 2969 facie
1522 2915 1670 2971 dedit
1694 2914 1963 2971 illumina-

395 3003 617 3059 tionem.
647 3003 719 3058 In
733 3005 956 3074 peccatis
976 3013 1115 3059 totus
1140 3014 1293 3059 natus
1318 3021 1393 3070 es,
1418 3014 1466 3058 et
1488 3014 1543 3059 tu
1562 3005 1715 3061 doces
1738 3022 1831 3060 nos
1848 3005 1874 3059 .’
1894 3004 1965 3058 Et

392 3090 653 3159 ejeeerunt
691 3106 809 3146 eum
834 3091 997 3161 foras.
1039 3094 1142 3163 Ipsi
1170 3094 1320 3148 illum
1354 3094 1670 3165 magistrum
1702 3093 1962 3159 fecerant,

2062 1838 2253 1904 vident,
2272 1840 2498 1903 videant,
2528 1844 2576 1893 et
2595 1838 2686 1908 qui
2708 1836 2897 1901 vident,
2926 1837 3049 1892 ca'ci
3072 1836 3223 1905 ﬁant.
3254 1853 3272 1885 ι
3293 1833 3430 1901 Quid
3455 1841 3558 1899 est,
3576 1842 3633 1887 ut

2058 1930 2148 2001 qui
2172 1947 2275 1984 non
2302 1930 2493 1994 vident,
2524 1928 2769 1984 videant?
2806 1927 2906 1994 Qui
2951 1944 3008 1983 se
3030 1943 3135 1983 non
3166 1928 3346 1982 videre
3368 1925 3630 1981 confiten-

2061 2030 2168 2086 tur,
2199 2027 2255 2075 et
2298 2018 2562 2075 medicum
2596 2026 2844 2088 quatrunt
2872 2026 2929 2071 ut
2952 2016 3189 2071 videant.
3226 2014 3295 2068 Et
3320 2014 3409 2085 qui
3439 2014 3631 2076 vident,

2060 2110 2183 2164 caeci
2203 2108 2354 2177 ﬁant.
2395 2109 2533 2175 Quid
2554 2116 2656 2168 est.
2677 2108 2766 2179 qui
2787 2107 2979 2171 vident,
3001 2105 3126 2159 αιθεί
3150 2105 3278 2174 ﬁant
3304 2102 3400 2159 ?l.l
3415 2113 3521 2169 est,
3542 2105 3635 2176 qui
3730 2124 3733 2127 ·

2059 2213 2119 2253 se
2139 2205 2328 2269 putant
2349 2198 2554 2262 videre,
2569 2204 2623 2251 et
2643 2196 2910 2252 medicum
2934 2209 3041 2248 non
3061 2201 3329 2264 quaerunt,
3347 2193 3439 2248 sed
3461 2192 3513 2245 in
3537 2208 3633 2248 sua

2059 2288 2301 2342 «coitate
2329 2285 2485 2358 561
2510 2294 2825 2357 permanent
2850 2284 3031 2358 [Aug.,
3062 2281 3458 2356 permaneant].
3489 2282 3630 2354 Ergo

2063 2378 2217 2432 istam
2236 2377 2611 2431 discretionem
2633 2376 2846 2433 vocavit
2862 2375 3157 2447 judicium;
3181 2395 3200 2428 ι
3228 2376 3353 2446 quia
3377 2375 3637 2430 discernit

2061 2463 2289 2518 humiles
2306 2479 2337 2518 a
2357 2465 2621 2533 superbis,
2646 2463 2928 2519 credentes
2947 2480 2979 2519 a
2994 2480 3101 2519 non
3127 2466 3492 2530 credentibus,
3519 2481 3635 2519 me-

2063 2553 2241 2609 dicum
2266 2562 2568 2622 quaerentes
2598 2554 2665 2609 ab
2693 2554 2774 2609 eis
2802 2554 2895 2623 qui
2938 2553 3207 2609 medicum
3230 2567 3471 2624 quaerere
3499 2569 3632 2608 con-

2065 2651 2327 2698 temnunt.
2358 2641 2405 2698 0
2426 2641 2676 2707 Domine,
2710 2642 2932 2707 venisti,
2967 2641 3144 2712 utqui
3171 2656 3280 2697 non
3305 2640 3520 2707 vident,
3556 2642 3637 2696 vi-

2061 2734 2262 2800 deant;
2302 2742 2476 2800 recte,
2518 2734 2645 2806 quia
2672 2733 2975 2800 lumenes;
3012 2740 3194 2796 recte,
3238 2732 3365 2802 quia
3391 2731 3505 2787 dies
3533 2745 3634 2795 es;

2064 2835 2228 2892 recte,
2250 2827 2375 2897 quia
2404 2826 2471 2882 de
2499 2825 2735 2881 tenebris
2770 2823 2970 2880 liberas
2994 2823 3260 2879 homines.
3310 2820 3424 2876 Hoc
3458 2821 3638 2877 omnis

2064 2918 2242 2974 anima
2272 2917 2531 2988 accipiat,
2558 2917 2661 2973 hoc
2685 2916 2862 2972 omnis
2890 2915 3068 2970 anima
3097 2912 3396 2985 intelligat,
3434 2922 3494 2968 ut
3522 2928 3629 2967 non

2065 3015 2280 3063 maneat
2305 3007 2358 3062 in
2390 3006 2660 3072 tenebris;
2692 3006 2787 3062 sed
2813 3005 3142 3061 illuminetur
3170 3004 3237 3060 ab
3258 3019 3322 3059 eo
3343 3045 3356 3069 ,
3384 3004 3476 3076 qui
3502 3003 3629 3061 illu—

2066 3097 2230 3152 minat
2252 3112 2455 3150 omnem
2478 3095 2737 3150 hominm
2760 3095 3039 3151 venientem
3064 3094 3118 3150 in
3139 3093 3277 3148 hunc
3305 3094 3576 3149 mundum.

396 3179 499 3247 ipsi
528 3186 587 3233 ut
629 3159 926 3245 discere-nt;
961 3159 1121 3237 toties
1159 3159 1645 3253 interrogaverunt,
1690 3191 1746 3237 et
1770 3182 1966 3253 ingrati
1994 3159 2039 3218 ί)
2140 3186 2301 3241 Vsus.
2338 3183 2428 3239 40.
2452 3214 2521 3223 —
2544 3183 2806 3241 Commoti
2835 3192 2960 3239 sunt
2986 3184 3129 3239 enim
3158 3183 3337 3239 verbis
3373 3184 3492 3239 istis
3518 3183 3641 3254 qut-

397 3266 679 3321 docentem
707 3268 1067 3337 projecerunt.
1119 3269 1227 3326 Sed
1254 3280 1313 3326 ut
1353 3272 1461 3327 dixi
1494 3270 1831 3340 jamdudum,
1861 3271 1969 3326 fra-

396 3367 545 3420 tres,
590 3355 666 3409 illi
705 3356 940 3427 pellunt,
970 3357 1228 3414 Dominus
1269 3361 1489 3431 suscipit
1534 3378 1547 3416 ;
1600 3362 1771 3433 magis
1799 3362 1966 3427 enim,

396 3450 522 3519 quia
568 3450 823 3520 expulsus
859 3458 964 3516 est,
1008 3451 1348 3509 Christianus
1381 3454 1555 3509 factus
1601 3464 1702 3509 est.
1748 3475 1766 3507 ι
1809 3453 1968 3510 Certe

394 3538 667 3610 projectns
691 3547 774 3593 est
805 3540 907 3595 iste
933 3540 999 3595 de
1028 3554 1317 3612 synagoga.
1347 3542 1561 3598 Audivit
1593 3543 1769 3610 Jesus,
1799 3554 1853 3599 et
1888 3545 1968 3601 in-

397 3628 548 3683 venit
575 3644 721 3693 eum,
743 3638 799 3683 et
823 3629 961 3684 dixit
987 3630 1036 3685 ei
1070 3648 1084 3684 :
1111 3632 1294 3701 (Vsus.
1319 3631 1409 3697 55,
1442 3632 1556 3704 56.)
1596 3632 1672 3688 Tu
1703 3635 1871 3689 credis
1911 3637 1967 3689 in

399 3710 599 3769 Filium
626 3715 765 3771 Dei.’
791 3714 859 3771 Et
886 3717 975 3773 ille
993 3732 1012 3769 :
1036 3717 1166 3785 Quis
1200 3731 1293 3783 est,
1329 3721 1567 3788 Domine,
1596 3733 1652 3776 ut
1681 3724 1886 3779 credam
1911 3724 1967 3778 in

398 3806 555 3861 sum?
582 3806 827 3873 Videbat,
875 3817 932 3865 et
970 3823 1075 3864 non
1119 3811 1357 3876 videbat,
1403 3812 1617 3866 videbat
1654 3812 1823 3865 oculis
1850 3820 1966 3865 tan-

400 3902 535 3960 tum,
559 3896 654 3951 sed
684 3897 852 3951 cordo
872 3897 1047 3951 adhuc
1072 3913 1177 3952 non
1204 3899 1439 3952 videbat.
1464 3899 1555 3951 Ait
1575 3897 1651 3951 illi
1679 3898 1962 3953 Dominus:

398 3979 470 4035 Et
513 3983 687 4039 vidisti
724 3999 864 4047 eum,
903 3984 1117 4051 quando
1155 3983 1484 4038 illuminatus
1521 3983 1694 4050 fuisti,
1737 3985 1840 4040 hoc
1885 3993 1971 4039 est

397 4072 598 4135 oculis;
632 4069 701 4124 Et
736 4071 825 4142 qui
853 4070 1081 4140 loquitur
1117 4079 1282 4126 tecum
1304 4111 1320 4136 ,
1352 4073 1458 4141 ipse
1484 4082 1580 4128 est.
1625 4092 1643 4125 ι
1672 4074 1812 4129 Dum
1845 4090 1966 4145 ergo

398 4160 597 4213 audivit
623 4158 779 4212 Iesus
797 4197 812 4223 ,
833 4160 957 4228 quia
980 4158 1241 4229 ejecerunt
1267 4175 1385 4213 eum
1413 4160 1580 4232 foras,
1610 4171 1658 4216 et
1684 4178 1802 4215 cum
1826 4163 1968 4217 inve-

400 4250 560 4304 nisset
582 4263 703 4302 eum
721 4289 733 4313 ,
759 4249 893 4304 dixit
923 4250 972 4304 ei
993 4262 1013 4301 .'
1046 4248 1122 4303 Tu
1146 4250 1315 4305 credis
1338 4250 1392 4306 in
1417 4249 1616 4305 Filium
1635 4250 1770 4307 Dei?
1813 4252 1969 4309 Modo

397 4337 546 4392 lavat
588 4336 779 4393 faciem
829 4338 1027 4394 cordis.
1077 4337 1360 4410 Respondit
1388 4338 1500 4403 ille,
1530 4347 1577 4393 et
1605 4339 1739 4394 dixit
1756 4380 1772 4407 ,
1811 4342 1966 4410 quasi

398 4426 577 4482 adhuc
618 4426 869 4482 inunctus
913 4442 929 4481 :
984 4426 1111 4494 Quis
1143 4436 1250 4491 est,
1283 4426 1529 4493 Domine,
1565 4437 1623 4481 ut
1666 4430 1875 4484 credam
1909 4430 1966 4483 in

396 4531 519 4573 cum
539 4516 566 4568 P
591 4515 776 4587 (Vsus.
806 4517 920 4588 57.)
947 4515 1018 4571 Et
1051 4518 1183 4573 dixit
1208 4518 1256 4573 ei
1288 4517 1444 4573 Iesus
1472 4533 1491 4571 .'
1528 4517 1597 4574 Et
1624 4519 1797 4575 vidisti
1822 4535 1963 4584 eum,

400 4614 450 4662 et
473 4606 563 4677 qui
588 4604 816 4677 loquitur
839 4617 1030 4672 tecum,
1068 4608 1178 4677 ipse
1195 4617 1290 4664 est.
1323 4608 1473 4665 Tunc
1498 4618 1802 4680 prostratus
1830 4609 1967 4664 ado-

403 4693 543 4748 ravit
565 4706 709 4748 eum.
742 4692 892 4749 Tunc
914 4692 1046 4767 [Al.,
1070 4693 1242 4765 Nunc]
1266 4695 1393 4749 lavit
1420 4695 1611 4752 faciem
1640 4697 1839 4752 cordis.
1863 4696 1968 4752 De-

403 4782 562 4851 nique
581 4780 694 4852 jam
721 4781 858 4836 facie
891 4781 1000 4835 lota
1025 4782 1224 4846 cordis,
1248 4790 1306 4836 et
1328 4783 1584 4839 mundata
1609 4785 1961 4850 conscientia,

403 4886 699 4945 agnoscens
732 4875 880 4930 illum
921 4888 1026 4929 non
1055 4873 1252 4930 Filium
1286 4875 1520 4931 hominis
1562 4885 1790 4945 tantum,
1822 4878 1963 4950 quod

404 4972 531 5018 ante
562 4965 899 5029 crediderat,
942 4963 1035 5020 sed
1052 4961 1167 5031 jam
1191 4962 1386 5019 Filium
1409 4964 1540 5031 Dei,
1567 4981 1725 5035 quem
1751 4968 1967 5023 videbat

334 5044 348 5133 ξ
405 5052 587 5125 [Aug.,
617 5050 813 5109 Filium
863 5053 1001 5116 Dei,
1047 5052 1141 5122 qui
1183 5067 1402 5107 carnem
1448 5053 1803 5125 susceperat],
1849 5055 1965 5110 ait:

404 5142 591 5214 (Vsus.
622 5143 736 5215 58.)
766 5143 967 5211 Credo,
1006 5144 1244 5200 Domine.
1278 5144 1382 5201 Sed
1411 5162 1601 5217 parum
1632 5156 1715 5202 est
1756 5148 1965 5215 dicere,

404 5237 578 5291 credo.
616 5236 708 5293 Vis
733 5237 913 5291 videre
938 5237 1147 5306 qualem
1176 5238 1400 5295 credat?
1426 5235 1711 5293 Procidens
1733 5240 1970 5297 adoravit

403 5340 543 5378 eum.
580 5344 598 5377 ι
655 5319 713 5379 Si
765 5324 1053 5378 Dominum
1107 5325 1201 5380 Dei
1250 5326 1446 5382 Filium
1500 5343 1606 5383 non
1653 5327 1970 5384 credidisset

406 5428 566 5485 quem
590 5416 828 5481 videbat,
854 5414 1157 5470 nullatenus
1183 5416 1461 5472 adorasset
1486 5433 1631 5473 eum.
1675 5418 1972 5475 incumbite

405 5518 540 5575 ergo
598 5506 953 5571 orationibus,
980 5512 1330 5574 peccatores,
1378 5507 1704 5563 conﬁtemini
1755 5517 1971 5578 peccata

409 5604 586 5651 vostra
613 5635 629 5659 ,
680 5605 835 5653 orate
878 5604 937 5650 ut
985 5594 1285 5658 deleantur,
1329 5604 1479 5649 orate
1529 5605 1588 5650 ut
1642 5598 1973 5661 minuantur,

2068 3276 2191 3331 dam
2212 3290 2278 3330 ex
2306 3274 2612 3341 Pbarismis,
2641 3282 2696 3331 et
2719 3275 2974 3331 dixerunt
3007 3275 3056 3330 ei
3098 3292 3110 3328 :
3140 3291 3159 3325 ι
3191 3272 3446 3346 Nunquid
3472 3282 3519 3327 et
3547 3288 3641 3329 nos

2067 3366 2191 3419 circi
2220 3366 2440 3419 sumus?
2471 3365 2705 3419 Audiant
2740 3363 2888 3437 [Ms.,
2917 3364 3039 3419 audi
3068 3361 3207 3436 jam]
3239 3362 3367 3431 quid
3389 3369 3472 3418 est
3501 3361 3643 3431 quod

2068 3459 2315 3513 movebat
2346 3474 2357 3510 :
2388 3456 2456 3510 Et
2491 3457 2579 3527 qui
2599 3456 2792 3522 vident,
2822 3457 2947 3510 ca’ci
2976 3455 3129 3525 ﬁant.

2136 3551 2300 3605 Vsus.
2338 3547 2429 3601 bl.
2456 3577 2527 3586 —
2553 3547 2701 3601 Dixit
2728 3547 2801 3601 eis
2835 3545 2992 3597 Iesus
3022 3557 3040 3595 :
3069 3543 3128 3598 Si
3154 3544 3278 3597 caci
3303 3545 3503 3608 essetis,
3542 3548 3644 3599 non'

2065 3637 2321 3695 haberetis
2353 3643 2640 3705 peccatum.
2671 3631 2805 3686 Cum
2833 3631 2903 3685 sit
2927 3630 3143 3688 ctecitas
3182 3630 3299 3703 ipsa
3340 3640 3640 3702 peccatum.

2068 3727 2127 3784 Si
2163 3727 2288 3781 circi
2334 3724 2533 3786 essetis,
2564 3723 2616 3777 id
2634 3730 2738 3788 est,
2764 3722 2809 3778 si
2852 3737 2954 3778 vos
2976 3737 3153 3780 caecos
3188 3724 3564 3789 adverteretis,
3591 3732 3648 3779 et

2065 3814 2135 3867 ad
2158 3811 2424 3868 medicum
2449 3811 2774 3875 curreretis;
2822 3811 2869 3865 si
2898 3827 3027 3882 ergo
3052 3811 3126 3867 ita
3154 3814 3280 3868 caeci
3302 3813 3510 3878 essetis,
3542 3829 3645 3867 non

2066 3903 2320 3958 haberetis
2346 3910 2631 3971 peccatum.
2662 3901 2819 3956 Nunc
2847 3918 2966 3957 vero
3014 3903 3206 3967 dicitis,
3239 3905 3363 3975 quia
3390 3905 3642 3967 videmus.

2065 4000 2289 4045 vestrum
2306 3997 2572 4061 peccatum
2592 4001 2785 4046 manet.
2815 3991 3026 4058 Quare?
3051 3991 3187 4059 Quia
3215 3992 3459 4059 dicendo,
3493 3990 3645 4049 Vide-

2067 4097 2203 4146 mus,
2222 4081 2487 4137 medicum
2513 4096 2619 4136 non
2637 4083 2898 4152 quatritis,
2926 4084 2980 4140 in
3005 4084 3248 4141 caecitate
3263 4094 3438 4140 vestra
3469 4100 3641 4141 rema-

2067 4172 2224 4228 netis.
2248 4193 2267 4224 ι
2311 4171 2566 4243 Sequitur
2589 4192 2600 4230 :

2628 4267 2855 4325 CAPUT
2912 4269 3080 4324 XXV.

2069 4371 2172 4439 Qui
2198 4390 2302 4462 non
2321 4375 2482 4429 intrat
2509 4392 2603 4462 per
2628 4377 2817 4462 ostium
2838 4378 2892 4431 in
2935 4377 3068 4458 ovile
3086 4381 3278 4445 ovium,
3303 4381 3473 4462 [urem
3512 4398 3642 4462 esse,

2136 4447 2424 4517 ostiumque
2459 4461 2514 4497 se
2534 4454 2581 4497 et
2606 4456 2864 4513 pastorem
2893 4447 3088 4517 ovium,
3118 4464 3212 4517 pro
3233 4447 3417 4517 quibus
3455 4467 3510 4506 sc
3529 4452 3646 4509 ani»

2140 4526 2278 4585 mam
2313 4513 2603 4585 positurum
2629 4529 2799 4576 suam,
2823 4523 2871 4568 et
2889 4513 3025 4569 alias
3053 4513 3169 4570 oves
3192 4513 3558 4585 adducturum,
3586 4533 3642 4573 ut

2141 4580 2236 4650 ﬁat
2256 4596 2417 4634 unum
2441 4580 2575 4635 ovile
2598 4592 2647 4637 et
2667 4598 2802 4637 unm
2838 4593 3036 4652 pastor,
3064 4587 3211 4641 dcit.

2138 4688 2318 4745 Carus
2346 4705 2400 4744 κ.
2431 4688 2593 4745 Vsus.
2628 4691 2826 4746 l-6.—
2844 4693 3030 4760 Amen,
3055 4712 3205 4751 amen
3225 4698 3340 4753 dico
3369 4700 3532 4765 vobis,
3554 4703 3644 4773 qui

2070 4797 2175 4835 non
2203 4782 2366 4834 intrat
2419 4797 2511 4851 per
2550 4783 2740 4836 ostium
2770 4783 2825 4836 in
2869 4782 3003 4838 ovile
3037 4786 3231 4851 ovium,
3270 4787 3362 4841 sed
3410 4788 3644 4843 ascendit

2068 4872 2298 4939 aliunde,
2329 4874 2418 4929 ille
2441 4875 2530 4945 [ur
2547 4884 2641 4939 est,
2671 4887 2723 4933 et
2749 4877 2917 4943 latro;
2940 4875 3132 4949 [usque
3168 4880 3222 4934 in
3244 4895 3366 4938 eum
3395 4882 3596 4956 locum]
3624 4902 3639 4938 :

2072 4965 2184 5020 Hoc
2215 4964 2540 5034 proverbium
2566 4964 2702 5019 dixit
2721 4966 2797 5020 eis
2819 4966 3111 5023 Jesus:Illi
3133 4980 3305 5024 autem
3330 4985 3435 5025 non
3453 4987 3643 5043 cogno-

2067 5062 2251 5109 verunt
2274 5052 2401 5125 quid
2425 5053 2722 5125 loqueretur
2739 5055 2836 5108 eis.
2867 5072 2887 5106 ι
2925 5067 2952 5096 ι
2981 5056 3209 5129 Propter
3248 5058 3642 5115 Pharisaeorum

2067 5141 2158 5211 qui
2183 5157 2239 5195 se
2260 5142 2444 5197 videre
2462 5142 2740 5211 iactabant
2767 5158 2887 5197 cum
2915 5145 3042 5199 caici
3078 5154 3251 5213 erant,
3298 5156 3639 5213 venenatam,

2069 5240 2126 5284 et
2151 5232 2457 5299 superbam,
2489 5239 2544 5285 et
2578 5232 2928 5288 insanabilem
2968 5236 3354 5305 arrogantiam,
3385 5234 3643 5292 Dominus

2067 5320 2224 5376 Jesus
2247 5320 2348 5375 ista
2375 5321 2673 5385 contexuit,
2704 5340 2722 5372 ι
2747 5337 2865 5391 qua:
2893 5323 2948 5377 in
2971 5324 3072 5378 bac
3091 5325 3345 5394 parabola
3371 5326 3639 5399 leguntur,

2067 5426 2228 5481 quam
2252 5411 2364 5480 ipse
2388 5410 2491 5465 illis
2510 5426 2617 5465 non
2644 5411 3060 5483 intclligentibus
3102 5428 3369 5484 exponere
3392 5416 3645 5487 dignatus

2067 5509 2180 5566 cst;
2211 5501 2265 5554 in
2291 5516 2397 5571 qua
2420 5516 2519 5556 nos
2543 5501 2851 5568 salubriter,
2872 5502 2917 5557 si
2946 5502 3309 5570 advertamus,
3341 5506 3639 5571 admonuit,

2068 5610 2171 5649 tum
2198 5593 2417 5664 gloriari
2446 5596 2499 5650 in
2523 5596 2784 5665 sapientia
2804 5596 3057 5662 humana,
3081 5613 3187 5655 non
3229 5599 3281 5655 in
3324 5614 3531 5657 morum
3562 5599 3638 5655 di-

486 5704 508 5730 ⁸
538 5702 612 5757 Ex
656 5711 842 5759 sancto
879 5701 1198 5769 Augustino,
1228 5708 1383 5756 tract.
1413 5715 1511 5755 χιν
1534 5701 1587 5756 in
1614 5702 1790 5768 Joau.,
1821 5718 1965 5758 num.
2004 5704 2058 5768 ἓ,
2087 5705 2140 5769 5,
2166 5703 2220 5769 5,
2251 5703 2304 5768 6,
2328 5702 2384 5767 8,
2414 5702 2580 5769 9,14,
2614 5703 2696 5758 l5.
