4000 6190
449 343 553 398 883

1310 344 1371 400 Β.
1403 344 1465 401 F.
1504 342 1725 401 ALBlNl
1765 343 1895 402 SEU
1931 345 2204 402 ALCUINI
2243 344 2521 402 OPERUM
2558 344 2736 403 PARS
2774 347 2836 403 ll.

3574 352 3678 410 884

441 453 665 522 guitate,
695 453 739 507 si
771 450 1041 508 humilitas
1088 451 1208 508 tidei
1237 454 1513 511 catholicae
1541 455 1595 508 in
1621 453 1893 531 Christum
1917 454 2007 508 de-
2035 459 2083 513 Α
2109 460 2211 516 est,
2240 462 2295 507 et
2314 469 2419 508 non
2448 470 2629 510 verus.
2664 473 2683 506 ι
2703 455 2840 523 Quid
2866 466 2950 513 est
2973 471 3108 528 opus
3135 460 3300 516 multa
3329 465 3682 533 percurrere?

440 545 530 598 sit.
568 561 587 594 ο
624 542 771 596 Multi
799 541 943 596 enim
967 551 1089 597 sunt
1116 544 1329 617 pagani,
1363 547 1453 615 qui
1507 547 1797 602 secundum
1826 562 2013 616 quam-

439 632 562 688 (lam
589 632 712 686 vitae
734 630 894 702 hujus
916 636 1355 690 consuetudinem
1379 636 1630 691 dicuntur
1671 636 1797 691 boni
1842 637 2013 691 homi-

436 740 551 787 nes,
576 723 906 789 innocentes,
937 734 991 780 et
1020 726 1173 797 quasi
1194 728 1541 782 observantes
1569 742 1633 782 ea
1680 743 1799 797 qua:
1821 728 1872 781 in
1897 726 2013 798 lege

434 825 700 887 praecepta
721 825 875 884 sunt;
899 817 1200 874 deferentes
1227 819 1484 875 honorem
1524 818 1836 888 parentibus
1877 819 2009 883 suis,

433 920 539 960 non
567 908 917 974 mmchantes,
944 924 1050 963 non
1075 908 1425 963 homicidium
1472 916 1861 979 perpetrantes,
1906 923 2013 962 non

432 993 637 1050 furtum
684 995 964 1064 facientes,
1010 1013 1115 1053 non
1158 998 1349 1052 falsum
1389 998 1646 1052 adversus
1687 1012 2010 1067 quemquam

433 1087 796 1143 testimonium
816 1086 1187 1159 perhibentes;
1211 1099 1267 1145 et
1284 1097 1499 1153 (uetera,
1516 1104 1635 1158 quae
1656 1089 1708 1142 in
1729 1088 1845 1157 lege
1862 1103 2012 1141 man-

432 1175 558 1230 data
588 1185 732 1243 sunt,
761 1178 907 1233 velut
938 1178 1227 1234 observant
1253 1177 1405 1250 μὴ,
1434 1178 1578 1233 velut
1616 1177 2005 1249 observantes],

433 1276 488 1322 et
512 1266 804 1323 Christiani
826 1285 931 1323 non
956 1280 1081 1325 sunt
1104 1286 1117 1336 ;
1142 1278 1197 1324 et
1224 1270 1535 1340 plerumque
1556 1284 1615 1324 se
1628 1268 1855 1337 jactant,
1877 1285 2011 1340 quo-

431 1361 592 1414 modo
621 1360 707 1413 isti
734 1359 1011 1425 Pharisaei,
1042 1361 1281 1416 dicentes
1311 1378 1324 1412 :
1352 1359 1606 1430 Nunquid
1648 1368 1695 1413 et
1743 1376 1836 1413 nos
1885 1360 2010 1413 circi

429 1451 650 1505 sumus?
676 1471 693 1502 ι
724 1449 829 1507 Sed
859 1454 975 1507 haec
1000 1453 1180 1508 omnia
1226 1453 1457 1508 inaniter
1482 1452 1704 1518 faciunt,
1734 1453 1857 1521 quia
1901 1468 2006 1508 non

430 1540 636 1595 intrant
655 1557 754 1612 per
774 1543 992 1608 ostium,
1019 1543 1114 1598 sed
1165 1543 1397 1609 aliunde,
1440 1543 1645 1599 tumido
1686 1541 1825 1598 fastu
1852 1545 2005 1614 quasi

425 1644 529 1701 per
552 1645 610 1687 se
632 1630 776 1702 ipsos
797 1634 1087 1689 ascendere
1112 1642 1373 1704 quaerunt.
1411 1652 1429 1686 ι
1463 1633 1798 1706 Quapropter
1825 1635 2005 1691 Domi-

429 1733 533 1772 nus
558 1719 959 1776 similitudinem
980 1724 1261 1793 proposuit
1286 1724 1352 1779 de
1368 1738 1531 1795 grege
1556 1740 1670 1787 suo,
1698 1733 1752 1780 et
1776 1726 1841 1780 de
1866 1726 2004 1781 ostio

429 1821 536 1876 quo
557 1807 790 1865 intratur
818 1810 883 1864 ad
909 1810 1065 1865 ovile.
1096 1831 1115 1864 ι
1150 1810 1290 1878 Quid
1331 1813 1474 1867 enim
1502 1815 1723 1882 prodest
1766 1829 1899 1868 vana
1920 1813 2004 1883 ja-

372 1896 688 1951 mctantium
711 1898 775 1953 de
800 1898 939 1955 bene
965 1900 1194 1956 vivendo
1213 1901 1438 1968 inﬂatio,
1462 1903 1589 1957 dum
1613 1904 1680 1958 ad
1700 1903 1863 1959 finem
1882 1920 2004 1974 per-

425 1986 716 2056 petualiter
740 1990 877 2045 bene
897 1992 1124 2046 vivendo
1168 1993 1278 2047 vita
1321 2008 1504 2048 eorum
1552 2008 1656 2048 non
1697 1995 2006 2065 perveniat?

431 2092 451 2125 σ
484 2073 564 2130 Ad
585 2076 689 2131 hoc
710 2078 853 2133 enim
877 2080 1035 2134 debet
1054 2080 1342 2150 unicuique
1361 2083 1619 2152 prodesse
1639 2083 1774 2137 bene
1800 2083 1998 2149 vivere,

424 2172 485 2219 ut
514 2166 673 2221 detur
697 2167 769 2222 illi
800 2184 1014 2239 semper
1058 2171 1195 2226 bene
1242 2172 1454 2237 vivere;
1508 2187 1631 2226 nam
1674 2173 1720 2227 si
1762 2173 1847 2228 cui
1894 2189 2000 2228 non

423 2255 583 2311 datur
607 2273 821 2327 semper
844 2259 981 2315 bene
1005 2261 1207 2326 vivere,
1227 2262 1351 2331 quid
1365 2263 1586 2331 prodest
1603 2263 1650 2318 ei
1666 2264 1800 2318 bene
1820 2265 2001 2321 vivere

421 2345 491 2401 ad
524 2350 768 2418 tempus?
799 2349 969 2420 Igitur
993 2366 1094 2406 nec
1116 2353 1251 2407 tene
1279 2352 1461 2407 vivere
1498 2352 1706 2407 dicendi
1736 2362 1880 2417 sunt,
1908 2355 1999 2423 qui

421 2436 585 2493 tinem
612 2440 748 2495 bene
776 2441 985 2495 vivendi
1017 2441 1096 2496 vel
1121 2443 1363 2498 caacitate
1407 2443 1672 2508 nesciunt,
1720 2442 1805 2497 vel
1848 2443 2000 2498 inﬂa-

420 2528 566 2583 tione
584 2537 951 2584 contemnunt.
984 2529 1098 2586 Non
1123 2538 1206 2585 est
1228 2539 1407 2586 autem
1435 2531 1686 2600 cuiquam
1714 2546 1837 2602 spes
1870 2547 1998 2587 vera

418 2627 475 2673 et
498 2626 647 2673 certa
670 2633 883 2689 semper
903 2620 1134 2686 vivendi,
1159 2621 1260 2676 nisi
1293 2628 1551 2692 agnoscat
1575 2621 1742 2674 vitam
1771 2636 1890 2691 quae
1914 2629 1998 2676 est

416 2709 687 2777 Christus,
712 2721 768 2768 et
786 2728 883 2783 per
898 2711 1121 2782 ianuam
1163 2714 1327 2770 intret
1357 2715 1411 2769 in
1440 2715 1596 2770 ovile.
1629 2734 1649 2767 ι
1676 2713 1813 2769 Sunt
1851 2715 1994 2769 enim

415 2802 635 2870 quidam
659 2803 904 2859 homines
949 2805 1039 2875 qui
1086 2806 1138 2860 in
1165 2805 1277 2861 suis
1316 2806 1612 2877 gloriantur
1645 2806 1903 2869 moribus,
1940 2813 1995 2860 et

414 2890 551 2947 alios
577 2901 701 2962 post
725 2908 782 2948 se
809 2895 1025 2950 trahere
1052 2904 1316 2965 qumrunt,
1366 2912 1472 2951 non
1515 2896 1581 2951 de
1621 2896 1819 2951 Christi
1858 2912 1995 2967 pra:-

414 2981 588 3052 ceptis
614 2982 941 3040 instruentes
978 2998 1104 3039 suos
1128 2993 1440 3050 sectatores,
1465 2985 1558 3040 sed
1601 2986 1714 3040 suis
1736 2985 1992 3055 exemplis

413 3073 595 3130 vivere
617 3089 712 3129 eos
737 3075 1044 3140 suadentes,
1068 3077 1133 3131 de
1152 3076 1346 3146 quibus
1367 3075 1471 3131 alio
1494 3076 1612 3131 loco
1642 3077 1754 3146 ipsa
1777 3077 1989 3132 Veritas
2015 3107 2060 3170 ε

411 3163 491 3220 ait
517 3180 532 3218 :
556 3164 806 3220 Docentes
839 3166 1105 3221 doctrinas
1154 3168 1420 3222 hominum
1456 3166 1667 3239 (Matth.
1713 3184 1802 3232 xv,
1830 3169 1908 3239 9),
1933 3179 1988 3223 et

411 3255 663 3310 mandata
690 3255 785 3311 Dei
809 3265 1232 3313 contemnentes.
1273 3276 1291 3309 ι
1329 3258 1392 3312 Hi
1448 3274 1546 3328 per
1585 3258 1743 3313 aliam
1771 3268 1986 3329 partem

412 3347 705 3402 ascendere
720 3358 987 3417 qumrunt,
1004 3363 1192 3418 rapere
1208 3358 1261 3403 et
1280 3349 1556 3415 occidere;
1582 3366 1683 3404 non
1707 3358 1767 3404 ut
1781 3359 1984 3420 pastor,

410 3436 622 3492 salvare
667 3446 827 3506 atque
876 3452 1213 3492 conservare.
1253 3458 1271 3489 ι
1308 3438 1382 3492 De
1416 3438 1611 3493 talibus
1657 3440 1746 3494 hic
1786 3441 1984 3496 dictum

408 3536 495 3582 est
525 3542 541 3582 :
573 3525 676 3584 Sed
715 3528 949 3591 ascendit
996 3527 1231 3595 aliunde,
1256 3528 1342 3583 ille
1386 3528 1474 3599 fur
1496 3538 1588 3592 est,
1613 3539 1658 3583 et
1684 3531 1838 3584 latro.
1870 3531 1985 3587 Non

409 3616 585 3671 solum
608 3633 738 3673 vero
768 3617 900 3673 tales
925 3618 1271 3673 inveniuntur
1308 3618 1556 3674 doctores
1595 3619 1735 3676 inter
1776 3638 1870 3677 eos
1895 3624 1986 3691 qui

406 3706 526 3763 sine
553 3708 767 3762 nomine
791 3708 990 3762 Christi
1014 3716 1157 3773 sunt,
1188 3709 1325 3763 sicut
1372 3709 1520 3764 multi
1550 3710 1983 3780 philosophorum

407 3797 502 3868 qui
524 3810 677 3852 suam
711 3796 1030 3868 sapientiam
1052 3799 1235 3855 buccis
1260 3802 1603 3871 crepantibus
1632 3802 1980 3869 vcntilabaut,

406 3896 464 3942 et
502 3886 669 3944 vitam
712 3888 927 3943 beatam
979 3887 1135 3961 [suis]
1182 3891 1539 3946 sectatoribus
1586 3893 1979 3961 promiserunt;

406 3993 593 4033 verum
645 3979 807 4034 etiam
848 3978 1062 4050 plurimi
1117 3980 1276 4051 562
1314 3982 1405 4050 qui
1433 3980 1738 4038 Christiano
1770 3985 1985 4039 nomine

404 4068 783 4134 censebantur,
812 4076 867 4125 et
886 4069 1210 4124 illuminatos
1252 4085 1283 4123 a
1330 4069 1545 4125 Christo
1585 4085 1644 4125 se
1673 4086 1791 4126 esse
1812 4072 1984 4140 jacta-

405 4158 555 4221 hant,
584 4157 844 4228 ﬁngentes
866 4158 964 4212 sibi
994 4172 1129 4211 nova
1155 4172 1376 4227 qumque
1404 4160 1620 4214 nomina
1651 4160 1718 4214 de
1744 4159 1980 4226 Christo,

402 4256 458 4301 et
484 4246 606 4302 lidei
633 4247 909 4304 catholicae
938 4247 1231 4311 contraria,
1252 4248 1393 4302 sicut
1436 4248 1851 4305 innumerabiles
1876 4252 1983 4306 hee-

405 4336 560 4391 retici
606 4334 898 4401 faciebant,
954 4337 1281 4391 aestimantes
1328 4351 1386 4392 se
1439 4336 1574 4392 falso
1621 4340 1838 4394 nomine
1886 4357 1983 4410 per

2112 552 2167 597 et
2190 544 2356 599 multa
2384 561 2518 599 vana
2545 547 2810 604 hazresum
2836 549 3207 607 dinumerare?
3235 552 3350 609 Iloc
3380 563 3581 623 tenete;
3623 558 3683 614 in

2113 633 2236 687 ovili
2255 633 2451 689 Christi
2471 634 2765 691 Ecclesiam
2785 638 3104 695 catholicam
3118 654 3257 707 esse,
3272 643 3476 698 credite
3497 642 3683 718 [Ang.,

2113 718 2226 777 Hoc
2252 732 2448 788 tenete,
2470 724 2607 779 ovile
2630 725 2829 782 Christi
2854 742 2975 784 esse
3001 730 3317 786 catholicam
3338 732 3683 809 Ecclesium].

2112 814 2423 886 Quicunque
2446 817 2560 871 vult
2584 818 2787 874 intrare
2810 820 2878 874 ad
2898 820 3055 887 ovile,
3080 837 3178 892 per
3199 825 3394 879 ostium
3418 826 3600 893 intret,
3623 828 3681 884 id

2111 911 2217 967 est,
2238 918 2333 974 per
2353 905 2625 961 Christum
2650 907 2833 971 intret,
2866 917 2921 964 et
2949 910 3221 966 Christum
3263 929 3452 969 verum
3487 916 3679 983 Deum,

2110 1000 2165 1046 et
2187 1008 2373 1047 verum
2410 994 2601 1049 Filium
2634 996 2727 1052 Dei
2753 999 3025 1067 przedicet.
3054 999 3170 1055 Non
3198 1002 3371 1058 solum
3406 1004 3681 1064 Christum

2109 1080 2382 1153 praedicet,
2408 1084 2501 1139 sed
2540 1084 2738 1140 Christi
2777 1088 3000 1158 gloriam
3044 1098 3273 1160 quaerat,
3321 1107 3429 1148 non
3475 1110 3632 1151 suam
3663 1115 3676 1150 :

2110 1186 2234 1224 nam
2284 1173 2438 1226 multi
2477 1175 2763 1243 quaerendo
2804 1177 3027 1246 gloriam
3074 1195 3250 1246 suam,
3305 1197 3435 1238 oves
3477 1184 3682 1242 Christi

2109 1268 2417 1326 sparserunt
2438 1262 2613 1330 potius
2641 1279 2801 1332 quam
2827 1277 3304 1337 congregaverunt.
3333 1270 3563 1329 Humilis
3590 1283 3682 1330 est

2107 1349 2430 1418 enimjanua
2452 1352 2699 1409 Christus
2723 1356 2980 1412 Dominus
3006 1357 3150 1414 Deus
3177 1368 3360 1417 noster
3405 1378 3422 1416 :
3464 1365 3555 1432 qui
3593 1366 3653 1422 in

2109 1450 2332 1512 tratper
2351 1446 2491 1500 hanc
2507 1444 2750 1514 januam,
2793 1457 3006 1517 oportet
3047 1450 3293 1507 humiliet
3318 1469 3399 1517 se,
3442 1464 3503 1508 ut
3544 1471 3681 1511 sano

2107 1532 2280 1601 capite
2298 1534 2466 1601 possit
2490 1534 2710 1590 intrare.
2746 1555 2764 1588 ι
2790 1535 2857 1589 lli
2885 1545 3012 1591 sunt
3036 1539 3130 1606 qui
3159 1553 3345 1594 vocem
3366 1543 3478 1596 veri
3492 1554 3683 1611 pasto-

2107 1621 2183 1675 ris
2210 1622 2536 1687 audiunt;hi
2563 1632 2687 1679 sunt
2731 1641 2867 1694 quos
2909 1627 3153 1696 proprias
3195 1643 3324 1684 oves
3360 1633 3679 1687 nominatim

2105 1726 2265 1767 vems
2310 1722 2493 1781 pastor
2520 1723 2694 1769 vocat.
2724 1715 2799 1769 De
2841 1716 2927 1771 his
2974 1716 3176 1771 dictum
3203 1726 3284 1773 est
3316 1734 3331 1773 :
3359 1717 3591 1776 Gaudete
3625 1734 3679 1776 et

2102 1802 2376 1866 exsultate,
2398 1806 2645 1874 quoniam
2665 1806 2874 1859 nomina
2900 1816 3071 1860 vestra
3086 1809 3280 1877 scripta
3304 1819 3426 1863 sunt
3450 1812 3507 1863 in
3534 1813 3679 1866 ccli:

2105 1891 2256 1965 (Luc.
2283 1909 2336 1957 x,
2364 1893 2475 1965 20).
2522 1893 2658 1949 Hinc
2689 1896 2832 1949 enim
2871 1908 2966 1950 eas
2989 1904 3146 1952 vocat
3172 1899 3507 1954 nominatim.
3542 1919 3562 1950 ι
3608 1901 3680 1955 Et

2102 1985 2221 2054 quis
2243 1998 2335 2040 eas
2359 1984 2496 2040 alius
2516 1984 2734 2052 emittit,
2753 1986 2857 2041 nisi
2876 1988 2968 2055 qui
2989 2002 3174 2043 earum
3192 1998 3412 2059 peccata
3429 1992 3674 2054 dimittit,

2100 2084 2161 2129 ut
2181 2089 2301 2130 eum
2331 2077 2482 2147 sequi
2514 2078 2662 2132 duris
2680 2078 2921 2133 liberata:
2947 2080 3173 2135 vinculis
3199 2082 3530 2151 possint?Et
3550 2084 3677 2151 quis

2100 2181 2192 2221 eas
2217 2168 2510 2236 prmcessit,
2535 2184 2640 2239 quo
2662 2184 2781 2223 eum
2800 2180 3119 2240 sequantur,
3141 2172 3245 2227 nisi
3267 2172 3361 2242 qui
3388 2188 3677 2245 resurgam

2101 2270 2130 2309 a
2162 2255 2388 2310 mortuis
2407 2255 2519 2324 jam
2546 2272 2653 2311 non
2696 2258 2941 2322 moritur,
2986 2267 3042 2313 et
3084 2274 3232 2315 mors
3276 2260 3354 2314 illi
3384 2260 3521 2315 ultra
3563 2278 3677 2316 non

2099 2344 2463 2401 dominabitur
2492 2345 2662 2418 (Rom.
2691 2364 2764 2412 vr,
2798 2347 2891 2419 9)?
2929 2369 2946 2400 ι
2979 2348 3088 2404 Has
3135 2364 3263 2405 vero
3303 2352 3485 2409 educit
3508 2367 3536 2406 a
3567 2352 3677 2407 ﬁde

2098 2435 2166 2489 ad
2194 2436 2449 2504 speciem,
2490 2444 2545 2489 et
2571 2446 2697 2491 ante
2736 2437 2868 2492 istas
2896 2439 3058 2499 vadit,
3085 2440 3207 2509 quia
3251 2441 3401 2509 prior
3431 2441 3674 2496 omnium

2096 2528 2336 2581 ascendit
2366 2528 2419 2581 in
2441 2527 2635 2583 caelum
2664 2546 2677 2582 :
2702 2536 2756 2584 et
2779 2544 2898 2599 quae
2929 2539 3051 2587 sunt
3094 2546 3223 2586 oves
3247 2547 3375 2597 sure,
3408 2533 3554 2588 illum
3579 2549 3671 2590 se-

2095 2624 2352 2685 quuntur,
2384 2618 2509 2686 quia
2533 2618 2711 2672 sciunt
2750 2634 2939 2675 vocem
2983 2620 3244 2678 doctrina:
3288 2622 3441 2691 ejus;
3470 2624 3674 2682 alienos

2094 2722 2221 2760 vero
2246 2707 2491 2762 doctores
2512 2723 2618 2763 non
2636 2717 2953 2778 sequuntur,
2983 2710 3078 2764 sed
3100 2710 3308 2780 fugiunt
3329 2712 3396 2767 ab
3420 2712 3523 2777 eis,
3543 2713 3669 2781 quia

2094 2812 2199 2851 non
2226 2804 2488 2851 noverunt
2519 2811 2726 2863 vocem,
2770 2798 2823 2852 id
2850 2806 2952 2863 est,
3003 2799 3303 2855 doctrinam
3346 2801 3668 2855 alienorum.

2094 2889 2198 2944 Sed
2227 2892 2478 2961 loquente
2502 2893 2729 2949 Domino
2760 2894 2888 2950 Jesu
2918 2912 3023 2951 non
3050 2894 3425 2950 intellexenmt
3448 2899 3539 2965 qui
3574 2911 3671 2950 au-

2092 2977 2325 3033 dierunt.
2356 2981 2714 3037 lncrassatum
2740 2985 2883 3038 enim
2912 2986 3342 3049 habueruntcor,
3364 2995 3416 3040 et
3435 2986 3674 3056 graviter

2093 3070 2396 3124 audierunt.
2419 3090 2437 3121 ‹
2462 3071 2711 3126 Nominat
2732 3072 2950 3138 ostium,
2974 3074 3215 3128 nominat
3239 3073 3397 3138 ovile,
3423 3074 3671 3129 nominat

2089 3173 2253 3213 oves:
2286 3162 2625 3217 commendat
2647 3164 2761 3218 haec
2786 3165 2987 3227 omnia,
3031 3165 3125 3219 sed
3160 3165 3392 3239 nondum
3421 3165 3665 3233 exponit.

2086 3247 2346 3317 Legamus
2393 3262 2542 3320 ergo,
2590 3251 2713 3319 quia
2769 3258 3029 3305 venturus
3077 3258 3163 3306 est
3210 3252 3276 3306 ad
3301 3267 3358 3307 ea
3390 3252 3567 3314 verba,
3604 3252 3660 3304 in

2085 3336 2279 3405 quibus
2305 3337 2460 3393 nobis
2488 3338 2689 3408 aliqua,
2724 3354 2845 3410 qum
2886 3340 3043 3405 dixit,
3070 3339 3317 3411 dignetur
3339 3354 3603 3410 exponere
3640 3355 3658 3393 :

2085 3442 2149 3481 ex
2174 3443 2402 3496 quorum
2427 3430 2764 3498 expositione
2789 3430 2939 3487 dabit
2982 3432 3137 3486 nobis
3186 3430 3413 3486 fortasse
3451 3430 3667 3504 [etiam]

2085 3521 2171 3576 illa
2201 3538 2320 3592 quae
2347 3539 2453 3577 non
2479 3524 2726 3593 exposuit
2754 3524 3071 3593 intelligere.
3101 3523 3281 3579 Pascit
3324 3524 3467 3578 enim
3493 3526 3656 3579 mani-

2082 3614 2255 3678 festis,
2311 3624 2529 3669 exercet
2584 3616 2849 3671 obscuris.
2885 3635 2904 3667 ε
2945 3616 3240 3672 Audiamus
3289 3625 3665 3684 exponentem,

2083 3707 2173 3775 qui
2195 3706 2499 3761 audivimus
2527 3716 2933 3776 proponentem.

2154 3797 2315 3851 Vens.
2359 3795 2663 3849 'l.—Dicit
2706 3812 2826 3867 ergo
2871 3797 2946 3849 eis
2998 3797 3185 3850 iterum
3239 3794 3398 3851 Iesus
3430 3811 3449 3848 :
3480 3796 3660 3859 Amen,

2082 3905 2232 3941 amen
2264 3887 2381 3940 dico
2410 3887 2569 3951 vobis,
2600 3888 2722 3957 quia
2760 3903 2852 3955 ego
2877 3903 2993 3940 sum
3036 3888 3232 3940 ostium
3280 3886 3474 3940 ovium.
3521 3886 3658 3940 Ecce

2081 3979 2255 4048 ipsum
2287 3980 2485 4033 ostium
2515 3979 2656 4047 quod
2701 3978 2940 4032 clausum
2982 3986 3255 4047 posuerat,
3289 3979 3517 4047 aperuit.
3546 3976 3662 4047 Ipse

2080 4076 2164 4123 est
2181 4069 2377 4123 ostium
2399 4087 2411 4120 :
2432 4068 2766 4137 agnovimus,
2786 4069 3068 4134 intremus,
3084 4076 3146 4122 ut
3163 4083 3262 4122 nos
3278 4069 3509 4122 intrasse
3529 4083 3649 4138 gau-

2080 4157 2513 4228 deamus.(Vens.
2527 4157 2605 4229 8.)
2621 4155 2829 4221 Omnes,
2844 4168 3089 4230 quotquot
3104 4167 3371 4223 uenerunt,
3389 4158 3529 4228 [ures
3540 4169 3659 4212 sunt

2080 4256 2127 4299 et
2155 4245 2400 4301 latrones.
2431 4246 2568 4312 Quid
2593 4256 2674 4302 est
2702 4248 2827 4312 hoc,
2879 4247 3120 4308 Domine,
3174 4246 3386 4313 Omnes,
3415 4257 3661 4319 quotquot

2079 4338 2363 4392 uenerunt?
2388 4337 2525 4403 Quid
2553 4338 2717 4402 enim,
2750 4346 2805 4392 tu
2831 4352 2937 4391 non
2965 4338 3192 4392 venisti?
3242 4336 3347 4392 Sed
3375 4339 3611 4408 intellige
3630 4352 3650 4392 :

397 4425 640 4495 januam,
663 4441 782 4495 qua:
812 4422 1057 4481 Christus
1075 4434 1175 4490 est,
1200 4426 1421 4482 intrare.
1459 4446 1477 4478 ι
1514 4426 1777 4485 Sabellius
1803 4431 1932 4486 dicit
1963 4450 1975 4485 ε
2008 4440 2058 4500 ι)
2083 4422 2295 4490 Οιηηεε,
2319 4434 2569 4497 quotquot
2587 4435 2854 4492 venerunt,
2891 4426 3027 4481 dixit
3064 4425 3245 4498 [Διεση
3287 4426 3445 4499 dixi],
3475 4429 3661 4497 utique

404 4516 504 4586 Qui
554 4516 724 4573 Filius
762 4526 864 4580 est.
894 4518 1007 4587 ipse
1034 4526 1118 4572 est
1155 4517 1318 4574 Pater
1357 4533 1371 4571 :
1413 4520 1506 4574 sed
1533 4519 1698 4575 Filius
1723 4520 1902 4592 [Aug.,
1934 4524 1979 4577 si

404 4604 593 4678 Filius]
625 4621 730 4660 non
776 4614 860 4660 est
911 4605 1089 4661 Pater.
1127 4607 1243 4661 Non
1282 4608 1445 4662 intrat
1487 4624 1583 4679 per
1627 4612 1846 4675 ostium,
1889 4613 1980 4680 qui

404 4694 601 4752 Filium
655 4696 783 4752 dicit
830 4695 1066 4752 Patrem.
1119 4695 1351 4753 Arianus
1390 4698 1540 4770 [Ms.,
1585 4698 1767 4772 Arius]
1807 4702 1974 4755 dicit:

405 4786 562 4842 Aliud
588 4796 672 4843 est
692 4786 874 4853 Pater,
898 4788 1041 4844 aliud
1066 4788 1253 4844 Filius.
1280 4791 1445 4845 Recte
1467 4791 1689 4854 diceret,
1711 4791 1756 4844 si
1778 4791 1981 4846 diceret

403 4877 564 4941 alius,
597 4892 703 4931 non
725 4876 889 4932 aliud.
912 4876 1136 4944 Quando
1164 4879 1309 4932 enim
1330 4878 1461 4934 dicit
1488 4878 1652 4941 aliud,
1681 4878 1731 4931 ei
1760 4886 1980 4931 contra-

402 4966 536 5022 dicit
557 4981 586 5019 a
615 4979 722 5037 quo
737 4967 888 5021 audit
910 4985 924 5020 :
951 4965 1063 5036 Ego
1084 4975 1133 5019 et
1158 4963 1320 5019 Pater
1334 4982 1495 5020 unum
1515 4982 1694 5020 sumus
1717 4965 1897 5036 (Joan.
1922 4985 1976 5035 x,

400 5053 514 5127 30).
547 5053 658 5110 Nec
684 5056 796 5126 ipse
822 5070 951 5126 ergo
971 5056 1135 5110 intrat
1153 5071 1250 5125 per
1274 5057 1470 5111 ostium
1503 5073 1516 5109 :
1548 5057 1807 5125 prmdicat
1833 5060 1979 5114 enim

405 5144 679 5201 Christum
704 5145 916 5215 qualem
938 5144 1040 5200 sibi
1065 5145 1236 5215 pingit
1264 5143 1446 5216 [Aug.,
1479 5144 1672 5218 lingit],
1711 5162 1815 5201 non
1841 5164 1976 5219 qua-

400 5236 506 5295 lem
548 5237 752 5293 veritas
804 5238 970 5294 habet
1009 5234 1202 5309 [Aug.,
1253 5235 1426 5309 dicit].
1481 5235 1741 5292 Photinus
1789 5239 1918 5294 dicit
1960 5258 1974 5293 :

404 5328 652 5387 Christus
671 5328 833 5384 homo
861 5337 1071 5384 tantum
1093 5336 1195 5391 est,
1222 5343 1326 5383 non
1350 5328 1508 5384 Deus.
1535 5328 1645 5385 Nec
1674 5330 1787 5400 ipse
1816 5331 1981 5385 intrat

404 5433 503 5490 per
543 5420 761 5484 ostium,
793 5421 919 5490 quia
945 5418 1195 5474 Christus
1242 5427 1297 5473 et
1344 5419 1505 5474 homo
1549 5427 1603 5474 et
1646 5419 1790 5474 Deus
1818 5428 1917 5474 est.
1953 5439 1971 5470 ι

404 5509 543 5565 Huic
570 5510 714 5564 enim
735 5526 869 5566 nova
900 5509 1122 5565 hmresis
1143 5523 1262 5578 qua:
1288 5508 1490 5564 nostris
1511 5507 1841 5577 temporibus
1860 5514 1977 5560 orta

403 5609 511 5664 est,
556 5603 858 5657 consentire
902 5600 1115 5655 videtur
1165 5595 1477 5654 atilrmando
1512 5603 1565 5652 et
1588 5595 1972 5666 prmdicando:

406 5691 675 5757 Christus,
703 5694 839 5748 sicut
860 5690 1085 5761 quilibet
1129 5696 1360 5751 sanctus,
1412 5685 1801 5752 nuncupativus
1838 5684 1976 5736 Deus

2079 4523 2278 4583 prteter
2299 4530 2404 4570 me.
2437 4515 2758 4571 Recolamus
2798 4531 2947 4587 ergo.
2992 4516 3131 4571 Ante
3177 4516 3466 4571 adventum
3493 4517 3663 4588 ipsius

2078 4614 2342 4659 venerunt
2367 4606 2641 4675 propheta:
2670 4624 2683 4659 :
2715 4607 2958 4676 nunquid
2982 4604 3130 4661 fures
3168 4604 3385 4660 fuerunt
3414 4613 3472 4661 et
3494 4607 3662 4661 latro—

2078 4696 2210 4750 nes?
2234 4695 2405 4750 Absit.
2436 4695 2552 4751 Non
2576 4703 2772 4766 praeter
2799 4695 2947 4750 illum
2970 4704 3253 4760 venerunt,
3301 4696 3395 4750 sed
3422 4711 3543 4754 cum
3565 4694 3660 4749 illo

2077 4794 2356 4841 venerunt.
2388 4787 2658 4841 Venturus
2689 4801 2965 4855 praecones
3012 4787 3279 4848 mittebat,
3327 4787 3421 4840 sed
3468 4800 3660 4840 eorum

2078 4878 2239 4932 corda
2259 4891 2394 4946 quos
2421 4878 2662 4942 miserat,
2691 4878 3017 4946 possidebat.
3057 4876 3189 4932 Cum
3217 4876 3309 4930 illo
3336 4892 3466 4946 ergo
3487 4890 3658 4931 vene-

2080 4978 2224 5033 runt,
2248 4970 2371 5037 quia
2398 4983 2519 5023 cum
2545 4969 2709 5022 verbo
2729 4968 2827 5023 Dei
2851 4975 3131 5022 venerunt.
3161 4966 3274 5036 Ego
3299 4982 3436 5030 sum,
3460 4966 3655 5035 inquit,

2076 5058 2181 5123 via,
2218 5059 2409 5113 veritas
2437 5068 2487 5112 et
2513 5060 2619 5113 vita
2645 5058 2827 5130 (Ioan.
2874 5074 2988 5123 xlv,
3016 5057 3092 5127 6).
3140 5058 3256 5127 Ipse
3299 5066 3384 5111 est
3422 5058 3657 5123 veritas;

2077 5164 2197 5204 cum
2220 5149 2309 5204 illo
2330 5157 2609 5214 venerunt,
2630 5150 2753 5218 quia
2777 5164 2997 5204 veraces
3024 5147 3240 5204 fuerunt
3267 5156 3323 5201 et
3369 5149 3663 5203 veritatem

2075 5242 2519 5310 prtedicaverunt.
2550 5241 2821 5309 Quotquot
2867 5248 3045 5295 autem
3093 5247 3293 5309 praeter
3318 5239 3468 5293 illum
3494 5253 3661 5294 vene-

2077 5337 2221 5393 runt,
2250 5328 2397 5384 fures
2427 5329 2644 5383 fuerunt
2683 5337 2736 5383 et
2780 5328 3036 5384 latrones.
3071 5348 3091 5380 ι
3122 5329 3227 5383 Per
3267 5343 3326 5382 se
3360 5336 3655 5394 venerunt,

2077 5419 2202 5487 quia
2226 5434 2322 5486 per
2345 5434 2466 5472 eum
2496 5420 2646 5473 missi
2689 5434 2796 5474 non
2836 5418 3071 5484 fuerunt,
3115 5418 3329 5474 dicente
3354 5419 3613 5489 Apostolo
3631 5434 3652 5472 :

2079 5508 2348 5572 Quomodo
2373 5509 2748 5578 pradicabunt,
2790 5510 2892 5564 nisi
2941 5510 3217 5563 mittantur
3241 5507 3413 5580 (Rom.
3448 5525 3499 5569 ι,
3528 5508 3657 5577 £5)?

2077 5597 2146 5651 Et
2170 5596 2259 5665 qui
2291 5595 2441 5666 [Ms.,
2470 5598 2617 5670 quia]
2642 5613 2738 5668 per
2759 5614 2817 5654 se
2843 5605 3123 5660 venerunt,
3150 5605 3205 5651 et
3223 5612 3328 5651 non
3347 5606 3475 5651 sunt
3496 5597 3563 5650 ab
3580 5609 3654 5651 eo

2076 5684 2246 5746 missi,
2297 5683 2441 5743 fures
2492 5694 2614 5742 sunt
2648 5695 2705 5741 et
2749 5686 3002 5742 latrones.
3051 5683 3182 5739 Nam
3211 5693 3334 5739 ante
3359 5683 3647 5739 adventum
