4000 6190
297 367 405 427 895

1103 357 1508 413 EXEGETICA.
1547 391 1608 399 —
1651 357 2002 416 COMMENT.
2044 355 2110 409 IN
2149 353 2338 410 JOAN.
2376 385 2443 394 —-
2481 353 2609 408 LIB.
2647 352 2712 407 V.

3423 355 3542 412 886'

293 471 496 533 Clu-isti
540 471 659 526 falsi
711 467 925 538 fuerunt
971 469 1025 522 in
1066 468 1258 539 pupulo
1285 467 1381 522 Dei
1404 469 1699 538 prophetas,
1741 468 1861 522 falsi
1893 473 1936 529 Α
1965 465 2150 533 (Vitas.
2173 463 2284 534 lo.)
2315 462 2430 516 Far
2454 481 2558 517 non
2577 466 2732 530 venit,
2777 466 2878 518 nisi
2917 475 2970 518 ut
2997 464 3202 533 furctur
3246 473 3293 518 et
3320 476 3528 526 mactet,

291 570 566 624 doctores.
587 563 736 621 Sicut
759 569 878 632 post
897 561 1183 615 adventum
1201 559 1344 614 illius
1365 561 1463 614 sub
1479 561 1692 616 nomine
1704 560 1865 615 Chri—

295 659 493 724 stiano,
521 654 896 727 quamplurimi
948 651 1067 709 falsi
1109 650 1324 705 fuerunt
1351 651 1618 715 doctores,
1651 667 1750 707 nec
1776 651 1866 706 do-

296 759 494 811 etores,
537 746 632 803 sed
675 745 1012 809 seductores;
1065 759 1168 797 non
1193 742 1590 813 praedicatores,
1629 742 1723 796 sed
1750 743 1865 797 falsi

295 839 676 910 praedicatores
700 833 852 908 [Hs.,
879 834 972 889 sed
999 831 1372 904 praedatores],
1415 830 1693 886 latrocinia
1715 846 1870 885 exer-

294 937 502 993 centes,
550 941 655 980 non
685 939 828 980 same
871 924 1128 980 doctrina:
1175 922 1513 976 inhaerentes.
1566 920 1640 976 De
1677 922 1872 992 quibus

297 1019 503 1074 dictum
532 1024 653 1071 est:
686 1013 856 1069 Fures
881 1022 1001 1068 sunt
1022 1021 1070 1066 et
1095 1012 1342 1076 latrones,
1370 1011 1422 1066 id
1451 1021 1553 1077 est,
1597 1012 1663 1066 ad
1691 1011 1871 1066 furan-

295 1111 428 1166 dum
457 1108 616 1180 563
638 1115 694 1163 et
721 1105 1066 1161 occidendum
1109 1113 1390 1159 venerunt.
1423 1103 1526 1158 Sed
1556 1119 1662 1159 non
1690 1104 1872 1159 audie-

299 1209 432 1254 runt
451 1212 546 1254 eos
566 1197 668 1252 illa:
692 1211 812 1266 quae
833 1210 972 1250 vera:
994 1201 1119 1250 sunt
1130 1209 1279 1258 oves,
1297 1208 1403 1248 non
1431 1194 1530 1249 sub
1554 1193 1690 1263 pelle
1713 1193 1870 1247 ovina

295 1290 542 1359 lupinum
567 1302 663 1342 cor
687 1285 1092 1340 abscondentes.
1117 1285 1282 1354 Igitur
1302 1285 1392 1354 qui
1421 1294 1547 1338 ante
1586 1285 1870 1338 adventum

293 1376 501 1431 Christi
524 1374 972 1443 praedicaverunt,
1001 1372 1192 1426 eodem
1231 1373 1422 1441 spiritu
1448 1372 1874 1443 pradicaverunl

296 1482 407 1535 quo
443 1464 669 1535 apostoli
717 1472 774 1519 et
819 1463 992 1518 sancti
1019 1462 1287 1526 doctores,
1324 1462 1415 1531 qui
1439 1469 1558 1532 post
1585 1462 1871 1515 adventum

290 1554 496 1611 Christi
521 1552 768 1608 veritatis
781 1551 922 1606 viam
940 1552 1138 1607 mundo
1154 1552 1524 1606 ostenderunt.
1555 1569 1574 1603 ι
1602 1550 1876 1620 Quotquot

295 1652 474 1698 autem
523 1641 613 1697 illo
662 1649 904 1711 tempore
948 1641 1292 1696 crediderunt
1331 1642 1416 1696 vel
1463 1640 1754 1706 Abraham,
1790 1641 1874 1696 vel

292 1731 460 1794 lsaac,
508 1730 595 1786 vel
645 1730 831 1796 Iacob,
878 1731 962 1786 vel
1010 1731 1197 1802 Moysi,
1251 1731 1335 1786 vel
1381 1732 1499 1787 aliis
1527 1733 1869 1802 patriarchis,

1965 564 2013 608 et
2033 554 2234 624 perdat.
2276 551 2388 624 Ego
2423 552 2556 616 veni,
2587 563 2644 606 ut
2666 555 2820 608 vitam
2841 553 3081 619 habeant,
3113 565 3160 609 et
3181 554 3531 610 abundantius

1966 643 2206 698 habeant.
2229 643 2452 697 Videtur
2469 643 2612 697 enim
2635 643 2854 709 dixisse,
2881 651 2940 697 ut
2983 644 3148 699 vitam
3187 642 3419 698 habeant
3445 645 3531 697 in-

1968 733 2269 803 gredientes
2306 733 2397 806 [In
2453 734 2586 804 Aug.
2633 734 2758 787 add.
2784 749 2803 787 :
2836 742 2890 788 et
2918 734 3274 788 abundantius
3302 733 3538 788 habeant

1969 823 2324 894 egredientes]
2350 839 2364 876 :
2391 838 2496 877 non
2521 832 2700 877 autem
2729 831 2906 892 potest
2948 824 3176 892 quisque
3196 838 3293 891 per
3313 823 3530 884 ostium,

1971 912 2022 964 id
2053 920 2152 975 est,
2178 925 2274 980 per
2291 911 2562 966 Christum
2585 911 2768 983 egredi
2813 914 2882 967 ad
2920 921 3175 966 :ctemam
3207 913 3391 978 vitam,
3416 927 3534 981 qua:

1970 999 2074 1053 erit
2095 999 2148 1051 in
2171 1000 2374 1068 specie,
2399 1000 2500 1054 nisi
2526 1015 2622 1069 per
2650 1001 2826 1069 ipsum
2877 1002 3096 1065 ostium,
3144 1002 3247 1056 hoc
3295 1011 3396 1066 est,
3441 1019 3536 1072 per

1969 1089 2218 1142 eumdem
2240 1087 2533 1150 Christum,
2582 1090 2635 1141 in
2666 1088 2957 1143 Ecclesiam
2985 1090 3119 1158 ejus,
3150 1105 3268 1157 qum
3293 1101 3376 1145 est
3400 1092 3543 1145 ovile

1970 1179 2104 1248 ejus,
2137 1179 2417 1233 intraverit
2439 1178 2506 1232 ad
2537 1176 2698 1232 vitam
2737 1179 3084 1250 temporalem
3107 1193 3224 1248 qua:
3251 1188 3334 1234 est
3357 1181 3408 1233 in
3437 1181 3539 1235 ﬁde

1972 1265 2107 1336 [Al.,
2131 1266 2181 1318 in
2203 1265 2409 1337 linem].
2433 1266 2559 1321 ideo
2585 1267 2661 1320 ait
2685 1281 2700 1319 :
2735 1265 2846 1336 Ego
2873 1268 3011 1332 veni,
3034 1277 3088 1320 ut
3117 1268 3274 1320 vitam
3299 1267 3536 1328 habeant.

1971 1357 2073 1411 hoc
2099 1365 2199 1421 est,
2234 1356 2390 1411 ﬁdem
2410 1371 2531 1426 quae
2551 1371 2646 1425 per
2669 1357 3006 1412 dilectionem
3033 1365 3286 1428 operatur
3313 1356 3454 1428 (Gal.
3485 1373 3537 1421 ν,

1971 1444 2048 1514 6.),
2074 1459 2170 1513 per
2185 1459 2348 1513 quam
2375 1444 2533 1500 ﬁdem
2572 1445 2625 1499 in
2645 1444 2782 1500 ovile
2807 1447 3195 1516 ingrediuntur,
3237 1456 3296 1500 ut
3337 1447 3540 1510 vivant,

1967 1534 2095 1602 quia
2113 1533 2374 1602 justusea:
2391 1533 2496 1602 ﬁde
2510 1535 2630 1588 vivit
2652 1534 2878 1606 (Hebae.
2903 1553 2964 1601 ιι,
2995 1537 3085 1606 4);
3111 1545 3160 1590 et
3191 1537 3541 1592 abundantius

1969 1624 2212 1688 habeant,
2255 1625 2344 1693 qui
2372 1629 2763 1695 perseverando
2800 1644 2970 1698 usque
2997 1631 3049 1685 in
3078 1631 3257 1694 linem,
3293 1646 3390 1700 per
3413 1631 3539 1686 illud

1972 1713 2192 1776 ostium,
2222 1713 2400 1777 idoest,
2431 1729 2529 1782 per
2564 1714 2723 1770 ﬁdem
2745 1715 2944 1771 Christi
2985 1719 3362 1788 egrediuntur;
3403 1735 3538 1789 quo-

294 1819 521 1889 amsque
562 1821 840 1890 propheﬁs
883 1819 1155 1876 Chrismm
1191 1822 1702 1891 pmmmiamibvs’
1743 1835 1870 1876 oves
1903 1813 1946 1871 Β
1971 1802 2115 1856 niam
2141 1804 2254 1858 veri
2304 1802 2488 1857 ﬁdeles
2515 1805 2836 1872 moriuntur,
2871 1816 2926 1862 et
2970 1809 3328 1864 abundantius
3378 1811 3542 1864 habe-

296 1918 473 1973 erant,
494 1917 550 1963 et
573 1908 845 1964 Christum
873 1909 1160 1964 audierunt
1187 1928 1201 1964 ε
1234 1925 1340 1965 non
1389 1911 1616 1964 alienam
1662 1924 1869 1973 vocem,

293 1997 391 2052 scd
417 1997 584 2067 ipsius
607 1996 813 2052 Christi
865 1997 1173 2052 audierunt.
1227 1997 1362 2052 Nam
1395 1998 1556 2068 judex
1592 1997 1790 2052 clamat
1818 1999 1872 2052 in

294 2105 563 2159 prun-one,
595 2090 718 2145 dum
746 2104 925 2160 prteco
956 2089 1193 2160 judicem
1241 2089 1525 2143 annuntiat
1566 2097 1869 2144 venturum.

295 2177 401 2232 Alii
427 2188 554 2233 sunt
575 2193 703 2250 ergo
723 2193 857 2248 quos
875 2193 981 2233 non
1011 2178 1294 2234 audierunt
1313 2193 1459 2244 oves,
1477 2179 1531 2232 in
1553 2179 1747 2247 quibus
1767 2193 1872 2232 non

291 2281 418 2327 erat
444 2286 547 2324 vox
575 2269 793 2335 Christi,
820 2279 1086 2334 errantes,
1117 2269 1249 2324 falsa
1275 2270 1531 2334 dicentes,
1554 2269 1732 2322 inania
1753 2283 1875 2338 gar-

293 2360 519 2427 rientes,
549 2375 687 2414 vana
728 2359 1005 2432 ﬁngentes,
1047 2360 1274 2414 miseros
1321 2358 1654 2423 seducentes,
1688 2378 1706 2411 ι
1738 2358 1875 2413 sicut

294 2447 794 2518 pseudopmphetaa,
825 2449 966 2503 sicut
1003 2446 1207 2502 Scribae
1229 2456 1283 2500 et
1334 2447 1591 2501 Pharisaei
1621 2446 1874 2514 tempori-

299 2539 404 2592 bus
431 2537 598 2606 ipsius
624 2535 854 2592 Domini.
887 2537 954 2590 lli
985 2545 1107 2591 sunt
1129 2536 1226 2605 qui
1271 2546 1532 2590 venerunt
1577 2551 1674 2605 per
1713 2551 1790 2600 se,
1821 2544 1876 2590 et

296 2642 408 2684 non
431 2635 554 2682 sunt
573 2642 601 2680 a
626 2627 808 2695 judice
837 2626 1006 2680 missi.
1054 2624 1151 2679 His
1173 2638 1303 2678 vero
1330 2640 1452 2680 cum
1478 2624 1738 2679 doctrinis
1765 2624 1875 2678 suis

297 2719 486 2791 procul
503 2718 761 2788 expulsis,
791 2717 1068 2772 videamus
1096 2731 1200 2786 quo
1231 2732 1328 2770 nos
1363 2723 1552 2786 pastor
1585 2717 1757 2771 bonus
1783 2731 1877 2771 vo-

297 2821 412 2870 cat.
441 2813 584 2869 Dicit
610 2814 754 2868 enim
778 2827 796 2866 :
827 2813 1010 2884 (Vens.
1047 2811 1125 2884 9.)
1157 2811 1267 2881 Ego
1284 2828 1401 2866 sum
1427 2812 1615 2865 ostium
1641 2828 1659 2866 :
1681 2829 1773 2882 per
1797 2828 1876 2865 me

299 2908 349 2961 si
374 2907 489 2978 quis
513 2904 790 2968 introierit,
810 2902 1118 2966 salvabitur,
1142 2910 1188 2956 et
1211 2901 1548 2972 ingredietur,
1575 2911 1622 2955 et
1651 2901 1877 2971 egredie-

303 3006 408 3058 tur,
436 3003 485 3048 et
511 3009 707 3064 pascua
736 2993 978 3046 inveniet.
1020 3009 1039 3042 ‹
1073 2990 1141 3044 Et
1179 2990 1279 3044 hoc
1323 2989 1599 3044 evidenter
1645 2986 1879 3043 ostendit

1968 1893 2103 1948 bunt
2129 1894 2316 1957 vitam,
2341 1895 2601 1950 veniendo
2620 1911 2727 1965 quo
2754 1905 2936 1966 pastor
2987 1899 3073 1953 ille
3106 1901 3398 1968 praecessit,
3451 1902 3539 1956 ubi

1971 2000 2244 2053 nunquam
2269 1985 2462 2040 deinde
2486 1987 2805 2042 moriantur.
2836 1987 3088 2054 Quamvis
3115 2004 3244 2062 ergo
3290 2000 3345 2045 ct
3372 1991 3458 2046 hic
3487 1992 3541 2047 in

1973 2080 2086 2148 ipso
2108 2079 2234 2135 ovili
2272 2095 2377 2134 non
2401 2081 2576 2134 desint
2599 2096 2797 2150 pascua
2819 2080 2966 2153 [Ms.,
2991 2083 3246 2156 pascuae],
3289 2083 3543 2156 quoniam

1973 2169 2038 2222 ad
2063 2178 2352 2239 utrumque
2381 2186 2664 2240 possumus
2709 2173 3007 2245 intelligere
3029 2177 3169 2246 quod
3192 2177 3389 2232 dictum
3419 2187 3502 2231 est
3527 2195 3539 2232 :

1972 2255 2039 2311 Et
2055 2274 2248 2328 pascua
2272 2257 2702 2329 [Ms..pascuam,
2730 2270 2782 2318 et
2803 2264 2873 2318 ita
2903 2263 3085 2336 porro]
3107 2264 3348 2328 inveniet,
3366 2263 3416 2320 id
3439 2273 3542 2328 est,

1969 2355 2026 2400 et
2045 2346 2114 2401 ad
2140 2346 2438 2418 ingressum
2459 2358 2512 2403 et.
2539 2349 2608 2406 ad
2634 2366 2907 2422 egressum
2940 2371 2953 2405 :
2988 2362 3164 2412 tamen
3202 2369 3328 2409 vere
3349 2369 3546 2424 pascua

1970 2438 2267 2502 invenient,
2290 2439 2383 2496 ubi
2397 2452 2709 2498 saturentur
2729 2447 2816 2512 qui
2835 2447 3078 2503 esuriunt
3107 2457 3162 2504 et
3189 2448 3375 2502 sitiunt
3390 2448 3548 2518 justir

1974 2528 2102 2581 tiam
2148 2529 2364 2599 (Hatth.
2418 2549 2470 2596 v,
2511 2532 2586 2604 6).
2612 2533 2831 2600 Qualem
2861 2535 3010 2606 [Μεη
3050 2537 3257 2610 Talem]
3292 2554 3545 2606 pascuam

1973 2619 2200 2687 invenit,
2213 2622 2299 2676 cui
2320 2622 2519 2677 dictum
2535 2631 2634 2687 est,
2654 2623 2807 2678 hodie
2831 2641 3028 2679 mecum
3049 2627 3149 2679 eris
3177 2628 3230 2680 in
3250 2628 3496 2696 paradiso
3520 2647 3540 2679 ι

1975 2707 2142 2780 (Luc.
2195 2728 2350 2777 χχιιι,
2381 2712 2516 2784 45).
2577 2713 2831 2782 Sequitur
2875 2715 2941 2769 de
2984 2717 3108 2771 boni
3161 2718 3387 2785 pastoris
3427 2733 3548 2788 per-

1977 2799 2206 2858 fectione
2249 2806 2512 2860 sententia
2562 2805 2789 2869 Domini,
2815 2815 2869 2864 et
2907 2806 2972 2861 dc
2999 2807 3120 2862 mali
3163 2811 3392 2879 pastoris
3424 2808 3513 2883 fug

1975 2905 2137 2960 quem
2167 2894 2558 2952 mercenarium
2587 2897 2846 2950 nominat.
3503 2919 3505 2922 ·

2047 2984 2208 3038 Vens.
2268 2985 2357 3049 Η,
2405 2985 2712 3058 12,—Ego
2761 3007 2874 3043 sum
2909 3001 3088 3060 pastor
3126 2993 3308 3056 bonus,
3348 2995 3544 3064 inquit.

305 3100 410 3138 non
459 3083 631 3139 solum
676 3089 969 3152 pastorem,
1017 3082 1111 3136 sed
1157 3080 1318 3134 etiam
1360 3095 1488 3135 oves
1542 3081 1746 3137 intrare
1783 3098 1880 3152 per
1917 3151 1945 3154 _
1980 3074 2174 3132 Pastor
2193 3076 2358 3134 bonus
2378 3081 2608 3136 animum
2633 3085 3042 3154 suamponitpro
3061 3084 3236 3139 ovibus
3259 3087 3387 3139 suis.
3413 3085 3550 3139 Mer-

303 3173 520 3228 ostium.
578 3151 695 3227 Sed
712 3172 839 3242 quid
883 3180 986 3236 est,
1035 3169 1354 3240 ingredietur
1395 3179 1442 3222 et
1490 3151 1799 3240 egredietur,
1827 3181 1874 3225 et
1901 3151 1948 3214 ο
1977 3167 2223 3221 cenarius
2241 3177 2413 3222 autem
2435 3169 2586 3239 fugit,
2604 3171 2727 3240 quia
2747 3151 3095 3227 mercenarius
3115 3183 3211 3237 est,
3240 3184 3286 3227 et
3312 3189 3412 3228 non
3433 3191 3548 3245 per-

298 3278 499 3332 pascua
541 3261 802 3316 inveniet!
841 3259 1054 3329 ingredi
1095 3257 1290 3328 quippe
1334 3257 1388 3311 in
1442 3258 1734 3313 Ecclesiam
1784 3275 1880 3328 per

302 3353 505 3407 ostium
532 3350 828 3416 Christum,
855 3349 1010 3404 valde
1035 3351 1234 3404 bonum
1261 3356 1343 3402 est
1371 3367 1382 3401 :
1418 3350 1567 3404 exire
1606 3358 1784 3404 autem
1814 3352 1880 3407 de

306 3438 567 3504 Ecclesia,
591 3439 727 3495 sicut
760 3439 835 3492 ait
850 3438 960 3508 ipse
975 3435 1208 3492 Joannes
1231 3437 1556 3507 evangelista
1581 3438 1634 3492 in
1655 3439 1880 3510 epistola

305 3544 406 3584 sua
449 3546 462 3580 :
507 3527 591 3582 Ea:
641 3528 786 3582 nobis
833 3529 1098 3592 exierunt,
1146 3527 1235 3580 sed
1280 3544 1384 3580 non
1428 3536 1573 3582 erant
1624 3544 1688 3581 ea:
1738 3529 1882 3587 nobis

312 3615 364 3688 (1
397 3616 554 3670 Joan.
583 3632 644 3681 ιι,
675 3616 801 3687 20);
831 3632 938 3672 non
969 3625 1051 3671 est
1079 3617 1263 3686 utique
1309 3617 1526 3673 bonum.
1572 3615 1716 3674 Talis
1755 3631 1882 3690 ergo

313 3721 558 3777 egressus
581 3723 684 3762 non
712 3716 894 3778 posset
919 3723 950 3762 a
980 3709 1121 3763 bono
1136 3716 1352 3779 pastore
1394 3707 1621 3774 laudari,
1650 3717 1708 3762 ut
1735 3708 1880 3768 dice—

310 3805 396 3848 ret
421 3813 434 3848 :
465 3795 531 3849 Et
565 3798 882 3867 ingredietur
906 3807 953 3851 et
991 3799 1299 3868 egredietur,
1329 3807 1377 3852 et
1416 3815 1610 3869 pascua
1637 3799 1880 3855 inveniet.

308 3887 408 3942 Est
435 3902 561 3956 ergo
586 3888 778 3958 aliquis
808 3904 912 3942 non
952 3890 1121 3942 solum
1171 3890 1462 3959 ingressus,
1508 3903 1696 3941 verum
1721 3890 1884 3942 etiam

306 3994 564 4049 egressus
587 3980 760 4032 bonus
789 3993 884 4046 per
901 3979 1096 4031 ostium
1118 3980 1340 4042 bonum,
1354 3979 1493 4052 quod
1514 3985 1599 4032 est
1618 3978 1883 4037 Christus.

306 4070 420 4125 Sed
446 4071 569 4140 quis
598 4078 680 4123 est
706 4067 794 4120 ille
823 4067 1102 4121 laudabilis
1127 4078 1182 4123 et
1227 4069 1423 4124 beatus.
1441 4069 1726 4138 egressus?
1752 4067 1884 4127 Pos-

310 4159 414 4215 sim
444 4159 660 4228 quidem
681 4157 861 4212 dicere
883 4158 1085 4228 ingredi
1116 4173 1234 4220 nos,
1281 4159 1494 4227 quando
1540 4160 1766 4214 interius
1793 4160 1888 4214 ali-

311 4247 441 4316 quid
468 4247 764 4315 cogitamus
791 4264 804 4299 :
836 4247 1017 4317 egredi
1063 4255 1269 4311 autem,
1293 4249 1506 4318 quando
1531 4250 1768 4303 exterius
1795 4249 1886 4304 ali-

312 4336 442 4406 quid
473 4351 788 4406 operamur;
818 4345 872 4396 et
914 4339 1198 4407 quoniam,
1217 4340 1356 4395 sicut
1401 4339 1531 4394 dicit
1578 4341 1886 4410 Apostolus,

313 4443 408 4495 per
430 4425 584 4494 ﬁdem
613 4426 810 4482 habitat
837 4425 1080 4485 Christus.
1100 4431 1154 4481 in
1183 4428 1423 4485 cordibus
1454 4432 1644 4486 nostris
1673 4430 1884 4502 (Ephes.

316 4533 400 4578 ιιι,
432 4514 538 4585 l7).
568 4515 771 4586 ingredi
801 4533 895 4587 per
914 4517 1206 4582 Christum,
1232 4526 1376 4573 esset
1396 4521 1686 4577 secundum
1718 4521 1886 4590 ipsam

318 4603 478 4657 fidem
507 4604 772 4673 cogitare;
806 4605 987 4674 egredi
1014 4613 1193 4662 autem
1237 4620 1335 4678 per
1369 4605 1662 4672 Chrismm,
1699 4625 1890 4665 secun-

317 4691 446 4746 dum
476 4693 646 4765 ipsam
670 4693 828 4752 fidem
851 4695 1019 4750 etiam.
1043 4696 1194 4758 foris,
1228 4696 1278 4753 id
1307 4705 1415 4762 est,
1452 4713 1629 4756 coram
1661 4700 1890 4755 homini-

320 4781 420 4837 bus
447 4783 685 4856 operari.
708 4783 859 4840 Unde
884 4793 940 4839 et
963 4785 1014 4844 in
1039 4784 1251 4841 Psalmo
1277 4787 1469 4842 dicitur
1494 4805 1510 4840 :
1546 4788 1696 4845 Exiet
1735 4791 1900 4845 homo.

319 4870 389 4921 ad
418 4885 545 4938 opus
573 4887 726 4930 suum
757 4869 981 4941 (Psalm.
1009 4887 1126 4935 cru,
1155 4871 1274 4943 23)..
1297 4873 1364 4930 Et
1397 4875 1508 4944 ipse.
1533 4874 1789 4932 Dominus
1812 4878 1890 4932 di-

320 4956 394 5011 cit
421 4975 435 5012 :.
464 4957 689 5013 Luceant
714 4976 868 5031 opera
890 4971 1051 5015 vestra
1073 4977 1247 5015 coram
1284 4961 1576 5016 hominibus
1592 4961 1802 5034 (Matth.
1835 4983 1884 5028 ιι,

323 5048 435 5119 16).
458 5047 565 5104 Sed
585 5049 702 5122 plus
729 5066 815 5107 me
839 5051 1069 5108 delectat
1085 5052 1226 5121 quod
1255 5052 1368 5120 ipsa
1400 5052 1614 5108 Veritas
1636 5062 1888 5124 tanquam

323 5143 510 5206 pastor
530 5137 718 5203 bonus,
743 5147 798 5193 et
823 5139 941 5194 ideo
966 5141 1153 5198 doctor
1169 5139 1364 5206 bonus,
1382 5141 1775 5210 quodammodo
1793 5159 1898 5200 nos.

326 5226 600 5283 admmuit
627 5243 644 5283 :
671 5229 960 5287 secundum
1004 5245 1169 5300 quem
1213 5231 1426 5284 modum
1479 5230 1772 5302 intelligere
1799 5231 1892 5288 de-

325 5321 570 5383 beamus,
594 5321 736 5390 quod
760 5321 864 5375 ait:
884 5319 1230 5390 Ingredietur,
1250 5329 1300 5376 et
1324 5320 1613 5390 egredietur
1625 5329 1672 5376 et
1697 5339 1890 5391 pascua

325 5409 568 5465 inveniet.
623 5409 775 5464 Tunc
829 5409 1032 5484 [Aug.,
1081 5409 1247 5482 Cum]
1305 5419 1529 5469 secutus
1570 5409 1812 5480 adjunxit
1875 5430 1886 5464 :

398 5555 426 5612 9
451 5542 528 5612 Ex
553 5541 611 5597 S.
636 5542 805 5612 _Aug.,
837 5550 1000 5612 tract.
1023 5556 1167 5612 nvi,
1192 5557 1340 5612 num.
1371 5543 1424 5612 l_,
1450 5544 1508 5607 Ξ,
1537 5543 1588 5597 4.

343 5603 386 5629 4‘
399 5611 442 5650 δ
455 5611 605 5680 Apud
619 5603 817 5681 Αιιεῖει
839 5611 1086 5681 Loquens
1105 5603 1360 5664 Dominus
1376 5603 1530 5667 Iesus
1549 5612 1735 5666 ovibus
1757 5615 1886 5674 suis.

329 5691 387 5732 et
413 5677 763 5751 presentius
791 5690 845 5736 et
883 5677 1102 5741 futuris,
1151 5693 1268 5747 qua:
1319 5686 1446 5734 tunc
1475 5681 1724 5743 aderant;
1766 5683 1886 5752 quia

1979 3261 2102 3316 tinet
2126 3261 2200 3314 ad.
2223 3277 2339 3315 eum
2362 3262 2426 3316 de
2454 3264 2648 3317 ovibus.
2689 3281 2707 3314 ι
2748 3277 2772 3304 ει
2801 3264 3055 3334 Loquens
3087 3265 3344 3322 Dominus
3395 3264 3550 3320 Jesus

1981 3351 2172 3407 ovibus
2217 3353 2348 3416 suis,
2377 3361 2430 3406 et
2455 3355 2804 3422 praesentibus
2835 3364 2889 3409 et
2917 3355 3129 3418 futuris,
3161 3371 3280 3424 qua:
3309 3364 3434 3412 tunc
3456 3357 3546 3409 8d-

1982 3449 2156 3506 erant,
2180 3443 2271 3510 qui
2288 3452 2443 3498 erant
2469 3443 2620 3516 [Ms.,
2643 3447 2888 3519 aderant]
2906 3448 2997 3500 ibi.
3013 3446 3129 3501 1am
3153 3446 3227 3518 [in
3243 3447 3551 3517 praesentia]

1981 3545 2111 3586 oves
2130 3530 2245 3600 ejus
2271 3543 2446 3598 erant,
2471 3551 2591 3604 qua:
2618 3535 2810 3590 futurae
2835 3547 2985 3590 erant
3009 3553 3138 3592 oves
3165 3536 3280 3605 ejus
3309 3537 3355 3588 ι).
3379 3535 3544 3590 ltem:

1981 3624 2336 3690 praesentibus
2359 3631 2416 3677 et
2442 3623 2657 3687 futuris,
2682 3633 2736 3678 et
2779 3625 2884 3678 illis
2909 3634 2964 3678 et
3010 3611 3183 3690 nodis,
3211 3636 3264 3680 et
3290 3633 3554 3696 quotquot

1984 3709 2145 3785 564
2171 3711 2334 3764 etiam
2383 3719 2505 3779 post
2547 3725 2646 3766 nos
2691 3711 2888 3766 fuerint
2930 3730 3057 3769 oves
3083 3714 3218 3784 ejus,
3253 3715 3550 3788 [suas-jam]

1983 3799 2234 3852 ostendit.
2268 3797 2467 3854 Omnes
2493 3802 3072 3876 ergo--audiant-[Aug.,_
3101 3807 3341 3879 audiunt]
3368 3823 3550 3862 vocem

1984 3887 2214 3954 pastoris
2244 3887 2324 3940 sui
2347 3887 2570 3942 dicentis
2594 3905 2606 3940 :
2635 3887 2747 3959 Ego
2775 3907 2889 3944 sum
2916 3904 3094 3961 pastor
3111 3896 3292 3950 bonus.
3325 3896 3437 3952 Non
3461 3898 3554 3952 ad-

1985 3977 2155 4042 deret,
2179 3979 2360 4044 bonus,
2388 3979 2488 4033 nisi
2511 3989 2690 4034 essent
2712 3990 2955 4050 pastores
2984 3984 3127 4038 mali.
3180 3984 3285 4039 Sed
3311 3999 3555 4056 pastores

1986 4067 2135 4132 mali,
2168 4068 2268 4138 ipsi
2297 4076 2422 4122 sunt
2443 4067 2589 4124 fures
2611 4078 2667 4124 et
2687 4069 2924 4126 latrones
2956 4081 3095 4126 :-aut
3132 4085 3294 4135 certe,
3329 4085 3386 4128 ut
3413 4077 3551 4130 mul-

1988 4165 2133 4223 tum,
2151 4158 2486 4212 mercenarii.
2519 4157 2892 4216 Omn'esenim
2919 4161 3008 4218 hic
3027 4177 3282 4232 personas
3309 4180 3441 4234 quas
3461 4180 3554 4236 po-

1989 4250 2115 4314 suit,
2147 4250 2444 4319 requirere,
2487 4249 2815 4322 distinguere
2843 4260 2896 4308 et
2922 4267 3078 4308 nosse
3111 4254 3385 4310 debemus.
3415 4253 3554 4324 Ape-

1991 4340 2099 4394 ruit
2116 4338 2384 4408 enimjam
2413 4340 2547 4396 duas
2574 4355 2664 4396 res
2700 4341 2974 4407 Dominus,
3007 4358 3142 4413 quas
3165 4345 3554 4413 quodammodo
3617 4340 3622 4344 ’

1991 4427 2199 4483 clausas
2224 4437 2598 4497 proposuerat.
2628 4429 2745 4484 Jam
2797 4432 2996 4487 scimus
3038 4433 3161 4501 quia
3196 4433 3392 4487 ostium
3443 4435 3564 4504 ipse

1971 4524 2092 4582 est,
2120 4518 2321 4573 scimus
2366 4521 2489 4590 quia
2517 4529 2704 4589 pastor
2743 4521 2856 4589 ipse
2881 4528 2982 4576 est.
3024 4522 3190 4578 Fures
3230 4531 3284 4578 et
3324 4523 3556 4578 latrones

1991 4608 2085 4676 qui
2111 4608 2238 4670 sint,
2267 4609 2448 4678 priore
2475 4613 2738 4668 sententia
2763 4613 3089 4683 patefactum
3130 4623 3213 4670 est
3245 4630 3259 4668 :
3289 4632 3429 4672 nunc
3459 4632 3554 4670 au-
3623 4638 3630 4648 ι

1991 4703 2099 4750 tem
2140 4697 2441 4753 audivimus
2480 4701 2894 4767 mercenarium,
2924 4703 3223 4760 audivimus
3270 4714 3324 4760 et
3351 4706 3553 4776 lupum,

1990 4787 2299 4844 nominatus
2325 4797 2410 4843 est
2437 4797 2490 4844 et
2514 4790 2785 4846 ostiarius.
2815 4792 2871 4846 ln
2889 4793 3044 4848 bonis
3067 4808 3194 4866 ergo
3221 4797 3415 4852 ostium
3453 4807 3553 4861 est,

1987 4877 2260 4940 ostiarius,
2283 4887 2470 4948 pastor
2496 4888 2551 4934 et
2572 4895 2734 4936 oves:
2770 4885 2823 4937 in
2851 4883 3021 4950 malis,
3053 4884 3196 4940 fures
3221 4895 3276 4942 et
3299 4889 3553 4949 latrones,

1993 4969 2358 5024 mercenarius
2380 4977 2433 5023 et
2471 4967 2646 5038 lupus.
2695 4967 2903 5027 Ostium
2957 4974 3240 5030 Dominum
3284 4975 3556 5032 Christum

1994 5059 2304 5128 accipimus,
2358 5068 2627 5129 pastorem
2677 5061 2846 5131 ipsum
2868 5081 2891 5128 ;_
2912 5064 3186 5120 ostiarium
3212 5066 3405 5135 quem?
3434 5064 3558 5120 Haec

1993 5149 2136 5204 enim
2162 5150 2265 5204 duo
2290 5150 2402 5218 ipse
2430 5153 2704 5221 exposuit;
2735 5154 3012 5209 osti‘arium
3040 5155 3194 5212 nobis
3212 5157 3554 5226 quaerendum

1996 5238 2228 5306 reliquit.
2263 5239 2328 5294 Et
2357 5241 2484 5307 quid
2513 5242 2590 5294 ait
2616 5242 2683 5296 de
2710 5243 2966 5300 ostiario?
2994 5243 3153 5311 Huic,
3177 5246 3367 5316 inquit,
3390 5249 3552 5301 ostia-

1991 5331 2106 5383 rius
2127 5330 2311 5402 aperit.
2342 5329 2436 5384 Cui
2458 5332 2666 5399 aperit?
2694 5331 2921 5387 Pastori.
2961 5333 3096 5400 Quid
3121 5337 3292 5405 aperit
3316 5337 3554 5406 pastori?

1989 5416 2216 5472 Ostium.
2238 5416 2303 5471 Et
2329 5417 2448 5486 quis
2463 5426 2544 5472 est
2560 5419 2732 5488 ipsum
2757 5421 3112 5492 ostium?lpse
3127 5424 3290 5478 etiam
3312 5433 3514 5494 pastor.
3529 5445 3547 5480 ι

1988 5557 2162 5610 erant,
2186 5549 2274 5602 ubi
2295 5547 2405 5616 jam
2421 5563 2549 5604 oves
2575 5549 2689 5618 ejus
2715 5559 2889 5618 erant,
2916 5570 3034 5623 qua:
3061 5553 3251 5612 futurae
3270 5557 3554 5630 erantejus

1987 5631 2130 5674 οινρε.
