3992 6184
476 322 607 377 887;

1356 321 1424 374 Β.
1455 321 1517 375 F.
1556 320 1785 376 ALBlNl
1821 320 1953 377 SEU
1992 319 2266 375 ALCUNI
2309 320 2587 376 OPEliL'M
2621 321 2798 375 PARS
2839 322 2898 374 ll.

3615 329 3722 386 888

484 437 706 491 Diversa
734 445 860 490 sum
884 433 1126 497 nomina,
1166 442 1369 500 pastor,
1405 430 1669 504 [ostium],
1701 432 1838 495 ovis,
1878 444 2042 484 unum
2074 435 2123 488 Α
2145 428 2278 483 alius
2304 428 2461 497 lupus
2480 429 2571 498 qui
2605 430 2723 485 sine
2744 430 3048 487 cessatione
3077 431 3319 500 quotidie
3342 446 3452 487 non
3472 447 3723 505 corpora,

483 526 684 596 aliquid
714 523 1085 595 signiﬁcantia.
1122 522 1256 577 Nam
1279 522 1446 591 ipsius
1470 521 1682 577 Domini
1713 519 1876 574 verba
1899 518 2060 588 paulo

484 626 610 670 ante
638 613 939 668 audivius
967 627 983 666 :
1015 612 1129 682 Ego
1156 628 1272 666 um
1301 613 1525 676 ostium;
1553 618 1610 665 et
1661 610 1751 665 hic
1797 609 1957 665 modo
1984 609 2061 664 le-

483 713 631 758 ctum
657 711 740 756 est
766 703 922 758 nobis
945 716 960 755 :
993 701 1107 771 Ego
1128 718 1244 755 sum
1264 711 1459 770 pastor.
1481 700 1583 767 Qui
1610 699 1775 754 etiam
1798 700 1867 753 ab
1887 698 2060 752 amics)

485 792 666 860 sponsi
684 792 867 861 Agnus
886 792 1217 856 nominatur,
1238 792 1378 846 sicut
1402 791 1458 844 in
1487 792 1593 845 hoc
1614 789 1864 858 praesenti
1886 788 2061 843 Evan-

481 883 622 953 gelic
645 862 983 938 audivimus:
1016 883 1154 936 Ecce
1186 884 1365 952 Agnus
1399 881 1517 945 Dei,
1539 897 1653 934 ecce
1676 880 1763 950 qui
1789 878 1922 934 tollit
1944 896 2061 948 pec-

481 984 603 1030 cata
648 974 829 1027 mundi
878 973 1059 1045 (Joan.
1093 990 1132 1037 ι,
1175 973 1287 1044 29).
1339 972 1416 1025 De
1443 987 1550 1040 quo
1577 970 1744 1025 multo
1774 979 1896 1024 ante
1924 970 2058 1024 Pro—

481 1065 642 1133 pheta
666 1064 920 1132 praedixit
945 1081 958 1115 :
989 1062 1259 1132 Tanquam
1283 1063 1391 1116 ovis
1420 1061 1489 1116 ad
1532 1062 1840 1114 occisionem
1874 1060 2058 1115 ductus

480 1162 557 1207 est
600 1154 752 1224 (Isai.
784 1169 898 1213 mu.
922 1154 976 1218 7)
1013 1172 1026 1206 :
1050 1153 1294 1221 quamvis
1317 1160 1488 1206 totum
1519 1165 1715 1219 corpus
1733 1165 1908 1213 suum,
1930 1164 2059 1205 oves

484 1243 628 1297 illius
658 1242 1037 1313 intelligantur.
1088 1243 1271 1300 Potest
1298 1250 1353 1297 et
1389 1243 1480 1296 ille
1519 1242 1776 1296 ostiarius
1812 1240 2055 1311 intelligi,

485 1337 609 1406 quia
639 1351 796 1390 nemo
824 1337 1122 1405 ingreditur
1140 1335 1225 1391 vel
1235 1335 1523 1404 egreditur,
1548 1335 1650 1389 nisi
1679 1348 1745 1388 eo
1764 1333 2054 1403 aperiente,

483 1425 576 1493 qui
606 1424 768 1480 habet
792 1425 1000 1481 clavem
1024 1426 1209 1488 David,
1242 1425 1333 1494 qui
1359 1425 1551 1494 aperit,
1575 1432 1631 1477 et
1648 1437 1807 1478 nemo
1829 1423 2055 1488 claudit;

484 1515 708 1580 claudit,
760 1523 817 1570 et
858 1530 1019 1569 nemo
1063 1516 1238 1586 aperit
1285 1513 1466 1587 (Apoc.
1495 1530 1578 1579 ιιι,
1609 1514 1684 1586 7).
1718 1531 1735 1565 ι
1773 1513 1889 1568 Νοιι
1932 1528 2061 1582 ergo

485 1607 665 1678 pigeat
684 1622 783 1662 nos
807 1607 1100 1664 secundum
1129 1608 1411 1676 quamdam
1439 1605 1864 1669 similitudinem,
1887 1605 2060 1674 ipsum

482 1698 761 1753 ostiarium
791 1699 1055 1769 accipere,
1088 1711 1248 1768 quem
1275 1707 1332 1752 et
1364 1699 1582 1752 ostium.
1613 1696 1744 1763 Quis
1789 1706 1873 1751 est
1895 1697 2060 1751 ostia-

485 1789 617 1855 rius,
637 1789 739 1844 nisi
756 1791 847 1859 qui
877 1790 1083 1860 aperit?
1109 1788 1241 1856 Quis
1265 1790 1454 1859 aperit,
1484 1789 1589 1843 nisi
1617 1790 1711 1859 qui
1731 1802 1790 1844 se
1810 1789 2061 1858 exponit?

483 1880 695 1935 dicente
724 1880 900 1949 seipse
930 1881 995 1934 de
1020 1880 1198 1949 seipso
1222 1894 1237 1933 :
1268 1878 1382 1948 Ego
1407 1894 1522 1933 sum
1554 1880 1660 1944 via,
1690 1888 1739 1932 et
1779 1879 1988 1942 veritas,
2015 1890 2065 1934 et

480 1970 608 2024 vita.
640 1967 699 2024 Si
726 1968 865 2024 forte
896 1968 991 2023 tibi
1012 1970 1262 2025 voluntas
1281 1978 1365 2023 est
1405 1969 1565 2024 aliam
1609 1984 1851 2039 quaerere
1879 1982 2064 2039 perso—

481 2075 608 2116 nam
633 2060 861 2127 ostiarii,
891 2060 1126 2130 Spiritus
1152 2069 1372 2115 sanctus
1390 2068 1493 2125 est,
1523 2060 1589 2115 de
1615 2074 1721 2129 quo
1740 2060 1857 2130 ipse
1881 2058 2063 2114 Domi-

483 2167 587 2207 nus
614 2150 891 2220 discipulis
914 2151 1029 2206 suis
1056 2151 1132 2204 ait
1164 2168 1178 2205 :
1211 2150 1330 2220 Ipse
1358 2166 1445 2204 uos
1471 2150 1673 2204 docebit
1707 2165 1910 2203 omnem
1930 2151 2062 2203 veri-

480 2250 642 2295 tatem
688 2239 869 2312 (Joan.
923 2255 1036 2306 xvi,
1083 2241 1192 2310 l3).
1242 2239 1449 2295 Ostium
1493 2240 1623 2309 quid
1647 2240 1762 2294 est?
1790 2237 2057 2294 Christus.

478 2327 732 2386 Christus
777 2329 906 2398 quid
947 2330 1064 2384 est?
1092 2329 1324 2384 Veritas.
1355 2328 1485 2394 Quis
1513 2329 1684 2399 aperit
1713 2329 1929 2393 ostium,
1957 2329 2059 2384 nisi

485 2420 580 2490 qui
610 2420 769 2474 docet
807 2433 1020 2474 omnem
1068 2419 1386 2474 veritatem?
1417 2439 1435 2470 ι
1471 2418 1604 2473 Dum
1648 2420 1907 2474 Dominus
1934 2419 2058 2473 boni

486 2508 720 2577 pastoris
746 2523 881 2577 opus
906 2507 1191 2564 ostendere
1212 2508 1399 2573 voluit,
1444 2508 1677 2578 seipsum
1704 2509 1983 2579 proposuit
2003 2508 2057 2562 in

478 2596 726 2664 exemplo
744 2596 929 2651 dicens
959 2612 973 2649 :
1003 2594 1182 2650 Bonus
1201 2606 1381 2667 pastor
1392 2598 1622 2651 animum
1647 2613 1797 2651 suam
1811 2600 1951 2667 ponit
1964 2616 2057 2671 pro

480 2687 658 2741 ovibus
680 2689 808 2742 suis.
841 2688 993 2747 Fecit
1015 2689 1159 2760 quod
1185 2689 1409 2752 monuit,
1438 2689 1672 2743 ostendit
1691 2690 1833 2758 quod
1854 2690 2052 2759 jussit:

480 2778 718 2832 animam
748 2794 902 2834 suam
928 2782 1107 2850 posuit
1126 2795 1225 2850 pro
1244 2780 1433 2834 ovibus
1453 2780 1583 2833 suis.
1615 2778 1841 2834 Osteusa
1861 2788 1946 2834 est
1962 2795 2056 2835 no-

480 2864 569 2919 bis
587 2864 652 2919 de
679 2877 986 2939 contemptu
1009 2871 1203 2924 mortis
1225 2870 1313 2923 via
1351 2884 1514 2938 quam
1555 2883 1863 2937 sequamur,
1893 2884 2053 2939 appo-

483 2953 590 3009 sita
609 2953 780 3009 forma
806 2957 893 3013 cui
913 2957 1300 3026 imprimamur.
1352 2957 1590 3012 Primum
1620 2958 1774 3013 nobis
1800 2966 1884 3012 est
1905 2966 2055 3012 este.

480 3044 629 3103 riora
666 3054 848 3101 nostra
905 3046 1324 3102 misericorditer
1350 3049 1539 3103 ovibus
1563 3048 1680 3117 ejus
1707 3048 2044 3119 impendere;

477 3144 810 3205 postremum
835 3152 984 3202 vero,
1030 3138 1075 3192 si
1115 3152 1331 3193 necesse
1359 3138 1450 3202 sit,
1492 3138 1656 3195 etiam
1693 3146 1922 3194 mortem
1950 3154 2049 3193 uo-

480 3232 648 3279 stram
675 3239 775 3294 pro
792 3227 995 3283 eisdem
1021 3228 1210 3284 ovibus
1237 3228 1562 3285 ministrare.
1592 3227 1693 3294 Qui
1715 3244 1822 3285 non
1844 3229 1935 3283 dat
1954 3244 2052 3297 pro

476 3310 670 3368 ovibus
693 3315 1043 3370 substantiam
1066 3329 1241 3380 suam,
1269 3316 1481 3384 quando
1502 3330 1601 3383 pro
1619 3316 1698 3370 eis
1721 3317 1948 3372 daturus
1969 3326 2052 3372 est

479 3403 715 3458 animam
739 3405 928 3458 suam?
957 3404 1334 3473 Exposuimus,
1363 3405 1448 3459 vel
1491 3406 1683 3473 magis,
1708 3407 1934 3461 Domino
1958 3407 2053 3462 do-

477 3499 657 3556 cente,
676 3491 1056 3557 intelleximus,
1082 3491 1205 3562 quis
1225 3491 1294 3546 sit
1320 3499 1526 3562 pastor,
1553 3493 1672 3562 quis
1691 3494 1911 3559 ostium,
1931 3494 2051 3562 quis

479 3580 756 3646 ostiarius,
776 3581 1080 3651 quifetiam
1105 3589 1161 3635 et
1184 3581 1301 3636 ovis
1325 3599 1337 3633 :
1370 3596 1469 3636 nec
1496 3596 1605 3636 non
1637 3576 1730 3652 qui
1771 3582 1881 3637 sint
1904 3581 2051 3638 fures

473 3677 534 3722 et
556 3669 790 3725 latrones
814 3670 1178 3740 cognovimus.
1202 3668 1309 3725 Sed
1353 3670 1513 3725 modo
1539 3669 1611 3727 de‘
1638 3671 1971 3727 mercenario
1995 3680 2050 3726 et

481 3756 610 3823 lupo
636 3758 1051 3820 consideremus,
1083 3758 1149 3811 de
1185 3759 1380 3827 quibus
1429 3760 1544 3828 ipse
1580 3760 1839 3817 Dominus
1866 3761 2003 3817 dixit
2030 3781 2042 3815 :

488 3841 843 3901 Mercenarius
870 3855 1064 3911 autem,
1093 3855 1141 3900 et
1172 3850 1263 3912 qui
1301 3865 1407 3903 non
1441 3859 1515 3903 est
1543 3860 1742 3918 pastor,
1763 3866 1916 3922 cujus
1945 3868 2047 3906 non

479 3940 603 3988 sunt
623 3947 740 3988 oves
766 3936 1015 4006 propria,
1049 3936 1183 3992 uidet
1208 3938 1389 4009 lupum
1423 3941 1729 4007 venientem,
1759 3950 1809 3996 et
1834 3942 2047 3998 dimittit

477 4035 618 4085 oves,
646 4029 695 4075 et
740 4021 894 4093 fugit.
933 4042 953 4074 ι
981 4036 1007 4065 α
1035 4025 1151 4081 Non
1191 4036 1396 4097 pastor,
1429 4029 1524 4084 sed
1559 4031 1928 4088 mercenarius
1948 4048 2045 4088 vo-

482 4117 658 4175 catur,
686 4111 778 4179 qui
806 4127 914 4168 non
938 4128 1037 4182 pro
1078 4130 1262 4170 amore
1311 4116 1499 4173 intimo
1548 4133 1677 4174 oves
1718 4120 2041 4185 Dominicas,

448 4200 572 4263 sed
625 4200 694 4254 ad
737 4202 1063 4270 temporales
1113 4204 1387 4260 mercedes
1432 4206 1624 4275 pascit.
1683 4208 2047 4265 Mercenarius

378 4309 385 4315 ο
476 4285 673 4356 quippe
716 4296 799 4343 est
844 4289 937 4360 qui
979 4289 1155 4344 locum
1194 4290 1453 4365 [quidem]
1478 4296 1708 4364 pastoris
1747 4303 1915 4363 tenet,
1951 4299 2042 4353 sed

2120 582 2127 587 λ
2162 518 2254 573 sed
2286 528 2493 573 mentes
2519 518 2760 586 dilaniat,
2788 519 3054 589 malignus
3099 518 3347 575 videlicet
3370 522 3610 592 spiritus,
3637 528 3729 596 qui

2158 607 2340 665 caulas
2362 607 2596 662 ﬁdelium
2626 609 2886 666 insidians
2905 610 3178 677 circumit,
3205 620 3260 667 et
3286 621 3492 670 mortes
3522 616 3727 672 anima-

2161 712 2282 750 rum
2322 697 2536 765 quaerit.
2587 696 2665 752 De
2708 713 2815 768 quo
2843 698 2966 769 lupo
2992 715 3114 754 mox
3159 701 3449 756 subditur:
3484 701 3552 756 Et
3578 702 3731 773 lupus

2160 786 2316 856 rapit,
2345 796 2396 840 et
2430 787 2677 859 dispergit
2724 806 2861 845 oves.
2890 790 3049 862 567
3076 791 3259 862 Lupus
3280 795 3428 849 venit
3454 803 3508 849 et
3530 811 3735 851 merce-

2159 876 2345 931 narius
2367 875 2531 947 fugit;
2557 878 2680 947 quia
2702 880 2969 951 malignus
3002 882 3223 948 spiritus
3247 893 3459 940 mentes
3494 885 3728 943 ﬁdelium

2160 964 2217 1018 in
2246 966 2543 1020 tentatioue
2563 967 2805 1034 dilaniat,
2840 977 2897 1023 et
2920 970 2967 1024 is
2991 971 3083 1040 qui
3107 971 3282 1027 locum
3304 976 3537 1043 pastoris
3565 984 3731 1041 tenet,

2160 1068 2347 1109 curam
2373 1054 2749 1110 sollicitudinis
2775 1072 2880 1112 non
2929 1058 3108 1113 habet.
3156 1060 3366 1119 Anima:
3402 1074 3649 1132 pereunt,
3679 1076 3733 1121 et

2160 1141 2273 1210 ipse
2297 1141 2362 1197 de
2392 1144 2621 1199 terrenis
2661 1147 2956 1202 commodis
2994 1148 3224 1205 laetatur.
3274 1151 3457 1222 Lupus
3502 1154 3644 1225 rapit
3683 1166 3737 1213 et

2158 1233 2419 1306 dispergit
2442 1251 2591 1303 oves,
2632 1253 2753 1292 cum
2802 1239 2966 1293 alium
3010 1241 3078 1297 ad
3130 1242 3398 1300 luxuriam
3446 1249 3735 1317 pertrahit,

2159 1322 2323 1377 alium
2369 1325 2424 1379 in
2472 1327 2757 1382 avaritiam
2807 1331 3070 1399 accendit,
3115 1333 3282 1388 alium
3330 1335 3385 1390 in
3428 1341 3737 1407 superbiam

2158 1408 2339 1479 erigit,
2383 1411 2543 1467 alium
2573 1430 2670 1485 per
2706 1416 3045 1472 iracundiam,
3085 1420 3293 1488 dividit,
3349 1424 3491 1482 hunc
3534 1428 3734 1486 invidia

2158 1500 2420 1566 stimulat,
2464 1502 2612 1558 illum
2664 1505 2718 1559 in
2764 1504 2973 1562 fallacia
3024 1510 3352 1579 supplantat.
3394 1514 3561 1583 Quasi
3610 1535 3740 1589 ergo

2157 1603 2373 1676 gregem
2400 1591 2556 1662 lupus
2583 1594 2832 1666 dissipat,
2876 1613 2998 1655 cum
3024 1598 3236 1657 ﬁdelem
3264 1608 3522 1676 populum
3548 1610 3737 1668 diabo.

2161 1672 2247 1732 lus
2270 1693 2368 1750 per
2391 1683 2713 1740 tentationes
2733 1695 2909 1743 necat.
2938 1687 3044 1743 Sed
3079 1672 3285 1746 contra
3308 1672 3422 1769 haec
3463 1712 3738 1767 mercena-

2091 1753 2137 1815 Β
2167 1769 2281 1826 rius
2307 1772 2452 1827 nullo
2479 1774 2595 1829 zelo
2620 1776 2955 1844 accenditur,
2995 1780 3140 1835 nullo
3184 1766 3395 1842 fervore

2165 1859 2464 1928 excitatur;
2492 1863 2616 1932 quia
2644 1864 2771 1919 dum
2798 1865 2910 1921 sola
2951 1870 3223 1927 exteriora
3251 1876 3532 1932 commoda
3560 1881 3738 1950 requi—

2163 1949 2255 2015 rit,
2278 1951 2538 2007 interiora
2562 1954 2740 2027 gregis
2765 1954 2961 2012 damna
2984 1960 3315 2033 negligenter
3338 1967 3562 2035 patitur.
3590 1949 3739 2028 Unde

2162 2048 2218 2094 et
2241 2055 2367 2095 mox
2396 2040 2703 2114 adjungitur
2734 2064 2746 2098 :
2782 2045 2964 2117 (Vens.
3000 2050 3111 2122 13.)
3167 2053 3525 2112 Mercenarius
3563 2070 3737 2114 autem

2161 2129 2319 2199 fugit,
2340 2131 2463 2201 quia
2489 2135 2838 2191 mercenarius
2857 2147 2957 2205 est,
2980 2149 3030 2194 et
3056 2158 3161 2196 non
3196 2145 3415 2214 pertinet
3439 2147 3509 2202 ad
3535 2165 3655 2203 cum
3675 2151 3738 2205 de

2161 2221 2362 2277 ovibus.
2390 2221 2515 2278 Sola
2544 2239 2672 2297 ergo
2697 2241 2859 2283 causa
2910 2239 2995 2285 est
3029 2240 3090 2285 ut
3130 2237 3500 2293 mercenarius
3547 2238 3739 2310 fugiat,

2159 2310 2285 2379 quia
2308 2313 2672 2369 mercenarius
2698 2323 2801 2372 est.
2824 2315 2905 2373 Ac
2941 2319 2988 2374 si
3016 2329 3203 2392 aperte
3235 2324 3506 2381 diceretur
3533 2346 3546 2380 :
3582 2326 3741 2384 Stare

2159 2400 2213 2455 in
2239 2400 2478 2471 periculo
2498 2402 2678 2458 ovium
2705 2420 2811 2460 non
2837 2416 3035 2477 potest,
3078 2410 3171 2479 qui
3198 2410 3251 2466 in
3278 2427 3344 2467 eo
3371 2413 3517 2483 quod
3544 2418 3740 2475 ovibus

2158 2496 2376 2562 praeest,
2399 2507 2505 2547 non
2536 2507 2666 2548 oves
2694 2494 2885 2564 diligit,
2916 2497 3011 2552 sed
3050 2497 3260 2554 lucrum
3289 2509 3564 2559 terrenum
3590 2521 3737 2575 quaa-

2156 2577 2247 2630 rit.
2295 2578 2429 2633 Dum
2457 2580 2601 2635 enim
2623 2582 2882 2639 honorem
2913 2585 3272 2659 amplectitur,
3309 2590 3433 2645 dum
3462 2601 3735 2663 tempora-

2156 2667 2295 2722 libus
2317 2670 2613 2726 commodis
2647 2669 2877 2739 laetatur,
2910 2687 3180 2744 opponere
3207 2690 3265 2732 se
3289 2689 3477 2735 contra
3518 2684 3733 2752 pericu-

2156 2754 2264 2841 lum
2293 2756 2545 2824 trepidat,
2580 2774 2647 2813 ne
2676 2758 2778 2813 hoc
2802 2762 2946 2829 quod
2989 2762 3185 2834 diligit,
3212 2767 3445 2822 amittat.
3473 2769 3581 2826 Sed
3608 2773 3735 2841 quia

2155 2840 2479 2912 Redemptor
2504 2855 2687 2899 noster
2712 2846 2896 2918 culpas
2943 2846 3051 2905 ficti
3080 2854 3312 2922 pastoris
3352 2855 3606 2925 innotuit,
3630 2840 3732 2916 ite.

2154 2946 2271 2984 rum
2295 2931 2522 2988 formam
2544 2935 2627 2989 cui
2650 2935 2941 2992 debeamus
2968 2939 3224 3010 imprimi,
3250 2946 3487 3001 ostendit
3508 2949 3728 3007 dicens:

2154 3020 2339 3091 (Vens.
2369 3022 2479 3093 l4.)
2508 3023 2619 3095 Ego
2641 3042 2755 3079 sum
2779 3036 2960 3096 pastor
2986 3029 3148 3084 bonus
3168 3047 3186 3084 :
3231 3041 3390 3102 atque
3416 3036 3688 3110 subjungit
3714 3059 3729 3095 :

2156 3106 2224 3159 Et
2261 3126 2511 3180 cognosco
2540 3129 2703 3178 meas,
2740 3114 2842 3169 hoc
2867 3124 2970 3172 est.
3002 3117 3187 3190 diligo,
3217 3133 3264 3174 et
3305 3106 3731 3193 cognoscunt'mc

2152 3213 2299 3250 mete.
2346 3200 2426 3253 Ac
2454 3200 2498 3254 si
2523 3210 2773 3269 patenter
2811 3204 2996 3260 dicat:
3029 3206 3317 3279 Diligentes
3338 3212 3724 3281 obsequuntur.

2156 3303 2173 3336 ι
2206 3285 2357 3341 Unde
2401 3303 2525 3343 mox
2550 3291 2864 3361 subjunxit:
2903 3292 3085 3364 (Vens.
3133 3295 3241 3370 l5.)
3279 3296 3420 3352 Sicut
3458 3300 3598 3353 novit
3636 3318 3729 3356 me

2154 3373 2332 3443 Pater,
2362 3387 2410 3432 et
2433 3395 2524 3448 ego
2542 3396 2794 3450 cognosco
2816 3381 3053 3449 Patrem,
3077 3396 3124 3439 et
3148 3388 3378 3442 animum
3402 3406 3568 3443 meam
3588 3408 3727 3459 pono

2147 3479 2240 3532 pro
2261 3466 2441 3519 ovibus
2473 3468 2619 3521 meis.
2644 3468 2723 3523 Ac
2744 3470 2788 3524 si
2814 3479 3061 3539 patenter
3086 3474 3228 3528 dicat
3255 3493 3268 3528 :
3302 3475 3359 3529 In
3389 3476 3491 3534 hoc
3512 3488 3727 3534 constat

2150 3554 2275 3622 quia
2300 3565 2355 3610 et
2379 3571 2644 3626 cognosco
2669 3558 2882 3614 Patrem
2909 3568 2963 3614 et
2993 3576 3288 3632 cognoscor
3310 3581 3338 3619 a
3367 3552 3551 3631 Patre,
3593 3569 3719 3637 quia

2151 3644 2383 3699 animam
2412 3661 2583 3701 meam
2610 3662 2751 3717 pono
2777 3664 2877 3718 pro
2904 3650 3095 3706 ovibus
3116 3653 3279 3719 meis;
3309 3652 3363 3710 id
3387 3664 3493 3722 est,
3512 3671 3577 3709 ea
3597 3658 3725 3710 cha-

2151 3737 2307 3792 ritate
2330 3752 2434 3809 qua
2457 3752 2555 3806 pro
2582 3740 2772 3794 ovibus
2817 3742 3035 3808 morior,
3062 3755 3320 3812 quantum
3361 3746 3578 3802 Patrem
3604 3748 3724 3801 dili-

2148 3845 2269 3902 gam
2311 3830 2552 3884 ostendo.
2598 3830 2731 3896 Quia
2772 3846 2902 3886 vero
2942 3849 3049 3888 non
3096 3835 3268 3890 solum
3309 3836 3570 3904 Judzeam,
3617 3840 3713 3894 sed

2148 3918 2308 3972 etiam
2324 3917 2675 3988 gentilitatem
2697 3919 2959 3975 redimere
2979 3931 3220 3991 venerat,
3236 3923 3478 3998 adjnngit
3497 3945 3511 3980 :
3530 3928 3715 3999 (\‘Eas.

2148 4009 2258 4081 16.)
2290 4009 2361 4062 Et
2390 4009 2524 4064 alias
2554 4028 2670 4065 oves
2709 4012 2894 4077 habeo,
2928 4031 3044 4085 qua:
3078 4032 3180 4071 non
3202 4029 3322 4072 sunt
3350 4036 3415 4073 ea:
3456 4020 3555 4075 hoc
3582 4020 3722 4086 erili,

2145 4112 2194 4155 et
2213 4099 2331 4155 illas
2360 4110 2556 4172 oportet
2580 4118 2662 4155 me
2699 4102 2981 4169 adducere,
3009 4115 3057 4159 et
3080 4123 3247 4161 vocem
3278 4125 3445 4163 meam
3481 4113 3717 4176 audient,

2145 4197 2194 4242 et
2223 4189 2313 4257 ﬁet
2340 4206 2499 4243 unum
2526 4188 2657 4243 ovile
2687 4198 2736 4243 et
2758 4207 2892 4245 unus
2925 4202 3125 4262 pastor.
3162 4194 3599 4267 Redemptionem
3623 4214 3721 4254 no-

2146 4286 2313 4333 stram
2339 4279 2431 4349 qui
2459 4293 2521 4332 ex
2548 4279 2731 4351 gentili
2759 4282 2956 4351 populo
2972 4284 3214 4340 venimus
3229 4284 3489 4341 Dominus
3505 4303 3724 4357 aspexe-

477 4373 626 4429 lucra
669 4376 969 4432 animarum
1021 4393 1130 4437 non
1172 4381 1365 4450 quierit
1407 4399 1427 4455 ,ε
1471 4383 1705 4437 terrenis
1749 4387 2044 4443 commodis
2071 4418 2126 4477 Β
2147 4375 2251 4477 ἷξες
2280 4369 3166 4477 ⁸22δθέξξίξίξξῖθξῗξίξξίᾷθδ,θνθε
3197 4374 3426 4477 δίθθδίξξς
3453 4374 3566 4477 ηθθ
3590 4391 3722 4477 qu?

478 4464 670 4530 inhiat,
700 4466 901 4522 honore
923 4467 1252 4536 prmlationis
1294 4472 1508 4539 gaudet,
1554 4473 1941 4543 temporalibus
1961 4475 2041 4530 lu—

473 4551 585 4606 cris
603 4553 861 4620 pascitur,
892 4555 1131 4624 impensa
1158 4557 1257 4612 sibi
1287 4558 1354 4612 ab
1389 4559 1694 4615 hominibus
1742 4563 2040 4619 reverentia

474 4636 705 4693 lzetatur.
756 4641 875 4695 Istae
914 4652 1038 4697 sunt
1083 4646 1278 4699 etenim
1312 4649 1586 4703 mercedes
1608 4651 1945 4716 mercenarii,
1980 4660 2039 4706 ut

473 4743 573 4799 pro
595 4743 659 4783 eo
686 4729 802 4802 ipso
829 4732 968 4802 quod
994 4733 1046 4790 in
1072 4734 1327 4804 regimine
1347 4733 1575 4799 laborat.
1601 4737 1690 4793 hic
1728 4738 1873 4808 quod
1896 4755 2039 4809 quae-

475 4815 569 4881 rit,
610 4817 864 4885 inveniat,
892 4828 947 4877 et
972 4821 1040 4875 ab
1091 4822 1404 4878 haereditate
1440 4825 1619 4894 gregis
1670 4826 1724 4881 in
1764 4834 2037 4895 posterum

474 4905 682 4962 alienus
711 4908 924 4963 existat.
970 4908 1150 4979 Lupus
1180 4912 1322 4969 enim
1354 4927 1514 4981 super
1550 4928 1678 4968 oves
1710 4915 1877 4979 venit,
1914 4931 2036 4971 cum

475 4992 699 5061 quilibet
724 4992 953 5062 injustas
985 5004 1041 5050 et
1068 5008 1253 5066 raptor
1275 4996 1458 5053 ﬁdeles
1486 5015 1723 5070 quosque
1753 5010 1911 5070 atque
1933 5004 2036 5058 hu-

474 5081 627 5137 miles
679 5083 951 5155 opprimit.
999 5082 1107 5137 Sed
1132 5083 1177 5138 is
1208 5084 1299 5153 qui
1325 5095 1511 5154 pastor
1537 5102 1656 5141 esse
1683 5088 1959 5145 videbatur
1983 5101 2037 5145 et

474 5183 581 5223 non
610 5178 746 5236 erat,
778 5170 1028 5241 relinquit
1050 5187 1178 5227 oves
1202 5181 1257 5228 et
1284 5172 1451 5244 fugit;
1486 5175 1611 5246 quia
1656 5176 1782 5232 dum
1815 5179 1917 5235 sibi
1967 5182 2035 5236 ab

472 5259 853 5330 eopericulum
899 5262 1107 5325 metuit,
1159 5261 1409 5318 resistere
1453 5264 1569 5334 ejus
1607 5263 1881 5332 iniustitiae
1928 5284 2035 5323 non

475 5349 767 5413 praesumit.
798 5349 954 5422 Fugit
971 5361 1148 5407 autem
1176 5367 1280 5407 non
1301 5355 1555 5409 mutando
1576 5354 1768 5419 locum,
1794 5357 1888 5412 sed
1912 5359 2035 5414 sub-

474 5436 733 5493 trahendo
779 5441 1060 5508 solatium;
1112 5442 1247 5513 fugit
1293 5445 1385 5515 qui
1432 5443 1747 5512 iniustitiam
1799 5447 1934 5503 vidit
1981 5456 2036 5502 et

474 5522 672 5586 tacuit;
702 5524 835 5596 fugit
866 5529 956 5596 qui
985 5544 1046 5584 se
1065 5532 1165 5585 sub
1187 5530 1402 5587 silentio
1425 5534 1723 5588 abscondit.
1760 5552 1779 5584 ι
1816 5533 1921 5590 Sed
1951 5543 2035 5589 est

544 5643 566 5675 ⁸
600 5633 675 5690 Ex
707 5634 763 5689 S.
798 5636 954 5708 Grcg.
983 5638 1171 5697 Homil.
1207 5641 1297 5695 lib.
1331 5659 1368 5706 ι,
1404 5643 1584 5701 homil.
1622 5644 1705 5711 Η,
1740 5659 1884 5697 ιιιιηι.
1912 5643 2024 5697 2-5.

2149 4456 2275 4510 tidie
2299 4455 2437 4520 ﬁeri,
2477 4454 2694 4521 fratres,
2721 4458 2998 4529 aSpicitis;
3028 4460 3131 4517 hoc
3171 4463 3527 4519 reconciliatis
3549 4465 3723 4534 genti-

2141 4544 2240 4597 bus
2262 4543 2459 4597 factum
2506 4544 2665 4599 hodie
2692 4545 2903 4600 videtis.
2936 4547 3099 4615 Quasi
3129 4564 3194 4603 ex
3242 4551 3450 4606 duobus
3474 4550 3723 4622 gregibus

2140 4647 2302 4687 unum
2324 4632 2463 4687 ovile
2501 4632 2684 4700 efﬁcit,
2730 4634 2857 4704 quia
2886 4634 3166 4692 Iudaicum
3196 4647 3252 4694 et
3278 4641 3528 4709 gentilem
3553 4656 3725 4710 popu-

2142 4718 2250 4773 lum
2279 4716 2331 4770 in
2358 4732 2453 4771 sua
2487 4718 2591 4772 ﬁde
2620 4719 2916 4792 coniungit,
2944 4722 3112 4779 Paulo
3141 4733 3449 4792 attestante,
3480 4728 3569 4796 qui
3594 4727 3675 4781 ait
3701 4744 3719 4784 :

2114 4804 2257 4875 ‘Ipse
2273 4815 2346 4860 est
2371 4824 2474 4878 pas:
2501 4819 2700 4877 nostra,
2721 4812 2810 4882 qui
2833 4814 2955 4881 fecit
2974 4822 3196 4887 utraque
3220 4833 3378 4889 unum
3408 4817 3619 4889 (Ephes.
3651 4835 3719 4884 ιι,

2139 4894 2249 4967 li).
2274 4894 2411 4950 Dum
2428 4897 2571 4951 enim
2587 4899 2654 4953 ad
2677 4908 2934 4958 aeternam
2961 4903 3121 4957 vitam
3148 4920 3215 4959 ex
3240 4915 3471 4975 utraque
3498 4908 3718 4963 natione

2138 4987 2411 5056 simplices
2437 4988 2604 5059 eligit,
2629 4991 2697 5044 ad
2717 4991 2858 5047 ovile
2883 4995 3157 5064 proprium
3179 5011 3308 5051 oves
3327 4997 3561 5052 deducit.
3591 5017 3607 5049 ι
3643 4998 3721 5053 De

2134 5076 2329 5144 quibus
2356 5078 2598 5149 profecto
2629 5079 2818 5135 ovibus
2842 5097 3056 5138 rursum
3084 5084 3221 5139 dixit
3255 5104 3268 5138 :
3301 5085 3432 5141 Oves
3466 5104 3595 5141 mea:
3623 5106 3719 5142 ro-

2135 5178 2242 5216 cem
2272 5179 2439 5217 meam
2462 5165 2706 5230 audiunt,
2734 5174 2783 5219 et
2811 5184 2904 5238 ego
2949 5186 3199 5239 cognosco
3224 5188 3335 5237 eas,
3361 5183 3409 5227 et
3430 5185 3711 5245 sequuntur

2108 5250 2236 5317 ~me,
2262 5262 2309 5306 et
2334 5270 2425 5323 ego
2448 5254 2608 5309 vitam
2629 5265 2876 5311 internum
2902 5260 2970 5312 do
3000 5260 3072 5314 eis
3086 5278 3106 5326 ;
3143 5262 3210 5318 de
3253 5264 3449 5332 quibus
3478 5276 3533 5319 et
3557 5266 3719 5336 paulo

2134 5343 2378 5411 superius
2405 5344 2533 5398 dicit
2556 5356 2569 5396 :
2603 5341 2708 5398 Per
2729 5361 2810 5405 me
2830 5346 2875 5400 si
2895 5348 3008 5418 quis
3028 5349 3307 5417 introierit,
3332 5348 3643 5418 sublabitur,
3663 5363 3717 5411 et

2132 5431 2469 5499 ingredietur,
2496 5441 2544 5484 et
2568 5436 2880 5503 egredietur,
2921 5448 2973 5491 et
3009 5456 3205 5509 pascua
3250 5442 3492 5498 inveniet.
3524 5443 3709 5512 Ingre-

2133 5520 2309 5575 dietur
2331 5523 2529 5592 quippe
2551 5524 2617 5581 ad
2655 5525 2852 5594 ﬁdem;
2892 5531 3199 5600 egredietur
3237 5548 3368 5591 vero
3407 5542 3440 5594 ε
3482 5535 3592 5592 fide
3638 5536 3707 5593 ad
