4000 6190
331 347 445 407 889

1143 344 1554 401 EXECETICA.
1596 375 1666 385 —
1699 343 2052 401 COMMENT.
2088 342 2158 399 IN
2192 340 2384 402 JOAN.
2422 374 2491 385 -—-
2526 342 2655 399 LIB.
2700 345 2760 401 V.

3463 349 3571 405 ειιιι

330 454 589 523 speciem,
619 468 650 507 a
673 452 993 508 credulitate
1035 452 1103 507 ad
1128 455 1667 524 contemplationem;
1707 468 1905 524 pascua
1934 460 1981 519 Α
2005 469 2197 524 pom
2233 453 2416 525 (Joau.
2460 469 2582 520 xm,
2622 454 2733 529 37),
2776 456 2828 510 id
2872 464 2973 522 est,
3020 467 3240 528 propter
3276 466 3329 514 te
3370 463 3573 518 moriu-

331 552 515 600 autem
540 542 777 597 inveniet
801 542 855 595 in
892 549 1093 596 mterna
1121 541 1449 622 refectione“
1468 542 1606 599 Oves
1628 557 1756 612 ergo
1791 541 1911 610 ejus

328 648 532 707 pascua
560 631 853 696 invenient,
881 630 1010 700 quia
1038 632 1281 700 quisquis
1308 631 1459 687 illum
1485 633 1647 689 corde
1677 633 1913 701 simplici

329 723 600 793 sequitur,
617 730 838 778 eterna
857 720 1143 779 viriditatis
1162 722 1359 791 pabulo
1385 723 1640 779 nutritur.
1662 722 1791 789 Qua:
1810 736 1909 777 au-

331 822 442 873 tem
471 820 597 868 sum
627 812 855 865 istarum
895 811 1076 865 ovium
1104 825 1324 879 pascua,
1361 810 1465 865 nisi
1492 819 1690 867 attenta
1708 810 1906 887 gaudia

331 907 661 976 sempiterne
684 903 911 959 virentis
936 903 1205 973 paradisi?
1231 902 1434 959 Pascna
1460 916 1691 972 namque
1709 902 1908 957 electo-

332 1012 456 1053 rum
480 1002 629 1059 sunt,
655 994 835 1048 vultus
861 1008 1099 1062 praesens
1127 993 1246 1058 Dei,
1276 994 1369 1062 qui
1397 993 1523 1049 dum
1551 993 1671 1051 sine
1694 992 1913 1049 defectu

330 1087 683 1156 conspicitur,
710 1085 827 1139 sine
851 1084 955 1139 tiae
976 1099 1129 1139 mens
1152 1084 1280 1138 vitae
1300 1084 1423 1139 cibo
1449 1083 1694 1139 satiatur.
1719 1102 1739 1135 ι
1768 1096 1793 1124 ι
1810 1083 1909 1138 Se-

406 1177 519 1231 itur
545 1191 562 1229 :

597 1264 684 1318 i7.
713 1262 743 1303 δ
761 1291 833 1304 —-—
857 1261 1134 1332 Propterea
1170 1277 1250 1315 me
1269 1259 1437 1331 diligit
1464 1258 1643 1322 Pater,
1670 1260 1792 1330 quia
1812 1275 1911 1330 ego

330 1374 469 1428 pono
496 1356 728 1410 animum
755 1368 951 1417 meam,
969 1360 1017 1405 et
1036 1351 1224 1405 iterum
1245 1367 1393 1405 sumo
1406 1366 1571 1404 eumn
1595 1349 1732 1417 Quid
1761 1351 1837 1404 ait
1853 1362 1901 1402 ες

338 1444 627 1517 Propterea
657 1461 741 1498 me
768 1441 933 1497 Pater
956 1443 1168 1513 diligit?
1192 1444 1326 1510 Quia
1352 1445 1577 1509 morior,
1622 1452 1681 1499 ut
1724 1457 1908 1500 resur-

329 1550 478 1605 gam.
528 1532 663 1589 Cum
707 1547 903 1603 magno
938 1533 1083 1587 enim
1112 1534 1348 1604 pondere
1387 1533 1591 1589 dictum
1620 1541 1704 1589 est
1730 1552 1743 1588 :
1768 1532 1902 1603 Ego.

332 1624 475 1691 Quia
517 1640 632 1694 ego,
678 1623 872 1692 inquit,
916 1639 1053 1693 pono
1095 1626 1326 1679 animam
1370 1641 1557 1678 utram.
1605 1624 1716 1695 Ego
1744 1640 1902 1695 pauo.

331 1714 473 1781 Quid
497 1722 739 1785 estzego
774 1714 950 1785 pauo?
975 1714 1109 1785 Ego,
1152 1713 1345 1784 inquit,
1394 1713 1542 1768 illam
1586 1728 1743 1783 pono.
1785 1712 1905 1768 Non

2006 559 2191 600 carne.
2226 544 2367 600 Caro
2393 547 2572 615 posuit
2611 546 2846 602 animam
2892 563 3068 614 suam,
3112 558 3169 604 et
3207 566 3336 606 caro
3374 553 3571 609 iterum

2005 634 2298 704 assumpsit
2325 635 2604 703 animam;
2634 653 2747 694 non
2783 646 2963 694 tamen
2994 648 3262 709 potestate
3299 657 3394 697 sua
3419 659 3572 710 caro,

2005 724 2101 778 sed
2124 732 2392 793 potestate
2419 726 2765 783 inhabitantis
2793 747 2813 781 ι
2839 728 3003 784 Verbi
3036 729 3151 786 Dei.
3183 731 3419 788 Verbum
3442 748 3585 789 vero.

2005 811 2099 867 Dei
2142 830 2413 885 nunquam
2440 819 2620 887 posuit
2666 820 2899 874 animam
2948 835 3103 876 exeo
3141 838 3300 891 quam
3346 825 3575 895 sumpsit

2003 917 2125 956 eam
2154 903 2209 956 in
2235 904 2494 960 unitatem
2524 922 2767 976 persona:
2808 908 2941 975 sibi,
2977 911 3073 965 sed
3115 926 3147 965 a
3188 927 3354 968 carne
3391 914 3571 971 anima

2003 993 2175 1062 posita
2200 999 2306 1058 est,
2341 1002 2396 1048 et
2423 995 2618 1051 iterum
2656 1008 2930 1068 resumpta
2956 1015 3054 1069 per
3089 1010 3410 1070 potestatem
3439 1004 3576 1061 divi.

2004 1083 2210 1139 uitatis.
2240 1081 2381 1139 Caro
2409 1098 2539 1155 ergo
2578 1087 2729 1155 ponit
2767 1088 3003 1153 animam
3038 1105 3195 1145 suam
3224 1094 3575 1161 exspirando,

2004 1171 2137 1226 Vide
2182 1170 2356 1241 ipsum
2402 1172 2683 1229 Dominum
2731 1175 2786 1230 in
2832 1192 3014 1239 cruce,
3065 1178 3194 1248 quid
3231 1180 3399 1235 dixit?
3437 1180 3575 1237 Sitio

2005 1260 2186 1332 (Joan.
2227 1278 2340 1328 xix,
2364 1263 2455 1329 28,
2478 1263 2632 1336 αφ).
2665 1266 2771 1333 Qui
2813 1252 3060 1334 aderant,
3098 1270 3371 1325 tinxerunt
3404 1285 3573 1341 span:

2002 1353 2143 1423 giam
2171 1354 2226 1408 in
2250 1363 2426 1420 aceto,
2450 1355 2807 1427 alligaverunt
2833 1358 3107 1425 arundini,
3127 1367 3187 1413 et
3211 1369 3581 1429 apposuerunt

2001 1443 2085 1496 ori
2124 1442 2277 1512 ejus:
2301 1445 2445 1514 quod
2484 1461 2609 1503 cum
2652 1447 2967 1517 accepisset,
3000 1448 3112 1502 ait:
3136 1445 3434 1518 Perfectum
3473 1459 3572 1502 est.

2002 1528 2139 1597 Quid
2179 1541 2283 1596 est,
2317 1530 2615 1603 Perfectum
2652 1537 2770 1590 est?
2804 1536 3025 1606 lmpleta
3069 1546 3193 1593 sunt
3235 1538 3414 1593 omnia
3453 1554 3581 1607 qua:

2001 1629 2131 1675 ante
2165 1631 2394 1678 mortem
2422 1621 2601 1693 futura
2642 1623 2731 1696 [de
2758 1625 2868 1699 me]
2899 1625 3114 1682 fuerant
3139 1628 3477 1696 prophetam.
3510 1626 3576 1699 Et

2002 1711 2124 1779 quia
2159 1720 2479 1779 potestatem
2521 1713 2752 1771 habebat
2774 1717 2991 1786 quando
3018 1715 3177 1772 vellet
3201 1716 3433 1788 ponendi
3460 1716 3576 1772 ani-

328 1806 631 1878 glorientur
654 1803 823 1860 Judaei
855 1823 869 1858 :
897 1804 1088 1860 saevire
1110 1812 1419 1874 potuerunt,
1464 1813 1785 1873 potestatem
1809 1805 1906 1860 ha-
1935 1802 1979 1862 Β
2006 1816 2150 1856 mam
2189 1818 2364 1870 suam,
2406 1813 2761 1876 posteaquam
2803 1807 2958 1874 dixit,
3006 1804 3308 1877 Perfectum
3348 1816 3444 1873 est,
3495 1807 3577 1862 ait

331 1898 463 1953 bere
499 1912 607 1952 non
636 1905 944 1967 potuerunt.
976 1897 1215 1953 vaiant
1257 1906 1517 1968 quantum
1562 1906 1788 1968 possunt
1814 1916 1826 1952 :
1855 1898 1903 1954 si

328 2002 434 2059 ego
467 1987 688 2042 noluero
726 2002 928 2057 ponere
964 1989 1199 2043 animam
1242 2004 1439 2054 meam,
1468 1988 1595 2058 quid
1634 1990 1906 2046 sariendo

330 2074 531 2132 facturi
554 2076 709 2130 sunt?
732 2075 846 2131 Una
869 2077 1217 2146 responsione
1238 2078 1497 2146 prostrati
1522 2085 1667 2142 sunt,
1690 2078 1903 2147 quando

331 2165 414 2220 eis
441 2164 643 2219 dictant
681 2172 765 2220 est
791 2179 807 2218 :
840 2163 1006 2230 Quem
1030 2168 1265 2237 queritis
1296 2166 1474 2238 (Joaa.
1513 2183 1667 2233 XVIII,
1697 2167 1788 2239 6)?
1812 2169 1904 2222 Di-

334 2264 551 2321 xerunt,
576 2255 794 2324 Jesuut;
833 2265 888 2312 et
922 2259 997 2313 ait
1020 2260 1101 2314 eis
1125 2277 1140 2313 :
1172 2259 1286 2330 Ego
1320 2276 1438 2315 sum
1466 2277 1486 2315 .'
1513 2260 1792 2315 redierunt
1818 2273 1909 2313 re-

333 2355 444 2410 tro,
469 2354 526 2400 et
563 2346 893 2401 ceciderunt.
923 2347 1023 2413 Qui
1052 2348 1366 2404 ceciderunt
1409 2348 1479 2403 ad
1505 2363 1668 2403 unam
1713 2362 1907 2403 vocem

330 2431 537 2489 Christi
585 2436 857 2500 morituri,
884 2437 1014 2506 quid
1060 2435 1259 2492 facient
1297 2438 1398 2495 sub
1422 2452 1557 2493 voce
1602 2436 1756 2509 μη,
1802 2437 1905 2492 sub

331 2524 544 2592 vocem]
567 2526 889 2595 iudicaturi?
917 2527 1050 2597 Ego,
1079 2528 1273 2595 inquit,
1294 2543 1430 2597 pono
1457 2529 1685 2582 animam
1712 2544 1903 2581 meam.

331 2611 451 2668 Non
479 2613 779 2684 glorientur
802 2613 993 2679 Judaei,
1024 2616 1178 2683 quasi
1216 2615 1308 2686 qui
1346 2615 1760 2684 prmvaluerint:
1791 2617 1904 2685 ipse

331 2705 514 2770 p03uit
545 2702 783 2755 animam
805 2717 977 2757 suam.
1011 2721 1031 2756 ι
1067 2701 1219 2757 Sicut
1243 2710 1564 2772 potestatem
1597 2702 1785 2759 habuit
1811 2718 1904 2772 po-

329 2794 516 2855 nendi,
557 2791 632 2845 ita
667 2800 993 2861 potestatem
1033 2792 1356 2846 resumeudi.
1387 2791 1538 2857 Quod
1576 2791 1694 2847 aliis
1724 2792 1905 2846 ver“..is

331 2878 387 2934 in
417 2879 519 2933 hoc
556 2879 671 2948 ipso
698 2879 986 2949 Evangelio
1021 2880 1278 2945 ostendit,
1308 2880 1529 2935 dicens:
1560 2878 1749 2934 So'vite
1776 2889 1905 2934 tem-

328 2968 476 3040 plum
500 2970 618 3035 hoc,
642 2978 690 3022 et
716 2969 771 3023 in
795 2970 959 3022 tribus
984 2969 1162 3023 diebus
1203 2969 1437 3023 excitabo
1475 2968 1605 3022 illud
1632 2967 1812 3039 (Joan.
1842 2983 1901 3031 ιι,

334 3058 424 3122 19,
452 3056 541 3129 21)
569 3076 583 3110 ;
615 3057 757 3126 quod
787 3057 1113 3128 evangelista
1154 3058 1317 3130 568
1356 3067 1573 3114 secutus
1610 3058 1897 3128 exposuit;

2000 1892 2322 1962 evangelista
2354 1892 2460 1947 εει
2500 1893 2750 1949 inclinato
2792 1897 2959 1966 capite
2998 1896 3215 1950 tradidit
3253 1897 3517 1967 spiritum.
3545 1914 3568 1952 ι

2000 1979 2153 2046 Quod
2193 1981 2265 2035 ibi
2306 1981 2504 2037 dicitur
2545 1982 2788 2048 tradidit,
2832 1992 2888 2038 et
2930 1983 3019 2039 hic
3052 1983 3258 2041 dictum
3287 1993 3369 2039 est
3405 1984 3579 2054 ponit,

2000 2073 2125 2142 quia
2153 2089 2319 2128 unum
2357 2082 2441 2129 est
2478 2076 2690 2130 tradere
2737 2083 2796 2130 et
2836 2090 3055 2145 ponere.
3087 2093 3108 2126 ι
3139 2073 3271 2142 Quis
3319 2075 3576 2131 tradidit?

2000 2162 2168 2228 Quem
2210 2163 2462 2219 tradidit?
2490 2163 2750 2234 Spiritum
2780 2166 3018 2230 tradidit,
3045 2181 3175 2222 caro
3218 2166 3368 2229 illum
3410 2166 3576 2221 tradi-

1999 2251 2098 2307 dit.
2129 2252 2269 2323 Quid
2295 2261 2396 2315 est,
2425 2268 2557 2308 caro
2584 2252 2734 2309 illum
2756 2254 3009 2310 tradidit?
3029 2254 3169 2310 Caro
3188 2253 3342 2313 illum
3372 2254 3574 2319 emisit,

2000 2359 2129 2399 caro
2157 2344 2303 2399 illum
2344 2344 2659 2414 exspiravit.
2697 2344 2820 2401 ideo
2859 2346 3002 2401 enim
3045 2344 3245 2400 dicitur
3271 2344 3578 2419 exSpirare,

2001 2443 2156 2488 extra
2191 2434 2437 2503 spiritum
2487 2434 2640 2500 ﬁeri;
2678 2437 2948 2505 quomodo
2988 2445 3074 2493 est
3111 2436 3376 2501 exsulare,
3419 2444 3574 2511 extra

2001 2522 2173 2577 solum
2219 2522 2356 2578 ﬁeri.
2393 2544 2411 2574 ι
2437 2523 2588 2589 Quod
2631 2524 2720 2578 hic
2767 2524 2966 2579 dicitur
3000 2523 3358 2579 :Potestatem
3413 2526 3577 2579 habeo

1999 2611 2221 2682 ponendi
2243 2613 2475 2666 animum
2498 2629 2687 2678 "team,
2718 2613 2791 2667 ibi
2816 2613 3019 2668 dictum
3045 2623 3128 2669 est
3154 2631 3169 2667 :
3201 2613 3463 2667 IneIiuata
3486 2632 3577 2677 εατ

1999 2700 2104 2769 pite
2125 2699 2342 2753 tradidit
2364 2702 2628 2770 spiritum,
2658 2701 2781 2770 quia
2805 2703 3027 2771 spiritus
3051 2704 3230 2758 anima
3255 2713 3358 2757 est.
3390 2722 3408 2753 ι
3439 2703 3576 2759 Cum

2001 2804 2130 2859 ergo
2154 2789 2267 2843 exit
2307 2790 2483 2844 anima
2505 2805 2536 2843 a
2579 2805 2769 2856 carne,
2808 2800 2863 2846 et
2887 2799 3129 2846 remanet
3164 2807 3291 2845 caro
3316 2793 3433 2845 sine
3457 2789 3577 2861 ani:-

2001 2894 2121 2944 ma,
2168 2887 2296 2934 tunc
2340 2880 2502 2934 homo
2547 2895 2749 2950 ponere
2798 2881 3033 2935 animam
3078 2880 3299 2935 dicitur.
3353 2879 3574 2946 Quando

2003 2969 2250 3024 Christus
2291 2969 2529 3024 animam
2572 2971 2783 3039 posuit?
2837 2969 3059 3037 Quando
3097 2972 3333 3026 Verbum
3380 2971 3570 3027 voluit.

2002 3055 2341 3129 Principatus
2375 3064 2521 3117 enim
2561 3060 2616 3113 in
2642 3060 2820 3115 Verbo
2853 3069 2972 3114 erat
2998 3078 3013 3112 :
3040 3060 3112 3114 ibi
3159 3068 3397 3130 potestas
3432 3068 3574 3128 erat,

332 3145 450 3215 Hoc
478 3125 612 3215 enim
637 3125 838 3200 dicebat
863 3125 1139 3218 de'tempio
1167 3125 1397 3218 Eoiﬁm
1420 3149 1522 3202 sui.
1555 3148 1622 3203 Et
1658 3125 1900 3217 adiunxit
1927 3125 1973 3186 ε
2002 3125 2213 3217 quando
2240 3158 2465 3220 poneret
2489 3164 2618 3205 caro
2644 3150 2902 3215 animam,
2929 3150 3143 3219 quando
3159 3125 3429 3205 sumeret.
3458 3125 3571 3207 Sic;

330 3236 623 3307 discipulos
649 3250 775 3290 suos
802 3236 917 3290 inec
942 3238 1105 3290 verba
1131 3251 1537 3302 remotum-asse,
1563 3251 1686 3292 cum
1722 3252 1901 3291 resur-

331 3328 563 3383 rexisset
587 3327 834 3383 Christus
861 3342 892 3383 a
918 3328 1163 3384 mortuis.
1198 3327 1311 3382 lloc
1347 3328 1729 3390 suscitabatur,
1758 3327 1901 3397 quod

332 3421 694 3484 moriebatur;
749 3434 874 3473 nam
931 3418 1163 3473 Verbum
1211 3419 1349 3475 mori
1402 3434 1511 3475 non
1558 3420 1749 3490 potuit,
1802 3434 1901 3474 nec

331 3511 515 3567 anima
542 3509 631 3567 illa
658 3517 868 3565 mortua
903 3508 1023 3565 fuit.
1055 3506 1195 3565 Caro
1233 3518 1441 3565 tantttm
1480 3516 1689 3567 mortua
1718 3515 1822 3574 est,
1847 3514 1903 3562 et

332 3604 631 3659 resurrexit
668 3604 826 3660 tertia
871 3603 977 3657 die.
1026 3601 1129 3657 Sed
1171 3602 1515 3671 quaerendum
1553 3609 1638 3657 est
1662 3601 1792 3672 quid
1832 3600 1904 3656 sit

332 3695 479 3765 quod
507 3695 641 3750 dixit
669 3713 682 3747 :
717 3711 735 3745 ι
766 3694 878 3764 Ego
904 3711 1039 3764 pono
1058 3695 1289 3751 animum
1314 3696 1519 3751 meam?
1536 3696 1668 3763 Quis
1693 3694 1902 3765 posuit?

333 3781 505 3852 Quem
530 3785 740 3853 posuit?
754 3784 886 3851 Quis
911 3792 993 3837 est
1013 3784 1103 3855 qui
1125 3786 1332 3854 posuit?
1351 3784 1491 3851 Quid
1516 3794 1600 3839 est
1622 3782 1903 3840 Christus?

332 3874 570 3933 Verbum
614 3885 670 3930 et
712 3877 892 3931 homo.
923 3873 1032 3928 Nec
1060 3874 1140 3928 sic
1172 3877 1354 3938 homo,
1385 3882 1444 3927 ut
1470 3873 1581 3927 sola
1611 3887 1778 3926 caro:
1810 3872 1905 3925 sed

333 3966 462 4038 quia
490 3966 651 4019 homo
676 3972 890 4019 constat
925 3977 992 4017 ex
1019 3977 1185 4017 carne
1228 3971 1283 4017 et
1320 3962 1519 4024 anima,
1552 3969 1695 4013 totus
1722 3967 1903 4015 autem

332 4055 497 4113 homo
551 4056 610 4110 in
664 4053 900 4107 Christo.
960 4050 1078 4106 Non
1138 4052 1282 4105 enim
1321 4058 1533 4120 partem
1583 4050 1903 4109 deteriorem

323 4146 678 4214 suscepisset,
707 4151 761 4197 et
807 4151 1021 4211 partem
1054 4141 1330 4197 meliorem
1358 4141 1684 4197 deseruisset
1724 4159 1737 4194 :
1777 4157 1905 4211 pars

330 4235 533 4306 quippe
557 4231 789 4287 hominis
816 4232 1004 4288 melior
1029 4240 1113 4287 est
1130 4233 1307 4288 anima
1333 4246 1499 4301 quam
1523 4246 1737 4300 corpus.
1770 4231 1906 4298 Quia

332 4339 466 4397 ergo
493 4331 633 4378 totus
669 4323 829 4378 homo
859 4324 912 4377 in
945 4322 1177 4386 Christo,
1207 4323 1334 4392 quid
1358 4331 1444 4378 est
1469 4321 1748 4377 Christus?
1779 4322 1906 4377 Ver-

333 4418 484 4478 bum,
520 4414 761 4483 inquam,
790 4421 845 4468 et
868 4414 1046 4468 homo.
1085 4412 1305 4468 Verbum
1345 4429 1468 4467 caro
1496 4413 1692 4482 [actum
1731 4422 1827 4477 est,
1851 4412 1905 4466 id

333 4513 439 4569 est,
468 4503 617 4559 Deus
634 4505 794 4560 homo
820 4503 995 4559 factus
1019 4512 1134 4568 est;
1157 4503 1289 4557 dicit
1314 4504 1457 4558 enim
1487 4520 1500 4558 :

897 4613 1123 4669 CAPUT
1157 4612 1343 4666 XXVI.

337 4701 654 4760 I’otestatem
682 4705 868 4759 habere
896 4723 949 4758 se
976 4705 1101 4757 dicit
1128 4705 1351 4773 ponendi
1378 4720 1440 4756 ac
1472 4704 1764 4773 restituendi
1790 4718 1909 4756 am»

406 4790 546 4828 mam
569 4791 748 4844 suam,
770 4773 933 4829 Facta
953 4771 1154 4844 quoque
1171 4773 1399 4844 euomuit:
1424 4775 1479 4844 iu
1508 4771 1903 4844 Hierosolymis,

406 4852 453 4895 et
484 4844 617 4897 inter
641 4843 802 4897 multa
845 4841 1125 4897 Pharistris
1165 4842 1544 4895 sciscitantibus
1576 4842 1646 4895 ait
1673 4858 1690 4892 :
1714 4841 1825 4910 Ego
1853 4850 1909 4896 et

404 4910 567 4966 Pater
591 4929 754 4967 unum
781 4928 984 4968 sumus.
1016 4912 1081 4965 Et
1111 4911 1260 4965 multi
1288 4910 1612 4965 crediderunt
1637 4912 1691 4964 in
1718 4926 1855 4963 eum.

407 5021 570 5078 Vnus.
615 5024 791 5079 18.—
824 5023 1143 5079 l’otestatem
1182 5024 1344 5077 habeo
1397 5023 1624 5094 ponendi
1673 5024 1905 5077 animant

340 5128 542 5177 meam,
578 5123 627 5168 et
681 5123 984 5183 potestatem
1033 5114 1195 5167 habeo
1242 5114 1428 5167 iterum
1477 5114 1714 5168 sumendi
1769 5129 1903 5167 eam.

345 5219 364 5252 ι
395 5200 422 5239 τι
452 5200 697 5258 Christus
736 5212 936 5269 autem.
972 5214 1028 5259 et
1058 5221 1157 5276 pro
1197 5205 1350 5260 nobis
1386 5206 1583 5275 posuit,
1614 5213 1670 5260 et
1695 5205 1907 5274 quando

339 5289 508 5365 voluit
547 5289 770 5363 [posuit,
817 5301 874 5347 et
915 5294 1126 5362 quando
1172 5294 1359 5367 voluit]
1402 5295 1636 5363 sumpsit
1671 5295 1907 5351 animum

339 5398 514 5437 suam.
543 5383 750 5440 Ponere
778 5400 906 5455 ergo
935 5385 1167 5441 animam
1204 5388 1339 5442 mori
1374 5396 1477 5442 est.
1519 5387 1671 5441 Sicut
1698 5393 1910 5457 aposto—

339 5468 427 5526 lus
452 5470 644 5528 Petrus
672 5474 895 5527 Domino
939 5473 1073 5527 dixit
1099 5493 1111 5527 :
1143 5475 1381 5531 Animam
1426 5494 1591 5533 meam
1633 5487 1839 5548 propter
1863 5486 1910 5529 te

415 5613 442 5670 9
482 5600 764 5670 "notisque
792 5604 849 5657 S.
879 5602 1189 5670 Gregorius.

418 5668 446 5709 δ
485 5671 559 5723 Ex
672 5668 830 5743 Anan,
861 5668 1016 5727 Hart.
1051 5688 1207 5732 xuii,
1243 5691 1387 5727 nmu.
1423 5675 1474 5735 7,
1502 5679 1550 5729 ε).

2003 3246 2063 3295 ut
2086 3239 2228 3308 enim
2256 3256 2394 3296 unus
2421 3241 2583 3296 homo
2607 3241 2782 3295 anima
2810 3248 2865 3296 et
2894 3255 3112 3310 corpus,
3155 3240 3234 3297 sic
3256 3256 3396 3295 unus
3420 3238 3573 3295 Chri-

1998 3341 2114 3388 stus
2128 3333 2362 3388 Verbum
2386 3342 2443 3389 et
2464 3334 2644 3389 homo.
2666 3333 2857 3389 Anima
2877 3340 2933 3389 et
2958 3348 3156 3404 corpus
3174 3332 3292 3389 dua:
3319 3348 3407 3388 res
3428 3341 3575 3399 sunt,

1998 3425 2091 3479 sed
2117 3439 2255 3478 unus
2284 3424 2467 3479 homo.
2496 3424 2730 3480 Verbum
2758 3425 3002 3481 ethomo
3024 3425 3144 3481 dum
3172 3440 3260 3481 res
3296 3433 3438 3485 sunt,
3476 3425 3571 3481 sed

1998 3527 2137 3568 unus
2178 3510 2444 3568 Christus.
2494 3511 2665 3568 Nemo
2706 3513 2851 3568 enim
2892 3513 3086 3568 titnhct
3124 3513 3177 3566 in
3206 3512 3332 3577 ﬁde,
3357 3510 3574 3580 quando

1999 3601 2147 3656 audit
2174 3600 2460 3655 Dominum
2506 3600 2709 3655 dixisse
2741 3616 2755 3653 :
2790 3597 3103 3652 Potestatem
3130 3600 3308 3654 ξιιαὸεο
3351 3598 3579 3668 ponendi

1999 3694 2230 3747 animum
2280 3707 2468 3745 meam.
2497 3689 2657 3744 Ponit
2700 3703 2821 3742 eam
2868 3702 3015 3753 caro,
3061 3689 3155 3743 sed
3190 3704 3257 3744 ex
3308 3698 3578 3759 potestate

2001 3781 2193 3844 Verbi;
2239 3780 2406 3833 sumit
2442 3793 2560 3833 eam
2603 3792 2751 3841 caro,
2795 3778 2889 3833 sed
2929 3794 2997 3833 ex
3041 3787 3305 3849 potestate
3338 3781 3518 3836 Verbi.
3552 3800 3573 3834 ι

2002 3870 2262 3931 Verbum,
2292 3867 2487 3929 anima,
2538 3881 2686 3929 caro,
2727 3882 2866 3922 unus
2909 3878 2991 3923 est
3024 3869 3287 3924 Christus.
3340 3870 3407 3925 Et
3450 3871 3578 3924 dum

2001 3975 2128 4015 caro
2156 3957 2336 4013 occisa
2362 3956 2484 4020 fuit,
2528 3956 2778 4013 Christus
2802 3958 3014 4012 occisus
3042 3958 3171 4022 fuit;
3200 3968 3257 4013 et
3283 3960 3406 4013 dum
3449 3975 3582 4014 caro

2002 4049 2235 4102 animam
2256 4045 2568 4115 resumpsit,
2589 4044 2835 4101 Christus
2851 4044 3085 4098 animam
3111 4045 3416 4114 resumpsit.
3441 4045 3578 4110 Quia

2001 4137 2263 4208 quidquid
2302 4136 2376 4191 ibi
2419 4134 2620 4191 factum
2669 4145 2754 4190 est
2797 4135 2851 4190 in
2890 4134 3290 4206 dispensatione
3331 4134 3581 4194 humanae

2003 4231 2212 4296 salutis,
2260 4236 2430 4284 totum
2478 4244 2617 4284 unus
2659 4227 2905 4283 Christus
2949 4228 3077 4299 egit,
3126 4241 3266 4281 unus
3290 4224 3458 4280 Filius
3482 4225 3580 4287 Dei

2004 4322 2253 4393 proprius
2280 4328 2334 4376 et
2369 4318 2661 4390 perfectus,
2707 4334 2846 4373 unus
2875 4318 3018 4372 Deus
3054 4332 3214 4371 verus
3247 4326 3302 4371 et
3338 4314 3582 4383 omnipo-

2008 4420 2146 4475 tens,
2175 4411 2334 4465 homo
2359 4416 2579 4479 propter
2609 4407 2841 4461 Verbum
2874 4407 3037 4470 Deus,
3069 4403 3210 4459 Deus
3237 4411 3456 4474 propter
3483 4405 3580 4461 ho-

1929 4471 1982 4531 D
2010 4471 2207 4556 minem
2231 4471 2411 4562 homo,
2438 4471 2576 4552 sicut
2603 4496 2804 4551 dictum
2835 4503 2919 4550 est
2945 4513 2958 4549 :
2998 4492 3219 4547 Verbum
3237 4471 3366 4565 raro
3384 4492 3582 4562 factum

2004 4598 2103 4644 est.
2138 4587 2243 4642 Sed
2278 4587 2394 4640 haec
2427 4586 2607 4640 omnia
2654 4586 2795 4638 unde
2822 4574 3186 4653 implerentur,
3238 4580 3581 4650 subseqnenti

2007 4677 2174 4731 verbo
2214 4674 2469 4731 ostendit.
2506 4691 2524 4723 ι
2555 4670 2694 4739 Hoc,
2738 4672 2928 4741 inquit,
2976 4672 3279 4728 mandatum
3327 4670 3503 4740 accepi
3546 4664 3580 4724 ὰ

2009 4767 2169 4823 Patre
2194 4784 2325 4822 meo.
2356 4765 2592 4820 Verbum
2634 4780 2740 4819 non
2785 4764 2949 4818 verbo
2992 4761 3200 4832 accepit
3244 4760 3575 4823 mandatum,

2007 4861 2101 4917 sed
2136 4860 2189 4915 in
2237 4858 2410 4914 Verbo
2438 4856 2714 4927 unigenito
2742 4854 2920 4909 Patris
2948 4862 3033 4907 est
3057 4866 3214 4907 omne
3244 4849 3575 4904 mandatum.

2007 4949 2140 5003 Cum
2170 4956 2292 5001 ante
2314 4963 2347 4999 ιι
2394 4945 2592 5000 dicitur
2638 4941 2807 4998 Filius
2846 4941 3008 5013 569
3051 4955 3081 4993 a
3111 4937 3270 4991 Patre
3313 4935 3577 5005 accipere,

2008 5038 2147 5107 quod
2191 5034 2617 5092 substantialiter
2663 5031 2841 5094 habet,
2893 5028 3158 5099 quomodo
3208 5027 3407 5081 dictum
3454 5033 3576 5107 est:

2010 5106 2156 5181 Sicut
2178 5125 2326 5179 habet
2357 5122 2517 5176 Pater
2542 5123 2697 5177 vitam
2726 5122 2780 5173 in
2810 5120 3102 5189 semetipso,
3132 5118 3206 5169 sic
3249 5115 3391 5169 dedit
3433 5106 3579 5168 Filio

2007 5216 2164 5269 vitam
2194 5213 2381 5269 habere
2420 5214 2474 5265 in
2514 5211 2783 5280 semetipso
2824 5206 3005 5279 (Joan.
3039 5223 3088 5269 ιν,
3122 5206 3236 5279 26),
3263 5222 3382 5259 cum
3414 5202 3581 5259 Filius

2010 5303 2123 5374 ipse
2155 5303 2227 5357 sit
2246 5302 2351 5355 vita
2379 5319 2392 5353 :
2419 5317 2522 5355 non
2553 5306 2791 5369 potestas
2842 5296 3119 5359 minuitur,
3146 5292 3258 5349 'sc-j
3303 5292 3580 5365 generatio

2009 5391 2327 5447 ostenditur.
2375 5388 2636 5456 Quoniam
2684 5385 2846 5440 Pater
2873 5400 2978 5438 non
3026 5385 3181 5457 quasi
3212 5384 3260 5439 ei
3306 5384 3459 5446 Filio,
3486 5384 3579 5454 qui

2012 5478 2354 5550 imperfectus
2383 5474 2513 5551 μὴ,
2551 5473 2883 5545 imperfecto]
2930 5480 3085 5528 natus
3113 5480 3218 5537 est,
3247 5472 3452 5543 aliquid
3485 5471 3580 5526 adq

2082 5624 2101 5645 ι·
2144 5609 2196 5661 In
2228 5624 2292 5659 ro
2313 5606 2347 5657 l.
2377 5604 2663 5665 iihmnt‘nsi
2694 5603 2778 5658 hic
2809 5600 3136 5673 iuei‘pitcup.
3167 5598 3255 5659 ‘27.

2080 5679 2102 5716 ἀ
2237 5677 2371 5743 Aug.
2403 5675 2502 5728 loc.
2533 5675 2649 5734 ril.,
2680 5687 2823 5733 num.
2867 5669 3044 5725 ii-H.
