4000 6190
477 329 574 387 891

1307 323 1365 377 Β.
1411 321 1467 376 1³.
1511 320 1731 376 ALBINl
1772 322 1903 376 εει]
1935 318 2215 376 ΑῙλΟυΙΝΙ
2255 318 2531 376 ορεῐιωι
2571 321 2748 376 PARS
2787 321 2848 375 Il.

3612 329 3722 388 899.

476 442 634 507 didit,
658 441 751 496 sed
775 441 821 494 ei
844 452 1001 508 quem
1031 437 1325 506 perfectum
1348 435 1550 506 genuit,
1571 434 1750 488 omnia
1780 432 2043 502 gignendo
2072 438 2117 493 Α
2147 431 2398 500 templum
2445 429 2563 497 ejus
2599 430 2927 500 appellentur
2950 439 3001 484 et
3031 431 3221 497 simus,
3269 449 3394 488 cum
3437 440 3724 500 manifeste

478 533 641 588 dedit.
669 530 747 585 lta
776 529 922 584 dedit
951 528 1026 582 illi
1057 543 1208 581 suam
1231 525 1610 596 aequalitatem,
1639 538 1798 593 quem
1827 538 1932 576 non
1955 537 2047 591 ge-

476 623 592 678 nuit
613 617 1075 689 inmqualem.Sed
1101 618 1214 673 hsce
1241 616 1490 686 loquente
1519 615 1765 677 Domino,
1793 612 2045 682 quoniam

473 711 562 766 lux
607 711 818 765 lucebat
849 710 902 764 in
930 709 1187 772 tenebris,
1212 713 1266 760 ct
1309 705 1544 760 tenebras
1590 718 1707 758 eam
1751 717 1854 756 non
1901 716 2047 756 com-

473 803 892 872 prehenderunt.

541 891 702 945 Vsns.
736 891 824 953 l9,
854 890 1037 943 20.-
1072 889 1338 943 Dissensio
1381 888 1567 940 iterum
1608 884 1748 954 facta
1792 893 1865 938 est
1912 885 2048 937 inter

469 979 687 1034 Iudicas
719 990 928 1051 propter
948 996 1208 1052 sermones
1249 980 1362 1032 st.
1397 977 1644 1030 Dicebant
1687 985 1858 1030 autem
1895 976 2046 1030 multi

469 1086 535 1124 ea:
563 1070 688 1140 ipsis
711 1082 730 1120 :
763 1069 1090 1122 Dwmonium
1130 1067 1301 1124 habet.
1325 1068 1519 1120 insanit
1546 1080 1564 1117 :
1589 1065 1715 1135 quid
1746 1081 1863 1117 eum
1893 1062 2046 1116 audi-

470 1159 576 1212 tis.’
614 1158 733 1213 Ista:
780 1157 994 1212 fuerant
1037 1157 1368 1212 densissima:
1419 1157 1669 1210 tenebrae.
1705 1154 1890 1225 (Vens.
1926 1153 2042 1222 21.)

473 1249 579 1304 ΑΙΞὶ
607 1249 843 1302 dicebant
873 1264 890 1302 :
919 1247 1047 1301 Ha-c
1084 1247 1235 1301 verba
1282 1263 1385 1299 non
1426 1255 1546 1298 sunt
1589 1245 1903 1298 dremonium
1948 1246 2045 1298 ha-

471 1339 634 1393 bentis
675 1350 695 1388 :
737 1336 972 1406 nunquid
1014 1335 1328 1389 daemonium
1375 1343 1536 1403 potest
1567 1333 1741 1388 oculos
1788 1350 2041 1389 caecorum

470 1426 710 1498 aperire?
734 1423 853 1479 Iam
897 1425 1121 1480 istorum
1161 1423 1312 1496 [δίδη
1350 1421 1641 1495 iustorum]
1683 1423 1822 1479 oculi
1865 1439 2043 1492 caepe-

470 1529 592 1575 rant
619 1521 847 1590 aperiri;
889 1538 907 1571 ›
939 1531 963 1558 ι
992 1525 1046 1572 et
1073 1516 1274 1587 aliquid
1302 1516 1440 1570 lucis
1465 1515 1666 1577 videre,
1709 1527 1764 1570 et
1796 1515 2041 1570 veritatis

469 1624 778 1681 agnoscere.
803 1607 1114 1664 Audivimus
1137 1605 1450 1675 patientiam
1476 1605 1568 1660 Dei
1602 1603 1755 1676 [Hs.,
1780 1603 2037 1676 Domini],

468 1709 524 1755 et
551 1701 690 1754 inter
713 1697 998 1768 opprobria
1035 1696 1341 1751 Judazorum
1368 1696 1557 1750 salutis
1581 1695 2035 1765 praedicationem,

2149 521 2291 575 dicat
2310 521 2593 590 Apostolus
2622 537 2636 575 :
2677 519 2777 574 Vos
2802 523 2923 575 estis
2953 521 3200 592 templum
3218 523 3316 578 Dei
3343 527 3461 591 rivi,
3488 531 3622 584 sicut
3643 535 3726 586 di-

2149 613 2216 665 cit
2249 611 2386 666 Deus
2413 627 2431 664 :
2461 611 2771 667 Inhabitabo
2797 615 2852 667 in
2873 614 2970 678 eis,
3005 624 3054 667 et
3081 615 3218 669 inter
3241 616 3361 670 illos
3391 620 3665 675 ambulabo
3694 645 3713 674 ι

2149 700 2167 770 (
2183 701 2244 754 11
2286 702 2407 756 Cor.
2458 717 2532 767 vr,
2574 703 2704 772 16).
2758 702 3008 758 Ostendit
3051 719 3181 759 vero
3223 706 3572 778 evangelista,
3623 727 3725 766 cur

2147 791 2408 845 dixisset:
2437 791 2639 846 Hiemis
2668 801 2928 861 tempore.
2962 792 3148 862 (Vsus.
3175 793 3291 866 24.)
3321 795 3482 862 Tunc,
3521 800 3721 870 inquit,

2147 881 2594 935 circumdederunt
2634 898 2753 935 eum
2787 881 2986 936 Iudaei.
3018 882 3499 942 Circumdederunt
3541 891 3726 960 itaque

2145 982 2270 1022 eum
2293 970 2601 1024 tentationis
2629 972 2819 1040 gratia,
2851 987 2958 1026 non
2983 975 3230 1030 veritatis
3255 981 3606 1045 agnoscenda:
3627 997 3720 1034 vo-

2144 1055 2368 1124 luntate,
2381 1067 2435 1114 et
2456 1059 2733 1114 dicebant:
2749 1061 3030 1132 Quousque
3050 1065 3279 1118 animam
3302 1077 3532 1122 nostram
3549 1071 3721 1125 tollis?

2145 1145 2207 1202 Si
2227 1157 2284 1200 tu
2311 1165 2364 1202 es
2393 1147 2650 1214 Christus,
2680 1149 2765 1204 dic
2823 1151 2968 1205 nobis
2994 1151 3190 1222 palam.
3217 1166 3240 1193 ο
3271 1154 3396 1211 Haec
3440 1173 3567 1212 vero
3612 1175 3724 1216 non

2142 1240 2428 1294 veritatem
2458 1241 2580 1295 fidei
2623 1242 2960 1312 inquirendo,
2999 1245 3093 1298 sed
3120 1245 3194 1299 illi
3221 1263 3380 1315 quem
3416 1247 3718 1322 interroga-

2141 1329 2290 1394 bant,
2323 1330 2623 1386 insidiando
2649 1340 2706 1386 et
2729 1333 3052 1387 calumniam
3099 1335 3419 1392 instruendo
3445 1339 3716 1403 dicebant,

2141 1427 2203 1472 ut
2250 1419 2552 1474 invenirent
2595 1423 2864 1490 quomodo
2914 1433 3234 1479 accusarent
3275 1441 3398 1480 eum
3423 1468 3438 1492 ,
3475 1429 3723 1485 nolentes

2140 1523 2263 1561 eum
2310 1512 2531 1564 credere
2579 1511 2768 1575 Deum,
2810 1513 2906 1567 sed
2946 1514 3216 1570 hominem
3250 1532 3445 1586 purum
3479 1529 3720 1574 tantum-

2140 1601 2300 1654 modo
2340 1601 2599 1667 futurum,
2635 1611 2687 1656 et
2722 1619 2903 1674 regem
2943 1607 3152 1662 caeteris
3177 1608 3428 1664 omnibus
3459 1613 3720 1666 excelsio-

2141 1705 2252 1744 rem
2281 1705 2398 1745 esse
2420 1701 2720 1746 venturum.
2751 1693 2863 1759 Qua
2881 1695 3042 1748 etiam
3067 1698 3332 1753 dementia
3356 1703 3717 1768 posteriorum

471 1789 566 1844 sed
595 1787 672 1842 illi
703 1787 970 1852 obdurati,
1010 1786 1182 1856 magis
1211 1799 1333 1840 eum
1377 1793 1585 1840 tentare
1623 1785 1858 1855 aggressi
1891 1793 2032 1849 sunt,
2071 1772 2112 1830 Β
2142 1778 2330 1850 [Beda,
2367 1782 2566 1850 posteri
2602 1781 2811 1854 eorum]
2853 1799 3023 1854 usque
3064 1785 3117 1838 in
3161 1801 3419 1856 praesens,
3459 1799 3514 1844 et
3542 1791 3718 1847 donec

469 1895 629 1948 quam
665 1879 843 1934 verbis
880 1878 1022 1932 illius
1060 1878 1298 1934 obedire.
1333 1877 1516 1946 (Vens.
1548 1877 1660 1948 22.)
1694 1875 1857 1930 Facta
1893 1887 2035 1941 sunt,

467 1967 643 2038 inquit
665 1967 1014 2038 evangelista,
1041 1968 1272 2021 encwnia
1296 1967 1351 2018 in
1381 1965 1776 2036 Hierosolymis,
1802 1974 1848 2020 et
1874 1966 2038 2020 hiems

466 2064 600 2119 erat,
629 2064 676 2109 et
718 2054 1018 2108 ambulabat
1058 2053 1212 2108 Iesus
1241 2055 1295 2107 in
1340 2053 1527 2123 templo
1568 2055 1622 2107 in
1653 2056 1858 2124 porticu,
1885 2054 2038 2108 Salo-

468 2147 654 2200 monis.
694 2163 712 2197 ς
741 2146 772 2186 1³
802 2146 1049 2199 Enctenia
1077 2154 1256 2198 autem
1285 2144 1575 2198 vocabatur
1602 2145 1912 2199 solemnitas
1942 2147 2036 2199 de-

468 2235 753 2291 dicationis
782 2234 983 2305 templi,
1012 2250 1171 2305 quam
1200 2234 1425 2304 populus
1452 2234 1544 2288 Dei
1575 2250 1640 2288 ex
1672 2236 1893 2303 antiqua
1933 2236 2036 2289 Pa-

469 2336 610 2380 trum
659 2327 944 2380 traditione
976 2341 1074 2396 per
1108 2339 1274 2379 annos
1307 2324 1542 2394 singulos
1586 2323 1858 2379 celebrare
1904 2339 2035 2378 con-

467 2426 734 2472 sueverat.
767 2417 874 2470 Sed
907 2417 1196 2470 notandum
1223 2424 1304 2469 est
1331 2414 1470 2483 quod
1499 2415 1612 2469 haec
1635 2415 1892 2478 enea-nia,
1919 2429 2037 2483 quae

468 2508 556 2563 hic
589 2508 858 2576 leguntur,
889 2522 994 2560 non
1039 2505 1104 2559 ad
1144 2505 1369 2575 primam
1415 2504 1596 2575 templi
1627 2505 2034 2569 dedicationem,

466 2597 562 2652 sed
594 2598 660 2652 ad
686 2597 926 2650 ultimam
956 2595 1251 2665 pertinent;
1282 2595 1421 2664 quod
1451 2610 1515 2650 ex
1551 2609 1616 2649 eo
1639 2594 1795 2650 facile
1833 2596 2036 2666 colligi-

465 2695 569 2752 tur,
610 2687 734 2756 quia
773 2687 948 2740 hieme
986 2686 1127 2740 facta
1176 2684 1501 2739 referuntur.
1549 2685 1728 2740 Prima
1770 2685 2033 2755 siquidem

465 2777 704 2848 ejusdem
735 2778 914 2846 templi
953 2779 1217 2833 dedicatio
1257 2796 1285 2832 a
1327 2778 1614 2834 Salomone
1660 2788 1901 2850 tempore
1943 2798 2036 2835 au-

467 2866 635 2920 tumni
677 2865 763 2938 (II
804 2863 989 2919 Paral.
1017 2865 1148 2937 vn);
1181 2870 1412 2921 secunda
1453 2877 1633 2922 autem
1676 2884 1706 2922 a
1741 2869 2035 2924 Zorobabel

464 2967 518 3014 et
543 2957 668 3013 Jesu
700 2958 977 3012 sacerdote
1009 2965 1248 3028 tempore
1268 2961 1411 3012 veris
1439 2956 1525 3031 (II
1549 2959 1706 3014 Esdr.
1735 2959 1844 3033 vi);
1877 2963 2032 3016 tertia

461 3063 493 3101 a
523 3045 657 3101 Juda
688 3046 990 3101 Machabaao
1019 3057 1257 3116 tempore
1282 3048 1475 3102 hiemis
1499 3057 1582 3102 est
1629 3048 1788 3116 facta,
1822 3052 2033 3120 quando

464 3141 772 3208 specialiter
799 3143 1152 3196 constitutum
1181 3159 1298 3198 esse
1323 3143 1537 3213 legitur,
1578 3155 1636 3199 ut
1661 3145 1847 3200 eadem
1877 3147 2030 3202 dedi-

464 3229 605 3282 catio
630 3245 728 3299 per
759 3245 947 3286 omnes
976 3246 1143 3286 annos
1171 3233 1223 3286 in
1243 3233 1554 3288 memoriam
1587 3233 1915 3290 solemnibus
1942 3250 2029 3289 re-

465 3330 754 3374 novaretur
779 3320 967 3376 olliciis
1011 3321 1208 3394 (Maeli.
1255 3323 1349 3394 tv).
1375 3323 1504 3389 Quae
1531 3325 1690 3378 etiam
1719 3327 1785 3379 ad
1825 3334 2032 3395 tempus

463 3425 631 3480 usque
653 3411 941 3466 Dominica:
961 3413 1344 3496 incarpationis
1374 3414 1654 3468 observata
1680 3415 1866 3480 fuisse,
1893 3418 2033 3472 sicut

463 3499 644 3567 modo,
677 3515 797 3557 cum
823 3501 1090 3574 legeretur
1113 3501 1477 3574 Evangelium,
1504 3504 1826 3560 audivimus.
1857 3526 1874 3557 ι
1903 3507 2032 3573 Qum

463 3590 628 3644 etiam
681 3589 946 3644 dedicatio
993 3591 1193 3645 salubri
1244 3593 1626 3647 consuetudine
1676 3594 1728 3646 in
1779 3594 2032 3649 Ecclesiis

464 3679 667 3733 Christi
711 3680 916 3733 servari
964 3681 1218 3733 moderno
1245 3689 1483 3750 tempore
1511 3682 1854 3752 dignoscitur.
1887 3683 2030 3738 Con-

464 3768 805 3821 siderandum
851 3776 935 3822 est
975 3784 1143 3838 quare
1179 3771 1502 3841 evangelista
1547 3773 1759 3835 dixerit,
1791 3775 1906 3830 haec
1932 3792 2028 3830 en-

465 3857 633 3912 czenia
679 3859 874 3913 hiemis
904 3867 1144 3929 tempore
1183 3860 1325 3916 facta
1367 3864 1518 3917 esse?
1547 3863 1776 3920 Omnino
1815 3878 2033 3936 propter

464 3946 715 4002 duritiam
763 3948 1070 4006 Iudzeorum
1115 3961 1169 4007 et
1216 3953 1602 4021 inﬁdelitatem,
1650 3972 1766 4026 quze
1816 3957 2032 4031 frigoris

465 4040 680 4095 nomine
706 4056 845 4112 sznpe
869 4043 1136 4115 designari
1167 4045 1379 4115 legitur.

533 4128 692 4184 Vens.
731 4130 820 4183 25.
844 4161 914 4169 —
938 4130 1004 4183 Et
1031 4131 1326 4185 ambulabat
1356 4132 1511 4187 Iesus
1533 4135 1587 4187 in
1615 4135 1803 4204 templo
1829 4137 1882 4188 in
1905 4153 2029 4206 por-

461 4223 570 4274 ticu
599 4220 915 4277 Salomonis.
946 4241 964 4274 ‹
1001 4223 1056 4278 Si
1083 4239 1212 4294 ergo
1241 4225 1332 4278 Dei
1371 4226 1536 4280 Filius
1565 4226 1837 4282 ambulare
1868 4229 2032 4283 voluit

464 4309 516 4364 in
543 4311 762 4382 templo,
795 4312 847 4366 in
885 4328 991 4383 quo
1024 4329 1151 4368 caro
1177 4322 1230 4368 et
1256 4316 1473 4384 sanguis
1500 4316 1777 4368 brutorum
1822 4317 2029 4370 anima-

462 4398 593 4455 lium
644 4401 988 4468 ol'fercbatur,
1039 4403 1206 4458 multo
1255 4405 1426 4475 magis
1479 4412 1717 4458 nostram
1771 4407 2030 4462 orationis

461 4490 700 4559 domum,
745 4493 837 4548 ubi
867 4494 1045 4549 carnis
1078 4494 1244 4564 ipsius
1285 4510 1348 4549 ac
1389 4495 1664 4564 sanguinis
1693 4505 2028 4552 sacramenta

461 4582 826 4649 celebrantur,
856 4585 1074 4639 visitare
1101 4585 1372 4656 gaudebit.
1405 4584 1460 4640 Si
1506 4586 1878 4654 perambulare
1925 4603 2030 4640 non

463 4673 707 4742 despexit
746 4675 1033 4744 porticum,
1065 4675 1116 4728 in
1140 4691 1244 4746 qua
1272 4690 1364 4729 rex
1403 4677 1671 4745 quondam
1704 4676 1947 4730 mortalis
1970 4692 2033 4731 ac

463 4772 729 4828 terrenus,
777 4764 1021 4831 quamvis
1061 4765 1463 4834 potentissimus
1497 4780 1560 4818 ac
1607 4765 2035 4834 sapientissimus

464 4853 533 4907 ad
573 4853 836 4908 orandum
863 4861 1006 4908 stare
1042 4854 1267 4919 solebat,
1302 4863 1504 4924 quanto
1537 4855 1709 4923 magis
1733 4853 2029 4923 penetralia

463 4941 704 4997 cordium
734 4948 1042 4996 nostrorum
1072 4943 1299 4998 invisere
1328 4951 1487 5012 atque
1523 4943 1791 4997 illustrare
1822 4943 2027 4999 deside-

466 5039 572 5097 rat,
605 5031 651 5086 si
687 5039 862 5084 tamen
891 5045 954 5083 ea
983 5032 1244 5098 porticum
1280 5049 1398 5086 esse
1440 5031 1762 5094 Salomonis,
1793 5031 1893 5086 hoc
1921 5043 2026 5101 est,

465 5124 512 5179 si
537 5139 599 5179 ea
621 5123 865 5178 timorem
890 5136 1046 5175 suum
1073 5121 1164 5190 qui
1190 5130 1270 5176 est
1292 5123 1502 5176 initium
1530 5123 1804 5193 sapientiae
1830 5124 2026 5180 habere

463 5210 827 5281 perspexerit?
854 5207 1038 5279 Neque
1064 5210 1206 5264 enim
1245 5211 1535 5278 putandum
1559 5221 1642 5267 est
1682 5213 1807 5283 quia
1835 5213 2026 5270 domus

464 5301 795 5357 solummodo
837 5302 892 5356 in
921 5317 1025 5373 qua
1052 5301 1119 5357 ad
1152 5302 1412 5358 orandum
1439 5301 1520 5358 vel
1562 5304 1627 5358 ad
1655 5306 1908 5374 mysteria
1938 5320 2026 5360 ce—

465 5390 719 5450 lebranda
764 5395 1115 5450 convenimus
1158 5395 1410 5466 templum
1447 5398 1517 5451 sit
1548 5397 1778 5461 Domini,
1823 5404 1878 5451 et
1919 5412 2024 5450 non

461 5479 564 5552 ipsi
585 5484 676 5554 qui
705 5485 756 5539 in
777 5486 992 5540 nomine
1012 5485 1222 5540 Domini
1244 5487 1592 5543 convenimus
1611 5487 1780 5541 multo
1801 5485 2027 5553 amplius

807 5612 877 5650 ue
900 5611 964 5650 ex
992 5606 1179 5652 sancto
1201 5598 1517 5655 Augustino.

869 5666 1087 5720 homilia
1117 5667 1172 5720 in
1196 5666 1536 5724 Dedit-alioue
1559 5668 1828 5722 Ecclesix.

533 5606 554 5631 ι·
593 5594 740 5648 llucu

532 5661 765 5716 bEch

2138 1870 2522 1926 Antichristum
2554 1889 2649 1943 pro
2670 1873 2885 1930 Christo
2913 1877 3226 1946 suscipiant,
3247 1895 3432 1934 errare
3462 1897 3567 1936 non
3595 1898 3716 1940 ces-

2137 1968 2277 2014 sant.
2306 1961 2372 2014 Et
2400 1963 2442 2016 si
2477 1977 2536 2016 se
2564 1962 2823 2020 Dominus
2849 1963 3004 2020 Jesus
3025 1966 3299 2022 Christum
3341 1984 3461 2024 esse
3492 1987 3719 2042 respon-

2136 2050 2322 2114 deret,
2373 2053 2681 2123 cogitabant
2732 2070 2855 2111 eum
2904 2058 3116 2112 tradere
3165 2063 3419 2129 potestati
3469 2066 3716 2131 prtesidis

2135 2141 2482 2209 puniendum,
2529 2144 2680 2211 quasi
2707 2155 2894 2199 contra
2924 2145 3220 2217 Augustum
3253 2165 3577 2220 repugnans,
3614 2155 3717 2210 illi-

2134 2230 2302 2282 citum
2332 2230 2433 2284 sibi
2459 2242 2743 2301 usurparet
2768 2234 3070 2304 imperium.
3103 2236 3210 2293 Sed
3238 2238 3352 2308 ipse
3384 2249 3584 2295 nostra:
3625 2260 3715 2297 sa-

2134 2317 2230 2372 luti
2271 2321 2577 2388 consulens,
2607 2333 2826 2394 propter
2861 2341 2998 2395 quos
3039 2327 3156 2382 hzec
3199 2330 3483 2385 scribenda
3531 2344 3712 2396 erant,

2137 2407 2211 2462 ita
2253 2425 2568 2479 responsum
2613 2415 2931 2482 temperavit
2969 2431 3148 2481 suum,
3187 2427 3245 2472 ut
3276 2427 3330 2472 et
3357 2421 3715 2477 calumniato-

2135 2513 2254 2551 rum
2292 2514 2388 2553 ora
2415 2500 2779 2568 concluderet,
2815 2512 2872 2558 et
2897 2505 3022 2573 quia
3051 2507 3296 2562 Christus
3335 2519 3420 2564 est
3453 2511 3603 2582 μὴ,
3628 2530 3715 2566 es-

2133 2590 2257 2661 set],
2290 2591 2450 2662 570
2485 2593 2732 2650 ﬁdelibus
2758 2607 2942 2665 aperta
2976 2614 3110 2653 voce
3139 2601 3416 2669 panderet.
3449 2603 3527 2656 Illi
3568 2607 3711 2658 enim

2134 2680 2200 2734 de
2230 2682 2445 2736 homine
2475 2682 2690 2738 Christo
2718 2687 3032 2754 quaerebant
3067 2707 3078 2741 :
3105 2689 3216 2758 ipse
3251 2699 3432 2744 autem
3463 2691 3712 2747 divinita—

2134 2772 2203 2826 tis
2230 2787 2358 2835 suze,
2392 2789 2496 2843 qua
2527 2775 2749 2845 aequalis
2775 2786 2857 2831 est
2891 2777 3054 2841 Patri,
3084 2780 3258 2848 palam
3299 2785 3553 2850 mysteria
3583 2800 3708 2837 nar-

2135 2872 2236 2916 rat.
2271 2883 2287 2914 ι
2325 2863 2462 2930 Quid
2491 2881 2619 2935 ergo
2640 2865 2807 2922 Judaei
2832 2870 3225 2926 circumdantes
3251 2873 3536 2928 Dominum
3563 2877 3710 2934 dixe-

2133 2960 2260 3005 runt
2281 2953 2575 3009 videamus.
2605 2955 2904 3027 Quousque,
2928 2959 3194 3028 inquiunt,
3219 2962 3448 3015 animum
3478 2976 3710 3020 nostram

2133 3044 2310 3098 tollis?
2336 3044 2393 3100 Si
2419 3057 2475 3100 tu
2510 3065 2562 3102 es
2594 3047 2848 3112 Christus,
2887 3053 2971 3105 dic
3001 3054 3147 3108 nobis
3177 3056 3371 3124 palam.
3417 3058 3530 3112 Non
3561 3063 3713 3115 venit

2055 3106 2102 3168 ο
2133 3133 2380 3189 Christus
2409 3136 2461 3188 in
2490 3152 2548 3191 se
2574 3139 2917 3194 credentibus
2955 3106 3198 3195 animamr
3221 3143 3420 3208 tollere,
3455 3148 3552 3202 sed
3590 3149 3715 3203 ani—

2133 3239 2274 3277 mam
2311 3225 2600 3282 vivilicare.
2645 3227 2748 3283 Sed
2781 3230 2878 3301 ipsi
2909 3233 3010 3286 sibi
3039 3232 3207 3288 Judaei
3243 3237 3466 3289 animam
3490 3253 3594 3305 per
3616 3238 3708 3294 fn-

2133 3314 2442 3370 fldelitatem
2475 3317 2728 3383 tulerunt,
2780 3320 2870 3388 qui
2915 3329 3122 3377 tentare
3163 3323 3451 3387 Christum,
3493 3343 3601 3380 non
3649 3329 3710 3383 in

2131 3401 2402 3458 Christum
2451 3407 2670 3461 credere
2709 3410 3016 3478 congregati
3065 3421 3205 3466 sunt.
3234 3412 3414 3483 (Vens.
3443 3414 3557 3485 9.5.)
3610 3415 3714 3469 Rc-

2130 3494 2334 3562 spondit
2362 3497 2434 3548 eis
2461 3495 2615 3548 Iesus
2643 3494 2890 3567 :Loquor
2911 3499 3072 3562 vobis,
3108 3513 3154 3554 et
3181 3519 3283 3555 non
3315 3504 3547 3557 creditis.
3576 3505 3712 3559 Pro-

2130 3583 2246 3652 prie
2291 3585 2524 3638 ostendit
2559 3586 2680 3653 quis
2722 3595 2880 3649 esset,
2916 3589 3042 3643 dum
3085 3591 3220 3644 dixit
3249 3610 3262 3645 :
3294 3593 3501 3663 Loquor
3541 3595 3703 3657 eam,

2131 3672 2184 3726 id
2229 3683 2332 3737 est,
2379 3675 2615 3730 Verbum
2656 3676 2748 3731 Dei
2793 3687 3115 3735 coaeternum
3159 3683 3306 3738 Patri
3340 3687 3504 3754 :quia
3545 3702 3706 3755 opera

2131 3778 2250 3833 qua!
2291 3764 2418 3818 facit
2450 3767 2502 3820 in
2547 3768 2761 3823 nomine
2792 3768 2966 3825 Patris
3010 3772 3376 3828 testimonium
3423 3777 3707 3845 perhibent

2129 3857 2273 3925 quod
2299 3866 2383 3911 est
2409 3857 2573 3913 Filius
2599 3859 2711 3920 Dei,
2745 3861 2836 3928 qui
2861 3861 3081 3931 gloriam
3110 3879 3260 3917 suam
3301 3881 3408 3919 non
3436 3866 3703 3935 qumsivit,

2130 3943 2224 3998 sed
2259 3945 2375 4014 ejus
2411 3947 2503 4014 qui
2539 3947 2685 4001 misit
2725 3948 2894 4013 illum,
2925 3951 3049 4019 quia
3085 3967 3190 4004 una
3219 3961 3302 4007 est
3326 3953 3496 4022 gloria
3531 3954 3706 4008 Patris

2128 4041 2184 4086 et
2208 4032 2348 4087 Filii.
2391 4033 2498 4088 Sed
2538 4036 2676 4091 hanc
2709 4036 2868 4092 ﬁdem
2913 4039 3074 4094 corda
3120 4042 3413 4097 infidelium
3458 4045 3705 4114 accipere

2130 4121 2507 4190 nequiverunt,
2536 4125 2601 4178 de
2626 4127 2821 4194 quibus
2847 4129 2922 4182 ait
2951 4143 2966 4181 :
2999 4129 3181 4200 (Vens.
3208 4132 3321 4203 26.)
3358 4133 3464 4189 Sed
3487 4151 3574 4188 vos
3603 4151 3707 4188 non

2130 4213 2375 4278 creditis;
2400 4229 2728 4285 causamque
2754 4219 2927 4273 reddit
2956 4235 3054 4274 cur
3083 4237 3188 4277 non
3217 4224 3501 4280 crederent
3525 4244 3538 4280 :
3567 4225 3704 4292 Quia

2133 4318 2233 4356 non
2275 4305 2396 4358 estis
2438 4321 2504 4359 ea:
2544 4307 2722 4362 ovibus
2777 4311 2924 4364 meis.
2968 4329 2985 4361 ι
3015 4310 3041 4350 ἀ
3070 4312 3209 4367 Oves
3249 4325 3374 4369 sunt
3415 4317 3700 4381 credendo,

2130 4405 2260 4446 oves
2304 4402 2429 4447 sunt
2468 4403 2740 4464 pastorem
2767 4401 3056 4469 sequendo,
3085 4417 3212 4458 oves
3248 4415 3374 4458 sunt
3407 4407 3706 4476 redempto-

2133 4498 2248 4537 rem
2277 4500 2380 4538 non
2403 4489 2824 4554 contemnendo;
2855 4506 2983 4545 oves
3004 4499 3128 4546 sunt
3155 4508 3252 4562 per
3273 4495 3472 4549 ostium
3502 4495 3705 4550 intran-

2132 4575 2222 4639 do,
2249 4590 2376 4631 oves
2404 4587 2529 4632 sunt
2566 4581 2830 4644 exeundo,
2865 4589 2920 4635 et
2953 4597 3148 4650 pascua
3193 4584 3527 4640 inveniendo.
3556 4586 3705 4651 Quo-

2133 4665 2290 4720 modo
2311 4682 2442 4735 ergo
2464 4668 2579 4723 istis
2600 4669 2736 4724 dixit
2762 4687 2775 4722 :
2804 4670 2926 4725 Non
2951 4672 3072 4726 estis
3092 4688 3155 4725 ex
3178 4674 3355 4727 ovibus
3381 4691 3506 4728 meis
3524 4676 3548 4728 1’
3567 4676 3704 4740 Quia

2132 4755 2348 4810 videbat
2396 4773 2490 4812 eos
2533 4760 2601 4813 ad
2661 4761 3044 4830 sempiternam
3095 4761 3303 4816 futuros
3347 4764 3704 4833 perditionem

2136 4843 2319 4918 [Aug.,
2368 4849 2436 4904 ad
2481 4850 2863 4920 sempiternum
2916 4849 3192 4904 interitum
3239 4853 3704 4923 prmdestinatos],

2135 4952 2239 4991 non
2265 4939 2330 4992 ad
2351 4939 2516 4993 vitam
2544 4951 2796 4994 aeternam
2825 4941 2905 4995 sui
2936 4940 3209 5010 sanguinis
3227 4943 3401 5010 pretio
3425 4959 3707 5012 compara-

2134 5033 2235 5082 tos.
2280 5047 2300 5081 ι
2343 5027 2526 5099 (Vens.
2557 5029 2648 5095 27,
2677 5029 2792 5101 28.)
2835 5028 2965 5083 Oves
3005 5045 3134 5082 mea:
3179 5045 3348 5083 vocem
3397 5047 3562 5084 meam
3604 5049 3708 5085 au-

2131 5117 2303 5184 diunt,
2350 5129 2398 5173 et
2437 5137 2530 5190 ego
2573 5137 2821 5190 cognosco
2862 5135 2972 5182 eas,
3003 5128 3050 5172 et
3076 5130 3363 5189 sequuntur
3404 5137 3506 5185 me,
3534 5133 3582 5174 et
3606 5138 3706 5191 ego

2130 5211 2287 5264 vitam
2332 5222 2578 5266 wternam
2621 5211 2689 5265 do
2728 5211 2820 5265 eis.
2876 5211 3016 5265 Dicit
3061 5211 3206 5266 enim
3235 5228 3248 5263 :
3280 5208 3544 5281 Cognosce
3589 5229 3700 5266 eas.

2131 5303 2471 5360 Consuetudo
2505 5313 2704 5360 sancta:
2732 5303 3024 5372 Scriptura:
3071 5311 3154 5359 est
3198 5303 3377 5357 dicere
3415 5303 3704 5358 Dominum

2131 5407 2310 5458 nosse,
2349 5393 2606 5464 quidquid
2633 5393 2814 5463 elegit,
2843 5391 3096 5461 Apostolo
3123 5391 3334 5445 dicente
3361 5407 3375 5444 :
3413 5391 3568 5445 Novit
3595 5391 3706 5445 Do-

2131 5483 2324 5546 minus,
2347 5484 2435 5552 qui
2453 5491 2571 5537 sunt
2594 5483 2706 5553 ejus
2728 5483 2810 5555 (ll
2837 5482 2969 5537 Tim.
3002 5499 3063 5546 ll,
3096 5482 3208 5552 l9);
3233 5491 3284 5535 et
3313 5481 3439 5536 illud
3468 5479 3698 5538 nescire.

2202 5606 2222 5631 ε
2266 5595 2343 5650 Ex
2371 5595 2530 5661 Beda,
2554 5596 2672 5652 loco
2696 5597 2880 5652 citato.

2199 5663 2222 5701 δ
2265 5664 2340 5719 Ex
2373 5664 2428 5721 S.
2455 5660 2613 5737 Aug,
2645 5675 2803 5722 tract.
2837 5681 3022 5728 XLVIII,
3053 5678 3200 5718 num.
3231 5663 3282 5722 4,
3315 5660 3365 5713 ΰ.
