3992 6184
265 395 368 451 893
1067 391 1473 448 ΕΧΕΟΕἩΟΑ.
1513 419 1582 433 ——
1616 393 1852 448 COMME

1955 430 1965 442 .
2007 389 2072 443 IN
2111 387 2300 443 JOAN.
2341 419 2407 428 —-
2433 387 2558 442 LIB.
2602 388 2662 438 γ.
3257 423 3260 428 -
3379 387 3486 442 ειη

268 508 408 580 quod
435 522 541 561 non
569 505 826 574 approbat
851 505 1067 574 dignum
1097 506 1217 560 vitae
1243 514 1478 560 ateriae.
1505 505 1656 559 Unde
1681 513 1736 558 et
1763 502 1830 557 ad
1861 506 1910 565 Α
1935 500 2235 555 execranda
2283 499 2618 554 monstravit.
2667 519 2683 550 ι
2721 499 3060 554 Cont‘cescat
3105 498 3369 554 Sabellius
3407 516 3505 555 aue

269 601 460 670 impios
488 599 730 653 dicturus
755 597 858 651 erit
881 615 893 649 :
929 597 1049 650 Non
1081 598 1199 650 novi
1233 613 1324 650 vos
1351 595 1566 665 (Matth.
1592 611 1693 659 vn,
1721 596 1834 666 25).

269 689 528 760 Sequitur
565 688 630 742 de
674 687 903 741 ovibus:
936 686 1004 739 Et
1038 703 1130 756 ego
1168 686 1320 739 vitam
1350 696 1595 738 (eternam
1634 686 1701 738 do
1741 684 1836 737 eis.

270 780 397 834 Haec
421 786 545 833 sunt
571 792 771 847 pascua
799 792 919 846 qua:
944 776 1190 845 superius
1221 775 1467 844 promisit
1486 775 1676 828 ovibus
1703 774 1837 837 suis,

269 869 362 923 ubi
403 866 546 921 nulla
588 867 753 920 herba
791 865 1006 929 arescit,
1055 873 1221 918 totum
1263 865 1418 928 viret,
1461 872 1629 918 totum
1672 862 1838 932 viget,

273 966 444 1012 totum
482 957 748 1025 integrum
787 964 1094 1024 permanet;
1121 962 1175 1008 et
1209 953 1463 1023 quidquid
1499 951 1664 1008 semel
1700 951 1842 1007 acci-

273 1049 441 1117 pitur,
469 1059 682 1112 semper
703 1044 947 1097 habetur.
976 1042 1046 1095 Et
1077 1059 1178 1096 non
1214 1043 1451 1111 peribunt
1488 1042 1541 1094 iu
1567 1049 1837 1093 a’ternum.

275 1135 376 1188 llic
404 1133 825 1188 subaudiendum
866 1141 970 1194 est,
999 1131 1266 1200 quomodo
1298 1145 1394 1184 vos
1421 1128 1686 1198 peribitis,
1715 1126 1841 1195 quia

276 1244 383 1284 non
411 1226 541 1281 estis
561 1240 626 1278 ex
651 1226 842 1279 ovibus
869 1223 1020 1277 nzeis.
1043 1222 1112 1275 Et
1143 1239 1246 1276 non
1275 1221 1435 1291 rapiet
1459 1237 1546 1274 eas
1571 1219 1843 1289 quisquam

277 1319 342 1370 de
368 1331 526 1369 manu
554 1331 692 1376 mea,
722 1312 775 1366 id
804 1323 908 1376 est,
939 1313 1004 1367 de
1029 1319 1291 1380 potestate
1328 1324 1464 1364 mea.

351 1406 514 1460 Vens.
537 1403 626 1459 29.
648 1433 720 1443 -
744 1401 906 1456 Pater
931 1419 1098 1465 meus,
1139 1401 1276 1472 quod
1305 1400 1446 1453 dedit
1484 1399 1633 1462 mihi,
1672 1397 1844 1465 majus

278 1504 354 1546 est
383 1494 638 1547 omnibus.
667 1492 818 1558 Quod
843 1492 989 1547 dedit
1016 1491 1174 1545 Pater
1198 1490 1334 1544 Filio
1357 1488 1528 1557 majus
1556 1499 1638 1542 est
1674 1486 1846 1541 omni-

279 1585 402 1650 bus,
441 1593 502 1638 ut
540 1585 652 1653 ipse
699 1584 773 1637 illi
819 1592 962 1637 esset
1005 1583 1310 1653 unigenitus
1364 1581 1550 1642 Filius,
1603 1578 1846 1648 aequalis,

278 1675 776 1731 consubstantialis.
805 1674 944 1741 Quid
993 1683 1074 1729 est
1119 1675 1262 1744 quod
1307 1674 1488 1728 dedit?
1535 1673 1729 1741 Utique
1770 1671 1849 1740 gi-

280 1767 492 1836 gnendo
531 1767 696 1830 dedit,
751 1767 877 1836 quia
919 1782 1024 1820 non
1077 1767 1336 1820 minorem
1377 1765 1476 1820 sibi
1505 1765 1709 1834 genuit,
1741 1777 1845 1816 non

282 1865 524 1924 tempore
568 1856 955 1925 posteriorem,
1002 1857 1097 1910 sed
1141 1863 1489 1918 coaeternum,
1528 1853 1642 1907 sine
1696 1851 1847 1906 initio

281 1946 540 2014 temporis
565 1959 777 2014 semper
819 1945 1006 2000 Deum.
1039 1963 1058 1995 ι
1088 1943 1204 2000 Non
1251 1953 1335 1998 est
1371 1943 1652 1998 dicendum
1676 1983 1690 2005 ,
1741 1957 1848 1994 non

281 2040 422 2097 crat,
451 2029 735 2103 antequam
773 2042 930 2088 natus
961 2041 1078 2088 erat
1106 2051 1119 2086 :
1147 2048 1416 2101 nunquam
1448 2032 1589 2085 enim
1620 2047 1723 2085 non
1756 2045 1849 2082 na-

285 2136 372 2179 tus
405 2135 542 2189 erat,
567 2126 658 2194 qui
691 2124 834 2178 Patri
861 2133 1163 2179 cozeternus
1183 2131 1319 2178 erat.
1353 2121 1452 2187 Qui
1482 2122 1642 2191 sapit,
1672 2120 1846 2188 capit;

283 2219 373 2286 qui
415 2233 518 2273 non
547 2219 710 2287 capit,
737 2220 923 2272 credat
955 2236 966 2270 :
1001 2219 1265 2271 nutriatur
1300 2214 1424 2279 ﬁde,
1467 2222 1523 2268 ut
1566 2213 1732 2283 possit
1761 2226 1850 2265 ca-

282 2321 411 2373 pere
439 2307 671 2362 Verbum
704 2307 821 2370 Dei,
855 2306 979 2373 quia
1010 2306 1240 2360 Verbum
1267 2305 1454 2359 Filius.
1481 2303 1704 2370 Semper
1723 2314 1852 2370 ergo

283 2394 471 2460 Filius,
506 2404 561 2450 et
589 2411 797 2465 semper
820 2396 1061 2464 mqualis.
1096 2396 1208 2450 Non
1238 2396 1379 2449 enim
1409 2393 1718 2455 crescendo,
1758 2389 1850 2443 sed

284 2485 554 2538 nascendo
595 2485 818 2555 aequalis
859 2493 963 2549 est,
1004 2485 1096 2554 qui
1130 2499 1343 2553 semper
1387 2491 1548 2536 natus
1587 2482 1651 2535 de
1693 2480 1853 2533 Patre

283 2572 473 2636 Filius,
505 2574 569 2628 de
608 2573 718 2630 Deo
764 2574 927 2637 Deus,
966 2574 1032 2627 de
1077 2582 1278 2627 interno
1323 2579 1639 2627 coaeternus.
1695 2569 1853 2623 Pater

283 2670 465 2716 autem
515 2679 620 2716 non
667 2664 732 2717 de
785 2661 1340 2717 FilioDeus:Filius
1383 2663 1450 2715 de
1496 2661 1652 2714 Patre
1691 2659 1849 2713 Deus.

285 2752 406 2806 lleo
433 2752 594 2808 Pater
620 2752 756 2807 Filio
802 2752 1068 2824 gignendo
1109 2751 1253 2806 dedit
1296 2759 1356 2804 ut
1398 2750 1538 2803 Deus
1565 2758 1736 2812 esset;
1770 2748 1852 2817 gi-

284 2843 496 2910 gnendo
535 2842 679 2896 dedit
714 2851 773 2896 ut
810 2841 1034 2911 aqualis
1057 2849 1221 2904 esset,
1247 2840 1347 2893 hoc
1372 2847 1476 2904 est,
1505 2840 1644 2909 quod
1685 2839 1855 2908 majus

284 2942 373 2986 est
402 2934 670 2987 omnibus.
711 2953 729 2984 ι
760 2933 881 2987 Ideo
929 2931 1260 2986 transcendit
1283 2931 1383 2984 iste
1405 2927 1640 2984 Joannes
1666 2945 1854 2984 omnes

285 3023 596 3077 altitudines
630 3031 1021 3086 creaturarum,
1047 3031 1101 3076 et
1128 3021 1292 3075 millia
1329 3020 1598 3074 exercitus
1643 3018 1858 3086 angelo-

288 3128 432 3174 rum,
469 3120 523 3164 et
564 3127 753 3181 magna
793 3112 995 3176 omnia,
1028 3129 1046 3161 ι
1077 3121 1130 3164 ει
1171 3111 1414 3180 pervenit
1442 3109 1510 3164 ad
1554 3108 1682 3163 illud
1713 3108 1853 3178 quod

286 3203 464 3272 majus
496 3211 578 3256 est
615 3201 886 3263 omnibus,
913 3208 968 3253 ct
996 3201 1167 3254 dixit:
1196 3198 1262 3252 In
1300 3198 1550 3268 principio
1576 3207 1686 3250 erat
1726 3195 1852 3250 Ver-

289 3291 432 3356 bum,
463 3301 512 3343 et
548 3289 767 3344 Verbum
805 3299 914 3343 erat
943 3288 1081 3359 apud
1122 3288 1310 3351 Deum,
1337 3297 1384 3341 et
1409 3287 1550 3340 Deus
1587 3296 1698 3340 erat
1732 3285 1857 3339 Ver—

289 3383 410 3434 bum
446 3381 625 3450 (Joan.
660 3398 698 3445 ι,
734 3382 802 3448 1).
847 3382 958 3434 lloc
985 3389 1085 3443 est,
1114 3380 1254 3448 quod
1279 3379 1449 3448 majus
1477 3379 1726 3433 omnibus
1751 3387 1855 3442 est,

291 3471 304 3523 i
329 3472 342 3522 l
367 3479 468 3535 est,
499 3479 558 3524 ut
577 3472 678 3524 sim
706 3471 939 3524 Verbum
971 3468 1106 3537 ejus,
1137 3476 1193 3521 ut
1219 3469 1318 3520 sim
1359 3467 1662 3537 unigenitus
1691 3467 1860 3521 Filius

291 3562 430 3629 ejus,
468 3569 528 3615 ut
558 3562 658 3616 sim
689 3561 936 3629 splendor
977 3559 1111 3613 lucis
1152 3558 1284 3626 ejus.
1333 3559 1456 3613 ldeo
1488 3574 1642 3613 nemo
1689 3560 1862 3627 rapiet

292 3668 420 3706 oves
454 3653 519 3706 de
561 3669 717 3706 manu
764 3669 902 3716 mea,
931 3659 985 3704 et
1011 3665 1164 3705 nemo
1193 3660 1370 3720 potest
1392 3667 1576 3719 rapere
1606 3653 1670 3706 de
1699 3667 1858 3705 manu

296 3742 471 3796 Patris
505 3744 629 3795 mei.
665 3763 681 3793 ι
710 3743 893 3796 Manus
922 3741 1096 3795 Patris
1120 3751 1176 3795 et
1214 3757 1404 3795 manus
1429 3741 1571 3806 Filii,
1602 3757 1708 3794 una
1748 3755 1861 3794 ma-

294 3847 396 3884 nus
416 3840 520 3896 est,
545 3832 596 3886 id
624 3840 726 3895 est,
757 3848 857 3884 uua
887 3840 1157 3898 potestas:
1182 3832 1306 3898 quia
1329 3845 1433 3882 una
1461 3829 1728 3887 divinitas,
1756 3841 1861 3878 una

297 3921 570 3990 majestas,
598 3938 703 3973 una
743 3921 1036 3982 aeternitas,
1066 3935 1169 3972 una
1196 3918 1490 3985 mqualitas.
1524 3916 1692 3979 Quam
1719 3914 1864 3965 vide-

295 4014 423 4066 licet
445 4013 821 4078 aequalitatem,
853 4013 964 4079 ipse
989 4013 1244 4064 Dominus
1267 4012 1317 4063 in
1347 4010 1626 4063 divinitate
1653 4007 1861 4070 habuit,

296 4103 609 4172 priusquam
641 4102 869 4154 mundus
909 4108 1052 4154 esset
1094 4101 1232 4167 apud
1270 4099 1502 4161 Patrem,
1534 4099 1648 4166 ipse
1676 4097 1728 4151 in
1758 4098 1862 4151 hu-

299 4193 524 4246 militate
551 4191 703 4264 [Ms.,
735 4190 1092 4263 humanitate]
1115 4205 1181 4245 ex
1211 4199 1448 4259 tempore
1480 4191 1865 4246 incarnationis

297 4280 525 4347 accepit.

373 4368 438 4420 Et
463 4384 608 4420 nemo
622 4377 781 4438 potest
807 4383 986 4437 rapere
1004 4367 1068 4420 de
1082 4384 1240 4420 manu
1256 4366 1432 4420 Patris
1446 4367 1565 4420 mei.
1587 4384 1605 4416 ‹
1628 4380 1652 4407 α
1670 4367 1866 4436 Aperte

1939 590 2092 644 diens
2118 608 2128 641 :
2156 589 2269 658 Ego
2297 599 2345 642 et
2387 587 2563 650 Pater,
2609 589 2700 656 qui
2731 605 2889 642 unam
2933 603 3218 657 personam
3249 588 3424 644 Patris
3450 598 3508 644 et

1935 677 2056 732 Filii
2086 693 2249 747 prava
2270 677 2512 732 doctrina
2539 677 2821 739 disseruit;
2850 693 2970 734 nam
2993 694 3084 746 ego
3113 687 3162 730 et
3185 674 3367 741 Pater,
3389 678 3508 732 dua:

1936 777 2062 822 sunt
2088 783 2348 835 personae.
2375 768 2506 821 ltem
2535 767 2817 820 erubescat
2851 766 3012 819 Arius
3035 766 3258 820 audiens
3283 783 3298 820 :
3331 764 3522 821 Unum.

1935 871 2133 916 sumus,
2175 856 2265 922 qui
2303 853 2438 908 duas
2479 861 2697 906 naturas
2739 854 2792 906 in
2832 853 2993 925 Patre
3027 862 3082 906 et
3127 851 3262 906 Filio
3290 854 3508 919 astruit,

1939 946 2064 999 dum
2105 960 2267 996 unum
2299 959 2461 997 unam
2508 951 2755 996 naturam
2791 942 3079 1012 signiﬁcat,
3123 941 3263 996 sicut
3305 959 3510 1005 sumus,

1940 1035 2075 1088 duas
2103 1048 2379 1102 personas.
2421 1031 2722 1100 Sequamur
2761 1031 3110 1099 apostolicam
3138 1032 3318 1093 ﬁdem,
3348 1048 3508 1100 quam

1940 1125 2128 1178 beatus
2154 1123 2348 1177 Petrus
2377 1123 2628 1191 princeps
2655 1122 3019 1191 apostolorum
3065 1121 3344 1176 confessus
3383 1131 3468 1177 est
3495 1141 3506 1174 :

1945 1213 2021 1267 Tu
2043 1230 2095 1268 es
2121 1213 2359 1267 Christus
2382 1213 2557 1266 Filius
2581 1212 2672 1266 Dei
2695 1213 2790 1266 viri
2811 1211 3025 1282 (Matth.
3052 1228 3167 1276 xvi,
3191 1211 3298 1281 16).
3325 1231 3344 1262 ‹
3374 1213 3401 1252 ι)
3421 1211 3514 1266 Ju-

1941 1303 2042 1358 dtei
2083 1303 2330 1358 videlicet
2373 1303 2536 1357 verba
2565 1303 2774 1356 Domini
2823 1303 3120 1366 audientes,
3150 1311 3203 1356 et
3237 1300 3519 1370 hucusque

1943 1397 2339 1459 sustinuerunt;
2383 1395 2509 1449 dum
2533 1410 2659 1450 vero
2685 1395 2758 1448 ait
2781 1409 2795 1447 :
2822 1394 2935 1463 Ego
2974 1403 3021 1446 et
3049 1391 3211 1445 Pater
3235 1408 3395 1445 unum
3425 1409 3516 1445 su-

1944 1508 2083 1554 mus,
2119 1505 2225 1544 non
2251 1489 2602 1558 pertulerunt,
2639 1488 2729 1542 sed
2758 1502 2908 1541 more
2938 1501 3036 1540 suo
3064 1484 3182 1539 duri
3219 1486 3285 1538 ad
3313 1484 3515 1552 lapides

1945 1589 2318 1645 cucurrerunt,
2349 1581 2488 1634 sicut
2514 1579 2836 1649 evangelista
2865 1578 2992 1633 dicit
3018 1595 3031 1631 :
3061 1577 3242 1646 (Vens.
3268 1574 3381 1643 51.)
3409 1572 3516 1626 Tu-

1946 1671 2118 1723 lerunt
2146 1669 2363 1740 lapides,
2396 1678 2449 1722 ut
2480 1668 2771 1738 lapidarent
2796 1685 2932 1721 eum.
2961 1666 3217 1720 Dominus
3240 1665 3330 1734 qui
3359 1663 3514 1735 [Ms.,

1950 1759 2099 1830 quia]
2141 1775 2244 1813 non
2273 1758 2598 1828 patiebatur,
2630 1758 2769 1826 quod
2797 1757 3010 1811 nolebat
3050 1756 3182 1825 pati,
3217 1763 3271 1808 et
3301 1770 3405 1808 non
3431 1763 3516 1808 est

1879 1822 1923 1882 Β
1951 1822 2162 1920 passus,
2185 1822 2290 1902 nisi
2325 1849 2466 1918 quod
2495 1822 2663 1901 voluit
2686 1847 2819 1915 pati,
2849 1845 3023 1901 adhuc
3051 1822 3142 1900 eos
3164 1844 3399 1912 lapidare
3422 1858 3516 1897 cu-

1949 1941 2156 2010 pientes
2191 1939 2498 2007 alloquitur.
2525 1935 2857 1992 Sustulerunt
2898 1934 3075 1989 Juda’i
3117 1933 3332 2003 lapides,
3365 1941 3419 1984 ut
3440 1931 3519 1986 la-

1947 2030 2185 2101 pidarent
2211 2028 2380 2082 illum.

2021 2139 2184 2194 Vens.
2216 2139 2305 2202 52,
2328 2139 2417 2191 53.
2445 2167 2515 2187 —-.
2546 2135 2825 2205 Respondit
2847 2135 2920 2188 eis
2957 2132 3111 2187 Iesus
3133 2146 3150 2183 :
3172 2131 3340 2185 Multa
3363 2147 3520 2200 opera

1949 2229 2083 2282 bona
2111 2227 2310 2281 ostendi
2339 2226 2479 2280 vobis
2499 2241 2563 2278 ea:
2592 2223 2750 2277 Patre
2775 2239 2910 2286 meo,
2937 2231 3144 2290 propter
3171 2219 3308 2286 quod
3338 2235 3517 2270 eorum

1949 2335 2077 2388 opus
2099 2316 2441 2387 melapidatis
2465 2315 2490 2367 ?
2509 2313 2576 2366 Et
2604 2312 2683 2366 illi
2709 2311 3078 2381 responderunt
3102 2307 3209 2362 :De
3235 2307 3365 2360 bono
3394 2322 3516 2374 ope-

1952 2423 2008 2460 re
2027 2423 2127 2460 non
2152 2404 2449 2474 lapidamus
2474 2412 2541 2466 te,
2565 2401 2653 2455 sed
2683 2401 2746 2453 de
2775 2396 3252 2469 blasphemia,quia
3281 2404 3335 2448 tu
3367 2393 3522 2446 homo

1952 2511 2070 2548 cum
2091 2495 2184 2556 sis,
2207 2493 2340 2561 facis
2367 2501 2414 2543 te
2438 2492 2608 2560 ipsum
2626 2489 2816 2542 Deum.
2841 2487 2921 2542 Ad
2949 2487 3076 2540 illud
3098 2487 3202 2540 hoc
3229 2483 3521 2552 responde-

1955 2591 2100 2646 runt,
2123 2581 2266 2651 quod
2284 2579 2495 2633 dixerat
2535 2596 2546 2628 :
2580 2577 2692 2646 Ego
2716 2587 2762 2630 et
2786 2576 2946 2629 Pater
2968 2592 3130 2628 unum
3156 2591 3354 2626 sumus.
3385 2574 3522 2627 Ecce

1952 2671 2120 2726 Judzni
2151 2669 2532 2724 intellexerunt
2551 2665 2686 2734 quod
2710 2665 2891 2719 Ariani
2919 2679 3022 2716 non
3053 2663 3370 2732 intelligunt.
3399 2662 3523 2714 Ideo

1954 2761 2098 2815 enim
2131 2758 2251 2813 irati
2281 2764 2425 2822 sunt,
2456 2755 2705 2824 quoniam
2759 2760 3044 2807 senserunt
3070 2767 3174 2806 non
3202 2765 3358 2818 posse
3396 2748 3524 2814 dici,

1955 2851 2068 2920 Ego
2091 2859 2138 2903 et
2163 2848 2322 2901 Pater
2349 2863 2508 2900 unum
2533 2860 2736 2908 sumus,
2768 2843 2867 2897 nisi
2888 2842 2978 2895 ubi
3001 2841 3280 2910 :cqualitas
3317 2847 3399 2892 est
3426 2838 3527 2892 Pa-

1959 2940 2055 2996 tris
2088 2948 2143 2993 et
2165 2937 2303 2992 Filii.
2335 2955 2352 2985 ι
2387 2935 2643 2988 Dominus
2669 2943 2843 2987 autem
2875 2933 3006 2985 vidit
3029 2931 3154 2999 quid
3177 2929 3528 2998 responderet

1956 3029 2155 3101 pravis.
2191 3027 2336 3081 Vidit
2365 3040 2458 3079 eos
2489 3039 2594 3078 non
2632 3023 2773 3077 ferre
2807 3021 3145 3090 splendorem
3182 3017 3444 3078 veritatis,
3472 3025 3528 3069 et

1958 3136 2052 3176 eos
2098 3118 2323 3173 tentavit
2350 3117 2404 3170 in
2430 3115 2610 3168 verbis
2641 3112 2823 3184 [Aug.,
2853 3120 2908 3164 et
2949 3126 3071 3165 eum
3128 3109 3446 3177 temperavit
3472 3107 3524 3159 in

1958 3208 2178 3279 verbis].
2226 3207 2412 3260 Nonne
2437 3204 2685 3272 scriptum
2709 3212 2781 3255 est
2822 3203 2873 3253 in
2918 3201 3025 3269 lege
3074 3208 3241 3252 vestra
3270 3214 3288 3262 ;
3318 3197 3368 3249 id
3423 3204 3525 3257 est,

1955 3299 2105 3354 vobis
2143 3298 2263 3351 data
2297 3313 2310 3349 :
2344 3294 2479 3360 Quia
2505 3309 2596 3363 ego
2625 3293 2755 3354 dixi,
2787 3291 2861 3344 dii
2895 3291 3057 3343 esfis?
3087 3289 3226 3342 Deus
3265 3287 3396 3341 dicit
3435 3299 3532 3354 per

1954 3389 2276 3456 Prophetam
2299 3387 2350 3439 in
2377 3384 2582 3454 psalmo
2608 3383 2950 3436 hominibus:
2990 3379 3101 3448 Ego
3132 3378 3263 3441 dixi,
3296 3375 3384 3428 Dii
3410 3374 3531 3427 estis

1959 3480 2183 3552 (Psalm.
2218 3493 2399 3540 um,
2425 3475 2480 3545 6)
2511 3493 2523 3538 ;
2558 3483 2612 3528 ct
2653 3474 2820 3542 legem
2843 3470 3130 3544 appellavit
3157 3467 3415 3521 Dominus
3443 3477 3532 3529 ge-

1960 3570 2212 3624 neraliter
2236 3580 2422 3620 omnes
2450 3564 2571 3618 illas
2597 3563 2905 3630 Scripturas
2936 3578 2947 3611 :
2981 3557 3224 3626 quamvis
3252 3553 3378 3607 alibi
3411 3569 3533 3620 spe-

1960 3659 2166 3713 cialiter
2190 3657 2334 3710 dicat
2367 3655 2558 3721 legem,
2603 3667 2633 3704 a
2674 3648 2953 3718 prophetis
3004 3662 3122 3698 eam
3158 3645 3518 3707 distinguens,

1961 3748 2117 3802 sicuti
2141 3755 2258 3800 est:
2313 3743 2496 3813 (Vens.
2545 3739 2657 3808 54.)
2711 3737 2820 3791 Lex
2871 3746 2918 3790 et
2945 3736 3204 3806 propheta:
3253 3749 3412 3802 usque
3462 3737 3528 3785 ad

1959 3836 2217 3889 Joannem
2245 3831 2395 3899 (Luc.
2427 3845 2536 3893 xw,
2587 3827 2696 3898 16).
2747 3828 2815 3880 Et
2843 3829 2896 3880 in
2926 3827 3004 3879 his
3029 3824 3231 3878 duobus
3262 3824 3531 3893 prtrceptis

1962 3932 2069 3976 tota
2096 3923 2178 3975 lex
2193 3921 2375 3991 pendet
2392 3930 2438 3972 et
2460 3919 2720 3989 prophetw
2745 3917 2958 3986 (Matth.
2981 3932 3119 3979 xm,
3143 3915 3256 3983 40).
3280 3915 3532 3982 Aliquan-

1963 4013 2030 4066 do
2064 4019 2242 4066 autem
2273 4010 2326 4062 in
2358 4009 2459 4061 tria
2487 4007 2761 4061 distribuit
2811 4006 3025 4059 easdem
3076 4004 3409 4072 Scripturas,
3436 4003 3530 4056 ubi

1963 4103 2064 4155 ait:
2083 4099 2360 4170 Oportebat
2384 4097 2585 4167 impleri
2602 4097 2775 4150 omnia
2789 4111 2904 4165 qua:
2918 4094 3110 4164 scripta
3129 4101 3246 4145 sunt
3263 4093 3317 4144 in
3342 4091 3470 4160 lege,
3489 4100 3536 4144 et

1961 4192 2240 4264 prophetis,
2257 4200 2304 4243 et
2325 4188 2538 4260 psalmis
2560 4187 2623 4240 de
2645 4203 2724 4240 me
2747 4184 2897 4256 (Luc.
2917 4200 3064 4243 xxw.
3090 4182 3201 4253 44).
3225 4179 3379 4236 Nunc
3404 4196 3534 4234 vero

1964 4285 2121 4339 etiam
2145 4283 2380 4352 psalmos
2401 4279 2532 4349 legis
2555 4277 2768 4332 nomine
2797 4271 3246 4344 nuncupavit,ubi
3275 4271 3535 4338 scriptum

1963 4384 2045 4428 est
2073 4394 2085 4427 :
2122 4373 2233 4442 Ego
2270 4372 2402 4432 dixi,
2427 4370 2501 4423 dii
2526 4369 2667 4422 estis.
2698 4365 2991 4436 (Vens.35,
3021 4363 3132 4435 36.)
3164 4361 3224 4415 Si
3252 4359 3369 4414 illos
3404 4359 3536 4412 dixit

299 4460 434 4513 dans
456 4459 672 4528 intelligi
709 4475 865 4513 unam
901 4467 1062 4529 atque
1087 4459 1454 4514 indissimilem
1478 4475 1597 4514 esse
1622 4475 1859 4521 manum,
1891 4478 1938 4535 υ
1963 4464 2105 4525 deos,
2136 4462 2204 4514 ad
2232 4477 2358 4530 quos
2384 4475 2550 4512 δεηηο
2578 4455 2674 4510 Dei
2701 4455 2868 4523 factus
2898 4463 2991 4514 est,
3014 4461 3059 4504 et
3089 4467 3189 4504 non
3216 4459 3378 4520 potest
3409 4447 3537 4502 solvi

301 4551 402 4603 hoc
441 4559 540 4612 est,
585 4551 837 4604 virtutem
867 4565 1019 4604 suam
1045 4559 1101 4604 et
1128 4551 1332 4615 Patris;
1365 4558 1525 4618 atque
1555 4551 1675 4604 ideo
1703 4551 1861 4606 Chri-

299 4651 442 4694 stum
468 4657 526 4695 se
553 4657 671 4696 esse
696 4643 1044 4708 credendum,
1078 4643 1202 4712 quia
1229 4659 1335 4696 non
1365 4643 1502 4697 sicut
1525 4643 1702 4697 caeteri
1735 4658 1862 4696 san-

299 4731 374 4784 cti
413 4731 583 4785 factus
615 4731 802 4804 [Beda,
831 4733 1214 4804 sanctiﬁcatus]
1243 4748 1339 4802 per
1377 4734 1600 4803 gratiam
1633 4750 1700 4789 ex
1728 4742 1864 4788 tem-

303 4833 452 4887 pore,
481 4822 575 4874 sed
604 4836 762 4876 verus
805 4837 1018 4891 semper
1045 4822 1314 4876 exstiterit
1356 4821 1523 4876 Filius
1566 4823 1679 4876 Dei.
1713 4821 1864 4887 Quod

299 4910 464 4963 etiam
500 4913 741 4980 sequenti
763 4913 1028 4967 sententia
1054 4913 1171 4966 luce
1207 4913 1402 4966 clarius
1425 4913 1615 4980 aperit,
1647 4912 1860 4966 dicens:

300 5000 487 5070 (Vens.
511 5001 625 5073 30.)
653 5003 762 5073 Ego
786 5013 832 5057 et
858 5001 1019 5056 Pater
1037 5019 1198 5056 unum
1218 5018 1416 5056 sumus.
1447 5001 1643 5063 Unum,
1672 5001 1864 5069 inquit,

302 5105 507 5153 sumus,
547 5108 650 5146 una
683 5093 833 5147 nobis
874 5094 1194 5158 substantia,
1225 5108 1330 5145 una
1358 5101 1441 5145 est
1465 5091 1736 5153 divinitas,
1763 5107 1866 5144 una

299 5181 606 5246 aeternitas,
653 5183 886 5251 perfecta
935 5184 1090 5254 571
1141 5182 1450 5252 aequalitas,
1494 5179 1868 5234 dissimilitudo

306 5269 470 5323 nulla.
498 5270 702 5337 Quibus
725 5271 965 5340 profecto
988 5273 1165 5327 verbis
1196 5288 1304 5326 non
1328 5279 1648 5340 prmsentem
1672 5269 1867 5324 solum-

307 5359 466 5413 modo
483 5358 786 5414 .ludzeorum
806 5361 1177 5430 quaestionem,
1198 5379 1302 5432 qua
1328 5379 1396 5416 an
1422 5362 1536 5432 ipse
1553 5369 1698 5416 esset
1718 5360 1870 5414 Chri-

307 5458 424 5502 stus
466 5449 888 5519 interrogabant.
929 5449 1232 5517 explicavit,
1272 5454 1364 5507 sed
1401 5453 1565 5507 etiam
1595 5452 1872 5507 haeretico-

312 5554 431 5592 rum
459 5539 740 5608 perlidiam
779 5552 940 5606 quam
969 5536 1200 5592 futuram
1229 5543 1492 5608 praevidit,
1521 5551 1776 5612 quantum
1805 5544 1874 5596 sit

388 5723 409 5748 ε·
455 5709 527 5762 Ex
559 5709 718 5768 llsda.
750 5710 966 5765 humilia
991 5710 1170 5764 citata.

1967 4555 2241 4623 Scriptura
2269 4566 2286 4602 :
2315 4565 2465 4620 quem
2497 4544 2656 4599 Pater
2681 4543 3023 4612 sanctiﬁcavit
3062 4551 3109 4594 et
3139 4541 3276 4594 misit
3305 4541 3358 4592 in
3388 4556 3537 4592 mun-

1965 4646 2113 4705 dum,
2153 4659 2239 4696 vos
2271 4640 2446 4694 dicitis
2491 4637 2868 4706 blasphemare,
2899 4634 3024 4703 quia
3055 4631 3189 4696 dixi,
3237 4628 3410 4683 Filius
3441 4627 3536 4681 Dei

1965 4733 2118 4788 sum?
2136 4731 2194 4785 Si
2215 4744 2392 4785 sermo
2416 4728 2509 4782 Dei
2531 4726 2705 4780 factus
2732 4732 2815 4779 est
2843 4725 2910 4778 ad
2931 4722 3195 4784 homines,
3215 4727 3276 4773 ut
3298 4720 3537 4774 diceren-

1968 4831 2059 4876 tur
2079 4821 2173 4885 dii,
2197 4821 2366 4889 ipsum
2387 4817 2620 4870 Verbum
2639 4814 2754 4878 Dei,
2780 4813 2920 4881 quod
2942 4820 3026 4866 cst
3040 4811 3178 4879 apud
3197 4810 3386 4872 Deum,
3400 4823 3536 4876 quo-

1971 4909 2131 4964 modo
2157 4921 2262 4960 non
2301 4913 2385 4960 est
2410 4904 2591 4958 Deus?
2615 4901 2669 4956 Si
2698 4917 2796 4971 per
2824 4913 3125 4954 sermonem
3152 4895 3245 4950 Dei
3280 4895 3414 4948 liunt
3442 4894 3537 4946 ho-

1972 4999 2144 5053 mines
2170 4997 2242 5051 dii
2271 4995 2350 5061 ;si
2399 4993 2766 5064 participando
2795 4991 2930 5045 nam
2961 4973 3033 5044 dii
3066 5005 3081 5052 ;
3137 4988 3280 5046 unde
3319 4985 3539 5055 partici-

1969 5097 2118 5158 pant,
2152 5083 2464 5157 [quomodo]
2494 5098 2598 5136 non
2635 5090 2718 5136 est
2749 5080 2933 5135 Deus?
2961 5079 3019 5133 Si
3049 5077 3250 5132 lumina
3270 5075 3536 5130 illumina-

1973 5186 2023 5231 ta
2048 5177 2120 5229 dii
2142 5182 2286 5237 sunt,
2319 5173 2494 5226 lumen
2533 5171 2675 5240 quod
2713 5169 2978 5222 illuminat
3023 5165 3292 5237 quomodo
3321 5179 3426 5218 non
3455 5170 3541 5216 cst

1971 5267 2156 5322 Deus?
2187 5265 2244 5319 Si
2289 5261 2534 5318 calefacti
2587 5259 2980 5330 quodammodo
3027 5259 3149 5329 igne
3196 5252 3418 5311 salutari
3464 5251 3538 5304 dii

1973 5356 2275 5412 ellieiuntur
2301 5394 2316 5417 ,
2343 5351 2483 5406 unde
2524 5351 2775 5404 caleﬁunt
2796 5389 2811 5413 ,
2841 5364 2946 5402 non
2996 5354 3083 5403 est
3110 5345 3291 5401 Deus?
3316 5340 3542 5397 Accedis

1977 5448 2044 5502 ad
2067 5447 2266 5507 lumen,
2292 5439 2628 5503 illuminaris,
2668 5446 2723 5492 et
2748 5438 2888 5492 inter
2908 5435 3046 5492 ﬁlios
3070 5435 3162 5489 Dei
3193 5430 3534 5490 numeraris;

1980 5539 2021 5591 si
2047 5536 2250 5591 recedis
2277 5551 2306 5588 a
2337 5531 2555 5592 lumine,
2582 5528 2892 5583 obscuraris
2913 5568 2926 5590 ,
2957 5535 3010 5582 et
3032 5527 3082 5581 in
3116 5523 3352 5579 tenebris
3393 5532 3539 5576 como

2055 5713 2079 5750 ιι
2110 5709 2164 5760 S.
2201 5708 2332 5774 Aug.
2366 5705 2467 5758 loc.
2502 5704 2617 5765 cit.,
2649 5718 2791 5755 num.
2823 5701 2971 5757 8-l'2.
