4000 6190
515 377 622 434 885

1365 380 1424 434 Β.
1466 380 1526 434 r.
1562 378 1788 433 nam
1826 376 1958 435 seu
1993 376 2266 434 ALCUml
2311 379 2593 436 OPERL‘M
2630 379 2809 435 mss
2842 358 2904 435 n.

515 490 768 561 putaris:
810 480 938 542 illud
994 496 1171 542 tamen
1221 488 1451 562 [lumen]
1494 473 1608 545 nec
1637 488 1846 559 accedit
1891 487 1959 543 ad
2004 501 2084 552 se,
2115 495 2163 553 Α
2190 490 2319 543 dere
2345 489 2733 554 discedentem,
2783 489 3260 559 apprchenderunt
3300 492 3392 548 isti
3443 508 3781 563 permaneas-

517 582 641 650 quia
688 592 793 635 non
822 579 1024 634 recedit
1049 596 1079 633 a
1108 594 1186 634 se.
1223 578 1280 635 Si
1304 596 1434 651 ergo
1476 596 1571 636 vos
1623 581 1750 636 deos
1792 579 1926 634 facit
1967 593 2087 634 ser-

518 680 607 720 tuo
629 666 742 729 Dei,
765 667 1035 735 quomodo
1080 682 1186 721 non
1211 676 1294 724 est
1337 668 1479 724 Deus
1506 670 1740 723 Verbum
1769 667 1902 722 Dei?
1926 666 2090 721 Pater

515 766 646 823 ergo
692 754 1049 809 sanctiﬁcavit
1086 754 1280 809 Filium
1306 771 1464 810 suum
1497 796 1512 821 ,
1540 764 1597 810 et
1646 756 1795 810 misit
1839 756 1894 810 in
1931 770 2087 810 mun-

516 842 665 898 dum.
690 842 851 898 Forte
877 844 1071 914 aliquis
1096 845 1239 900 dicat
1261 865 1275 899 :
1296 846 1353 900 Si
1374 847 1535 901 Pater
1554 860 1677 901 cum
1707 845 2086 910 sanctiﬁeavit,

518 929 810 999 aliquando
853 946 961 986 non
1006 942 1223 989 sanctus
1249 935 1273 988 ?
1299 933 1389 988 Sic
1436 935 1814 1000 sanctiﬁcavit,
1866 949 2089 1004 quomo-

517 1020 588 1076 do
636 1022 856 1092 genuit:
908 1031 968 1077 ut
1015 1024 1159 1078 enim
1214 1037 1433 1079 sanctus
1483 1032 1654 1089 esset,
1710 1026 1975 1095 gignendo
2036 1025 2084 1079 ei

519 1109 694 1174 dedit,
755 1112 883 1179 quia
933 1122 1178 1166 sanctum
1222 1128 1347 1167 eum
1394 1114 1594 1183 genuit.
1664 1113 1799 1166 Nam
1850 1114 1892 1167 si
1944 1115 2086 1184 quod

516 1201 912 1266 sanctiﬁcatur,
945 1212 1070 1257 ante
1090 1218 1193 1257 non
1218 1212 1338 1257 erat
1368 1213 1632 1267 sanctum,
1663 1203 1927 1272 quomodo
1953 1204 2088 1258 dici-

517 1302 640 1346 mus
660 1289 771 1344 Deo
790 1288 936 1344 Patri
967 1307 981 1345 :
1010 1289 1377 1359 Sanctiﬁcetur
1406 1307 1593 1344 nomen
1618 1300 1765 1344 tuum
1785 1292 1811 1344 .9

589 1402 749 1459 Vsus.
777 1404 867 1470 57,
897 1404 983 1459 38.
1008 1435 1079 1444 —
1100 1404 1162 1460 Si
1206 1418 1311 1459 non
1339 1405 1476 1474 facio
1532 1421 1689 1476 opera
1729 1405 1908 1460 Patris
1960 1408 2082 1473 mei,

518 1492 676 1548 nolite
709 1495 917 1549 credere
958 1496 1106 1550 mihi.
1134 1493 1192 1551 Si
1240 1506 1412 1551 autem
1457 1496 1689 1566 facio,et
1724 1499 1770 1552 si
1816 1498 1945 1551 mihi
1982 1513 2087 1554 non

518 1585 673 1639 vultis
702 1585 931 1651 credere,
963 1587 1202 1658 operibus
1232 1588 1444 1655 credite.
1486 1587 1556 1641 Ut
1578 1589 1876 1659 agnoscatis
1899 1598 1947 1642 et
1975 1605 2087 1642 cre-

517 1673 677 1738 datis,
701 1674 825 1743 quia
847 1675 901 1727 in
923 1690 1002 1728 me
1026 1685 1100 1729 est
1129 1672 1308 1740 Pater,
1339 1685 1388 1728 et
1406 1692 1499 1746 ego
1524 1675 1581 1729 in
1609 1675 1721 1730 illo.
1754 1688 1780 1717 ι
1806 1676 2085 1742 Quomodo

517 1771 743 1832 possunt
775 1764 952 1819 dicere
989 1765 1252 1820 homines.
1306 1765 1361 1819 Si
1398 1767 1543 1820 enim
1577 1767 1713 1821 bene
1762 1768 2080 1838 cogitemus,

516 1848 575 1908 in
603 1851 714 1908 Deo
757 1864 1064 1919 sumus;et
1111 1855 1156 1910 si
1193 1857 1330 1910 bene
1357 1856 1616 1921 vivamus,
1665 1856 1805 1911 Deus
1833 1857 1889 1911 in
1935 1856 2089 1912 nobis

515 1951 603 2000 est
629 1960 642 1996 :
672 1942 855 1999 ﬁdeles
875 1985 890 2008 ,
923 1944 1307 2015 participantes
1354 1945 1470 2016 ejus
1505 1946 1757 2017 gratiam,
1807 1944 2090 2000 illuminati

518 2034 588 2088 ab
615 2035 750 2105 ipso,
781 2035 835 2089 in
861 2035 949 2091 illo
979 2051 1181 2099 sumus,
1224 2044 1281 2090 et
1303 2036 1416 2105 ipse
1446 2035 1499 2088 in
1527 2034 1701 2090 nobis.
1732 2034 1839 2091 Sed
1879 2049 1984 2090 non
2011 2034 2091 2090 sic

520 2123 829 2193 unigenitus
854 2123 1022 2178 Filius
1052 2141 1065 2176 :
1090 2123 1177 2177 ille
1202 2124 1254 2177 in
1283 2122 1462 2186 Patre,
1487 2132 1543 2176 et
1561 2122 1723 2176 Pater
1751 2122 1804 2176 in
1830 2121 1941 2186 illo,
1971 2128 2091 2175 tan-

520 2227 681 2283 quam
707 2212 928 2283 aequalis
953 2212 1009 2266 in
1037 2227 1101 2266 eo
1128 2212 1213 2266 cui
1234 2219 1316 2266 est
1344 2210 1582 2280 mqualis.
1613 2209 1852 2280 Denique
1877 2225 1975 2265 nos
1993 2208 2092 2263 ali-

523 2298 737 2368 quando
762 2315 1045 2370 possumus
1080 2298 1258 2356 dicere
1285 2299 1377 2353 :in
1401 2297 1511 2355 Deo
1549 2314 1757 2364 sumus,
1787 2306 1842 2353 ct
1869 2298 2014 2353 Dens
2035 2298 2090 2353 in

520 2391 677 2446 nobis
702 2408 718 2458 ;
741 2393 979 2461 nunquid
1000 2407 1283 2462 possumus
1301 2391 1479 2447 dicere
1503 2410 1515 2444 :
1542 2392 1651 2461 Ego
1675 2399 1731 2446 et
1757 2390 1899 2447 Deus
1926 2406 2089 2445 unum

521 2482 749 2537 sumus?
776 2481 832 2536 in
853 2479 1011 2552 572
1056 2483 1169 2537 Deo
1212 2496 1291 2545 es,
1344 2482 1470 2550 quia
1523 2482 1665 2535 Deus
1701 2489 1754 2534 te
1804 2479 2084 2545 continet;

520 2570 663 2626 Deus
691 2579 774 2625 est
816 2572 869 2625 in
910 2580 983 2637 te,
1034 2571 1161 2641 quia
1196 2569 1452 2638 templum
1487 2570 1578 2624 Dei
1611 2569 1788 2633 factus
1835 2583 1914 2624 es.
1977 2567 2086 2624 Sed

524 2659 766 2729 nunquid
793 2658 919 2729 quia
958 2661 1010 2713 in
1038 2659 1152 2713 Deo
1179 2674 1236 2713 es
1259 2666 1314 2711 et
1339 2656 1483 2711 Deus
1506 2664 1592 2711 est
1636 2656 1687 2710 in
1722 2665 1793 2716 te.
1823 2666 1978 2726 potes
2006 2655 2089 2710 di-

517 2764 645 2806 cere
675 2768 689 2804 :
716 2750 823 2816 Qui
848 2764 932 2805 me
956 2749 1119 2815 videt,
1152 2750 1320 2804 Deum
1368 2748 1514 2802 videt
1550 2765 1563 2801 :
1595 2746 1862 2817 quomodo
1892 2746 2087 2816 linige—

516 2842 664 2897 nitus
702 2842 875 2897 dixit:
907 2840 1010 2908 Qui
1039 2858 1119 2896 me
1168 2841 1327 2907 videt,
1375 2840 1509 2895 videt
1538 2848 1587 2894 et
1636 2839 1869 2894 Patrem.
1899 2839 2013 2909 Ego
2038 2848 2087 2893 et

519 2929 686 2985 Pater
710 2948 871 2985 unum
884 2948 1063 2986 sumus
1087 2930 1266 3002 (Joan.
1290 2945 1401 2994 XIV,
1431 2930 1523 3000 9)?
1552 2930 1795 2999 Agnosce
1808 2930 2085 2999 proprium

517 3018 751 3085 Domini,
773 3029 825 3074 et
848 3034 1040 3074 munus
1069 3019 1231 3074 servi.
1258 3018 1539 3087 Proprium
1562 3019 1769 3071 Domini
1798 3026 1886 3072 est
1900 3032 2085 3087 aequa-

2192 586 2319 632 tetn.
2352 577 2594 647 Denique
2617 577 2747 647 quid
2776 579 3068 647 seuuitur!
3092 578 3159 633 Et
3184 579 3337 635 stulti
3356 583 3684 640 «educunt
3709 589 3784 643 ita

2738 774 2967 833 CAPUT
3004 776 3215 833 XXVII.

2186 882 2451 959 Lagarutn
2471 887 2872 959 am‘ieum_suum
2896 888 3016 958 jam
3049 889 3462 959 quatriduanurn
3502 901 3775 949 mortuum

2256 954 2484 1009 dormire
2495 955 2655 1026 dicit.
2680 956 2848 1020 Quem
2873 954 3071 1026 inagna
3091 973 3212 1012 voce
3237 958 3519 1014 clamando
3541 968 3777 1018 resusci-

2254 1034 2393 1146 gnj,
2566 1024 2714 1093 jubet
2732 1025 2892 1079 simul
2911 1023 3141 1092 et'abire,
3171 1027 3417 1097 plurimis
3435 1031 3775 1088 credentibus

2388 1111 2419 1146 ιτ
2557 1132 2571 1146 .

2254 1223 2435 1281 Cseur
2464 1241 2538 1289 XI,
2560 1225 2719 1280 Vens.
2748 1225 2798 1279 i.
2816 1253 2883 1265 —
2909 1224 3044 1279 Erat
3064 1234 3237 1279 autem
3261 1225 3477 1295 quidam
3509 1225 3774 1297 languens

2185 1314 2476 1369 Lazarusa
2504 1315 2762 1369 Bethania
2805 1314 2870 1368 de
2916 1313 3129 1368 castello
3176 1313 3366 1368 Marias
3415 1324 3464 1368 et
3514 1315 3767 1369 Harmar.

2192 1422 2212 1455 ο
2258 1415 2280 1444 ο
2305 1402 2542 1459 Plurima
2571 1419 2700 1459 vero
2729 1406 2782 1458 in
2812 1406 2913 1458 hoc
2941 1403 3200 1457 miraculo
3240 1404 3544 1458 resuscitati
3569 1405 3769 1462 Laza.i

2187 1493 2471 1549 manifesta
2500 1503 2643 1549 sunt.
2684 1495 3082 1564 Expositionem
3112 1495 3167 1548 in
3203 1494 3428 1566 singulis
3464 1510 3572 1549 non
3618 1511 3768 1565 quae-

2186 1594 2388 1647 ramus,
2414 1591 2475 1636 ut
2502 1582 2727 1637 liberius
2749 1582 3053 1636 necessaria
3082 1588 3500 1651 pertractemus.
3527 1582 3584 1636 in
3609 1596 3765 1652 supe-

2186 1671 2320 1725 riori
2366 1670 2596 1726 lectione
2632 1671 2954 1725 meministis
2999 1671 3143 1739 quod
3198 1669 3460 1725 Dominus
3510 1671 3646 1727 exiit
3696 1673 3769 1726 ds

2189 1759 2438 1814 manibus
2459 1773 2646 1814 eorum
2676 1759 2767 1828 qui
2797 1758 3034 1828 lapidare
3060 1774 3185 1814 eum
3231 1759 3537 1826 voluerant,
3566 1769 3624 1815 et
3645 1759 3760 1814 dis-

2189 1850 2353 1904 cessit
2380 1857 2530 1903 usus
2575 1846 2865 1903 Jordanem
2901 1846 2990 1904 ubi
3019 1848 3252 1904 Joannes
3302 1848 3635 1919 baptizabat.
3683 1849 3765 1906 lbi

2188 1952 2319 2008 ergo
2371 1940 2598 1996 Domino
2648 1941 2961 2007 constituto,
3014 1941 3392 1997 inﬁrmabatur
3417 1942 3472 1997 in
3500 1941 3763 1998 Bethania

2191 2029 2448 2095 Lazarus,
2485 2033 2629 2101 quod
2648 2030 2928 2087 castellum
2949 2041 3068 2088 erat
3100 2034 3404 2103 proximum
3450 2033 3760 2105 Hierosoly-

2190 2120 2311 2175 mis.
2344 2120 2528 2191 (V’sns.
2560 2121 2617 2187 9,
2646 2122 2729 2192 '5.)
2762 2121 2938 2175 Maria
2985 2133 3159 2176 autem
3204 2131 3319 2177 erat
3369 2140 3488 2195 ante
3534 2134 3763 2179 auxerat

2188 2208 2474 2264 Dominum
2493 2222 2778 2281 unguento,
2800 2221 2849 2265 et
2861 2213 3073 2265 extersit
3089 2211 3244 2281 pedes
3268 2211 3383 2282 ejus
3402 2212 3612 2282 capillis
3630 2214 3769 2276 suis.

2188 2301 2339 2370 cujus
2391 2300 2556 2369 frater
2601 2299 2841 2355 Lazarus
2887 2300 3276 2369 inﬁrmabatur.
3327 2300 3590 2355 Miserunt
3636 2316 3769 2372 ergo

2186 2409 2390 2449 sorores
2419 2392 2533 2462 ejus
2582 2391 2651 2445 ad
2678 2407 2796 2444 eum
2825 2391 3067 2445 dicentes.
3113 2388 3232 2445 Jam
3281 2390 3631 2462 intelligimus
3656 2405 3774 2461 quo

2188 2483 2469 2545 miserunt,
2496 2481 2587 2535 ubi
2615 2487 2732 2535 erat
2761 2481 3015 2550 Dominus
3045 2498 3058 2534 :
3085 2480 3340 2549 quoniam
3378 2481 3575 2535 absens
3617 2489 3771 2544 erat,

2189 2581 2339 2627 trans
2384 2570 2674 2627 Jordanem
2718 2570 2940 2626 scilicet.
2996 2568 3257 2626 Miserum
3304 2572 3373 2625 ad
3427 2571 3751 2632 Dominum.

2187 2660 2495 2715 nuntiantes
2522 2657 2664 2729 quod
2692 2666 2981 2730 aegrotaret
3003 2657 3172 2715 frater
3194 2674 3405 2725 earnm,
3424 2668 3489 2715 ut
3507 2661 3555 2715 si
3572 2660 3758 2731 digna-

2187 2758 2341 2803 retur
2366 2748 2573 2802 veniret
2598 2785 2614 2810 ,
2646 2753 2702 2802 et
2728 2762 2852 2801 eum
2880 2748 2948 2802 ab
2974 2747 3291 2817 aagritudine
3334 2747 3612 2802 liberaret.
3664 2742 3761 2802 Ille

2187 2837 2394 2894 distulit
2447 2851 2675 2901 sanare,
2730 2844 2790 2890 ut
2824 2844 3007 2906 posset
3053 2837 3396 2892 resuscitare.
3441 2838 3582 2903 Quid
3629 2851 3760 2908 ergo

2186 2928 2567 2983 nuntiaverunt
2591 2940 2807 2980 sorores
2841 2926 3001 2995 ejus?
3025 2926 3268 2993 Domine,
3295 2944 3412 2981 ecce
3433 2944 3586 2999 quem
3609 2943 3757 2982 uittas

2186 3015 2504 3086 inﬁrmatur.
2536 3013 2651 3067 Non
2697 3014 2968 3077 dixerunt,
3016 3015 3149 3069 Veni
3180 3033 3195 3068 :
3225 3017 3429 3071 amanti
3454 3017 3598 3072 enim
3637 3026 3756 3071 tan-

516 3109 640 3165 litas
656 3110 835 3166 Patris
859 3128 873 3176 ;
896 3126 1092 3165 munus
1115 3111 1256 3165 servi
1285 3120 1365 3165 est
1392 3110 1734 3180 participatio
1764 3108 2081 3163 Salvatoris.
2109 3137 2157 3200 ο
2188 3103 2465 3157 tummodo
2501 3102 2802 3156 nuntiatum
2850 3101 2968 3156 fuit.
3024 3102 3140 3158 Non
3190 3120 3336 3159 ause
3383 3115 3506 3160 sunt
3554 3106 3757 3170 dicere,

517 3197 704 3269 (Vens.
736 3196 849 3270 39.)
887 3198 1198 3265 Qumrebant
1224 3215 1344 3270 ergo
1373 3215 1490 3254 eum
1537 3198 1936 3268 apprehendere.
1968 3196 2085 3253 Uti-

515 3302 642 3342 nam
687 3286 1166 3358 apprehenderent,
1218 3289 1311 3344 sed
1340 3288 1606 3343 credendo
1637 3294 1693 3341 et
1721 3286 2085 3356 intelligendo,

514 3389 625 3433 non
653 3378 920 3433 sreviendo
946 3387 1001 3432 et
1025 3378 1335 3433 occidendo.
1351 3376 1671 3445 Quaerebam
1694 3391 1824 3446 ergo
1849 3391 1973 3432 eum
1994 3392 2090 3447 ap-

513 3467 888 3539 prehendere;
919 3467 1046 3523 dum
1073 3483 1194 3523 eum
1211 3468 1610 3538 apprchendere
1628 3468 1929 3533 voluerunt,
1959 3469 2087 3540 quid

520 3556 603 3613 eis
624 3556 754 3613 fecit
776 3558 800 3611 ἲ
820 3556 1000 3612 Exibit
1018 3558 1083 3612 de
1104 3557 1343 3611 manibus
1374 3573 1571 3611 eorum.
1604 3556 1720 3612 Non
1745 3572 1868 3612 eum
1891 3574 2088 3629 appre-

518 3645 841 3712 henderunt,
896 3647 1021 3718 quia
1050 3662 1242 3702 manus
1283 3645 1407 3701 ﬁdei
1462 3661 1569 3701 non
1596 3647 1945 3702 habuerunt:
1979 3668 1997 3701 ι
2035 3658 2092 3705 et

522 3735 650 3806 quia
676 3736 846 3791 noluit
876 3737 965 3805 qui
989 3743 1309 3805 potestatem
1336 3735 1525 3790 habuit
1561 3736 1794 3790 animam
1815 3751 1967 3791 suam
1995 3752 2090 3806 po-

522 3838 672 3888 nere,
702 3839 809 3878 non
855 3825 1316 3895 apprehenderunt
1342 3839 1501 3890 eum;
1531 3824 1657 3879 dum
1694 3833 1874 3879 autem
1899 3825 2086 3890 voluit,

522 3913 887 3985 apprehensus
934 3922 1018 3969 est
1045 3913 1114 3969 ab
1141 3915 1222 3971 eis
1264 3914 1512 3970 manibus
1549 3914 1865 3984 iniquitatis.
1899 3916 2085 3986 (Vsus.

518 4004 609 4073 40,
640 4005 752 4078 Η.)
775 4005 843 4060 Et
867 4005 991 4061 abiit
1013 4007 1199 4060 iterum
1221 4015 1366 4059 trans
1382 4003 1668 4061 Iordanem
1686 4003 1755 4058 ad
1781 4020 1899 4059 eum
1916 4004 2087 4059 locum

519 4095 610 4153 ubi
634 4103 746 4150 erat
768 4093 1000 4149 Joannes
1017 4094 1285 4165 boptisans
1329 4094 1556 4164 primum
1581 4109 1600 4158 ,'
1626 4102 1674 4146 et
1710 4094 1901 4147 mansit
1925 4093 2014 4157 ibi,
2040 4101 2088 4147 st

518 4187 672 4249 multi
717 4195 965 4241 venerunt
1005 4185 1074 4239 ad
1101 4201 1238 4247 eum,
1267 4194 1314 4238 et
1364 4184 1600 4237 dicebant
1628 4198 1645 4235 :
1693 4183 1833 4248 Quia
1859 4182 2088 4237 Joannes

516 4277 727 4346 quidem
748 4277 952 4346 signum
983 4274 1103 4345 fecit
1154 4272 1375 4327 nullum.
1406 4292 1425 4324 ι
1460 4272 1775 4327 Meministis
1803 4273 1956 4326 vobis
1980 4272 2092 4327 dic-

522 4371 635 4418 tum
665 4363 730 4418 de
767 4362 992 4428 Joanne,
1024 4362 1146 4434 quia
1172 4360 1383 4415 lucerna
1425 4370 1537 4415 erat
1580 4359 1761 4431 (Joan.
1793 4374 1846 4424 v,
1895 4358 2004 4428 35).
2036 4368 2093 4416 et

2187 3192 2319 3247 Veni
2354 3200 2410 3246 et
2463 3206 2639 3255 sana;
2694 3206 2799 3246 non
2848 3201 2975 3247 sunt
3013 3208 3159 3249 ausa:
3200 3195 3410 3259 dicere,
3467 3196 3539 3249 ibi
3581 3197 3758 3265 jnhe,

2184 3291 2241 3338 et
2287 3283 2377 3337 hic
2419 3282 2530 3336 ﬁet.
2571 3280 2683 3337 Cur
2726 3283 2873 3337 enim
2925 3298 3033 3337 non
3077 3295 3135 3339 et
3181 3285 3319 3339 istud
3366 3283 3496 3356 [Al.,
3528 3285 3651 3340 istae
3685 3286 3760 3359 η,

2185 3371 2231 3425 si
2257 3369 2387 3424 ﬁdes
2416 3369 2558 3424 illius
2586 3369 2920 3426 centurionis
2951 3372 3077 3427 inde
3114 3371 3400 3428 laudaturi
3438 3374 3529 3428 Ait
3556 3376 3708 3429 enim
3741 3391 3758 3428 :

2189 3459 2312 3513 Non
2340 3474 2455 3512 sum
2502 3458 2690 3528 dignus
2739 3467 2797 3513 ut
2839 3458 3002 3514 intres
3054 3461 3148 3514 sub
3195 3470 3386 3515 tectum
3422 3478 3615 3528 ineunt,
3669 3466 3758 3517 sed

2187 3558 2392 3603 tantum
2418 3549 2503 3601 dic
2550 3548 2728 3614 verba,
2765 3560 2814 3604 et
2865 3551 3141 3605 sanabitur
3183 3569 3314 3623 puer
3366 3569 3513 3608 nteus
3540 3552 3755 3623 (Matth.

2186 3655 2303 3704 vni,
2330 3639 2407 3711 8).
2429 3640 2572 3694 Nihil
2599 3641 2787 3694 horum
2813 3641 2948 3705 istae,
2966 3642 3060 3697 sed
3085 3644 3456 3699 tantummodo
3485 3642 3754 3706 :Dontins,

2186 3747 2301 3785 ecce
2348 3746 2507 3801 quem
2548 3746 2698 3784 amas
2744 3731 3069 3800 infirmatur.
3128 3732 3337 3789 Suﬁicit
3386 3744 3448 3789 ut
3503 3735 3752 3798 noveris;

2187 3832 2292 3873 non
2317 3820 2465 3892 extim
2488 3832 2638 3874 antas
2664 3828 2723 3875 et
2757 3819 2979 3875 deseris.
3025 3821 3167 3875 Dicit
3214 3821 3412 3891 aliquis
3439 3841 3455 3876 :
3482 3822 3758 3889 Quomodo

2186 3925 2285 3980 per
2310 3910 2572 3965 Lazarum
2599 3920 2852 3980 peccator
2865 3912 3287 3983 signiﬁcabatur,
3302 3923 3358 3969 et
3381 3930 3413 3968 a
3437 3914 3659 3969 Domino
3677 3915 3756 3969 sic

2187 4002 2508 4057 amabatur?
2531 4001 2732 4056 Audiat
2756 4017 2878 4057 eum
2924 4004 3189 4060 dicentem
3221 4020 3236 4059 :
3264 4005 3390 4060 Non
3415 4006 3536 4060 vasi
3573 4020 3757 4060 uocare

2178 4096 2376 4165 justas,
2407 4096 2499 4149 sed
2541 4106 2830 4167 peceatores
2861 4097 3073 4168 (Matth.
3107 4117 3182 4165 IX,
3208 4099 3316 4171 i5).
3365 4099 3424 4154 Si
3462 4098 3602 4154 enim
3627 4110 3752 4167 pec-

2189 4198 2402 4244 catores
2456 4189 2714 4245 Dominus
2759 4205 2865 4244 non
2917 4200 3139 4256 amaret,
3192 4191 3425 4248 decelo
3456 4190 3528 4246 ad
3555 4198 3750 4244 terrain

2190 4292 2295 4331 non
2327 4277 2675 4331 descenderet
2716 4276 2868 4349 [Ms.,
2905 4294 3241 4350 nequaquam
3270 4295 3366 4336 eos
3389 4285 3640 4343 vocaret;
3676 4276 3747 4331 al.

2189 4382 2298 4423 non
2326 4381 2419 4422 eos
2443 4381 2637 4421 vocare
2666 4367 2947 4439 venisset].

523 4456 629 4510 diei
665 4453 1031 4509 testimonium
1075 4452 1409 4522 perhibebat.
1447 4448 1585 4516 Quid
1626 4462 1756 4517 ergo
1809 4449 1896 4504 isti
1939 4448 2089 4503 dixe-

2258 4457 2416 4527 573
2456 4458 2614 4514 Vsus.
2649 4456 2705 4512 4.
2737 4487 2799 4498 --
2816 4455 3047 4512 Audiens
3075 4465 3249 4511 autem
3269 4455 3430 4511 Iesus
3449 4456 3582 4511 dicit
3600 4454 3709 4508 illis
3732 4467 3752 4504 :

522 4553 650 4602 runt
672 4544 813 4618 apud
843 4559 899 4599 se
920 4542 1193 4607 iNullum,
1217 4541 1485 4613 inquiunt,
1515 4538 1833 4594 miraculum
1854 4538 2088 4594 ostendit

513 4635 781 4695 Joannes:
814 4648 917 4688 non
946 4633 1208 4689 dzemonia
1235 4630 1456 4700 fugavit,
1486 4644 1592 4683 non
1618 4629 1823 4698 expulit
1850 4627 2084 4693 febrem,

522 4742 629 4787 non
656 4740 826 4781 ctecos
864 4722 1204 4788 illuminavit,
1231 4737 1336 4777 non
1363 4730 1604 4776 mortuos
1633 4722 1931 4784 suscitavit,
1975 4736 2078 4776 non

524 4823 606 4872 tot
635 4814 801 4870 millia
833 4814 1109 4869 hominum
1137 4812 1203 4868 de
1235 4812 1472 4882 quinque
1515 4810 1600 4865 vel
1634 4820 1839 4881 septem
1863 4811 2091 4879 panibus

523 4904 762 4968 satiavit,
796 4916 903 4957 non
932 4916 1096 4973 super
1142 4915 1294 4955 mare
1317 4898 1629 4963 ambulavit,
1682 4913 1787 4952 non
1820 4900 1994 4954 ventis
2037 4907 2093 4955 et

522 4994 773 5050 ﬂuctibus
798 4993 1119 5062 imperavit;
1152 4990 1282 5044 nihil
1325 4990 1518 5044 horum
1547 4987 1678 5043 fecit
1721 4986 2000 5055 Joannes;
2036 4998 2093 5045 et

523 5091 695 5140 totum
722 5080 980 5153 quidquid
1005 5079 1238 5144 dicebat,
1290 5079 1416 5133 huic
1446 5076 1811 5133 testimonium
1846 5078 2093 5148 perhibe-

525 5172 638 5229 bat.
664 5170 769 5225 Per
812 5168 1087 5224 lucernam
1113 5167 1394 5221 veniamus
1420 5165 1489 5221 ad
1512 5164 1673 5219 diem.
1715 5164 1948 5222 Joannes
1978 5168 2095 5222 nul-

526 5263 637 5324 lum
663 5263 870 5333 signum
891 5259 1031 5331 fecit.
1057 5257 1244 5331 (Vsus.
1269 5255 1385 5329 42.)
1415 5254 1605 5312 Omnia
1619 5257 1755 5313 enim
1774 5270 2094 5330 quacunque

524 5354 665 5409 dixit
685 5353 917 5407 Joannes
943 5349 1009 5406 de
1031 5352 1147 5416 hoc,
1190 5365 1314 5405 uera
1358 5357 1525 5404 erant.
1558 5344 1697 5403 Ecce
1729 5349 1857 5418 quid
1903 5364 2095 5420 appre-

526 5442 853 5508 henderunt,
881 5458 987 5497 non
1009 5442 1274 5513 quomodo
1291 5437 1459 5495 Judaei
1482 5439 1732 5495 volebant
1754 5439 1783 5480 δ
1805 5440 2095 5508 apprehen-

603 5584 628 5645 ξ
661 5575 775 5645 ilic
806 5576 1070 5631 defectum
1107 5558 1291 5645 supple
1340 5592 1404 5630 ex
1427 5575 1596 5645 Aug;
1619 5590 1637 5622 ι
1675 5572 1788 5627 Νοη
1841 5574 1918 5645 sic
1966 5573 2096 5628 dicit

531 5640 700 5771 gilii.”
727 5643 811 5770 εἴη
835 5661 913 5698 me
946 5654 1019 5698 est
1054 5640 1242 5707 Pater,
1273 5653 1319 5710 et
1347 5657 1436 5712 ego
1459 5640 1649 5704 in'illo,
1677 5642 1944 5713 quomodo
1975 5656 2095 5710 pos-

562 5727 633 5771 un
663 5752 678 5779 ,
707 5728 737 5766 c
765 5730 813 5767 c.
858 5731 877 5766 ι
1309 5722 1316 5739 ί

2186 4544 2478 4615 Inﬁmitas
2500 4547 2610 4601 hinc
2631 4560 2734 4601 non
2758 4556 2833 4600 est
2858 4546 2926 4600 ad
2952 4555 3192 4610 mortem,
3221 4547 3311 4600 sed
3330 4563 3427 4617 pro
3446 4545 3611 4616 gloria
3632 4544 3751 4608 Dei,

2186 4644 2242 4687 ut
2270 4634 2589 4704 glorificatur
2615 4633 2788 4690 Filius
2831 4634 2930 4689 Dei
2956 4651 3050 4706 per
3075 4651 3210 4690 una.
3246 4653 3265 4686 ο
3302 4634 3451 4689 Talis
3491 4633 3753 4704 gloriﬁca-

2186 4723 2263 4778 tio
2289 4724 2456 4794 ipsius
2483 4738 2587 4779 non
2616 4724 2789 4795 ipsum
2840 4727 3010 4788 auxit,
3049 4726 3146 4781 sed
3191 4726 3348 4780 nobis
3369 4724 3591 4796 profuit.
3644 4724 3756 4778 lioc

2185 4826 2315 4884 ergo
2343 4813 2419 4868 ait
2444 4831 2457 4867 :
2493 4813 2615 4869 Non
2639 4824 2714 4868 est
2742 4815 2811 4868 ad
2838 4825 3075 4880 mortem,
3096 4816 3221 4885 quia
3243 4816 3359 4884 ipsa
3383 4829 3535 4870 mors
3554 4829 3659 4868 non
3676 4826 3761 4868 est

2187 4903 2254 4957 ad
2278 4912 2527 4969 mortem,
2555 4905 2650 4959 sed
2660 4903 2839 4973 potius
2865 4904 2933 4958 ad
2953 4905 3275 4959 miraculum
3303 4920 3318 4957 :
3349 4918 3461 4973 quo
3484 4902 3627 4957 facto
3637 4918 3759 4956 cre-

2188 4993 2376 5049 derent
2400 4993 2644 5049 homines
2669 4994 2723 5048 in
2751 4993 3048 5058 Christum,
3072 5003 3129 5048 et
3151 4994 3389 5049 vitarent
3412 5008 3596 5048 veram
3616 5007 3758 5046 mor-

2189 5091 2319 5139 tem.
2355 5085 2495 5140 Sane
2522 5086 2701 5140 videte
2713 5085 3161 5154 quemadmodum
3186 5092 3442 5153 tanquam
3460 5100 3527 5139 ex
3544 5082 3761 5152 obliquo

2190 5173 2444 5230 Dominus
2457 5174 2622 5229 Deum
2641 5188 2701 5228 se
2728 5174 2881 5237 dixit,
2908 5179 3128 5243 propter
3151 5174 3411 5242 quosdam
3424 5172 3518 5244 qui
3544 5178 3757 5242 negant.

2190 5261 2327 5317 Nam
2350 5271 2475 5319 sunt
2497 5263 2736 5321 haeretici
2779 5263 2873 5331 qui
2900 5262 3003 5316 hoc
3042 5262 3407 5332 aegantquod
3453 5260 3623 5316 Filius
3666 5258 3758 5313 Dei

2189 5352 2263 5406 sit
2280 5352 2537 5408 Dominus
2561 5351 2724 5423 [Ms.,.
2761 5350 2947 5421 Deus].
2990 5351 3128 5407 Ecce
3161 5352 3422 5405 audiant:
3470 5349 3762 5420 [inﬁrmitas

2190 5457 2320 5515 ergo
2342 5445 2468 5508 haec,
2501 5444 2691 5512 inquit,
2723 5458 2826 5497 non
2851 5453 2927 5497 est
2945 5442 3015 5496 ad
3049 5451 3289 5507 mortem,
3316 5442 3405 5496 sed
3452 5457 3549 5511 pro
3592 5437 3761 5510 gloria

2264 5573 2291 5612 δ
2318 5570 2471 5643 ΑΙ)υά
2494 5571 2630 5643 Aug.
2667 5592 2679 5626 :
2714 5592 2738 5643 μ
2772 5573 2910 5629 Ecce
2951 5574 3040 5640 qui
3090 5573 3561 5643 apprehendcrunt
3591 5611 3607 5633 ,
3652 5580 3761 5624 non

2195 5640 2461 5711 quomodo
2486 5640 2673 5696 Jndiei.
2702 5641 2868 5697 Judaei
2897 5640 3176 5704 volebant,
3200 5650 3305 5697 etc.
3349 5661 3366 5711 η

2268 5722 2289 5748 ο
2325 5710 2401 5765 Ex
2431 5711 2485 5766 S.
2517 5711 2678 5782 Aug.,
2715 5721 2870 5766 tract.
2904 5728 3048 5777 XLIX,
3077 5725 3222 5766 num.
3258 5709 3403 5765 L25.
