4000 6190
199 324 303 384 897

1017 308 1428 367 EXEGETICA.
1472 338 1538 348 —
1575 302 1926 363 COMMENT.
1969 302 2034 357 IN
2073 299 2265 356 JOAN.
2307 329 2376 340 —
2416 298 2540 352 LIB.
2587 299 2646 350 γ.

3347 298 3456 356 8⁸38

203 439 319 496 Dei.
365 433 481 500 Qua
526 428 735 500 gloria?
764 423 928 492 Cujus
971 422 1270 478 Dei?Audi
1317 419 1446 490 quid
1493 419 1825 488 sequitur”

1910 431 1958 486 lli
1977 432 2144 494 horai,
2159 431 2287 499 quid
2300 431 2370 484 ibi
2383 427 2579 493 ludas;
2604 436 2659 481 et
2681 427 2791 496 ipse
2815 425 3246 482 interduodecim
3261 427 3460 483 horas?

203 527 272 580 Ut
299 520 625 594 qloriﬁcetur
652 514 826 569 Filius
861 513 980 566 Dei.
1011 511 1305 581 Inﬁrmitas
1335 525 1464 580 ergo
1517 509 1628 562 lure
1647 548 1663 571 ,
1698 507 1784 561 in-

201 617 343 686 quit,
369 629 474 668 non
500 619 573 666 est
605 608 674 662 ad
704 615 940 668 mortem,
971 604 1060 660 sed
1087 619 1182 673 pro
1229 601 1398 674 gloria
1428 601 1542 659 Dei,
1587 609 1642 652 ιιι
1671 596 1788 668 910..

203 706 445 774 ri/icetur
493 697 668 756 Filius
717 695 813 749 Dei
840 712 934 766 per
959 711 1095 748 eam.
1118 694 1223 748 Per
1251 692 1455 763 quam?
1499 690 1604 745 Per
1641 690 1789 743 illam

207 791 602 851 inﬁrmitatem.
634 787 818 858 (Vens.
858 784 936 856 5.)
964 783 1224 853 Diligebat
1251 792 1425 836 autem
1450 779 1608 834 Iesus
1639 777 1789 830 Mar-

207 884 355 938 thum
376 888 426 934 et
452 892 686 932 sororem
711 874 826 943 ejus
855 872 1105 936 Mariam,
1134 882 1182 925 et
1205 871 1492 926 Lazarum.
1525 887 1544 920 ‹
1565 869 1655 922 Ille
1677 868 1791 922 lan-

206 985 398 1043 guens,
441 967 543 1023 illa:
564 965 767 1028 tristes,
797 977 988 1017 omnes
1010 961 1211 1016 dilecti.
1246 961 1354 1016 Sed
1381 960 1637 1030 diligebat
1666 972 1789 1022 eos,

207 1070 266 1114 et
289 1054 655 1126 languentium
678 1051 917 1106 salvator
937 1091 950 1114 ,
984 1050 1092 1104 imo
1118 1050 1281 1104 etiam
1312 1056 1644 1102 mortuorum
1677 1059 1794 1099 sus-

208 1151 430 1210 citator,
456 1154 509 1201 et
531 1144 768 1198 tristium
789 1141 1115 1197 consolator.
1141 1139 1330 1210 (Vens.
1357 1136 1434 1208 6.)
1460 1135 1528 1190 Ut
1557 1152 1678 1205 ergo
1698 1151 1794 1187 au-

209 1240 340 1293 divit
369 1235 508 1308 quod
534 1232 923 1302 inﬁrmabatur,
947 1242 1069 1286 tunc
1094 1231 1305 1302 quidem
1328 1230 1516 1286 mansit
1546 1227 1795 1282 lueodent

212 1329 328 1381 loco
341 1327 542 1382 duobus
558 1325 762 1382 diebus.
779 1323 1170 1378 Nuntiaverunt
1191 1337 1320 1394 ergo
1336 1322 1461 1385 illm,
1477 1321 1672 1374 mansit
1690 1319 1796 1374 illic

215 1421 326 1476 ille.
359 1418 565 1474 Tandiu
610 1425 825 1487 tempus
875 1415 1095 1472 ductum
1143 1424 1248 1480 est,
1279 1428 1560 1484 quousque
1587 1411 1795 1480 quatri-

217 1513 385 1566 duum
411 1506 792 1576 compleretur.
815 1504 934 1560 Non
959 1503 1184 1570 frustra,
1215 1503 1318 1558 nisi
1348 1503 1474 1573 quia
1499 1501 1660 1564 forte,
1689 1498 1800 1555 imo

217 1601 343 1671 quia
359 1607 526 1663 certe,
538 1606 596 1652 et
615 1597 730 1666 ipse
741 1610 998 1650 numerus
1021 1596 1231 1650 dierum
1244 1595 1460 1650 intimat
1480 1593 1699 1662 aliquod
1713 1608 1799 1647 sa-

218 1697 578 1749 cramentum.
613 1686 797 1750 (Vens.
841 1685 918 1755 7.)
964 1685 1164 1740 Deinde
1192 1694 1307 1756 post
1351 1684 1462 1738 haec
1491 1683 1616 1736 dicit
1642 1683 1800 1736 disci-

219 1785 358 1856 pulis
389 1783 497 1837 suis
525 1794 543 1832 .°
575 1779 773 1834 Eamus
801 1779 858 1832 in
898 1776 1147 1831 Iudicum
1172 1778 1362 1831 iterum
1389 1774 1480 1830 ubi
1523 1789 1659 1842 pene
1685 1772 1799 1828 fue-

223 1884 312 1930 rat
348 1873 655 1944 lapidatus;
683 1869 773 1938 qui
803 1875 1087 1938 propterea
1136 1866 1260 1921 inde
1288 1865 1604 1919 discessisse
1645 1863 1796 1918 video

220 1967 404 2026 batur,
431 1976 500 2015 ne
528 1959 876 2030 lapidaretur.
921 1955 1180 2011 Discessit
1221 1955 1366 2010 enim
1390 1961 1450 2007 ut
1491 1953 1675 2017 homo,
1706 1951 1801 2008 sed

220 2053 279 2109 in
305 2049 576 2107 redeundo
601 2048 756 2118 quasi
796 2045 996 2101 oblitus
1024 2044 1416 2105 inﬁrmitatem,
1446 2042 1682 2096 ostendit
1707 2056 1802 2110 po-

221 2157 496 2204 testatem.
548 2145 770 2207 Eamus,
804 2141 1002 2210 inquit,
1039 2141 1097 2194 in
1124 2138 1394 2194 Judteam.
1421 2137 1660 2211 Denique
1700 2137 1804 2190 hoc

223 2239 389 2299 dicto,
420 2235 596 2288 videte
622 2230 1073 2301 quemadmodum
1098 2227 1346 2296 discipuli
1365 2227 1540 2280 territi
1564 2225 1800 2280 fuerunt.

225 2328 414 2400 (Vens.
447 2326 502 2387 8,
534 2323 614 2393 9.)
652 2321 846 2375 Dicunt
884 2319 930 2372 ei
963 2317 1251 2388 discipuli:
1275 2316 1462 2381 Rabbi,
1490 2332 1628 2369 nune
1655 2331 1804 2385 qua!-

225 2416 407 2470 rebant
427 2424 475 2467 te
503 2412 749 2482 lapidare
773 2409 974 2473 Judtri,
1002 2418 1048 2462 et
1071 2409 1259 2461 iterum
1294 2406 1442 2460 uadis
1482 2405 1649 2458 illuc?
1678 2404 1806 2458 Res—

225 2503 408 2576 pondit
428 2501 583 2556 Iesus
613 2515 630 2552 :
656 2499 844 2553 Nonne
869 2496 1144 2550 duodecim
1171 2495 1314 2548 horta
1342 2503 1463 2548 sunt
1489 2493 1594 2546 diei
1617 2493 1642 2545 ?
1666 2490 1806 2557 Quid

225 2591 334 2647 sibi
381 2589 496 2643 vult
522 2589 622 2643 ista
655 2584 1073 2655 responsio?llli
1115 2584 1405 2637 dixerunt:
1450 2581 1614 2636 Modo
1638 2590 1689 2634 te
1709 2596 1804 2652 uo-

226 2682 402 2734 lebant
427 2678 662 2748 lapidare
696 2675 901 2738 Judaei,
919 2684 967 2728 et
995 2676 1182 2728 iterum
1205 2672 1352 2726 uadis
1393 2672 1543 2736 illuc,
1568 2680 1628 2726 ut
1647 2679 1698 2724 te
1728 2670 1808 2724 la-

226 2771 456 2839 pidem?
481 2769 548 2825 Et
593 2768 899 2827 Dominus:
937 2765 1124 2820 Nonne
1165 2763 1439 2818 duodecim
1492 2764 1636 2816 liora:
1683 2771 1806 2816 sunt

231 2863 338 2916 diei
362 2861 388 2914 .9
1447 2905 1456 2912 .

305 2956 465 3010 Vens.
502 2955 584 3007 10.
609 2982 679 2992 -
699 2955 759 3006 Si
784 2955 902 3021 quis
931 2949 1270 3003 ambulaverit
1297 2945 1352 3000 in
1376 2949 1480 3008 die,
1509 2961 1612 2999 non
1642 2945 1808 3013 offen-

1887 522 1944 576 Si
1975 523 2107 576 bora
2131 530 2271 583 erat,
2303 519 2533 582 lucebat;
2568 519 2612 572 si
2654 517 2884 579 lucebat,
2913 517 3188 584 quomodo
3230 519 3368 572 diem
3392 519 3461 572 ad

1886 621 2118 668 mortem
2148 611 2440 666 tradebat?
2469 609 2578 664 Sed
2622 609 2881 662 Dominus
2927 610 2980 661 in
3011 608 3114 661 boc
3137 607 3321 670 verbo,
3353 624 3462 664 non

1888 702 2064 772 ipsum
2089 700 2298 764 Judam,
2348 702 2442 755 sed
2490 714 2858 756 successorem
2897 699 3070 766 ipsius
3111 699 3461 766 praevidebat.

1889 791 2026 846 Juda
2057 793 2200 848 enim
2231 793 2480 856 cadente,
2509 792 2771 846 successit
2811 791 3082 853 Matthias,
3115 799 3170 843 et
3197 791 3465 844 duodena-

1890 883 2006 936 rius
2033 897 2291 936 numerus
2335 882 2534 935 mansit
2561 881 2697 950 (Act.
2725 898 2765 945 ι,
2789 879 2900 950 9.6).
2935 881 3049 933 Non
3080 881 3222 934 enim
3264 879 3464 935 frustra

1889 973 2172 1027 duodecim
2203 973 2494 1040 discipulos
2523 972 2705 1040 elegit,
2751 973 2852 1025 nisi
2885 973 3009 1040 quia
3050 972 3164 1040 ipse
3207 971 3468 1041 spiritalis

1891 1073 1976 1121 est
2001 1066 2136 1120 dies.
2175 1064 2483 1133 Sequanqu
2501 1079 2630 1133 ergo
2654 1065 2798 1117 horae
2820 1064 2978 1123 diem,
3005 1065 3297 1132 prmdicent
3321 1064 3470 1118 horto

1894 1154 2058 1216 diem,
2111 1155 2258 1208 horae
2300 1151 2635 1208 illustrentur
2664 1167 2694 1204 a
2722 1152 2830 1216 dic,
2877 1153 3024 1206 liora:
3053 1151 3420 1206 illuminentur
3439 1167 3470 1206 a

1893 1243 2078 1307 die,et
2106 1259 2203 1312 per
2229 1245 2486 1297 horarum
2535 1243 2971 1311 praemi-stionem
3003 1243 3187 1297 credat
3242 1241 3473 1296 mundus

1895 1332 1950 1385 in
1975 1332 2137 1385 diem.
2172 1331 2282 1385 lloc
2303 1346 2433 1402 ergo
2464 1332 2539 1384 ait
2572 1331 2638 1385 de
2665 1330 3014 1399 compendio:
3048 1331 3128 1385 Me
3160 1331 3470 1400 sequimini,

1895 1422 1942 1475 si
1981 1435 2085 1474 non
2115 1423 2278 1475 vultis
2303 1436 2505 1476 errare.
2532 1421 2549 1492 (
2581 1421 2742 1474 Vens.
2794 1419 2906 1491 11.)
2941 1420 3008 1472 Et
3057 1429 3169 1490 post
3199 1421 3298 1474 hoc
3342 1422 3474 1474 dicit

1896 1510 1971 1563 eis
1995 1523 2014 1560 :
2042 1508 2281 1562 Lazarus
2324 1510 2524 1563 amicus
2578 1518 2751 1561 noster
2779 1507 2988 1568 dormit,
3021 1508 3111 1561 sed
3159 1509 3314 1573 vado,
3357 1519 3412 1562 ut
3442 1528 3474 1562 a

1896 1615 2079 1652 somno
2108 1599 2326 1653 excitem
2349 1615 2486 1653 eum.
2513 1601 2713 1654 Verum
2735 1598 2888 1652 dixit.
2915 1598 3202 1652 Sororibus
3230 1609 3476 1653 mortuus

1898 1696 2057 1754 erat,
2089 1689 2316 1743 Domino
2344 1688 2666 1743 dormiebat.
2701 1686 3023 1741 Hominibus
3049 1696 3296 1741 mortuus
3337 1698 3475 1750 erat,

1900 1782 1992 1850 qui
2018 1796 2140 1835 eum
2171 1781 2435 1836 suscitare
2459 1795 2564 1834 non
2593 1787 2842 1848 poterant
2865 1797 2877 1830 ε
2909 1795 3029 1832 nam
3054 1779 3310 1832 Dominus
3331 1787 3478 1832 tanta

1900 1871 2157 1926 facilitate
2183 1872 2483 1926 suscitabat
2506 1872 2572 1926 de
2596 1871 2864 1939 sepulcro,
2886 1879 3086 1940 quanta
3118 1879 3173 1924 tu
3208 1887 3311 1925 non
3334 1872 3482 1925 exci-

1901 1974 1988 2018 tas
2007 1964 2361 2019 dormientem
2384 1963 2449 2018 de
2474 1963 2631 2018 lecto.
2668 1963 2811 2032 Ergo
2854 1963 3146 2016 secundum
3178 1964 3473 2032 potentiam

1901 2067 2058 2108 suam
2079 2052 2216 2106 dixit
2237 2053 2616 2115 dormientem,
2637 2053 2760 2120 quia
2785 2060 2839 2106 et
2865 2051 2954 2106 alii
2974 2054 3168 2106 mortui
3201 2053 3326 2106 dicti
3354 2061 3481 2107 sont

1905 2141 1959 2195 in
1985 2140 2286 2210 Scripturis
2307 2154 2448 2209 saepe
2474 2140 2980 2205 dormientes,sicut
3002 2140 3288 2210 Apostolus
3310 2143 3441 2196 dicit
3464 2161 3475 2195 :

1904 2231 1983 2284 De
1997 2230 2372 2284 dormientibus
2389 2240 2559 2284 autem
2573 2230 2692 2284 nolo
2709 2230 2869 2302 574
2880 2249 2968 2284 vos
2990 2234 3255 2301 ignorare,
3270 2233 3478 2301 fratres,

1905 2333 1961 2374 ut
1994 2339 2096 2375 non
2149 2323 2540 2382 contristemini,
2588 2323 2721 2376 sicut
2771 2332 2818 2375 et
2847 2324 3042 2386 ca'teri,
3089 2325 3177 2394 qui
3206 2341 3347 2393 spem
3380 2341 3486 2380 non

1907 2410 2094 2463 habent
2127 2410 2178 2479 (1
2211 2409 2391 2464 Thess.
2421 2425 2495 2472 tv,
2524 2411 2636 2481 '22).
2673 2411 2794 2464 Ideo
2823 2420 2875 2465 et
2899 2412 3013 2480 ipse
3036 2412 3364 2468 dornnentes
3390 2428 3487 2485 ap-

1907 2497 2143 2567 pellavit,
2161 2498 2292 2566 quia
2309 2506 2716 2552 resurrecturus
2727 2500 3124 2566 pronuntiavit,
3148 2499 3330 2571 [Aug.,
3347 2517 3484 2570 prte-

1909 2589 2224 2662 nuntiavit].
2272 2591 2338 2644 Et
2387 2591 2440 2644 in
2479 2589 2585 2644 alio
2611 2591 2730 2644 loco
2757 2608 2768 2641 :
2802 2587 2994 2643 Omnes
3026 2591 3234 2660 quidem
3263 2591 3488 2645 dormie-

1907 2697 2045 2745 mus,
2089 2681 2179 2736 sed
2220 2698 2322 2735 nou
2374 2697 2552 2734 omnes
2580 2696 2904 2749 resurgemus
2932 2693 2954 2718 ιι
2996 2680 3048 2752 (1
3070 2679 3194 2734 Cor.
3226 2698 3314 2745 xv,
3344 2683 3434 2752 51)
3467 2699 3484 2750 ;

1910 2783 2140 2826 mortem
2194 2779 2434 2826 nostram
2484 2770 2823 2824 dormitionis
2877 2771 3094 2824 nomine
3152 2770 3482 2841 signiﬁcans.

1911 2861 2045 2916 Nam
2081 2878 2278 2933 corpus
2322 2863 2452 2917 dum
2494 2861 2764 2916 drscritur
2815 2862 2882 2914 ab
2940 2861 3138 2926 anima,
3192 2861 3389 2916 dormit
3428 2862 3482 2916 in

1909 2955 2178 3024 sepulcro,
2213 2955 2635 3010 resuscitandum
2668 2955 2718 3007 in
2749 2953 3042 3009 novissimo
3064 2953 3182 3009 die:
3223 2973 3240 3005 ι
3274 2953 3485 3011 Anima:

229 3049 330 3109 dit,
351 3046 474 3116 quia
495 3044 663 3098 lucem
689 3042 850 3112 hujus
875 3039 1054 3094 mundi
1079 3038 1234 3092 videt.
1268 3034 1325 3091 Si
1354 3045 1530 3089 autem
1569 3032 1808 3087 ambula-

1917 3060 2067 3110 vero,
2103 3046 2227 3100 dum
2273 3046 2525 3099 deserunt
2555 3060 2803 3115 corpora,
2859 3045 3102 3100 diversas
3152 3047 3488 3116 receptiones

231 3138 358 3193 iverit
404 3138 460 3189 in
489 3144 654 3197 nocte,
684 3131 918 3202 o/I‘endit,
948 3130 1073 3200 quia
1113 3128 1205 3181 lux
1249 3143 1351 3180 non
1391 3135 1464 3180 est
1495 3126 1550 3178 in
1571 3141 1651 3177 eo.
1685 3141 1702 3172 ι
1734 3123 1806 3178 De

230 3231 321 3283 die
348 3227 560 3296 quidem
591 3224 799 3278 locutus
854 3229 959 3284 est,
1013 3217 1108 3273 sed
1147 3218 1216 3272 ad
1243 3224 1482 3270 nostram
1514 3213 1813 3282 intelligen-

231 3319 364 3372 tiam
394 3316 579 3388 [Aug.,
597 3316 652 3369 in
681 3321 863 3372 n05tra
891 3305 1294 3379 intelligential,
1320 3305 1479 3374 quasi
1498 3305 1674 3358 adhuc
1706 3317 1808 3357 nox

230 3414 344 3462 est.
364 3406 678 3460 lnvocemus
715 3402 883 3463 diem,
905 3407 964 3454 ut
990 3396 1215 3468 repellat
1253 3403 1486 3456 noctem,
1535 3401 1592 3447 et
1618 3407 1713 3445 cor
1734 3392 1813 3447 lu-

235 3497 382 3551 mine
423 3495 669 3549 illustret.
710 3491 849 3558 Quid
895 3491 1038 3546 enim
1088 3486 1348 3542 Dominus
1377 3484 1556 3540 dicere
1602 3482 1814 3538 voluit?

233 3586 507 3653 Quanttun
556 3584 688 3640 mihi
719 3582 932 3637 videtur
958 3621 976 3645 ,
1025 3587 1288 3649 quantum
1341 3577 1583 3647 subiacet
1629 3575 1812 3649 [Aug.,

234 3674 510 3746 sublucet}
528 3674 771 3737 altitudo,
802 3671 1249 3741 profunditasque
1276 3669 1560 3726 sententia:
1580 3709 1598 3733 ,
1629 3668 1816 3722 redaro

235 3777 408 3837 gnere
444 3763 610 3819 voluit
636 3763 1028 3820 dubitationem
1078 3759 1290 3818 illorum
1317 3768 1373 3814 et
1416 3760 1816 3824 inﬁdelitatem,

235 3853 530 3909 voluerunt
552 3853 696 3908 enim
741 3852 1023 3907 consilium
1052 3851 1183 3908 dare
1211 3849 1446 3904 Domino.
1466 3866 1544 3905 ne
1580 3867 1818 3906 morere-

238 3956 372 4008 tur,
425 3945 516 4015 qui
566 3952 788 4000 venerat
831 3944 1014 4007 mori,
1065 3957 1134 3996 ne
1163 3943 1262 4010 ipsi
1316 3951 1675 3995 morerentur.
1727 3942 1818 3998 Sic

237 4043 406 4097 etiam
465 4043 701 4110 quodam
745 4041 858 4094 alio
907 4039 1032 4094 loco
1069 4040 1262 4092 Petrus
1319 4044 1540 4090 sanctus
1591 4033 1819 4104 diligens

240 4133 551 4193 Dominum,
585 4129 680 4182 sed
709 4129 888 4182 adhuc
914 4143 1020 4181 non
1060 4127 1215 4196 plene
1242 4127 1544 4196 intelligens
1593 4140 1692 4179 cur
1731 4139 1821 4178 ve-

238 4221 436 4282 nisset,
485 4216 665 4270 timuit
691 4229 756 4270 ne
794 4223 1135 4278 moreretur,
1167 4223 1222 4268 et
1250 4214 1375 4267 vitae
1419 4212 1716 4281 displicuit,
1764 4211 1818 4266 id

235 4318 348 4372 est,
372 4307 472 4376 ipsi
503 4305 730 4359 Domino
755 4303 968 4375 (Matth.
1015 4321 1127 4369 xvi,
1152 4304 1266 4376 ᾗ).
1298 4303 1430 4358 Cum
1459 4318 1589 4373 ergo
1616 4302 1818 4356 vellent

1919 3137 2120 3191 habent
2156 3155 2174 3188 :
2198 3136 2448 3208 gaudium
2477 3137 2653 3198 bonae,
2707 3136 2861 3188 mala:
2891 3145 3154 3190 tormenta
3182 3153 3195 3200 ;
3226 3137 3318 3190 sed
3366 3154 3491 3192 cum

1918 3225 2068 3281 facta
2106 3225 2268 3280 fuerit
2311 3226 2659 3290 resurrectio,
2690 3235 2746 3280 et
2790 3227 3054 3281 bonorum
3096 3227 3345 3296 gaudium
3377 3242 3494 3283 am-

1917 3318 2068 3388 plius
2088 3317 2212 3381 erit,
2243 3325 2298 3370 et
2325 3317 2585 3371 malorum
2643 3326 2908 3370 tormenta
2955 3317 3225 3387 graviora,
3278 3318 3457 3386 quand

1918 3421 2040 3462 cum
2077 3421 2302 3476 corpore
2325 3405 2734 3474 torquebuntur.
2777 3427 2794 3457 ›
2831 3406 2962 3459 Dum
2985 3406 3244 3460 Dominus
3278 3406 3342 3460 dc
3370 3406 3494 3460 dor-

1920 3498 2142 3552 mitione
2166 3488 2321 3552 amici
2343 3496 2555 3551 dixcrat
2577 3497 2876 3566 disc'pulis,
2901 3514 2917 3546 ι
2958 3497 3346 3565 responderunt
3363 3507 3496 3562 quo-

1921 3589 2084 3642 modo
2101 3587 2496 3643 intellexerunt.
2531 3587 2716 3658 (Vens.
2755 3587 2836 3646 l2,
2869 3587 2948 3647 l5,
2985 3585 3070 3649 14,
3104 3585 3212 3654 15.)
3247 3585 3488 3648 Domine,

1919 3679 1968 3732 si
1993 3679 2220 3740 dormit,
2247 3676 2424 3730 salvus
2449 3677 2566 3728 erit.
2596 3674 2781 3727 Solent
2807 3674 2949 3726 enim
2981 3688 3100 3728 esse
3127 3673 3299 3728 somni
3324 3688 3490 3742 aegro-

1922 3766 2150 3821 tantium
2192 3763 2381 3818 salutis
2431 3762 2705 3815 indicium.
2753 3759 2969 3814 Dixerat
3006 3771 3176 3814 autent
3229 3761 3382 3815 Iesus
3431 3762 3496 3815 de

1920 3865 2086 3908 morte
2105 3854 2218 3921 ejus
2246 3869 2265 3915 ;
2294 3851 2372 3904 illi
2403 3861 2576 3904 autem
2602 3861 2910 3920 putaverunt
2940 3853 3062 3922 quia
3090 3853 3153 3905 de
3183 3852 3494 3906 dormitione

1922 3944 2091 3998 somni
2140 3943 2352 3997 diceret.
2385 3940 2531 3995 Tum:
2556 3958 2676 4011 ergo
2726 3941 2858 3994 dixit
2900 3942 2974 3994 eis
3002 3940 3157 3994 Iesus
3194 3943 3492 4010 manifeste.

1923 4033 2268 4088 Subobscure
2320 4033 2462 4086 enim
2508 4032 2755 4092 dixerat,
2808 4031 3019 4084 dormit.
3071 4029 3160 4083 Ait
3209 4045 3336 4101 ergo
3380 4046 3494 4085 ma-

1922 4121 2159 4177 nifeste:
2195 4121 2432 4176 Lazarus
2479 4133 2714 4175 mortuus
2763 4130 2878 4185 est,
2928 4130 2976 4174 et
3027 4119 3229 4190 gaudeo
3281 4129 3494 4189 propter

1920 4230 2030 4276 ros,
2077 4223 2132 4266 ut
2167 4213 2389 4268 credatis
2429 4215 2553 4284 quia
2586 4229 2689 4266 non
2735 4229 2876 4266 crum
2923 4212 3015 4275 ibi,
3063 4213 3156 4266 scd
3205 4211 3316 4265 scio
3370 4210 3495 4279 quia

1922 4313 2173 4359 mortuus
2230 4313 2338 4359 est.
2393 4303 2562 4375 Eger
2617 4305 2758 4358 cnim
2796 4345 2810 4368 ,
2863 4319 2968 4357 non
3027 4311 3272 4356 mortuus
3318 4301 3510 4356 fuerat

236 4402 377 4455 dare
428 4395 716 4451 consilium.
762 4395 1009 4450 lmmincs
1042 4395 1170 4458 Deo,
1229 4394 1477 4464 discipuli
1534 4393 1813 4460 magistro,
1850 4396 2226 4467 pnuntiatus.
2269 4395 2373 4450 Sed
2423 4396 2550 4464 quid
2595 4395 2790 4449 lateret
2811 4410 2932 4448 eum
2974 4393 3064 4462 qui
3116 4401 3400 4446 creaverat
3444 4404 3502 4447 ct

241 4490 397 4546 servi
436 4488 680 4550 domino,
719 4487 908 4557 aegroti
936 4487 1144 4542 nieilico
1164 4527 1179 4550 ,
1211 4487 1475 4558 corripuit
1498 4501 1593 4540 eos
1616 4493 1672 4539 et
1705 4485 1779 4538 ait
1805 4499 1820 4537 :

245 4581 440 4634 Nonne
469 4577 744 4631 duodecim
763 4577 908 4630 [terra
933 4588 1056 4631 sunt
1076 4578 1221 4632 diei?
1250 4577 1307 4632 Si
1328 4578 1449 4648 quis
1478 4575 1824 4630 ambulaverit

243 4675 305 4725 in
330 4670 436 4732 die,
461 4686 566 4724 non
593 4669 829 4738 oﬁ'endit.
863 4668 944 4723 Me
995 4670 1304 4739 sequimini,
1337 4669 1382 4723 si
1411 4683 1520 4722 non
1547 4668 1709 4722 vultis
1745 4667 1826 4721 of-

248 4765 470 4819 fendere
495 4780 511 4828 ;
545 4763 710 4818 nolite
736 4763 868 4817 mibi
887 4762 1170 4817 consilium
1191 4763 1350 4829 dare,
1373 4776 1514 4830 quos
1532 4776 1560 4813 a
1592 4775 1678 4814 me
1699 4774 1828 4814 con-

247 4855 435 4911 silium
464 4863 676 4924 oportet
703 4855 972 4922 accipere.
1012 4853 1132 4920 Quo
1172 4869 1309 4924 ergo
1326 4853 1557 4922 pertinet
1593 4870 1605 4904 :
1640 4851 1828 4905 Nonne

246 4942 528 4998 duodecim
545 4944 688 4997 huic
707 4953 828 4998 sunt
857 4943 964 4996 diei.
982 4943 1008 4996 2
1025 4943 1162 5009 Quia
1184 4951 1248 4996 ut
1266 4943 1407 4996 diem
1432 4957 1490 4995 se
1509 4955 1630 4994 esse
1649 4951 1834 4994 esten-

249 5033 432 5091 deret.
461 5031 744 5090 duodecim
775 5032 1281 5102 discipuloseleg—it.
1319 5029 1374 5084 Si
1409 5046 1542 5097 ergo
1579 5045 1721 5093 sum,
1749 5031 1829 5083 in-

245 5124 391 5192 quit,
422 5123 562 5186 dies,
586 5131 642 5177 et
667 5138 765 5178 vos
788 5124 962 5186 horae,
977 5123 1218 5192 nummiii
1249 5124 1394 5176 bono
1417 5122 1520 5175 diei
1546 5120 1828 5174 consilium

245 5212 389 5267 dant
413 5211 435 5263 l
457 5209 617 5265 Hora:
637 5211 785 5266 diem
811 5221 1134 5280 sequuntur,
1157 5228 1262 5267 non
1286 5208 1683 5265 horasdies..Si
1700 5223 1839 5278 ergo

329 5392 360 5424 ⁸
385 5379 447 5437 ιιι
478 5380 708 5462 letam
748 5381 824 5436 ίιε
857 5379 1053 5462 μεθιεῖ
1079 5381 1318 5462 2.0mm.
1338 5379 1832 5462 9W.ow-

251 5465 377 5506 trsus
419 5449 511 5505 sed
531 5448 636 5506 ηὸτι
666 5466 843 5504 omnes
857 5448 1264 5503 iuimutabimur.
1290 5448 1656 5505 Alcuinusliic
1674 5463 1829 5502 setm-

258 5529 350 5574 tus
376 5491 541 5598 fuisse
567 5518 1085 5598 videturuluosdam
1104 5519 1316 5573 codices
1343 5517 1563 5598 (incitos
1598 5532 1662 5571 ac
1685 5517 1828 5571 Lati-

257 5605 382 5650 nos,
433 5589 484 5642 in
514 5588 708 5656 quibus
735 5587 898 5641 etiam
929 5587 1046 5640 loco
1074 5603 1248 5656 onmes
1270 5587 1476 5656 quidem
1505 5602 1832 5656 resurgentiu-

258 5659 503 5728 legitur:
534 5652 724 5712 Omnes
783 5656 990 5726 quidem
1048 5655 1380 5708 dormiam-ns.
1430 5655 1547 5708 Vid.
1609 5652 1824 5710 Hieron.

1923 4485 1991 4539 ad
2019 4483 2174 4552 cuius
2208 4500 2400 4538 manus
2443 4485 2620 4536 anima
2662 4483 2944 4536 morientis
2984 4481 3234 4535 exierat?
3272 4479 3384 4536 Hoc
3415 4491 3498 4536 cst

1921 4574 2066 4645 quod
2089 4575 2202 4628 ait:
2236 4571 2451 4626 Gaudeo
2475 4583 2683 4643 propter
2708 4589 2795 4626 vos
2817 4613 2831 4636 ,
2871 4582 2927 4625 ut
2980 4571 3202 4626 credat's
3236 4572 3360 4644 quia
3393 4589 3502 4626 non

1923 4665 1996 4717 ibi
2045 4679 2190 4717 eram
2227 4676 2244 4713 :
2282 4672 2340 4716 ut
2371 4663 2483 4732 jam
2533 4663 2831 4731 inciperent
2879 4661 3168 4725 admirari,
3221 4662 3346 4731 quia
3387 4663 3502 4724 Do-

1925 4753 2105 4808 minus
2147 4754 2320 4822 potuit
2371 4753 2550 4807 dicere
2579 4761 2880 4816 mortuum,
2905 4751 3090 4824 [quod]
3124 4769 3221 4808 nec
3266 4754 3503 4817 viderat,

1926 4857 2028 4899 nec
2058 4843 2320 4898 audierat.
2368 4843 2468 4899 Ubi
2515 4859 2645 4898 sane
2675 4844 2981 4897 meminisse
3032 4844 3316 4904 debemus,
3355 4847 3500 4912 quod

1926 4933 2099 4989 adhuc
2133 4934 2296 4988 etiam
2341 4934 2578 5002 ipsorum
2613 4933 2994 5002 discipulorum
3027 4933 3120 5002 qui
3153 4934 3205 4986 in
3236 4950 3356 4988 eum
3381 4936 3498 5004 jam

1926 5022 2288 5087 crediderant,
2312 5023 2588 5077 miraculis
2627 5022 2993 5077 :edillcabatur
3017 5021 3147 5077 ﬁdes
3173 5039 3186 5076 :
3217 5039 3321 5076 non
3350 5033 3406 5077 ut
3435 5040 3506 5077 ea

1927 5131 2046 5184 qua:
2075 5131 2180 5168 non
2208 5123 2326 5168 erat
2350 5154 2364 5178 ,
2400 5129 2519 5170 esse
2575 5115 2851 5184 inciperet,
2911 5113 3002 5168 sed
3050 5123 3112 5167 ut
3144 5129 3204 5168 ea
3240 5129 3359 5182 quae
3384 5114 3498 5184 jam

1928 5218 2049 5258 esse
2082 5214 2337 5269 cmperat,
2393 5214 2703 5269 cresceret;
2741 5204 2990 5273 quantivis
3045 5204 3140 5257 tali
3175 5205 3340 5258 verbo
3371 5222 3501 5260 usus

1931 5379 2087 5455 epist.
2123 5378 2308 5455 ll9=ad
2337 5380 2654 5455 Minervium
2694 5391 2751 5455 et
2785 5381 3154 5455 Alexandrum
3171 5391 3267 5455 ,_et
3290 5384 3496 5455 Angus-

1931 5449 2248 5525 tinumlibr.
2274 5466 2343 5504 xx
2361 5452 2428 5525 de
2453 5451 2622 5525 Civit.
2638 5451 2752 5515 Dei,
2778 5468 2896 5525 cap.
2927 5452 3017 5506 29.
3046 5449 3496 5525 Mendum_tanzcn

1934 5519 2017 5593 llic
2042 5519 2202 5572 cubat
2236 5520 2288 5574 in
2309 5522 2496 5593 verbis
2523 5539 2534 5573 :
2572 5521 2694 5575 Non
2723 5519 2900 5576 omnes
2929 5535 3270 5589 resurgcmus.
3295 5522 3499 5593 Legen-

1931 5589 2055 5641 dn-m
2086 5604 2214 5662 vero
2241 5607 2250 5639 :
2294 5588 2412 5643 Non
2445 5607 2620 5644 omnes
2647 5593 3054 5646 immutabimur.
