4000 6190
551 312 655 365 83l9

555 510 769 564 Gaudeo
810 513 1018 576 propter
1045 520 1131 558 vos
1159 543 1173 566 .
1203 511 1261 555 ut
1305 509 1482 555 vestra
1522 501 1652 556 fides
1698 511 1956 566 augeatur
2007 503 2119 554 sive

556 599 799 651 ﬁrmetur
823 610 840 658 ;
868 593 960 647 sed
997 602 1052 646 ut
1098 591 1320 644 credatis
1345 605 1364 642 :
1394 591 1536 659 quod
1586 589 1986 661 intelligendum
2015 601 2118 656 est,

555 694 614 738 ιιι
634 682 863 753 amplius
885 683 1265 751 robustiusque
1291 681 1543 734 credatis.

625 773 788 828 Vsus.
809 770 895 837 l6,
913 771 994 824 17.
1015 801 1084 810 -
1100 770 1206 826 Sed
1231 787 1409 824 eamus
1432 771 1500 824 ad
1523 787 1660 824 eum.
1681 771 1822 824 Dixit
1845 787 1965 840 ergo
1988 769 2123 824 Tho-

553 879 686 925 mas,
712 862 800 931 qui
821 861 1018 914 dici.’ur
1029 860 1306 929 Didymus,
1334 861 1402 913 ad
1416 860 1800 930 condiscipulos
1825 877 1947 913 suos
1969 874 1986 911 :
2017 861 2122 913 Ea—

551 971 667 1007 mus
687 961 860 1014 etnos,
883 961 936 1003 ut
966 949 1094 1020 [Al.,
1125 949 1195 1020 et]
1213 950 1504 1002 moriamur
1524 965 1642 1003 cum
1669 966 1748 1003 eo.
1785 947 1932 1003 Venit
1949 950 2122 1018 itaque

554 1044 732 1107 Iesus,
749 1052 794 1094 et
811 1042 1000 1094 invenit
1013 1057 1129 1092 eum
1141 1049 1366 1109 quatuor
1377 1039 1484 1092 dies
1490 1039 1608 1108 jam
1623 1039 1675 1091 in
1689 1049 2016 1091 monumento
2030 1038 2126 1090 ha-

555 1137 775 1189 bentem.
810 1151 828 1183 ‹
867 1134 942 1187 De
961 1143 1191 1202 quatuor
1220 1131 1409 1185 diebus
1439 1131 1602 1184 multa
1631 1130 1847 1198 quidem
1868 1129 1972 1184 dici
2001 1144 2122 1198 pos-

555 1233 700 1288 sunt,
736 1225 942 1278 sicutse
964 1221 1404 1276 habentobscura
1445 1219 1870 1289 Scripturarum,
1892 1233 2010 1286 qum
2023 1232 2122 1286 pro

556 1312 866 1366 diversitate
888 1309 1296 1379 intelligentiam
1312 1308 1509 1361 multos
1523 1323 1712 1361 sensus
1727 1307 1960 1375 pariunt.
1987 1325 2004 1355 ι
2032 1305 2123 1358 Di-

555 1417 739 1457 camus
756 1411 811 1456 et
841 1416 938 1454 nos
949 1401 1076 1468 quid
1106 1399 1260 1453 nobis
1287 1399 1532 1452 videatur
1552 1397 1856 1467 signiﬁcare
1879 1405 2124 1450 mortuus

554 1491 957 1561 quatriduanus.
991 1489 1266 1555 Quomodo
1294 1489 1436 1542 enim
1478 1489 1531 1541 in
1561 1488 1652 1542 illo
1680 1502 1821 1541 caeco
1871 1487 2124 1557 intelligi-

554 1597 676 1636 mus
703 1580 1096 1650 quodammodo
1127 1580 1421 1632 humanum
1469 1593 1655 1648 genus,
1689 1578 1768 1632 sic
1812 1576 1949 1630 forte
1987 1585 2041 1630 et
2070 1577 2122 1629 in

557 1671 662 1724 isto
683 1678 896 1724 mortuo
915 1667 1110 1722 multos
1137 1666 1456 1720 intellecturi
1478 1682 1662 1720 sumus
1685 1684 1697 1720 :
1730 1667 1954 1721 diversis
1981 1667 2123 1719 enim

559 1761 732 1814 modis
764 1775 869 1814 una
901 1774 987 1812 res
1015 1757 1305 1828 signiﬁcari
1339 1765 1533 1825 potest.
1569 1756 1736 1810 Homo
1762 1757 1977 1826 quando
2003 1771 2124 1810 nas-

558 1851 717 1914 citur,
732 1849 842 1917 jam
866 1865 985 1904 cum
1019 1856 1190 1902 morte
1221 1847 1479 1912 nascitur,
1507 1848 1631 1915 quia
1657 1847 1722 1902 de
1749 1848 1916 1902 Adam
1941 1861 2128 1916 pecca—

561 1949 672 1994 tum
711 1940 895 1993 trahit.
932 1938 1082 1994 Unde
1112 1937 1240 1991 dicit
1271 1937 1559 2006 Apostolus
1589 1956 1600 1989 :
1634 1936 1742 1990 Per
1775 1954 1936 1990 unum
1963 1936 2128 1989 homi-

560 2047 674 2084 nem
702 2041 968 2101 peccatum
1014 2030 1223 2082 intravit
1252 2029 1306 2081 in
1332 2029 1583 2080 mundum
1609 2068 1621 2089 ,
1660 2037 1707 2080 et
1737 2045 1828 2096 per
1863 2037 2128 2096 peccatum

563 2135 700 2171 mors
733 2128 819 2172 :et
869 2117 941 2170 ita
973 2118 1029 2170 in
1084 2134 1259 2170 omnes
1309 2117 1542 2170 homines
1585 2117 1907 2185 pertransiit,
1945 2117 2000 2168 in
2027 2133 2128 2186 quo

562 2223 737 2261 omnes
771 2217 1103 2267 peccaverunt
1132 2204 1311 2276 (llam.
1345 2221 1397 2269 ν,
1441 2205 1546 2275 12).
1590 2206 1728 2259 Ecce
1771 2205 1936 2258 habes
1965 2220 2130 2258 unum

558 2293 701 2347 diem
724 2294 930 2356 mortis,
961 2303 1262 2363 peccatum,
1297 2293 1439 2362 quod
1467 2293 1626 2346 homo
1654 2293 1819 2345 trahit
1845 2292 1910 2346 de
1934 2292 2124 2346 mortis

562 2387 870 2456 propagine.
902 2387 1102 2440 Deinde
1136 2385 1356 2450 crescit,
1383 2385 1563 2453 incipit
1597 2387 1850 2439 accedere
1877 2385 1944 2439 ad
1969 2386 2132 2440 ratio-

563 2477 711 2528 nales
728 2491 916 2542 annos,
945 2485 1004 2530 ut
1031 2477 1201 2546 legem
1225 2477 1397 2547 sapiat
1424 2477 1742 2541 naturalem,
1769 2492 1928 2546 quam
1954 2477 2129 2530 homi-

565 2584 662 2621 nes
699 2565 849 2638 [δίδη
877 2568 1084 2638 omnes]
1120 2569 1317 2622 habent
1349 2567 1400 2621 in
1449 2567 1608 2622 corde
1635 2569 1794 2621 ﬁxam
1822 2585 1834 2620 :
1865 2567 2006 2638 quod
2037 2568 2130 2621 tibi

567 2657 681 2711 fieri
709 2673 814 2712 non
839 2659 934 2722 vis,
968 2659 1056 2711 alii
1087 2675 1152 2712 ne
1179 2657 1389 2712 feceris.
1408 2659 1657 2728 Nunquid
1694 2660 1798 2714 hoc
1818 2661 1883 2714 de
1913 2659 2132 2730 paganis

563 2747 761 2802 (icitur
795 2746 977 2818 [Aug.,
1008 2749 1072 2802 de
1101 2747 1312 2818 paginis
1340 2747 1612 2819 discitur],
1643 2756 1697 2802 et
1723 2765 1826 2803 non
1854 2749 1907 2803 in
1939 2756 2130 2802 natura

563 2840 678 2909 ipsa
708 2841 1098 2909 quodammodo
1131 2839 1364 2908 legitur?
1396 2839 1617 2893 Furtum
1646 2839 1727 2894 vis
1772 2839 1919 2908 pati?
1948 2839 2133 2906 utique

564 2943 667 2980 non
699 2928 797 2981 vis.
828 2927 966 2982 Ecce
1006 2928 1089 2981 lex
1138 2929 1190 2981 in
1221 2926 1382 2982 corde
1429 2936 1555 2982 tuo:
1580 2929 1721 2996 quod
1749 2943 1853 2981 non
1881 2927 1960 2982 vis
2000 2927 2129 2996 pati,

564 3015 739 3071 fatere
762 3018 888 3095 noli.
919 3019 981 3071 Et
1004 3019 1142 3072 hanc
1162 3018 1333 3088 legem
1362 3016 1826 3088 transgrediuntur
1847 3018 2127 3072 homines:

1400 299 1460 355 B.
1501 299 1560 354 F.
1600 295 1821 354 ALBINI
1863 299 1991 354 εει]
2031 299 2300 354 ALCUINI
2350 299 2626 355 OPERUM
2669 301 2843 356 PARS
2881 302 2940 357 ll.

551 424 647 485 sit,
684 419 837 489 quasi
871 428 995 470 tunc
1041 414 1264 468 credere
1312 413 1627 481 inciperent.
1666 411 1781 466 Non
1807 413 1951 465 enim
1993 411 2110 465 ait:
2145 420 2186 470 Α

3674 307 3808 362 900'

2287 413 2445 465 Vens.
2473 411 2656 466 25-25.
2683 444 2750 452 —
2789 414 2921 466 Dicit
2966 415 3044 468 illi
3087 414 3281 468 Iesus:
3337 415 3580 487 Rcsurget
3625 422 3808 489 frater

2218 513 2359 556 tuus.
2412 503 2549 556 Dicit
2577 505 2624 556 ei
2655 504 2863 557 Martha
2889 520 2908 555 .'
2949 506 3070 559 Scio
3097 507 3219 575 quia
3259 518 3489 575 resurget
3524 509 3578 562 in
3617 527 3806 564 resur-

2218 595 2443 648 rectione
2465 595 2519 648 in
2546 597 2818 649 novissimo
2840 598 2943 650 die.
2977 597 3050 650 De
3071 597 3158 650 illa
3181 601 3574 654 resurrectione
3596 617 3803 658 secura

2219 697 2339 736 sum
2363 701 2375 736 :
2411 684 2475 738 de
2505 685 2604 738 hac
2636 685 2837 739 incerta
2865 701 3003 739 sum.
3057 687 3193 740 Dicit
3227 689 3274 742 ei
3301 688 3458 743 Iesus
3483 702 3504 741 :
3534 690 3645 762 Ego
3669 711 3800 747 sum

2221 774 2526 826 resurrectio
2562 783 2609 826 et
2647 775 2770 827 vita.
2832 775 3013 829 Dicis:
3065 775 3316 847 Resurget
3353 779 3521 847 frater
3551 799 3695 836 meus
3737 786 3803 838 in

2221 863 2498 916 novissimo
2523 863 2639 927 die;
2667 879 2851 918 verum
2880 874 2960 918 est
2984 883 2996 918 :
3030 867 3122 921 sed
3155 882 3251 935 per
3273 883 3430 935 quem
3459 878 3584 924 tunc
3606 887 3799 927 resur-

2221 959 2329 1018 get,
2351 958 2526 1018 potest
2542 960 2593 1004 et
2613 953 2771 1008 modo
2788 969 3090 1021 resurgere,
3105 956 3226 1026 quia
3243 971 3334 1026 ego
3349 975 3463 1011 sum
3482 964 3800 1018 resurrectio

2221 1047 2270 1091 et
2298 1040 2420 1092 vita.
2454 1039 2576 1094 Ideo
2605 1044 2948 1105 resurrectio,
2981 1045 3104 1112 quia
3134 1044 3241 1098 vita
3269 1064 3281 1099 :
3317 1045 3486 1119 [quia]
3513 1051 3602 1119 qui
3627 1054 3799 1106 credit

2221 1131 2277 1183 in
2309 1146 2417 1192 me,
2455 1147 2554 1183 non
2593 1133 2844 1185 morietur
2881 1134 2935 1186 in
2972 1144 3241 1188 a’ternum.
3287 1155 3304 1186 ι
3351 1136 3488 1202 Quid
3527 1148 3608 1192 est
3648 1142 3801 1195 hoc?

2225 1218 2328 1283 Qui
2352 1221 2513 1273 credit
2537 1220 2594 1273 in
2621 1237 2720 1285 me,
2748 1222 2902 1274 etiam
2927 1223 2973 1276 si
2997 1234 3230 1278 mortuus
3253 1225 3433 1293 fuerit,
3456 1229 3583 1280 vivet
3605 1243 3625 1278 :
3655 1229 3803 1284 sicut

2225 1312 2461 1366 Lazarus
2488 1319 2732 1366 mortuus
2762 1321 2876 1376 est,
2917 1321 2972 1366 et
2997 1314 3156 1378 vivit;
3205 1316 3326 1383 quia
3371 1331 3476 1368 non
3523 1326 3607 1370 est
3652 1318 3800 1372 Deus

2221 1411 2576 1465 mortuorum,
2604 1402 2699 1456 sed
2723 1403 2988 1456 vivorum.
3025 1404 3100 1458 De
3123 1403 3250 1456 olim
3276 1406 3503 1458 mortuis
3528 1407 3798 1474 patribus.

2224 1491 2326 1543 hoc
2351 1499 2452 1553 est,
2482 1491 2548 1544 de
2571 1491 2863 1556 Abraham,
2896 1494 2962 1548 de
3003 1494 3171 1558 Isaac,
3217 1498 3283 1548 de
3325 1494 3506 1555 Iacob,
3559 1497 3667 1550 tale
3706 1511 3797 1550 re-

2224 1595 2476 1648 sponsum
2521 1579 2718 1635 Iudazis
2760 1584 2925 1636 dedit.
2983 1581 3097 1652 Ego
3144 1601 3258 1636 sum
3305 1583 3446 1638 Deus
3489 1585 3797 1648 Abraham,

2226 1668 2295 1738 [ct
2325 1669 2464 1723 Deus
2490 1669 2668 1742 Isaac]
2698 1681 2745 1724 et
2772 1672 2910 1725 Deus
2935 1672 3099 1726 Iacob
3124 1672 3319 1742 (Exod.
3344 1689 3424 1737 ιιι,
3447 1672 3526 1744 6).
3566 1673 3688 1727 Non
3720 1686 3797 1728 est

2156 1755 2200 1813 Β
2229 1759 2368 1812 Deus
2409 1770 2732 1814 mortuorum
2757 1801 2772 1825 ,
2824 1762 2912 1814 sed
2959 1763 3192 1814 vivorum
3225 1762 3439 1832 (Matth.
3467 1777 3582 1816 nu
3604 1804 3619 1826 ,
3658 1763 3752 1832 52)
3782 1780 3795 1815 :

2227 1865 2412 1904 omnes
2441 1850 2581 1904 enim
2615 1851 2687 1904 illi
2720 1852 2922 1905 vivunt.
2971 1850 3142 1905 Crede
3169 1865 3314 1920 ergo,
3362 1861 3417 1905 et
3457 1851 3504 1904 si
3549 1861 3801 1906 mortuus

2227 1941 2415 2006 fueris,
2447 1944 2627 2002 vives:
2673 1943 2718 1996 si
2762 1951 2940 1996 autem
2985 1958 3087 1996 non
3130 1943 3337 2005 credis,
3383 1951 3437 1995 et
3477 1957 3601 1994 cum
3637 1943 3794 2007 vivis,

2227 2038 2470 2085 mortlms
2507 2045 2583 2084 es.
2637 2031 2788 2086 Unde
2825 2040 2910 2086 est
2943 2047 3072 2101 ergo
3108 2048 3250 2085 mors
3289 2033 3341 2086 in
3381 2032 3607 2085 anima?
3661 2032 3798 2097 Quia

2227 2137 2332 2174 non
2363 2130 2446 2175 est
2472 2120 2603 2173 fides
2629 2121 2682 2173 in
2707 2135 2790 2174 ea.
2825 2121 2974 2176 Unde
2999 2129 3079 2174 est
3106 2136 3250 2174 mors
3279 2121 3330 2173 in
3360 2135 3592 2189 corpore
3609 2121 3634 2172 ?
3661 2120 3796 2186 Quia

2228 2227 2333 2266 non
2356 2220 2438 2266 est
2460 2212 2531 2266 ibi
2554 2213 2750 2264 anima.
2779 2212 2920 2281 Ergo
2945 2213 3137 2282 anima:
3160 2221 3264 2265 tua:
3285 2213 3392 2264 vita
3416 2209 3571 2282 [Ms.,
3595 2211 3798 2278 anima]

2229 2301 2362 2355 fides
2395 2309 2496 2355 est.
2531 2320 2549 2351 ι
2605 2301 2757 2355 Sicut
2792 2303 2969 2355 anima
3010 2303 3254 2370 corporis
3279 2303 3388 2355 vita
3420 2308 3503 2355 est
3533 2303 3798 2371 corporis,

2230 2392 2302 2445 ita
2333 2392 2463 2444 lidcs
2491 2392 2682 2444 animae
2710 2393 2815 2445 vita
2845 2400 2928 2446 cst
2957 2393 3167 2444 animm.
3208 2410 3226 2440 ι
3262 2390 3364 2455 Qui
3405 2391 3568 2444 credit
3607 2393 3661 2443 in
3700 2410 3800 2455 me,

2231 2480 2432 2547 inquit,
2485 2480 2641 2531 etiam
2687 2480 2733 2532 si
2779 2489 3014 2532 mortuus
3045 2463 3296 2546 fuerit‘in
3331 2493 3524 2541 carne,
3574 2481 3704 2532 vivet
3752 2481 3800 2533 in

2231 2573 2440 2634 anima,
2472 2571 2640 2625 donec
2672 2579 2910 2638 resurget
2940 2586 3086 2634 caro,
3121 2585 3392 2638 nunquam
3422 2579 3610 2638 postea
3639 2571 3805 2623 mori-

2233 2671 2370 2715 tura.
2406 2661 2517 2715 Hoc
2540 2670 2642 2724 est,
2666 2663 2756 2730 qui
2783 2661 2941 2714 credit
2969 2661 3021 2714 in
3049 2677 3149 2724 me,
3172 2660 3297 2714 licet
3323 2662 3607 2725 moriatur,
3633 2663 3759 2714 rit-ct
3783 2675 3802 2710 .-

2230 2760 2276 2803 et
2318 2751 2484 2802 omnis
2532 2751 2621 2819 qui
2671 2750 2789 2803 vicit
2821 2750 2873 2802 in
2903 2764 3098 2812 carne,
3141 2759 3187 2802 et
3227 2750 3389 2802 credit
3419 2750 3473 2803 in
3502 2766 3612 2811 me,
3661 2761 3716 2803 et
3757 2751 3802 2803 si

2231 2841 2492 2894 morietur
2533 2840 2597 2893 ad
2643 2848 2852 2907 tempus
2895 2847 3114 2908 propter
3156 2848 3387 2894 mortem
3431 2842 3646 2903 carnis,
3696 2858 3804 2893 non

2230 2932 2483 2984 morietur
2507 2932 2563 2983 in
2594 2941 2842 2984 trtcrnum
2872 2941 3093 3000 propter
3122 2931 3283 2983 vitam
3339 2930 3560 2998 spiritus
3606 2939 3660 2984 et
3696 2932 3801 2983 im-

2236 3020 2617 3073 mortalitatem
2674 3020 3102 3074 resurreetionis.
3173 3019 3286 3073 Hoc
3340 3027 3422 3072 est
3476 3020 3620 3087 quod
3676 3020 3810 3072 ait:

562 3121 688 3161 ecce
715 3107 851 3160 alter
885 3107 998 3160 dies
1025 3107 1235 3162 mortis.
1268 3107 1400 3160 Data
1455 3115 1538 3160 est
1573 3107 1735 3159 etiam
1767 3105 1851 3158 lex
1879 3107 2133 3160 divinitus
2159 3095 2204 3155 C
2238 3111 2422 3182 (Vens.
2453 3109 2567 3178 ⁴26.)
2612 3109 2676 3162 Et
2709 3111 2874 3162 omnis
2905 3110 2990 3179 qui
3022 3110 3142 3162 vivit
3173 3118 3220 3160 et
3251 3109 3411 3162 credit
3451 3110 3506 3161 in
3547 3126 3652 3173 me,
3702 3124 3811 3162 non

564 3211 658 3264 per
681 3195 938 3250 famulum
985 3197 1079 3250 Dei
1114 3195 1328 3267 Moysen
1359 3215 1370 3248 :
1401 3197 1600 3250 dictant
1629 3205 1711 3250 est
1761 3195 1866 3248 illis
1895 3194 2050 3266 [Aug.
2083 3207 2130 3249 et

566 3287 694 3351 Ms.,
721 3287 850 3359 illic]
882 3307 894 3340 :
932 3287 1054 3340 Non
1084 3287 1284 3340 occides
1309 3303 1327 3351 ;
1356 3303 1457 3340 non
1488 3287 1819 3339 machaberis
1845 3304 1863 3349 ;
1893 3302 1994 3339 non
2025 3286 2132 3354 fal-

565 3392 682 3428 sum
718 3376 1067 3428 testimonium
1113 3376 1252 3427 dices
1281 3391 1300 3438 ,'
1330 3375 1528 3428 honora
1553 3385 1749 3444 patrem
1785 3385 1832 3427 et
1871 3388 2086 3428 matrem
2115 3391 2131 3438 ;

563 3484 667 3521 non
691 3468 1018 3537 concupisces
1047 3484 1151 3519 rem
1176 3467 1399 3536 proximi
1425 3468 1500 3518 tui
1527 3466 1721 3536 (Exod.
1759 3481 1848 3530 xx,
1873 3467 1956 3530 15,
1979 3467 2130 3536 seq.).

568 3557 704 3610 Ecce
743 3554 829 3608 lex
876 3555 1076 3624 scripta
1124 3563 1238 3619 est,
1270 3562 1324 3608 et
1376 3554 1490 3622 ipsa
1549 3554 1950 3608 contemnitur:
2001 3555 2135 3609 adde

565 3647 750 3719 [Aug.,
779 3646 926 3719 ecce]
976 3647 1194 3701 tertium
1224 3646 1364 3701 diem
1395 3646 1603 3700 mortis.
1634 3645 1772 3713 Quid
1803 3647 2005 3700 restat?
2033 3647 2137 3701 Ve-

569 3736 648 3788 nit
675 3737 742 3790 ad
788 3736 1153 3806 Evangelium,
1199 3736 1521 3805 praedicatur
1572 3751 1795 3806 regnum
1852 3736 2134 3800 ecelorum,

572 3822 878 3878 diﬂ‘amatur
902 3825 1102 3896 ubique
1135 3825 1405 3891 Christus,
1431 3827 1666 3880 minatur
1695 3827 2016 3898 gehennam,
2058 3825 2138 3879 vi-

573 3926 679 3971 tam
702 3914 966 3984 promittit
993 3922 1253 3968 aeternam
1279 3954 1295 3980 ,
1317 3923 1372 3970 et
1397 3916 1512 3985 ipse
1535 3916 1918 3970 contemnitur.
1943 3914 2139 3969 Trans-

570 4007 887 4078 grediuntur
923 4005 1171 4060 homines
1199 4006 1582 4076 Evangelium:
1614 4020 1740 4060 ecce
1768 4015 1993 4075 quartus
2025 4005 2140 4060 dies

570 4096 780 4152 mortis.
805 4095 995 4150 Merito
1009 4095 1120 4164 jam
1144 4103 1314 4164 putet.
1337 4094 1584 4164 Nunquid
1606 4104 1660 4148 et
1683 4093 1880 4148 talibus
1897 4095 2140 4164 neganda

572 4199 655 4244 est
714 4185 1082 4241 misericordia
1108 4185 1131 4238 ?
1159 4184 1332 4238 Absit.
1385 4185 1559 4238 Etiam
1597 4184 1664 4238 ad
1711 4184 1846 4239 tales
1886 4184 2142 4238 Dominus

569 4278 886 4335 excitandos
911 4291 1016 4330 non
1057 4274 1376 4345 dedignatur
1401 4274 1678 4329 accedere.
1711 4273 1896 4345 (Vens.
1917 4274 2003 4337 l9,
2026 4273 2140 4344 20.)

575 4368 730 4424 Multi
785 4377 958 4421 autem
996 4380 1062 4420 ea:
1107 4363 1312 4419 Iudicis
1360 4375 1599 4419 venerant
1656 4364 1724 4417 ad
1777 4362 2043 4418 Martham
2093 4375 2140 4418 et

2233 3198 2486 3251 morietur
2512 3199 2566 3250 in
2595 3211 2864 3250 retentum.

2306 3289 2468 3342 Vens.
2498 3287 2661 3340 27.-——
2691 3285 2871 3342 Credis
2900 3287 3036 3342 hoc!
3068 3287 3152 3340 Ait
3182 3286 3299 3339 illi:
3327 3285 3528 3356 Utique,
3555 3286 3817 3342 Domine.

2235 3376 2348 3446 Ego
2386 3376 2584 3429 credidi
2623 3377 2744 3447 quia
2782 3386 2840 3428 tu
2875 3392 2927 3430 es
2957 3375 3196 3430 Christus
3236 3374 3403 3428 Filius
3442 3374 3570 3438 Dei,
3616 3378 3711 3446 qui
3763 3379 3816 3430 in

2234 3466 2371 3518 hunc
2398 3464 2650 3518 mundum
2678 3467 2880 3518 venisti.
2920 3465 3146 3530 Quando
3173 3466 3276 3519 hoc
3305 3463 3507 3519 credidi
3538 3462 3704 3534 [Δίες.
3737 3480 3815 3515 re-

2234 3555 2356 3624 petit
2379 3569 2488 3606 voc.
2513 3553 2739 3625 credidi]
2767 3554 2890 3622 quia
2920 3561 2973 3606 tu
2998 3568 3058 3607 es
3086 3553 3428 3614 resurrectio,
3452 3552 3658 3605 credidi
3687 3553 3815 3618 quia

2237 3654 2293 3698 tu
2322 3659 2382 3699 es
2405 3645 2534 3708 vita,
2566 3644 2767 3699 credidi
2795 3645 2920 3713 quia
2949 3646 3040 3715 qui
3069 3645 3240 3699 credit
3267 3645 3320 3698 in
3347 3652 3421 3708 te,
3447 3652 3502 3696 et
3537 3643 3584 3697 si
3613 3643 3814 3696 moria-

2237 3742 2345 3798 tur,
2366 3736 2540 3795 vivct;
2577 3744 2632 3788 et
2652 3735 2742 3803 qui
2765 3735 2900 3788 vivit
2924 3743 2980 3789 et
3001 3734 3171 3789 credit
3195 3733 3273 3805 [in
3297 3733 3394 3805 te],
3420 3748 3525 3786 non
3553 3732 3817 3786 morietur

2238 3825 2291 3880 in
2317 3834 2594 3880 :etcrnum.
2643 3825 2828 3895 (Vens.
2856 3825 2972 3895 28.)
3013 3825 3081 3879 Et
3113 3841 3229 3878 cum
3263 3826 3372 3878 htec
3399 3824 3646 3882 dixisset,
3688 3823 3813 3874 abiit

2237 3927 2286 3971 et
2320 3918 2514 3972 vocavit
2563 3916 2790 3970 Mariam
2837 3932 3066 3970 sororem
3114 3931 3264 3970 suam
3306 3914 3547 3977 silentio,
3595 3913 3813 3966 dicens:

2241 4007 2496 4076 Magister
2521 4006 2688 4068 adest,
2719 4015 2766 4060 et
2791 4015 2939 4060 vocat
2967 4015 3036 4059 te.
3075 4004 3476 4059 Advertendum
3504 4011 3609 4064 est,
3632 4015 3815 4069 quem-

2241 4095 2527 4148 admodum
2557 4108 2901 4162 suppressam
2925 4107 3112 4147 vocem
3153 4091 3427 4146 silentium
3465 4088 3812 4156 nuncupavit.

2242 4183 2376 4239 Nam
2403 4184 2671 4253 quomodo
2698 4184 2874 4246 siluit,
2915 4199 3035 4253 qua:
3061 4183 3195 4238 dixit
3219 4196 3235 4235 :
3269 4180 3528 4251 Magister
3551 4180 3696 4232 adest
3715 4219 3730 4241 ,
3769 4187 3815 4230 ct

2241 4282 2389 4328 vocat
2435 4283 2483 4326 te
2509 4274 2534 4326 ?
2585 4273 2983 4327 Advertendum
3031 4281 3116 4326 est
3161 4271 3322 4325 etiam
3368 4269 3815 4338 quemadmodum

2244 4363 2569 4432 evangelista
2598 4377 2704 4416 non
2730 4361 2946 4424 dixerit,
2973 4360 3065 4415 ubi
3089 4359 3176 4413 vel
3199 4357 3418 4427 quando
3441 4357 3526 4410 vel
3555 4354 3819 4425 quomodo

577 4461 832 4525 Mariam,
875 4469 930 4512 ut
959 4457 1352 4512 consolarentur
1383 4455 1543 4526 575
1573 4472 1662 4510 eas
1707 4455 1770 4509 de
1820 4453 1982 4520 fratre
2022 4470 2139 4509 suo.
2172 4427 2222 4487 θ
2248 4427 2467 4507 Mariam
2494 4453 2753 4508 Dominus
2777 4452 3068 4507 vocaverit.
3100 4450 3171 4506 Ut
3195 4451 3299 4505 hoc
3323 4448 3379 4503 iu
3399 4447 3578 4502 verbis
3599 4445 3819 4499 Marthae

578 4547 790 4602 Martha
823 4563 960 4615 ergo,
1004 4554 1058 4598 ut
1104 4544 1338 4615 cognovit
1380 4545 1504 4616 quia
1527 4542 1682 4598 Iesus
1725 4545 1876 4609 venit,
1919 4545 2145 4597 occurrit

578 4644 679 4697 illi.
707 4642 878 4696 Maria
908 4650 1082 4694 autem
1105 4639 1246 4693 domi
1274 4639 1501 4693 sedebat.
1533 4639 1716 4711 (Vens.
1740 4638 1828 4702 2i,
1857 4637 1972 4707 22.)
1999 4637 2146 4690 Dixit

579 4751 699 4804 ergo
731 4731 939 4786 Martha
969 4730 1036 4784 ad
1061 4729 1242 4784 Iesum
1268 4742 1286 4780 :
1310 4729 1552 4793 Domine,
1579 4730 1624 4782 si
1652 4728 1836 4798 fuisses
1853 4729 1956 4793 hic,
1981 4727 2147 4795 frater

579 4842 724 4879 meus
747 4839 849 4877 non
877 4832 1005 4876 esset
1034 4829 1289 4875 mortuus.
1327 4818 1432 4875 Sed
1455 4829 1502 4873 et
1533 4836 1670 4873 nunc
1701 4820 1981 4889 scio,.quia
2003 4833 2147 4888 quee-

579 4931 780 4985 cunque
826 4911 1121 4984 poposceris
1175 4927 1209 4962 a
1237 4909 1378 4975 Deo,
1430 4908 1575 4962 dabit
1625 4908 1718 4961 tibi
1764 4907 1928 4960 Deus.
1976 4925 1994 4956 ι
2028 4906 2144 4961 Non

581 5010 717 5066 dixit
736 5026 749 5061 :
768 5005 872 5062 Sed
893 5013 947 5060 et
964 5004 1122 5058 modo
1145 5017 1275 5073 rogo
1297 5011 1367 5066 te,
1392 5009 1452 5056 ut
1467 5001 1692 5056 suscites
1705 4998 1924 5054 fratrem
1945 5013 2144 5054 meum.

582 5102 734 5160 Unde
773 5100 916 5154 enim
958 5096 1164 5151 sciebat
1192 5095 1236 5149 si
1263 5092 1434 5150 frater
1475 5092 1591 5162 ejus
1629 5101 1954 5163 resurgeret,
2006 5091 2147 5162 quod

579 5193 712 5248 utile
757 5190 931 5245 fuerat
959 5186 1092 5260 [Al.,
1119 5195 1180 5241 ut
1225 5185 1272 5241 si
1309 5185 1398 5241 ille
1441 5185 1678 5240 adesset.
1711 5183 1876 5254 Aug.,
1901 5183 1946 5238 si
1994 5181 2150 5238 fratri

577 5283 695 5352 ejus
723 5293 1004 5352 resurgere
1022 5277 1151 5333 utile
1191 5275 1410 5350 fuerit]?
1431 5275 1543 5332 Hoc
1562 5283 1771 5332 tantum
1801 5276 1934 5332 dixit
1959 5295 1972 5329 :
2001 5275 2144 5338 Scio,

580 5375 706 5443 quia
735 5381 888 5444 potes
918 5390 933 5438 ;
959 5371 1005 5426 si
1033 5371 1136 5436 vis,
1172 5368 1308 5425 facis
1336 5387 1350 5424 :
1380 5378 1560 5426 utrum
1599 5377 1780 5427 autem
1808 5367 1974 5425 facies
1995 5367 2148 5442 [Ms.,

584 5462 798 5536 facias],
819 5463 1008 5534 iudicii
1029 5463 1107 5517 tui
1134 5469 1240 5526 est,
1270 5476 1376 5516 non
1402 5460 1836 5531 praesumptionis
1861 5474 2011 5514 mete.
2045 5457 2150 5512 Sed

583 5560 632 5601 ct
655 5568 790 5606 nunc
815 5554 946 5617 scio,
983 5553 1105 5622 quia
1143 5567 1462 5623 quiscunque
1487 5549 1780 5622 poposceris
1809 5565 1840 5600 a
1865 5548 1974 5601 Deo
2008 5547 2151 5600 dabit

589 5640 681 5692 tibi
714 5641 868 5698 Deus.

2242 4544 2420 4613 petius
2468 4543 2883 4614 intelligeretur,
2932 4540 3260 4595 narrationis
3302 4539 3588 4593 veritatem
3638 4542 3818 4590 servat

2246 4634 2371 4706 [Ms
2385 4635 2659 4699 ,veritate.
2681 4635 2838 4704 Aug.,
2853 4634 3119 4688 brevitate
3133 4629 3395 4702 servata].
3415 4629 3601 4699 (Vsus.
3617 4626 3820 4690 29-31.)

2245 4725 2352 4780 Illa
2378 4735 2435 4780 ut
2461 4726 2683 4789 audivit,
2713 4726 2876 4796 surgit
2905 4725 3029 4787 cito,
3059 4733 3107 4777 et
3133 4723 3268 4777 venit
3297 4721 3366 4775 ad
3396 4737 3535 4774 eum.
3571 4717 3820 4772 Nondum

2245 4824 2454 4869 venerat
2476 4812 2632 4868 Iesus
2656 4815 2712 4868 in
2735 4812 3026 4876 castellum,
3049 4811 3139 4866 sed
3160 4821 3272 4865 erat
3293 4809 3467 4864 adhuc
3492 4809 3548 4861 iu
3572 4805 3664 4859 illo
3689 4804 3823 4862 loco.

2250 4903 2338 4957 ubi
2363 4913 2658 4958 occurrerat
2689 4904 2738 4957 ei
2763 4903 2994 4957 Martha.
3027 4901 3206 4955 Iudici
3230 4901 3394 4969 igitur
3418 4897 3508 4968 qui
3533 4902 3684 4950 eram
3713 4908 3825 4946 cum

2251 4996 2344 5050 illa
2389 4998 2444 5051 in
2489 4996 2673 5061 domo,
2708 5005 2756 5050 et
2793 4993 3200 5050 consolabantur
3234 5008 3382 5055 eam,
3424 5005 3544 5042 cunt
3581 4986 3826 5040 vidissent

2255 5085 2504 5143 Mariam.
2550 5087 2673 5156 quia
2707 5085 2809 5139 cito
2836 5085 3060 5138 surrexit
3091 5093 3139 5136 ct
3169 5083 3315 5143 exiit,
3345 5080 3508 5134 secuti
3535 5085 3661 5132 sunt
3691 5090 3827 5132 eam

2253 5176 2520 5230 dicentes:
2556 5175 2694 5241 Quia
2721 5177 2860 5231 vadit
2888 5175 2956 5229 ad
2985 5183 3401 5236 monumentum,
3438 5180 3498 5224 ut
3531 5168 3705 5239 ploret
3737 5165 3828 5218 ibi.

2255 5263 2434 5331 Quare
2460 5265 2562 5320 hoc
2585 5265 2844 5334 pertinuit
2865 5263 2980 5336 [ad]
2999 5263 3381 5332 evangelistam
3413 5273 3641 5315 narrare
3658 5259 3686 5311 ?
3715 5251 3829 5328 [Ut]

2255 5354 2538 5409 videamus
2560 5369 2682 5423 quae
2712 5355 2934 5409 occasio
2963 5353 3152 5409 fecerit
3189 5361 3249 5407 ut
3283 5352 3467 5422 plures
3505 5350 3582 5405 ibi
3617 5354 3829 5403 essent.

2256 5444 2472 5511 quando
2519 5443 2758 5498 Lazarus
2808 5444 3158 5498 resuscitatus
3209 5451 3311 5496 est.
3375 5441 3639 5495 Putantrs
3693 5437 3834 5492 enim

2257 5528 2450 5593 Iudaei,
2474 5539 2758 5600 propterea
2790 5532 2936 5587 illam
2968 5531 3242 5596 festinare,
3269 5542 3329 5585 ut
3354 5529 3561 5585 doloris
3589 5528 3669 5582 sui
3699 5527 3837 5580 sota-

2262 5619 2393 5672 tintn
2434 5619 2685 5692 lacrymis
2722 5632 2986 5691 quzereret
3015 5663 3030 5687 ,
3069 5623 3234 5676 secuti
3273 5630 3397 5675 sunt
3433 5635 3592 5684 eam,
3629 5626 3691 5672 ut
3728 5625 3840 5670 tam
