4000 6190
289 177 356 228 95-)
367 175 384 227 Ι

1091 169 1495 227 EXEGETICA.
1537 199 1604 208 -—
1641 167 1997 234 COMMEXT.
2032 166 2098 220 IN
2137 167 2326 222 IOAN.
2369 199 2434 209 -
2477 169 2606 224 LIB.
2650 171 2713 224 ι’.

3428 177 3534 231 9ι)·2

288 286 490 358 grande
533 283 847 338 miraculum
891 283 1230 351 quatriduani
1283 281 1478 335 mortui
1531 281 1860 348 resurgentis
1893 294 1932 342 Α
1961 280 2048 334 ille
2074 282 2286 335 nescit?
2343 283 2447 338 Sed
2473 283 2624 352 quasi
2652 283 2838 336 nescit.
2902 281 3050 338 Unde
3077 283 3177 338 hoc
3206 284 3534 354 probamus?

290 387 459 432 testes
484 374 740 443 plurimos
765 374 1044 427 inveniret.
1079 373 1264 443 (Vens.
1288 372 1504 442 52—54.)
1540 371 1711 425 Maria
1741 387 1862 440 ergo

289 481 410 521 cum
449 463 666 518 venisset
701 463 788 515 ubi
822 471 932 515 erat
957 460 1146 525 Iesus,
1186 460 1360 514 videns
1392 477 1540 524 eum,
1579 460 1760 512 cec'dit
1796 458 1865 510 ad

290 556 447 626 pedes
474 553 608 624 ejus,
637 563 685 606 et
711 553 844 605 dixit
871 553 919 605 ei
943 566 959 604 :
999 550 1242 616 Domine,
1279 551 1325 604 si
1354 551 1437 604 hic
1469 551 1674 619 fuisses,
1705 551 1866 618 frater

294 661 440 699 meus
486 659 586 696 non
629 651 759 695 esset
797 651 1052 695 mortuus.
1106 641 1261 695 Iesus
1303 657 1444 710 ergo,
1493 650 1548 692 ut
1587 639 1714 692 vidit
1752 655 1866 691 eam

293 737 614 808 plorantem,
660 744 708 788 et
748 732 964 788 Iudmos
993 734 1226 804 quicum
1267 731 1360 786 illa
1397 739 1544 785 erant
1583 728 1864 799 plorantes,

296 824 506 894 fremuit
534 824 742 892 spiritu,
781 832 829 875 et
855 822 1078 888 turbavit
1103 822 1453 890 semetipsum,
1487 828 1536 872 et
1559 817 1730 871 dixit:
1770 813 1868 869 Ubi

295 911 545 980 posuistis
573 910 740 963 eum?
791 909 1009 978 Aliquid
1054 909 1210 963 nobis
1255 905 1545 962 insinuavit
1592 902 1870 959 fremendo

297 1001 513 1070 spiritu,
545 1008 600 1052 et
630 997 896 1052 turbando
926 990 1182 1064 seipsum.
1219 995 1348 1062 Quis
1372 993 1514 1048 enim
1540 1007 1663 1045 eum
1690 998 1872 1060 posset

299 1092 402 1147 nisi
435 1091 546 1160 ipse
573 1087 722 1160 [Ms.,
756 1085 1013 1158 seipsum]
1045 1085 1306 1141 turbare?
1349 1084 1535 1153 Itaque
1572 1082 1747 1150 primo
1785 1081 1871 1134 hic

299 1181 561 1234 attendite
587 1185 921 1248 potestatem,
948 1185 1002 1232 et
1027 1176 1103 1230 sic
1131 1174 1382 1243 inquirite
1403 1171 1867 1243 signiﬁcationem.

299 1268 559 1324 Turbaris
587 1278 641 1321 tu
673 1267 892 1330 nolens,
935 1267 1180 1320 turbatur
1209 1263 1490 1327 Christus,
1527 1261 1652 1331 quia
1685 1260 1868 1314 voluit.

300 1358 538 1413 Esurivit
576 1355 771 1418 Iesus,
816 1369 1002 1407 verum
1047 1361 1168 1419 est,
1213 1352 1336 1422 quia
1367 1351 1567 1412 voluit;
1620 1348 1872 1403 dormivit

300 1448 478 1512 Iesus,
502 1462 686 1500 verum
709 1453 810 1510 est,
839 1445 963 1514 quia
985 1444 1180 1509 voluit;
1214 1443 1562 1498 contristatus
1591 1451 1673 1496 est
1695 1438 1872 1505 Iesus,

305 1554 489 1593 verum
513 1546 613 1600 est,
635 1537 726 1590 sed
749 1536 872 1605 quia
894 1535 1092 1600 voluit;
1122 1543 1364 1588 mortuus
1389 1541 1472 1588 est
1491 1531 1664 1594 Iesus,
1686 1546 1874 1586 verum

1964 368 2247 424 Dominum
2285 373 2409 426 audi
2439 372 2709 427 dicturum
2751 373 2806 426 in
2841 370 3081 440 judicio:
3114 371 3237 426 Non
3273 374 3393 428 novi
3422 391 3536 435 vos,

1963 459 2207 513 discedite
2239 477 2271 514 a
2307 477 2385 514 me
2419 461 2633 533 (Matth.
2666 477 2762 525 vn,
2790 461 2904 532 25).
2956 461 3094 528 Quid
3124 470 3238 529 est,
3284 461 3410 517 Non
3446 480 3545 519 vos

1966 549 2078 602 novi
2102 550 2126 602 2
2173 550 2289 604 Νοιι
2317 566 2408 605 vos
2434 550 2586 604 video
2614 551 2668 604 in
2702 549 2821 605 luce
2848 565 2998 616 mea,
3041 565 3146 604 non
3174 566 3271 606 vos
3293 553 3450 608 video
3477 554 3534 608 in

1965 635 2054 690 illa
2080 637 2289 706 justitia
2317 654 2478 707 quam
2509 638 2650 692 novi.
2693 637 2783 692 Sic
2808 647 2862 692 et
2887 639 2976 693 hic
3006 648 3259 708 tauquam
3288 639 3537 696 nesciens

1967 725 2128 780 talem
2173 737 2538 792 peccatorem,
2585 728 2758 782 dixit:
2793 726 2890 781 Ubi
2916 729 3161 797 posuistis
3187 730 3352 783 eum?
3394 731 3540 784 Talis

1965 827 2048 873 est
2074 835 2177 874 vox
2203 819 2299 873 Dei
2326 821 2378 873 in
2402 820 2672 889 paradiso,
2701 829 3048 891 posteaquam
3071 822 3315 890 peccavit
3337 821 3535 889 Adam,

1971 905 2070 961 Ubi
2095 924 2148 962 es
2175 906 2327 977 (Gen.
2358 925 2440 972 ιιι,
2466 909 2565 980 9)2

2037 999 2229 1053 Dicunt
2266 1001 2354 1053 ei:
2393 1000 2634 1066 Domine,
2661 1000 2777 1054 veni
2818 1009 2865 1054 et
2905 1001 3042 1053 vide.
3077 999 3221 1066 Quid
3244 1009 3350 1066 est,
3382 1002 3494 1055 vide
3519 1004 3544 1055 2

1967 1090 2240 1144 Miserere.
2283 1088 2438 1143 Videt
2472 1091 2614 1144 enim
2653 1089 2932 1154 Dominus,
2974 1091 3189 1160 quando
3225 1091 3536 1148 miseretur.

1973 1178 2123 1234 Unde
2149 1178 2224 1245 illi
2252 1177 2474 1232 dicitur:
2509 1177 2637 1232 Vide
2665 1179 3011 1232 humilitatem
3032 1197 3220 1245 meam,
3242 1189 3291 1234 et
3312 1179 3542 1235 laborem

1970 1284 2158 1328 meum,
2183 1277 2231 1320 et
2255 1267 2452 1321 dimitte
2477 1269 2650 1321 omnia
2677 1277 2888 1337 peccata
2917 1285 3031 1322 mea
3058 1267 3229 1339 (Psal.
3258 1287 3406 1336 xxxv,
3431 1271 3541 1342 18).

1973 1354 2156 1426 (Vens.
2186 1353 2278 1418 55,
2308 1354 2422 1424 36.)
2455 1354 2793 1424 Lacrymaus
2822 1366 2894 1409 est
2921 1356 3095 1410 Iesus.
3134 1357 3392 1412 Dixerunt
3417 1375 3542 1430 ergo

1969 1442 2148 1497 Iudwi
2170 1457 2188 1494 :
2221 1443 2358 1498 Ecce
2384 1444 2641 1515 quomodo
2669 1444 2878 1497 amabat
2909 1462 3046 1499 eum.
3091 1445 3229 1512 Quid
3253 1457 3356 1514 est,
3390 1465 3543 1502 ama-

1975 1534 2061 1588 bat
2089 1551 2206 1588 eum
2231 1536 2256 1588 2
2298 1533 2413 1590 Νοιι
2442 1533 2564 1588 veni
2593 1549 2784 1588 vocare
2801 1534 2996 1604 justos,
3025 1537 3118 1590 sed
3145 1545 3459 1604 peccatores
3485 1537 3542 1591 in

302 1637 421 1692 est,
469 1627 560 1680 sed
601 1627 726 1694 quia
758 1624 945 1679 voluit.
992 1623 1050 1677 In
1083 1623 1226 1678 illius
1248 1630 1512 1692 potestate
1540 1629 1658 1674 erat
1687 1621 1764 1674 sic
1793 1618 1874 1673 vel
1908 1625 1952 1684 Β
1976 1624 2367 1695 ρωιιὶῑθηιίωιι.
2406 1624 2589 1696 (Vsus.
2612 1623 2726 1695 57.)
2760 1622 2989 1689 Quidam
3016 1635 3191 1680 autem
3213 1626 3457 1681 dixeram
3483 1643 3548 1681 επ

304 1716 385 1769 sic
415 1713 550 1768 allici
582 1713 688 1784 [vel
720 1728 824 1766 non
872 1712 951 1766 sic
993 1710 1176 1782 allici].
1233 1709 1460 1764 Verbum
1491 1706 1624 1778 [Al.,
1653 1704 1871 1776 Veram]

304 1808 452 1861 enim
483 1807 644 1877 576
669 1805 902 1858 animam
931 1804 1195 1872 suscepit,
1227 1809 1282 1856 et
1310 1814 1546 1863 carnem,
1579 1799 1743 1854 totius
1773 1799 1872 1852 ho-

306 1897 470 1952 minis
515 1897 614 1950 sibi
662 1903 920 1963 coaptans
968 1894 1022 1948 in
1068 1909 1310 1963 personae
1354 1892 1558 1945 unitate
1603 1899 1871 1944 naturam.

306 1986 441 2041 Nam
489 1993 542 2040 et
589 1986 781 2040 animm
825 1983 1186 2054 apostolorum
1222 1981 1372 2036 Pauli
1417 1989 1473 2035 et
1521 1980 1661 2033 Petri
1711 1981 1875 2032 verbo

306 2067 590 2133 illustrataé
613 2084 737 2131 sunt
761 2088 820 2139 ις
870 2075 1096 2128 aliorum
1127 2071 1512 2142 apostolorum,
1541 2077 1874 2132 sanctorum,

310 2168 692 2239 prophetarum
725 2166 902 2222 Verbo
936 2165 1213 2220 illustratus
1247 2172 1372 2218 sunt
1400 2163 1628 2216 animm:
1678 2161 1771 2216 sed
1813 2163 1878 2214 de.

311 2257 454 2312 nulla
483 2257 681 2311 dictum
711 2264 791 2310 est
817 2273 828 2309 :
869 2255 1094 2309 Verbum
1122 2271 1242 2308 caro
1270 2253 1465 2323 factum
1498 2262 1607 2315 est;
1642 2252 1708 2307 de
1735 2251 1878 2304 nullo

311 2347 511 2400 dictum
532 2354 612 2400 est
635 2363 646 2398 :
676 2344 788 2414 Ego
807 2355 854 2397 et
879 2342 1039 2398 Pater
1061 2359 1220 2396 unum
1242 2359 1440 2396 sumus.
1467 2341 1658 2395 Anima
1680 2340 1878 2395 Christi

309 2444 364 2488 et
404 2449 530 2487 caro
558 2433 794 2493 Christi,
847 2449 969 2487 cum
1000 2432 1175 2485 Verbo
1221 2430 1315 2483 Dei
1360 2444 1462 2481 una
1501 2443 1728 2498 persona
1759 2435 1877 2490 est,

310 2538 450 2576 unus
477 2521 721 2576 Christus
749 2529 851 2574 est.
893 2520 970 2574 Ac
997 2533 1092 2588 per
1121 2519 1222 2572 hoc
1258 2517 1345 2571 ubi
1377 2533 1586 2570 summa
1616 2524 1878 2584 potestas,

311 2616 382 2669 ibi
413 2613 704 2669 secundum
736 2611 1026 2666 voluntatis
1063 2619 1251 2663 nutum
1289 2609 1536 2662 turbatur
1572 2607 1877 2661 inﬁrmitas.

312 2703 425 2758 Hoc
451 2711 561 2765 est,
606 2701 829 2755 turbavit
858 2701 1205 2768 semetipsum.
1256 2697 1374 2750 Dixi
1403 2704 1722 2766 potestatem
1741 2735 1757 2760 ,
1802 2704 1883 2749 at-

311 2793 471 2848 tende
496 2792 960 2862 signiﬁcationem.
990 2789 1210 2859 Magnus
1238 2798 1419 2842 reatus
1439 2795 1539 2850 est,
1559 2801 1718 2855 quem
1744 2801 1885 2840 mor-

1973 1714 2132 1785 ipsis:
2167 1713 2291 1768 Non
2315 1723 2514 1784 poterat
2538 1715 2622 1767 hic
2649 1715 2738 1785 qui
2767 1716 2968 1785 aperuit
2998 1715 3176 1770 oculos
3201 1718 3346 1782 carri,
3375 1719 3549 1785 facere

1975 1813 2030 1856 ut
2051 1803 2134 1857 hic
2153 1819 2256 1857 non
2277 1805 2608 1858 moreretur?
2639 1803 2741 1870 Qui
2763 1805 2932 1859 noluit
2951 1804 3130 1862 facere
3157 1816 3218 1861 ut
3244 1823 3350 1862 non
3375 1823 3550 1862 more-

1977 1901 2142 1956 retur,
2173 1892 2292 1960 plus
2317 1900 2400 1945 est
2425 1895 2569 1961 quod
2601 1892 2841 1948 facturus
2868 1905 2978 1960 est,
3012 1905 3071 1948 ut
3102 1905 3344 1952 mortuus
3374 1899 3546 1952 susci-

1976 1991 2140 2035 tetur.
2173 1982 2358 2050 (Vsus.
2384 1982 2498 2052 58.)
2529 1982 2683 2036 Iesus
2715 1999 2894 2036 rursus
2920 1984 3143 2052 fremens
3171 1987 3224 2039 in
3253 1987 3551 2056 semetipso,

1977 2074 2109 2127 venit
2139 2072 2208 2126 ad
2237 2083 2644 2126 monumen'um.
2696 2071 2898 2127 Fremit
2935 2082 2988 2126 et
3027 2075 3079 2127 in
3120 2083 3200 2138 te,
3243 2076 3287 2130 si
3314 2075 3554 2144 disponis

1978 2164 2317 2217 reviviscere.
2349 2162 2506 2217 Omni
2539 2163 2740 2217 homini
2770 2164 2986 2228 dicitur,
3019 2165 3108 2233 qui
3139 2165 3402 2233 premitur
3427 2181 3550 2235 pes-

1977 2252 2111 2305 sima
2151 2253 2537 2307 consuetudine
2574 2271 2588 2306 :
2646 2252 2793 2307 l’enit
2843 2254 2911 2308 ad
2955 2265 3367 2309 monumentum.
3418 2255 3552 2311 Erat

1978 2353 2150 2397 autem
2172 2342 2438 2413 spelunca,
2459 2353 2506 2396 et
2533 2343 2666 2412 lapis
2695 2345 3043 2412 superpositus
3071 2355 3181 2398 erat
3208 2346 3276 2398 ei.
3315 2345 3556 2400 Mortuus

1980 2435 2079 2488 sub
2108 2433 2304 2503 lapide,
2330 2449 2455 2488 reus
2483 2435 2581 2488 sub
2607 2434 2742 2502 lege.
2781 2433 2942 2488 Scitis
2967 2434 3109 2487 enim
3153 2436 3278 2502 quia
3306 2436 3412 2500 lex,
3437 2452 3557 2507 quae

1979 2523 2103 2577 data
2123 2531 2206 2576 est
2223 2522 2438 2586 Judmis.
2462 2524 2515 2576 in
2541 2524 2712 2592 lapide
2733 2524 2932 2592 scripta
2953 2533 3035 2578 est
3055 2525 3252 2596 (Exod.
3271 2527 3553 2598 “11,183.

1981 2612 2180 2668 Omnes
2207 2623 2386 2668 autem
2417 2615 2491 2667 rei
2523 2615 2622 2667 sub
2649 2613 2762 2683 lege
2789 2622 2914 2668 sunt
2939 2631 2951 2666 :
2985 2615 3121 2668 bene
3151 2615 3389 2670 viventes
3411 2617 3557 2670 enim

1982 2702 2039 2756 in
2085 2701 2200 2770 lege
2244 2717 2349 2756 non
2396 2711 2522 2756 sunt
2550 2700 2730 2773 [Aug.,
2759 2717 2879 2757 eum
2914 2702 3029 2774 lege
3063 2703 3232 2774 sunt].
3280 2702 3434 2758 Iusto
3472 2704 3558 2758 lex

1983 2793 2156 2864 posita
2186 2808 2290 2847 non
2315 2801 2396 2848 est
2422 2793 2472 2863 (I
2503 2793 2638 2847 Tim.
2672 2810 2706 2857 ι,
2742 2793 2817 2864 9).
2877 2795 3012 2861 Quid
3041 2806 3123 2850 est
3147 2812 3277 2867 ergo
3326 2799 3554 2868 lapidem

313 2888 384 2941 tis
411 2885 783 2954 quatriduanze
828 2882 916 2936 illa
961 2882 1229 2952 signiﬁcat
1259 2881 1531 2951 sepultura
1561 2879 1740 2952 [Aug.,
1772 2880 1887 2937 Ma-
1929 2955 1947 2957 _
1985 2885 2302 2938 removere?
2327 2883 2566 2939 Gratiam
2591 2886 2905 2954 prtedicare.
2937 2886 3225 2957 Apostolus
3248 2890 3389 2943 enim
3420 2889 3556 2944 Pau-

309 2991 448 3046 gnus
489 2990 612 3028 reus
653 2981 737 3028 est
757 3013 770 3036 ,
819 2987 978 3042 quem
1022 2973 1211 3028 mortis
1268 2972 1610 3042 quatriduum
1633 3012 1648 3036 ,
1695 2979 1750 3026 et
1793 2971 1882 3026 illa
1910 2955 1957 3018 ο
1987 2972 2070 3028 lus
2103 2974 2408 3027 ministrum
2436 2988 2493 3028 se
2521 2974 2652 3028 dicit
2680 2975 2801 3029 novi
2836 2955 3163 3040 testamenti,
3204 2991 3310 3030 non
3339 2976 3551 3040 littera‘,

311 3065 580 3135 signiﬁcat
613 3061 929 3134 sepultura].
978 3062 1117 3129 Quid
1159 3070 1242 3116 est
1272 3077 1400 3130 ergo
1427 3060 1568 3130 quod
1594 3061 1774 3115 turbat
1803 3075 1886 3114 se-

315 3158 601 3227 metipsum
629 3156 906 3218 Christus,
944 3155 1048 3209 nisi
1086 3162 1146 3207 ut
1181 3153 1446 3223 signiﬁcet
1485 3151 1579 3204 tibi
1619 3151 1887 3218 quomodo

313 3249 518 3304 turbari
565 3257 620 3302 tu
663 3248 877 3310 debeas,
912 3262 1033 3302 cum
1067 3251 1212 3299 tanta
1243 3244 1384 3298 mole
1411 3244 1615 3313 peccati
1647 3243 1890 3313 gravaris

312 3349 371 3394 et
406 3338 706 3410 premeris?
754 3335 1045 3391 Attendisti
1080 3335 1222 3389 enim
1265 3343 1345 3399 te,
1387 3333 1563 3388 vidisti
1604 3342 1657 3387 te
1695 3349 1884 3398 reum;

313 3429 636 3498 conmutasti
666 3427 798 3482 tibi:
838 3427 969 3482 lllud
1000 3424 1133 3490 feci,
1169 3434 1223 3479 et
1257 3425 1500 3495 pepercit
1526 3423 1707 3488 Deus;
1757 3422 1887 3476 illud

313 3520 580 3584 commisi,
608 3528 660 3574 et
689 3519 894 3574 distulit
922 3535 1038 3584 me;
1075 3517 1418 3586 Evangelium
1449 3516 1650 3579 audivi,
1681 3523 1737 3570 et
1761 3532 1889 3570 con-

316 3608 530 3676 tempsi.
569 3608 681 3672 Dic,
709 3606 798 3662 dic
825 3606 1190 3677 lacrymando,
1217 3607 1519 3675 baptizatus
1544 3621 1683 3669 sum,
1711 3615 1765 3658 et
1792 3605 1890 3658 ite-

317 3712 437 3750 rum
468 3697 534 3751 ad
562 3698 746 3752 eadem
777 3700 1047 3752 revolutus
1077 3712 1195 3751 sum
1224 3714 1236 3749 :
1277 3697 1404 3766 quid
1431 3696 1610 3750 facio?
1653 3708 1758 3761 quo
1783 3693 1890 3747 eo?

318 3788 460 3841 umle
485 3789 697 3842 evado?
730 3786 952 3853 Quando
978 3787 1081 3840 ista
1107 3785 1258 3848 dicis,
1279 3783 1389 3851 jam
1421 3782 1599 3834 fremit
1620 3781 1888 3846 Christus,

313 3877 441 3945 quia
485 3877 616 3930 ﬁdes
658 3875 855 3929 fremit.
912 3873 969 3926 In
1009 3887 1139 3925 voce
1179 3869 1460 3924 frementis
1505 3877 1728 3938 apparet
1768 3882 1891 3936 spes

315 3965 667 4036 resurgentis.
722 3961 823 4016 Ubi
872 3961 984 4030 ipsa
1036 3959 1167 4013 ﬁdes
1214 3957 1375 4021 intus,
1418 3957 1489 4012 ibi
1529 3964 1611 4010 est
1644 3955 1891 4011 Christus

314 4053 589 4114 fremens;
627 4051 671 4104 si
706 4048 840 4102 ﬁdes
869 4049 920 4102 in
950 4048 1126 4111 nobis,
1157 4047 1404 4101 Christus
1435 4046 1490 4100 in
1531 4047 1703 4100 nobis.
1753 4046 1891 4114 Quid

313 4144 464 4197 enim
508 4141 648 4194 aliud
697 4141 772 4194 ait
815 4139 1139 4210 Apostolus:
1190 4137 1442 4192 Habitare
1488 4137 1753 4192 Christum
1799 4155 1893 4210 per

314 4229 479 4299 ﬁdem
523 4227 577 4280 in
623 4227 862 4280 cordibus
905 4227 1087 4281 vestris
1114 4225 1328 4298 (Ephes.
1357 4242 1440 4290 ιιι,
1477 4226 1606 4297 l7)?
1653 4227 1795 4296 Ergo
1840 4227 1884 4281 si

319 4319 457 4372 ﬁdes
487 4326 578 4371 tua
608 4309 659 4370 in
687 4315 902 4371 Christo
930 4314 1082 4388 [Ms.,
1114 4315 1179 4370 de
1207 4313 1446 4387 Christo]
1466 4356 1482 4379 ,
1527 4314 1772 4370 Christus
1808 4324 1892 4370 est

323 4410 378 4462 in
410 4408 570 4462 corde
600 4417 711 4462 tuo.
744 4426 762 4458 ι
815 4407 956 4478 Ergo
989 4406 1185 4461 fremat
1207 4405 1455 4461 Christus
1490 4407 1544 4461 in
1579 4407 1742 4462 corde
1776 4416 1888 4461 tuo.

321 4497 495 4552 Flevit
521 4512 650 4566 ergo
673 4496 921 4551 Christus
955 4496 1186 4551 amicum
1224 4503 1523 4562 mortuum,
1555 4510 1716 4564 quem
1747 4497 1894 4550 venit

323 4591 758 4646 resuscitaturus.
793 4588 970 4656 Quare
989 4587 1132 4643 enim
1154 4585 1317 4651 ﬂevit,
1343 4587 1446 4641 nisi
1471 4589 1597 4656 quia
1621 4588 1892 4642 hominem

323 4679 453 4733 ﬁere
474 4679 654 4734 docuit
676 4673 989 4749 oppressum
1013 4677 1251 4748 pondere
1273 4677 1651 4745 peccatorum?
1678 4696 1695 4728 ι
1717 4676 1829 4744 Qua
1839 4692 1895 4732 re

326 4767 543 4823 fremuit
579 4777 635 4822 et
671 4767 906 4822 turbavit
931 4767 1310 4837 semetipsum,
1351 4766 1453 4820 nisi
1484 4767 1610 4836 quia
1640 4767 1773 4823 ﬁdes
1803 4768 1898 4821 ho-

328 4863 489 4918 minis
515 4864 615 4918 sibi
649 4864 844 4918 merito
874 4862 1208 4933 displicentis
1237 4861 1468 4918 fremere
1495 4861 1778 4916 admodum
1808 4863 1900 4918 de-

328 4955 418 5007 bet
447 4953 500 5005 in
526 4953 921 5008 accusationem
959 4953 1225 5007 malorum
1252 4966 1474 5021 operum
1493 4991 1508 5017 ,
1544 4955 1604 5005 ut
1630 4951 1900 5006 violentiae

330 5040 641 5108 pmnitentis
669 5038 851 5112 [Aug.,
882 5039 1202 5113 paenitendi]
1232 5041 1387 5096 cedat
1415 5041 1744 5095 consuetudo
1775 5055 1900 5110 pec-

328 5127 528 5182 candi?
579 5129 645 5184 Et
691 5129 866 5185 dint:
919 5127 1016 5184 Ubi
1057 5132 1302 5202 posuistis
1348 5147 1466 5185 eum
1490 5131 1515 5183 2
1555 5149 1574 5182 ι
1613 5131 1732 5186 Scis
1772 5131 1899 5201 quia

332 5225 576 5272 mortuus
603 5218 694 5282 sit,
723 5226 776 5272 et
805 5218 896 5273 ubi
926 5219 1163 5288 sepultus
1189 5221 1446 5291 ignoras?
1477 5221 1542 5276 Et
1567 5221 1672 5278 ista
1699 5220 1900 5292 signiﬁ-

332 5305 476 5359 catio
501 5313 603 5360 est.
637 5305 751 5360 Non
776 5322 938 5360 ausus
969 5321 1086 5360 sum
1124 5307 1326 5371 dicere,
1348 5309 1555 5374 nescit:
1596 5309 1721 5380 quid
1758 5309 1900 5362 enim

407 5436 620 5490 'Ms.:

336 5515 439 5558 est.
474 5525 492 5556 ι

1918 4281 1967 4344 ι)

1989 3065 2084 3118 sed
2109 3065 2350 3134 spiritus.
2382 3063 2517 3117 Nam
2547 3063 2736 3124 littera,
2769 3065 2961 3133 inquit,
2992 3067 3199 3131 occidit,
3228 3067 3442 3137 spiritus
3467 3083 3564 3120 au-

1988 3163 2088 3206 tem
2117 3153 2343 3220 vivi/icat
2377 3151 2462 3224 (II
2487 3152 2609 3206 Cor.
2642 3166 2721 3215 ιιι,
2753 3154 2826 3223 6).
2869 3153 3070 3208 Littera
3101 3156 3374 3221 occidens,
3406 3155 3560 3226 quasi

1989 3240 2124 3310 lapis
2151 3249 2234 3294 est
2261 3256 2530 3310 premens.
2565 3243 2746 3314 (Vens.
2779 3245 2868 3308 59,
2899 3242 3012 3316 40.)
3042 3243 3334 3310 Removete,
3361 3246 3561 3315 inquit,

1987 3330 2233 3402 lapidem.
2273 3331 2564 3388 Removete
2587 3333 2721 3404 legis
2747 3335 2972 3404 pondus,
2999 3336 3222 3406 gratiam
3251 3336 3558 3404 praedicata.

1989 3424 2126 3477 Dicit
2155 3426 2201 3478 ei
2236 3424 2467 3490 Martha,
2498 3442 2648 3479 soror
2671 3426 2784 3493 ejus
2820 3427 2909 3495 qui
2947 3434 3183 3477 mortuus
3213 3424 3426 3492 fuerat:
3457 3424 3563 3477 Do-

1987 3517 2145 3580 mine,
2159 3517 2276 3586 jam
2302 3517 2442 3585 fetet,
2463 3515 2846 3584 quatriduanus
2865 3515 3001 3567 enim
3021 3524 3116 3567 est.
3148 3514 3284 3567 Dicit
3305 3515 3353 3567 ei
3371 3513 3528 3569 Iesus
3547 3532 3565 3566 .-

1993 3605 2181 3658 Nonne
2219 3604 2330 3656 dixi
2370 3603 2484 3666 tibi,
2524 3601 2772 3672 quoniam
2811 3602 2856 3655 si
2893 3601 3197 3668 credideris,
3226 3603 3421 3659 videbis
3450 3604 3563 3676 glo-

1991 3697 2124 3748 riam
2152 3693 2248 3746 Dei
2270 3695 2296 3747 2
2339 3712 2357 3744 ι
2389 3692 2526 3760 Quid
2555 3700 2666 3757 est,
2695 3691 2889 3746 videbis
2917 3691 3140 3762 gloriam
3169 3694 3266 3749 Dei
3289 3695 3314 3749 2
3346 3694 3479 3762 Quia
3514 3705 3568 3748 et

1988 3793 2264 3854 patentem
2310 3793 2366 3838 et
2409 3785 2826 3853 quatriduanum
2874 3785 3120 3838 suscitat.
3175 3785 3377 3842 Omnes
3421 3790 3566 3842 enim

1988 3880 2376 3941 peccaverunt,
2417 3879 2472 3926 et
2507 3881 2666 3940 egent
2694 3871 2861 3941 gloria
2892 3872 2984 3926 Dei
3013 3871 3191 3942 (Rom.
3221 3888 3304 3936 ιιι,
3333 3873 3448 3944 25).
3499 3875 3566 3928 Et

1991 3959 2081 4013 ubi
2105 3957 2394 4013 abundavit
2409 3965 2711 4027 peccatum,
2725 3959 3180 4028 superabundavit
3198 3959 3369 4028 gratia
3385 3958 3564 4030 (Rom.

1991 4064 2041 4112 ν,
2069 4049 2182 4121 20).
2971 4103 2989 4107 _
3519 4053 3521 4055 ’

2062 4141 2246 4213 (Vr-Las.
2277 4139 2494 4213 ιιι-ιδ).
2532 4169 2605 4180 ——
2653 4137 2903 4194 Tulerunt
2949 4154 3070 4210 ergo
3117 4137 3362 4208 lapidem.
3412 4135 3568 4192 Iesus

1991 4243 2161 4287 autem
2186 4232 2399 4286 elevatis
2422 4247 2631 4286 sursum
2655 4229 3015 4291 oculis,di:cit:
3041 4227 3224 4293 Pater,
3247 4229 3444 4298 gratias
3469 4244 3569 4300 ago

1992 4324 2114 4388 tibi,
2152 4323 2400 4394 quoniam
2438 4322 2632 4374 audisti
2669 4336 2769 4374 me.
2819 4319 2932 4388 Ego
2961 4327 3135 4371 autem
3161 4317 3415 4382 sciebam,
3444 4318 3569 4388 quia

1993 4427 2192 4480 semper
2213 4427 2292 4463 me
2313 4409 2490 4473 audis,
2512 4408 2603 4462 sed
2629 4417 2840 4478 propter
2860 4405 3111 4476 populum
3134 4407 3224 4475 qui
3249 4407 3567 4470 circumstat,

1994 4501 2126 4563 dixi,
2149 4510 2204 4552 ut
2226 4498 2437 4552 credant
2462 4499 2586 4569 quia
2611 4507 2668 4551 tu
2690 4513 2770 4550 me
2797 4495 3006 4550 misisti.
3043 4494 3170 4548 Hac
3191 4510 3308 4548 cum
3331 4494 3566 4558 dixisset,

1996 4589 2154 4658 577
2181 4603 2302 4640 voce
2330 4603 2518 4657 magna
2548 4585 2811 4640 clamavit.
2843 4602 2861 4635 ι
2893 4583 3132 4638 Fremuit
3155 4623 3170 4648 ,
3213 4583 3529 4655 lacrymavit
3551 4623 3568 4646 ,

1999 4697 2127 4737 voce
2160 4697 2353 4751 magna
2384 4679 2656 4734 clamavit.
2708 4677 2878 4744 Quam
2908 4675 3120 4731 dillicile
3155 4677 3363 4746 surgit,
3408 4690 3570 4744 quem

1998 4773 2167 4826 moles
2190 4771 2344 4826 malae
2364 4767 2766 4825 consuetudinis
2785 4766 3002 4837 premit.
3041 4763 3147 4819 Sed
3171 4773 3348 4819 tamen
3374 4764 3568 4834 surgit,

1997 4865 2210 4920 occulta
2249 4863 2418 4934 gratia
2458 4862 2602 4916 intus
2637 4859 2978 4914 viviﬁcatus:
3025 4856 3199 4926 surgit
3235 4863 3359 4926 post
3383 4870 3570 4910 vocem

2000 4967 2266 5023 magnam.
2300 4951 2438 5018 Quid
2467 4949 2818 5006 estfactum?
2861 4949 3047 5019 (Vens.
3073 4946 3188 5018 44.)
3220 4945 3356 5000 Voce
3380 4962 3572 5015 magna

1999 5042 2277 5098 clamavit:
2309 5042 2532 5108 Lazare,
2571 5041 2688 5096 veni
2722 5040 2887 5110 foras.
2921 5039 2989 5092 Et
3028 5038 3206 5092 statim
3247 5035 3439 5106 prodiit
3479 5035 3573 5105 qui

2004 5131 2175 5201 fuerat
2205 5140 2470 5193 mortuus,
2515 5129 2704 5199 ligatus
2750 5128 2903 5198 pedes
2945 5136 2995 5181 et
3036 5143 3221 5180 manus
3248 5125 3474 5186 institis,
3523 5133 3571 5176 et

2004 5220 2167 5290 facies
2202 5218 2345 5274 illius
2381 5219 2595 5273 sudario
2625 5227 2736 5272 erat
2765 5216 2946 5288 ligata.
2996 5215 3272 5283 Quomodo
3310 5217 3578 5285 processit

2007 5309 2182 5379 ligatis
2209 5309 2430 5378 pedibus
2465 5307 2713 5371 miraris,
2753 5315 2809 5360 ct
2848 5320 2955 5360 non
2993 5306 3208 5360 miraris
3231 5305 3354 5373 quia
3388 5318 3590 5361 resne.

677 5456 694 5486 ι
726 5435 858 5490 Nam
900 5445 954 5489 et
993 5435 1168 5488 anima
1213 5437 1446 5504 Apastoli
1502 5439 1666 5492 verbo
1708 5437 1968 5492 illustrata
2006 5445 2123 5496 est.
2177 5437 2352 5490 anima
2393 5435 2544 5490 Pauli
2594 5442 2648 5488 et
2697 5433 2874 5488 anima
2913 5432 3057 5491 Petri
3100 5432 3262 5488 verbo
3308 5433 3580 5494 illustrat:
