3992 6184
481 342 586 399 90¹ῑ

1327 330 1386 386 Β.
1424 331 1486 385 F.
1527 327 1748 385 ALBINI
1788 325 1919 382 SEU
1959 320 2228 379 ALCUIM
2265 320 2543 378 OPERUM
2578 320 2756 376 PARS
2794 320 2855 376 11.

3602 318 3710 376 904

479 455 621 509 rexit
638 448 1056 523 quatriduanus?
1085 446 1144 501 In
1166 452 1393 515 utroque
1413 445 1648 514 polentia
1670 440 1880 497 Domini
1901 446 2040 504 erat,
2074 439 2117 499 Α
2143 436 2276 490 dixit
2312 438 2385 491 eis
2406 451 2425 487 :
2460 434 2566 490 Vos
2599 437 2804 491 nescitis
2839 433 3152 505 quidquam,
3194 449 3284 486 nec
3319 433 3557 503 cogitatis
3590 436 3718 504 quia

478 558 583 601 non
612 543 753 598 vires
777 539 997 595 mortui.
1047 537 1349 600 Processit,
1389 544 1445 589 et
1480 534 1654 589 adhuc
1691 533 1885 604 ligatus
1919 538 2040 583 est:

476 635 657 690 adhuc
682 629 954 686 involutus
977 668 990 691 ,
1040 636 1218 681 tamen
1256 623 1400 680 foras
1429 623 1545 692 jam
1577 622 1860 691 processit.
1907 617 2045 686 Quid

473 717 783 791 signiﬁcat?
813 717 1036 785 Quando
1065 716 1380 773 contemnis.
1411 721 1656 768 mortuus
1677 712 1862 781 jaces;
1907 718 1962 763 et
2000 710 2043 764 si

477 820 626 868 tanta
650 816 847 881 quanta
875 807 984 862 dixi
1011 806 1329 870 contemnis,
1354 803 1591 873 sepultus
1615 801 1764 869 iaces
1788 818 1801 854 :
1834 802 2048 869 quando

476 896 752 952 conﬁteris
782 893 1045 967 [surgis],
1093 902 1221 947 tunc
1267 891 1534 961 procedis.
1593 889 1729 956 Quid
1777 898 1859 944 est
1903 889 2045 943 enim

475 988 788 1057 procedere,
807 986 910 1039 nisi
924 985 1000 1039 ab
1018 984 1248 1040 occultis
1267 982 1412 1037 velut
1429 982 1669 1036 exeundo
1689 978 2050 1034 manifestari?

480 1075 588 1129 Sed
614 1082 670 1127 ut
700 1073 1025 1137 conﬁtearis,
1057 1073 1195 1126 Deus
1222 1070 1351 1124 facit
1374 1084 1505 1125 voce
1532 1084 1723 1139 magna
1748 1068 2048 1131 clamando,

474 1162 533 1217 id
557 1172 665 1227 est,
692 1176 886 1233 magna
917 1162 1088 1233 gratia
1113 1160 1374 1215 vocando.
1405 1159 1530 1213 Ideo
1553 1173 1675 1212 cum
1701 1157 2054 1227 processisset

480 1261 727 1307 mortuus
753 1252 930 1306 adhuc
958 1251 1173 1321 ligatus,
1209 1248 1472 1303 conﬁtens
1509 1255 1563 1300 et
1597 1247 1772 1301 adhuc
1805 1260 1950 1310 reus,
1995 1253 2056 1298 ut

478 1344 819 1399 solverentur
845 1350 1063 1413 peceata
1095 1339 1241 1407 ejus,
1282 1340 1546 1393 ministris
1572 1339 1676 1393 hoc
1703 1337 1839 1392 dixit
1866 1336 2052 1390 Domi-

480 1446 622 1489 nus:
656 1430 853 1486 Solvite
877 1428 1046 1492 illum,
1080 1438 1129 1483 et
1156 1429 1308 1482 sinite
1332 1428 1496 1481 abire.
1543 1425 1681 1493 Quid
1706 1434 1809 1490 est,
1837 1424 2051 1489 Solvite,

479 1528 528 1571 et
554 1518 709 1571 sinite
735 1517 877 1569 abire
900 1518 924 1569 ?
961 1515 1092 1582 Qua:
1119 1516 1388 1570 solveritis
1418 1517 1470 1569 in
1498 1523 1666 1578 terra,
1694 1522 1854 1568 erunt
1880 1515 2054 1568 soluta

478 1620 535 1665 et
562 1610 616 1664 in
646 1610 815 1664 oculis.
850 1629 869 1661 ι
927 1609 1108 1663 Potuit
1150 1609 1294 1663 enim
1333 1608 1625 1677 ligamenta
1670 1607 1916 1669 solvere,
1962 1607 2053 1676 qui

482 1706 754 1752 mortuum
786 1698 1160 1752 resuscitavit:
1201 1697 1295 1752 sed
1324 1704 1542 1766 propter
1567 1695 1825 1749 unitatem
1857 1702 2054 1748 sancta?

2147 527 2350 597 expedit
2378 527 2517 580 vobis
2554 536 2609 578 ut
2646 541 2783 579 unus
2811 524 2966 578 homo
2992 524 3249 576 moriatur
3281 538 3376 593 pro
3416 524 3630 592 populo,
3666 536 3720 578 et

2147 632 2249 668 non
2291 624 2398 667 tota
2434 610 2556 683 gens
2593 622 2788 683 pereat.
2847 611 2964 665 Hoc
3009 621 3182 664 autem
3226 628 3259 664 a
3300 612 3573 680 semetipso
3615 628 3724 666 non

2145 704 2302 767 dixit,
2339 703 2427 757 sed
2463 719 2580 757 cum
2605 710 2735 756 esset
2761 700 2996 773 pontifex
3021 702 3146 754 anni
3173 700 3338 765 illius,
3376 701 3720 771 prophetarit.

2147 794 2245 851 llic
2269 796 2448 851 docuit
2474 797 2635 850 etiam
2661 810 2758 866 per
2782 795 3025 849 homines
3066 795 3236 849 malos
3277 795 3573 865 pr0phetize
3608 797 3721 867 spi-

2145 887 2307 963 ritum
2352 885 2530 940 futura
2577 886 2866 955 praedicere
2901 902 2915 939 :
2969 885 3113 954 quod
3161 894 3342 939 tamen
3389 886 3724 957 evangelista

2147 977 2328 1033 divino
2358 976 2547 1031 tribuit
2573 982 2930 1039 sacramento,
2959 975 3083 1043 quia
3112 973 3350 1043 pontifex
3382 974 3505 1038 fuit,
3535 976 3587 1030 id
3610 985 3724 1038 est,

2148 1082 2391 1123 summus
2428 1064 2699 1120 sacerdos.
2746 1064 2931 1120 Potest
2976 1073 3152 1120 autem
3196 1079 3410 1118 movere
3453 1067 3726 1135 quomodo

2149 1157 2360 1211 dicatur
2388 1154 2627 1226 pontifex
2664 1154 2788 1208 anni
2818 1153 2989 1218 illius,
3026 1169 3149 1208 cum
3185 1153 3444 1209 Dominus
3472 1155 3730 1208 statuerit

2151 1262 2313 1300 unum
2344 1261 2612 1300 summum
2643 1244 2999 1307 sacerdotem,
3023 1244 3108 1297 cui
3138 1253 3354 1298 mortuo
3375 1259 3514 1297 unus
3540 1258 3729 1298 succe—

2152 1335 2341 1389 deret?
2382 1333 2487 1389 Sed
2527 1333 2924 1404 intell'gendum
2953 1347 3051 1401 per
3075 1333 3394 1386 ambitiones
3419 1341 3473 1387 et
3495 1341 3727 1387 conten-

2151 1424 2324 1478 tiones
2366 1424 2509 1479 inter
2544 1421 2754 1478 Judazos
2796 1432 2981 1494 postea
3019 1424 3506 1488 constitutum,.ut
3542 1424 3731 1493 plures

2150 1522 2350 1577 essent,
2377 1522 2430 1567 et
2457 1528 2554 1582 per
2575 1528 2743 1567 annos
2772 1514 3008 1584 singulos
3032 1514 3239 1569 vicibus
3264 1514 3426 1584 578
3452 1515 3731 1569 ministra-

2152 1611 2291 1658 rent.
2346 1602 2478 1657 Nam
2530 1604 2596 1658 de
2638 1603 2897 1658 Zacharia
2948 1603 3050 1658 hoc
3095 1604 3331 1657 dicitur:
3382 1601 3605 1656 Factum
3649 1616 3728 1657 est

2152 1702 2352 1755 autem,
2384 1708 2499 1745 cum
2528 1693 2818 1746 sacerdotio
2847 1692 3149 1763 fungeretur
3172 1692 3226 1747 in
3255 1692 3435 1745 ordine
3464 1694 3587 1746 uicis
3614 1710 3730 1745 sure

481 1789 579 1844 Dei
610 1788 884 1853 Ecclesiae,
912 1795 966 1842 et
993 1787 1321 1841 individuam
1351 1786 1700 1848 charitatem,
1734 1784 1932 1838 dicitur
1957 1783 2056 1837 mi-
2086 1769 2131 1829 Β
2155 1792 2274 1835 ante
2298 1780 2496 1845 Deum,
2528 1782 2809 1837 secundum
2836 1781 3251 1835 constitutionem
3282 1780 3414 1853 [AL,
3443 1792 3725 1835 consuetu-

483 1879 687 1944 nistrls,
718 1879 771 1933 id
801 1886 910 1942 est,
956 1877 1236 1948 discipulis
1262 1876 1461 1931 Christi
1486 1895 1500 1930 :
1533 1875 1731 1931 Solvite
1759 1891 1894 1938 eum,
1927 1874 2054 1945 quia

480 1968 601 2024 sine
622 1970 826 2023 unitate
851 1968 1128 2023 catholica:
1158 1968 1280 2022 ﬁdei
1306 1974 1363 2022 et
1390 1966 1653 2022 cbaritate
1677 1965 2059 2020 ecclesiasticte

482 2057 784 2113 sanctitatis
808 2098 823 2122 ,
873 2068 1093 2127 peccata
1130 2072 1238 2112 non
1275 2057 1572 2113 solvuntur.
1621 2055 1805 2128 (Vsus.
1832 2054 1920 2120 45,
1943 2053 2057 2125 16.)

484 2143 642 2197 Nulli
679 2155 852 2198 autent
889 2161 953 2198 ea:
980 2144 1204 2209 Iudrris,
1236 2146 1325 2215 qui
1352 2154 1596 2199 uenerant
1631 2143 1700 2196 ad
1731 2142 1977 2204 Mariam,
2011 2152 2058 2196 et

483 2231 724 2286 uiderunt
746 2249 864 2306 aute
889 2232 1008 2301 fecit
1030 2232 1207 2297 Iesus,
1232 2233 1563 2287 crediderunt
1587 2233 1642 2286 in
1665 2248 1802 2286 cum.
1832 2230 2058 2296 Quidam

482 2329 658 2375 autem
695 2336 761 2374 ea:
796 2322 923 2391 ipsis
963 2322 1202 2375 abierunt
1240 2322 1309 2375 ad
1345 2320 1676 2384 Pharisrros,
1729 2332 1778 2375 et
1813 2321 2058 2375 dia-erunt

484 2424 604 2481 qua:
635 2409 756 2479 fecit
784 2409 960 2464 Iesus.
1005 2429 1024 2460 s
1062 2410 1177 2465 Non
1207 2425 1395 2466 omnes
1420 2426 1486 2464 ex
1512 2409 1711 2465 Iudaeis
1741 2412 1832 2480 qui
1862 2425 2058 2465 conve-

484 2505 682 2551 nerant
719 2497 787 2551 ad
825 2496 1083 2560 Mariam,
1120 2498 1498 2552 crediderunt:
1538 2498 1632 2553 sed
1670 2508 1850 2552 tamen
1884 2497 2057 2552 multi.

487 2582 721 2649 Quidam
742 2601 866 2659 luero
894 2601 958 2639 ex
984 2587 1083 2651 eis,
1109 2586 1222 2641 sive
1247 2600 1314 2640 ex
1338 2585 1538 2642 Judzuis
1561 2587 1653 2657 qui
1676 2596 2059 2652 convenerant,

485 2672 601 2728 sive
630 2687 698 2728 ex
726 2675 807 2728 eis
835 2674 926 2744 qui
956 2675 1328 2741 crediderant,
1370 2676 1608 2731 abierunt
1639 2678 1708 2731 ad
1738 2675 2058 2742 Pharisteos,

482 2770 534 2817 et
561 2760 804 2817 dixerunt
835 2763 908 2817 eis
933 2779 1049 2834 quae
1075 2763 1195 2833 fecit
1223 2762 1411 2828 Iesus;
1445 2766 1559 2819 sive
1591 2765 1975 2830 annuntiando,
2005 2771 2064 2819 ut

488 2857 545 2905 et
571 2852 670 2922 ipsi
699 2854 1008 2919 crederent;
1047 2854 1160 2909 sive
1186 2854 1365 2925 potius
1392 2855 1683 2924 prodendo,
1706 2864 1767 2910 ut
1788 2856 2058 2910 saevirent.

488 2941 597 2995 Sed
627 2944 1052 3014 quomodolibet,
1094 2952 1150 2998 et
1189 2960 1217 2997 a
1259 2945 1619 3013 quibuslibet,
1666 2946 1732 3000 ad
1760 2946 2065 3001 Pharisaeos

490 3030 592 3087 ista
623 3034 827 3105 prolata
855 3043 999 3088 sunt.

1031 3167 1257 3225 CAPUT
1296 3170 1524 3226 XXVIII.

491 3270 772 3353 Pontiﬁces
810 3276 1207 3353 adversuseum
1241 3282 1827 3353 concilium_colligunt,
1869 3282 1926 3338 in
1959 3299 2061 3353 quo

565 3343 816 3426 Caiphas,
857 3365 1016 3426 unum
1047 3349 1229 3426 debere
1250 3367 1348 3426 pro
1381 3351 1569 3420 popqu
1595 3343 1859 3426 mori,_ne
1892 3343 2063 3426 cuncti

561 3417 819 3484 perirent,
856 3417 1199 3486 prophetizat.
1243 3417 1309 3470 Et
1346 3417 1464 3473 ante
1496 3437 1586 3473 sex
1615 3420 1724 3473 dies
1757 3419 1971 3474 Pascha:
2001 3420 2064 3474 de

561 3487 811 3557 unguenti
834 3501 993 3557 super
1015 3486 1168 3556 pedes
1188 3486 1397 3541 Domini
1418 3490 1618 3557 profusi
1643 3490 1804 3557 pretio
1829 3505 2066 3542 murmur

563 3555 804 3624 arguitur
829 3554 1005 3608 Iudat.

563 3662 729 3720 Vens.
756 3666 847 3720 47.
864 3696 937 3708 -
956 3665 1285 3737 Collegerunt
1306 3683 1425 3739 ergo
1448 3669 1715 3740 pontiﬁces
1738 3679 1786 3723 et
1809 3668 2067 3724 Pharisai

491 3756 792 3820 concilium,
827 3768 875 3810 et
904 3758 1140 3812 dicebant
1164 3775 1182 3812 :
1210 3757 1350 3824 Quid
1379 3760 1629 3830 faciemus
1650 3762 1678 3816 2³
1703 3781 1722 3813 σ
1749 3761 1860 3817 Nec
1887 3769 2067 3817 tamen

493 3843 765 3911 dicebant,
788 3848 1091 3903 credamus.
1125 3847 1251 3903 Plus
1275 3850 1419 3905 enim
1442 3852 1637 3921 perditi
1661 3853 1907 3909 homines
1925 3853 2070 3924 cogi-

497 3937 689 3992 tabant
710 3938 980 4007 quomodo
1007 3948 1266 3995 nocerent
1298 3949 1360 3995 ut
1392 3941 1707 4012 perderent,
1742 3959 1900 4014 quam
1936 3960 2070 4014 quo—

494 4028 658 4084 modo
686 4029 787 4086 sibi
816 4028 1157 4085 consulerent
1194 4046 1262 4085 ne
1300 4032 1578 4101 perirent:
1615 4042 1671 4088 et
1705 4041 1883 4089 tamen
1909 4034 2067 4090 time-

495 4116 626 4174 bant
649 4158 664 4183 ,
715 4127 772 4175 et
819 4121 973 4190 quasi
1020 4119 1389 4175 consulebant.
1442 4122 1628 4191 (Vens.
1671 4122 1785 4196 48.)
1822 4124 2070 4178 Dicebant

495 4206 677 4262 enim:
716 4206 856 4272 Quid
895 4208 1145 4277 faciemus
1170 4207 1197 4261 1
1242 4207 1379 4271 Quia
1415 4210 1498 4262 Itic
1534 4210 1687 4264 homo
1724 4211 1885 4266 multa
1922 4214 2071 4282 signa

496 4298 667 4370 facit:
698 4297 747 4351 si
769 4298 1080 4351 dimittimus
1104 4311 1223 4351 eum
1255 4297 1350 4359 sic,
1388 4313 1564 4352 omnes
1599 4299 1804 4352 credent
1839 4300 1896 4353 in
1930 4317 2069 4363 eum,

498 4397 548 4442 et
576 4387 774 4442 uenient
798 4385 1040 4452 Romani,
1058 4395 1105 4440 et
1129 4384 1308 4439 tollent
1332 4395 1563 4439 nostrum
1586 4385 1755 4440 locum
1778 4396 1827 4441 et
1851 4396 2066 4457 gentem.

494 4474 838 4546 Temporalia
869 4477 1095 4546 perdere
1120 4474 1406 4530 noluerunt
1432 4472 1614 4546 [Aug.,
1644 4475 1982 4549 timuerunt],
2018 4486 2074 4530 et

497 4567 665 4620 vitam
706 4573 960 4619 aeternam
996 4580 1102 4619 non
1127 4565 1531 4635 cogitaverunt;
1578 4581 1643 4620 ac
1676 4566 1755 4620 sic
1786 4573 2074 4637 utrumque

498 4654 819 4709 antiserent.
861 4652 994 4708 Nam
1024 4662 1077 4708 et
1105 4653 1331 4707 Romani
1366 4662 1492 4722 post
1527 4654 1735 4709 Domini
1768 4657 2073 4726 passionem

500 4752 561 4799 ct
592 4743 1036 4815 gloriﬁcationem
1068 4742 1304 4797 tulerunt
1328 4744 1408 4798 eis
1431 4744 1607 4797 locum
1642 4752 1697 4798 et
1729 4754 1942 4816 gentem
1961 4787 1977 4812 ,
2019 4755 2075 4802 et

502 4835 790 4907 pugnando
834 4832 1017 4906 [Aug.,
1054 4831 1430 4905 expugnando]
1475 4840 1531 4888 et
1574 4834 1972 4901 transferendo;
2020 4846 2076 4893 et

502 4928 633 4985 illud
659 4941 753 4982 eos
777 4924 1020 4996 sequitur
1045 4925 1185 4995 quod
1217 4924 1343 4980 alibi
1368 4924 1571 4979 dictum
1595 4932 1679 4981 est
1702 4940 1717 4979 :
1750 4922 1877 4980 Filii
1903 4937 2075 4982 autem

506 5018 648 5086 regni
661 5016 822 5087 hujus
838 5015 985 5069 ibunt
1001 5017 1058 5069 in
1075 5013 1308 5069 tenebras
1325 5013 1601 5068 exteriores
1614 5012 1946 5084 (lautum,
1962 5015 2072 5087 12).

507 5103 621 5161 Hoc
648 5111 827 5159 autem
855 5103 1166 5167 timuerunt,
1182 5116 1271 5167 ne,
1301 5102 1347 5158 si
1370 5116 1561 5157 omnes
1586 5102 1642 5157 in
1663 5100 1937 5158 Christum
1960 5119 2077 5160 ere.

507 5196 718 5262 tierent,
746 5208 906 5251 nemo
932 5201 1234 5250 remaneret
1253 5193 1345 5262 qui
1371 5193 1630 5249 adversus
1653 5192 1924 5249 Romanos
1946 5194 2079 5250 civi-

506 5292 675 5342 tatem
708 5283 805 5341 Dei
840 5282 1204 5355 templumque
1220 5281 1579 5341 defenderet:
1611 5284 1864 5355 quoniam
1891 5292 2077 5340 contra

510 5376 684 5446 ipsum
734 5376 991 5446 templum
1028 5385 1086 5432 et
1120 5384 1307 5432 contra
1338 5390 1465 5431 suas
1497 5384 1750 5446 paternas
1792 5375 1954 5447 leges,
1986 5377 2081 5431 do-

509 5467 739 5521 ctrinam
759 5465 961 5522 Christi
984 5480 1104 5521 esse
1133 5466 1457 5522 sentiebant.
1491 5464 1675 5536 (Vsus.
1700 5465 1912 5533 49-51.)
1934 5463 2078 5521 Unus

514 5564 682 5608 autem
709 5571 774 5610 ea:
802 5556 925 5625 ipsis
945 5554 1192 5626 Caiphae,
1218 5571 1336 5612 cum
1360 5565 1488 5609 esset
1512 5555 1743 5625 pontifex
1766 5554 1891 5619 anni
1916 5554 2074 5619 illius,

584 5674 609 5701 ⁸
633 5663 710 5717 Et
741 5664 798 5719 S.
827 5664 987 5734 Aug,
1008 5673 1171 5721 tract.
1195 5683 1246 5731 ι,
1272 5681 1418 5721 num.
1441 5665 1497 5718 2.

2082 3090 2130 3154 ϐ

2155 1870 2351 1944 dinem]
2396 1872 2696 1936 sacerdotii,
2739 1879 2877 1925 sorte
2918 1872 3043 1924 exiit
3083 1879 3138 1923 ut
3178 1871 3445 1925 incensum
3482 1880 3727 1940 poneret,

2155 1964 2415 2032 ingressus
2450 1962 2505 2014 in
2544 1961 2786 2031 templum
2816 1961 3024 2015 Domini
3048 1960 3199 2032 (Luc.
3228 1978 3265 2026 l,
3298 1962 3405 2032 l8).
3454 1961 3591 2017 Hinc
3622 1978 3724 2033 ap-

2155 2057 2310 2120 paret
2339 2049 2517 2119 plures
2543 2063 2635 2103 eos
2662 2047 2847 2115 fuisse,
2878 2058 2934 2104 et
2958 2049 3103 2104 vices
3134 2065 3256 2104 suas
3283 2050 3569 2104 habuisse:
3599 2066 3727 2105 nam

2156 2139 2433 2194 incensum
2464 2154 2567 2193 non
2593 2136 2789 2193 licebat
2815 2153 3030 2208 ponere,
3070 2139 3171 2195 nisi
3199 2155 3411 2195 summo
3433 2142 3725 2197 sacerdoti.

2158 2228 2223 2283 Et
2255 2229 2391 2283 forte
2419 2229 2580 2283 etiam
2610 2243 2772 2282 unum
2808 2244 3007 2282 annum
3037 2225 3189 2301 [Ms.,
3220 2244 3328 2285 uno
3353 2228 3519 2302 anno]
3545 2231 3733 2300 plures

2158 2316 2635 2381 administrabant,
2673 2318 2868 2385 quibus
2903 2317 3010 2371 alio
3048 2331 3188 2373 anno
3217 2317 3305 2371 alii
3333 2333 3393 2372 su
3429 2320 3729 2385 cedebant,

2158 2416 2213 2461 et
2239 2406 2435 2477 quibus
2461 2415 2606 2460 sorte
2652 2408 2834 2460 exibat
2871 2406 2961 2477 qui
2998 2407 3275 2461 incensum
3301 2415 3541 2475 poneret.
3593 2408 3733 2472 (uid

2159 2506 2241 2552 est
2267 2511 2395 2567 ergo
2421 2497 2564 2566 quod
2592 2497 2931 2567 pr0phetavit
2958 2496 3230 2568 Caiphas?
3270 2496 3408 2562 Quia
3433 2496 3589 2552 Iesus
3616 2516 3734 2552 mo—

2160 2590 2358 2643 riturus
2385 2596 2499 2641 erat
2523 2604 2617 2658 pro
2647 2597 2794 2657 gente
2818 2600 2838 2640 :
2876 2604 2979 2641 non
3012 2598 3213 2641 tentant
3248 2605 3342 2658 pro
3368 2598 3535 2656 gente,
3557 2589 3647 2641 sed
3674 2599 3731 2641 ut

2158 2677 2297 2747 filios
2326 2676 2451 2741 Dei,
2490 2677 2580 2747 qui
2615 2688 2760 2730 erant
2798 2676 3037 2747 dispersi,
3078 2686 3408 2748 congregaret
3445 2678 3503 2730 in
3537 2696 3725 2731 unum.

2160 2768 2273 2824 Hoc
2313 2767 2639 2839 evangelista
2683 2768 2917 2832 addidit;
2964 2782 3087 2822 nam
3117 2766 3347 2836 Caiphas
3381 2767 3447 2821 de
3484 2767 3597 2821 sola
3636 2766 3731 2821 Ju-

2161 2860 2397 2914 daaorum
2435 2867 2591 2927 gente
2629 2857 3004 2927 prophetavit,
3049 2857 3101 2909 iu
3137 2871 3241 2925 qua
3276 2864 3429 2910 erant
3458 2872 3618 2915 oves.
3664 2857 3733 2911 de

2161 2949 2356 3020 quibus
2393 2948 2469 3001 ait
2504 2948 2619 3018 ipse
2655 2947 2951 3000 Dominus:
2989 2944 3110 2998 Non
3146 2961 3260 2998 sum
3295 2946 3487 2998 missus
3525 2946 3627 2999 nisi
3660 2947 3733 2999 ad

2162 3056 2305 3104 ores,
2352 3055 2467 3109 qua:
2510 3039 2771 3108 perierunt
2814 3036 2998 3090 domus
3039 3034 3207 3090 Israel
3245 3035 3457 3104 (Matth.
3490 3052 3579 3100 xv,
3608 3038 3726 3108 24).

2162 3128 2268 3184 Sed
2297 3136 2521 3183 noverat
2544 3126 2869 3196 evangelista
2896 3125 3030 3180 alias
3055 3139 3183 3180 oves
3210 3140 3329 3193 qua:
3354 3140 3456 3179 non
3485 3135 3643 3180 erant
3666 3127 3735 3181 de

2161 3218 2265 3272 hoc
2289 3217 2446 3274 ovili.
2473 3230 2607 3285 quas
2635 3215 2917 3284 oportebat
2946 3214 3170 3279 adduci,
3206 3222 3265 3268 ut
3293 3222 3429 3268 esset
3457 3211 3477 3284 f
3486 3213 3609 3277 1515.,
3641 3228 3734 3267 cs-

2162 3304 2304 3378 sent]
2340 3321 2506 3360 unum
2532 3302 2670 3359 ovile
2700 3311 2754 3358 et
2778 3317 2917 3356 unus
2939 3312 3144 3372 pastor.
3180 3300 3303 3355 Haec
3330 3310 3504 3354 autem
3531 3314 3734 3355 secun—

2162 3395 2289 3451 dum
2325 3394 2851 3467 prtedestinationem
2883 3393 3024 3450 dicta
3058 3402 3213 3459 sunt;
3254 3392 3376 3461 quia
3402 3408 3575 3463 neque
3603 3407 3737 3449 oves

2163 3488 2300 3558 ejus,
2331 3503 2429 3542 nec
2457 3487 2551 3541 ﬁlii
2577 3486 2672 3542 Dei
2702 3484 2875 3541 adhuc
2904 3493 3080 3550 erant,
3108 3485 3201 3554 qui
3231 3484 3465 3539 nondum
3493 3484 3741 3539 credide-

2164 3586 2305 3632 rant.
2338 3578 2524 3649 (Vsns.
2550 3576 2639 3642 53,
2665 3573 2779 3647 5t.)
2808 3574 2882 3630 Ab
2907 3575 2999 3631 illo
3027 3592 3148 3646 ergo
3172 3576 3256 3629 die
3281 3577 3654 3647 cogitaverunt,
3678 3584 3737 3629 ut

2162 3664 2509 3734 interﬁcerent
2537 3681 2676 3718 eum.
2725 3664 2879 3718 Iesus
2907 3680 3028 3735 ergo
3058 3664 3173 3734 jam
3213 3681 3314 3719 non
3344 3663 3520 3734 palam
3550 3663 3737 3715 ambu-

2165 3756 2305 3811 labat
2332 3755 2471 3826 apud
2494 3756 2730 3822 Iudmos,
2754 3756 2844 3810 sed
2866 3755 2992 3810 abiit
3021 3758 3073 3810 in
3103 3758 3360 3827 regionem
3381 3757 3539 3826 juxta
3566 3758 3738 3810 deser-

2164 3857 2274 3902 tum
2303 3848 2359 3902 in
2382 3848 2668 3911 civitatem,
2706 3864 2823 3918 qua:
2860 3848 3055 3902 dicitur
3083 3847 3342 3920 Ephrem,
3371 3858 3419 3901 et
3452 3847 3523 3900 ibi
3560 3863 3736 3900 mora-

2168 3944 2322 3998 batur
2359 3959 2477 3997 cum
2519 3942 2790 4014 discipulis
2835 3942 2963 3996 suis.
3021 3941 3137 3997 Non
3182 3941 3307 4010 quia
3342 3940 3580 4010 potentia
3621 3938 3737 4007 eius

2168 4032 2469 4098 defecerat,
2513 4033 2566 4086 in
2607 4048 2713 4104 qua
2754 4032 2961 4102 utique,
3006 4032 3051 4087 si
3080 4032 3271 4095 vellet,
3313 4039 3370 4086 et
3404 4030 3581 4101 palam
3615 4045 3736 4085 cum

2167 4124 2366 4181 Iudaeis
2393 4134 2826 4191 convcrsaretur,
2869 4134 2924 4183 et
2962 4126 3094 4181 nihil
3138 4127 3187 4180 ei
3228 4124 3503 4189 facerent;
3549 4124 3642 4179 sed
3683 4124 3737 4179 ia

2169 4217 2402 4272 hominis
2430 4215 2741 4272 inﬁrmitate
2767 4215 2976 4271 vivendi
3007 4216 3309 4286 exemplum
3336 4213 3617 4284 discipulis
3642 4212 3735 4268 deo

2173 4307 2541 4371 monstrabat,
2588 4307 2641 4360 in
2676 4321 2782 4375 quo
2814 4313 3037 4376 apparet
3067 4314 3121 4360 et
3149 4321 3253 4360 non
3289 4320 3407 4359 esse
3438 4312 3738 4373 peceatum,

2103 4428 2150 4487 ο
2172 4397 2216 4452 si
2255 4394 2437 4452 ﬁdeles
2471 4396 2588 4466 ejus
2625 4396 2716 4466 qui
2752 4405 2877 4451 sunt
2912 4396 3152 4451 membra
3196 4395 3311 4463 ejus
3349 4395 3520 4449 oculis
3558 4409 3743 4464 perse.

2173 4487 2450 4557 quentium
2474 4498 2591 4541 sese
2612 4486 3011 4553 subtraherent,
3028 4495 3082 4541 et
3102 4484 3339 4541 furorem
3359 4484 3740 4540 sceleratorum

2173 4574 2387 4629 latendo
2411 4575 2587 4644 potius
2612 4575 2928 4629 devitarent.
2960 4594 2978 4626 ι

2244 4661 2459 4719 Sciebat
2504 4661 2660 4719 Iesus
2708 4673 2920 4736 tempus
2967 4664 3425 4736 apprOpinquasse
3474 4664 3743 4735 passionis

2174 4740 2284 4809 sine
2317 4762 2371 4808 et
2405 4754 2789 4824 redemptionis
2838 4761 3056 4809 nostrae.
3101 4750 3578 4825 Appropinquante
3608 4763 3742 4806 tem-

2172 4859 2302 4915 pore
2325 4843 2379 4899 in
2405 4860 2510 4913 quo
2530 4845 2642 4916 pati
2667 4844 2950 4915 disposuit,
2976 4844 3425 4915 appropinquavit
3449 4843 3534 4897 ille
3555 4851 3608 4897 et
3625 4842 3744 4897 loco

2175 4934 2229 4988 in
2270 4949 2378 5004 quo
2417 4932 2659 5002 ejusdem
2700 4935 2969 5005 passionis
2999 4934 3449 5005 diSpensatiouem
3485 4932 3747 5004 perﬁcere

2173 5023 2363 5078 voluit.
2394 5023 2534 5078 Dicit
2551 5023 2695 5078 enim
2716 5024 3043 5095 evangelista
3068 5037 3083 5077 :
3113 5024 3298 5095 (Vens.
3322 5021 3436 5090 55.)
3463 5041 3482 5072 ι
3511 5035 3536 5062 ι
3557 5018 3746 5075 Prori-

2174 5126 2317 5165 mum
2351 5122 2522 5166 autem
2560 5120 2672 5165 erat
2709 5109 2911 5166 Pascha
2936 5111 3264 5167 Iudieorum.
3306 5110 3463 5164 illum
3500 5108 3643 5163 diem
3673 5107 3749 5160 fe-

2176 5208 2317 5256 stum
2344 5198 2513 5258 Iudaei
2555 5209 2838 5257 cruentum
2882 5201 3084 5257 habere
3124 5200 3338 5257 Domini
3372 5200 3633 5272 sanguine
3657 5215 3749 5252 vo-

2176 5287 2412 5344 luerunt.
2458 5289 2552 5345 Illo
2587 5289 2674 5345 die
2712 5289 2849 5345 festo
2881 5291 3093 5346 occisus
3126 5298 3209 5346 est
3235 5287 3439 5362 Agnus,
3468 5289 3560 5359 qui
3594 5287 3749 5342 nobis

2176 5377 2423 5433 eumdem
2476 5378 2617 5434 diem
2669 5376 2862 5434 festum
2922 5394 3019 5435 suo
3073 5379 3335 5449 sanguine
3386 5374 3745 5433 consecravit.

2178 5469 2470 5525 Consilium
2496 5479 2612 5524 erat
2636 5469 2776 5526 inter
2801 5469 3013 5526 Judzeos
3041 5469 3107 5525 de
3135 5468 3431 5541 occidendo
3456 5466 3581 5523 Iesu
3606 5481 3623 5519 :
3664 5463 3753 5520 ille

2179 5558 2268 5626 qui
2300 5557 2366 5611 de
2396 5556 2531 5612 cmlo
2557 5568 2776 5615 venerat
2806 5558 2995 5631 {pati},
3036 5558 3398 5629 propinquare
3425 5556 3589 5612 voluit
3634 5554 3754 5610 loco
