3992 6184
235 351 342 411 905
406 381 415 388 -

1051 352 1456 409 EXEGETICA.
1499 384 1567 393 —
1605 347 1957 406 CO‘MMENT.
1999 347 2064 402 lN
2104 346 2293 404 JOAN.
2331 379 2401 390 —
2437 348 2563 403 ιλιι.
2606 349 2666 404 ν.

3378 349 3483 404 905

235 466 524 537 passionis,
557 466 680 536 quia
710 466 1022 519 imminebat
1056 467 1186 519 hora
1216 466 1496 535 passionis.
1548 465 1805 522 Ascende—
1837 469 1881 527 Α
1908 462 2092 516 divina
2147 462 2457 517 suscitantis
2501 463 2697 516 virtute
2718 461 3010 530 perterriti,
3050 461 3259 515 animos
3309 463 3377 517 ab
3403 461 3486 518 in-

239 569 364 612 runt
411 574 534 628 ergo
577 557 729 610 multi
771 559 826 611 in
875 556 1291 626 Hierosolymam
1336 557 1401 610 de
1445 557 1652 626 regione
1696 567 1815 610 ante

240 650 473 714 Pascha,
495 659 550 704 ut
576 650 958 719 sanctiﬁcarent
981 651 1194 720 seipsos.
1226 650 1337 704 Hoc
1360 648 1629 704 faciebant
1648 647 1815 704 Judaei

237 745 538 800 secundum
569 753 895 813 praeceptum
927 743 1162 807 Domini,
1191 757 1288 812 per
1320 749 1565 796 sanctum
1600 741 1815 811 Moysen

239 834 298 889 in
324 833 440 903 lege
463 834 646 888 datum
666 872 680 897 ,
710 841 768 887 ut
799 833 884 887 die
913 831 1048 886 festo
1072 847 1178 902 quo
1205 832 1410 886 Pascha
1439 838 1585 894 erat,
1630 843 1818 883 omnes

239 923 480 992 undique
506 921 886 984 convenirent,
919 929 975 975 et
1002 921 1144 975 illius
1168 921 1273 974 diei
1299 920 1661 975 celebratione
1689 933 1817 972 san-

242 1011 629 1067 ctiﬁcarentur.
675 1010 781 1066 Sed
809 1011 900 1065 illa
927 1011 1218 1066 celebratio
1257 1011 1448 1064 umbra
1476 1019 1593 1065 erat
1625 1008 1812 1063 futuri.

239 1105 388 1174 Quid
424 1113 507 1160 est
542 1105 734 1158 umbra
770 1103 977 1158 futuri?
1024 1104 1313 1174 Prophetia
1343 1103 1543 1158 Christi
1571 1103 1814 1166 venturi,

208 1199 525 1270 'prophetia
561 1211 660 1266 pro
695 1195 851 1250 nobis
897 1195 988 1250 illo
1035 1196 1122 1250 die
1166 1190 1418 1264 passuri:
1465 1201 1526 1248 ut
1568 1195 1821 1248 transiret

243 1288 465 1350 umbra,
511 1295 569 1342 et
593 1285 685 1340 lux
710 1286 954 1349 veniret;
998 1293 1058 1339 ut
1086 1285 1344 1339 transiret
1367 1283 1718 1353 signiﬁcatio,
1763 1289 1820 1337 et

240 1379 448 1433 veritas
487 1385 781 1434 teneretur.
828 1375 1111 1431 Habebant
1145 1389 1274 1445 ergo
1313 1373 1483 1429 Judaei
1521 1373 1724 1428 Pascha
1765 1372 1819 1426 in

244 1468 469 1532 umbra;
503 1481 601 1521 nos
629 1467 682 1519 in
711 1465 850 1519 luce.
897 1463 1036 1529 Quid
1068 1463 1213 1518 enim
1243 1478 1378 1532 opus
1407 1469 1524 1515 erat
1553 1469 1612 1514 ut
1641 1458 1820 1514 Domi-

246 1573 350 1612 nus
395 1557 475 1612 eis
517 1556 835 1627 praeciperet
877 1571 976 1625 per
1017 1555 1194 1625 ipsum
1239 1553 1382 1608 diem
1424 1552 1620 1607 festum
1663 1565 1818 1606 ovem

244 1641 513 1710 cecidere,
538 1647 640 1701 nisi
668 1646 793 1714 quia
819 1645 908 1700 ille
934 1653 1052 1700 erat
1079 1645 1145 1700 de
1169 1660 1276 1714 quo
1300 1643 1676 1714 prephetatum
1703 1649 1814 1696 est:

247 1736 396 1794 Sicut
425 1739 533 1792 ovis
560 1739 628 1792 ad
655 1737 1028 1792 immolandum
1060 1737 1245 1791 ductus
1273 1747 1347 1790 est
1372 1735 1554 1808 (Isaia:
1581 1751 1699 1799 Llll,
1725 1733 1821 1807 7)?

243 1829 518 1900 Sanguine
537 1829 699 1884 occisi
717 1829 929 1899 pecoris
947 1827 1249 1884 Iudaeorum
1273 1836 1455 1898 postes
1478 1827 1670 1896 signati
1692 1834 1819 1881 sunt

244 1921 444 1988 (Exod.
490 1934 598 1985 xu,
641 1920 771 1992 ‘22):
820 1921 1077 1991 sanguine
1121 1919 1322 1976 Christi
1369 1919 1574 1974 frontes
1618 1928 1817 1973 nostra:

243 2013 547 2082 signantur.
601 2012 669 2067 Et
710 2012 797 2066 illa
845 2013 1093 2082 signatio,
1144 2026 1262 2080 quae
1309 2021 1427 2065 erat
1475 2011 1816 2081 signiﬁcatio,

245 2102 387 2155 dicta
417 2111 499 2155 est
533 2116 563 2154 a
597 2100 845 2156 domibus
874 2102 1098 2171 signatis
1134 2101 1606 2156 exterminatorem
1637 2101 1820 2171 prohi-

244 2193 412 2247 bere:
454 2193 662 2262 signum
692 2191 892 2246 Christi
919 2191 1140 2262 expellit
1177 2207 1208 2245 a
1248 2191 1404 2246 nobis
1438 2190 1821 2246 exterminato-

245 2300 379 2347 rem,
399 2284 442 2338 si
461 2299 555 2339 cor
566 2293 806 2339 nostrum
822 2283 1048 2353 recipiat
1063 2283 1413 2338 Salvatorem.
1429 2303 1446 2335 ι
1465 2296 1490 2323 α
1507 2283 1690 2355 (Vens.
1706 2282 1820 2356 56.)

247 2375 590 2440 Quterebant,
644 2375 818 2444 inquit
867 2375 1215 2444 evangelista,
1253 2373 1457 2438 Iesum,
1490 2384 1538 2428 et
1563 2374 1824 2446 colloque-

248 2468 440 2520 bantur
473 2467 540 2520 ad
581 2467 797 2520 invicem
832 2475 1025 2520 stantes
1063 2468 1117 2520 in
1155 2464 1384 2534 templo:
1429 2466 1568 2530 Quid
1605 2468 1821 2536 putatis,

247 2560 372 2629 quia
402 2577 504 2614 non
534 2559 671 2613 venit
697 2559 765 2610 ad
795 2558 931 2612 diem
967 2558 1156 2626 festum
1177 2556 1203 2610 7
1240 2575 1258 2606 ι
1293 2557 1321 2595 ιι
1344 2555 1669 2621 Quzcrebant
1696 2569 1825 2626 ergo

244 2648 416 2704 Judzei
441 2649 645 2714 Iesum,
673 2649 764 2703 sed
788 2648 927 2702 male
951 2667 964 2701 :
998 2645 1310 2718 qttairebant
1337 2645 1497 2708 enim,
1524 2653 1584 2698 ut
1607 2644 1826 2698 venien-

244 2749 359 2795 tem
387 2739 455 2792 ad
484 2740 623 2795 diem
656 2738 848 2793 festum
879 2736 1264 2792 interficerent.
1303 2733 1619 2802 Qumramus
1645 2742 1825 2788 autem

247 2844 348 2886 nos
392 2829 540 2884 illum
583 2837 786 2884 stantes
819 2827 871 2882 in
909 2826 1105 2898 templo
1143 2827 1270 2893 Dei,
1320 2834 1375 2882 et
1417 2835 1826 2898 perseverantes

247 2919 574 2974 unanimiter
601 2919 654 2973 in
680 2919 954 2984 oratione,
993 2925 1050 2974 et
1085 2918 1456 2988 colloquamur
1493 2917 1560 2972 ad
1598 2917 1826 2971 invicem

247 3010 490 3080 psalmis,
519 3009 755 3080 hymnis,
783 3009 1014 3065 canticis
1040 3009 1370 3079 spiritalibus
1396 3008 1610 3082 (Ephes.
1633 3023 1685 3074 v,
1711 3004 1823 3079 19),

248 3101 304 3154 in
328 3100 501 3170 gratia
524 3099 855 3168 postulantes
873 3099 1068 3170 ipsum,
1090 3108 1151 3154 ut
1171 3100 1351 3154 veniat
1372 3100 1441 3155 ad
1462 3099 1605 3156 diem
1629 3098 1822 3154 festum

250 3197 492 3244 nostrum
518 3230 532 3254 ,
580 3197 636 3242 et
669 3203 764 3243 sua
795 3204 894 3244 nos
921 3190 1208 3259 praesentia
1237 3191 1505 3246 illustrare
1528 3231 1542 3257 ,
1587 3205 1684 3246 sua
1712 3190 1825 3259 ipse

250 3277 407 3331 nobis
434 3277 572 3330 dona
601 3277 936 3332 sanctiﬁcare
964 3278 1230 3349 dignetur.
1269 3298 1286 3331 ι
1342 3278 1607 3334 Dederunt
1652 3288 1824 3333 autem

247 3367 516 3436 pontiﬁces
543 3376 590 3420 et
613 3365 870 3420 Pharium
895 3368 1219 3432 mandatum,
1244 3378 1300 3422 ut
1327 3369 1371 3423 si
1393 3370 1509 3439 quis
1535 3368 1826 3439 cognoverit

247 3458 340 3511 ubi
363 3458 450 3522 sit,
477 3457 689 3522 indicet,
711 3465 768 3509 ut
791 3457 1174 3527 apprehendant
1199 3475 1336 3512 eum.
1369 3457 1672 3513 Mandatum
1695 3473 1824 3529 ergo

245 3545 555 3602 Iudaeorum
595 3555 874 3618 peccatum
909 3555 996 3603 est
1033 3547 1266 3602 illorum.
1308 3547 1630 3615 Quaerebam
1663 3548 1821 3605 Chri-

245 3649 391 3694 stum
415 3640 677 3704 occidere,
707 3655 814 3694 non
841 3641 895 3694 in
920 3639 1136 3695 Christo
1159 3640 1357 3695 vivere.
1390 3639 1704 3707 Quaeramus
1726 3655 1822 3696 nos

251 3729 307 3782 in
333 3728 547 3785 Christo
570 3731 772 3797 vivere,
803 3747 962 3802 quem
996 3732 1072 3787 illi
1097 3733 1410 3802 quaerebant
1435 3733 1700 3788 occidere.
1742 3731 1823 3787 Illi

250 3819 392 3874 male
416 3821 745 3890 quierebant,
773 3838 873 3877 nos
897 3821 1032 3876 bene
1061 3837 1393 3890 quaeramus;
1426 3838 1551 3875 nam
1575 3837 1718 3877 nunc
1740 3829 1824 3876 est

248 3920 464 3982 tempus
507 3914 778 3981 quaerendi
826 3915 1110 3967 Dominum
1136 3953 1150 3978 ,
1201 3914 1342 3966 sicut
1389 3913 1657 3979 Propheta
1701 3911 1819 3965 ait:

249 4002 484 4069 Quaerite
516 4002 814 4065 Dominum,
844 4003 968 4056 dum
993 4004 1215 4056 inveniri
1242 4010 1407 4072 potest
1436 4001 1618 4072 (Isaiw
1637 4017 1721 4065 ιν,
1745 4001 1820 4071 6).

247 4092 354 4160 Qui
402 4091 803 4146 misericordem
841 4107 965 4147 eum
996 4092 1238 4147 invenire
1264 4091 1494 4146 voluerit
1523 4093 1574 4146 in
1598 4090 1822 4159 judicio,

251 4193 462 4256 quzerat
487 4199 608 4238 eum
639 4184 796 4238 modo
825 4185 876 4238 in
903 4185 1222 4239 humilitatis
1250 4193 1304 4238 et
1331 4184 1608 4240 charitatis
1629 4183 1821 4241 ofﬁcio.

326 4275 491 4345 579
517 4273 697 4329 αλιθυοτ
735 4291 834 4339 xu,
878 4276 1039 4329 Vens.
1075 4276 1126 4328 1.
1165 4305 1237 4314 ——
1260 4275 1391 4329 Ante
1428 4291 1520 4328 sea:
1576 4276 1686 4330 dies
1720 4274 1828 4330 Pa-

253 4369 392 4421 solue
421 4368 553 4420 venit
571 4365 728 4421 Iesus
750 4367 1079 4430 Bethaniam,
1107 4367 1193 4420 ubi
1226 4367 1398 4437 fuerat
1421 4366 1658 4422 Lazarus
1687 4383 1826 4421 mor-

1882 1368 2034 1437 ~ejus
2075 1385 2204 1439 pars
2262 1387 2424 1425 unum
2481 1379 2593 1436 est;

1846 3140 1898 3208 ϐ

1911 551 2058 620 justa
2085 553 2230 606 caede
2257 553 2614 606 retraherent.
2659 571 2678 603 ι
2711 550 2818 605 Nec
2859 551 3169 604 transitorie
3195 550 3487 622 legendum

1914 650 1997 696 est
2023 657 2188 710 quare
2215 653 2338 698 ante
2387 658 2480 698 sex
2509 642 2624 697 dies
2652 642 2873 696 Paschae
2921 643 3155 696 venisset
3205 639 3360 696 Jesus
3386 642 3488 695 Bo»

1916 734 2152 788 thaniam
2181 752 2193 786 :
2225 750 2414 804 magna
2449 749 2577 790 vero
2615 735 2846 802 dignitas
2897 733 3095 787 senarii
3141 733 3351 786 numeri
3406 740 3490 786 est

1916 825 1968 878 in
2007 825 2209 879 sanctis
2257 825 2569 894 Scripturis,
2609 835 2664 881 et
2709 826 2876 879 multa
2928 839 3091 895 opera
3147 825 3356 880 Domini
3393 825 3488 878 Dei

1915 918 2085 972 nostri
2109 918 2161 971 in
2186 920 2400 973 senario
2445 936 2673 975 numero
2699 918 2937 989 perfecta
2967 934 3084 974 esse
3117 919 3490 974 demonstran-

1917 1019 2033 1076 tur;
2091 1011 2215 1079 quia
2246 1012 2489 1065 senarius
2510 1027 2766 1066 numerus
2790 1013 2843 1066 in
2893 1013 3066 1080 seipse
3087 1026 3184 1080 per
3217 1025 3341 1066 suas
3367 1026 3490 1080 pro-

1915 1101 2060 1169 prias
2086 1109 2269 1168 partes
2307 1101 2510 1155 divisus
2551 1102 2634 1155 vel
2677 1101 3013 1170 coniunctus,
3067 1100 3492 1171 perfectissimus

1915 1203 2033 1244 esse
2089 1199 2329 1255 constat;
2383 1191 2546 1246 habet
2566 1191 2707 1245 enim
2735 1199 2916 1260 partes
2955 1199 3066 1244 tres
3110 1189 3162 1242 in
3193 1190 3369 1258 seipse
3399 1191 3494 1243 dc-

1917 1280 2241 1344 nominatas,
2282 1281 2336 1334 id
2372 1288 2471 1343 est,
2500 1296 2697 1344 unum,
2733 1283 2858 1347 duo,
2886 1289 2938 1335 et
2973 1288 3102 1335 tres.
3152 1278 3286 1332 Nam
3337 1288 3488 1333 sexta

2666 1373 2823 1426 tertia
2882 1387 3032 1435 vero,
3085 1371 3218 1435 duo;
3275 1370 3490 1425 dimidia

1919 1464 2119 1532 itaque,
2181 1472 2311 1517 tres.
2358 1463 2534 1519 Unum
2561 1481 2693 1520 vero
2712 1473 2767 1519 et
2805 1466 2931 1531 duo,
2984 1473 3038 1519 et
3071 1475 3200 1530 tres,
3249 1480 3341 1519 sex
3374 1479 3492 1519 esse

1919 1553 2278 1624 dignoscitur;
2337 1571 2436 1610 nec
2460 1556 2604 1612 aliud
2649 1573 2716 1612 ex
2741 1557 2828 1612 his
2875 1559 3045 1612 tribus
3093 1558 3337 1627 partibus
3359 1573 3492 1611 con-

1912 1643 2116 1713 junctis
2152 1646 2341 1701 conlici
2371 1655 2568 1716 potest,
2612 1649 2713 1702 nisi
2742 1664 2836 1704 sex
2865 1657 3102 1716 tantum;
3156 1665 3255 1704 nec
3283 1650 3335 1704 in
3360 1649 3493 1706 alias

1917 1745 2101 1805 partes
2138 1738 2382 1792 senarius
2407 1753 2660 1793 numerus
2709 1739 2870 1795 dividi
2921 1750 3117 1810 potest,
3166 1743 3270 1797 nisi
3306 1742 3359 1796 in
3396 1743 3493 1798 has

1854 1805 1891 1862 Β
1921 1834 2051 1893 tres,
2082 1829 2136 1883 id
2161 1838 2258 1892 est,
2313 1846 2498 1895 unum,
2537 1831 2662 1893 duo,
2715 1839 2846 1887 tres.
2905 1833 3038 1888 Nam
3091 1835 3206 1903 ipse
3232 1834 3493 1890 Dominus

1920 1924 2135 1970 creator
2186 1917 2446 1981 omnium,
2496 1915 2652 1984 hujus
2695 1919 2878 1972 mundi
2928 1928 3206 1974 creaturas
3249 1935 3343 1974 sex
3378 1921 3493 1976 dic-

1918 2007 2020 2062 bus
2038 2007 2328 2078 perfecisse
2359 2010 2696 2064 notissimum
2739 2018 2842 2075 est,
2905 2020 2960 2066 et
2990 2021 3140 2066 sexta
3186 2013 3274 2067 die
3323 2013 3488 2068 homi-

1918 2113 2040 2154 nem
2093 2099 2282 2155 fecisse
2318 2108 2554 2166 constat;
2597 2115 2757 2169 quem
2791 2103 3099 2171 serpentina
3136 2103 3323 2157 fraude
3375 2120 3484 2174 per-

1919 2188 2109 2253 ditum,
2168 2198 2294 2243 ante
2320 2204 2414 2244 sex
2449 2189 2565 2243 dies
2613 2189 2833 2244 Paschze
2872 2191 3019 2244 venit
3046 2192 3158 2261 ipse
3180 2193 3349 2247 Filius
3377 2194 3492 2259 Dei,

1919 2289 2017 2348 per
2039 2295 2197 2350 quem
2224 2288 2440 2336 creatus
2467 2289 2569 2344 est,
2601 2278 2916 2335 Bethaniam
2944 2282 3010 2336 ad
3039 2281 3375 2337 liberandum
3398 2296 3489 2350 ;ut

1919 2371 2012 2440 qui
2067 2381 2218 2427 sexta
2240 2373 2327 2427 die
2371 2381 2584 2426 creatus
2629 2380 2731 2434 est,
2781 2379 2934 2427 sexta
2974 2370 3107 2426 feria
3136 2373 3493 2437 liberaretur;

1921 2475 2048 2514 nam
2103 2470 2254 2515 sexta
2309 2460 2445 2513 feria
2497 2459 2774 2514 Christum
2832 2474 2950 2514 esse
3001 2476 3240 2529 passum,
3299 2463 3496 2516 nemini

1922 2551 2161 2621 ignotum
2210 2533 2340 2604 esse
2377 2565 2518 2604 reor.
2575 2549 2740 2619 Igitur
2779 2557 2835 2603 et
2883 2563 3070 2602 mense
3104 2559 3257 2604 sexto
3292 2566 3492 2605 annun-

1922 2642 2096 2697 tiante
2129 2639 2453 2710 archangele
2487 2639 2639 2709 virgo
2669 2654 2821 2693 sacra
2852 2637 3208 2707 inspiratione
3258 2638 3496 2708 Spiritus

1925 2736 2096 2794 sancti
2144 2733 2389 2790 eumdem
2431 2733 2844 2802 Redemptorem
2890 2738 3137 2785 nostrum
3184 2732 3498 2801 concepisse

1926 2825 2162 2895 legitur;
2196 2823 2286 2894 qui
2315 2823 2476 2878 etiam
2508 2830 2658 2876 seXta
2681 2822 2835 2886 hora,
2863 2819 3100 2889 perfecta
3127 2830 3309 2886 aetate,
3341 2837 3501 2891 super

1924 2921 2143 2985 puteum
2197 2914 2388 2968 sedens
2441 2911 2654 2966 mulieri
2703 2911 3056 2967 Samaritana:
3118 2912 3283 2966 divini
3332 2913 3496 2970 fontis

1927 3005 2125 3062 fluenta
2174 3005 2384 3075 aperire
2435 3005 2686 3074 dignatus
2717 3012 2800 3058 est
2837 3021 2850 3056 :
2882 3012 3034 3059 sexta
3076 3019 3288 3074 quoque
3340 3015 3499 3061 tetate

1927 3097 2134 3164 mundi,
2181 3098 2294 3167 ipse
2341 3102 2556 3150 creator
2597 3095 2662 3148 ari
2690 3094 3110 3164 redemptionem
3142 3096 3324 3150 mundi
3345 3095 3500 3164 juxta

1928 3189 2088 3246 tidem
2137 3205 2306 3244 sacrae
2343 3187 2580 3242 historia:
2630 3186 2843 3242 venisse
2864 3184 2979 3254 jam
3033 3187 3246 3256 legitur.
3293 3187 3500 3244 Habent

1925 3295 2138 3352 quoque
2180 3282 2263 3336 ba:
2318 3289 2428 3336 tres
2475 3287 2678 3350 partes,
2724 3278 2779 3334 id
2829 3287 2934 3344 est,
2986 3295 3172 3346 unum,
3195 3289 3253 3336 et
3299 3281 3426 3348 duo,
3447 3290 3503 3338 et

1924 3379 2053 3438 tres,
2087 3387 2151 3427 ex
2181 3373 2392 3442 quibus,
2424 3378 2483 3425 ut
2523 3371 2782 3435 diximus,
2838 3371 3083 3426 senarius
3120 3380 3355 3439 constat,
3407 3373 3502 3426 ali-

1925 3463 2048 3533 quid
2097 3462 2337 3534 mysterii
2361 3462 2414 3517 in
2437 3461 2833 3533 dispensatione
2861 3460 3052 3516 salutis
3096 3462 3361 3517 humanae.
3385 3462 3502 3516 Pri-

1923 3569 2012 3608 mo
2057 3555 2236 3625 itaque
2265 3563 2506 3624 tempore
2525 3555 2623 3609 sub
2657 3554 2773 3624 lege
2830 3561 3060 3618 naturae,
3102 3554 3267 3608 veluti
3288 3555 3342 3608 in
3371 3570 3502 3623 qua-

1923 3645 2045 3700 dam
2087 3647 2294 3700 unitate
2321 3644 2492 3699 sancti
2526 3643 2716 3696 Patres
2759 3643 2868 3694 Deo
2893 3641 3232 3707 serviebant;
3265 3644 3502 3699 secundo

1923 3750 2052 3790 vero
2081 3743 2323 3805 tempore
2367 3734 2452 3786 lex
2498 3733 2681 3787 addita
2710 3739 2794 3786 est
2832 3732 2900 3786 ad
2948 3739 3220 3800 naturam,
3274 3743 3333 3790 ut
3358 3739 3499 3806 quod

1924 3829 2066 3884 mala
2091 3829 2422 3883 consuetudo
2446 3827 2656 3882 vitiavit
2700 3828 2755 3883 in
2787 3837 3003 3895 natura,
3061 3829 3145 3885 lex
3179 3831 3503 3891 reformaret

1925 3921 1978 3974 in
2005 3919 2217 3983 littera;
2265 3926 2320 3971 et
2347 3917 2562 3973 fuerunt
2603 3920 2730 3983 duo,
2754 3927 2946 3973 natura
2980 3929 3037 3974 et
3062 3921 3178 3986 lex;
3213 3926 3373 3979 tertio
3393 3925 3497 3982 ita—

1924 4025 2029 4080 que
2073 4019 2311 4081 tempore
2357 4010 2506 4064 venit
2531 4010 2703 4079 gratia
2732 4009 2966 4065 caelestis
3005 4025 3104 4080 per
3126 4009 3309 4066 Jesum
3337 4013 3497 4069 Chri-

1925 4112 2101 4167 stum;
2149 4110 2205 4158 et
2256 4110 2380 4157 sunt
2430 4103 2551 4167 tria,
2609 4111 2818 4167 natura,
2859 4102 2964 4168 lex,
3008 4111 3065 4157 et
3110 4104 3304 4174 gratia.
3347 4102 3501 4160 Sicut

1924 4209 2026 4250 nec
2069 4194 2150 4248 lex
2191 4201 2397 4248 natura:
2440 4193 2640 4248 bonum
2690 4193 2938 4260 destruit,
2987 4209 3087 4249 nec
3121 4195 3292 4266 gratia
3326 4194 3500 4265 legem

1926 4284 2103 4350 solvit,
2148 4285 2240 4340 sed
2270 4284 2596 4354 adimplevit,
2647 4292 3002 4354 naturamque
3050 4285 3292 4354 pristinae
3308 4285 3498 4340 reddi-

1927 4376 2007 4431 dit
2050 4375 2313 4431 nobilitati
2346 4394 2358 4429 :
2391 4385 2579 4430 natura
2619 4383 2799 4430 tamen
2855 4375 3021 4430 et-lex
3046 4376 3162 4431 sine
3191 4378 3364 4446 gratia
3399 4378 3500 4430 im-

254 4467 374 4509 tatus
392 4472 542 4562 quem
562 4457 848 4510 suscitavit.
877 4457 1113 4562 «‘Seiens
1129 4466 1307 4513 autem
1333 4458 1590 4514 Dominus
1612 4460 1824 4528 censpi—
1855 4501 1904 4562 υ
1929 4467 2063 4538 pleri
2093 4483 2198 4522 non
2226 4469 2418 4539 putuit,
2468 4482 2566 4522 nec
2592 4467 2671 4522 sic
2699 4467 2905 4522 homini
2950 4466 3180 4522 liberum
3218 4468 3502 4523 arbitrium

253 4561 403 4601 rasse
431 4547 497 4601 de
518 4562 576 4602 se
595 4548 888 4603 occidendo
907 4547 1137 4613 Iudaeos,
1169 4564 1274 4603 non
1297 4548 1432 4620 fugit
1453 4550 1822 4605 insidiantium

255 4651 476 4701 manus;
505 4638 599 4692 sed
644 4645 826 4692 certus
868 4639 934 4692 de
983 4639 1154 4708 gloria
1189 4640 1602 4696 resurrectionis
1648 4640 1824 4710 primo

255 4727 402 4780 venit
432 4728 766 4793 Bethaniam,
789 4729 1091 4796 proximam
1121 4729 1506 4800 Hierosolymis
1528 4732 1820 4797 civitatem,

252 4819 342 4873 ubi
390 4819 654 4874 Lazarum
681 4823 1036 4876 suscitaverat
1085 4837 1113 4876 a
1144 4825 1370 4878 mortuis
1392 4841 1406 4889 ;
1428 4825 1635 4880 deinde
1662 4827 1824 4880 etiam

254 4909 699 4982 Hierosolymam,
756 4914 847 4967 ubi
892 4913 1006 4982 ipse
1046 4922 1326 4983 pateretur
1360 4923 1414 4969 et
1465 4925 1826 4986 resurgereta

251 5002 515 5056 mortuis:
551 5004 974 5075 Hierosolymam
1005 5006 1244 5075 quidem,
1299 5014 1360 5059 ut
1398 5006 1510 5075 ipse
1539 5007 1612 5061 ibi
1644 5023 1823 5063 mere-

252 5101 429 5158 retur;
487 5095 798 5150 Bethaniam
820 5113 971 5162 vero,
1005 5106 1065 5151 ut
1095 5096 1433 5152 resuscitatio
1467 5097 1656 5151 Lazari
1688 5113 1823 5152 cun-

249 5193 461 5238 ctorum
497 5186 768 5240 memoria:
824 5190 1024 5243 arctius
1077 5189 1492 5258 imprimeretur,
1549 5197 1604 5242 et
1654 5191 1826 5258 magis

249 5276 527 5345 magisque
557 5277 1032 5344 confunderentur,
1067 5289 1226 5349 atque
1261 5279 1654 5335 inexcusabiles
1700 5295 1827 5334 con-

248 5365 598 5420 vincerentur
627 5367 772 5436 impii
810 5368 1099 5438 principes,
1153 5371 1242 5439 qui
1263 5370 1510 5426 occidere
1537 5385 1644 5425 non
1672 5370 1829 5424 time-

250 5463 374 5511 rent
401 5473 546 5523 eum,
575 5459 666 5528 qui
692 5459 954 5513 suscitare
980 5457 1110 5529 [Αι.,
1141 5461 1410 5534 suscitari]
1429 5470 1612 5532 posset
1637 5477 1666 5515 a
1689 5477 1836 5517 mor-

248 5553 400 5619 tuis;
456 5562 629 5608 etnec
667 5552 942 5607 beneﬁciis
991 5552 1352 5607 suscitationis
1387 5555 1685 5621 provocati,
1736 5569 1834 5609 nec

327 5677 354 5704 ε
380 5663 666 5732 Hucusque
691 5677 757 5716 ex
779 5661 914 5729 Aug.

328 5735 357 5775 δ
380 5733 458 5789 Ex
485 5733 642 5787 Beda:
668 5733 838 5798 hom.,
865 5732 965 5787 fer.
993 5748 1030 5787 ιι
1061 5740 1180 5802 post
1203 5733 1528 5788 Palmarum.

655 5822 928 5886 Parnm.
963 5823 1030 5884 C.

1931 4559 2113 4612 datum
2140 4567 2242 4621 est,
2292 4567 2352 4612 ut
2394 4557 2528 4628 legis
2545 4564 2814 4628 praecepto
2845 4556 2974 4630 [Ms.
3005 4559 3091 4614 vel
3117 4559 3253 4630 legis
3293 4574 3497 4628 praece-

1926 4647 2123 4723 ptum],
2163 4655 2222 4700 ut
2263 4648 2450 4718 gratia;
2494 4663 2598 4703 non
2669 4648 2966 4719 indigeret,
3017 4649 3158 4705 sicut
3212 4649 3498 4721 Pelagiana

1927 4746 2149 4800 hzeresis
2177 4743 2421 4799 afﬁrmat.
2463 4763 2482 4796 ‹
2528 4757 2551 4785 ο
2604 4745 2673 4800 Et
2716 4761 2786 4801 ne
2831 4746 3076 4802 dicerent
3105 4747 3506 4803 machinatores

1927 4836 2318 4891 calumniarum
2370 4836 2703 4904 phantastice
2757 4837 3071 4892 suscitatum
3126 4836 3289 4892 fuisse
3329 4836 3500 4891 Laza-

1927 4945 2068 4992 rum,
2124 4927 2262 4983 facta
2312 4928 2384 4982 ibi
2411 4927 2637 4984 Domino
2673 4943 2850 4993 coena,
2887 4937 2943 4982 et
2973 4928 3086 4996 ipse
3115 4943 3254 4983 unus
3295 4934 3412 4981 erat
3435 4941 3502 4980 ex

1930 5017 2392 5072 discumbentibus
2417 5032 2541 5073 cum
2565 5033 2628 5072 eo
2659 5035 2672 5070 :
2697 5025 2757 5071 ut
2781 5019 2908 5073 dum
2952 5019 3243 5082 viventem,
3287 5017 3510 5086 loquen-

1931 5115 2060 5171 tem,
2106 5106 2430 5175 epulantem,
2471 5122 2595 5161 cum
2645 5109 2755 5162 suis
2786 5107 3123 5162 familiariter
3177 5121 3501 5162 conversan-

1933 5205 2041 5249 tem
2085 5195 2348 5260 viderent,
2391 5199 2504 5252 sive
2529 5199 2794 5262 audirent,
2846 5198 2929 5252 vel
2961 5199 3038 5253 sic
3070 5199 3383 5254 suscitantis
3403 5213 3504 5268 po—

1936 5287 2154 5340 tentiam
2172 5297 2547 5356 agnoscerent,
2576 5298 2631 5342 et
2668 5289 2975 5356 acciperent
3002 5290 3250 5359 gratiam.
3283 5288 3509 5359 Mystice

1936 5385 2116 5430 autem
2143 5391 2297 5430 creua
2339 5377 2455 5431 haec
2494 5377 2790 5442 Dominica,
2842 5379 2935 5433 ubi
2973 5379 3179 5434 Martha
3234 5381 3510 5435 ministra-

1934 5466 2045 5530 bat,
2099 5474 2154 5518 et
2174 5465 2412 5521 Lazarus
2436 5467 2577 5520 inter
2615 5466 2747 5521 alios
2801 5467 3194 5535 discumbebat,
3259 5469 3394 5525 ﬂdcs
3422 5477 3506 5526 est

1936 5557 2210 5622 Ecclesiae,
2261 5573 2380 5626 quae
2426 5571 2520 5626 per
2567 5557 2908 5612 dilectionem
2955 5568 3227 5628 operatur.
3281 5558 3339 5614 ln
3399 5573 3506 5631 qua

2009 5683 2028 5709 ε
2063 5671 2260 5724 lterum
2283 5684 2346 5723 ex
2384 5669 2545 5735 Beda,
2569 5668 2714 5722 hom.
2743 5668 2925 5722 citata.

2902 5824 2978 5883 29
