3992 6184
472 295 576 350 907

1316 285 1374 338 Β.
1417 281 1478 336 F.
1521 279 1746 336 ALBINI
1777 276 1906 332 SEL
1951 269 2226 328 ALCL‘IM
2263 268 2545 324 OPERUM
2581 264 2760 323 PARS
2798 265 2858 320 ll.

3622 249 3735 307 908

475 421 628 463 omna
682 402 889 458 Martha
912 397 1205 462 ministrat,
1246 411 1369 451 cum
1407 396 1584 450 anima
1616 404 1844 463 qumque
1872 385 2050 442 ﬁdelis
2079 385 2126 443 Δ
2153 391 2446 446 merentur,
2502 379 2767 452 proximis
2803 378 2894 447 qui
2923 373 3140 433 habent,
3173 370 3414 424 invidere
3467 381 3572 421 non
3609 381 3735 422 ces-

474 510 693 568 operam
740 491 966 548 Domino
1016 504 1130 544 sua:
1158 487 1456 544 devotionis
1493 483 1772 554 impendit.
1817 479 2052 534 Lazarus

474 602 606 642 vero
631 599 768 641 unus
808 583 868 637 fit
908 597 975 637 ex
1002 578 1461 636 diseumbentibus
1483 576 1606 631 dum
1633 571 1882 633 Domino,
1929 581 2053 622 cum

477 677 641 732 etiam
691 675 749 730 hi
785 674 878 744 qui
922 679 1044 743 post
1076 665 1364 742 [primam]
1421 672 1767 736 peccatorum
1821 665 2054 713 mortem

479 765 785 823 resuscitati
835 764 902 818 ad
943 761 1207 832 justitiam
1230 765 1374 823 sunt,
1429 771 1537 810 una
1579 769 1704 808 cum
1739 750 1820 806 eis
1863 747 1955 818 qui
1999 745 2055 800 in

479 875 576 914 sua
645 870 990 928 permansere
1044 851 1280 924 iustitia,
1340 848 1408 904 de
1478 843 1766 917 przescntia
1808 837 2057 893 veritatis

479 949 781 1010 exsultant;
827 945 1154 1016 ptenitentes
1199 937 1359 996 simul
1401 951 1526 993 cum
1551 930 1926 988 innocentibus
1947 940 2058 981 cm-

482 1041 632 1096 lestis
691 1039 877 1109 gratiae
931 1033 1245 1088 muneribus
1289 1028 1526 1082 aluntur.
1582 1024 1648 1078 Et
1687 1023 1826 1076 bene
1869 1018 2058 1073 eadem

471 1144 635 1184 uena
656 1105 715 1182 in
729 1124 991 1180 Bethania
1033 1121 1354 1180 celebratur,
1409 1129 1529 1185 quae
1568 1121 1650 1168 est
1671 1111 1860 1168 civitas
1901 1108 1953 1160 in
1984 1105 2060 1159 la-

471 1231 600 1276 .lere
629 1217 838 1273 montis
889 1213 1106 1277 Oliveti,
1157 1219 1215 1265 et
1265 1210 1653 1276 interpretatur
1697 1202 1891 1256 domus
1925 1198 2058 1252 obe-

484 1311 719 1368 dientiae.
769 1308 972 1362 Domus
1015 1315 1248 1372 namque
1293 1296 1611 1355 obedientite
1658 1290 1898 1348 Ecclesia
1953 1297 2058 1353 est,

469 1420 603 1475 qua:
650 1402 880 1458 fideliter
908 1396 1132 1454 ‘Domini
1165 1394 1334 1463 jussis
1387 1393 1730 1458 obtemperat
1771 1403 1784 1436 :
1836 1391 1893 1436 et
1947 1380 2061 1451 ipsa

469 1503 569 1550 est
579 1493 770 1550 civitas
793 1505 916 1560 qua:
935 1500 1101 1557 super
1117 1492 1354 1540 montem
1373 1475 1754 1535 misericordia!
1772 1469 2062 1527 constituta

475 1597 759 1655 nunquam
814 1558 992 1652 potest
1025 1575 1302 1640 abscondi,
1333 1573 1554 1643 ipsaque
1581 1566 1737 1640 [Ms.,
1769 1565 1885 1634 ipsa
1906 1558 2062 1655 quae]

476 1681 550 1735 .de
586 1649 669 1733 sui
718 1649 885 1729 law—re
936 1675 1244 1726 constructa
1295 1659 1686 1730 Redemptoris,
1711 1655 1765 1710 id
1797 1661 1882 1708 est
1903 1649 2068 1721 580

2153 474 2302 528 sanl‘
2330 473 2396 526 Et
2421 471 2640 540 quidem
2669 477 2864 538 putare
2890 476 3188 535 possemus,
3219 459 3414 514 ludam
3437 473 3568 512 cura
3601 472 3733 527 pau-

2154 580 2347 636 perum
2371 565 2487 619 haec
2515 562 2681 618 fuisse
2705 562 2969 624 locutum,
3015 555 3110 611 scd
3136 554 3319 626 prodit
3343 560 3576 607 mentem
3596 551 3738 606 illius

2157 657 2308 712 testis
2354 671 2539 720 verax,
2585 653 2674 723 qui
2732 653 2851 706 ait:
2897 649 3084 722 (Vens.
3138 645 3192 719 6)
3238 645 3387 699 Dixit
3417 651 3594 696 autent
3619 643 3741 709 hoc,

2157 767 2261 804 non
2285 750 2409 820 quia
2435 748 2500 801 de
2537 746 2708 817 egenis
2739 743 3024 815 pertinebat
3062 739 3130 793 ad
3155 755 3294 799 eunt,
3352 735 3444 788 sed
3498 736 3622 792 quia
3656 735 3744 803 fur

2157 853 2291 906 erat,
2311 850 2358 894 et
2379 837 2578 893 loculos
2606 836 2822 900 habens,
2863 851 2925 888 ea
2952 849 3069 904 qua:
3089 829 3448 888 mittebantur,
3477 825 3741 892 portabat.

2158 931 2275 987 Non
2324 945 2452 1002 ergo
2479 939 2606 984 tunc
2635 926 2800 980 Judas
2834 923 3018 995 periit,
3048 919 3264 990 quando
3285 914 3518 984 pecunia
3553 928 3744 967 corm-

2159 1032 2284 1093 ptus
2335 1000 2622 1075 Dominum
2669 1014 2905 1086 perdidit
2957 1009 3092 1084 [Al.,
3145 1003 3444 1078 prodidit];
3498 1002 3594 1057 sed
3633 1000 3744 1070 jam

2161 1092 2403 1182 perditus
2449 1107 2737 1162 Dominum
2769 1102 3118 1172 sequebatur,
3177 1097 3270 1168 qui
3302 1094 3506 1150 loculos
3541 1092 3750 1147 habens

2162 1180 2478 1264 dominicos,
2513 1215 2578 1254 ea
2623 1211 2743 1267 qua:
2789 1193 3162 1253 mittebantur,
3220 1183 3470 1257 portabat
3497 1183 3554 1235 in
3590 1180 3752 1235 mini-

2163 1291 2387 1346 sterium
2429 1299 2744 1357 pauperum,
2776 1297 2896 1352 qua:
2933 1279 3097 1334 etiam
3131 1274 3333 1332 infideli
3375 1280 3560 1326 mente
3580 1269 3751 1323 furari

2165 1380 2390 1438 solebat.
2445 1377 2648 1434 Vidcns
2679 1388 2809 1446 ergo
2849 1371 3108 1426 Dominus
3160 1382 3254 1422 cor
3298 1364 3441 1420 illius
3487 1361 3752 1430 cupidita-

2167 1470 2236 1524 tis
2269 1466 2381 1537 jam
2412 1465 2572 1522 sorde
2597 1461 2884 1534 pollutum,
2928 1457 3230 1530 przevidens
3275 1450 3449 1523 pejori
3489 1449 3753 1521 proditio-

2169 1560 2254 1614 nis
2279 1557 2438 1613 sorde
2464 1553 2827 1626 polluendum,
2868 1546 3138 1605 commisit
3165 1544 3285 1613 ejus
3309 1541 3455 1606 fidei,
3487 1537 3755 1610 quidquid

2167 1651 2440 1706 habebant
2489 1647 2680 1720 [Beda,
2717 1639 2972 1714 habebat]
3021 1639 3074 1694 in
3099 1636 3352 1701 sacculis,
3400 1647 3638 1701 eumque
3687 1629 3754 1684 de

476 1783 623 1838 aqua
651 1763 961 1826 ablutionis,
1015 1768 1072 1814 et
1125 1755 1382 1826 sanguine
1428 1721 1891 1808 sanctificationis,
1947 1755 2066 1810 qum
2096 1737 2143 1796 Β
2172 1741 2257 1796 his
2308 1755 2428 1810 quze
2475 1737 2635 1792 vellet
2663 1734 2842 1790 facere
2901 1729 3168 1802 permisit,
3220 1736 3284 1782 ut
3322 1723 3408 1780 vel
3437 1722 3622 1778 collati
3656 1721 3754 1776 ho-

1692 1837 1739 1838 η
1813 1836 1820 1838 μ
1992 1833 2004 1838 -
2272 1834 2282 1838 -
2451 1832 2464 1838 -
2521 1831 2536 1838 -
2595 1829 2643 1838 -.
2978 1824 2990 1836 .
3121 1837 3127 1838 ί
3408 1824 3644 1838 μΑ-,ω
3686 1814 3751 1838 Δ,-

485 1833 551 1914 de
573 1856 1053 1930 ipsius'laterepro
1080 1864 1139 1906 se
1178 1845 1462 1902 morientis
1481 1842 1665 1897 exiere
1689 1836 1876 1910 [Beda,
1919 1833 2067 1888 exie-

482 1925 610 2024 rit],
656 1951 860 2006 imbuta
912 1955 1028 2012 est;
1083 1942 1174 1998 ubi
1226 1940 1392 1994 etiam
1442 1935 1611 1990 altera
1667 1944 1823 1986 soror
1875 1925 2067 1982 lauari

488 2023 656 2099 Maria
685 2044 739 2096 in
766 2053 973 2112 magiae
1001 2034 1258 2091 indicium
1285 2027 1612 2090 dilectionis,
1657 2023 1800 2078 sicut
1830 2032 2064 2088 sequen-

493 2138 570 2190 tia
605 2109 915 2188 monstrant
956 2124 1278 2194 evangelica:
1327 2117 1596 2180 lectionis,
1650 2111 1858 2182 accepit
1874 2109 2067 2162 libram

496 2222 752 2294 unguenti
789 2218 944 2275 nardi
969 2215 1147 2287 pistici
1168 2210 1414 2283 pretiosi,
1465 2217 1520 2262 et
1546 2205 1698 2260 unxit
1727 2202 1893 2274 pedes
1916 2197 2065 2262 Jesu,

494 2324 549 2369 et
575 2291 818 2369 extersit
862 2306 1068 2378 capillis
1093 2305 1204 2359 suis
1247 2300 1409 2372 pedes
1433 2295 1569 2366 ejus.
1624 2292 1741 2360 Quo
1766 2291 1906 2346 facto
1961 2303 2068 2342 non

493 2408 668 2464 solum
689 2419 800 2460 suae
846 2400 939 2456 dat
988 2397 1243 2452 indicium
1289 2388 1604 2449 devotionis,
1650 2384 1743 2440 sed
1765 2391 1822 2438 et
1842 2381 2070 2436 aliarum

492 2499 729 2556 ﬁdelium
763 2495 874 2549 Deo
902 2491 1205 2545 animarum
1234 2484 1408 2554 signat
1432 2473 1653 2552 pietatis
1671 2473 2006 2543 obsequium.
2047 2489 2065 2523 ι

564 2589 726 2642 Vsus.
751 2586 806 2642 3.
842 2612 913 2623 -
944 2579 1118 2634 Maria
1160 2585 1333 2629 autem
1360 2570 1556 2641 accepit
1599 2566 1788 2621 libram
1821 2560 2073 2633 unguenti

492 2678 646 2735 nardi
674 2675 846 2748 pistici
888 2668 1120 2743 pretiosi.
1169 2665 1310 2733 Quid
1355 2673 1587 2730 namque
1612 2672 1710 2728 per
1739 2655 1936 2710 libram
1967 2667 2070 2706 un-

494 2744 685 2844 guenti'
703 2767 805 2824 nisi
830 2761 1092 2836 perfectio
1109 2757 1334 2832 iustitiae
1371 2749 1740 2824 exprimitur?
1789 2744 1948 2814 Quod
1977 2759 2073 2797 un-

495 2837 748 2936 guentum
794 2873 860 2913 ex
895 2853 1064 2910 nardo
1111 2849 1306 2922 pistico
1332 2846 1532 2907 dicitur
1577 2855 1700 2898 esse
1720 2837 2024 2894 confectum
2057 2851 2070 2888 :

495 2924 627 3024 quid
683 2949 829 3006 cnim
871 2960 972 3016 per
1018 2947 1373 3011 unguentum,
1417 2934 1524 2990 nisi
1571 2933 1748 2988 bonus
1783 2929 1919 2985 odor
1954 2924 2073 2996 opi-

497 3042 674 3099 nionis
700 3015 1042 3095 insinuatur?
1089 3031 1158 3086 Et
1199 3031 1302 3084 hoc
1327 3032 1656 3098 unguentum
1707 3036 1776 3077 ex
1803 3018 1973 3074 nardo
1991 3015 2073 3086 pi—

496 3137 634 3192 stico
681 3130 813 3206 [Al.,
855 3123 1070 3200 pistica]
1114 3119 1420 3183 conficitur,
1473 3117 1528 3170 id
1551 3122 1658 3180 est,
1703 3111 1874 3167 nardo
1904 3104 2070 3206 fideli.

499 3225 634 3282 Nam
661 3194 810 3294 piatis
857 3194 1071 3280 timeo,
1119 3210 1250 3282 ﬁdes
1289 3209 1478 3264 Latine
1521 3204 1766 3270 dicitur;
1811 3199 1929 3255 sine
1972 3194 2076 3250 fide

497 3290 805 3376 enim'Deo
841 3311 1054 3382 placere
1099 3302 1429 3374 impossibile
1472 3307 1587 3364 est,
1635 3310 1738 3352 nec
1766 3295 1907 3350 bona
1935 3290 2077 3346 fama

500 3414 617 3469 sine
657 3407 762 3462 tide
810 3400 1076 3460 catholica
1115 3397 1232 3452 fieri
1268 3392 1488 3464 poterit.
1531 3407 1550 3441 ι
1581 3401 1606 3430 ι
1643 3387 1689 3444 0
1714 3388 1900 3450 homo,
1933 3397 2077 3454 unge

503 3501 668 3575 pedes
710 3495 837 3552 Jesu
863 3494 1002 3548 bene
1021 3484 1271 3550 vivendo,
1293 3479 1568 3538 Dominiea
1597 3484 1804 3532 sectare
1827 3471 2076 3542 vestigia,

502 3563 557 3651 et
577 3589 786 3662 capillis
802 3593 1038 3654 exterge,
1061 3593 1125 3634 ac
1145 3576 1192 3632 si
1215 3576 1419 3630 habeas
1443 3568 1731 3641 superﬂua,
1756 3563 2082 3638 pauperibus

506 3654 688 3756 eroga.
729 3681 846 3735 lloc
870 3683 953 3732 est
995 3669 1205 3740 capillis
1230 3665 1394 3738 pedes
1414 3661 1540 3719 Jesu
1567 3670 1794 3732 tergere.
1825 3657 1955 3727 Qua:
1984 3654 2081 3711 tibi

506 3751 776 3847 superﬂua
830 3774 975 3832 sunt,
1021 3761 1245 3835 pedibus
1276 3757 1486 3816 Domini
1529 3751 1836 3811 necessaria
1875 3753 2021 3812 sunt,
2056 3763 2076 3799 ι

511 3837 692 3929 idest,
727 3857 964 3916 minimis
1001 3853 1302 3926 quibusque
1325 3849 1380 3903 in
1430 3845 1708 3910 Ecclesia;
1769 3841 1836 3896 de
1887 3837 2086 3910 quibus

520 3958 574 4010 iu
601 3927 710 4008 line
726 3949 981 4005 dicturus
1008 3942 1116 3998 erit
1136 3937 1410 3995 Dominus
1441 3953 1456 3992 :
1490 3933 1744 4001 Quandiu
1777 3931 1982 4001 fecistis
2003 3927 2100 3985 uni

519 4062 584 4102 ex
607 4043 842 4100 minimis
866 4039 973 4106 his,
999 4035 1132 4091 mihi
1159 4032 1358 4103 fecistis
1379 4025 1588 4101 (Matth.
1615 4040 1743 4090 xxv,
1769 4022 1880 4090 40).
1901 4021 2101 4075 Domus

521 4148 696 4194 autem
746 4133 946 4201 repleta
983 4139 1062 4186 est
1088 4126 1248 4182 odore
1277 4123 1331 4178 id
1365 4128 1471 4186 est,
1503 4117 1750 4175 Ecclesia
1800 4115 1923 4168 vitze
1970 4111 2101 4167 reli-

519 4224 684 4294 giosae
741 4197 887 4272 fama
921 4209 1131 4286 [bona].
1157 4207 1293 4263 Nam
1329 4207 1465 4261 odor
1485 4203 1659 4258 bonus
1681 4208 1768 4256 est
1783 4199 1897 4252 vita
1923 4197 2084 4252 bona.

516 4286 650 4368 Audi
679 4303 992 4378 Apostolum
1023 4319 1036 4354 :
1068 4297 1263 4354 Christi
1287 4296 1453 4351 bonus
1485 4291 1616 4348 odor
1640 4304 1844 4354 sumus,
1893 4286 2090 4357 inquit,

2165 1834 2336 1896 noris,
2383 1832 2469 1886 vel
2521 1829 2722 1885 habitae
2769 1824 3029 1882 memoria
3070 1819 3346 1893 pecunia),
3408 1824 3649 1872 mentem
3684 1814 3754 1868 ab

2167 1929 2335 1999 ipsius
2390 1923 2699 1981 venditione
2753 1924 3052 1975 revocaret.
3109 1915 3311 1969 Verum
3355 1909 3483 1980 quia
3544 1921 3754 1975 semper

2165 1996 2362 2074 avarus
2408 2022 2546 2086 eget,
2589 2027 2762 2082 neque
2798 2022 3036 2078 unquam
3080 2001 3466 2061 beneﬁciorum
3512 1996 3753 2067 perfidus

2167 2110 2436 2174 meminit,
2491 2106 2684 2177 impius
2731 2118 2762 2158 a
2795 2103 2940 2156 furto
2991 2096 3234 2171 pecuniae
3281 2106 3446 2163 quam
3483 2090 3750 2158 portabat,

2166 2201 2412 2272 pervenit
2434 2198 2500 2252 ad
2537 2195 2882 2251 traditionem
2925 2188 3161 2252 Domini,
3211 2184 3303 2254 qui
3335 2181 3625 2253 pecuniam
3655 2178 3751 2233 sibi

2168 2290 2489 2348 servandam
2525 2285 2958 2344 commendabat.

2240 2382 2404 2438 Vnus.
2441 2381 2496 2434 7.
2548 2408 2619 2420 ——
2673 2375 2819 2431 Dixit
2857 2389 2978 2444 ergo
3022 2368 3181 2425 Iesus
3205 2385 3223 2422 :
3263 2365 3392 2421 Sine
3424 2363 3579 2418 illam
3619 2373 3677 2415 ut
3702 2363 3752 2415 in

2169 2474 2306 2528 diem
2330 2472 2610 2544 sepultura!
2655 2484 2781 2524 mea:
2823 2474 2988 2521 seruet
3012 2461 3170 2517 illud.
3225 2458 3392 2526 Quasi
3436 2458 3754 2512 innocenter

2173 2565 2526 2637 interroganti
2549 2561 2722 2628 Judm,
2751 2558 3009 2615 Dominus
3032 2553 3353 2624 simpliciter
3373 2559 3428 2605 et
3451 2555 3747 2610 mansuete,

2171 2673 2280 2729 quo
2334 2654 2696 2712 ministerium
2749 2650 2930 2706 Mariae
2964 2647 3282 2719 pertineret,
3311 2641 3567 2712 exposuit
3594 2658 3606 2693 :
3629 2639 3750 2710 quia

2173 2752 2289 2822 ipse
2319 2749 2571 2806 videlicet
2623 2744 2942 2807 moriturus,
2986 2748 3042 2795 et
3063 2738 3130 2794 ad
3157 2735 3528 2807 sepeliendum
3555 2745 3772 2785 atoma--

2176 2821 2321 2898 tibus
2345 2845 2490 2895 esset
2516 2835 2815 2905 ungendus.
2852 2832 3085 2901 Ideoque
3113 2827 3316 2890 Mariae,
3352 2825 3440 2879 cui
3462 2823 3532 2882 ad
3556 2821 3753 2877 unctio-

2176 2945 2300 2986 nem
2341 2927 2538 2984 mortui
2564 2924 2808 2995 corporis
2835 2923 2955 2993 ejus
2997 2918 3247 2992 quamvis
3267 2915 3497 2971 multum
3545 2912 3750 2968 deside-

2181 3021 2323 3078 ranti
2373 3017 2657 3091 pervenire
2692 3031 2798 3071 non
2828 3014 3038 3076 liceret,
3090 3010 3349 3066 donatum
3376 3015 3463 3062 est
3479 3012 3540 3060 ut
3562 3002 3759 3058 viventi

2179 3111 2353 3167 adhuc
2405 3108 2740 3179 impenderet
2790 3103 3133 3174 obsequium,
3177 3100 3320 3171 quod
3357 3107 3476 3170 post
3503 3105 3758 3157 mortem,

2177 3200 2342 3256 celeri
2383 3197 2779 3254 resurrectione
2834 3201 3132 3266 praeventa,
3181 3190 3475 3260 requireret
3500 3184 3662 3258 [Hs.,
3712 3194 3764 3238 et

2177 3291 2348 3356 Beda,
2395 3286 2687 3360 nequiret].
2734 3286 2890 3342 Unde
2915 3286 3052 3340 bene
3109 3281 3318 3337 Marcus
3354 3278 3646 3332 Dominum
3692 3275 3764 3329 de

2180 3383 2268 3439 illa
2297 3383 2498 3439 dixisse
2546 3386 2813 3436 testatur:
2849 3376 3002 3443 Quod
3047 3374 3253 3438 habuit,
3293 3373 3402 3426 haec
3441 3369 3585 3439 fecit,
3619 3384 3758 3438 pra:-

2180 3475 2313 3530 uenit
2334 3488 2526 3543 ungere
2549 3487 2736 3542 corpus
2760 3485 2934 3524 meum
2979 3470 3037 3522 in
3062 3466 3385 3537 sepulturam
3420 3462 3618 3534 (Marc.
3648 3474 3757 3524 xlv,

2181 3565 2259 3639 8).
2285 3565 2438 3633 Quod
2461 3572 2544 3620 est
2569 3573 2755 3634 aperte
2794 3563 2972 3618 dicere
3007 3576 3024 3615 :
3058 3561 3185 3630 quia
3215 3573 3414 3628 corpus
3441 3573 3620 3612 meum
3649 3555 3759 3623 iam

2183 3659 2420 3716 defuncti
2445 3665 2666 3728 tangere
2687 3671 2791 3711 non
2817 3654 3036 3725 poterit,
3063 3652 3237 3709 solum
3259 3653 3403 3721 quod
3424 3649 3601 3720 potuit
3618 3647 3757 3703 fecit.

2184 3748 2452 3805 Prtevenit
2499 3748 2680 3802 vivum
2722 3747 2923 3813 adhuc,
2972 3744 3260 3800 funerandi
3314 3741 3494 3798 officio
3538 3739 3758 3795 donare.

2185 3841 2370 3914 (Vsus.
2401 3838 2480 3909 8.)
2506 3837 2768 3909 Pauperes
2803 3838 2940 3892 enim
2961 3851 3163 3907 semper
3187 3834 3444 3888 habebitis
3478 3832 3760 3892 uobiscum,

2187 3947 2268 3985 me
2315 3938 2490 3984 autem
2525 3945 2629 3983 non
2653 3944 2854 3998 semper
2879 3926 3151 3983 habebitis.
3181 3925 3250 3981 Et
3284 3925 3375 3980 hic
3415 3939 3627 3994 magna:
3657 3937 3762 3976 mo-

2188 4019 2466 4074 deramine
2499 4018 2774 4088 patientia:
2798 4017 3058 4073 Dominus
3093 4033 3201 4073 non
3235 4016 3432 4073 Iudam
3453 4016 3634 4086 arguit
3651 4028 3764 4067 ava-

2187 4111 2347 4176 ritiae,
2388 4119 2444 4166 et
2480 4125 2589 4166 non
2630 4125 2928 4184 pauperum
2994 4110 3170 4181 gratia
3210 4109 3277 4164 de
3319 4109 3550 4178 pecunia
3601 4106 3762 4176 loqui,

2189 4203 2373 4262 sedes
2409 4203 2620 4258 ratione
2667 4203 3002 4258 demonstrat
3047 4217 3155 4258 non
3182 4217 3302 4257 esse
3352 4200 3649 4271 culpandos
3671 4213 3762 4253 eos

2189 4295 2286 4366 qui
2337 4295 2387 4350 ei
2433 4295 2575 4350 inter
2605 4293 2854 4349 homines
2910 4291 3252 4349 convcrsanti
3307 4291 3374 4346 de
3423 4289 3767 4346 facultatibus

515 4407 571 4459 in
596 4377 743 4455 omni
780 4395 894 4450 loco
916 4390 1002 4466 (II
1031 4387 1158 4482 Cor:
1187 4404 1250 4454 ιι,
1281 4385 1369 4458 15)
1393 4403 1408 4452 ;
1436 4392 1492 4440 et
1519 4383 1574 4439 in
1603 4380 1827 4482 Cantico
1854 4378 2092 4482 cantico-
2124 4421 2173 4482 υ
2195 4385 2310 4440 suis
2335 4383 2726 4448 ministrarent,
2747 4397 2871 4438 cum
2897 4390 3005 4436 tam
3043 4396 3213 4451 pano
3235 4388 3476 4450 tempore
3500 4381 3614 4448 ipse
3628 4377 3768 4448 apud

519 4504 678 4546 rum:
705 4483 1036 4556 Unguentum
1082 4479 1306 4549 effusum
1334 4491 1520 4531 nomen
1567 4484 1714 4526 tuum
1738 4466 1914 4536 (Cant.
1939 4486 1980 4536 ι,
2010 4468 2089 4540 2).

518 4581 651 4634 Item
683 4594 698 4632 :
729 4575 867 4629 Dum
882 4579 1012 4628 esset
1034 4585 1126 4624 rea:
1151 4568 1207 4622 in
1235 4565 1474 4620 accubitu
1502 4579 1618 4627 suo,
1648 4559 1845 4616 nardus
1867 4576 1980 4614 mea
2005 4558 2096 4612 de-

521 4671 598 4724 dit
623 4667 835 4722 odorem
873 4675 1045 4717 suum.
1094 4656 1196 4714 Ubi
1225 4662 1409 4724 aperte
1452 4653 1581 4723 quid
1609 4650 1775 4706 Maria
1800 4649 1967 4705 semel
2015 4646 2092 4704 fe-

524 4767 674 4818 cerat
715 4753 865 4830 [Ms.,
913 4747 1144 4821 fecerit],
1193 4746 1371 4817 typice
1417 4750 1598 4798 autem
1626 4741 1756 4812 quid
1780 4741 1958 4796 omnis
1985 4739 2090 4797 Ec-

523 4849 688 4908 clesia
778 4844 909 4916 quid
941 4841 1119 4898 anima
1149 4851 1374 4908 quaeque
1396 4831 1632 4904 perfecta
1661 4845 1874 4900 semper
1903 4829 2086 4896 faciat,
2129 4852 2132 4854 τ

527 4936 851 4998 ostenditur.

599 5033 761 5090 Vsus.
784 5026 838 5092 4,
855 5024 909 5082 5.
924 5051 996 5064 ——
1013 5021 1154 5076 Dicit
1179 5035 1300 5089 ergo
1319 5034 1455 5072 unus
1484 5031 1548 5069 ex
1569 5010 1842 5082 discipulis
1859 5028 1975 5083 ejus
2002 5012 2106 5067 Ju-

526 5126 623 5181 das
643 5116 942 5181 lscariotes,
961 5112 1050 5185 qui
1073 5119 1186 5165 erat
1210 5125 1325 5164 eum
1343 5106 1631 5161 traditurus
1653 5120 1671 5158 :
1698 5102 1873 5170 Quare
1897 5106 1994 5159 hoc
2009 5122 2107 5160 un-

526 5219 777 5288 guentum
808 5219 916 5261 non
949 5200 1108 5258 ueniit
1138 5197 1378 5252 trecentis
1425 5193 1677 5260 denariis,
1715 5201 1766 5248 et
1815 5192 2000 5248 datum
2027 5203 2103 5250 est

528 5283 701 5381 egenis
720 5305 748 5362 2
778 5321 798 5358 t
833 5302 864 5345 δ
890 5299 984 5358 Vte
1005 5297 1168 5369 impio
1195 5291 1469 5350 traditori!
1502 5290 1593 5381 _V:r
1616 5287 1967 5358 complicibus
1992 5283 2108 5354 ejus

532 5373 808 5470 nequitiae,
837 5393 1001 5449 etiam
1037 5401 1180 5444 nunc
1203 5384 1444 5440 membra
1489 5379 1690 5437 Christi
1735 5373 2104 5450 persequenti-

537 5469 652 5550 bus,
697 5485 787 5556 qui
842 5480 1041 5536 famam
1089 5475 1340 5540 virtutis,
1395 5487 1558 5542 quam
1604 5470 1706 5540 ipsi
1745 5469 1945 5526 habere
1997 5477 2104 5520 non

611 5675 634 5702 ι
664 5659 740 5714 Ex
769 5655 826 5710 S.
851 5655 1008 5723 Aug.,
1037 5659 1199 5706 tract.
1227 5665 1280 5713 ι..
1308 5661 1454 5702 num.
1479 5643 1530 5697 6.

2194 4471 2490 4528 Ecclesiam
2543 4470 2896 4541 corporaliter
2921 4469 3081 4540 581
3127 4483 3444 4532 mansurus;
3503 4480 3771 4536 pauperes

2196 4571 2402 4627 autem,
2443 4563 2640 4633 quibus
2666 4563 3006 4632 eleemosyna
3048 4560 3168 4616 fieri
3208 4569 3413 4632 posset,
3461 4559 3518 4614 in
3541 4574 3606 4614 ea
3631 4573 3769 4613 sem-

2195 4669 2293 4724 per
2317 4662 2498 4710 essent
2532 4653 2784 4709 habendi.
2842 4651 3026 4724 (Vsus.
3074 4649 3154 4723 9.)
3197 4648 3448 4721 Cognovit
3469 4665 3592 4718 ergo
3620 4648 3770 4701 turbo

2197 4745 2364 4800 multa
2382 4762 2448 4800 ea:
2471 4743 2696 4812 Judcis,
2751 4744 2875 4815 quia
2901 4743 3011 4797 illic
3047 4751 3143 4808 est,
3175 4752 3223 4795 et
3249 4749 3498 4795 uenerunt
3527 4756 3631 4793 non
3654 4753 3771 4808 pro-

2197 4847 2313 4909 pter
2344 4836 2530 4892 lesum
2569 4845 2796 4902 tantum,
2839 4835 2929 4890 sed
2958 4843 3014 4888 ut
3041 4831 3311 4887 Lazarum
3329 4831 3583 4894 uiderent,
3621 4845 3773 4901 quem

2201 4930 2473 4986 suscitauit
2511 4946 2544 4983 a
2592 4928 2832 4983 mortuis.
2883 4925 3181 4982 Curiositas
3226 4925 3348 4988 hos,
3397 4939 3505 4979 non
3541 4923 3774 4979 charitas

2204 5023 2429 5079 adduxit
2453 5022 2522 5077 ad
2552 5020 2737 5077 Iesum
2762 5039 2775 5074 :
2799 5020 2895 5075 sed
2921 5034 3022 5074 nos
3040 5033 3200 5072 versa
3237 5017 3376 5082 vice,
3430 5015 3630 5070 fratres
3654 5015 3776 5069 cha-

2203 5114 2427 5180 rissimi,
2472 5114 2517 5167 si
2533 5111 2906 5182 cognoscimus
2952 5109 3045 5164 ubi
3093 5106 3253 5163 Jesus
3273 5115 3379 5170 est,
3421 5106 3516 5160 ubi
3547 5105 3775 5160 mansio-

2204 5222 2327 5262 nem
2381 5204 2532 5269 facit,
2585 5203 2676 5259 ubi
2729 5201 3066 5266 Bethaniam,
3095 5200 3150 5254 id
3175 5207 3283 5263 est,
3326 5198 3548 5252 domum
3586 5195 3776 5249 anim:

2209 5295 2529 5358 obedientis,
2585 5293 2641 5348 in
2681 5307 2788 5362 qua
2816 5291 3045 5354 habitet.
3069 5289 3308 5353 invenit;
3348 5287 3633 5342 veniamus
3657 5284 3776 5338 illuc

2207 5385 2676 5455 contemplatione,
2697 5398 2804 5438 non
2823 5389 3043 5453 propter
3066 5379 3341 5436 hominem
3363 5385 3596 5442 tantum,
3619 5387 3776 5444 quem

2209 5491 2242 5530 a
2269 5483 2442 5530 morte
2481 5474 2676 5530 animm
2697 5474 3016 5530 suscitatam
3053 5467 3372 5541 spiritaliter
3411 5467 3594 5522 vivere
3615 5465 3780 5521 dona-

2285 5645 2314 5686 δ
2344 5645 2424 5702 Ex
2447 5646 2582 5705 Ven.
2621 5647 2778 5706 Beda:
2795 5649 2946 5705 hom.
2978 5645 3114 5704 feria
3141 5662 3178 5703 ιι
3199 5652 3323 5717 post
3348 5642 3675 5700 Palmarum.
