3992 6184
412 278 514 335 911

1311 271 1376 324 Β.
1406 270 1466 324 F.
1498 267 1722 323 ALBlNl
1759 267 1886 320 SEU
1932 262 2204 318 ALCUINI
2235 259 2516 316 OPERUM
2549 256 2729 312 PARS
2757 256 2816 312 ll.

3582 255 3701 311 919.

414 392 634 448 ductum
665 391 793 456 est),
837 384 1044 453 plebem
1084 379 1216 449 ejus,
1265 396 1386 450 qua:
1428 378 1676 433 veniebat
1705 391 1768 431 ex
1805 375 2004 445 populo
2032 380 2080 438 Α
2108 371 2266 426 cehat
2295 370 2473 439 ipsum
2501 381 2621 422 esse
2643 378 2878 456 granum]
2902 361 3334 456 uiortilicaliduni
3359 373 3412 418 et
3442 366 3702 436 multipli-

413 481 601 545 lsrael,
631 493 736 532 non
775 475 1036 530 indomita
1077 482 1278 536 tamen,
1325 470 1420 525 sed
1461 485 1581 540 quin
1613 480 1854 538 praesepe
1895 466 2000 519 Do—

420 573 552 629 mini
581 569 816 642 agnovit.
861 567 1047 640 (Vens.
1093 563 1201 635 16.)
1241 562 1370 616 Ηωσ
1407 578 1510 616 non
1545 567 1890 631 cognoverunt
1926 557 2007 610 di-

414 659 603 732 scipuli
625 658 745 728 ejus
773 656 1023 727 primum,
1054 654 1143 708 sed
1169 652 1390 723 quando
1435 649 1758 721 gloriﬁcatus
1809 656 1882 700 est
1915 644 2010 699 Ie-

417 769 530 807 sus.
544 750 610 806 id
631 757 736 814 est,
757 746 972 818 quando
993 746 1246 799 virtutem
1268 757 1379 797 sua:
1400 738 1814 796 resurrectionis
1833 743 2010 790 osten-

418 845 516 898 dit.
554 841 700 895 Tunc
738 838 997 894 recordati
1043 845 1193 899 sunt,
1233 836 1357 905 quia
1397 834 1506 886 haec
1539 840 1686 885 erant
1721 829 1917 898 scripta
1944 827 2010 879 de

418 950 500 987 eo.
540 930 861 987 Recolentes
898 927 1097 996 quippe
1143 924 1438 978 secundum
1489 920 1860 988 Scripturam,
1889 929 2010 984 qua:

420 1035 548 1081 ante
565 1024 874 1094 passionem
892 1021 988 1074 vel-
1001 1021 1054 1073 in
1078 1018 1288 1073 Domini
1313 1016 1560 1086 passione
1577 1013 1842 1081 completa
1863 1017 2007 1077 sunt,

422 1119 498 1173 ibi
527 1125 584 1172 et
607 1117 711 1172 hoc
734 1117 1060 1169 invenerunt
1079 1152 1094 1176 ,
1119 1119 1178 1164 ut
1207 1109 1501 1164 secundum
1536 1107 1747 1175 eloquia
1780 1103 2012 1174 prophe-

424 1221 604 1265 tarum
633 1209 687 1262 in
715 1207 862 1275 pullo
888 1206 1052 1259 asina:
1081 1204 1313 1258 sederet.

494 1303 657 1358 Vnus.
688 1299 872 1352 17-19.
899 1327 968 1336 ——
989 1294 1365 1348 Testimonium
1385 1307 1506 1360 ergo
1527 1287 1822 1360 perhibebat
1856 1288 2010 1341 turba

425 1408 542 1464 qua:
569 1399 679 1444 erat
710 1404 828 1441 cum
857 1403 939 1451 eo,
968 1384 1177 1455 quando
1211 1381 1472 1434 Lazarum
1502 1379 1697 1432 vocavit
1731 1376 1796 1430 de
1831 1392 2013 1430 monu-

426 1491 618 1546 mento,
647 1491 695 1535 et
724 1478 990 1534 suscitavit
1019 1491 1136 1530 eum
1178 1492 1210 1527 a
1247 1471 1488 1526 mortuis.
1529 1469 1814 1538 Propterea
1847 1479 1894 1522 et
1923 1469 2012 1522 ob-

427 1575 561 1627 viam
605 1572 739 1626 venit
784 1571 832 1624 ei
875 1567 1058 1632 turba,
1099 1565 1188 1637 qui
1217 1563 1518 1625 audierunt,
1544 1577 1663 1614 eum
1701 1560 1880 1629 fecisse
1914 1560 2011 1613 hoc

425 1664 652 1732 signum.
685 1659 944 1713 Pharisaei
970 1672 1091 1727 ergo
1117 1655 1361 1708 dixerunt
1387 1651 1456 1705 ad
1477 1652 1776 1721 semetipsos
1800 1667 1819 1704 :
1857 1649 2011 1704 Vide-

427 1754 514 1816 tis,
545 1753 670 1822 quia
699 1749 829 1804 nihil
855 1748 1179 1818 proﬁcimus,
1208 1761 1323 1798 ecce
1347 1743 1575 1796 mundus
1602 1753 1739 1796 totus
1761 1751 1875 1812 post
1897 1757 2014 1795 eum

427 1844 576 1898 abiit.
615 1842 795 1896 Turba
833 1839 1068 1895 turbavit
1109 1838 1347 1892 turbam.
1379 1837 1518 1904 Quid
1567 1843 1747 1893 autem
1787 1835 2016 1899 invides,

429 1949 571 1988 cteca
599 1933 780 1997 turba,
810 1931 936 2000 quia
966 1937 1087 1999 post
1113 1943 1238 1983 eum
1266 1927 1413 1983 vadit
1445 1925 1680 1981 mundus
1699 1966 1712 1988 ,
1739 1940 1836 1994 per
1860 1939 2020 1992 quem

431 2025 606 2079 factus
637 2032 713 2078 est
747 2021 1014 2077 mundus?

1009 2129 1236 2186 CAPUT
1277 2129 1446 2183 XXX.

436 2243 725 2298 Nuntiatus
755 2242 988 2310 gentibus
1013 2258 1129 2294 cum
1158 2240 1329 2294 videre
1361 2238 1670 2310 volentibus,
1698 2238 1878 2310 horam
1910 2255 2019 2292 sure

502 2308 897 2382 clariﬁcationis
925 2329 1032 2366 esse
1069 2311 1227 2376 dicit,
1261 2321 1307 2363 et
1341 2308 1849 2382 granumjrumenti
1870 2325 2022 2382 _i_n_or-

501 2377 648 2436 tuum
674 2381 893 2436 multum
920 2382 1148 2451 fructum
1185 2377 1486 2451 pronuntiat
1523 2377 1834 2451 allaturum.
1863 2377 2021 2431 Mini-

505 2463 752 2507 strantem
775 2448 977 2522 quoque
1001 2451 1097 2504 sibi
1123 2448 1578 2519 honoriﬁcaudum
1603 2448 1874 2518 promittit.

509 2564 670 2619 Vens.
707 2562 893 2617 20-22.
931 2591 1002 2602 ——
1039 2561 1210 2616 Erant
1245 2571 1419 2614 autem
1452 2559 1666 2631 gentiles
1709 2560 1922 2632 quidam
1957 2575 2023 2614 ea:

432 2661 516 2714 his
548 2657 638 2729 qui
662 2654 1004 2710 ascenderant
1031 2664 1087 2708 ut
1111 2654 1392 2708 adorarent
1424 2654 1481 2708 in
1509 2653 1593 2707 die
1618 2652 1768 2721 festo.
1803 2651 1876 2706 Hi
1901 2667 2023 2721 ergo

435 2753 760 2801 accesserunt
785 2744 854 2798 ad
883 2741 1206 2813 Philippum,
1229 2742 1318 2812 qui
1337 2749 1485 2824 erant
1507 2757 1541 2794 a
1567 2739 1851 2794 Bethsaida
1878 2737 2024 2794 Gali-

436 2838 571 2904 ltete,
599 2847 646 2892 et
673 2835 924 2908 rogabant
953 2851 1073 2889 eum
1094 2834 1321 2888 dicentes
1347 2847 1364 2886 :
1393 2833 1638 2895 Domine,
1670 2831 1907 2886 uolumus
1934 2830 2026 2886 Ie-

436 2945 553 2984 sum
573 2927 761 2982 videre.
809 2925 965 2980 Venit
983 2936 1159 2980 autem
1193 2924 1467 2995 Philippus
1484 2963 1499 2990 ,
1528 2933 1576 2978 et
1605 2923 1731 2977 dicit
1760 2922 2022 2978 Andrtea'.

437 3018 675 3072 Andreas
720 3033 903 3071 rursus
956 3026 1005 3070 et
1047 3013 1322 3087 Philippus
1363 3015 1606 3070 dixerunt
1653 3013 1802 3068 Iesu.
1835 3014 2025 3070 Videa-

2105 459 2334 514 candum
2365 477 2377 512 :
2409 454 2843 511 mortiﬁcandum
2866 451 3179 508 infidelitate
3204 451 3540 519 Iudaeorum,
3562 457 3703 510 mul-

2107 549 2458 620 tiplicandum
2476 547 2579 602 fide
2592 545 2834 600 omnium
2853 543 3193 614 p0pulorum.
3210 542 3330 598 iam
3352 560 3481 599 vero
3499 547 3700 600 rabor-

2105 649 2228 695 tans
2261 640 2327 694 ad
2363 637 2630 707 passionis
2666 651 2776 690 sua:
2803 635 3057 690 sectanda
3098 635 3353 706 vestigia,
3393 635 3497 701 Qui
3533 648 3702 698 amat,

2109 731 2317 801 inquit,
2366 730 2598 782 animam
2641 742 2827 790 suam,
2877 724 3055 795 perdet
3100 741 3236 779 eam.
3291 724 3445 791 Quod
3495 725 3706 780 duobus

2109 821 2283 876 modis
2329 816 2552 886 intelligi
2596 822 2776 884 potest
2821 831 2835 866 :
2878 812 2980 878 Qui
3023 823 3195 878 amat,
3237 812 3452 884 perdet,
3497 812 3548 866 id
3595 821 3703 878 est,

2110 911 2157 965 si
2187 924 2367 974 amas,
2399 907 2592 978 perdes
2622 904 2752 978 [Ms.
2783 914 2830 958 et
2859 905 3019 974 Aug.,
3059 902 3247 976 perde]
3284 922 3298 955 :
3342 904 3389 959 si
3427 905 3581 973 cupis
3619 906 3704 956 vi-

2113 1010 2222 1056 tam
2245 1010 2428 1055 tenere
2452 999 2504 1052 in
2531 997 2767 1061 Christo,
2797 995 2909 1050 noli
2937 996 3128 1050 timere
3162 997 3299 1050 mori
3335 1012 3433 1066 pro
3464 996 3703 1052 Christo.

2110 1091 2240 1147 Item
2269 1089 2374 1144 alio
2396 1088 2554 1143 modo
2582 1105 2595 1140 :
2623 1087 2726 1152 Qui
2750 1095 2892 1140 amat
2918 1087 3148 1140 animam
3172 1105 3342 1153 suam,
3364 1088 3543 1157 perdet
3563 1106 3705 1142 eam.

2112 1181 2230 1236 Noli
2258 1195 2441 1234 amare
2470 1180 2524 1232 in
2562 1179 2666 1232 hac
2693 1179 2837 1243 vita,
2874 1194 2941 1232 ne
2982 1177 3179 1246 perdas
3223 1179 3277 1232 in
3323 1189 3524 1233 aeterna
3569 1180 3705 1234 vita.

2114 1271 2226 1324 Hoc
2252 1278 2432 1322 autem
2451 1267 2594 1336 quod
2615 1266 2884 1336 posterius
2905 1266 3036 1331 dixi,
3063 1266 3238 1336 magis
3269 1267 3468 1321 habere
3493 1268 3714 1322 videtur

2112 1359 2452 1430 evangelicus
2479 1373 2698 1423 sensus;
2743 1356 2988 1426 sequitur
3017 1357 3161 1411 enim
3197 1375 3209 1409 :
3239 1355 3309 1410 Et
3333 1358 3423 1427 qui
3453 1357 3564 1410 odit
3588 1359 3715 1410 ani—

2113 1469 2251 1506 mum
2274 1469 2422 1505 suam
2452 1453 2509 1506 in
2534 1451 2629 1504 hoc
2659 1451 2883 1513 mundo,
2923 1449 2976 1503 in
3002 1449 3161 1502 vitam
3195 1458 3445 1504 ceternam
3476 1451 3714 1506 custodit

2113 1561 2246 1598 eam.
2279 1544 2418 1614 Ergo
2443 1544 2586 1612 quod
2612 1558 2775 1612 supra
2801 1543 3002 1597 dictum
3029 1550 3112 1596 est
3139 1560 3153 1596 :
3189 1541 3290 1607 Qui
3325 1552 3492 1607 amat,
3520 1544 3714 1597 subino

2115 1636 2391 1706 telligitur,
2417 1635 2471 1688 in
2501 1635 2604 1689 hoc
2634 1633 2863 1698 mundo;
2899 1633 3011 1702 ipsc
3043 1633 3230 1702 itaque
3271 1631 3449 1703 [Aug.,
3492 1631 3710 1705 utique]

2118 1726 2308 1797 perdet
2339 1742 2352 1778 :
2391 1723 2493 1790 Qui
2523 1732 2693 1777 autem
2717 1723 2848 1786 odit,
2871 1722 3056 1790 utique
3081 1722 3134 1775 in
3164 1721 3264 1775 hoc
3285 1721 3504 1786 mundo,
3535 1722 3591 1775 in
3622 1722 3712 1774 vi-

2122 1826 2230 1871 tam
2258 1824 2517 1871 aeternam
2548 1815 2663 1883 ipse
2689 1811 2925 1868 custodit
2947 1826 3086 1864 eam.
3116 1810 3303 1880 Magna
3329 1820 3384 1865 et
3413 1812 3552 1866 mira
3578 1829 3709 1867 sen-

2120 1908 2308 1972 tentia,
2335 1904 2786 1976 quemadmodum
2826 1903 2896 1958 sit
2935 1902 3170 1957 hominis
3199 1903 3254 1955 in
3277 1902 3515 1956 animam
3555 1919 3712 1958 suam

2120 2014 2273 2053 amor
2297 2007 2356 2052 ut
2376 2003 2584 2066 pereat,
2611 1994 2792 2052 odium
2819 2008 2887 2048 ne
2910 1992 3128 2063 pereat!
3163 1991 3221 2047 Si
3252 1991 3391 2046 male
3411 1995 3711 2059 amaVeris,

2121 2099 2248 2146 tunc
2278 2087 2441 2144 odisti
2472 2105 2486 2140 :
2517 2086 2563 2141 si
2590 2087 2726 2143 bene
2751 2083 2950 2149 oderis,
2979 2093 3108 2139 tunc
3131 2085 3344 2138 amasti.
3369 2083 3581 2139 Felices
3617 2089 3710 2154 qui

2119 2179 2351 2235 oderunt
2379 2176 2754 2242 custodiendo,
2780 2189 2850 2230 ne
2876 2174 3106 2246 perdant
3128 2174 3375 2228 amando.
3413 2194 3430 2226 ι
3463 2173 3568 2229 llic
3591 2176 3708 2228 ani-

2121 2285 2220 2324 ma:
2251 2267 2467 2324 nomine
2488 2268 2597 2322 vita
2619 2280 2858 2335 praesens
2882 2265 3220 2334 designatur;
3253 2263 3336 2318 vel
3360 2265 3527 2318 etiam
3557 2264 3712 2333 hujus

2120 2361 2245 2416 vitae
2271 2358 2587 2424 delectatio,
2623 2373 2742 2428 qua:
2778 2357 3051 2426 perdenda
3090 2365 3174 2411 est
3211 2364 3268 2410 ut
3307 2354 3539 2412 feliciter
3569 2358 3716 2412 inve-

2121 2452 2238 2506 nias
2273 2449 2606 2506 voluntatem
2646 2457 2792 2502 tuam
2829 2449 2883 2502 in
2929 2463 3094 2518 regno
3139 2448 3264 2512 Dei,
3303 2464 3466 2517 quam
3503 2449 3715 2505 fortiter

2122 2543 2300 2598 vicisti
2326 2544 2379 2597 in
2409 2543 2513 2596 hoc
2547 2540 2760 2596 Steculo.
2796 2539 2928 2594 Nam
2957 2541 3127 2595 sancti
3161 2548 3426 2610 martyres
3455 2543 3581 2596 odio
3616 2543 3710 2597 ha-

2125 2638 2361 2692 buerunt
2384 2635 2524 2690 hanc
2553 2642 2874 2704 praesentem
2902 2633 3068 2687 vitam
3105 2647 3201 2701 pro
3239 2631 3441 2686 Christi
3477 2634 3708 2697 nomine,

2125 2729 2250 2785 dum
2273 2728 2444 2798 magis
2466 2727 2749 2781 voluerunt
2776 2727 2915 2780 hanc
2935 2733 3256 2794 praesentem
3277 2724 3447 2778 vitam
3466 2726 3710 2795 perdere,

2125 2832 2286 2887 quam
2326 2815 2597 2870 Christum
2642 2829 2868 2886 negare,
2917 2814 3199 2884 ilnplentes
3242 2813 3386 2883 quod
3425 2816 3708 2883 sequitur:

2201 2907 2362 2962 Vens.
2391 2905 2478 2960 26.
2507 2937 2572 2945 -
2607 2906 2666 2962 Si
2692 2909 2808 2977 quis
2856 2906 2983 2958 mihi
3010 2906 3291 2969 ministrat,
3318 2920 3401 2960 me
3440 2914 3707 2975 sequatur.

2137 3014 2154 3047 ι
2189 2996 2328 3064 Quid
2353 2995 2456 3064 eet,
2483 3013 2562 3051 me
2607 3007 2874 3068 sequatur,
2906 2994 3011 3049 nisi
3040 3010 3126 3049 me
3149 2995 3423 3050 imitetur?
3465 2994 3714 3058 Christus

439 3124 560 3164 mus
589 3108 718 3178 quid
746 3106 1007 3162 Dominus
1043 3107 1109 3162 ad
1129 3063 1251 3162 is;
1284 3107 1642 3178 responderit.
1676 3105 1815 3161 Ecce
1841 3105 2026 3160 volue-

2130 3063 2273 3143 enim
2306 3103 2404 3159 pro
2440 3063 2594 3143 nobis
2622 3063 2812 3158 passus
2834 3096 2938 3154 est,
2969 3088 3044 3141 ait
3064 3088 3352 3160 Apostolus
3377 3086 3600 3153 Petrus,
3625 3102 3712 3142 re-

441 3207 566 3252 runt
591 3213 716 3253 eum
741 3196 910 3253 Judaei
942 3197 1208 3264 occidere,
1237 3197 1464 3268 gentiles
1488 3197 1672 3252 videre
1701 3215 1714 3250 :
1742 3196 1836 3252 sed
1867 3197 2030 3251 etiam

441 3290 518 3344 illi
546 3305 612 3344 ex
640 3288 842 3344 Iudaeis
869 3297 1050 3353 erant,
1085 3289 1179 3357 qui
1217 3288 1526 3342 clamabant
1557 3305 1569 3341 :
1597 3286 1910 3341 Benedictus
1943 3287 2031 3357 qui

443 3382 578 3435 venit
606 3383 660 3435 in
700 3381 909 3434 nomine
940 3379 1152 3432 Domini
1188 3394 1280 3432 rea:
1315 3377 1502 3432 Israel.
1531 3378 1669 3434 Ecce
1711 3378 1787 3432 illi
1820 3393 1889 3432 ex
1921 3378 2031 3432 cir-

446 3462 798 3536 cumCisione,
823 3470 895 3524 illi
919 3486 984 3526 ex
1004 3470 1286 3539 praeputio,
1312 3469 1457 3524 velut
1481 3470 1713 3538 parietes
1736 3469 1802 3524 de
1823 3470 2032 3524 diverso

446 3564 759 3626 venientes,
808 3570 864 3616 et
910 3563 965 3615 in
1010 3575 1173 3615 unam
1213 3559 1373 3616 ﬁdem
1417 3559 1618 3614 Christi
1659 3560 1810 3631 pacis
1849 3561 2033 3616 osculo

451 3661 855 3709 concurrentes.
885 3651 1178 3706 Audiamus
1204 3665 1333 3722 ergo
1358 3664 1546 3709 vocem
1583 3649 1775 3721 lapidis
1814 3651 2034 3722 angula-

452 3746 548 3801 ris.
577 3746 762 3816 (Vsus.
793 3743 910 3815 23.)
935 3743 1091 3799 Iesus
1119 3754 1312 3814 autem,
1341 3746 1536 3816 inquit,
1563 3747 1824 3816 respondit
1848 3747 1921 3800 eis
1945 3747 2030 3799 di-

450 3852 568 3889 cens
601 3851 620 3888 :
659 3831 808 3888 Venit
837 3833 998 3906 583
1027 3835 1178 3901 hora,
1209 3845 1267 3890 ut
1313 3834 1632 3905 clari/icetur
1659 3833 1832 3890 Filius
1866 3836 2032 3890 homi-

451 3929 550 3982 nis.
603 3925 702 3981 Hic
750 3927 1033 3997 quisquam
1078 3925 1305 3982 forsitan
1351 3935 1505 3996 putat
1553 3927 1675 3982 ideo
1723 3942 1782 3982 se
1834 3925 2034 3982 dixisse

451 4017 833 4089 gloriﬁcatum,
861 4017 987 4087 quia
1015 4017 1241 4088 gentiles
1260 4031 1385 4071 eum
1408 4017 1660 4073 volebant
1687 4018 1890 4073 videre.
1916 4015 2033 4074 Non

452 4111 525 4164 ita
551 4117 634 4164 est
671 4127 684 4162 :
725 4108 818 4163 sed
866 4108 1079 4163 videbat
1116 4109 1260 4176 ipsos
1299 4105 1450 4179 μὴ,
1479 4106 1614 4180 ipse]
1651 4107 1876 4178 gentiles
1914 4115 2035 4174 post

453 4201 758 4270 passionem
781 4208 836 4252 et
864 4198 1313 4254 resurrectionem
1338 4212 1490 4253 suam
1519 4198 1572 4252 in
1599 4197 1849 4254 omnibus
1869 4196 2037 4265 genti-

454 4295 553 4348 bus
578 4291 906 4356 credituros;
945 4290 1090 4359 quia,
1121 4289 1260 4345 sicut
1294 4289 1423 4344 dicit
1453 4288 1742 4359 Apostolus
1770 4305 1783 4341 :
1817 4287 2034 4342 Caritas

2129 3178 2376 3249 linquens
2405 3179 2559 3234 nobis
2589 3178 2916 3247 exemplum,
2949 3186 3006 3232 ut
3039 3193 3326 3248 sequamur
3346 3178 3567 3247 vestigia
3589 3176 3714 3245 ejus

2133 3269 2184 3340 (I
2213 3270 2358 3324 Petr.
2385 3287 2450 3337 ιι,
2477 3269 2589 3340 2|).
2622 3270 2760 3325 Ecce
2786 3270 2928 3339 quod
2951 3270 3155 3326 dictum
3195 3277 3276 3325 est
3303 3287 3316 3322 :
3347 3268 3404 3324 Si
3428 3270 3550 3339 quis
3572 3270 3711 3324 mihi

2131 3363 2417 3428 ministrat,
2453 3380 2534 3416 me
2581 3373 2848 3434 sequatur.
2886 3361 3004 3430 Quo
3028 3361 3228 3429 fructu,
3273 3379 3378 3433 qua
3415 3363 3667 3418 mercede
3692 3403 3709 3428 ,

2131 3467 2239 3521 quo
2265 3453 2520 3522 prtemio?
2547 3452 2612 3505 Et
2654 3453 2740 3505 ubi
2773 3469 2910 3518 sum,
2944 3453 3138 3522 inquit,
3167 3469 3282 3523 ego,
3327 3452 3435 3505 illic
3477 3464 3525 3506 et
3556 3453 3707 3507 mini-

2130 3556 2234 3598 ster
2275 3560 2418 3598 meus
2444 3546 2560 3598 erit.
2600 3563 2618 3596 ›
2650 3543 2856 3598 Merces
2891 3553 2973 3598 est
3002 3545 3220 3610 amoris,
3272 3555 3328 3600 et
3365 3546 3546 3614 operis
3582 3561 3702 3614 pre-

2134 3636 2287 3701 tium,
2312 3650 2418 3704 quo
2441 3635 2780 3689 ministratur
2799 3633 3040 3701 Christo,
3065 3649 3186 3689 esse
3205 3650 3330 3690 cum
3359 3635 3450 3689 illo
3490 3635 3576 3690 cui
3606 3636 3706 3689 mi—

2133 3728 2347 3783 nistrat.
2382 3745 2399 3780 ‹
2438 3726 2537 3782 Ubi
2562 3727 2707 3782 enim
2731 3727 2866 3782 bene
2891 3727 2996 3781 erit
3019 3726 3134 3780 sine
3161 3726 3251 3780 illo
3272 3727 3294 3780 ?
3315 3725 3421 3780 Aut
3438 3726 3705 3795 quomodo

2134 3819 2314 3892 [Aug.,
2366 3827 2460 3872 aut
2496 3817 2732 3889 quando]
2778 3816 2965 3889 [male]
3017 3832 3135 3874 esse
3163 3817 3365 3888 poterit
3405 3833 3531 3873 cum
3577 3816 3706 3872 illo!

2131 3912 2269 3966 Audi
2290 3911 2592 3965 evidentius
2619 3925 2634 3963 :
2668 3910 2734 3964 Et
2758 3911 2804 3964 si
2828 3911 2942 3981 quis
2969 3911 3096 3964 mihi
3119 3911 3514 3974 ministraverit,
3547 3910 3710 3963 hono-

2134 4002 2357 4070 rificabit
2377 4019 2497 4056 eum
2525 3999 2687 4055 Pater
2705 4018 2867 4056 meus.
2897 4002 3013 4068 Quo
3041 4002 3265 4066 honore,
3290 4001 3393 4055 nisi
3415 4009 3475 4054 ut
3497 4001 3710 4055 sitcum

2133 4092 2270 4148 Filio
2297 4092 2449 4162 ejus?
2477 4093 2628 4160 Quod
2675 4093 2818 4148 enim
2865 4095 3111 4163 superius
3146 4094 3222 4147 ait
3252 4110 3266 4146 :
3317 4090 3417 4146 Ubi
3455 4108 3552 4162 ego
3573 4108 3708 4156 sum,

2134 4185 2244 4241 illic
2289 4198 2337 4242 et
2382 4189 2619 4242 minister
2663 4206 2808 4242 meus
2851 4189 2950 4242 erit
2983 4205 3000 4242 :
3033 4189 3134 4244 hoc
3181 4189 3500 4259 intelligitur
3550 4202 3714 4257 expo-

2137 4279 2340 4344 suisse,
2391 4295 2512 4334 cum
2561 4280 2733 4352 dicit;
2765 4279 3149 4349 IIonori/icabit
3179 4297 3296 4334 eum
3338 4278 3502 4334 Pater
3545 4296 3712 4333 meus.

453 4400 517 4438 ex
541 4393 687 4452 parte
716 4379 882 4436 Israel
911 4381 1050 4450 facta
1075 4389 1173 4444 est,
1205 4379 1368 4433 donec
1397 4377 1664 4449 plenitudo
1689 4377 1919 4448 gentium
1947 4377 2031 4430 in-
2065 4403 2112 4462 υ
2137 4367 2269 4422 Nam
2296 4384 2456 4438 quem
2495 4367 2752 4462 majorem
2797 4369 3055 4462 honorem
3098 4369 3348 4438 accipere
3393 4369 3590 4439 poterit
3618 4368 3715 4421 ad-

452 4483 614 4528 tra-ret
651 4471 828 4542 (Rom.
872 4487 958 4535 χι,
999 4470 1110 4542 25).
1160 4469 1238 4523 Ex
1283 4469 1564 4526 occasione
1604 4468 1766 4538 igitur
1805 4467 2033 4522 istorum

453 4566 731 4637 gentilium
756 4566 845 4633 qui
869 4580 993 4619 eum
1028 4565 1210 4618 videre
1232 4562 1552 4632 cupiebant,
1580 4561 1863 4615 annuntiat
1895 4558 2036 4613 futu-

457 4670 574 4710 ram
603 4654 988 4724 plenitudinem
1016 4655 1277 4724 gentium,
1309 4661 1362 4708 et
1390 4653 1654 4722 promittit
1682 4653 1792 4723 jam
1817 4652 2037 4722 jamque

457 4745 648 4800 adesse
674 4745 862 4800 horam
888 4743 1296 4815 gloriﬁcationis
1322 4758 1452 4807 suae,
1483 4758 1587 4811 qua
1618 4741 1758 4795 facta
1786 4741 1838 4794 in
1863 4740 2035 4803 caelis,

457 4845 644 4906 gentes
669 4835 884 4890 fuerant
913 4836 1219 4891 crediturae.
1260 4833 1410 4889 Unde
1440 4832 1754 4902 praedictum
1779 4841 1860 4885 est
1887 4849 1899 4884 :
1931 4830 2040 4884 Ea:-

457 4926 624 4980 altare
645 4943 799 4996 super
822 4924 974 4979 caelos
1008 4924 1178 4987 Deus,
1204 4933 1249 4978 et
1280 4940 1437 4994 super
1465 4937 1666 4976 omnem
1697 4930 1890 4973 terram
1923 4919 2038 4989 glo-

459 5019 593 5070 riam
614 5027 758 5070 tuam
781 5014 955 5088 (Psal.
979 5030 1109 5080 cvn,
1133 5014 1206 5086 7).
1235 5014 1361 5070 ﬂare
1386 5021 1468 5069 cst
1487 5012 1724 5084 gentium
1745 5011 2038 5082 plenitudo,

460 5110 526 5162 de
563 5123 670 5177 qua
699 5106 831 5161 dicit
855 5105 1142 5174 Apostolus
1171 5120 1186 5157 :
1218 5103 1439 5158 chitas
1461 5121 1525 5159 ea:
1545 5113 1692 5174 parte
1712 5101 1879 5157 Israel
1900 5104 2036 5172 facta

457 5205 554 5262 est,
579 5196 741 5250 donec
761 5193 1028 5265 plenitudo
1053 5194 1280 5264 gentium
1305 5193 1544 5248 intraret.
1573 5191 1677 5246 Sed
1707 5191 2035 5247 altitudinem

459 5287 870 5360 glorificationis
893 5286 1131 5356 oportuit
1176 5295 1234 5339 ut
1263 5285 1588 5354 praecederet
1612 5284 1892 5340 humilitas
1919 5298 2035 5352 pas-

460 5381 648 5435 sionis.
678 5379 800 5433 Ideo
830 5387 1047 5433 secutus
1071 5377 1313 5447 adjunxit
1345 5391 1358 5428 :
1388 5376 1574 5447 (Vnus.
1604 5375 1696 5440 24,
1723 5375 1814 5442 25)
1856 5375 2037 5435 Amen,

464 5485 614 5522 amen
643 5470 760 5524 dico
786 5470 924 5523 vobis
946 5509 959 5534 ,
985 5469 1084 5523 nisi
1117 5484 1335 5537 granum
1362 5467 1608 5535 frumenti
1634 5466 1824 5520 cadens
1859 5466 1912 5517 in
1946 5473 2038 5517 ter-

466 5573 579 5612 ram
610 5570 868 5611 mortuum
907 5560 1091 5628 fuerit,
1125 5559 1294 5627 ipsum
1333 5555 1500 5608 solum
1538 5563 1730 5608 manet.
1770 5551 1830 5605 Si
1869 5562 2038 5603 autent

465 5661 723 5704 mortuum
755 5653 933 5720 fuerit,
959 5651 1174 5703 multum
1205 5649 1429 5716 fructum
1461 5648 1634 5715 affert.
1665 5644 1738 5701 Se
1757 5653 1942 5698 autem
1961 5642 2041 5697 di-

2137 4466 2373 4526 optatus,
2402 4473 2564 4527 quam
2588 4468 2648 4513 ut
2667 4459 2736 4514 sit
2762 4459 2851 4512 ubi
2874 4467 2958 4514 est
2977 4460 3200 4525 unicus;
3235 4476 3340 4514 non
3367 4459 3591 4530 aequalis
3636 4459 3719 4513 fa-

2133 4558 2253 4605 ctus
2300 4549 2611 4615 divinitati,
2663 4550 2758 4605 sed
2805 4552 3148 4606 consociatus
3211 4550 3363 4622 [Ms.,
3403 4551 3714 4623 consocius]

2135 4642 2460 4696 mternitati?
2511 4641 2648 4708 Quid
2687 4643 2757 4696 sit
2781 4649 2961 4696 autem
2997 4643 3308 4698 ministrare
3354 4642 3590 4706 Christo,
3625 4643 3716 4698 cui

2135 4733 2286 4802 operi
2309 4748 2516 4788 merces
2545 4742 2687 4787 tanta
2727 4735 3082 4802 promittitur,
3110 4736 3566 4790 considerandum
3586 4743 3672 4789 est
3699 4754 3712 4789 :

2139 4822 2201 4878 Si
2247 4823 2362 4893 quis
2415 4824 2542 4877 mihi
2570 4825 2872 4888 ministrat,
2925 4841 3006 4879 me
3043 4835 3307 4895 sequatur,
3342 4826 3449 4880 hoc
3488 4825 3719 4896 intelligi

2139 4915 2328 4978 voluit,
2357 4931 2421 4969 ac
2454 4916 2499 4969 si
2538 4917 2742 4971 diceret
2772 4935 2784 4969 :
2819 4915 2876 4970 Si
2903 4917 3026 4984 quis
3050 4932 3136 4971 me
3176 4932 3282 4971 non
3313 4918 3580 4986 sequitur,
3609 4933 3717 4972 non

2140 5007 2270 5061 mihi
2316 5007 2606 5061 ministrat.
2666 5007 2973 5062 Ministrant
3019 5022 3148 5077 ergo
3198 5006 3325 5063 Jesu
3371 5008 3590 5064 Christo
3626 5009 3718 5077 qui

2139 5113 2243 5152 non
2281 5114 2375 5153 sua
2427 5107 2703 5167 quaerunt,
2753 5097 2847 5152 sed
2871 5096 3141 5167 qumJesu
3170 5099 3374 5154 Christi
3397 5098 3624 5169 (Philip.
3656 5115 3712 5159 ιι.

2138 5189 2250 5260 2|).
2278 5191 2391 5245 Hoc
2415 5192 2559 5245 enim
2595 5200 2698 5255 est,
2725 5207 2806 5244 me
2833 5201 3098 5262 sequatur,
3149 5192 3262 5246 vias
3284 5191 3527 5246 ambulet
3549 5205 3713 5247 meas.

2140 5293 2244 5334 non
2275 5295 2400 5334 suas
2433 5299 2444 5333 :
2476 5281 2618 5336 sicut
2656 5281 2784 5334 aliti
2819 5281 3081 5349 scriptum
3132 5291 3255 5336 est:
3283 5281 3389 5347 Qui
3407 5298 3463 5336 se
3507 5282 3635 5334 dicit
3662 5281 3717 5334 in

2140 5370 2348 5426 Christo
2395 5389 2623 5436 manere,
2679 5374 2848 5438 debet,
2880 5375 3013 5427 sicut
3053 5373 3142 5427 ille
3183 5373 3492 5438 ambulauit,
3518 5383 3569 5427 et
3609 5373 3719 5442 ipse

2140 5461 2409 5516 ambulare
2431 5463 2483 5532 (Ι
2501 5462 2680 5518 Joan.
2713 5480 2772 5529 ιι,
2805 5463 2880 5534 6).
2913 5464 3090 5518 Etiam
3115 5465 3162 5518 si
3201 5463 3430 5533 porrigit
3455 5458 3718 5518 esurienti

2142 5566 2356 5620 panem,
2386 5552 2449 5605 de
2477 5553 2842 5608 misericordia
2869 5551 3047 5608 facere
3069 5553 3247 5617 debet,
3278 5568 3385 5607 non
3415 5555 3482 5608 de
3502 5551 3718 5622 jactan-

2144 5645 2243 5713 tia;
2270 5657 2375 5697 non
2393 5643 2532 5700 aliud
2549 5646 2622 5700 ibi
2639 5654 2846 5714 quicrct
2868 5661 3029 5714 quam
3055 5660 3190 5714 opus
3203 5646 3423 5713 bonum,
3441 5647 3712 5720 nesciente
