4000 6190
283 349 388 406 915

1090 349 1497 406 EXEGETICA.
1542 381 1607 388 -
1647 348 2001 406 COMMENT.
2041 353 2105 407 ΙΝ
2144 353 2332 408 ,11)ΑΝ.
2375 383 2443 392 --
2477 352 2604 406 LIB.
2651 351 2711 404 ν.

3431 349 3529 405 9η

283 463 504 520 sinistra
529 463 657 532 quid
685 461 848 516 faciat
870 463 1086 517 dextera
1118 461 1332 531 (Matth.
1366 476 1440 528 νι,
1472 463 1548 534 5).
1581 462 1633 515 id
1660 472 1772 524 est,
1794 470 1854 515 ut
1881 464 1928 522 A
1956 464 2286 520 infirmitatis
2347 467 2666 521 necessitate
2715 465 3031 527 turbantur,
3083 480 3148 518 nc
3199 463 3532 534 desperando

283 555 552 610 alienetur
585 551 809 607 intentio
834 551 1141 620 cupiditatis
1169 551 1236 606 ab
1262 567 1428 620 opere
1453 552 1754 606 charitatis.
1781 553 1862 605 llli

282 644 484 701 dicitur
504 659 517 695 :
541 637 676 696 Cum
702 642 877 694 unica:
905 641 1132 695 minimis
1154 641 1280 695 meis
1302 641 1500 710 fecisti,
1544 642 1669 695 mihi
1696 643 1868 712 fecisti

282 731 500 806 (Matth.
515 747 642 798 xxv,
656 730 767 800 40).
786 729 892 786 Nec
913 745 976 786 ea
1001 739 1206 786 tantum
1229 747 1347 801 qua:
1361 733 1426 786 ad
1441 731 1862 788 misericordiam

282 821 556 892 pertinent
581 819 937 889 corporalem,
959 819 1055 874 sed
1079 820 1259 874 omnia
1281 834 1444 890 Opera
1467 828 1687 890 propter
1711 820 1865 876 Chri—

282 925 427 972 stum
459 915 684 980 faciens,
715 914 866 988 (tunc
884 924 1043 971 emat
1067 918 1228 984 bona,
1281 919 1535 988 quoniam
1564 919 1686 972 linis
1732 916 1865 987 legis

283 1005 532 1062 Christus
545 1007 612 1062 ad
626 1006 890 1077 justitiam
903 1007 1050 1062 omni
1076 1009 1316 1064 credenti
1333 1007 1511 1080 [Rom.
1529 1024 1583 1073 κ,
1597 1007 1676 1079 ιη)
1703 1005 1867 1078 584

285 1100 515 1155 credens
537 1098 698 1172 [Aug.
715 1115 819 1153 om.
832 1139 846 1164 ,
858 1097 1370 1171 credens]minister
1381 1108 1466 1153 est
1477 1099 1677 1154 Christi
1695 1113 1866 1166 usque

284 1191 356 1248 ad
367 1191 496 1247 illud
513 1205 650 1261 opus
662 1206 870 1262 magna;
883 1191 1182 1255 cbaritatis,
1208 1191 1350 1261 quod
1362 1199 1444 1245 est
1461 1190 1694 1244 animam
1711 1202 1864 1243 suam

284 1294 387 1352 pro
400 1279 660 1335 fratribus
685 1295 884 1351 ponere
905 1296 920 1346 ;
947 1280 1050 1335 hoc
1064 1280 1319 1346 estenim,
1349 1289 1402 1336 et
1426 1295 1526 1350 pro
1538 1278 1753 1334 Christo
1771 1292 1916 1349 po-,.

285 1385 418 1426 nere
442 1388 456 1424 :
481 1370 609 1440 quia
637 1370 815 1425 ethoc
833 1377 1062 1440 propter
1084 1384 1179 1425 sua
1204 1370 1445 1424 membra
1471 1368 1714 1424 dicturus
1742 1375 1824 1424 est
1849 1386 1864 1421 τ

287 1459 431 1514 Cum
447 1474 544 1528 pro
568 1459 686 1513 istis
713 1457 939 1524 fecistis,
969 1473 1066 1530 pro
1087 1474 1172 1515 me
1199 1458 1422 1514 fecistis.
1447 1459 1525 1513 De
1555 1459 1654 1513 tali
1667 1458 1865 1528 quippe

285 1563 453 1620 opere
480 1549 641 1606 etiam
663 1563 723 1604 se
750 1548 1057 1604 ministrum
1080 1548 1278 1614 facere,
1301 1557 1355 1604 et
1382 1549 1650 1620 appellem
1671 1551 1862 1621 digna-

290 1651 377 1699 tus
401 1650 502 1706 est,
524 1641 616 1696 ubi
635 1641 711 1694 ait
741 1657 755 1693 :
781 1637 929 1695 Sicut
959 1637 1130 1695 Filius
1152 1641 1377 1694 hominis
1407 1658 1520 1695 non
1541 1642 1676 1695 venit
1709 1642 1866 1694 mini-

285 1732 467 1795 strari,
493 1730 583 1784 sed
623 1729 941 1796 ministrare,
987 1739 1035 1784 et
1083 1731 1318 1785 animam
1362 1747 1515 1786 suam
1559 1748 1746 1801 ponere
1771 1748 1865 1802 pro

1963 566 2202 626 pereant,
2235 557 2546 612 consolaris.
2579 555 2716 610 Audi
2743 571 2893 625 ergo,
2925 570 2958 610 o
2995 554 3147 609 miles
3167 553 3534 624 Cbristi,quid

1964 646 2154 700 deinde
2181 646 2488 716 subiungat,
2527 661 2658 700 cum
2694 645 2955 700 dixisset:
2993 643 3150 697 Nunc
3192 646 3369 698 animo
3417 662 3534 700 mea

1964 737 2169 790 turbata
2188 746 2282 790 est.
2317 736 2383 788 Et
2401 736 2526 807 quid
2546 735 2738 800 dicam,
2760 733 2969 804 inquit?
3002 730 3162 786 Pater
3185 732 3420 800 salriﬁca
3455 750 3535 786 me

1964 841 2028 879 ea:
2069 827 2167 879 hac
2209 827 2357 879 hora.
2408 826 2513 881 Sed
2558 835 2828 896 propterea
2879 825 2989 878 veni
3029 825 3083 876 in
3123 824 3308 876 ltoram
3353 823 3532 876 hanc:

1965 912 2142 977 Pater,
2173 914 2409 985 clariﬁca
2431 927 2578 970 tuum
2600 933 2806 971 nomen.
2845 917 3038 972 Docuit
3065 924 3114 969 te
3141 917 3271 986 quid
3298 916 3532 985 cogites,

1966 1005 2146 1060 docuit
2181 1005 2310 1074 quid
2358 1007 2528 1070 dicas,
2560 1021 2718 1075 quem
2769 1007 3006 1070 invoocs,
3060 1006 3114 1060 in
3159 1021 3266 1074 quo
3306 1021 3492 1075 speres
3518 1045 3532 1069 ,

1964 1096 2116 1166 cujus
2139 1096 2466 1151 voluntatem
2489 1105 2688 1151 certam
2708 1105 2870 1166 atque
2891 1097 3128 1151 divinam
3150 1104 3254 1150 tua:
3278 1097 3534 1152 voluntati

1965 1187 2234 1251 humanm,
2287 1185 2621 1257 infirmmque
2673 1201 2945 1256 proponas
2985 1184 3167 1258 μῆρε,
3211 1183 3534 1256 praeponas].

1965 1276 2086 1330 Non
2115 1277 2233 1331 ideo
2265 1277 2360 1330 tibi
2390 1277 2635 1331 videatur
2669 1292 2734 1330 ex
2763 1277 2869 1331 alto
2891 1275 3138 1337 deficere,
3178 1276 3301 1346 quia
3331 1283 3387 1330 te
3423 1275 3551 1328 vult-

1965 1370 2032 1423 ab
2059 1369 2166 1422 imo
2197 1370 2504 1440 prospicere
2525 1368 2707 1442 [Aug.,
2730 1368 3054 1450 proficere]?
3082 1367 3214 1422 Nam
3241 1377 3293 1423 et
3339 1367 3534 1423 tentari

1965 1459 2215 1529 dignatus
2242 1468 2326 1514 cst
2361 1475 2391 1512 a
2422 1459 2654 1524 diabolo,
2686 1475 2715 1513 a
2746 1475 2852 1528 quo
2872 1459 3079 1527 utique,
3120 1459 3162 1514 si
3207 1459 3392 1520 nollet,
3427 1473 3532 1510 non

1967 1558 2304 1605 tentaretur:
2334 1558 2389 1605 et
2415 1565 2476 1605 ca
2504 1550 2778 1620 respondit
2799 1549 3034 1614 diabolo,
3065 1564 3184 1619 quae
3225 1558 3280 1603 tu
3331 1549 3384 1602 in
3421 1557 3534 1602 ten-

1966 1640 2260 1694 tationibus
2279 1638 2476 1694 debeas
2506 1640 2849 1709 respondere.
2893 1641 2959 1694 Et
2988 1639 3077 1694 ille
3101 1641 3316 1710 quidem
3357 1647 3534 1692 tenta--

1969 1738 2054 1784 tus
2080 1736 2185 1794 est,
2214 1729 2312 1784 sed
2337 1745 2444 1784 non
2475 1730 2808 1800 periclitatus
2840 1749 2852 1783 :
2878 1739 2937 1785 ut
2962 1731 3181 1785 doceret
3208 1738 3261 1785 te
3287 1729 3340 1784 in
3369 1737 3540 1783 tenta-

288 1821 471 1877 multis
502 1820 714 1892 (Matth.
765 1836 858 1888 xx,
894 1820 1008 1892 28).
1055 1820 1192 1877 Hinc
1228 1837 1356 1892 ergo
1385 1832 1471 1877 est
1497 1823 1865 1892 unusquisque
1895 1813 1940 1871 Β
1973 1821 2114 1874 tione
2148 1819 2562 1890 periclitantem,
2595 1822 2847 1876 tentatori
2881 1822 3316 1890 respondentem,
3342 1828 3394 1873 et
3423 1828 3542 1890 post

289 1914 539 1968 minister
563 1911 788 1978 Christi,
815 1911 958 1968 unde
983 1921 1066 1967 est
1100 1920 1153 1966 et
1190 1913 1436 1968 minister
1462 1912 1729 1970 Christus.
1775 1911 1866 1968 Sic

286 2003 690 2059 ministrantem
703 2001 918 2058 Christo
943 2001 1267 2058 honorificat
1297 2003 1460 2057 Pater
1494 2003 1632 2072 ejus,
1661 2003 1866 2058 honore

289 2095 384 2150 illo
409 2110 620 2165 magno,
651 2102 716 2148 ut-
749 2093 819 2148 sit
849 2109 972 2148 cum
1001 2093 1138 2149 Filio
1185 2091 1318 2161 ejus,
1350 2109 1449 2148 nec
1474 2107 1712 2162 unquam
1735 2092 1866 2147 defi-

287 2185 400 2240 ciat
432 2182 564 2238 ﬁdes
602 2184 720 2253 ejus
745 2181 928 2254 [Aug.,
980 2182 1209 2238 felicitas
1230 2182 1389 2255 ejus].
1429 2201 1447 2234 ›
1497 2182 1867 2238 Communiter

287 2289 421 2330 vero
449 2275 514 2328 de
537 2274 787 2328 omnibus
825 2274 902 2328 ait
935 2291 948 2327 :
975 2271 1034 2328 Si
1070 2275 1186 2345 quis
1213 2274 1340 2328 mihi
1369 2273 1666 2338 ministrat;
1689 2271 1866 2328 omnis

290 2368 438 2422 enim
470 2367 773 2436 quicunque
797 2367 934 2422 bene
956 2366 1316 2436 agit,Christo
1338 2365 1629 2420 ministrat.
1662 2383 1680 2416 ‹
1710 2364 1865 2421 Unde

289 2459 662 2528 unusquisque
688 2474 784 2528 pro
813 2457 1028 2512 modulo
1050 2473 1148 2513 suo
1177 2458 1451 2512 ministret
1465 2456 1700 2520 Christo,
1729 2457 1867 2510 bene

289 2552 542 2616 vivendo,
566 2551 936 2621 eleemosynas
949 2550 1214 2614 faciendo,
1242 2564 1438 2604 nomen
1457 2549 1868 2618 doctrinamque

291 2643 628 2713 cjns,qnibus
643 2644 874 2714 potuerit
897 2643 1262 2713 praedicando.
1295 2663 1312 2695 ι
1335 2641 1435 2709 Qui
1463 2656 1592 2697 vero
1614 2645 1752 2696 bene
1782 2643 1864 2696 vi-

291 2744 482 2790 ventes
521 2735 838 2788 exhortatur
865 2742 925 2787 ut
962 2740 1314 2804 permaneant
1344 2734 1396 2786 in
1436 2733 1570 2787 bene
1613 2732 1864 2798 vivendo,

294 2824 566 2878 ministrat
585 2822 828 2888 Christo;
860 2825 950 2893 qui
995 2838 1132 2878 vero
1150 2823 1424 2877 humiliter
1454 2823 1763 2878 admonenti
1808 2838 1867 2878 se

293 2913 500 2977 obedit,
524 2915 792 2968 ministrat
818 2913 1060 2979 Christo;
1094 2923 1146 2967 et
1166 2915 1258 2984 qui
1287 2913 1515 2968 fideliter
1542 2914 1595 2967 in
1627 2915 1730 2968 hoc
1759 2927 1860 2970 sae-

293 3004 418 3059 culo
447 3006 716 3060 ministrat
739 3005 975 3071 Christo,
1008 3005 1235 3061 feliciter
1258 3005 1313 3059 in
1346 3003 1528 3060 future
1547 3004 1744 3060 saeculo
1777 3020 1866 3060 re-

296 3094 483 3165 gnabit
505 3109 626 3150 cum
649 3094 885 3150 Christo.

1965 1913 2315 1967 teutationem
2336 1927 2442 1966 non
2469 1913 2546 1966 ire
2569 1910 2698 1984 [Ms.
2724 1922 2771 1967 et
2801 1911 2959 1983 Aug.,
2988 1914 3313 1982 respondere
3339 1919 3393 1968 et
3419 1921 3546 1981 post

1964 2010 2287 2057 tentatorem
2314 2018 2425 2058 non
2456 2001 2578 2074 ire],
2629 2003 2721 2057 sed
2750 2017 2780 2057 a
2808 2002 3045 2072 periculo
3084 2003 3398 2058 tentationis
3426 2002 3544 2057 exi-

1965 2109 2044 2149 re.
2070 2093 2224 2149 Sicut
2251 2103 2433 2149 autem
2458 2094 2550 2148 hic
2581 2093 2720 2147 dixit
2757 2111 2770 2147 :
2795 2092 2952 2148 Nunc
2982 2094 3159 2148 animo
3186 2110 3301 2149 mea
3330 2094 3539 2147 turbata

1963 2191 2056 2244 est,
2090 2183 2163 2236 ita
2189 2183 2353 2236 etiam
2376 2181 2448 2237 ibi
2476 2181 2608 2236 dicit
2635 2199 2649 2236 :
2681 2181 2865 2237 Tristis
2895 2193 2970 2237 est
2993 2183 3172 2236 anima
3216 2199 3332 2237 mea
3374 2199 3541 2254 usque

1964 2271 2034 2325 ad
2062 2280 2297 2326 mortem.
2326 2271 2393 2326 Et
2421 2289 2436 2326 :
2480 2270 2659 2336 Pater,
2701 2271 2749 2326 si
2777 2273 2894 2343 fieri
2922 2281 3106 2344 potest,
3139 2281 3369 2327 transeat
3403 2290 3434 2326 a
3462 2290 3543 2326 me

1964 2363 2105 2417 calix
2129 2364 2246 2417 iste.
2291 2362 2536 2418 Hominis
2567 2363 2804 2434 suscepit
2831 2363 3220 2429 infirmitatem,
3252 2371 3314 2418 ut
3354 2357 3541 2419 doceat

1964 2452 2044 2508 sic
2065 2453 2443 2507 contristatum
2470 2461 2525 2508 et
2564 2455 2962 2518 conturbatum,
2988 2456 3132 2524 quod
3163 2455 3430 2524 sequitur
3454 2453 3538 2508 di-

1964 2557 2108 2598 cere.
2150 2541 2540 2608 Verumtamen,
2567 2559 2670 2596 non
2707 2544 2846 2612 quod
2894 2560 2987 2614 ego
3023 2543 3159 2609 volo,
3193 2544 3284 2598 sed
3303 2545 3442 2615 quod
3483 2552 3540 2596 tu

1963 2633 2061 2698 eis,
2094 2631 2256 2685 Pater
2282 2631 2494 2703 (Matth.
2527 2647 2676 2697 x-xvl,
2707 2634 2797 2698 58,
2828 2633 2941 2702 39).
2975 2633 3066 2688 Sic
3092 2634 3235 2688 enim
3273 2635 3435 2688 homo
3469 2634 3540 2687 ab

1965 2723 2216 2778 humanis
2245 2723 2298 2776 in
2329 2723 2509 2778 divina
2537 2723 2817 2794 dirigitur,
2851 2739 2972 2778 cum
3000 2724 3261 2778 voluntati
3291 2725 3542 2779 humanm

1964 2817 2216 2872 voluntas
2245 2816 2423 2872 divina
2453 2817 2802 2887 prazponitur.
2853 2815 2991 2884 Quid
3021 2824 3106 2871 est
3131 2826 3335 2882 autem,
3383 2815 3544 2870 clari.-

1963 2907 2065 2976 ﬁca
2103 2915 2249 2960 tuum
2274 2923 2479 2971 nomen,
2507 2907 2610 2962 nisi
2630 2907 2684 2961 in
2715 2923 2812 2962 sua
2839 2908 3088 2976 passione
3116 2915 3170 2963 et
3193 2909 3540 2964 resurrectio-

1965 2999 2069 3053 ne?
2102 2998 2241 3064 Quid
2263 3005 2345 3052 est
2369 3013 2498 3068 ergo
2543 2997 2708 3063 aliud,
2742 2999 2845 3053 nisi
2875 3007 2934 3054 ut
2961 2998 3121 3054 Pater
3155 2998 3417 3054 clarificet
3443 2998 3540 3052 Fi—

1967 3087 2120 3153 lium,
2151 3088 2238 3159 qui
2267 3087 2532 3144 clarificat
2559 3102 2754 3144 nomen
2780 3104 2953 3155 suum,
2979 3089 3141 3144 etiam
3171 3089 3224 3143 in
3269 3088 3538 3143 similibus

369 3204 500 3259 Cum
532 3203 788 3259 Dominus
809 3202 964 3259 Iesus
990 3205 1325 3275 prmdixisset
1345 3204 1398 3258 in
1427 3219 1594 3276 grano
1611 3204 1868 3258 frumenti
1899 3167 1945 3232 Ο
2181 3180 2520 3276 Ρθδδίοηίδξιε
2565 3196 2843 3276 δίῗτνίξηυη
2887 3198 3106 3276 ειιρνιιῐη
3121 3183 3154 3276 ῗί
3179 3181 3376 3276 ivzl‘s'

299 3293 452 3366 [.lls.,
492 3295 716 3366 sinapis]
760 3295 1066 3364 passionem
1097 3311 1248 3350 suam
1280 3337 1294 3359 ,
1331 3304 1383 3350 et
1405 3311 1531 3351 suos
1565 3296 1873 3352 hortaretur

299 3384 576 3438 ministros
607 3392 667 3438 ut
710 3393 1064 3454 sequerentur
1091 3400 1234 3451 eum,
1263 3385 1329 3439 ad
1372 3394 1612 3439 nostram
1656 3401 1870 3441 rursum

298 3475 664 3530 infirmitatem
686 3489 841 3529 suum
862 3475 1180 3545 temperavit
1204 3473 1477 3540 affectum,
1504 3483 1558 3530 et
1591 3475 1708 3530 ait':

885 3623 1113 3682 CAPUT
1151 3625 1344 3682 XXXI;

296 3760 544 3815 Animam
578 3779 726 3818 suam
748 3763 1007 3817 turbatam
1035 3780 1143 3818 esse
1172 3762 1386 3827 dicenti,
1413 3773 1458 3817 et
1488 3763 1782 3885 clariﬁcari
1799 3774 1870 3819 'se

371 3849 404 3884 a
431 3831 586 3885 Patre
615 3834 842 3885 poscenti
867 3848 967 3885 vos:
987 3833 1051 3885 de
1078 3833 1203 3885 cmlo
1230 3834 1304 3885 ait
1327 3849 1344 3885 :
1375 3833 1440 3885 Et
1471 3833 1601 3885 clari
1627 3833 1784 3885 lcavi.
1817 3841 1870 3885 et

371 3849 404 3902 a
431 3831 586 3886 Patre
613 3834 842 3902 poscenti
867 3833 1051 3902 vox_de
1078 3833 1203 3888 ctelo
1230 3834 1344 3886 ait:
1375 3833 1440 3886 Et
1471 3831 1784 3896 clarificavi,
1817 3841 1872 3886 et

371 3901 564 3955 iterum
593 3900 919 3956 clarificabo.
953 3900 1078 3955 Post
1099 3903 1210 3955 lucc
1231 3901 1397 3954 multa
1418 3902 1765 3969 prosequitur,
1789 3902 1872 3956 in-

373 3980 454 4024 ter
479 3988 594 4041 qua:
619 3987 673 4024 se
703 3987 806 4041 non
837 3970 906 4022 ad
923 3969 1299 4038 judicandum,
1332 3969 1424 4022 sed
1453 3970 1522 4022 ad
1559 3969 1870 4024 saluandam

369 4039 622 4093 mundum
649 4039 842 4092 venisse
871 4046 1124 4091 testatur..

371 4179 534 4231 νεεδ.
562 4176 651 4229 27.
677 4204 748 4216 —-
778 4171 935 4227 Nunc
971 4175 1150 4228 anima
1177 4190 1293 4229 mea
1327 4175 1554 4229 turbata-
1582 4183 1676 4230 est.
1719 4174 1878 4230 Unde

298 4267 517 4323 turbata
543 4271 645 4327 est,
679 4261 902 4317 Domine
929 4259 1081 4328 Jesu,
1110 4262 1291 4318 anima
1319 4265 1446 4317 tua?
1474 4262 1726 4333 Nunquid
1763 4279 1870 4318 non

294 4356 425 4410 ideo
453 4353 684 4406 animam
723 4352 999 4421 accepisti,
1039 4360 1093 4406 et
1138 4352 1412 4408 hominem
1448 4351 1764 4421 perfectum,
1816 4361 1874 4406 nt

294 4443 566 4515 patereris
587 4442 641 4496 in
677 4442 776 4497 eo?
804 4441 969 4497 Video
999 4450 1070 4507 te,
1099 4441 1344 4508 Domine,
1374 4451 1613 4498 nostram
1643 4443 1870 4497 infirmi-

302 4544 468 4589 tatem
520 4533 660 4588 inte
712 4530 1008 4587 transferre
1051 4539 1108 4586 et
1140 4532 1195 4585 in
1236 4541 1287 4586 te
1331 4548 1563 4588 causam.
1595 4534 1867 4602 suscipere

296 4634 561 4680 nostram.
581 4623 704 4679 Ideo
726 4624 972 4678 turbatus
997 4638 1073 4684 es,
1116 4623 1246 4692 quia~
1263 4624 1510 4690 voluisti;
1542 4625 1682 4680 sicut
1708 4633 1866 4679 natus

298 4715 483 4782 fuisti,
508 4716 635 4787 quia
663 4715 910 4771 voluisti.
949 4715 1084 4770 Nam
1109 4715 1268 4786 paulo
1313 4724 1440 4772 ante
1474 4717 1538 4772 de
1582 4725 1635 4772 te
1661 4717 1863 4773 dictum

295 4817 384 4866 est
411 4851 426 4875 ,
471 4810 561 4865 ubi
608 4810 874 4864 Lazarum
896 4809 1167 4864 suscitasti
1195 4827 1209 4862 :
1243 4807 1490 4862 Turbavit
1510 4810 1859 4880 semetipsum.

296 4901 433 4958 Nam
459 4901 542 4955 his
567 4901 762 4956 verbis.
781 4901 848 4956 ab
868 4899 1182 4956 infirmitate
1212 4912 1394 4955 nostra
1425 4901 1603 4970 rapuit
1635 4916 1734 4955 nos
1788 4903 1857 4956 ad

292 4993 676 5049 infirmitatem
713 5008 887 5050 suam.
931 4993 1041 5049 \on
1070 5000 1153 5048 est
1187 4994 1330 5047 enim
1378 4991 1710 5048 fortitudinis
1754 4995 1861 5048 Do-

289 5083 449 5148 mini,
479 5084 572 5139 ubi
597 5085 712 5139 ait:
755 5082 903 5139 Venit
927 5085 1089 5149 hora,
1117 5094 1171 5138 ut
1208 5083 1526 5152 clari/icetur
1568 5081 1742 5138 Filius
1773 5084 1866 5136 ho-

290 5175 492 5235 minis:
527 5191 630 5230 vox
655 5185 739 5232 est
767 5177 912 5231 enim
961 5176 1291 5232 infirmitatis
1317 5183 1540 5240 nostrm,
1569 5174 1697 5228 dum
1739 5175 1817 5228 ait
1849 5191 1861 5227 :

293 5262 456 5318 Nunc
483 5267 660 5319 anima
684 5283 800 5320 mea
821 5267 1030 5321 turbata
1049 5277 1154 5322 est.
1174 5285 1194 5320 ι
1225 5281 1249 5307 ι
1273 5266 1323 5321 0
1335 5267 1558 5321 Domine
1581 5266 1863 5328 mediator,

289 5359 438 5411 Deus
462 5373 622 5427 supra
649 5373 769 5421 nos,
800 5357 963 5411 homo
985 5367 1204 5427 propter
1227 5375 1345 5423 nos,
1377 5373 1610 5428 agnosco
1655 5355 1868 5410 miseri-

286 5446 534 5501 eordiam
559 5455 723 5500 tuam.
764 5445 898 5501 Nam
925 5446 1066 5514 quod
1088 5454 1142 5500 tu
1181 5456 1384 5514 tantus,
1432 5458 1536 5504 tum
1583 5447 1864 5504 charitatis

293 5535 576 5592 voluntate
606 5538 862 5601 turbaris,
894 5535 1092 5590 multos
1132 5535 1184 5590 in
1231 5551 1454 5606 corpore
1497 5548 1606 5603 tuo,
1639 5538 1728 5608 qui
1757 5552 1866 5594 sua:

368 5723 391 5750 ι
423 5711 496 5764 lix
615 5712 958 5782 Altg.,tt'act.
993 5724 1089 5772 ιιι,
1131 5723 1278 5764 num.
1309 5710 1395 5763 2-l
1417 5709 1475 5765 ι..

1898 4495 1948 4557 D

1979 3269 2132 3325 Venit
2153 3287 2274 3342 ergo
2310 3288 2410 3325 vos:
2433 3272 2498 3326 de
2525 3271 2652 3327 coelo
2676 3273 2852 3327 dicens
2880 3289 2897 3327 :
2931 3273 2997 3327 Et
3027 3272 3331 3342 clari/icavi,
3361 3281 3409 3326 et
3440 3273 3539 3326 ite-

1972 3379 2087 3417 rum
2124 3362 2443 3433 clariﬁcabo.
2501 3364 2569 3418 Et
2618 3366 2920 3435 clari/icari,
2975 3374 3262 3435 antequam
3307 3364 3538 3419 facerem

1970 3455 2226 3510 mundum
2252 3471 2266 3520 ;
2295 3465 2342 3509 et
2362 3456 2552 3510 iterum
2574 3454 2896 3526 clariﬁcabo,
2934 3464 3240 3526 surgentem
3263 3471 3291 3509 a
3316 3455 3544 3509 mortuis

1969 3551 2026 3599 et
2050 3545 2427 3600 ascendentem
2450 3545 2503 3599 in
2532 3545 2748 3600 cmlum.
2778 3545 2847 3598 Et
2868 3544 3026 3598 aliter
3053 3545 3275 3614 intelligi
3319 3552 3497 3614 potest
3525 3562 3538 3596 :

1973 3636 2055 3689 Et
2082 3635 2388 3706 clariﬁcavi,
2436 3651 2558 3690 cum
2590 3636 2656 3688 de
2695 3635 2902 3702 virgine
2945 3641 3103 3687 natus
3143 3641 3246 3699 est,
3297 3648 3419 3687 cum
3476 3633 3542 3688 de

1972 3733 2108 3789 coelo
2144 3732 2322 3786 indice
2358 3730 2506 3785 stella
2532 3744 2562 3782 a
2588 3728 2760 3799 magis
2785 3727 3040 3782 adoratus
3069 3736 3172 3794 est,
3197 3742 3318 3782 cum
3348 3743 3377 3782 a
3413 3743 3538 3783 san-

1973 3825 2083 3878 ctis-
2119 3829 2308 3876 sancto
2334 3819 2736 3890 Spiritu-plenis
2781 3821 3123 3890 agnituscst,
3153 3837 3275 3876 cum
3321 3821 3543 3878 descen-

1973 3914 2133 3966 dente
2157 3910 2363 3981 Spiritu
2410 3909 2465 3963 in
2514 3911 2692 3979 specie
2735 3909 2992 3965 columbae
3039 3911 3361 3975 declaratus,
3419 3926 3539 3966 cum

1974 4017 2104 4058 voce
2150 4001 2216 4056 de
2243 3999 2382 4056 etelo
2421 4009 2650 4055 sonante
2695 4007 3044 4066 monstratus,
3093 4014 3216 4054 cum
3265 3999 3316 4053 in
3361 4009 3543 4054 monte

1973 4091 2411 4162 transfiguratus,
2433 4107 2555 4146 cum
2598 4089 2854 4146 miracula
2884 4089 3046 4144 multa
3085 4087 3232 4154 fecit,
3258 4103 3381 4143 cum
3408 4089 3544 4143 mul-

1975 4192 2057 4238 tos
2085 4182 2296 4238 sanavit
2325 4181 2810 4252 atque-mandavit,
2840 4194 2964 4236 cum
2989 4180 3056 4236 de
3085 4179 3421 4250 paucissimis
3441 4193 3541 4248 ρεισ-

1973 4275 2130 4328 nibus
2165 4281 2368 4328 tantam
2396 4272 2793 4327 multitudinem
2818 4271 2988 4342 pavit,
3016 4285 3139 4324 cum
3168 4269 3342 4324 ventis
3366 4277 3422 4322 et
3447 4267 3544 4322 flu—

1972 4367 2148 4421 etibus
2169 4367 2472 4437 imperavit,
2513 4381 2634 4420 cum
2658 4373 2898 4420 mortuos
2925 4364 3222 4419 suscitavit.
3260 4363 3329 4416 Et
3357 4363 3544 4417 iterum

1973 4454 2296 4523 clariﬁcabo,
2319 4470 2440 4509 cum
2471 4461 2717 4524 resurget
2733 4468 2764 4506 a
2785 4453 3027 4516 mortuis,
3062 4467 3184 4506 cum
3222 4467 3370 4507 mors
3387 4453 3438 4507 ei
3458 4451 3540 4505 ιιι-

1972 4555 2055 4600 tra
2085 4561 2190 4601 non
2242 4545 2632 4609 dominabitur,
2667 4559 2788 4599 cum
2816 4543 3142 4598 cxalt-abitur
3179 4558 3340 4614 super
3378 4543 3545 4599 cmlos

1968 4636 2130 4700 Deus,
2163 4642 2219 4690 et
2239 4650 2402 4704 super
2421 4649 2636 4688 omnem
2668 4641 2867 4688 terram
2888 4633 3055 4702 gloria
3079 4631 3212 4702 ejus.
3239 4633 3424 4701 (Vens.
3449 4633 3538 4695 29,

1967 4724 2083 4798 50.)
2109 4725 2282 4779 Turba
2309 4740 2428 4794 ergo
2448 4740 2566 4795 qua
2588 4723 2760 4778 stabat
2786 4733 2837 4777 et
2869 4723 3146 4786 audiebat,
3175 4722 3377 4776 dicebat
3405 4724 3543 4777 toni-

1967 4828 2142 4872 truum
2172 4833 2280 4872 esse
2305 4816 2503 4887 factum
2532 4833 2550 4869 :
2580 4813 2673 4868 alii
2711 4813 2974 4878 dicebant,
3003 4812 3220 4884 angelus
3246 4817 3293 4868 ei
3337 4813 3542 4867 locutus

1965 4919 2061 4965 est.
2106 4907 2389 4980 Respondit
2416 4905 2573 4961 Iesus
2616 4914 2664 4959 et
2703 4905 2835 4958 dixit
2868 4903 3045 4959 :-Non
3089 4915 3298 4976 propter
3325 4923 3407 4960 me
3442 4921 3541 4960 vos:

1971 5002 2081 5055 lure
2113 5002 2274 5068 venit,
2297 5001 2387 5055 sed
2409 5007 2618 5070 propter
2644 5015 2753 5053 vos.
2780 4998 2885 5053 ilic
2898 4999 3134 5053 ostendit
3159 4999 3251 5054 illa
3271 5013 3418 5056 tvooe
3438 5014 3542 5055 non

1969 5091 2071 5146 sibi
2107 5091 2400 5146 indicatum
2431 5089 2574 5159 quod
2595 5089 2709 5158 jam
2745 5089 2975 5149 sciebat,
3005 5089 3098 5144 sed
3129 5089 3210 5144 eis
3239 5089 3432 5158 quibus
3463 5090 3544 5144 in-

1968 5179 2136 5233 dicari
2178 5179 2477 5246 oportebat.
2512 5176 2664 5232 Sicut
2694 5185 2873 5235 autem
2908 5178 2997 5231 illa
3027 5195 3129 5233 vox
3174 5195 3280 5234 non
3319 5187 3542 5248 propter

1965 5285 2109 5333 eum,
2136 5269 2232 5324 sed
2273 5277 2496 5338 propter
2540 5269 2659 5324 illos
2707 5285 2739 5322 a
2788 5269 3069 5324 divinitate
3119 5268 3258 5326 facta
3305 5278 3426 5325 est:
3464 5272 3542 5326 sic

1969 5361 2149 5416 anima
2173 5357 2291 5427 ejus
2337 5373 2443 5412 non
2468 5367 2840 5429 propter-cum
2862 5400 2876 5423 ,
2908 5360 3000 5414 sed
3023 5369 3244 5430 propter
3290 5360 3424 5418 alios
3449 5376 3543 5419 vo-

1967 5453 2173 5507 luntate
2196 5449 2406 5504 turbata
2429 5457 2530 5503 est.
2568 5468 2585 5501 ι

2038 5544 2198 5599 Vens.
2229 5543 2315 5598 3i.
2354 5573 2422 5581 --
2457 5539 2610 5596 Nunc
2626 5541 2888 5612 judicium
2915 5551 2988 5597 est
3016 5545 3216 5600 mundi.
3251 5542 3369 5602 Non
3395 5539 3550 5603 enim.
