3992 6184
433 332 544 396 915
1303 321 1363 373 Β.
1405 319 1466 373 F.
1507 316 1730 372 ALBINI
1771 312 1900 367 SEU
1941 306 2217 362 ALCUINI
2252 306 2534 362 OPERUM
2574 303 2750 358 PARS
2787 297 2853 356 lla.
3585 292 3698 354 9ιὸ

440 452 506 507 de
533 448 712 504 futuro
733 442 936 514 judicio
956 443 1060 495 hoc
1092 438 1294 492 dictum
1335 449 1454 490 esse
1481 440 1732 503 putemus
1766 425 1911 497 quod
1961 424 2015 476 in
2048 423 2091 480 Α
2119 430 2220 477 est.
2257 420 2386 475 Haec
2417 421 2583 475 scriba
2612 419 2772 482 vobis,
2802 426 2856 470 ut
2890 433 2992 470 non
3019 407 3270 485 peccetis;
3302 415 3375 470 ita
3401 414 3491 483 qui
3518 413 3709 471 nilne-

443 503 549 594 line
575 503 760 591 mundi
789 529 1029 584 futurum
1050 533 1153 589 est,
1179 524 1272 579 ubi
1301 522 1426 578 boni
1458 530 1512 576 et
1543 519 1670 573 mali
1693 514 2022 586 sepambun-
2123 521 2405 576 necantur,
2433 510 2575 581 quod
2597 509 2862 578 sequitur,
2886 506 3111 563 audiunt
3140 521 3154 557 :
3185 503 3252 558 Et
3279 504 3323 558 si
3344 505 3708 572 peccaveritis,

576 589 786 680 interna
811 620 1094 680 divisione,
1124 616 1218 670 sed
1263 614 1329 669 de
1349 611 1556 682 judicio
1597 609 1739 679 quod
1785 603 2026 676 quotidie
2125 604 2436 658 advocatum
2477 599 2724 655 habemus
2760 596 2899 668 apud
2954 593 3169 650 Patrem
3210 594 3391 647 Iesum
3439 589 3714 646 Christum

530 725 717 773 saneta
745 712 840 769 Dei
875 709 1117 766 Ecclesia
1146 705 1282 762 solet
1317 719 1457 760 esse.
1491 720 1511 754 ι
1548 698 1867 756 Possidebat
1898 707 2027 762 ergo
2117 696 2345 766 justum,
2386 693 2494 762 ipse
2522 700 2596 744 est
2631 687 2931 760 propitiatio
2959 694 3290 757 peccatorum
3329 693 3626 737 nostrorum
3657 682 3708 750 (ι

448 806 694 863 diabolus
735 818 904 874 genus
942 803 1262 860 humanum,
1297 803 1352 850 et
1393 808 1517 849 reos
1543 789 1924 861 suppliciorum
1952 792 2030 838 te-

450 897 615 954 nebat
669 891 1030 963 chirographo
1089 895 1469 960 peccatorum;
1532 880 1912 938 dominabatur
1976 876 2029 928 in

453 986 708 1046 cordibus
732 983 1050 1046 inﬁdelium,
1082 981 1151 1034 ad
1177 987 1484 1034 creaturam
1513 972 1794 1030 colendam
1817 969 2032 1024 deserto

453 1086 724 1141 creatore,
748 1073 1002 1143 deceptos
1021 1069 1371 1139 captivosque
1392 1064 1641 1122 trahebat
1671 1079 1684 1113 :
1709 1072 1807 1128 per
1828 1053 2033 1112 Christi

457 1179 636 1225 autem
667 1167 826 1223 ﬁdem
849 1180 968 1236 quae
990 1171 1166 1218 morte
1194 1162 1312 1232 ejus
1323 1169 1379 1214 et
1408 1155 1803 1213 resurrectione
1821 1151 2034 1206 ﬁrmata

457 1271 561 1327 est,
594 1274 694 1330 per
718 1260 836 1330 ejus
876 1257 1194 1328 sanguinem
1239 1254 1328 1323 qui
1376 1252 1432 1305 in
1480 1247 1853 1305 remissionem
1884 1243 2038 1298 fusus

459 1360 541 1407 est
557 1355 922 1420 pedeatorum,
961 1345 1126 1400 millia
1155 1342 1489 1398 credentium
1537 1356 1568 1394 a
1603 1337 1879 1394 dominatu
1924 1333 2039 1388 dia-

461 1441 567 1497 boli
612 1440 933 1504 liberantur,
975 1434 1174 1493 Christi
1223 1432 1438 1503 corpori
1463 1429 1800 1500 copulantur,
1845 1432 1901 1479 et
1938 1423 2039 1478 sub

463 1537 614 1584 tanto
638 1529 812 1605 capite
843 1541 948 1582 uno
987 1523 1102 1593 ejus
1143 1523 1334 1596 spiritu
1366 1519 1563 1576 debilia
1605 1517 1788 1590 [Aug.,
1837 1511 2039 1585 ﬁdelia]

463 1620 704 1674 membra
745 1624 1081 1686 vegetantur.
1135 1614 1247 1670 Hoc
1289 1613 1518 1668 vocabat
1558 1608 1846 1678 judicium,
1900 1607 2044 1660 hanc

2127 785 2269 841 Joan
2299 801 2360 849 ιι,
2390 783 2465 854 l).
2499 781 2639 850 Quid
2681 779 2825 834 enim
2865 791 3108 840 oramus,
3138 789 3263 828 cum
3285 773 3516 828 dicimus
3549 791 3562 824 :
3613 771 3716 826 Di-

2129 879 2274 931 mitte
2298 873 2445 928 nobis
2466 872 2637 930 debita
2659 878 2838 924 nostra
2868 866 3085 940 (Matth.
3113 879 3195 929 vt,
3229 863 3341 934 l2),
3371 862 3477 917 nisi
3506 872 3566 916 ut
3595 861 3718 915 vul—

2130 982 2260 1022 nera
2284 974 2470 1020 nostra
2505 960 2888 1019 sanentur?Et
2925 959 3055 1029 quid
3091 957 3239 1013 aliud
3283 957 3541 1029 petimus,
3586 971 3718 1010 cum

2131 1055 2396 1112 dicimus:
2431 1053 2499 1108 Et
2513 1070 2575 1108 ne
2597 1069 2688 1107 nos
2710 1050 2908 1121 inferas
2938 1049 2995 1104 in
3025 1048 3386 1110 tentationern,
3410 1046 3517 1101 nisi
3549 1054 3610 1099 ut
3631 1045 3724 1099 ille

2133 1147 2225 1221 qui
2271 1146 2574 1207 insidiatur,
2608 1143 2692 1202 vel
2740 1149 2915 1198 certat
2957 1139 3319 1203 extrinsecus,
3342 1136 3488 1192 nulla
3519 1137 3726 1190 irrum~

2134 1248 2227 1310 pat
2251 1255 2319 1294 ex
2347 1247 2534 1311 parte,
2567 1235 2711 1291 nulla
2751 1249 2852 1290 nos
2878 1231 3069 1288 fraude
3112 1229 3368 1300 decipiat,
3412 1228 3579 1284 nullis
3623 1242 3734 1282 nos

2136 1330 2413 1385 subvertat
2425 1326 2726 1382 machinis?
2749 1323 2977 1392 Quando
3007 1337 3114 1377 non
3143 1327 3292 1375 tenet
3312 1318 3491 1372 locum
3517 1317 3732 1383 cordis,

2138 1425 2230 1480 ubi
2255 1422 2390 1479 lldes
2416 1421 2643 1486 habitat,
2674 1417 2879 1488 ejectus
2901 1423 2986 1471 cst
3013 1413 3179 1469 l‘oras.
3212 1411 3344 1477 Sed,
3373 1409 3495 1464 Nisi
3526 1409 3719 1464 Domi-

2141 1531 2237 1570 nus
2265 1512 2566 1568 custodierit
2594 1510 2876 1573 civitatem,
2901 1507 2957 1560 in
2985 1521 3180 1559 canum
3208 1501 3408 1573 uigilat,
3435 1500 3527 1572 qui
3549 1509 3730 1553 custo-

2141 1602 2218 1659 dit
2257 1619 2372 1658 eam
2398 1599 2570 1675 (Psal.
2601 1615 2783 1664 cxxvx,
2834 1598 2908 1669 l).
2939 1595 3117 1652 Nolite
3147 1608 3278 1664 ergo
3306 1594 3374 1649 de
3398 1591 3557 1649 vobis
3588 1591 3730 1662 ipsis

465 1682 1073 1775 discretionem,hanca
1103 1705 1214 1760 suis
1242 1697 1744 1772 redemptisdiaboli
1775 1693 2046 1766 expulsio-
2075 1765 2117 1775 _
2143 1707 2488 1764 praesumere,
2541 1691 2586 1749 si
2627 1705 2736 1745 non
2773 1687 2939 1744 vultis
2987 1685 3136 1742 foras
3178 1685 3413 1755 ejectum
3454 1682 3733 1738 diabolum

467 1811 611 1852 nem.
644 1765 887 1865 Denique
911 1795 1148 1858 attende,
1165 1765 1474 1863 quiddicat,
1504 1786 1659 1859 quasi
1680 1795 2046 1856 quaereremus
2075 1765 2122 1824 Β
2150 1785 2290 1840 intro
2342 1784 2538 1839 iterum
2579 1795 2855 1837 revocare.
2913 1777 3070 1833 Absit
3115 1784 3296 1831 autem
3352 1782 3412 1828 ut
3453 1771 3735 1828 diabolum

469 1888 600 1959 quid
641 1894 788 1942 esset
811 1883 957 1956 quod
997 1885 1074 1938 ait
1108 1902 1121 1938 :
1164 1880 1322 1937 Nunc
1337 1880 1604 1952 judicium
1622 1886 1698 1932 est
1725 1874 1930 1939 mundi,
1963 1887 2049 1927 se-

468 1989 629 2040 cutus
673 1979 948 2050 exposuit,
996 1977 1074 2033 ait
1121 1976 1267 2030 enim
1308 1991 1322 2026 :
1380 1969 1536 2024 Nunc
1596 1969 1834 2040 princeps
1888 1963 2052 2033 hujus

469 2075 652 2132 mundi
685 2073 924 2144 ejiciatur
962 2071 1126 2142 foras.
1157 2067 1474 2123 Audivimu‘s
1508 2063 1668 2134 quale
1706 2060 1904 2117 dixerit
1932 2072 2052 2114 esse

469 2162 752 2236 judicium.
783 2162 900 2216 Non
929 2174 1060 2230 ergo
1086 2158 1218 2213 illud
1244 2157 1461 2226 quodin
1490 2154 1597 2210 ﬁne
1625 2160 1912 2208 venturum
1935 2157 2050 2216 est,

473 2253 568 2310 ubi
593 2251 701 2307 vivi
725 2259 780 2305 et
805 2249 1000 2304 mortui
1022 2245 1297 2318 judicandi
1327 2253 1472 2309 sunt,
1503 2242 1623 2297 aliis
1653 2241 1720 2294 ad
1754 2239 2051 2303 sinistram,

475 2340 599 2399 aliis
619 2343 687 2398 ad
709 2342 986 2398 dexteram
1029 2337 1293 2408 separatis
1317 2351 1332 2390 :
1365 2335 1458 2390 sed
1483 2333 1746 2405 judicium
1774 2345 1883 2401 quo
1906 2329 2055 2400 prin-

476 2448 607 2504 ceps.
625 2431 793 2501 hujus
813 2429 995 2485 mundi
1016 2427 1265 2499 ejicietur
1293 2424 1458 2479 foras.
1483 2421 1762 2490 Quomodo
1803 2434 1932 2489 ergo
1975 2419 2057 2473 in-

478 2535 568 2582 tus
594 2522 750 2580 erat?
778 2520 896 2587 Quo
935 2534 1058 2574 eum
1099 2516 1240 2572 dixit
1281 2514 1602 2586 ejiciendum
1651 2509 1840 2566 foras?
1873 2507 2056 2574 Nunc,

480 2613 692 2685 inquit,
743 2613 983 2683 princeps
1025 2607 1184 2679 hujus
1235 2603 1417 2660 mundi
1449 2602 1688 2672 ejiciatur
1731 2599 1916 2670 foras;
1953 2598 2059 2652 hoc

479 2702 884 2775 intelligendum
908 2708 994 2756 est
1033 2697 1178 2768 quod
1206 2709 1348 2751 nunc
1395 2692 1486 2758 lit,
1524 2706 1630 2746 non
1663 2687 1807 2760 quod
1851 2695 2058 2741 tantum

481 2782 667 2874 [Λύρη
709 2792 882 2866 tanto)
927 2799 1050 2862 post
1097 2789 1340 2844 futurum
1380 2794 1464 2842 est
1510 2785 1563 2838 in
1616 2779 1908 2837 novissimo
1949 2777 2056 2832 die.

482 2865 820 2950 i’révidebat
863 2865 1046 2956 [Aug.,
1085 2874 1434 2951 pradicebat]
1481 2887 1612 2945 ergo
1631 2869 1890 2926 Dominus
1915 2865 2060 2936 quod

485 2981 715 3045 sciebat,
745 2986 868 3048 post
899 2975 1203 3046 passionem
1226 2979 1282 3026 et
1301 2967 1744 3041 gloriﬁcationem
1771 2976 1925 3017 suam
1965 2973 2062 3029 per

488 3073 800 3130 universum
838 3065 1096 3122 mundum
1134 3061 1332 3121 multos
1379 3057 1604 3132 p0pulos
1641 3053 1962 3116 credituros,
2008 3049 2062 3102 in

2088 3109 2136 3170 ο

2148 1874 2331 1932 mundi
2357 1873 2657 1945 principem
2702 1871 2779 1927 ita
2825 1868 3034 1924 dictum
3076 1865 3481 1929 existimemus,
3513 1872 3574 1917 ut
3605 1876 3734 1918 wm

2148 1965 2286 2023 cmlo
2309 1974 2364 2020 et
2389 1972 2546 2020 terrae
2572 1960 2839 2018 dominari
2859 1971 3018 2030 posse
3038 1955 3344 2013 credamus.
3371 1953 3482 2009 Sed
3498 1953 3734 2008 mundus

2149 2057 2450 2130 appellatur
2501 2057 2556 2111 in
2602 2053 2760 2112 malis
2785 2052 3116 2117 hominibus,
3157 2049 3252 2120 qui
3296 2057 3411 2104 toto
3458 2056 3732 2104 terrarum

2152 2149 2280 2202 orbe
2308 2144 2486 2202 dill‘usi
2514 2152 2680 2200 sunt:
2719 2144 2861 2200 sicut
2904 2141 3204 2214 appellatur
3239 2141 3434 2195 domus
3461 2140 3520 2194 in
3567 2139 3656 2195 his
3699 2153 3734 2195 ι

2153 2237 2349 2308 quibus
2387 2236 2699 2301 habitatur,
2751 2233 3048 2290 secundum
3085 2231 3227 2303 quod
3269 2231 3505 2289 dicimus
3538 2248 3552 2282 :
3591 2229 3739 2285 Bona

2155 2330 2346 2386 domus
2357 2337 2460 2393 est,
2478 2327 2562 2383 vel
2575 2327 2717 2383 mala
2739 2327 2933 2382 domus
2947 2335 3032 2382 est
3047 2341 3063 2392 ;
3089 2340 3198 2380 non
3211 2324 3430 2394 quando
3449 2324 3741 2395 reprehen-

2155 2422 2355 2487 dimus,
2397 2420 2510 2476 sive
2533 2418 2820 2475 laudamus
2856 2417 3143 2473 aedilicium
3164 2416 3434 2487 parietum
3456 2424 3619 2486 atque
3663 2423 3742 2470 te-

2155 2521 2400 2579 ctorum;
2434 2512 2530 2568 sed
2557 2511 2772 2582 quando
2808 2524 2990 2566 mores
3032 2507 3119 2565 vel
3159 2509 3428 2564 bonorum
3460 2506 3740 2562 hominum

2156 2605 2241 2661 vel
2270 2604 2557 2661 malorum.
2608 2603 2700 2661 Sic
2739 2617 2870 2675 ergo
2912 2602 3118 2658 dictum
3159 2608 3264 2665 est,
3304 2601 3548 2670 princeps
3582 2597 3741 2666 hujus

2158 2697 2361 2762 mundi,
2392 2696 2448 2752 id
2479 2704 2584 2762 est,
2621 2695 2876 2766 princeps
2916 2691 3182 2747 malorum
3226 2691 3510 2746 hominum
3553 2688 3736 2762 [Aug.,

2159 2789 2422 2844 malorum
2449 2783 2738 2857 omnium],
2767 2784 2860 2855 qui
2888 2782 3138 2838 habitant
3164 2783 3219 2836 in
3243 2779 3467 2836 mundo.
3493 2779 3742 2850 Appella-

2165 2890 2250 2935 tur
2276 2879 2441 2934 etiam
2468 2877 2702 2933 mundus
2726 2877 2782 2932 in
2809 2875 2987 2942 bonis,
3014 2875 3106 2946 qui
3135 2873 3378 2930 similiter
3428 2882 3543 2930 toto
3571 2881 3744 2927 terra-

2164 2984 2284 3024 rum
2318 2967 2450 3024 orbe
2497 2965 2676 3022 dill‘usi
2723 2974 2888 3021 sunt:
2914 2964 3039 3019 inde
3064 2965 3192 3020 dicit
3219 2962 3547 3034 Apostolus:
3598 2962 3744 3016 Deus

2165 3068 2275 3114 erat
2305 3060 2360 3112 in
2407 3055 2630 3122 Christo,
2661 3055 2916 3110 mundum
2970 3053 3313 3108 reconcilians
3351 3053 3452 3107 sibi
3497 3050 3588 3124 (ΙΙ
3614 3049 3747 3107 Cor.

489 3177 719 3235 ιιυοωιιι
747 3159 1002 3218 cordibus
1028 3154 1272 3213 diaboms
1299 3153 1443 3210 imus
1467 3156 1618 3214 01⁵³ιὶ
1649 3146 1736 3202 Olli
1760 3143 1976 3215 quando
1993 3156 2060 3196 ει
2088 3141 2136 3170 ν
2170 3167 2217 3216 v,
2248 3150 2357 3222 l9).
2390 3149 2456 3205 lii
2487 3156 2614 3205 sunt
2638 3162 2707 3205 ex
2745 3161 2978 3220 quorum
3001 3143 3256 3201 cordibus
3275 3143 3526 3214 princeps
3554 3141 3751 3199 mundi

491 3237 596 3310 nde
623 3253 972 3315 renuntiant,
1012 3249 1256 3320 ejicietur
1301 3243 1465 3300 toi-as.
1491 3241 1600 3297 Sed
1647 3239 1779 3294 dicit
1819 3235 2015 3305 aliquis
2048 3253 2061 3288 ε

492 3343 747 3414 Nunquid
789 3342 854 3397 de
891 3339 1146 3398 cordibus
1195 3334 1627 3406 patriarcharum
1668 3338 1724 3384 et
1773 3327 2066 3396 prapheta-

497 3450 639 3500 rum,
667 3439 1019 3498 veterumque
1039 3425 1311 3494 justorum
1354 3439 1461 3478 non
1495 3430 1579 3476 est
1613 3420 1819 3490 ejectus
1863 3416 2069 3489 μοι·θεῖ

2169 3244 2383 3316 cjicitur
2433 3241 2599 3297 foras.
2643 3239 2778 3296 Cum
2824 3253 2954 3310 ergo
3003 3236 3270 3292 dixisset:
3312 3232 3462 3287 Nunc
3501 3233 3757 3302 princeps

2170 3335 2328 3407 hujus
2356 3334 2538 3389 mundi
2565 3333 2803 3404 ejiciatur
2823 3330 2970 3399 foras
2996 3345 3015 3383 :

2243 3437 2404 3491 Vsus.
2434 3433 2524 3488 52.
2545 3463 2617 3474 --
2651 3432 2721 3487 Et
2772 3448 2888 3502 ego,
2917 3429 3112 3501 inquit,
3155 3428 3204 3482 si
3237 3426 3498 3481 exaltatus
3547 3425 3700 3493 {uero
3723 3441 3756 3477 α

495 3524 737 3599 Eleans]
766 3533 850 3580 θεῖ
874 3523 1052 3592 Plane:
1082 3516 1363 3586 Quomo‘lo
1401 3529 1531 3586 ergo
1550 3514 1752 3568 diam“
1779 3519 1884 3575 es"
1915 3507 2073 3563 Ναηθ
2175 3536 2337 3592 terra,
2361 3525 2534 3581 omnia
2563 3523 2770 3577 traham
2789 3530 2902 3593 post
2929 3537 3028 3574 me.
3055 3519 3186 3586 Quae
3200 3517 3396 3580 omnia,
3421 3517 3524 3570 nisi
3549 3531 3613 3570 ex
3639 3515 3757 3585 qui-

499 3618 738 3688 ejiciatur
768 3613 958 3686 foras?
996 3608 1276 3678 Quomodo
1317 3613 1588 3678 putamus,
1633 3601 1735 3658 nisi
1782 3600 1909 3675 quia
1948 3607 2066 3654 tunc

2175 3619 2278 3674 bus
2322 3615 2411 3669 ille
2435 3613 2650 3683 cjicitur
2688 3611 2872 3667 foras?
2899 3609 3015 3665 Non
3042 3617 3225 3663 autem
3252 3607 3387 3663 dixit
3404 3621 3620 3669 omnes,
3665 3604 3758 3660 sed

501 3709 647 3780 quod
698 3710 752 3762 iu
791 3705 1102 3762 hominibus
1149 3697 1489 3771 paucissimis
1535 3696 1740 3752 factum
1779 3700 1898 3760 est,
1937 3707 2066 3747 nunc

2179 3707 2386 3771 omnia;
2413 3722 2516 3759 non
2538 3704 2675 3759 enim
2718 3703 2949 3759 omnium
2970 3710 3043 3756 est
3063 3701 3194 3771 ﬁdes
3218 3699 3304 3772 (11
3336 3698 3519 3754 Thess.
3552 3715 3640 3764 tu,
3679 3696 3756 3769 3).

505 3801 564 3855 in
587 3797 779 3852 multis
794 3795 1111 3865 magnisque
1136 3791 1348 3863 populis
1381 3790 1495 3863 jam
1535 3788 1774 3844 futurum
1799 3800 1918 3843 esse
1945 3798 2066 3855 prie

2181 3797 2299 3852 Non
2322 3796 2504 3866 itaque
2537 3795 2643 3850 hoc
2684 3794 2754 3850 ad
2782 3792 3192 3848 universitatem
3227 3790 3509 3845 hominum
3558 3787 3757 3853 retulit,

507 3889 712 3947 diem“
747 3886 864 3942 es”
900 3883 1052 3940 δίθυῑ
1094 3883 1223 3940 illud
1251 3883 1396 3954 (ιιιοά
1431 3882 1634 3938 diem“)
1662 3888 1745 3936 θεῖ
1791 3898 1804 3934 τ
1851 3877 2082 3950 δΡίτίεαε
2184 3892 2277 3947 sed
2322 3888 2390 3944 ad
2425 3898 2690 3946 creaturae
2731 3885 3126 3959 integritatem,
3159 3883 3214 3939 id
3257 3891 3362 3948 est,
3413 3883 3663 3954 spiritum
3708 3890 3760 3936 et

508 3989 683 4035 autem
721 3976 949 4031 nondum
987 3984 1100 4030 erat
1125 3975 1304 4041 datus,
1330 3975 1455 4046 quia
1492 3971 1652 4027 Iesus
1695 3970 1930 4027 nondum
1971 3985 2066 4024 era,

2187 3987 2424 4043 animam
2454 3993 2511 4041 et
2533 3997 2761 4052 corpus;
2792 3989 2848 4036 et
2869 3979 2998 4034 illud
3027 3977 3172 4049 quod
3202 3975 3390 4052 [Aug.,
3419 3973 3551 4047 quo]
3576 3973 3759 4028 intelli-

508 4071 832 4146 gloriﬁcatus
876 4068 1058 4140 (Joan.
1089 4084 1198 4134 vit,
1225 4067 1336 4140 59),
1389 4075 1570 4148 potest
1616 4065 1846 4122 similem
1886 4065 2066 4120 haberi

2189 4080 2387 4152 gimus,
2414 4087 2471 4132 et
2507 4075 2638 4131 illud
2665 4073 2807 4144 quod
2844 4069 3030 4144 [Aug.,
3060 4066 3192 4140 quo]
3219 4069 3483 4131 videmus,
3538 4075 3595 4121 et
3640 4062 3759 4119 illud

510 4165 861 4238 qutesti0nem
886 4170 942 4216 et
973 4160 1203 4218 similem
1232 4159 1572 4216 solutionem.
1615 4157 1734 4213 Non
1777 4156 1923 4212 enim
1971 4155 2066 4210 sint

2189 4168 2331 4237 quod
2361 4165 2546 4238 [Aug.,
2590 4160 2722 4235 quo]
2750 4159 2994 4216 visibiles
3031 4167 3088 4213 et
3111 4155 3529 4214 contractabilcs
3562 4169 3759 4209 sumus.

514 4257 720 4328 Spiritu
768 4261 956 4310 sancto
995 4250 1178 4308 futura
1221 4250 1723 4322 praenuntiaverunt
1766 4249 2043 4320 propheta:

2191 4260 2292 4328 Qui
2317 4260 2460 4316 enim
2509 4255 2690 4312 dixit:
2741 4252 2976 4325 Capillus
3009 4254 3193 4324 capitis
3233 4252 3388 4306 uestri
3434 4267 3540 4304 non
3587 4247 3764 4320 peribit

514 4361 612 4410 aut
635 4367 744 4409 non
771 4349 936 4406 etiam
962 4346 1248 4408 Dominum
1295 4343 1555 4401 infamem
1586 4344 1642 4399 ίιι
1671 4342 1877 4413 Spiritu
1903 4347 2091 4397 8³ηοιο
2196 4350 2348 4422 (Luc.
2371 4365 2486 4415 χιι,
2517 4347 2630 4417 l8),
2676 4345 2859 4401 omnia
2900 4343 3071 4399 trahit
3099 4349 3220 4414 post
3263 4357 3340 4397 se.
3371 4339 3478 4395 Aut
3501 4341 3548 4394 si
3594 4337 3766 4393 omnia

520 4445 740 4503 δίῐηθοη
769 4455 935 4498 εεηθι
961 4447 1016 4495 el
1027 4439 1182 4494 Anna
1209 4439 1370 4494 Vidua
1389 4441 1785 4506 00800Vemnl;
1817 4433 2092 4525 θιῑξιίξὶια·
2119 4463 2173 4525 ι)
2199 4440 2299 4511 ipsi
2321 4439 2564 4494 homines
2583 4435 2917 4507 intelligendi
2939 4434 3277 4500 sunt,omnia
3299 4432 3682 4504 pmdestinata
3706 4428 3766 4485 ad

519 4541 630 4595 rias
655 4544 713 4593 et
737 4534 1034 4598 Elisabelh.
1059 4532 1152 4602 qui
1179 4531 1246 4586 de
1270 4529 1362 4586 illo
1405 4528 1644 4586 nondum
1669 4534 1820 4592 nam,
1847 4523 1939 4581 sed
1979 4523 2092 4593 iam
2123 4517 2167 4525 ’⁷
2196 4530 2423 4586 salutem
2446 4541 2733 4598 possumus
2754 4525 2964 4580 dicere:
2986 4539 3053 4579 ex
3066 4522 3264 4594 quibus
3276 4522 3545 4584 omnibus,
3563 4518 3666 4583 ait,
3689 4517 3763 4572 ni-

520 4634 782 4698 concepto
807 4631 954 4680 tanta
988 4637 1087 4694 per
1130 4620 1395 4692 Spiritum
1431 4628 1680 4675 sanctum
1707 4615 2091 4687 praedixerunt.

523 4715 629 4774 Sed
672 4714 907 4783 Spiritus
933 4710 1172 4771 nondum
1214 4717 1332 4764 erat
1360 4709 1538 4775 datus,
1570 4707 1625 4764 id
1655 4715 1759 4772 est,
1792 4705 1880 4760 illa
1929 4703 2099 4758 abun-

522 4806 911 4875 dantiagratiae
953 4802 1231 4873 spiritalis,
1261 4817 1368 4872 qua
1407 4801 1718 4871 congregati
1748 4798 1945 4869 linguis
1982 4811 2097 4851 om-

523 4902 676 4958 nium
704 4899 1073 4969 loquerentur,
1115 4912 1180 4952 ac
1207 4897 1252 4951 si
1281 4896 1335 4950 in
1361 4895 1560 4967 linguis
1586 4893 1826 4949 omnium
1855 4891 2098 4962 gentium

524 4995 708 5056 futura
743 4990 1201 5064 pratnuntiaretur
1222 4988 1463 5045 Ecclesia
1485 5030 1500 5053 ,
1531 5003 1638 5058 qua
1669 4985 1839 5055 gratia
1869 4981 2100 5054 spiritali

527 5086 713 5159 populi
755 5088 1234 5155 congregarentur,
1281 5096 1388 5151 qua
1431 5079 1587 5151 longe
1635 5078 1856 5145 lateque
1880 5081 2103 5147 peccata

528 5178 959 5241 dimitterentur,
970 5183 1025 5230 et
1043 5173 1211 5228 millia
1226 5172 1452 5227 millium
1469 5169 1578 5225 Deo
1599 5168 2100 5225 reconciliarentur.

531 5269 668 5338 Quid
692 5283 842 5341 ergo,
863 5265 941 5323 ait
962 5266 1252 5336 quispiam,
1274 5263 1400 5333 quia
1427 5260 1672 5316 diabolus
1682 5259 1749 5315 de
1770 5259 2108 5315 credentium

535 5360 786 5416 cordibus
814 5357 1024 5427 cjicitur
1051 5356 1194 5412 foras
1217 5351 1361 5422 ,jam
1405 5351 1644 5408 ﬁdelium.
1668 5350 1936 5406 neminem
1987 5353 2106 5402 ten-

535 5453 650 5507 tat?
673 5451 786 5507 lmo
814 5466 940 5507 vero
989 5458 1198 5505 tentare
1234 5463 1338 5502 non
1365 5455 1562 5503 cessat.
1594 5443 1702 5500 Sed
1727 5442 1876 5498 aliud
1902 5449 1985 5497 est
2029 5439 2108 5495 in-

536 5535 806 5596 trinsecus
845 5553 1094 5610 regnare,
1125 5537 1267 5592 aliud
1311 5545 1396 5590 est
1425 5535 1728 5590 forinsecus
1765 5544 2107 5604 oppugnare;

543 5628 685 5686 aliud
715 5637 796 5683 cst
827 5628 1134 5691 vulnerare,
1165 5625 1308 5679 aliud
1337 5624 1604 5679 occidere.
1640 5621 1746 5677 Sed
1769 5621 1815 5675 si
1840 5619 2106 5681 vulnerat,

547 5721 690 5781 adest
722 5719 808 5789 qui
828 5727 998 5774 sanat.
1023 5717 1159 5784 Quia
1185 5718 1316 5772 sicut
1339 5714 1500 5784 586
1519 5714 1880 5786 pugnantibus
1911 5712 2110 5766 dictum

2199 4621 2274 4676 hil
2287 4634 2404 4676 esse
2428 4619 2752 4690 periturum,
2774 4630 2897 4670 cum
2918 4629 3082 4686 supra
3105 4613 3170 4668 de
3183 4613 3297 4668 suis
3316 4609 3509 4666 ovibus
3528 4609 3770 4678 loquere-

2199 4720 2287 4766 tur
2305 4711 2484 4782 (Joan.
2524 4724 2579 4773 x,
2611 4705 2725 4780 ‘28).
2755 4706 2863 4760 Aut
2881 4713 3031 4761 certe
3049 4703 3230 4758 omnia
3253 4700 3532 4756 hominum
3557 4712 3770 4769 genera,

2199 4803 2314 4860 sive
2332 4801 2384 4856 in
2398 4799 2594 4870 linguis
2616 4795 2888 4863 omnibus,
2905 4795 3018 4852 sive
3043 4795 3096 4849 in
3111 4791 3359 4849 aetatibus
3377 4788 3651 4852 omnibus,
3667 4789 3773 4843 sive

2201 4895 2254 4950 in
2288 4891 2542 4965 gradibus
2588 4891 2854 4946 honorum
2901 4886 3168 4951 omnium,
3209 4885 3325 4940 sive
3359 4883 3415 4938 in
3453 4878 3772 4936 diversitatic

2199 4986 2301 5041 bus
2323 4983 2659 5055 ingeniorum
2689 4980 2961 5045 omnibus,
2983 4979 3098 5033 sive
3126 4977 3182 5031 in
3204 4975 3402 5031 artium
3429 4971 3704 5028 licitarum
3727 4976 3776 5023 et

2201 5076 2413 5130 utilium
2435 5072 2860 5144 professionibus
2879 5070 3151 5134 omnibus,
3171 5064 3496 5139 etquidquid
3513 5064 3659 5119 aliud
3680 5059 3774 5116 dici

2202 5175 2380 5240 potest
2406 5207 2422 5232 ,
2450 5164 2744 5221 secundum
2775 5160 3198 5222 innumerabiles
3219 5157 3555 5214 differentias
3580 5152 3770 5224 quibus

2207 5238 2348 5312 inter
2371 5269 2450 5320 se,
2491 5261 2690 5324 praeter
2715 5250 2829 5308 sola
2862 5259 3112 5321 peccata,
3153 5247 3399 5304 homines
3443 5245 3670 5304 distant,
3717 5238 3779 5293 ab

2207 5345 2590 5403 excelsissimis
2612 5358 2782 5415 usque
2808 5344 2876 5398 ad
2904 5343 3254 5405 humillimos,
3284 5355 3318 5394 a
3344 5353 3472 5410 rege
3505 5350 3679 5406 usque
3716 5328 3777 5386 ad

2210 5441 2514 5496 mendicum
2547 5455 2559 5491 :
2595 5436 2809 5502 Omnia,
2857 5435 3053 5507 inquit,
3107 5434 3313 5488 traham
3341 5440 3456 5501 post
3505 5446 3606 5492 me,
3637 5435 3698 5482 ut
3720 5425 3781 5481 sit

2209 5538 2370 5599 caput
2399 5542 2611 5591 eorum,
2633 5535 2689 5582 et
2713 5528 2802 5582 illa
2835 5527 3077 5581 membra
3105 5524 3240 5594 ejus.
3293 5520 3399 5577 Sed
3430 5521 3481 5590 si.
3501 5516 3780 5576 exaltant,

2211 5622 2407 5692 inquit,
2434 5620 2582 5689 fuero
2604 5638 2636 5673 a
2662 5631 2824 5684 terra,
2860 5620 2961 5674 hoc
2991 5626 3096 5681 est,
3124 5631 3248 5670 eum
3287 5612 3561 5667 exaltatus
3593 5608 3775 5662 fuero:

2213 5727 2319 5766 non
2350 5710 2494 5766 enim
2523 5709 2735 5764 dubitat.
2763 5709 3001 5764 futurum
3030 5722 3147 5762 esse
3177 5703 3319 5776 quod
3349 5703 3498 5755 venit
3547 5698 3778 5770 implere.
