4000 6190
271 307 369 365 91⁸1

1091 304 1500 364 EXEGETICA.
1540 339 1612 350 —--
1638 307 1992 366 COMMENT.
2033 309 2100 365 IN
2136 309 2326 367 JOAN.
2367 341 2436 350 —
2473 308 2599 366 LIB.
2641 311 2705 367 V.

3428 319 3530 374 918

270 421 383 474 Hoc
413 416 646 472 refertur
685 417 754 472 ad
803 416 953 482 illud,
983 432 1090 486 quo
1135 417 1384 487 superius
1424 418 1540 474 ait:
1567 417 1626 474 Si
1672 430 1846 475 autem
1879 429 1948 485 Α..
2021 421 2386 478 Praznuntiata
2430 422 2691 480 Dominus
2733 423 2984 481 Christus
3032 429 3280 496 passione
3334 447 3429 486 sua
3477 433 3530 487 in

270 519 535 566 mortuum
565 507 980 578 fueritgranum,
1002 509 1224 563 inultam
1236 509 1466 579 fructum
1488 511 1642 580 affert
1665 512 1846 581 (Joan.

268 615 374 664 xu,
401 597 517 668 24).
556 595 692 650 Nam
728 597 1107 652 exultationem
1146 613 1298 653 suam
1325 600 1453 668 quid
1494 599 1641 654 aliud
1671 602 1806 656 dixit
1830 641 1848 668 ,

269 706 433 762 quam
483 688 539 743 in
567 703 729 744 cruce
755 689 1096 757 passionem?
1120 688 1272 755 Quod
1302 699 1355 745 et
1384 692 1498 762 ipse
1522 693 1847 762 evangelista

271 797 379 840 non
408 780 606 846 tacuit;
637 779 915 850 subjunxit
953 781 1120 847 enim,
1147 789 1203 837 et
1243 781 1319 836 ait
1350 800 1363 834 :
1397 783 1580 853 (Vsus.
1613 785 1704 849 55,
1731 785 1846 855 54.)

275 871 390 926 Hoc
408 880 582 924 autem
605 870 830 936 dicebat,
853 870 1155 941 signiﬁcans
1181 888 1286 942 qua
1311 882 1475 927 morte
1519 884 1649 928 esset
1688 877 1850 928 mori-

270 972 446 1016 turus.
489 960 774 1032 Respondit
821 961 870 1016 ei
911 962 1109 1018 turba:
1143 961 1255 1017 Nos
1293 963 1591 1019 audivimus
1610 982 1674 1020 ex
1701 965 1810 1037 lege
1833 1007 1848 1025 .

266 1056 396 1129 quia
421 1052 660 1109 Christus
683 1063 854 1108 manet
876 1053 932 1107 in
951 1062 1225 1118 wternum,
1242 1063 1291 1108 et
1311 1055 1568 1126 quomodo
1591 1066 1648 1110 tu
1676 1057 1806 1111 diris
1829 1074 1848 1112 :

271 1143 490 1217 Oportet
518 1144 746 1200 ett-altari
775 1143 823 1197 F
826 1145 976 1202 ilium
999 1147 1266 1203 hominis?
1295 1149 1424 1216 Quis
1447 1160 1522 1205 est
1550 1152 1648 1206 iste
1675 1150 1847 1208 Filius

270 1236 538 1292 hominis?
562 1235 871 1292 Memoriter
892 1245 1175 1293 tenuerunt
1192 1241 1336 1310 quod
1358 1241 1617 1297 Dominus
1636 1242 1850 1299 dicebat

272 1328 491 1384 assidue
532 1327 728 1382 Filium
775 1328 1008 1384 hominis
1035 1347 1094 1386 se
1118 1347 1257 1388 esse.
1283 1332 1416 1388 Nam
1445 1336 1548 1391 hoc
1593 1336 1716 1393 loco
1740 1353 1846 1394 non

271 1419 389 1474 ait:
417 1418 463 1473 si
499 1417 768 1473 exaltatus
793 1416 956 1473 fuerit
978 1434 1010 1473 a
1051 1430 1195 1476 terra
1231 1421 1402 1478 Filius
1442 1424 1676 1481 hominis
1707 1444 1719 1480 :
1754 1427 1846 1480 sed

269 1509 413 1564 sicut
435 1509 694 1579 superius
712 1508 945 1576 dixerat,
979 1510 1193 1579 quando
1219 1513 1450 1568 nuntiati
1474 1523 1600 1570 sunt
1623 1517 1849 1586 gentiles

269 1601 370 1666 illi,
395 1601 487 1670 qui
512 1615 638 1656 eum
663 1601 841 1656 videre
861 1601 1149 1671 cupiebant
1175 1621 1187 1656 :
1228 1602 1376 1658 Venit
1403 1604 1560 1668 hora,
1605 1616 1662 1660 ut
1687 1606 1848 1678 glori-

266 1692 456 1764 ﬁcatur
484 1690 658 1746 Filius
705 1691 951 1746 hominis.
984 1691 1097 1747 Hoc
1142 1693 1324 1762 itaque
1374 1695 1464 1750 isti
1500 1695 1681 1750 animo
1718 1697 1848 1752 reti-

1950 511 2281 568 cxaltatione
2308 513 2487 568 crucis
2516 512 2681 586 (quod
2699 514 2866 570 Judmi
2889 515 3264 588 intelligentes,
3281 522 3532 588 quaestio»

1951 618 2073 658 nem
2106 613 2502 674 proposuerunt
2528 605 2798 674 quomodo
2824 607 3027 663 diceret
3053 623 3112 663 se
3153 624 3274 664 esse
3310 613 3543 667 moritu--

1951 710 2095 760 rum,
2125 710 2247 750 cum
2288 711 2355 750 ex
2406 695 2523 768 lege
2550 697 2843 766 audierint,
2870 701 3012 769 quod
3052 699 3302 757 Christus
3349 716 3546 761 manet.

1951 785 2004 838 in
2056 785 2380 859 mternum),
2437 787 2630 843 deinde
2686 789 2866 844 intulit
2909 791 3260 862 evangelista,
3289 801 3345 848 et
3393 796 3469 850 ait
3515 815 3526 848 :

1949 870 2135 947 (Vens.
2162 873 2253 938 57,
2281 875 2371 946 58)
2401 873 2533 930 Cum
2580 885 2754 932 autem
2784 887 2932 932 tanta
2957 880 3107 950 signa
3129 881 3331 950 fecisset
3353 900 3530 938 coram

1946 961 2044 1028 eis,
2077 979 2181 1017 non
2209 963 2486 1018 credebant
2517 966 2572 1018 in
2597 981 2737 1020 eum.
2771 964 2839 1020 Ut
2869 983 3038 1022 sermo
3069 968 3230 1024 Isaia:
3268 973 3530 1042 propheta:

1948 1052 2272 1122 impleretur,
2287 1069 2439 1124 quem
2459 1053 2592 1108 dixit
2621 1068 2639 1105 :
2672 1054 2912 1121 Domine,
2933 1058 3049 1127 quis
3077 1060 3294 1112 credidit
3325 1062 3530 1116 auditui

1950 1145 2168 1199 nostra?
2198 1143 2267 1198 Et
2294 1143 2566 1200 brachium
2589 1145 2804 1200 Domini
2832 1147 2917 1200 cui
2946 1146 3225 1202 revelatum
3253 1160 3328 1204 est
3375 1150 3424 1221 (I
3429 1153 3530 1205 sai.

1949 1251 2070 1299 un,
2088 1234 2175 1305 l)?
2198 1233 2344 1299 Quis,
2361 1249 2460 1304 pro
2482 1236 2702 1291 raritate
2712 1236 2913 1305 posuit,
2931 1237 3056 1306 quia
3069 1240 3210 1308 quod
3224 1240 3393 1295 sancti
3409 1256 3534 1311 pro-

1949 1326 2125 1396 pheta:
2145 1340 2176 1378 a
2194 1324 2305 1380 Deo
2330 1324 2618 1381 audierunt
2637 1333 2692 1380 et
2716 1327 2912 1397 populo
2933 1329 3386 1398 praidicaverunt,
3401 1346 3534 1401 pau-

1948 1417 2154 1472 cissimi
2177 1416 2546 1472 crediderunt.
2582 1418 2638 1472 ln
2667 1433 2732 1472 eo
2760 1420 2908 1488 quod
2951 1420 3049 1484 ait,
3090 1419 3378 1476 Brachium
3422 1422 3530 1477 Do-

1949 1508 2077 1561 mini
2124 1509 2211 1562 cui
2259 1507 2538 1562 revelatum
2583 1509 2701 1562 est?
2750 1527 2768 1559 ι
2806 1521 2830 1549 α
2868 1510 2960 1564 ubi
2985 1510 3121 1564 satis
3145 1512 3379 1568 ostendit
3407 1511 3532 1568 bra-

1949 1599 2130 1655 chium
2159 1598 2400 1666 Domini,
2426 1601 2601 1671 ipsum
2630 1601 2725 1657 Dei
2757 1602 2950 1657 Filium
2993 1612 3392 1674 nuncupatum;
3423 1619 3531 1659 non

1949 1691 2094 1762 quod
2115 1691 2255 1746 Deus
2274 1691 2436 1746 Pater
2455 1692 2627 1764 figura
2643 1693 3034 1749 determinetur
3055 1693 3236 1750 carnis
3260 1695 3528 1760 humanm,

268 1789 551 1849 nentes,et
569 1783 712 1853 quod
726 1798 868 1838 nunc
889 1783 964 1838 ait
989 1802 1001 1838 :
1032 1782 1162 1838 Cum
1185 1784 1447 1840 exaltatus
1467 1785 1667 1855 fueraa
1683 1797 1846 1854 terra,
1881 1767 1924 1826 Β
1949 1784 2106 1854 eique
2133 1782 2302 1839 Filius
2322 1792 2586 1855 tanquam
2608 1785 2909 1841 membrum
2937 1786 3181 1854 corporis
3201 1785 3532 1852 hacreat,sed

269 1883 502 1930 mortem
531 1873 711 1930 crucis
748 1873 1130 1943 intelligentes,
1157 1876 1485 1944 quaesierunt
1527 1875 1595 1931 ab
1637 1876 1751 1942 illo,
1794 1887 1851 1933 et

267 1967 556 2022 dixerunt:
604 1963 717 2020 Nos
743 1965 1041 2020 audivimus
1060 1982 1125 2021 ea:
1144 1965 1276 2037 lege,
1305 1966 1428 2037 quia
1469 1965 1709 2021 Christus
1736 1983 1850 2024 ma-

268 2069 354 2116 net
383 2060 437 2114 in
466 2069 717 2114 retensum
749 2076 763 2112 :
799 2067 847 2112 et
871 2059 1128 2130 quomodo
1171 2069 1227 2113 tu
1263 2059 1392 2115 dicis
1419 2075 1438 2114 :
1463 2059 1678 2131 Oportet
1703 2059 1850 2114 exal-

266 2153 375 2206 tari
400 2149 604 2206 Filium
626 2150 895 2206 hominis?
916 2149 974 2206 Si
999 2152 1145 2207 enim
1165 2151 1412 2208 Christus
1437 2159 1542 2219 est,
1574 2151 1847 2223 inquiunt,

274 2248 462 2295 manet
514 2240 570 2295 in
613 2249 923 2295 aeternum:
958 2239 1006 2294 si
1042 2249 1226 2296 manet
1264 2241 1318 2296 in
1361 2249 1668 2307 aeternum,
1711 2256 1846 2312 quo-

269 2329 434 2384 modo
479 2328 810 2384 exaltabitnr
860 2345 891 2384 a
939 2330 1124 2384 terra?
1167 2329 1224 2385 1d
1283 2339 1389 2396 est,
1425 2331 1694 2402 quomodo
1720 2347 1850 2386 cru-

269 2419 352 2474 eis
400 2419 652 2489 passione
697 2418 1000 2474 morietur?
1026 2418 1138 2475 Hoc
1169 2420 1314 2475 enim
1359 2435 1495 2475 eum.
1541 2420 1741 2475 dixisse
1766 2419 1848 2474 in-

269 2507 603 2579 telligebant,
649 2508 792 2578 quod
838 2506 1018 2564 facere
1052 2508 1384 2578 cogitabant.
1424 2507 1548 2563 Non
1581 2524 1712 2579 ergo
1763 2508 1852 2562 eis

1953 1876 2077 1946 quia
2112 1877 2296 1931 omnia
2348 1891 2444 1946 per
2498 1877 2674 1946 ipsum
2724 1875 2866 1933 faeta
2917 1887 3062 1943 sunt,
3105 1877 3226 1931 ideo
3249 1877 3531 1932 brachium

1950 1966 2164 2022 Domini
2211 1968 2388 2022 dictus
2436 1974 2538 2023 est.
2593 1967 2746 2024 Sicut
2772 1969 2914 2023 enim
2945 1977 3095 2022 tuum
3128 1968 3406 2025 brachium
3436 1983 3534 2038 per

1949 2060 2092 2130 quod
2125 2060 2394 2130 operaris,
2425 2061 2503 2116 sic
2551 2060 2647 2116 Dei
2687 2060 2968 2116 brachium
3027 2062 3229 2118 dictum
3283 2067 3367 2116 est
3415 2061 3539 2132 ejus

1948 2150 2358 2220 Verbum,.quia
2379 2165 2478 2220 per
2500 2151 2736 2207 Verbum
2765 2159 3024 2221 operatus
3061 2157 3148 2205 est
3191 2149 3334 2204 Deus
3376 2164 3534 2204 mun-

1948 2241 2233 2298 dum..Cur
2258 2243 2405 2296 enim
2430 2243 2591 2298 homo
2615 2243 2921 2308 brachium,
2937 2248 2998 2296 ut
3024 2239 3228 2310 aliquid
3255 2247 3530 2311 operetur,

1947 2332 2212 2398 extendit,
2235 2332 2337 2387 nisi
2365 2332 2490 2403 quia
2516 2347 2623 2387 non
2652 2332 2910 2389 continuo
2936 2331 2996 2386 lit
3033 2331 3176 2400 quod
3202 2331 3431 2388 dixerit?
3472 2331 3534 2389 Si

1948 2431 2128 2478 autem
2153 2431 2300 2477 tanta
2314 2430 2581 2493 potestate
2599 2422 2941 2493 praevaleret,
2966 2431 3024 2477 ut
3039 2422 3156 2478 sine
3167 2421 3276 2478 ullo
3289 2420 3552 2492 corporis

1950 2521 2099 2569 motu
2125 2514 2208 2569 sui
2250 2513 2394 2582 quod
2423 2513 2658 2578 diceret,
2690 2513 2877 2579 ﬁeret,
2912 2515 3197 2569 brachium
3235 2514 3354 2585 ejus
3392 2522 3551 2576 esset.

267 2599 560 2654 verborum
601 2597 829 2652 istorum
872 2597 1257 2654 obscuritatem
1295 2599 1510 2668 aperuit
1553 2597 1726 2653 infusa
1759 2613 1846 2652 sa—
1949 2604 2176 2660 verbum
2205 2601 2340 2672 ejus.
2369 2601 2478 2658 Sed
2503 2602 2764 2658 Dominus
2788 2601 2944 2656 Jesus
2984 2602 3080 2657 Dei
3126 2602 3304 2660 Patris
3341 2603 3534 2675 unige-

267 2690 496 2762 pientia,
520 2690 616 2745 sed
648 2690 924 2746 stimulata
960 2690 1314 2746 conscientia.
1341 2691 1526 2762 (Vens.
1554 2690 1670 2764 55.)
1699 2691 1846 2745 Dixit
1949 2695 2095 2750 nitus
2113 2694 2306 2760 Filius,
2324 2694 2464 2750 sicut
2489 2707 2595 2748 non
2615 2700 2701 2748 est
2715 2693 2928 2764 paterni
2948 2694 3190 2764 corporis
3205 2696 3558 2762 membrump

269 2797 394 2850 crgo
419 2781 493 2836 eis
523 2779 680 2836 Iesus
709 2797 732 2836 ε
756 2780 941 2834 Adhuc
989 2780 1248 2835 modicum
1280 2779 1454 2836 lumen
1497 2780 1551 2834 in
1581 2780 1723 2836 vobis
1747 2791 1845 2836 est.
1950 2785 2024 2843 ita
2051 2800 2159 2840 non
2180 2794 2266 2841 est
2292 2782 2578 2855 cogitabile
2596 2823 2612 2848 ,
2642 2782 2728 2839 vel
2771 2782 3010 2838 sonabile
3056 2799 3120 2838 ac
3162 2783 3532 2840 transitorium

272 2872 413 2928 llinc
441 2882 544 2939 est,
577 2873 720 2945 quod
764 2872 1060 2944 intelligitis
1086 2871 1242 2945 Ibis...
1290 2871 1671 2944 intelligetis],
1703 2873 1846 2943 quod
1948 2879 2220 2935 verbum:
2264 2877 2391 2948 quia
2427 2891 2553 2932 cum
2599 2875 2781 2930 omnia
2827 2890 2924 2945 per
2966 2874 3150 2946 ipsum.
3191 2874 3332 2932 facta
3380 2885 3552 2942 sunt,

271 2963 522 3020 Cbristus
564 2973 746 3019 manet
792 2964 848 3018 in
889 2972 1170 3020 interitum.
1217 2963 1358 3034 Ergo
1389 2963 1673 3030 ambulate,
1721 2963 1856 3018 dum
1948 2968 2092 3023 Deus
2130 2975 2251 3023 erat
2278 2966 2514 3022 Verbum
2542 2964 2726 3039 [Aug.,
2751 2966 2845 3020 Dei
2869 2966 3105 3021 Verbum
3129 2964 3290 3038 erat].
3313 2985 3330 3019 ι
3351 2965 3524 3032 Quem

271 3055 442 3113 lucem
485 3056 708 3122 habetis,
759 3065 816 3110 ut
855 3073 960 3112 non
1001 3073 1090 3112 vos
1129 3059 1354 3111 tenebra:
1389 3055 1859 3126 comprehendanta

272 3147 580 3212 Ambulate,
618 3148 878 3212 accedite,
911 3155 1081 3202 totum
1129 3146 1289 3218 587
1319 3146 1710 3217 intelligite,-et
1733 3161 1849 3202 mo-

275 3240 506 3296 riturum
533 3239 806 3296 Christum
843 3247 902 3295 et
926 3240 1195 3296 victurum
1225 3238 1279 3293 in
1312 3247 1604 3304 aeternum;
1639 3245 1692 3293 et
1721 3254 1846 3293 san-

271 3334 490 3404 guinem
517 3331 760 3388 fusurum
789 3332 1172 3403 quoredimat,
1205 3340 1263 3386 et
1283 3346 1634 3386 ascensurum
1664 3331 1717 3385 in
1760 3346 1849 3385 su-

275 3424 460 3479 blimia
487 3437 594 3494 quo
621 3423 899 3494 perducat.
951 3420 1212 3477 Tenebrm
1238 3427 1421 3474 autem
1462 3435 1560 3474 vos
1604 3434 1851 3489 compre-

274 3517 534 3583 hendent,
563 3516 610 3572 si
635 3531 698 3571 eo
726 3515 886 3571 modo
906 3511 1457 3570 credideritisChristi
1470 3511 1848 3576 aeternitatem,

274 3616 338 3662 ut
363 3607 569 3678 negetis
596 3606 649 3661 in
678 3621 744 3662 eo
771 3605 962 3660 mortis
1005 3603 1381 3660 humilitatem.
1409 3601 1479 3656 Et
1505 3601 1594 3672 qui
1617 3600 1851 3654 ambulat

274 3697 332 3751 in
363 3696 625 3762 tenebris,
667 3695 827 3750 nescit
866 3711 971 3768 quo
1003 3694 1182 3750 vadat.
1226 3691 1319 3750 Sic
1370 3700 1546 3764 potest
1577 3689 1851 3746 offendere

275 3787 332 3842 in
364 3785 591 3856 lapidem
618 3786 950 3852 ollensionis,
982 3795 1038 3841 et
1063 3793 1272 3857 petram
1299 3784 1568 3849 scandali,
1585 3782 1727 3853 quod
1753 3781 1867 3836 fuit.

279 3878 534 3934 Dominus
565 3879 725 3934 caecis
747 3877 947 3932 Judaeis
977 3875 1029 3947 (1
1068 3874 1215 3929 Petr.
1245 3891 1308 3939 ιι,
1331 3874 1418 3942 8);
1445 3874 1588 3927 sicut
1626 3871 1864 3925 creden—

277 3965 430 4021 tibus.
453 3965 586 4035 lapis
615 3980 778 4035 quem
829 3965 1253 4033 reprobaverunt
1293 3961 1645 4023 aediﬁcantes,
1673 3957 1872 4013 factus.

276 4064 362 4111 est
398 4057 452 4110 in
497 4062 662 4125 caput
704 4053 885 4122 anguli
929 4049 1101 4122 (Psal.
1151 4065 1321 4115 exvit,
1375 4048 1488 4121 22).
1536 4047 1677 4103 Hinc
1713 4046 1853 4100 indi-

276 4146 428 4218 gnati
457 4153 583 4199 sunt
609 4143 831 4198 credere
853 4139 1372 4209 ianristum,quia
1393 4153 1580 4194 eorum
1601 4136 1872 4206 impietas.

273 4230 1044 4305 contempsitmortuum,_risit
1059 4229 1299 4284 occisum
1325 4248 1338 4283 :
1356 4237 1412 4283 et
1433 4229 1546 4298 ipsa
1565 4235 1683 4283 erat
1706 4241 1878 4283 mors.

277 4325 434 4400 grani
481 4321 976 4393 multiplicandi,et
1013 4321 1285 4379 exultatio.
1310 4321 1600 4380 trahentis.
1625 4327 1748 4390 post
1791 4332 1854 4375 se

281 4416 488 4473 omnia.

355 4509 520 4564 Vens.
547 4507 637 4562 56.
661 4537 734 4548 -—
759 4505 902 4562 Dum
929 4505 1097 4560 lucem
1123 4505 1339 4570 habetis,
1363 4504 1556 4560 credite
1583 4505 1637 4558 in
1664 4502 1874 4569 lucem,_

281 4615 340 4660 ut
368 4603 466 4674 ﬁlii
495 4602 630 4658 lucis
653 4603 787 4657 sitis.
815 4599 951 4656 Cum
981 4600 1182 4670 aliquid
1212 4600 1326 4654 veri
1355 4599 1594 4653 auditum
1625 4596 1871 4662 habetis,

281 4696 486 4751 eredite
505 4694 560 4751 in
577 4694 967 4757 veritatem,,ut
993 4689 1351 4746 renascamini
1375 4689 1430 4747 in
1455 4688 1701 4742 veritate.
1725 4684 1858 4743 Hice

281 4786 490 4839 locutus
516 4795 592 4839 est
618 4783 808 4849 Iesus,
829 4793 878 4838 et
905 4781 1174 4836 abscondit
1202 4796 1258 4834 se
1285 4779 1350 4833 ab
1381 4779 1477 4833 eis.
1515 4777 1632 4832 Non
1669 4776 1738 4830 ab
1779 4775 1860 4829 eis

281 4874 378 4944 qui
403 4873 624 4929 credere
649 4882 705 4928 et
725 4872 948 4943 diligere
972 4875 1280 4940 cmperant;
1308 4882 1418 4924 non
1437 4867 1504 4920 ab
1523 4866 1604 4920 eis
1623 4863 1715 4933 qui
1736 4877 1858 4921 cum

283 4967 454 5022 ramis
477 4966 776 5036 palmarum
806 4971 871 5020 et
891 4963 1140 5018 laudibus
1166 4959 1379 5014 obviam
1421 4963 1714 5019 venerant;
1763 4952 1857 5008 sed

283 5057 356 5112 ab
376 5057 456 5113 eis
482 5057 583 5128 qui.
602 5057 858 5114 videbant
887 5063 941 5110 et
961 5052 1294 5115 invidebant,
1323 5049 1448 5119 quia
1465 5062 1564 5101 nec
1584 5045 1856 5108 videbant,

282 5150 382 5208 sed
409 5150 462 5204 in
490 5148 718 5220 lapidem
755 5147 902 5202 illum
943 5144 1128 5202 caecati
1176 5141 1332 5215 [Aug.
1355 5179 1370 5206 ,
1395 5135 1660 5208 excitate]
1691 5133 1861 5192 oll‘cn-

283 5241 507 5296 debant.
531 5240 664 5296 Cum
691 5248 879 5293 autem
899 5252 958 5292 se
983 5235 1350 5290 abscondisset
1380 5229 1538 5287 Jcsus
1560 5228 1628 5283 ab
1660 5227 1738 5281 eis
1767 5225 1857 5294 qui

285 5333 437 5390 illum
461 5332 710 5388 occidere
730 5329 1039 5400 cupiebant,
1070 5327 1244 5399 (quod
1285 5339 1426 5395 saepe
1469 5329 1688 5393 propter
1727 5317 1862 5373 obli-

284 5424 501 5482 sionem
515 5422 892 5480 commonendi
919 5418 1092 5488 estis),
1108 5429 1304 5473 nostra:
1329 5413 1629 5473 inﬁrmitati
1662 5427 1858 5468 consu-

287 5516 411 5582 luit,
442 5531 546 5571 non
575 5530 686 5571 sua:
709 5511 960 5582 potestati
989 5509 1286 5579 derogavit.
1316 5526 1352 5562 s.

363 5644 387 5670 ο
423 5630 501 5682 Ex
531 5628 588 5682 S.
617 5627 778 5696 Aug.,
810 5632 1108 5696 tract._t.m,
1137 5617 1465 5696 nu_m._2--l3.

367 5701 394 5741 ιθ
423 5700 574 5769 Apud
595 5687 950 5766 Augustinum
969 5693 1081 5749 lucc
1103 5690 1262 5745 verba
1291 5687 1362 5742 ita
1385 5689 1859 5756 interpunguntnr:

1949 3060 2277 3132 evangelista
2301 3060 2534 3116 Verbum
2556 3059 2854 3115 nominavit
2869 3072 2987 3114 esse
3006 3057 3148 3129 apud
3175 3057 3364 3124 Deum,
3383 3059 3529 3113 hunc

1948 3151 2208 3220 propheta
2242 3149 2524 3205 brachium
2575 3147 2788 3202 Domini
2844 3148 3159 3204 nominavit.
3219 3147 3356 3201 Dum
3406 3147 3531 3202 bra—

1950 3239 2133 3296 chium
2153 3238 2364 3294 Domini
2393 3239 2696 3304 audiamus,
2720 3237 2815 3292 Dei
2835 3237 3114 3302 virtutem,
3132 3246 3187 3291 et
3206 3236 3300 3292 Dei
3325 3236 3537 3306 sapien~

1953 3328 2082 3384 tiam
2130 3327 2406 3384 Christum
2448 3341 2836 3399 agnoscamus,
2868 3341 2966 3398 per
3011 3341 3170 3397 quem
3214 3325 3358 3381 facta
3411 3335 3536 3381 sunt

1950 3419 2151 3474 omnia.
2197 3417 2388 3474 Omnia
2421 3419 2558 3472 enim
2597 3417 2653 3472 in
2693 3417 2953 3489 sapientia
2983 3416 3152 3486 fecisti
3191 3414 3361 3488 (Psal.
3415 3431 3532 3480 cm,
3565 3474 3571 3478 ,

1949 3508 2064 3581 24),
2091 3509 2223 3565 dicit
2246 3507 2549 3565 Psalmista.
2588 3526 2606 3560 ‹
2640 3507 2757 3564 Non
2800 3515 2887 3564 est
2907 3507 3052 3562 enim
3089 3507 3204 3576 ipse
3230 3507 3323 3575 qui
3350 3505 3532 3570 Pater,
3561 3562 3568 3566 ,

1951 3599 2046 3657 sed
2071 3616 2236 3656 unum
2276 3607 2401 3655 sunt
2429 3599 2546 3669 ipse
2573 3606 2627 3652 et
2655 3597 2816 3652 Pater
2848 3635 2863 3660 ,
2887 3603 2942 3648 et
2968 3594 3192 3662 aequalis
3213 3593 3384 3659 Patri,
3411 3593 3538 3654 ubis

1949 3705 2056 3762 que
2083 3699 2246 3747 totus.
2283 3689 2382 3744 Hic
2409 3687 2635 3758 quaestio
2661 3684 2890 3740 diﬂicilis
2927 3683 3253 3753 oriturquid
3281 3682 3536 3739 fecissent

1949 3780 2118 3836 Judmi
2169 3779 2330 3844 mali;
2386 3777 2634 3846 velatum
2682 3774 3092 3846 culpa.,illorum
3141 3783 3304 3841 esset,
3336 3782 3396 3838 ut
3425 3791 3532 3830 non

1952 3871 2257 3934 crederent,
2280 3868 2324 3922 si
2355 3880 2575 3922 necesse
2602 3874 2723 3922 erat
2768 3876 2822 3920 ut
2862 3883 3043 3922 sermo.
3081 3865 3238 3920 Isaia:
3273 3865 3536 3937 propheta,

1952 3958 2274 4029 impleretur,
2300 3973 2452 4030 quem
2480 3956 2613 4010 dixit
2645 3970 2662 4008 .'
2696 3955 2915 4010 Domine
2939 3956 3066 4026 quis.
3082 3955 3301 4016 credidit
3328 3955 3535 4008 auditui
3566 3997 3571 4004 .

1953 4059 2225 4116 nostro,,et
2253 4048 2534 4109 brachium.
2570 4046 2783 4106 Domini
2831 4043 3238 4102 cuirevelatum
3283 4044 3395 4098 est?
3436 4042 3568 4098 Cui.-.

1952 4143 2235 4214 quaestioni
2265 4137 2988 4213 respondemus,-.Dominnm
3016 4133 3302 4206 praescium
3329 4132 3537 4189 futuro-

1956 4249 2072 4288 rum
2097 4247 2195 4304 per
2221 4228 2877 4304 prophetamprzedixisse
2908 4222 3278 4282 inﬁdelitatem
3318 4222 3531 4279 indago-

1956 4340 2075 4380 rum
2101 4343 2113 4378 :
2142 4323 2457 4395 praedixisse
2485 4331 2687 4386 tamen,
2710 4335 2823 4384 non
2854 4317 3065 4376 iecisse.
3098 4315 3214 4370 Non
3240 4315 3382 4370 enim
3410 4329 3537 4386 pro-

1955 4424 2498 4487 ptereaquemquam
2538 4413 2680 4469 Deus
2730 4412 2798 4466 ad
2837 4409 3168 4481 peccandum
3205 4407 3371 4478 cogit,
3410 4406 3542 4476 quia.

1959 4505 2138 4561 futura
2167 4507 2447 4561 hominum
2474 4511 2695 4576 peccata
2719 4503 2833 4572 jam
2875 4500 3050 4556 novit.
3093 4497 3338 4568 Ipsorum
3389 4497 3535 4551 enim

1957 4596 2226 4667 praescivit
2253 4604 2498 4666 peccata,
2518 4610 2624 4650 non
2649 4609 2779 4660 sua;
2807 4607 2913 4646 non
2945 4589 3262 4662 cujusquam
3291 4586 3534 4652 alterius,

1958 4689 2052 4744 sed
2081 4689 2342 4759 ipsorum.
2382 4686 2719 4757 Quapropter
2744 4684 2795 4740 si
2815 4696 3052 4752 ea,,quae
3095 4679 3185 4736 ille
3233 4678 3534 4750 praascivit,
3561 4737 3567 4743 ,

1958 4773 2198 4843 ipsorum
2237 4787 2345 4828 non
2391 4779 2537 4838 sunt,
2567 4771 2808 4842 ipsorum
2853 4783 2960 4825 non
3007 4780 3138 4822 vera
3183 4763 3457 4836 prmscivit
3483 4764 3534 4818 b.

1961 4866 2069 4922 Sed
2093 4866 2218 4936 quia
2248 4864 2388 4920 illius
2412 4861 2747 4935 praescientia
2778 4858 2888 4914 falli
2928 4873 3035 4919 non
3059 4861 3268 4927 potest,
3292 4854 3407 4909 sine
3434 4851 3537 4907 du-

1958 4951 2049 5008 bio
2071 4966 2180 5007 non
2201 4949 2359 5015 alius,
2381 4949 2473 5005 sed
2500 4948 2599 5018 ipsi
2624 4953 2874 5018 peccant,
2898 4957 3035 5014 quos
3060 4941 3203 4996 Deus
3222 4945 3572 5010 peccatores.

1963 5041 2134 5116 [Aug.
2154 5082 2171 5109 ,
2200 5036 2553 5112 peccaturos]
2579 5052 2700 5093 esse
2753 5033 3042 5107 przescivit.
3091 5029 3360 5087 Fecerunt
3409 5040 3564 5098 ergo.

1959 5141 2238 5203 peccatum
2265 5129 2620 5199 hidzei,qnod
2661 5141 2756 5182 eos
2793 5124 2972 5180 facere
3008 5136 3113 5178 non
3141 5117 3417 5191 compulit,
3451 5116 3541 5174 cui
3555 5154 3562 5171 -λ

1961 5233 2240 5295 peccatum
2283 5236 2386 5275 non
2426 5221 2644 5290 placet:
2677 5216 2770 5273 sed
2819 5215 3057 5271 facturos
3103 5225 3224 5267 esse
3266 5206 3538 5280 praedixit,

1967 5330 2127 5385 quem
2157 5313 2290 5368 nihil
2317 5309 2603 5369 latct._Sed
2628 5323 2692 5364 ea
2743 5322 2864 5377 qua:
2919 5309 3218 5372 sequuntur
3261 5296 3537 5367 Evangelii

1967 5409 2130 5464 verba
2160 5407 2278 5476 plus
2309 5409 2601 5474 urgent,,et
2624 5396 3028 5469 profundiorem
3055 5390 3409 5463 quaestionem
3448 5386 3532 5440 fa-

1969 5501 2135 5555 ciunt.
2164 5497 2366 5551 Dicitur
2393 5493 2536 5548 enim
2566 5491 2732 5561 583
2761 5489 2870 5551 hic,
2897 5484 3050 5557 quasi
3081 5497 3242 5539 causa
3282 5481 3352 5537 sit
3396 5478 3543 5535 Deus

1975 5630 1992 5662 ‹
2025 5611 2364 5679 Quapropter
2392 5605 2436 5660 si
2467 5621 2552 5670 ea,
2579 5601 2812 5680 qua3_i_|_le
2840 5597 3107 5680 praescivit
3135 5598 3392 5669 ipsorum,
3431 5607 3544 5650 nou

1969 5670 2093 5739 sunt
2116 5670 2397 5749 ipsorum,
2425 5691 2530 5731 non
2561 5670 2686 5729 vere
2710 5671 2796 5728 ille
2816 5670 3103 5742 prmscivit.
3141 5689 3160 5719 ι
