4000 6190
426 281 533 339 919

1270 271 1331 325 Β.
1375 271 1436 324 F.
1479 266 1710 321 ALBlNl
1750 263 1881 320 SEU
1930 260 2206 318 ALCUINI
2243 256 2530 316 OPERUM
2569 255 2749 313 PARS
2785 255 2859 313 ιι.

3595 256 3723 314 920

425 389 825 449 incredulitatis
850 387 1064 442 illorum
1083 423 1098 449 ,
1120 380 1213 453 qui
1256 382 1469 436 illorum
1505 379 1694 435 oculos
1720 375 2014 433 cscacavit
2042 381 2090 434 Α
2118 386 2225 426 non
2253 378 2502 441 poterant
2523 368 2766 434 credere,
2794 367 2951 438 culpa
2975 375 3059 423 est
3079 360 3390 424 ‘voiuutatis
3424 368 3711 427 humana».

432 495 491 542 et
523 497 621 539 cor
644 476 932 537 induravit.
965 474 1076 529 Hoc
1105 473 1329 528 omnino
1348 472 1418 526 de
1440 470 1553 525 Deo
1576 469 1795 531 dicitur,
1818 482 1924 521 non
1948 466 2014 520 de

435 572 666 630 diabolo.
694 567 803 624 Sed
829 581 993 622 causa
1012 564 1301 635 quaerenda
1322 570 1406 618 est
1436 576 1535 616 cur
1556 560 1820 631 propheta
1845 558 2014 612 dixis~

434 671 518 719 set
542 662 646 716 hoc
675 659 845 713 Deum
870 656 1067 712 fecisse
1100 672 1113 709 :
1148 669 1312 725 quam
1362 668 1429 708 eo
1477 652 1710 707 donante
1752 658 2016 719 quantum

431 752 750 827 poterimus,
791 761 1139 819 exponemus.
1181 743 1297 799 Non
1327 751 1576 815 poterant
1603 743 1845 805 credere,
1889 740 2017 810 quia

433 844 537 903 hoc
560 842 823 913 propheta
852 838 1103 910 praedixit
1140 854 1154 890 ι
1195 835 1322 909 [hoc
1367 843 1548 890 autem
1585 834 1847 905 propheta
1875 846 2017 901 prae-

436 931 613 1006 dixit],
640 932 768 1002 quia
805 930 948 985 Deus
974 930 1077 983 hoc
1112 926 1352 981 futurum
1374 938 1495 979 esse
1521 921 1813 994 praescivit.
1842 919 2020 986 Quare

435 1034 620 1081 autem
649 1038 758 1078 non
776 1028 1048 1093 poterant,
1080 1018 1125 1073 si
1155 1033 1185 1072 a
1220 1030 1309 1071 me
1334 1023 1631 1085 quieratur,
1657 1014 1766 1067 cito
1793 1024 2019 1081 respon-

440 1120 544 1173 dco
574 1135 588 1169 :
620 1114 757 1181 Quia
787 1113 1043 1167 nolebant
1073 1128 1084 1164 :
1118 1109 1316 1163 malam
1357 1108 1555 1177 quippe
1591 1119 1782 1160 eorum
1828 1102 2020 1157 volun-

438 1223 609 1274 tatem
634 1213 884 1284 przcvidit
910 1212 1070 1275 Deus,
1094 1218 1149 1264 et
1174 1223 1273 1278 per
1296 1207 1613 1277 prophetam
1641 1200 2027 1273 praenuntiavit

441 1307 551 1370 ille.
575 1305 662 1361 cui
690 1302 945 1359 abscondi
968 1299 1147 1355 futura
1168 1312 1276 1353 non
1300 1303 1562 1367 possunt:
1591 1301 1647 1348 et
1672 1292 1814 1347 hanc
1850 1306 2026 1346 excie-

441 1397 708 1452 cationem
733 1394 820 1449 vel
844 1390 1241 1447 indurationem
1280 1386 1477 1441 malam
1526 1398 1716 1439 eorum
1759 1394 2025 1436 meruisse

441 1486 771 1543 voluntatem
822 1482 976 1556 [δίδη
1002 1481 1235 1536 mala....
1270 1475 1593 1549 voluntate].
1641 1475 1734 1531 Sic
1759 1474 1901 1530 enim
1932 1490 2028 1528 ex—

442 1586 629 1644 erceat,
662 1577 742 1632 sic
788 1575 1022 1630 obdurat
1070 1572 1233 1637 Deus,
1265 1569 1564 1625 deserendo
1614 1575 1669 1622 et
1713 1581 1821 1620 non
1871 1563 2026 1633 adju-

441 1667 638 1731 vando,
657 1665 802 1735 quod
821 1662 1033 1719 occulto
1059 1661 1215 1716 nobis
1228 1658 1432 1728 judicio
1455 1657 1602 1723 facit,
1625 1656 1720 1712 sed
1750 1668 2027 1723 nunquam

2117 461 2231 516 Hoc
2269 461 2336 515 de
2363 458 2565 515 Iudaeis
2606 460 2699 528 qui
2732 458 2992 514 excaecati
3023 467 3077 513 et
3106 458 3344 513 indurati
3376 468 3538 525 sunt,
3563 459 3723 519 Deus

2116 551 2408 623 praescivit,
2438 560 2601 621 atque
2648 551 2705 604 in
2746 550 2865 622 ejus
2901 549 3095 620 spiritu
3124 549 3389 619 pmpheta
3430 550 3719 619 przedixit.

2118 644 2271 711 Quod
2303 659 2436 699 vero
2482 643 2690 698 addidit
2725 660 2739 697 :
2778 642 2845 696 Et
2889 652 3284 708 convertantur,
3310 652 3360 696 et
3386 660 3567 697 sancm
3597 661 3717 709 eos,

2118 746 2300 792 utrum
2323 736 2751 792 subaudiendum
2774 736 2845 790 sit
2870 733 3031 807 [Αιιρ.
3048 733 3200 800 add.,
3224 732 3380 807 non],
3397 734 3452 789 id
3478 743 3582 799 est,
3604 752 3715 790 non

2120 834 2529 891 convertantur,
2552 840 2796 881 connexa
2821 824 3056 894 desuper
3074 824 3365 889 sententia,
3382 824 3478 879 ubi
3504 824 3715 879 dictum

2120 927 2224 983 cst,
2259 916 2327 971 Ut
2350 934 2452 971 non
2481 917 2688 971 videant
2718 915 2907 981 oculis,
2934 924 2981 970 et
3008 915 3302 986 intelligant
3331 915 3490 970 corde
3517 930 3536 968 :
3580 919 3711 987 quia

2121 1019 2177 1066 et
2211 1010 2301 1064 hic
2336 1010 2519 1078 utique
2547 1008 2751 1063 dictum
2774 1014 2880 1071 est,
2902 1017 2964 1060 ut
2986 1022 3095 1061 non
3116 1006 3453 1078 intelligant;
3500 1014 3558 1062 et
3595 1008 3713 1078 ipsa

2121 1101 2264 1156 enim
2291 1098 2573 1155 conversio
2592 1098 2658 1154 de
2688 1096 2831 1153 illius
2854 1097 3031 1165 gratia
3050 1103 3153 1160 est,
3181 1097 3271 1152 cui
3297 1097 3500 1153 dicitur
3528 1116 3542 1151 :
3567 1096 3706 1152 Deus

2125 1192 2371 1250 virtutum
2414 1199 2650 1245 converte
2687 1206 2782 1244 nos
2808 1186 2983 1261 (Psal.
3013 1205 3199 1254 uxr},
3224 1189 3303 1261 4).
3357 1191 3441 1245 An
3484 1190 3629 1246 forte
3660 1202 3723 1246 et

2126 1283 2230 1338 hoc
2258 1283 2326 1337 de
2347 1273 2595 1352 supernae
2624 1281 2906 1337 medicina:
2959 1282 3329 1338 misericordia
3378 1281 3585 1338 factum
3610 1284 3719 1338 in-

2128 1374 2473 1446 telligendum
2496 1381 2602 1439 est,
2616 1374 2871 1443 quoniam
2900 1389 3171 1444 perversa:
3191 1382 3245 1430 et
3266 1377 3514 1445 superbe
3533 1376 3720 1431 volun-

2130 1466 2256 1521 tatis
2279 1473 2455 1530 erant,
2480 1473 2535 1519 et
2554 1462 2825 1534 justitiam
2852 1480 3008 1520 suam
3054 1466 3386 1521 constituere
3428 1466 3717 1532 volebant,

2128 1558 2197 1611 ob
2225 1558 2329 1611 hoc
2370 1554 2524 1628 [Ms.,
2547 1555 2615 1609 ad
2642 1554 2769 1627 hoc]
2819 1557 3228 1622 desererentur,
3258 1565 3320 1611 ut
3344 1568 3716 1623 caecarentur;

2133 1650 2201 1706 ad
2222 1650 2323 1705 hoc
2340 1658 2835 1715 excmcarenturmt
2857 1648 3192 1706 oﬁ‘enderent
3209 1651 3263 1705 in
3282 1650 3517 1721 lapidem
3544 1650 3717 1706 οσειι-

444 1757 663 1829 iniusto.
678 1757 811 1813 Cum
837 1770 968 1827 ergo
992 1753 1274 1824 Apostolus
1301 1754 1443 1807 hanc
1469 1752 1640 1820 ipsam
1666 1748 2030 1804 difﬁcillimam
2066 1738 2109 1797 Β
2135 1741 2322 1807 sionis,
2355 1749 2412 1796 et
2442 1741 2795 1811 implerentur
2833 1741 3000 1798 facies
3039 1757 3229 1798 eorum
3273 1744 3573 1816 ignominia
3600 1765 3614 1799 :
3646 1748 3723 1802 ita

446 1851 799 1922 qumstionem
852 1855 1129 1911 tractaret,
1161 1847 1237 1900 ait
1286 1862 1300 1899 :
1358 1843 1613 1915 Nunquid
1657 1841 1905 1913 iniquitas
1955 1849 2031 1892 est

446 1941 588 2013 apud
615 1940 784 1995 Deum
822 1938 999 2012 (Rom.
1031 1954 1106 2002 rx,
1136 1936 1260 2008 l4)?
1298 1935 1471 1990 Absit.
1504 1935 1562 1989 Si
1610 1948 1744 2004 ergo
1785 1931 1928 1986 absit
1972 1937 2034 1983 ut

447 2035 520 2090 sit
562 2032 821 2103 iniquitas
865 2030 1003 2100 apud
1031 2028 1234 2093 Deum,
1264 2026 1377 2081 sive
1405 2025 1622 2095 quando
1651 2022 1892 2091 adjuvat,
1925 2021 2031 2075 mi-

2131 1832 2399 1887 humiliati
2440 1841 2749 1902 quaarerent
2790 1848 2985 1889 nomen
3036 1834 3271 1901 Domini,
3300 1846 3358 1891 et
3407 1851 3518 1892 non
3564 1854 3726 1894 suam

2127 1922 2394 1993 justitiam
2428 1936 2536 1992 qua
2563 1922 2785 1978 inflatur
2820 1924 3085 1992 superbus
3121 1939 3138 1978 :
3180 1924 3276 1981 sed
3312 1924 3582 1995 justitiam
3626 1928 3727 1984 Dei

2133 2031 2237 2086 qua
2253 2013 2587 2084 justifioatur
2608 2014 2843 2085 impius?
2866 2014 2982 2071 Hoc
2999 2016 3145 2070 enim
3174 2016 3359 2072 multis
3379 2032 3569 2073 eorum
3603 2034 3727 2089 pro-

448 2124 802 2179 sericorditer
847 2120 1009 2185 facit;
1067 2119 1180 2173 sive
1225 2116 1443 2187 quando
1487 2130 1594 2169 non
1628 2113 1866 2184 adjuvat,
1887 2111 2034 2181 juste
2134 2108 2265 2164 fecit
2303 2108 2357 2163 in
2396 2108 2619 2173 bonum,
2647 2108 2743 2178 qui
2793 2107 2862 2164 de
2906 2123 3006 2163 suo
3049 2109 3253 2164 scelere
3299 2113 3637 2181 eompuncti,
3666 2114 3725 2167 in

448 2212 615 2280 facit;
674 2211 801 2283 quia
838 2211 1020 2266 omnia
1059 2223 1165 2263 non
1210 2206 1536 2271 temeritate,
1565 2204 1661 2260 sed
1702 2202 1849 2271 justo
1886 2200 2034 2272 judi-
2134 2197 2409 2253 Christum
2429 2206 2619 2269 postea
2640 2195 3007 2261 crediderunt,
3028 2213 3128 2267 pro
3149 2198 3350 2267 quibus
3373 2208 3429 2254 et
3452 2200 3571 2270 ipse
3600 2215 3727 2255 ora-

448 2304 539 2361 cio
585 2301 734 2359 facit.
767 2301 942 2356 Porro
988 2299 1036 2353 si
1083 2297 1282 2369 judicia
1341 2304 1652 2352 sanctorum
1688 2293 1830 2363 justa
1868 2298 2032 2353 sunt,
2141 2297 2315 2355 verat,
2341 2286 2763 2353 dicenszPater,
2789 2290 3001 2358 ignosce
3028 2289 3157 2355 illis,
3188 2292 3317 2361 quia
3345 2293 3728 2363 nesciantqnid

457 2403 664 2466 quanto
727 2392 901 2463 magis
953 2387 1343 2445 sanetifloantis
1390 2393 1448 2442 et
1498 2383 1850 2454 justificantis
1904 2382 2037 2437 Dei?
2138 2377 2340 2446 faciunt
2371 2376 2524 2449 (Luc.
2555 2393 2715 2442 χχιιι,
2743 2376 2855 2447 54).
2890 2398 2909 2430 ι
2940 2376 3199 2448 Sequitur
3231 2397 3247 2433 :

456 2483 610 2541 Iusta
651 2498 782 2554 ergo
814 2489 963 2545 sunt,
997 2479 1094 2534 sed
1126 2476 1357 2533 occulta.
1386 2475 1512 2530 ldeo
1552 2489 1678 2530 cum
1713 2474 2042 2544 quaestiones
2208 2469 2373 2524 Vsus.
2402 2467 2493 2533 42,
2525 2467 2616 2523 45.
2658 2499 2729 2508 -
2784 2467 3157 2524 Verumtamen
3201 2472 3252 2523 et
3294 2487 3361 2525 ea:
3403 2473 3729 2543 principibus

461 2573 765 2646 hujusmodi
790 2572 847 2625 in
886 2569 1123 2625 medium
1161 2567 1443 2632 venerint,
1474 2579 1647 2636 quare
1682 2564 1821 2619 alius
1849 2563 1957 2629 sic,
1981 2571 2037 2617 et
2138 2559 2288 2615 multi
2315 2560 2646 2615 crediderunt
2674 2562 2727 2615 in
2766 2577 2905 2626 eum,
2932 2562 3024 2616 sed
3049 2571 3262 2633 propter
3283 2560 3593 2620 Pharisrros
3622 2585 3723 2622 non

453 2666 590 2720 alius
612 2664 691 2720 sic
713 2663 1016 2735 judicetur;
1071 2673 1241 2730 quare
1277 2658 1368 2713 ille
1408 2659 1518 2712 Deo
1548 2658 1832 2713 deserente
1862 2671 2038 2711 exee-
2139 2651 2538 2723 conﬁtebantur,
2564 2662 2620 2706 ut
2649 2652 2714 2707 de
2738 2669 3004 2724 synagoga
3025 2669 3129 2707 non
3149 2654 3467 2724 ejicerentur
3488 2671 3508 2707 :
3532 2657 3724 2712 dilexe-

454 2764 645 2821 cetur,
677 2753 767 2809 ille
815 2751 927 2807 Deo
975 2749 1262 2821 azljuvante
1302 2748 1635 2803 illuminetur
1673 2764 1687 2801 :
1726 2761 1833 2802 non
1883 2747 2043 2802 nobis
2142 2751 2264 2797 runt
2300 2742 2439 2797 enim
2477 2741 2702 2813 gloriam
2754 2743 3023 2796 hominum
3068 2743 3257 2813 magis,
3300 2761 3460 2815 quam
3502 2745 3724 2816 gloriam

446 2855 714 2925 judicium
735 2852 801 2906 de
824 2850 1028 2922 judicio
1053 2848 1186 2903 tanti
1207 2846 1406 2916 judicis
1431 2861 1771 2917 usurpemus,
1790 2845 1887 2900 sed
1912 2859 2040 2899 con-

2142 2832 2258 2887 Dei.
2291 2852 2309 2884 ι
2345 2834 2537 2890 Videte
2577 2834 3029 2904 quemadmodum
3075 2835 3348 2890 notaverit
3394 2837 3721 2908 evangelista

457 2945 829 3006 tremisccntes
856 2942 1221 2997 exclamemus
1247 2954 1371 2994 cum
1409 2938 1666 3009 Apostolo
1695 2955 1709 2992 :
1740 2937 1786 2993 0
1813 2936 2041 2992 altitudo

2143 2932 2199 2979 et
2220 2924 2606 2994 improhaverit
2639 2924 2944 2997 [quosdam]
2987 2940 3123 2995 quos
3154 2927 3414 2982 tamenin
3440 2944 3565 2983 eum
3589 2928 3720 2983 dixit

456 3039 760 3096 divitiarum
781 3036 1052 3106 sapientia:
1074 3044 1122 3088 et
1147 3033 1379 3088 scientia:
1403 3031 1534 3087 Dei!
1563 3030 1736 3097 Quam
1773 3030 2039 3084 inscruta-

2145 3016 2437 3072 credidisse
2459 3033 2480 3069 τ
2507 3016 2605 3085 qui
2632 3016 2686 3070 in
2712 3016 2817 3070 hoc
2840 3015 3005 3086 589
3030 3016 3277 3087 ingressu
3323 3016 3444 3073 ﬁdei
3472 3019 3519 3074 si
3563 3018 3725 3089 proﬁ~

785 3088 1005 3199 judicia
1049 3126 1183 3197 ejus,
1215 3134 1264 3180 et
1309 3088 1690 3194 investigabiles
1746 3122 1841 3176 vite
1877 3121 2042 3192 ipsius

2145 3116 2353 3173 cerent,
2376 3121 2615 3163 amorem
2660 3121 2873 3177 quoque
2904 3108 3154 3163 humanae
3185 3108 3368 3179 gloria:
3391 3088 3726 3178 proficiendo

455 3227 632 3300 (Rom.
661 3237 758 3284 xu,
791 3219 913 3291 55)!
946 3217 1024 3273 De
1055 3217 1252 3272 talibus
1272 3229 1403 3271 vero
1432 3215 1818 3286 quzesﬁonibus
1850 3213 1930 3268 vel
1952 3212 2042 3284 ju-

459 3314 618 3372 diciis
634 3313 750 3378 Dei,
776 3312 1153 3367 admonentem
1193 3310 1475 3365 audiamus
1512 3307 1846 3379 Scripturam
1877 3316 2040 3379 atque

460 3408 727 3469 dicentem
756 3418 772 3459 :
802 3402 1007 3457 Altiora
1037 3411 1085 3456 te
1117 3418 1179 3455 ne
1206 3402 1497 3471 quasieris,
1522 3409 1572 3453 et
1610 3399 1833 3469 fortiora
1878 3407 1926 3453 te
1978 3415 2041 3453 ne

460 3504 817 3570 perscrutatus
843 3493 1004 3565 fueris
1027 3489 1224 3564 (Eccle.
1261 3507 1345 3557 ιιι,
1371 3488 1485 3561 22).
1505 3488 1893 3544 Perveniamus
1912 3504 2041 3560 ergo

458 3591 519 3647 in
571 3590 714 3644 viam
760 3586 906 3653 ﬁdei,
933 3586 1074 3641 hanc
1114 3581 1653 3655 perseverantissime
1698 3586 1977 3636 teneamus
2024 3599 2037 3635 :

460 3681 577 3761 ipsa
600 3679 848 3751 perducit
867 3678 934 3731 ad
961 3676 1266 3732 cubiculum
1296 3674 1459 3747 regis,
1483 3674 1535 3729 in
1564 3688 1672 3744 quo
1700 3681 1828 3728 sunt
1853 3688 2040 3729 omnes

462 3768 701 3829 thesauri
742 3766 1018 3835 sapientia:
1064 3764 1384 3820 absconditi.
1425 3763 1541 3820 Non
1594 3764 1737 3819 enim
1784 3763 2043 3820 Dominus

460 3861 578 3931 ipse
623 3856 779 3913 Iesus
815 3855 1064 3912 Christus
1105 3856 1217 3911 suis
1253 3855 1359 3912 illis
1409 3855 1618 3927 magnis
1672 3862 1729 3911 et
1771 3855 2041 3926 pra-cipue

460 3948 646 4011 electis
670 3945 943 4019 discipulis
985 3946 1292 4011 invidebat,
1319 3947 1533 4017 quando
1575 3946 1789 4001 dicebat
1823 3964 1834 3999 :
1870 3944 2041 4001 Multa

462 4040 624 4096 habeo
658 4038 795 4096 vobis
818 4038 1010 4103 dicere,
1031 4037 1126 4093 sed
1146 4055 1249 4092 non
1268 4038 1479 4109 potestis
1502 4036 1597 4091 illa
1638 4047 1847 4109 portare
1886 4037 2041 4091 modo

463 4132 644 4203 (Joan.
678 4149 794 4205 xvr,
825 4131 935 4204 l2).
962 4128 1360 4191 Ambulandum
1390 4137 1493 4194 εει,
1516 4129 1909 4198 proﬁciendum
1935 4138 2037 4194 εει,

461 4225 815 4285 crescendum
843 4230 949 4288 est,
974 4231 1036 4277 ut
1060 4222 1169 4283 sint
1192 4220 1356 4276 corda
1382 4227 1571 4275 nostra
1601 4220 1819 4291 capacia
1850 4235 2038 4274 earum

464 4330 669 4382 rerum,
699 4330 836 4385 quas
863 4327 1060 4385 capere
1089 4311 1249 4367 modo
1286 4326 1394 4367 non
1439 4325 1745 4382 possumus.
1795 4309 1947 4376 Quod
1995 4309 2041 4365 si

462 4422 561 4463 nos
582 4406 802 4461 ultimus
827 4404 942 4460 dies
969 4402 1313 4479 proﬁcientes
1340 4401 1626 4463 invenerit,
1655 4400 1726 4455 ibi
1748 4400 2037 4466 discemus,

459 4498 604 4572 quod
632 4497 721 4560 hic
748 4511 855 4550 non
883 4495 1176 4566 potuimus.
1223 4491 1340 4548 Non
1369 4491 1549 4562 itaque
1573 4491 1771 4546 mirum
1799 4499 1884 4547 est
1911 4492 2039 4561 quia

462 4603 569 4645 non
592 4592 843 4658 poterant
869 4584 1113 4648 credere,
1142 4597 1373 4653 quorum
1411 4581 1659 4636 voluntas
1699 4580 1780 4635 sic
1806 4581 2038 4649 superba

461 4660 686 4744 erat,ut
710 4676 1019 4749 ignorantes
1045 4672 1140 4728 Dei
1163 4671 1462 4743 justitiam,
1490 4680 1547 4728 et
1596 4686 1748 4728 suam
1798 4671 2040 4726 volentes

459 4769 787 4827 constituere
812 4764 969 4840 [ιιι.
996 4764 1195 4825 vellent
1214 4763 1495 4835 statuere],
1523 4764 1661 4818 sicut
1682 4762 1747 4817 de
1774 4761 1880 4816 illis
1908 4760 2039 4815 dicit

457 4857 767 4932 Apostolus,
783 4841 1008 4927 iustitia:
1031 4854 1126 4910 Dei
1155 4868 1261 4909 non
1283 4861 1462 4909 essent
1488 4851 1714 4922 subjecti
1759 4848 1778 4921 (
1804 4848 1951 4904 Rom.
1979 4865 2035 4913 ιι,

458 4950 493 5009 5
511 4950 554 5021 ).
581 4948 716 5016 Quia
740 4948 886 5010 enim
912 4960 1018 5000 non
1040 4960 1106 5001 ex
1136 4942 1260 5011 ﬁde,
1286 4944 1381 4999 sed
1405 4950 1661 5018 tanquam
1691 4955 1756 4996 ex
1783 4938 2037 5008 operibus

461 5047 773 5101 tumuerunt
799 5054 814 5101 :
842 5036 957 5108 ipso
981 5049 1078 5090 suo
1109 5042 1316 5091 tumore
1358 5032 1565 5095 cruenti,
1603 5028 1939 5084 offenderunt
1982 5028 2035 5082 in

415 5140 423 5145 ·
459 5130 690 5205 lapidem
710 5125 1042 5191 offensionis.
1070 5123 1162 5184 Sic
1183 5131 1362 5179 autem
1386 5122 1586 5177 dictum
1611 5128 1712 5182 est,
1746 5135 1848 5173 non
1890 5128 2035 5188 pote-

462 5229 578 5275 rant
613 5218 838 5282 credere,
868 5216 960 5273 ubi
990 5213 1393 5287 intelligendum
1430 5217 1530 5271 est,
1553 5208 1695 5279 quod
1726 5208 1978 5264 nolebant
2020 5225 2032 5259 :

460 5311 909 5384 quemadmodum
946 5307 1148 5364 dictum
1177 5313 1262 5362 est
1290 5304 1355 5361 de
1383 5302 1611 5358 Domino
1635 5300 1747 5357 Deo
1792 5319 1804 5354 :
1848 5299 1906 5357 Si
1933 5318 2036 5355 non

388 5396 393 5401 θ
460 5407 739 5468 credimus,
767 5402 855 5456 ille
901 5400 1072 5471 ﬁdelis
1120 5408 1408 5470 permanet,
1438 5412 1625 5467 negare
1671 5396 1895 5465 seipsum
1934 5409 2035 5447 non

460 5503 621 5565 rotcst
673 5493 760 5567 (II
802 5492 935 5547 Tim.
966 5509 1030 5559 ιι,
1065 5490 1177 5561 15).
1234 5487 1386 5544 Sicut
1438 5488 1556 5541 laus
1615 5494 1699 5542 est
1745 5482 2037 5540 voluntatis

459 5582 656 5640 dit-inm
684 5583 850 5658 [quod
891 5582 1009 5637 illos
1046 5581 1225 5636 salvos
1264 5579 1381 5636 ﬁeri
1409 5576 1623 5649 voluit],
1649 5577 1725 5632 ita
1774 5576 1915 5645 quod
1961 5573 2036 5626 illi

533 5709 560 5746 α
601 5694 675 5756 Et
705 5694 764 5749 S.
796 5692 1113 5767 Augustino,
1143 5699 1300 5747 tract.
1331 5707 1439 5757 Liv,
1468 5702 1616 5744 num.
1650 5687 1764 5743 1ο8..

2142 3206 2479 3269 superarent,
2523 3214 2684 3268 quem
2727 3206 3077 3269 superaverat
3130 3199 3410 3270 Apostolus
3460 3201 3649 3257 dicens
3688 3216 3725 3267 7:

2142 3287 2278 3341 Mihi
2307 3298 2482 3343 autem
2506 3289 2640 3344 absit
2667 3288 2886 3359 gloriari
2922 3290 3024 3343 nisi
3047 3291 3105 3343 in
3129 3306 3282 3345 cruce
3310 3289 3517 3344 Domini
3551 3301 3727 3345 nostri

2139 3377 2271 3439 Iesu
2298 3379 2509 3444 Christi,
2539 3396 2632 3451 per
2658 3395 2812 3451 quem
2853 3379 2983 3434 mihi
3018 3380 3248 3436 mundus
3292 3381 3578 3451 cruciﬁxus
3626 3392 3725 3445 est,

2140 3478 2189 3523 et
2216 3485 2311 3540 ego
2344 3469 2539 3523 mundo
2572 3467 2773 3541 (Galat.
2797 3485 2871 3535 vi,
2900 3468 3013 3540 M).
3049 3469 3134 3525 Ad
3179 3471 3285 3526 hoc
3319 3471 3462 3525 enim
3508 3479 3566 3525 et
3612 3471 3725 3541 ipse

2143 3554 2402 3609 Dominus
2437 3570 2654 3610 crucem
2683 3570 2858 3619 suam,
2886 3555 2991 3611 ubi
3016 3570 3139 3611 cum
3176 3556 3445 3611 dementia
3481 3557 3722 3627 supeth

2143 3644 2433 3713 impietatis
2467 3644 2658 3709 irrisit,
2688 3645 2745 3699 in
2771 3660 2959 3701 eorum
2997 3647 3090 3715 qui
3117 3647 3170 3700 in
3222 3646 3373 3703 illum
3412 3648 3719 3710 crederent,

2141 3734 2410 3795 frontibus
2434 3735 2575 3801 ﬁxit,
2597 3736 2689 3790 ubi
2710 3744 2794 3791 est
2826 3736 3223 3806 quodammodo
3271 3736 3437 3792 sedes
3468 3752 3719 3793 vcrecun~

2142 3827 2265 3892 diae,
2292 3837 2352 3881 ut
2382 3827 2451 3882 de
2476 3827 2693 3883 nomine
2716 3826 2834 3895 ejus
2855 3828 2991 3883 ﬁdes
3012 3842 3120 3884 non
3142 3829 3453 3890 erubescat.
3473 3837 3526 3884 et
3549 3829 3724 3899 magis

2142 3918 2237 3972 Dei
2261 3917 2506 3988 gloriam.
2539 3932 2700 3987 quam
2742 3918 3021 3972 hominum
3050 3918 3295 3988 diligant.
3343 3938 3365 3970 ι

2218 4026 2235 4058 ι
2267 4020 2292 4048 ι
2323 4008 2603 4078 Loquente
2646 4010 2874 4065 Domino
2913 4008 3042 4066 Jesu
3067 4008 3291 4069 Christo
3320 4013 3462 4083 apud
3488 4012 3718 4077 Jud:eos,

2142 4107 2198 4154 et
2222 4106 2371 4153 tanta
2400 4098 2785 4154 miraculorum
2825 4100 2981 4170 signa
3027 4099 3282 4167 faciente,
3313 4102 3530 4171 quidam
3552 4103 3721 4157 credi?

2142 4189 2355 4251 derunt,
2384 4188 2751 4257 praedestinati
2779 4188 2833 4243 in
2878 4189 3043 4244 vitam
3068 4197 3328 4245 aeternam
3349 4232 3364 4257 ,
3400 4207 3535 4262 quos
3560 4193 3717 4246 etiam

2142 4278 2354 4334 vocavit
2377 4293 2510 4335 oves
2534 4294 2688 4346 suas;
2720 4279 2940 4349 quidam
2963 4294 3090 4335 vero
3113 4295 3221 4335 non
3246 4280 3609 4345 crediderunt,
3624 4297 3719 4336 nec

2141 4374 2393 4436 poterant
2425 4368 2665 4433 credere,
2695 4383 2761 4422 eo
2786 4369 2929 4437 quod
2959 4368 3171 4424 occulto
3196 4386 3297 4425 nec
3330 4379 3503 4426 tamen
3527 4371 3720 4440 injuste

2072 4443 2339 4531 Djudicio
2368 4460 2462 4515 Dei
2497 4459 2709 4516 fuerant
2754 4463 3043 4527 excmcati;
3068 4483 3085 4515 ι
3115 4463 3205 4518 alii
3235 4479 3363 4519 vero
3395 4465 3571 4533 palam
3598 4480 3717 4518 crc-

2145 4555 2353 4617 dentes,
2394 4559 2450 4606 et
2498 4567 2620 4605 cum
2670 4552 2834 4606 ratis
2879 4553 3178 4620 palmarum
3225 4565 3600 4621 occurrentes;
3630 4555 3717 4609 alii

2143 4661 2272 4701 vero
2316 4646 2525 4703 occulte
2563 4647 2874 4710 credentes,
2904 4647 2998 4703 sed
3026 4657 3245 4717 propter
3285 4645 3587 4703 Ριιειὶειεοε
3614 4662 3715 4701 non

2142 4738 2479 4803 conﬁtentes,
2514 4752 2649 4807 quos
2701 4738 3030 4807 evangelista
3082 4738 3322 4803 notavit,
3371 4752 3494 4791 cum
3543 4736 3713 4792 dixit:

2146 4829 2449 4885 Dilexerunt
2497 4829 2723 4900 gloriam
2765 4830 3032 4884 hominum
3077 4831 3245 4902 magis
3295 4848 3457 4901 quam
3501 4828 3716 4899 gloriam

2139 4923 2254 4977 Dei.
2284 4922 2466 4977 Gloria
2500 4922 2594 4976 Dei
2632 4929 2718 4976 est
2745 4921 2954 4991 publice
2989 4921 3235 4976 confiteri
3258 4920 3554 4983 Christian,
3581 4919 3710 4973 sicut

2138 5025 2403 5088 martyres
2431 5015 2602 5070 sancti
2634 5014 2896 5078 fecerunt,
2925 5014 2992 5069 de
3020 5015 3214 5085 quibus
3241 5014 3353 5068 alio
3375 5014 3427 5067 in
3462 5013 3580 5070 loco
3606 5013 3717 5082 ipse

2141 5108 2397 5161 Dominus
2422 5106 2498 5160 ait
2523 5124 2535 5159 :
2562 5105 2663 5171 Qui
2692 5122 2773 5158 me
2801 5105 3065 5174 confessus
3094 5104 3249 5173 fuerit
3274 5120 3453 5158 coram
3494 5102 3711 5159 hornini-

2139 5198 2252 5262 bus,
2285 5194 2567 5263 conﬁtebor
2590 5204 2636 5248 et
2666 5209 2758 5264 ego
2801 5210 2919 5247 eum
2947 5209 3128 5247 coram
3158 5192 3319 5247 Patre
3359 5209 3472 5246 meo
3503 5192 3709 5263 (Matth.

2139 5304 2194 5353 χ,
2221 5286 2331 5357 32).
2360 5286 2461 5353 Qui
2487 5284 2774 5340 conﬁtetur
2793 5283 3068 5338 Christum
3091 5285 3143 5338 in
3168 5282 3509 5340 confessione
3526 5283 3711 5345 laudis,

2141 5377 2500 5437 confitebitur,
2535 5374 2588 5429 id
2617 5381 2701 5429 est
2745 5374 3052 5429 laudabitur
3079 5390 3109 5427 a
3139 5372 3356 5429 Christo
3379 5388 3566 5428 coram
3611 5373 3715 5428 Deo

2143 5470 2321 5523 Patre.
2346 5466 2439 5521 llis
2460 5468 2528 5520 ita
2556 5482 2613 5521 sc
2638 5467 2978 5530 habentibus,
3000 5472 3052 5522 cl
3079 5481 3172 5520 sua
3193 5462 3305 5532 jam
3326 5465 3719 5536 propinquante

2143 5576 2407 5634 passuonc.
