4000 6190
337 328 437 385 921

1153 316 1571 374 EXEGETICA.
1603 347 1674 356 —
1710 314 2064 372 COMMENT.
2107 314 2172 369 IN
2212 314 2404 370 JOAN.
2444 346 2514 355 --
2552 315 2681 370 LIB.
2725 317 2786 373 V.

3507 322 3612 379 992

415 440 578 494 Vsus.
611 431 701 499 Η,
723 429 1063 488 λεὶ-ηεαδ
1087 427 1330 483 clamavit
1356 437 1403 482 et
1429 427 1561 480 dia‘it
1585 444 1602 481 :
1627 426 1731 491 Qui
1760 425 1921 478 credit
1956 429 1997 486 Λ
2027 438 2145 492 qua:
2174 425 2319 480 venit
2353 426 2406 479 in
2451 426 2595 480 hunc
2640 427 2918 492 mundum,
2965 428 3090 496 quia
3117 445 3216 500 per
3243 430 3387 490 illam
3435 431 3610 490 factus

338 531 393 583 in
424 543 525 590 me,
552 540 657 581 non
683 521 845 578 credit
867 521 921 574 in
948 535 1058 584 me,
1084 517 1173 573 sed
1199 519 1254 571 in
1288 534 1405 572 eum
1444 518 1535 587 qui
1560 516 1701 570 misit
1728 531 1842 581 me;
1872 523 1920 568 et

339 615 430 687 qui
460 611 594 669 ridet
621 626 722 675 me,
754 608 887 664 videt
928 623 1046 662 eum
1075 606 1165 678 qui
1191 622 1273 660 me
1307 606 1471 659 misit.
1507 623 1526 656 ‹
1563 603 1683 660 Jam
1712 603 1924 657 dixerat

340 705 574 776 quodam
599 701 718 758 loco
741 718 753 755 :
780 697 902 754 Mea
929 698 1167 752 doctrina
1189 714 1291 751 non
1311 706 1384 751 est
1411 714 1546 761 mea,
1575 695 1667 750 sed
1690 696 1805 765 ejus
1832 696 1923 766 qui

339 813 423 853 me
444 795 585 850 misit
611 791 794 867 (Joan.
818 806 915 856 vu,
940 789 1048 862 l6).
1072 789 1175 845 Ubi
1195 788 1555 844 intelleximus
1576 801 1698 841 eum
1721 785 1922 841 doctri-

341 903 469 943 nam
499 901 652 943 suam
694 883 896 940 dixisse
932 883 1164 938 Verbum
1191 881 1385 943 Patris,
1418 879 1563 951 quod
1590 885 1674 933 est
1694 877 1836 949 ipse;
1867 885 1923 933 et

2024 521 2106 569 est
2132 517 2384 571 mundus.

2092 630 2258 686 Vsus.
2280 630 2371 684 47.
2393 662 2464 671 —
2485 631 2555 687 Et
2582 634 2630 687 si
2656 635 2772 705 quis
2799 635 3045 698 audierit,
3068 636 3261 706 inquit,
3290 637 3442 693 verba
3469 656 3607 707 mea,

2020 726 2068 771 et
2099 735 2202 773 non
2250 721 2557 776 custodierit
2597 740 2680 789 ea,
2710 741 2803 794 ego
2831 742 2934 780 non
2947 725 3133 795 judico
3161 745 3299 783 eum.
3334 748 3352 780 ‹
3388 730 3608 798 Audite,

2021 810 2288 877 quomodo
2318 811 2449 866 dicit
2475 812 2664 878 Filius,
2693 831 2784 884 ego
2814 832 2918 870 non
2934 816 3118 886 judico
3137 835 3288 884 eum;
3312 835 3433 873 cum
3465 820 3607 876 dicat

2022 898 2129 952 alio
2174 899 2522 956 locozPater
2565 921 2669 958 non
2705 904 2915 974 judicat
2958 925 3290 983 quemquam,
3320 912 3410 965 sed
3454 929 3608 967 omne

338 986 446 1043 hoc
469 983 804 1059 εἰεηίθαιεεθ
830 981 1059 1038 δίθθηάο
1081 996 1096 1035 ³
1119 981 1375 1036 Domina
1400 995 1516 1072 mea
1539 994 1643 1032 ηοη
1670 986 1745 1031 ⁸³⁸
1784 993 1919 1041 mea,
2012 989 2280 1060 judicium
2308 994 2450 1047 dedit
2490 994 2634 1050 Filio
2667 996 2848 1069 (Joan.
2880 1016 2934 1061 v,
2965 999 3055 1071 22)
3075 1042 3090 1066 ,
3126 981 3228 1056 nisi
3255 1004 3381 1072 quia
3412 1004 3609 1059 intelli—

337 1077 432 1132 sed
451 1076 565 1148 ejus
593 1077 681 1148 qui
709 1091 791 1129 me
814 1075 979 1140 misit,
1008 1074 1151 1145 quod
1177 1089 1208 1127 a
1233 1073 1411 1143 seipse
1450 1071 1565 1142 ipse
1606 1085 1714 1125 non
1755 1076 1920 1134 esset,

338 1169 436 1225 sed
476 1167 699 1224 haberet
723 1181 755 1221 a
784 1180 890 1235 quo
930 1171 1093 1221 esset.
1125 1163 1267 1217 Deus
1296 1161 1439 1216 enim
1485 1160 1551 1215 de
1596 1160 1725 1222 Deo,
1754 1157 1924 1212 Filius

339 1256 517 1315 Patris
540 1274 553 1311 :
575 1256 739 1311 Pater
766 1262 945 1311 autem
972 1268 1080 1308 non
1108 1253 1250 1307 Deus
1275 1251 1342 1306 de
1362 1250 1493 1315 Deo,
1524 1247 1618 1304 sed
1652 1248 1791 1303 Dens
1820 1247 1923 1301 Pa-

338 1360 427 1406 ter
450 1346 593 1406 Filii.
623 1345 776 1402 Nunc
800 1353 979 1401 autem
1003 1384 1020 1410 ,
1048 1343 1191 1414 quod
1234 1341 1349 1396 ait:
1374 1339 1478 1406 Qui
1526 1337 1688 1409 credit
1727 1338 1784 1391 in
1820 1354 1920 1402 me,

338 1456 445 1495 non
464 1437 627 1493 credit
652 1437 708 1492 in
733 1452 833 1503 me,
860 1434 950 1490 sed
972 1434 1029 1488 in
1062 1449 1179 1487 eum
1211 1431 1299 1504 qui
1338 1429 1479 1486 misit
1520 1444 1621 1493 me,
1650 1425 1923 1496 quomodo

339 1527 664 1587 intellecturi
688 1540 893 1591 sumus,
920 1524 1025 1580 nisi
1060 1523 1185 1594 quia
1226 1523 1389 1578 homo
1433 1519 1726 1591 apparebat
1750 1516 1924 1573 homi-

337 1620 529 1685 nibus,
555 1633 677 1674 cum
723 1616 915 1673 lateret
956 1614 1134 1671 Deus?
1164 1614 1233 1670 Et
1272 1628 1341 1668 ne
1381 1617 1638 1683 putarent
1667 1609 1770 1664 hoc
1798 1622 1921 1662 eum

336 1724 457 1766 esse
495 1707 868 1765 tantummodo
915 1706 1060 1778 quod
1106 1705 1377 1770 videbant,
1410 1703 1574 1759 talem
1604 1717 1667 1756 ac
1712 1707 1921 1756 tantum

336 1818 398 1858 se
425 1801 609 1857 volens
633 1800 803 1865 credi,
828 1799 1003 1870 qualis
1030 1806 1084 1854 et
1110 1805 1346 1868 quantus
1373 1803 1458 1851 est
1482 1794 1664 1860 Pater,
1695 1794 1784 1867 qui
1810 1809 1922 1846 cre-
1956 1783 1999 1844 Β

335 1892 415 1949 dit
441 1892 495 1946 in
522 1907 622 1956 me,
650 1889 845 1963 inquit,
869 1906 971 1947 non
991 1888 1152 1945 credit
1174 1889 1228 1942 in
1256 1904 1358 1953 me,
1386 1887 1440 1941 id
1468 1895 1552 1942 est
1582 1885 1726 1958 quod
1757 1883 1920 1949 videt,

334 1983 428 2038 sed
456 1984 512 2038 in
551 1999 670 2037 eum
709 1983 799 2051 qui
826 1981 968 2035 misit
994 1996 1106 2044 me,
1140 1979 1193 2033 id
1221 1986 1305 2033 est
1335 1977 1389 2031 in
1420 1975 1659 2030 Patrem.
1694 1973 1803 2029 Sed
1829 1972 1923 2044 qui

335 2075 511 2130 credit
547 2074 602 2129 in
637 2073 880 2139 Patrem,
908 2087 1133 2129 necesse
1164 2079 1249 2129 est
1274 2078 1334 2125 ut
1358 2085 1482 2124 eum
1510 2068 1697 2124 credat
1725 2066 1922 2120 Filium

335 2165 568 2231 habere;
594 2185 614 2218 ι
650 2172 707 2220 et
730 2165 856 2221 dum
895 2178 1021 2220 eum
1047 2165 1262 2219 Patrem
1292 2162 1464 2218 credit
1489 2169 1772 2224 azternum,
1800 2171 1922 2213 cre-

335 2258 427 2310 dat
445 2264 501 2311 et
525 2254 565 2311 F
572 2255 720 2311 ilium
747 2256 949 2311 habere
975 2265 1304 2311 coasternum
1332 2253 1456 2319 sibi,
1482 2261 1539 2307 et
1561 2251 1925 2307 consubstan-

337 2350 522 2406 tialem
562 2349 687 2405 sibi.
734 2349 1027 2418 Propterea
1070 2347 1209 2402 dixit
1233 2365 1246 2401 :
1274 2345 1378 2412 Qui
1398 2345 1563 2400 credit
1591 2345 1649 2398 in
1688 2359 1791 2407 me,
1818 2359 1921 2395 non

337 2442 500 2497 credit
530 2443 586 2496 in
609 2459 693 2497 me
712 2455 733 2494 :
752 2440 940 2496 nolens
963 2447 1025 2496 ut
1056 2447 1227 2496 totum
1263 2438 1407 2508 quod
1442 2439 1507 2492 de
1550 2435 1766 2491 Christo
1804 2449 1923 2489 cre-

337 2534 483 2589 ditur
503 2532 797 2588 secundum
816 2532 1089 2588 hominem
1114 2530 1448 2587 crederetur.
1470 2528 1564 2583 llle
1588 2528 1726 2583 bene
1751 2526 1924 2581 credit

337 2626 394 2681 in
441 2639 528 2680 me
553 2624 646 2698 qui
680 2622 973 2679 secundum
1002 2622 1055 2678 id
1081 2622 1225 2693 quod
1271 2621 1416 2676 videt
1450 2634 1537 2675 me
1570 2634 1676 2672 non
1714 2625 1921 2672 tantum

336 2716 511 2771 credit
530 2716 583 2770 in
607 2731 723 2782 me;
755 2716 849 2771 sed
875 2715 1170 2771 secundum
1202 2714 1255 2769 id
1283 2713 1427 2784 quod
1455 2712 1604 2767 videt
1628 2727 1716 2766 me
1739 2725 1919 2781 aequa-

342 2807 447 2863 lem
476 2822 597 2864 esse
623 2806 803 2874 Patri;
843 2825 862 2858 ι
895 2822 959 2862 ac
989 2821 1057 2861 ne
1083 2813 1367 2877 putaretur
1405 2803 1485 2858 sic
1506 2802 1739 2857 voluisse
1765 2798 1922 2854 intel-

339 2897 430 2967 ligi
461 2896 697 2964 Patrem,
727 2904 987 2970 tanquam
1013 2904 1224 2968 patrem
1256 2895 1547 2950 multorum
1571 2892 1801 2947 filiorum
1824 2906 1924 2961 per

336 2987 566 3063 gratiam
593 2995 1053 3058 regeneratorum,
1079 3002 1183 3042 non
1209 2985 1353 3041 unici
1370 2985 1531 3041 Verbi
1555 2982 1777 3054 aequalis
1796 2981 1919 3046 sibi,

337 3077 596 3134 continuo
620 3076 883 3147 subjecit:
908 3075 974 3149 Et
1004 3078 1092 3149 qui
1123 3076 1257 3131 videt
1286 3092 1386 3141 me,
1408 3075 1546 3130 videt
1573 3089 1691 3127 eum
1716 3073 1805 3145 qui
1829 3071 1923 3125 mi-

335 3171 409 3229 sit
434 3185 535 3224 me.
561 3189 579 3223 ›
621 3168 801 3239 Usque
841 3169 976 3224 adeo
1004 3168 1148 3223 enim
1179 3166 1313 3221 nihil
1357 3166 1523 3220 distat
1551 3164 1692 3218 inter
1716 3176 1843 3217 eum
1868 3169 1923 3215 et

338 3280 449 3330 me,
476 3271 536 3318 ut
561 3263 652 3332 qui
683 3277 770 3315 me
796 3260 972 3327 videt,
1003 3260 1184 3316 videat
1213 3274 1335 3313 eum
1365 3257 1456 3327 qui
1487 3256 1633 3311 misit
1661 3270 1767 3310 me.
1800 3252 1927 3306 llzec

333 3354 494 3420 visio,
520 3352 922 3417 intellectualis,
952 3367 1056 3407 non
1083 3348 1319 3405 carnalis
1341 3347 1501 3403 debet
1534 3344 1778 3415 intelligi,
1805 3357 1925 3414 qua:

337 3445 502 3502 modo
552 3444 608 3500 in
656 3442 814 3498 laude
852 3449 938 3499 est
982 3448 1316 3504 sanctorum,
1347 3447 1469 3510 post
1512 3434 1925 3492 resurrectionis

336 3538 543 3593 ultimae
580 3533 721 3593 diem
752 3535 805 3589 in
833 3532 1011 3604 specie
1037 3530 1205 3606 [Ms.,
1236 3531 1291 3586 in
1321 3528 1411 3602 re]
1451 3538 1667 3585 aeternae
1694 3525 1926 3583 beatitu-

338 3632 485 3689 dinis
512 3631 635 3695 erit,
669 3630 734 3685 de
772 3643 879 3699 qua
906 3627 1030 3682 alibi
1061 3628 1137 3682 ait
1160 3645 1173 3680 :
1199 3624 1352 3681 Beati
1378 3622 1571 3680 mundo
1599 3620 1773 3686 corde,
1796 3635 1924 3692 quo-

342 3722 487 3782 niam
518 3721 617 3792 ipsi
653 3719 819 3775 Deum
848 3718 1092 3773 videbunt
1117 3715 1334 3787 (Matth.
1364 3730 1429 3781 v,
1460 3714 1537 3788 8).
1571 3713 1925 3768 Attendamus

342 3828 422 3867 (:33
428 3820 536 3867 tera
545 3853 559 3867 .
1534 3792 1545 3803 ι

415 3904 580 3961 Vens.
611 3904 699 3959 46.
714 3934 783 3944 -
798 3900 913 3973 Ego
936 3901 1028 3959 tua:
1050 3903 1103 3955 in
1126 3902 1376 3955 mundum
1398 3900 1534 3961 veni,
1565 3905 1619 3950 ut
1649 3895 1815 3949 omnis
1837 3896 1926 3964 qui

339 3994 507 4050 credit
536 3996 592 4048 in
619 4010 718 4056 me,
746 3993 800 4045 in
828 3991 1048 4044 tenebris
1088 4007 1191 4043 non
1230 3996 1457 4043 maneat.
1500 3984 1647 4039 Dixit
1693 3983 1925 4054 quodam

346 4083 468 4141 loco
490 4081 765 4152 discipulis
788 4080 900 4134 suis
928 4098 940 4133 :
971 4078 1078 4135 Vos
1115 4079 1238 4133 estis
1266 4077 1439 4131 lumen
1469 4075 1651 4130 mundi
1673 4088 1690 4127 :
1712 4091 1814 4129 non
1835 4091 1931 4146 po-

341 4185 440 4233 test
469 4171 716 4230 abscondi
741 4171 920 4226 civitas
945 4186 1103 4243 super
1140 4178 1365 4223 montem
1405 4167 1706 4223 constituta.
1743 4165 1928 4237 Neque

342 4273 634 4327 accendunt
662 4264 930 4319 lucernam
975 4271 1025 4318 et
1071 4268 1272 4335 ponunt
1318 4277 1433 4315 eam
1472 4258 1566 4314 sub
1609 4258 1805 4323 modio,
1837 4256 1927 4312 sed

341 4375 500 4430 super
536 4354 908 4411 candelabrum
954 4362 1013 4408 ut
1061 4352 1231 4406 luceat
1280 4349 1519 4406 omnibus
1559 4350 1647 4421 qui
1689 4347 1745 4402 in
1773 4348 1928 4402 domo

344 4457 486 4511 sunt.
514 4445 602 4503 Sic
631 4444 800 4499 luceat
829 4441 1005 4499 lumen
1041 4449 1268 4497 vestrum
1308 4456 1486 4495 coram
1530 4437 1846 4503 hominibus,
1870 4446 1927 4490 ut

343 4539 550 4595 rideant
579 4553 732 4609 opera
759 4544 930 4589 vestra
960 4534 1093 4588 bona
1111 4574 1126 4599 ,
1156 4541 1204 4586 et
1244 4530 1532 4602 gloriﬁcent
1578 4528 1793 4584 Patrem
1838 4544 1926 4582 vc-

346 4640 512 4686 strum
533 4630 623 4702 qui
641 4629 695 4682 in
710 4626 849 4683 oculis
872 4636 944 4681 est
967 4624 1180 4699 (Matth.
1205 4640 1259 4688 v,
1284 4622 1393 4694 14).
1418 4622 1534 4678 Non
1560 4630 1739 4677 tamen
1761 4620 1924 4676 dixit:

352 4720 457 4776 Vos
484 4719 577 4774 lux
608 4718 831 4775 venistis
859 4717 915 4773 in
941 4714 1225 4778 mundum,
1259 4721 1319 4768 ut
1347 4714 1524 4769 omnis
1551 4713 1642 4784 qui
1672 4711 1845 4768 credit
1876 4711 1929 4766 in

347 4828 464 4878 vos,
494 4811 547 4867 in
579 4809 814 4865 tenebris
836 4822 941 4862 non
965 4812 1200 4861 maneat.
1228 4803 1502 4873 Nusquam
1524 4804 1629 4858 hoc
1648 4802 1749 4873 legi
1773 4814 1931 4872 posse

350 4901 630 4956 conﬁrmo.
677 4897 906 4952 Lumina
931 4908 1060 4966 ergo
1086 4901 1212 4949 sunt
1234 4908 1424 4948 omnes
1450 4889 1623 4947 sancti
1651 4908 1663 4943 :
1689 4890 1784 4943 sed
1813 4904 1932 4944 cre-

350 4989 523 5050 dendo
564 4987 934 5044 illuminantur
968 4986 1036 5041 ab
1079 4999 1174 5049 eo,
1206 5000 1235 5038 a
1271 4997 1377 5053 quo
1402 4982 1446 5036 si
1475 4980 1598 5052 quis
1626 4979 1931 5044 recesserit,

350 5077 738 5134 tenebrabitur.
769 5076 976 5131 Lumen
1014 5082 1194 5130 autem
1240 5071 1370 5127 illud
1410 5071 1551 5141 quod
1581 5069 1870 5132 illuminat,
1902 5084 1931 5121 a

352 5185 409 5226 se
436 5168 692 5226 rewdere
717 5182 823 5222 non
865 5172 1062 5236 potest,
1092 5166 1218 5235 quia
1247 5159 1685 5218 incommutabile
1713 5160 1934 5214 omnino

353 5266 453 5315 est.
484 5256 620 5313 Cum
649 5263 828 5310 autem
873 5256 1003 5311 dicit
1035 5275 1047 5309 :
1076 5254 1259 5311 Omnis
1304 5254 1394 5325 qui
1441 5251 1603 5306 credit
1650 5250 1704 5303 in
1749 5265 1848 5313 me,
1879 5250 1933 5303 in

353 5349 573 5406 tenebris
602 5365 706 5404 non
734 5356 929 5412 manet,
961 5349 1090 5403 satis
1130 5347 1441 5405 manifestat
1464 5360 1653 5402 omnes
1682 5359 1741 5400 se
1775 5343 1827 5398 in
1857 5351 1934 5399 te-

355 5440 536 5496 nebris
578 5438 1003 5495 invenissezsed
1036 5453 1105 5493 ne
1133 5439 1186 5492 in
1227 5441 1307 5495 eis
1351 5438 1587 5495 tenebris
1616 5442 1932 5492 remaneant

353 5528 410 5586 in
432 5530 629 5601 quibus
647 5528 850 5586 inventi
870 5535 1016 5594 sunt,
1043 5527 1236 5582 debent
1251 5528 1412 5601 590
1435 5529 1658 5586 credere
1679 5526 1734 5582 in
1758 5525 1932 5582 lucem

430 5659 455 5687 ει
498 5647 667 5717 Aug.:
697 5664 715 5698 ι
754 5646 826 5704 Ut
869 5660 1013 5717 eum‘
1038 5657 1257 5717 necesse
1277 5650 1437 5717 esset
1452 5659 1536 5717 ex
1570 5651 1810 5717 tempore
1837 5640 1932 5717 ha-_-

358 5716 507 5785 bere,
533 5709 676 5789 qﬁod
696 5724 853 5775 antea
871 5730 978 5773 non
1000 5713 1248 5771 habebat.
1277 5712 1353 5768 ita
1379 5712 1521 5767 enim
1544 5729 1575 5768 a
1595 5709 1931 5782 Patre,quod

2022 1079 2255 1152 gendum
2288 1091 2390 1150 est,
2421 1087 2567 1155 quod
2595 1088 2874 1156 sequitur:
2899 1087 3023 1143 Non
3070 1093 3208 1145 enim
3249 1095 3382 1159 veni,
3412 1095 3605 1164 inquit,

2023 1181 2079 1224 ut
2099 1171 2338 1242 judicem
2360 1175 2633 1242 mundum,
2649 1177 2742 1231 sed
2763 1188 2819 1232 ut
2836 1178 3120 1249 salviﬁcem
3147 1182 3399 1236 mundum
3415 1184 3441 1235 ?
3458 1183 3612 1238 Nunc

2023 1280 2152 1334 ergo
2200 1274 2412 1338 tempus
2452 1276 2536 1324 est
2584 1271 2990 1340 misericordia),
3021 1286 3208 1345 postea
3252 1277 3359 1332 erit
3395 1277 3609 1347 judicii.

2024 1355 2160 1422 Quia
2182 1359 2614 1427 misericordiam,
2644 1362 2838 1432 inquit,
2869 1374 2918 1417 et
2939 1365 3203 1435 judicium
3242 1365 3463 1422 cantabo
3494 1368 3610 1434 tibi,

2025 1444 2247 1503 Domine
2287 1446 2460 1521 (Psal.
2501 1467 2552 1517 c,
2588 1451 2662 1524 l).
2718 1452 2823 1508 Sed
2852 1453 2919 1507 de
2961 1454 3077 1524 ipso
3118 1456 3279 1510 etiam
3309 1455 3490 1512 futuro
3513 1473 3611 1512 ποθ

2024 1538 2353 1609 vissimoque
2372 1540 2576 1612 judicio
2599 1542 2776 1597 videte
2798 1543 2926 1613 quid
2954 1543 3099 1600 dicat
3125 1565 3137 1598 :
3169 1545 3357 1617 (Vens.
3384 1547 3477 1619 48)
3506 1547 3613 1615 Qui

2024 1631 2221 1700 spernit
2249 1648 2330 1686 me
2355 1643 2403 1687 et
2431 1650 2534 1691 non
2562 1634 2750 1706 accipit
2779 1634 2935 1689 verba
2961 1653 3095 1705 mea,
3119 1637 3270 1692 habet
3299 1641 3388 1711 qui
3408 1641 3611 1711 judicet

2026 1738 2163 1777 eum.
2193 1720 2375 1777 Sermo
2404 1741 2555 1797 quem
2583 1725 2788 1781 locutus
2815 1744 2952 1793 sum,
2989 1727 3076 1782 ille
3108 1729 3371 1799 judicabit
3411 1749 3528 1788 eum
3554 1734 3611 1788 in

2026 1820 2305 1875 novissimo
2325 1822 2429 1876 die.
2458 1824 2574 1879 Non
2598 1827 2702 1881 ait:
2721 1826 2822 1893 Qui
2852 1830 3060 1898 spernit
3082 1846 3168 1886 me
3195 1840 3250 1887 et
3274 1849 3380 1889 non
3411 1837 3612 1906 accipit

2023 1908 2189 1963 verba
2234 1927 2375 1978 mea,
2401 1928 2501 1985 ego
2530 1930 2652 1969 eum
2684 1933 2792 1972 non
2813 1916 2999 1987 judico
3025 1920 3077 1974 in
3108 1924 3401 1980 novissimo
3442 1927 3550 1981 die.
3586 1949 3605 1980 ι

2023 1998 2184 2052 Venit
2211 2001 2353 2055 enim
2384 2003 2553 2060 Filius
2592 2007 2687 2061 Dei
2730 2008 2800 2062 ad
2843 2010 3177 2086 salvandum,
3214 2031 3318 2069 non
3367 2017 3432 2070 ad
3466 2016 3612 2086 judi-

2022 2089 2275 2144 candum.
2299 2091 2420 2148 [deo
2449 2094 2609 2160 dixit,
2632 2113 2739 2152 non
2766 2096 2953 2167 judico
2980 2085 3126 2167 eum,
3156 2103 3207 2157 id
3231 2112 3315 2159 est
3345 2085 3524 2174 modo,
3555 2109 3609 2162 in

2020 2181 2292 2247 prtesenti,
2336 2183 2429 2238 sed
2465 2184 2652 2255 judico
2692 2201 2815 2242 eum
2846 2189 2900 2243 in
2931 2191 3225 2247 novissimo
3270 2195 3378 2249 die.
3419 2215 3437 2247 ι
3475 2196 3612 2252 Cum

2019 2270 2162 2323 enim
2211 2271 2439 2328 dixisset
2463 2292 2475 2327 :
2499 2273 2601 2340 Qui
2629 2278 2826 2347 spernit
2874 2296 2957 2333 me
3001 2291 3050 2336 et
3089 2298 3192 2337 non
3232 2287 3424 2358 accipit
3460 2288 3613 2343 verba

2022 2381 2158 2429 mea,
2191 2364 2343 2421 habet
2384 2369 2474 2439 qui
2494 2368 2699 2439 judicet
2744 2388 2895 2439 eum;
2943 2379 3382 2446 exspectantibus
3430 2388 3610 2436 autem

2020 2458 2269 2547 quisnam
2319 2460 2408 2515 ille
2451 2471 2626 2528 esset,
2657 2474 2875 2521 secutus
2921 2468 3165 2537 adjunxit
3193 2490 3207 2526 :
3237 2470 3419 2528 Sermo
3459 2492 3612 2547 quem

2021 2546 2225 2602 locutus
2254 2566 2391 2615 sum,
2419 2550 2508 2605 ille
2535 2553 2792 2621 iudicabit
2820 2574 2937 2612 eum
2957 2559 3013 2613 in
3040 2562 3322 2618 novissimo
3343 2566 3448 2630 die,
3482 2570 3614 2625 satis

2022 2637 2388 2695 manifestavit
2426 2643 2663 2721 seipsum
2686 2643 3055 2714 judicaturum
3082 2649 3139 2704 in
3171 2655 3465 2711 novissimo
3502 2659 3610 2714 die.

2023 2726 2271 2798 Seipsum
2321 2731 2518 2801 quippe
2566 2726 2777 2789 locutus
2806 2743 2911 2804 est,
2962 2739 3200 2809 seipsum
3249 2746 3609 2813 annuntiavit,

2022 2823 2256 2893 seipsum
2277 2822 2500 2893 januam
2533 2828 2734 2896 posuit,
2758 2843 2864 2898 qua
2893 2830 3006 2900 ipse
3035 2835 3103 2889 ad
3141 2850 3272 2890 oves
3304 2846 3490 2906 pastor
3526 2840 3609 2895 in-

2025 2931 2213 2980 traret.
2241 2924 2414 2982 Aliter
2439 2926 2620 2998 itaque
2634 2926 3025 2998 judicabantur
3049 2934 3140 3004 qui
3163 2950 3269 2991 non
3298 2938 3607 3005 audierunt,

2023 3026 2077 3074 et
2104 3017 2260 3074 aliter
2284 3019 2377 3091 qui
2406 3021 2693 3077 audierunt
2720 3031 2776 3077 et
2812 3034 3274 3097 contempserunt.
3326 3028 3429 3094 Qui
3472 3033 3611 3087 enim

1950 3126 1995 3188 ρ
2024 3113 2136 3167 sine
2158 3111 2265 3184 lege
2282 3127 2642 3184 peccaverunt,
2659 3117 2736 3171 ait
2753 3116 3061 3188 Apostolus,
3079 3121 3192 3176 sine
3214 3121 3323 3193 lege
3346 3124 3611 3203 peribunt;

2024 3211 2073 3256 et
2113 3203 2203 3274 qui
2246 3204 2299 3256 in
2349 3202 2459 3274 lege
2503 3216 2866 3275 peccaverunt,
2897 3224 2992 3277 per
3036 3207 3197 3279 legem
3227 3210 3615 3280 judicabuntur

2026 3298 2204 3371 (Rom.
2238 3316 2300 3366 ιι,
2334 3300 2442 3373 12).
2476 3302 2667 3373 (Vens.
2700 3301 2816 3376 49.)
2857 3301 2998 3368 Quia
3037 3321 3153 3376 ego,
3195 3306 3390 3376 inquit,
3420 3324 3486 3362 ex
3531 3325 3614 3364 me

2026 3408 2127 3446 non
2146 3408 2263 3445 sum
2292 3391 2520 3448 locutus.
2548 3392 2672 3448 ldeo
2693 3409 2751 3450 se
2775 3394 2908 3451 dicit
2929 3412 3037 3450 non
3062 3396 3302 3453 locutum
3322 3414 3391 3453 ex
3411 3399 3612 3468 seipso,

2024 3485 2153 3554 quia
2195 3501 2301 3540 non
2342 3494 2428 3541 est
2471 3501 2537 3542 ex
2584 3488 2784 3558 seipso.
2830 3508 2851 3542 ι
2911 3487 3030 3544 Jam
3068 3491 3171 3547 hoc
3200 3506 3341 3561 saepe
3379 3492 3614 3549 diximus

2025 3576 2167 3645 quod
2192 3575 2362 3633 Filius
2391 3593 2422 3630 a
2449 3593 2509 3632 se
2537 3595 2643 3633 non
2664 3588 2772 3644 est,
2792 3579 2887 3634 sed
2908 3596 2941 3634 a
2962 3580 3154 3646 Patre;
3190 3582 3312 3637 ideo
3332 3582 3611 3652 adjunxit:

2026 3666 2128 3722 Sed
2175 3669 2267 3738 qui
2306 3668 2447 3722 misit
2486 3684 2566 3721 me
2604 3667 2789 3733 Pater,
2822 3668 2933 3738 ipse
2960 3669 3089 3723 mihi
3116 3670 3423 3727 mandatum
3468 3673 3613 3730 dedit

2024 3758 2149 3828 quid
2173 3758 2350 3812 dicam
2371 3767 2420 3812 et
2445 3758 2573 3829 quid
2598 3756 2804 3829 loquar.
2833 3759 2949 3816 Non
2973 3761 3116 3817 enim
3145 3762 3386 3821 locorum
3413 3766 3610 3835 spatio,

2024 3864 2134 3904 non
2182 3848 2509 3918 syllabarum
2554 3851 2920 3919 expressione,
2952 3868 3061 3909 non
3094 3854 3265 3912 vocali
3293 3872 3428 3913 sono
3453 3858 3614 3915 Pater

2026 3940 2163 3994 Filio
2202 3939 2460 4008 loquitur,
2491 3948 2552 3994 ut
2594 3941 2763 3997 Filius
2808 3944 3120 4001 utandatum
3158 3945 3337 4002 Patris
3385 3950 3610 4005 audiat:

2027 4033 2168 4088 sicut
2210 4026 2634 4090 ﬁlius‘bominis
2679 4035 2747 4091 ab
2788 4035 3009 4093 homine
3051 4037 3240 4093 audire
3284 4040 3455 4103 solet,
3481 4042 3614 4111 quid

2028 4123 2187 4179 Pater
2215 4123 2436 4179 mandet
2474 4123 2573 4181 illi.
2607 4144 2626 4177 ι
2663 4125 2770 4183 Sed
2806 4126 2998 4183 unicus
3044 4127 3216 4183 Filius
3249 4137 3336 4184 est
3376 4131 3612 4189 Verbum

2027 4213 2206 4270 Patris
2251 4223 2308 4270 et
2347 4215 2610 4285 sapientia
2646 4215 2823 4272 Patris
2848 4230 2864 4271 :
2887 4217 2942 4272 in
2977 4217 3069 4273 illo
3093 4227 3219 4274 sunt
3245 4220 3424 4275 omnia
3452 4236 3611 4277 man-

2029 4309 2155 4365 data
2181 4308 2376 4364 Patris.
2400 4307 2584 4379 Neque
2607 4309 2752 4365 enim
2778 4309 3091 4366 mandatum
3115 4310 3297 4367 Patris
3323 4312 3612 4387 aliquando

2029 4403 2200 4458 Filius
2242 4402 2497 4467 nescivit,
2524 4410 2586 4457 ut
2628 4418 2753 4458 eum
2793 4418 3016 4458 necesse
3062 4410 3208 4459 esset
3250 4419 3318 4459 ex
3370 4412 3612 4475 tempore

1959 4487 2008 4546 D
2032 4500 2233 4554 habere
2259 4498 2402 4568 quod
2426 4498 2652 4569 accepit,
2680 4508 2742 4554 ut
2760 4499 3029 4554 nascendo
3055 4500 3346 4570 acciperet,
3371 4500 3609 4556 dederit-

2031 4614 2137 4670 qne
2175 4598 2252 4652 illi
2297 4597 2459 4653 Pater
2501 4598 2769 4670 gignendo
2795 4611 2844 4665 δ,
2871 4601 3013 4670 quod
3064 4618 3169 4656 non
3216 4603 3485 4657 haberet:
3517 4602 3611 4657 sed

2029 4707 2153 4747 eum
2201 4690 2387 4761 genuit
2427 4689 2592 4744 vitam
2640 4691 2946 4746 habentem.
2997 4691 3149 4747 Sicut
3197 4692 3445 4762 superius
3493 4693 3606 4746 ait:

2032 4780 2180 4836 Sicut
2202 4780 2367 4835 Pater
2392 4780 2544 4835 habet
2566 4781 2744 4847 suam,
2775 4784 2852 4837 sic
2882 4782 3023 4837 dedit
3069 4792 3117 4838 et
3146 4782 3291 4838 Filio
3319 4785 3481 4839 vitam
3509 4784 3608 4837 ha-

2032 4872 2147 4927 bere
2166 4872 2221 4927 in
2245 4874 2536 4944 semetipso,
2564 4872 2619 4928 id
2639 4880 2722 4928 est
2744 4874 2927 4945 genuit
2956 4873 3171 4941 Filium,
3207 4876 3373 4930 vitam
3400 4875 3607 4930 baben-

2035 4973 2142 5020 tem
2165 4965 2219 5018 in
2247 4965 2536 5035 semetipso
2560 4982 2573 5019 :
2598 4965 2677 5021 sic
2695 4966 2826 5022 dicit
2853 4966 2963 5032 hic,
2983 4966 3117 5020 sicut
3139 4967 3446 5021 mandatum
3469 4964 3611 5021 dedit

2034 5056 2162 5110 mihi
2202 5055 2384 5111 Pater.
2410 5057 2479 5111 Et
2506 5057 2631 5127 quia
2661 5066 2861 5112 acterna
2893 5058 3005 5129 ipsa
3032 5059 3304 5124 nativitas,
3335 5073 3608 5128 nunquam

2032 5163 2139 5202 non
2165 5146 2265 5201 fuit
2292 5148 2479 5211 Filius,
2501 5148 2594 5218 qui
2617 5156 2701 5203 est
2724 5149 2833 5203 vita
2859 5164 2875 5203 :
2900 5158 2957 5204 et
2984 5151 3124 5205 sicut
3146 5158 3229 5206 est
3252 5151 3361 5205 vita
3383 5159 3607 5217 :eterna,

2033 5238 2113 5293 sic
2142 5248 2225 5293 est
2253 5239 2342 5308 qui
2371 5248 2528 5296 natus
2556 5249 2656 5304 est,
2688 5241 2800 5296 vita
2828 5250 3050 5297 (eterna.
3083 5242 3159 5297 lta
3188 5252 3243 5298 et
3275 5244 3607 5311 mandatum,

2037 5344 2144 5383 non
2170 5330 2312 5398 quod
2359 5328 2529 5384 Filius
2556 5347 2663 5385 non
2691 5332 2906 5396 habeat,
2938 5331 3101 5386 Pater
3131 5334 3307 5399 dedit;
3347 5335 3442 5389 sed
3473 5335 3613 5390 sicut

2038 5420 2165 5481 dixi,
2202 5420 2255 5473 in
2303 5420 2564 5490 sapientia
2593 5421 2791 5488 Patris,
2835 5424 2976 5494 quod
3020 5433 3105 5479 est
3132 5425 3365 5481 Verbum
3408 5426 3610 5495 Patris,

2037 5510 2218 5566 omnia
2248 5510 2496 5566 mandata
2530 5521 2658 5567 sunt
2681 5512 2879 5571 Patris.
2912 5514 3169 5586 Sequitur
3186 5517 3361 5573 enim:

2037 5631 2202 5713 habet
2225 5628 2450 5757 Ἑέεθρίι,
2479 5637 2540 5687 ut
2564 5632 2835 5690 nascendo
2862 5636 3151 5704 acceperit,
3179 5635 3493 5709 dederitque
3535 5636 3611 5692 illi

2037 5718 2228 5757 manca
2306 5740 2319 5754 .
2343 5721 2360 5754 ι

2036 5718 2319 5776 gignendo.
2343 5721 2360 5754 ι
