3992 6184
384 323 487 380 925

1243 313 1301 368 Β.
1343 315 1404 369 F.
1443 313 1666 368 ALBINI
1709 313 1837 369 SEU
1875 313 2149 368 ALCUINI
2188 311 2469 368 OPERUM
2505 308 2682 367 PARS
2719 311 2782 365 ll.

3539 310 3648 365 9‘24

453 435 620 490 Vens.
648 435 733 488 50.
773 461 844 474 ——
890 429 956 483 Et
1009 429 1136 490 scio,
1161 427 1282 497 quia
1331 425 1637 478 mandatum
1689 423 1802 492 ejus
1854 423 1956 476 vita
1990 426 2031 482 Λ
2062 422 2320 485 valerent,
2352 435 2417 474 ex
2448 435 2540 474 ore
2567 418 2744 473 carnis
2788 417 2950 471 verba
2981 424 3279 471 sonuerunt
3318 425 3372 472 et
3398 418 3654 475 abierunt

381 540 581 584 (eterna
626 534 719 579 est.
773 523 828 576 Si
867 537 996 592 ergo
1027 520 1133 573 vita
1165 527 1365 572 :etcrna
1403 526 1485 571 cst
1529 517 1641 586 ipse
1691 514 1878 578 Filius,
1911 522 1966 569 et

383 621 494 676 vita
520 628 722 674 interna
750 625 833 671 est
861 614 1173 669 mandatum
1205 611 1401 673 Patris,
1433 609 1560 679 quid
1590 608 1733 661 aliud
1763 607 1964 662 dictum

380 720 466 768 cst
487 726 646 780 quam
689 723 788 779 ego
831 723 950 762 sum
980 705 1291 760 mandatum
1321 702 1529 756 Patris?
1571 699 1802 755 Proinde
1832 707 1885 752 et
1912 697 1965 751 id

382 805 524 876 quod
565 800 808 873 adiungit
834 809 889 856 ct
918 799 1046 854 dicit
1071 813 1085 850 :
1114 795 1243 862 Qua:
1273 812 1363 865 ego
1394 793 1608 866 loquor,
1652 793 1785 846 sicut
1833 789 1968 843 dixit

382 896 512 950 mihi
541 894 718 958 Pater,
749 895 824 947 sic
868 891 1053 963 loquor
1081 904 1098 942 :
1123 906 1228 944 non
1273 887 1618 956 accipiamus,
1652 885 1786 938 dixit
1816 883 1963 946 mihi,

381 987 535 1058 quasi
557 1001 654 1056 per
675 985 836 1039 verba
859 982 1011 1055 [Ms.,
1041 980 1195 1051 quasi
1219 979 1404 1033 verbo.
1437 977 1597 1047 Aug.,
1627 976 1778 1045 quasi
1808 975 1969 1028 Pater

379 1077 570 1150 verba]
601 1077 812 1132 locutus
832 1075 902 1129 sit
930 1073 1089 1126 unico
1113 1070 1300 1131 verbo,
1336 1076 1427 1123 aut
1452 1068 1643 1139 egebat
1667 1067 1762 1120 Dei
1789 1066 1968 1120 verbis

385 1172 480 1229 Dei
505 1173 750 1226 verbum.
773 1169 920 1224 Dixit
943 1182 1072 1237 ergo
1095 1165 1256 1219 Pater
1277 1163 1432 1226 Filio,
1461 1162 1602 1216 sicut
1627 1160 1776 1215 dedit
1799 1159 1967 1212 vitam

381 1263 519 1318 Filio
544 1279 557 1315 :
582 1276 688 1316 non
709 1259 853 1329 quod
874 1257 1168 1319 nesciebat,
1186 1253 1271 1308 vel
1292 1268 1398 1308 non
1423 1251 1676 1313 habebat,
1701 1249 1794 1304 sed
1825 1249 1969 1318 quod

382 1355 499 1424 ipse
535 1351 705 1406 Filius
739 1357 876 1404 erat.
911 1345 1047 1414 Quid
1079 1352 1162 1401 est
1204 1352 1383 1398 autem
1410 1357 1424 1396 :
1451 1340 1598 1396 Sicut
1638 1340 1774 1394 dixit
1814 1340 1966 1407 mihi,

381 1447 458 1502 sic
505 1444 709 1516 loquor,
739 1443 840 1498 nisi
886 1441 1112 1496 verbum
1139 1437 1360 1510 loquor?
1401 1436 1480 1491 lta
1510 1436 1598 1490 ille
1628 1433 1763 1490 dixit
1791 1441 1849 1488 ut
1879 1448 1969 1488 ve-

381 1552 500 1601 rax,
530 1535 607 1589 ita
634 1536 736 1590 iste
757 1533 996 1603 loquitur
1019 1540 1078 1585 ut
1105 1531 1324 1586 veritas.
1375 1529 1550 1585 Verax
1582 1535 1760 1581 autem
1784 1525 1968 1595 genuit

381 1628 688 1684 veritatem.
717 1625 854 1693 Quid
873 1639 1002 1694 ergo
1026 1622 1138 1693 jam
1165 1622 1370 1678 diceret
1395 1619 1647 1676 veritati?
1677 1616 1792 1673 Non
1824 1618 1968 1673 enim

383 1718 698 1789 imperfecta
720 1726 836 1772 erat
863 1717 1084 1780 veritas,
1099 1716 1186 1770 cui
1209 1729 1397 1769 verum
1425 1712 1626 1783 aliquid
1653 1712 1966 1767 adderetur.

2069 514 2523 570 transvolantibus
2569 513 2744 578 sonis;
2795 519 3141 582 strepuerunt
3185 509 3368 582 [Aug.,
3399 519 3651 568 transvo-

2067 605 2238 660 lantes
2265 604 2382 659 soni
2417 601 2781 673 strepuerunt]
2811 601 3046 670 peractis
3076 601 3300 656 merulis
3345 611 3648 672 temporum

2066 711 2284 749 suorum
2313 713 2324 748 :
2351 693 2445 748 scd
2469 708 2556 748 res
2591 693 2738 764 ipsze,
2764 707 2992 762 quarum
3030 691 3180 762 signa
3218 699 3343 746 sunt
3377 693 3512 756 soni,
3538 702 3652 747 tra-

2067 795 2168 843 cta:
2195 785 2655 856 quodammodoin
2679 800 2864 839 eorum
2893 783 3210 838 memoriam
3233 785 3323 854 qui
3344 786 3650 851 audierunt,

2065 877 2229 932 etiam
2258 875 2326 930 ad
2355 891 2452 931 nos
2479 891 2575 946 per
2615 875 2844 939 litteras,
2870 888 2992 944 quae
3035 873 3265 928 visibilia
3307 874 3459 946 signa
3498 887 3647 940 sunt,

2065 975 2444 1039 pervenerunt.
2487 966 2642 1038 591
2677 967 2791 1021 Non
2819 967 2896 1021 sic
2923 965 3162 1037 loquitur
3186 967 3428 1021 veritas:
3453 967 3650 1023 intelli-

2066 1060 2315 1131 gentibus
2346 1057 2616 1114 mentibus
2646 1059 2790 1112 intus
2814 1058 3072 1127 loquitur,
3097 1059 3214 1112 sine
3243 1073 3376 1112 sono
3405 1059 3648 1120 instruit.

2068 1151 2388 1223 intelligibili
2428 1167 2558 1206 voce
2605 1151 2895 1222 perfundit.
2949 1150 3050 1217 Qui
3093 1165 3222 1221 ergo
3269 1159 3449 1220 potest
3494 1153 3548 1205 in
3585 1167 3654 1206 ea

2066 1244 2248 1298 videre
2291 1242 2589 1297 nativitatis
2631 1240 2748 1310 ejus
2783 1242 3169 1303 teternitatcm,
3222 1241 3336 1310 ipse
3379 1241 3526 1296 illam
3569 1244 3653 1298 sic

2067 1334 2219 1389 audit
2247 1333 2552 1404 loquentem
2570 1373 2583 1396 ,
2611 1333 2752 1387 sicut
2775 1333 2823 1386 ei
2849 1331 2984 1386 dixit
3021 1330 3204 1395 Pater,
3237 1330 3376 1401 quod
3407 1332 3655 1402 loquere-

2070 1435 2176 1478 tur.
2211 1423 2480 1478 Excitavit
2509 1439 2607 1478 nos
2635 1423 2700 1478 ad
2732 1438 2983 1493 magnum
3010 1421 3342 1477 desiderium
3371 1422 3654 1479 interioris

2069 1518 2364 1573 dulcedinis
2391 1532 2500 1572 suae
2523 1533 2536 1569 :
2562 1516 2653 1571 sed
2679 1515 2971 1571 crescendo
2999 1515 3300 1585 capiamus,
3323 1515 3654 1572 ambulando

2068 1625 2408 1675 crescamus,
2461 1606 2791 1677 proliciendo
2841 1606 3212 1670 ambulemus,
3259 1615 3320 1660 ut
3363 1607 3654 1675 pervenire

2068 1700 2335 1770 possimus
2367 1719 2383 1750 ι
2410 1713 2506 1768 per
2531 1697 2764 1768 seipsum
2807 1696 2873 1751 ad
2913 1697 3169 1768 seipsum,
3204 1697 3380 1767 seipse
3420 1698 3652 1754 docente

381 1774 530 1862 Diiit
553 1823 682 1880 ergo
703 1806 940 1871 veritati,
965 1805 1089 1876 quia
1112 1805 1297 1876 genuit
1318 1774 1625 1858 veritatem.
1654 1802 1824 1856 Porro
1852 1801 1964 1871 ipsa

2071 1808 2170 1846 nos
2191 1800 2239 1845 et
2273 1790 2621 1860 promittente
2654 1787 2809 1842 nobis
2831 1801 2846 1839 :
2868 1786 2978 1858 Ego
3005 1803 3120 1840 sum-
3155 1788 3258 1849 uia,
3287 1796 3334 1841 et
3365 1788 3574 1851 veritas,
3600 1799 3652 1841 et

381 1900 588 1955 veritas
614 1900 692 1954 sic
716 1898 976 1968 loquitur,
999 1907 1059 1952 ut
1088 1897 1136 1952 ei
1165 1897 1366 1952 dictum
1397 1903 1479 1951 est
1503 1913 1516 1949 :
1541 1895 1636 1950 sed
1665 1893 1967 1963 intelligen-

383 1989 550 2055 tibus,
580 2004 716 2058 quos
738 1989 896 2044 docet
925 1995 982 2042 ut
1014 1995 1170 2042 nacta
1203 1985 1361 2058 [Aug.
1392 1995 1438 2038 et
1462 1983 1557 2049 al.,
1589 1983 1736 2055 nata]
1767 1991 1869 2036 est.
1902 1981 1970 2037 Ut

383 2088 566 2136 autem
607 2080 892 2135 crederent
923 2078 1186 2142 homines,
1216 2076 1359 2146 quod
1387 2075 1683 2146 intelligere
1729 2072 1974 2126 nondum

390 2238 2153 2268 Μ

2067 1884 2191 1937 vita.
2241 1883 2339 1938 Via
2392 1881 2785 1952 querentibus,
2827 1879 3026 1934 veritas
3075 1877 3493 1943 invenientibus,
3539 1879 3652 1934 vita

2069 1973 2529 2047 permanentibus.

1633 2370 1728 2447 LI
1742 2368 1928 2444 BER
1983 2363 2238 2442 SEXT
2251 2363 2310 2440 U
2320 2363 2398 2440 ὃ.

454 2641 797 2699 Charissima:
825 2641 878 2696 in
903 2639 1122 2695 Christo
1143 2637 1316 2694 sorori
1337 2635 1502 2694 Gisla:
1530 2637 1661 2711 (AL,
1686 2635 1961 2708 Gislante],

2069 2633 2307 2696 Pascluv,
2337 2633 2506 2689 sciens
2517 2631 2696 2696 Iesus,
2710 2631 2831 2701 quia
2854 2630 2991 2685 venit
3017 2630 3146 2684 hora
3167 2631 3304 2700 ejus,
3335 2644 3395 2686 ut
3415 2643 3646 2689 transeat

384 2744 442 2790 et
471 2733 594 2788 tilia:
625 2733 736 2788 Deo
771 2740 908 2787 vol-te
943 2730 1237 2796 Columba},
1269 2729 1490 2784 humilis
1517 2727 1677 2783 levita
1708 2728 1976 2783 Alcuinus
2069 2739 2134 2776 ex
2163 2722 2260 2776 hoc
2305 2722 2498 2776 mundo
2529 2721 2598 2776 ad
2628 2718 2863 2775 Patrem.
2899 2739 2917 2772 ‹
2957 2720 2984 2759 ιι
3017 2720 3242 2786 Pascha,
3276 2721 3495 2789 fratres,
3538 2743 3645 2781 non

391 2823 622 2879 salutem
651 2835 699 2876 ιι.

2071 2813 2211 2869 sicut
2253 2814 2470 2883 quidam
2505 2812 2818 2870 existimant
2861 2810 3108 2866 Graecum
3157 2828 3354 2868 nomen
3384 2825 3509 2881 est,
3555 2817 3643 2871 sed

459 2916 541 2971 Ad
567 2916 818 2971 solatium
869 2913 1171 2969 sanctitatis
1198 2921 1392 2968 vestrae
1439 2913 1581 2966 hunc
1618 2910 1855 2966 libellum
1885 2909 1969 2965 di-
2000 2941 2046 3004 ο
2076 2905 2380 2960 Hebraeum.
2428 2903 2634 3004 Pascha
2677 2901 3169 3004 transitusﬁdici‘tur
3209 2903 3404 3004 in'sua
3447 2905 3646 2976 lingua,

389 3007 528 3074 rexi,
565 3005 832 3061 comattco
860 3016 1109 3057 sermone
1137 3002 1429 3068 dictatum,
1458 3011 1518 3057 ut
1561 3017 1683 3056 eum
1726 3000 1973 3056 habeatis

390 3100 478 3157 his
517 3097 723 3160 diebus,
756 3095 824 3148 ad
861 3094 1219 3148 exercendam
1259 3095 1314 3148 in
1353 3110 1417 3150 eo
1447 3102 1684 3149 vestram
1729 3101 1972 3148 sanctam

389 3189 776 3248 devotionem:
809 3186 936 3255 quia
976 3185 1238 3256 optimum
1283 3193 1368 3240 est
1411 3184 1466 3239 in
1512 3184 1605 3238 tali
1651 3182 1829 3238 studio
1873 3182 1974 3238 hos

391 3273 767 3332 sanctissimos
814 3289 1076 3344 peragere
1125 3273 1280 3338 dies,
1331 3280 1385 3327 et
1438 3273 1672 3326 maxime
1723 3272 1780 3326 in
1827 3271 1971 3326 beati

391 3366 615 3424 Joannis
661 3365 1004 3434 evangelistze
1044 3363 1356 3432 Evangelio,
1385 3363 1440 3416 in
1469 3379 1577 3432 quo
1626 3373 1752 3417 sunt
1781 3363 1973 3416 altiora

389 3458 647 3530 mysteria
662 3456 1004 3521 Divinitatis;
1037 3453 1180 3509 illius
1206 3468 1422 3523 quoque
1441 3453 1716 3523 Evangelii
1744 3453 1974 3508 sanctis-

393 3550 532 3606 sima
560 3548 722 3602 verba
753 3545 967 3601 Domini
1007 3543 1181 3600 nostri
1209 3542 1337 3598 Jesu
1364 3541 1584 3607 Christi,
1615 3558 1734 3611 quae
1765 3543 1973 3598 locutus

389 3647 478 3694 est
503 3653 568 3694 ea
594 3644 754 3692 nocte
780 3651 885 3705 qua
926 3634 1068 3688 tradi
1098 3633 1267 3688 voluit
1294 3647 1394 3702 pro
1425 3633 1609 3686 mundi
1639 3633 1830 3688 salute.
1864 3633 1970 3688 To—

393 3730 502 3782 tius
526 3727 751 3781 forsitan
795 3725 1069 3794 Evangelii
1096 3725 1490 3794 expositionem
1519 3723 1690 3779 direxi
1721 3723 1974 3796 [direxis.

392 3815 532 3888 sem]
557 3815 740 3881 vobis,
772 3815 817 3870 si
844 3830 932 3870 me
955 3830 1063 3869 non
1090 3823 1408 3884 occupasset
1432 3813 1637 3870 domini
1665 3815 1809 3885 regis
1835 3830 1972 3884 prte~

389 3915 607 3977 ceptum
639 3907 692 3960 in
715 3906 1090 3961 emendatione
1112 3906 1324 3962 Veteris
1348 3905 1590 3975 Novique
1614 3905 1971 3961 Testameuti.

389 3997 618 4064 Tamen,
641 3998 751 4053 Deo
775 3998 1094 4063 auxiliante,
1111 4005 1167 4052 et
1193 3998 1307 4051 vita
1334 3997 1550 4062 comite,
1573 4005 1808 4066 coeptum
1836 4013 1974 4067 opus

385 4088 685 4144 secundum
700 4089 1156 4158 opportunitatem
1173 4087 1429 4156 temporis
1441 4087 1748 4156 explevere,
1763 4097 1969 4142 vestro-

387 4193 498 4251 que
522 4180 728 4234 nomini
752 4186 1185 4234 consummatum
1214 4178 1550 4233 dedicavcro.
1580 4177 1733 4233 Nunc
1757 4193 1885 4232 vero
1915 4178 1970 4232 in

2075 3004 2356 3065 propterea
2377 2993 2501 3062 quia
2526 3000 2652 3046 tunc
2673 2991 2905 3062 primum
2935 2990 3137 3046 Pascha
3161 2992 3453 3047 celebravit
3481 3010 3640 3066 popu-

2073 3086 2157 3142 lus
2183 3085 2312 3151 Dei,
2335 3083 2549 3154 quando
2575 3098 2637 3138 ex
2670 3080 2905 3152 Egypto
2933 3079 3200 3152 fugientes
3230 3081 3468 3137 Rubrum
3497 3099 3646 3138 mare

2073 3177 2406 3232 transierunt
2435 3173 2632 3239 (Exod.
2669 3189 2779 3239 xw,
2809 3171 2922 3243 ‘29).
2947 3193 2966 3225 ι
2999 3172 3130 3239 Quae
3153 3171 3315 3243 ﬁgura
3342 3173 3394 3228 in
3423 3172 3644 3229 Christo

2073 3267 2368 3324 secundum
2397 3264 2680 3319 veritatem
2709 3262 2926 3332 impleta
2943 3262 3191 3328 est,dum
3219 3279 3310 3333 per
3332 3263 3638 3333 passionem

2073 3360 2250 3414 erucis
2279 3358 2534 3413 transiret
2561 3372 2627 3412 ex
2654 3357 2758 3412 hoc
2786 3356 2985 3410 mundo
3010 3356 3080 3411 ad
3107 3355 3343 3411 Patrem.
3387 3356 3466 3410 lta
3489 3357 3647 3412 nobis

2075 3449 2460 3504 transeundum
2487 3456 2574 3504 est
2603 3448 2670 3504 ab
2707 3448 2810 3502 hoc
2838 3447 3038 3502 munde
3069 3447 3140 3502 ad
3178 3446 3432 3513 Patrem,
3455 3463 3487 3502 a
3515 3457 3645 3503 tem-

2071 3541 2346 3611 poralibus
2391 3541 2462 3596 ad
2488 3549 2716 3605 aeterna,
2742 3540 2809 3594 ab
2854 3539 3139 3608 iniquitate
3184 3539 3252 3593 ad
3294 3539 3582 3610 justitiam,
3614 3557 3642 3594 a

2071 3631 2355 3700 decepture
2395 3631 2609 3686 diabolo
2637 3630 2703 3686 ad
2731 3629 3052 3684 salvatorem
3079 3629 3378 3684 Christum.
3407 3628 3538 3684 Cum
3565 3631 3642 3684 di-

2071 3723 2280 3778 lexisset
2299 3740 2424 3778 suos
2441 3723 2530 3794 qui
2550 3731 2696 3776 erant
2721 3722 2776 3776 in
2803 3721 3017 3787 mundo,
3033 3738 3195 3792 usque
3213 3722 3268 3774 in
3287 3721 3444 3790 finem
3470 3721 3645 3775 dilexit

2070 3834 2178 3872 eos.
2216 3836 2236 3870 ‹
2266 3817 2461 3887 Utique
2485 3823 2544 3870 ut
2571 3824 2626 3871 et
2655 3816 2757 3886 ipsi
2781 3816 2846 3871 de
2870 3816 2974 3870 hoc
3001 3815 3222 3878 mundo,
3248 3816 3342 3870 ubi
3374 3823 3550 3879 erant,
3579 3815 3644 3869 ad

2071 3925 2228 3965 suum
2255 3916 2436 3979 caput,
2462 3907 2605 3977 quod
2653 3907 2777 3962 hinc
2816 3906 3136 3969 transiisset,
3168 3904 3330 3977 592
3359 3905 3479 3974 ejus
3519 3907 3645 3962 dile—

2071 4000 2248 4055 ctione
2277 3999 2602 4054 transirent:
2629 4017 2648 4048 ι
2687 3995 2753 4051 1η
2779 3997 2960 4067 finem,
2979 3996 3030 4050 id
3061 4005 3142 4052 est
3171 3997 3224 4050 in
3251 4004 3536 4061 mternum,
3563 3997 3646 4050 di-

2071 4089 2196 4144 lexit
2221 4105 2326 4143 eos.
2354 4107 2372 4140 ι
2406 4087 2500 4143 Vel
2531 4089 2586 4141 in
2609 4087 2786 4156 ﬁnem,
2812 4087 2866 4140 in
2889 4085 3182 4153 Christum,
3213 4088 3336 4157 quia
3366 4088 3490 4144 ﬁnis
3517 4089 3647 4159 legis

2071 4177 2315 4233 Christus
2341 4185 2444 4232 est.
2476 4176 2666 4250 (Vens.
2697 4177 2776 4248 2.)
2824 4176 2892 4230 Et
2922 4193 3065 4231 creua
3087 4177 3205 4248 jam
3227 4177 3392 4248 facta.
3423 4179 3542 4235 Non
3574 4181 3645 4234 ita

388 4271 645 4344 praesenti
671 4271 932 4340 deprecor
960 4276 1022 4323 ut
1044 4267 1212 4323 nostri
1244 4267 1476 4323 nominis
1505 4267 1748 4321 habeatis
1769 4282 1970 4321 memo—
1996 4289 2049 4350 υ
2073 4269 2332 4325 debemus
2355 4268 2653 4339 intelligere
2695 4283 2906 4324 coenam
2951 4268 3178 4335 factam,
3197 4269 3360 4324 veluti
3376 4268 3492 4338 jam
3521 4288 3646 4327 con-

391 4361 530 4415 riam
551 4361 604 4415 in
629 4359 978 4415 sanctisacris
1003 4356 1207 4433 [Forte,
1231 4355 1614 4429 sacrosanctis]
1634 4357 1969 4412 orationibus

392 4452 622 4516 vestris;
645 4461 700 4506 et
725 4451 829 4505 hoc
851 4459 1064 4519 tempus
1089 4448 1488 4504 sanctissimum
1518 4447 1571 4503 in
1601 4446 1821 4502 servitio
1847 4462 1971 4502 san-

387 4539 628 4604 ctitatis,
659 4547 715 4594 et
741 4538 998 4608 religione
1027 4539 1342 4594 castissima:
1381 4538 1526 4602 vita),
1553 4545 1608 4592 et
1641 4537 1693 4592 in
1727 4537 1969 4593 lectionis

389 4629 570 4684 studio
619 4644 877 4698 prospere
927 4630 1239 4699 peragatis,
1294 4638 1560 4700 quatenus
1612 4631 1679 4686 ad
1723 4639 1966 4684 sanctum

387 4719 594 4775 Pascha
621 4720 1016 4788 pervenientes,
1034 4721 1316 4790 condignis
1335 4719 1582 4775 laudibus
1613 4721 1969 4779 resurrectio-

390 4824 518 4865 nem
566 4809 779 4866 Domini
825 4811 995 4866 nostri
1047 4811 1320 4866 celcbrare
1371 4811 1615 4866 valeatis.
1683 4810 1824 4880 Opto
1874 4827 1967 4866 vos

384 4913 606 4970 semper
633 4901 844 4967 valere,
872 4910 926 4956 et
967 4901 1020 4955 in
1049 4901 1196 4956 omni
1222 4901 1438 4971 pictatis
1466 4901 1722 4956 exercitio
1749 4900 1962 4967 ﬂorere,

389 4991 724 5049 charissima:
745 4992 992 5048 dominae.

931 5101 1158 5158 CAPUT
1209 5101 1421 5156 XXXII.

388 5213 621 5290 Surgens
645 5235 679 5290 ᾳ
705 5235 849 5290 caeno
887 5216 1011 5272 lavit
1050 5217 1203 5290 pedes
1227 5219 1641 5290 discipulorum,
1667 5220 1959 5290 exemplum

2070 4370 2340 4432 sumptam
2377 4359 2562 4432 [Aug.,
2592 4357 3043 4431 consummatam]
3071 4367 3232 4429 atque
3272 4369 3642 4416 transactam:

2069 4452 2244 4507 adhuc
2286 4451 2429 4505 enim
2475 4450 2826 4517 cmnabatur,
2857 4465 2980 4505 cum
3029 4450 3288 4506 Dominus
3329 4453 3557 4508 surrexit
3581 4462 3650 4508 et

2067 4546 2231 4614 pedes
2261 4543 2388 4598 lavit
2429 4543 2706 4614 discipulis
2741 4543 2872 4598 suis.
2923 4542 3058 4598 Nam
3084 4553 3269 4614 postea
3295 4545 3555 4611 recubuit,
3585 4556 3652 4602 et.

2067 4634 2360 4688 hucceliam
2397 4649 2496 4690 suo
2519 4635 2766 4689 traditori
2812 4633 2978 4688 dedit.
3011 4635 3176 4690 Coena
3213 4651 3342 4706 ergo
3373 4635 3532 4700 facta,
3561 4637 3642 4692 di-

2066 4733 2210 4780 ctum
2247 4733 2330 4780 est
2355 4724 2505 4797 [Ms.,
2531 4741 2684 4781 coena
2715 4741 2846 4796 ergo
2875 4725 3018 4780 dicta
3067 4724 3199 4798 est],
3220 4726 3334 4796 jam
3373 4735 3584 4796 parata,
3616 4745 3634 4776 ι

2066 4817 2474 4872 convivantibus
2493 4816 2767 4888 discipulis
2789 4833 2912 4872 cum
2941 4817 3221 4888 magistro.
3249 4815 3381 4871 Cum
3401 4817 3640 4870 diabolus

2055 4907 2174 4976 jam
2222 4908 2443 4962 misisset
2483 4909 2538 4961 in
2578 4923 2669 4961 cor
2704 4916 2759 4960 ut
2797 4907 3024 4961 traderet
3069 4923 3189 4960 eum
3231 4905 3405 4962 Iudas
3457 4906 3640 4962 Simon

2064 4995 2371 5052 Scariothis.
2410 5016 2428 5047 ι
2454 4996 2510 5052 Si
2541 4998 2738 5066 quaeris
2760 4998 2890 5067 quid
2914 4999 3138 5053 missum
3165 4999 3236 5053 sit
3258 4998 3310 5054 in
3339 5014 3434 5054 cor
3452 4998 3648 5054 Judze!

2065 5089 2176 5144 lloc
2220 5090 2428 5160 utique,
2456 5099 2512 5144 ut
2552 5091 2778 5145 traderet
2819 5107 2962 5144 eum.
3017 5090 3200 5146 Missio
3229 5092 3331 5146 ista
3380 5092 3649 5162 spiritalis

2061 5182 2333 5250 suggestio
2356 5189 2440 5236 est
2465 5199 2478 5235 :
2507 5201 2526 5234 ι
2554 5197 2659 5236 non
2687 5182 2741 5236 in
2762 5196 2924 5236 aures
2949 5182 3320 5252 corporalibus
3347 5183 3516 5247 sonis,
3538 5184 3636 5238 sed

454 5270 523 5339 ιε
541 5270 767 5361 agas;
784 5270 1003 5361 asa;
1029 5270 1234 5361 aia.-
1253 5270 1257 5271 ί
1275 5270 1559 5361 satis."
1575 5270 1960 5361 castigans

2068 5270 2115 5324 in
2139 5287 2233 5326 cor
2258 5273 2646 5328 consentientis
2669 5274 2883 5343 iniqua;
2932 5276 3072 5330 sicut
3113 5276 3256 5331 enim
3287 5276 3459 5332 bonas
3492 5277 3636 5346 cogi.

457 5358 690 5410 omnium
717 5357 996 5412 Dominum
1025 5357 1206 5427 fecisse
1233 5359 1539 5429 probantur.

2061 5367 2289 5421 taliones
2329 5367 2594 5438 benignus
2621 5366 2856 5436 Spiritus
2887 5368 3155 5434 itumittit,
3173 5369 3252 5424 sic
3276 5371 3436 5426 etiam
3464 5371 3648 5428 malas

457 5447 640 5502 Carur
685 5465 802 5514 xm,
835 5449 998 5504 Vens.
1033 5450 1080 5502 i.
1110 5481 1177 5490 —
1203 5449 1334 5503 Ante
1362 5451 1497 5504 diem
1549 5460 1722 5505 autem
1769 5449 1958 5519 festum
2058 5456 2412 5525 cogitationes
2455 5459 2721 5530 malignus
2765 5460 2986 5530 spiritus
3039 5463 3299 5533 suggerit.
3331 5479 3353 5516 ι
3403 5461 3514 5519 Sed
3555 5464 3639 5517 in-

456 5616 479 5641 ιι
516 5601 607 5688 'Dc
644 5603 765 5688 hac“
787 5604 1009 5686 cpistola
1041 5615 1095 5659 et
1121 5607 1190 5686 de
1202 5614 1454 5688 tempore
1482 5624 1589 5676 quo
1614 5608 1812 5688 scripta
1853 5616 1953 5670 est,

387 5673 560 5726 r-nmlc
579 5687 694 5740 qur
719 5673 947 5729 diximus
970 5675 1020 5727 in
1049 5676 1252 5729 inunita
1278 5673 1361 5729 his
1387 5673 1788 5733 conimentariis
1811 5691 1946 5746 prte-

2059 5607 2242 5663 misso.
2271 5607 2421 5666 ilanc
2447 5626 2552 5665 non
2583 5612 2746 5667 habet
2769 5613 2889 5668 cod.
2922 5629 3022 5668 ms.
3058 5613 3117 5669 S.
3145 5615 3532 5672 Emmeramni.

2127 5679 2152 5718 ιι
2189 5679 2262 5732 Ex
2302 5681 2358 5735 S.
2390 5681 2548 5752 Attg.,
2581 5690 2734 5739 tract.
2767 5697 2850 5751 LV,
2881 5699 3028 5739 num.
3061 5685 3164 5738 1-7.
