4000 6190
346 316 454 372 925
466 341 474 354 -

1160 313 1569 368 EXEGETICA.
1609 343 1678 351 ——
1715 311 2066 367 CUMMENT.
2109 313 2173 366 IN
2212 312 2403 370 JOAN.
2431 345 2501 356 —-
2529 313 2654 368 LIB.
2699 314 2780 371 VI.

3496 317 3598 373 9:26

347 434 532 491 terest,
558 425 876 494 quibusnam
903 437 1086 478 carum
1128 435 1280 477 mens
1322 423 1554 477 humana
1590 424 1910 488 consentiat,
1944 431 1984 483 Α
2016 437 2119 480 tus.
2151 425 2428 491 Quomodo
2455 435 2745 494 utrumque
2773 434 2828 479 et
2867 428 3094 483 mundus
3122 435 3286 490 totus,
3333 438 3511 485 tamen
3541 439 3599 485 et

347 516 529 572 divino
569 515 770 570 auxilio
815 512 896 566 vel
940 514 1150 568 deserta
1197 530 1294 582 per
1323 514 1592 578 meritum,
1623 513 1705 566 vel
1735 511 1914 581 adjuta

347 623 443 678 per
464 605 712 677 gratiam.
737 624 756 656 ι
792 603 920 658 Sine
945 603 1049 657 fide
1074 605 1316 674 proditor
1342 605 1440 658 iste
1471 604 1617 658 venit
1641 605 1706 657 ad
1736 605 1916 658 convi-

347 700 512 762 vium,
543 713 651 751 non
679 695 903 751 credens
929 696 1094 750 Deum
1123 709 1262 760 esse,
1284 710 1443 765 quem
1483 695 1690 749 tradere
1717 696 1918 766 cogita-

348 789 460 844 bat.
495 805 516 839 ι
551 785 846 842 Videbatur
887 793 938 840 et
983 784 1309 840 tolerabatur
1346 803 1358 836 :
1397 785 1448 838 in
1495 799 1557 838 eo
1601 800 1758 854 quem
1807 784 1916 838 falli

346 876 600 950 putabat,
627 873 942 941 fallebatur;
975 895 992 927 ι
1035 873 1189 944 cujus
1217 875 1420 929 malitia
1445 875 1655 928 bonitas
1682 874 1778 928 Dei
1804 884 1920 929 ute-

346 970 507 1023 batur
537 969 604 1022 ad
627 966 855 1022 salutem
882 966 1127 1021 aliorum.

416 1059 581 1113 Vens.
610 1058 662 1112 ὅ.
689 1086 762 1096 -
788 1075 806 1108 ‹
845 1055 1029 1112 Sciens
1060 1057 1184 1128 quia
1230 1057 1404 1111 omnia
1432 1056 1572 1110 dedit
1603 1057 1648 1110 ei
1677 1054 1839 1110 Pater
1865 1057 1919 1110 in

346 1162 551 1201 manus.
603 1145 741 1216 Ergo
767 1155 821 1201 et
861 1146 1032 1215 ipsum
1073 1145 1406 1201 traditorem.
1458 1147 1591 1200 Nam
1634 1147 1679 1201 si
1709 1162 1831 1201 cum
1867 1148 1918 1200 in

347 1237 597 1292 manibus
640 1253 746 1291 non
794 1237 1044 1299 haberet,
1089 1250 1194 1290 non
1227 1236 1410 1305 utique
1457 1236 1548 1291 illo
1593 1245 1833 1290 uteretur
1862 1245 1921 1289 ut

348 1324 526 1380 vellet.
571 1323 788 1379 Sciebat
817 1324 959 1378 enim
993 1324 1250 1380 Dominus
1275 1325 1402 1394 quid
1429 1324 1630 1380 laceret
1658 1341 1754 1395 pro
1782 1326 1919 1380 ami—

347 1415 572 1492 cis,qqui
619 1416 890 1486 patienter
935 1417 1188 1471 utebatur
1229 1417 1482 1471 inimicis.
1537 1417 1718 1472 Sciens
1763 1417 1920 1471 etiam

346 1513 469 1582 quia
495 1529 526 1566 a
551 1510 659 1565 Deo
686 1511 861 1577 exivit,
888 1519 934 1565 et
965 1511 1034 1565 ad
1054 1510 1221 1564 Deum
1241 1511 1383 1566 vadit
1409 1525 1425 1562 :
1449 1527 1547 1565 nec
1576 1510 1764 1576 Deum,
1795 1526 1919 1565 cum

346 1601 470 1656 inde
488 1602 690 1667 exiret;
719 1615 820 1657 nee
842 1616 943 1656 nos
965 1601 1242 1667 deserens,
1261 1617 1384 1656 cum
1404 1601 1619 1656 rediret.
1640 1599 1826 1672 (Vens.
1842 1599 1920 1671 4.)

348 1689 526 1762 Surgit
563 1709 594 1745 a
628 1707 804 1756 caena,
835 1700 884 1745 et
916 1692 1061 1761 ponit
1107 1692 1411 1746 vestimenta
1456 1709 1572 1745 sua.
1621 1691 1922 1746 Locuturus

2017 520 2178 589 pedes
2205 519 2252 574 ci
2291 520 2502 574 lavandi
2546 528 2688 583 sunt,
2711 540 2729 572 ι
2762 520 2865 574 nisi
2895 521 3020 588 quia
3065 522 3297 576 mundus
3341 531 3480 577 totus
3515 531 3599 578 est

2017 610 2070 663 in
2097 609 2308 664 lavacro
2330 611 2498 664 sancti
2532 609 2892 678 baptismatis,
2912 611 3107 664 iterum
3131 610 3348 679 pulvere
3369 620 3598 667 terrenae

2017 698 2362 752 habitationis
2383 699 2720 753 sordidatur?
2743 699 2894 754 Unde
2914 707 2964 753 ct
2987 715 3208 755 necesse
3233 700 3392 754 habet
3407 701 3598 756 iterum

2017 787 2184 841 lavari
2235 803 2332 856 per
2373 789 2600 858 gratiam
2649 786 2892 859 [lavacri]
2947 789 3141 843 divinae
3188 789 3424 857 pictatis,
3477 791 3602 844 licet

2017 875 2167 945 prius
2211 877 2397 931 eadem
2445 879 2614 948 gratia
2660 887 2804 932 esset
2837 887 2980 934 totus
3011 881 3330 946 mundatus,
3359 883 3602 952 apostolo

2018 964 2224 1019 Joanne
2249 974 2538 1021 attestante
2564 985 2576 1019 :
2601 967 2660 1021 Si
2691 967 2976 1022 dixerimus
3019 970 3140 1039 quia
3181 980 3448 1039 peccatum
3496 989 3597 1026 non

2019 1055 2287 1119 habemus,
2315 1071 2408 1108 nos
2433 1055 2573 1124 ipsos
2603 1055 2918 1124 decipimus,
2945 1065 2990 1108 ct
3013 1057 3204 1109 ueritas
3232 1058 3284 1111 in
3320 1059 3463 1112 nobis
3493 1075 3596 1113 non

2018 1153 2094 1199 est
2125 1143 2176 1217 (1
2203 1143 2362 1198 Joan.
2389 1161 2428 1208 ι,
2453 1145 2528 1216 8).
2558 1163 2576 1195 ι
2611 1145 2860 1211 Quotidie
2887 1146 3050 1215 igitur
3069 1147 3233 1214 pedes
3255 1146 3395 1199 lavat
3424 1148 3600 1209 nobis,

2018 1235 2109 1305 qui
2139 1235 2448 1304 interpellat
2474 1249 2574 1304 pro
2601 1235 2792 1289 nobis:
2819 1243 2873 1288 et
2911 1235 3150 1303 quotidie
3195 1249 3295 1288 nos
3330 1250 3464 1304 opus
3503 1237 3602 1289 ha-

2019 1327 2167 1390 bere,
2196 1330 2256 1378 ut
2300 1325 2463 1396 pedes
2505 1325 2769 1388 lavemus,
2823 1326 2876 1379 in
2908 1326 3020 1395 ipsa
3051 1326 3297 1380 oratione
3326 1326 3600 1379 Dominica

2020 1414 2356 1478 conﬁtemur,
2379 1431 2500 1469 cum
2524 1416 2778 1470 dicimus:
2798 1415 3012 1469 Dimitte
3034 1416 3178 1469 nobis
3199 1415 3371 1469 debita
3399 1425 3598 1479 nostra,

2020 1513 2153 1566 sicut
2177 1523 2222 1566 et
2238 1529 2330 1566 nos
2347 1513 2656 1565 dimittimus
2674 1511 2830 1581 593
2849 1509 3164 1564 debitoribus
3183 1510 3371 1563 nostris
3389 1509 3604 1580 (Matth.

2021 1619 2095 1666 vi,
2131 1602 2238 1674 l2).
2285 1623 2302 1654 ι
2333 1601 2398 1655 Et
2429 1619 2518 1656 vos
2565 1602 2746 1655 mundi
2791 1603 2942 1665 estis,
2971 1600 3058 1654 sed
3086 1617 3187 1654 non
3220 1617 3415 1654 omnes.
3451 1600 3604 1666 Quod

2021 1691 2346 1761 evangelista
2387 1691 2736 1759 sequentibus
2763 1691 2945 1746 verbis
2979 1690 3246 1759 exposuit.
3275 1689 3396 1745 Ideo
3422 1699 3603 1746 trans-

348 1781 670 1852 cvangelista
715 1783 782 1836 de
824 1791 975 1837 tanta
1023 1783 1233 1837 Domini
1275 1781 1594 1847 humilitate,
1625 1781 1774 1850 prius
1803 1781 1918 1850 ejus
1955 1769 1993 1826 Β
2025 1797 2210 1837 camus
2236 1783 2299 1835 ad
2330 1790 2542 1836 extera.

348 1870 714 1925 celsitudinem
745 1870 912 1926 voluit
958 1872 1356 1926 commendare.
1409 1870 1490 1925 Ad
1545 1872 1646 1926 hoc
1695 1871 1926 1940 pertinet

349 1962 491 2031 quod
512 1962 586 2016 ait
614 1979 627 2014 :
655 1960 832 2016 Sciens
859 1962 982 2034 quia
1012 1963 1187 2016 omnia
1213 1962 1352 2016 dedit
1376 1962 1422 2016 ei
1450 1959 1611 2016 Pater
1635 1963 1685 2016 in
1716 1979 1922 2016 manus.

349 2053 483 2106 Cum
526 2068 653 2124 ergo
696 2053 745 2109 ei
788 2053 968 2108 omnia
1017 2053 1250 2108 dedisset
1280 2053 1440 2107 Pater
1481 2053 1533 2107 in
1577 2069 1788 2117 manus,
1817 2069 1924 2107 non

351 2142 445 2198 Dei
494 2143 723 2208 Domini,
755 2145 847 2198 sed
891 2143 1125 2198 hominis
1173 2143 1312 2197 servi
1369 2143 1611 2212 implevit
1666 2142 1926 2197 ollleium.

351 2237 522 2292 Tanta
569 2244 652 2291 est
697 2236 894 2306 quippe
942 2236 1189 2290 human-.e
1239 2235 1557 2290 humilitatis
1607 2235 1836 2297 utilitas,
1869 2243 1930 2290 ut

351 2341 469 2382 eam
501 2343 598 2382 suo
626 2328 1025 2383 commendaret
1071 2327 1318 2397 exemplo
1349 2327 1511 2382 etiam
1540 2327 1719 2382 divina
1763 2328 1840 2383 sui
1863 2327 1928 2381 li-

353 2418 534 2474 mitas.
555 2439 573 2471 »
601 2417 776 2490 Surgit
804 2436 834 2474 a
863 2435 1004 2474 ca'nu
1024 2459 1041 2483 ,
1067 2418 1345 2474 descendit
1370 2418 1435 2474 de
1465 2419 1806 2482 etelcstibus;
1837 2437 1930 2489 po-

352 2511 460 2563 suit
504 2509 805 2563 vestimenta
850 2526 969 2572 sua,
1004 2508 1055 2561 id
1105 2516 1187 2561 est
1232 2507 1576 2576 semetipsum
1610 2507 1924 2561 exinanivit.

355 2604 543 2676 (Vens.
578 2603 655 2673 5.)
687 2603 815 2658 Cum
848 2603 1122 2673 accepisset
1152 2601 1389 2666 linteum,
1417 2601 1691 2669 pra'cina‘it
1717 2617 1790 2664 se,
1823 2599 1932 2655 for-

355 2709 496 2749 mam
538 2694 678 2748 servi
722 2694 968 2748 induens.
1016 2692 1175 2746 Mittit
1202 2708 1391 2762 aquam
1421 2692 1476 2744 in
1495 2689 1709 2760 pelvem,
1742 2690 1794 2744 id
1823 2699 1928 2756 est,

355 2786 491 2843 fudit
522 2787 834 2856 sanguinem
866 2801 1022 2841 suum
1049 2785 1102 2840 in
1132 2793 1351 2848 terram,
1374 2792 1431 2839 ut
1476 2785 1760 2839 mandaret
1789 2783 1840 2837 in
1873 2799 1930 2838 se

355 2876 687 2934 credentium
724 2875 947 2946 vestigia
976 2916 991 2940 ,
1022 2890 1141 2944 quae
1176 2875 1406 2930 terrenis
1435 2875 1671 2946 peccatis
1715 2873 1930 2928 sordida

355 2967 598 3034 fuerant;
629 2973 682 3021 et
710 2973 1012 3036 extergeret
1037 2965 1201 3020 linteo
1231 2981 1337 3034 quo
1362 2973 1480 3020 erat
1503 2964 1845 3035 praecinctus,
1878 2962 1930 3017 id

354 3066 438 3113 est
461 3058 702 3129 corporis
728 3057 807 3112 sui
831 3056 993 3111 linteo
1019 3071 1125 3125 quo
1151 3063 1266 3110 erat
1286 3056 1928 3126 przeeinetus,purgaret:

355 3149 483 3218 quia
521 3115 633 3203 tota
665 3146 751 3202 illa
783 3145 898 3214 ejus
935 3115 1116 3216 passio
1136 3187 1149 3211 ,
1179 3115 1360 3200 nostra
1389 3153 1472 3200 est
1493 3115 1772 3216 purgatio:
1791 3145 1928 3198 Dum
1959 3115 2004 3178 ε

357 3237 584 3297 formam
611 3238 750 3294 servi
781 3237 1006 3306 aCCepit,
1035 3252 1140 3291 non
1171 3235 1312 3306 quod
1335 3236 1564 3292 habebat
1589 3235 1811 3300 dimisit,
1837 3235 1930 3291 sed

357 3331 500 3403 quod
533 3346 638 3386 non
664 3330 890 3384 habebat
918 3327 1229 3398 assumpsit.

427 3421 593 3477 Vens.
622 3420 758 3476 6.—
775 3419 927 3474 Venit
942 3437 1061 3490 ergo
1083 3420 1152 3473 ad
1178 3417 1440 3473 Simonem
1458 3415 1694 3473 Petrum.
1717 3437 1735 3470 ι
1765 3429 1790 3459 ι
1813 3417 1930 3474 Non

360 3513 434 3565 ita
465 3510 862 3582 intelligendum
891 3519 994 3576 est,
1026 3510 1179 3579 quasi
1210 3509 1436 3563 aliorum
1467 3509 1693 3580 pedibus
1717 3509 1928 3576 lavatis,

362 3605 597 3660 venisset
623 3605 687 3658 ad
714 3604 950 3674 primum
982 3603 1368 3672 apostolorum,
1398 3603 1493 3658 sed
1520 3603 1645 3673 quia
1674 3602 1799 3659 inde
1823 3604 1933 3675 pri-

363 3713 507 3751 mum
551 3698 728 3767 carpit.
757 3718 773 3748 ι
808 3697 932 3751 Ideo
960 3697 1266 3767 expavescit
1301 3696 1526 3761 Petrus,
1557 3704 1618 3751 ut
1645 3697 1740 3750 Dei
1767 3695 1933 3751 Filius

361 3786 524 3856 pedes
575 3787 624 3841 ei
677 3788 910 3850 lavarct,
964 3786 1222 3841 Dominus
1274 3800 1452 3851 servo,
1507 3786 1652 3840 Deus
1703 3783 1929 3838 homini.

368 3895 386 3926 ι
421 3877 643 3944 Quando
695 3893 825 3949 ergo
866 3879 1029 3947 pedes
1073 3878 1459 3947 discipulorum
1512 3877 1694 3929 lavare
1743 3875 1930 3943 cmpit,

362 3969 507 4022 venit
532 3969 598 4022 ad
622 3984 743 4022 eum
773 3983 802 4021 a
833 3981 937 4036 quo
962 3969 1143 4037 coepit,
1170 3967 1222 4020 id
1247 3976 1330 4021 est
1351 3967 1417 4020 ad
1447 3966 1666 4020 Petrum
1693 3982 1706 4018 :
1729 3975 1784 4018 et
1808 3974 1935 4020 tunc

362 4059 570 4122 Petrus,
603 4057 744 4125 quod
771 4057 932 4111 etiam
959 4056 1186 4125 quilibet
1213 4070 1398 4110 eorum
1427 4055 1753 4124 expavisset,
1774 4070 1936 4124 expa-

362 4149 440 4204 vit
460 4157 620 4218 atque
640 4147 712 4200 ait
737 4165 748 4200 :
770 4146 1008 4209 Domine,
1023 4155 1078 4199 tu
1101 4146 1228 4201 mihi
1255 4145 1399 4200 lavas
1419 4147 1612 4217 pedes?
1631 4167 1648 4199 ι
1667 4146 1745 4202 Tu
1773 4147 1930 4210 Deus,

361 4253 462 4308 ego
490 4237 679 4301 homo;
711 4244 768 4290 tu
813 4235 1093 4301 Dominus,
1121 4252 1220 4308 ego
1245 4251 1464 4303 servus;
1498 4247 1552 4292 tu
1585 4237 1933 4308 Redemptor,

359 4343 464 4400 ego
513 4335 781 4396 peccator.
833 4327 1018 4399 (Vens.
1050 4325 1127 4400 7.)
1178 4326 1330 4393 Quod
1365 4344 1456 4398 ego
1495 4328 1656 4398 facio,
1685 4337 1738 4382 tu
1771 4331 1936 4384 nescis

362 4417 518 4474 modo
554 4430 570 4468 :
604 4416 732 4471 scies
778 4428 949 4469 autem
992 4426 1186 4486 postea.
1248 4416 1416 4486 Hujus
1452 4416 1576 4472 facti
1622 4419 1936 4488 mysterium

362 4509 591 4568 necdum
622 4507 894 4575 intelligis,
924 4508 1018 4561 sed
1045 4517 1229 4575 postea
1257 4507 1623 4562 intellecturus
1655 4507 1784 4573 eris,
1810 4507 1936 4576 quia

363 4606 410 4660 si
430 4615 476 4659 te
501 4620 604 4658 non
628 4601 821 4667 lavero,
837 4618 940 4655 non
958 4601 1167 4655 habebis
1186 4610 1385 4672 partem
1414 4617 1630 4654 mecum.
1651 4601 1840 4672 (Vens.
1857 4597 1936 4671 8.)

369 4695 510 4748 Dixit
536 4701 709 4748 autem
740 4689 927 4746 Petrus
953 4705 970 4743 :
1001 4691 1124 4746 Non
1150 4690 1348 4745 lavabis
1375 4691 1502 4744 mihi
1525 4691 1678 4762 pedes
1708 4693 1761 4745 in
1788 4700 1939 4745 ceter-

366 4804 509 4840 uum.
556 4785 838 4841 xEternum
863 4825 878 4850 ,
903 4799 1002 4852 pro
1032 4797 1304 4851 nunquam
1348 4783 1528 4852 posuit
1554 4801 1566 4834 :
1596 4784 1688 4838 sed
1719 4783 1939 4837 territus

367 4877 709 4946 responsione
748 4873 958 4930 Domini
1005 4871 1281 4940 subiunxit
1315 4888 1328 4926 :
1362 4873 1558 4944 (Vens.
1607 4872 1672 4944 9)
1717 4873 1937 4926 Domine

368 4983 468 5020 non
511 4975 709 5021 tantum
737 4967 910 5037 pedes,
937 4965 1030 5020 sed
1058 4977 1104 5020 et
1127 4975 1301 5037 caput,
1331 4973 1379 5018 et
1420 4981 1627 5019 manus.
1663 4983 1679 5014 ι
1713 4964 1936 5030 Quando

367 5054 582 5124 quidem
621 5055 700 5109 sic
743 5055 986 5121 minaris,
1012 5053 1234 5110 lavanda
1265 5055 1358 5109 tibi
1385 5068 1504 5109 mea
1539 5055 1799 5118 membra,
1831 5071 1938 5108 non

367 5143 539 5198 solum
582 5143 690 5199 ima
726 5161 830 5199 non
866 5146 1146 5210 subtraho,
1175 5161 1364 5200 verum
1395 5145 1556 5200 etiam
1599 5145 1772 5214 prima
1813 5146 1938 5200 sub-

367 5243 567 5290 stemo.
615 5235 731 5291 Non
759 5235 911 5308 [Ms.,
940 5237 1038 5310 Ne]
1065 5239 1197 5293 mihi
1232 5251 1400 5306 neges.
1423 5237 1734 5307 capiendam
1764 5245 1941 5291 tecum

366 5333 604 5398 partem,
635 5327 835 5383 nullam
885 5329 978 5382 tibi
1030 5344 1162 5398 nego
1208 5330 1523 5385 abluendam
1565 5328 1670 5382 mei
1701 5328 1944 5399 corporis

365 5425 596 5490 partem.
641 5417 938 5488 Respondit
963 5416 1119 5472 Jesus
1159 5435 1171 5470 :
1203 5419 1389 5490 (Vens.
1425 5418 1511 5493 10)
1542 5418 1645 5484 Qui
1686 5418 1820 5474 lotus
1847 5427 1940 5483 est,

369 5524 473 5563 non
503 5508 652 5563 habet
687 5525 815 5580 opus
862 5508 962 5563 nisi
997 5507 1150 5579 pedes
1176 5508 1370 5576 lavare,
1393 5510 1484 5565 sed
1507 5521 1582 5565 est
1607 5511 1834 5566 mundus
1867 5519 1945 5565 to-

444 5697 465 5722 α
507 5685 580 5739 Ex
615 5687 669 5741 S.
703 5687 864 5760 Aug,
893 5695 1027 5744 tract
1080 5670 1188 5753 LVI,
1218 5701 1365 5741 num.
1403 5685 1505 5741 l4.

2094 1877 2255 1930 Vens.
2287 1875 2372 1928 12.
2398 1905 2469 1913 —
2495 1873 2778 1945 Pos'quam
2816 1890 2936 1944 ergo
2973 1872 3092 1927 lavit
3129 1874 3283 1944 pedes
3312 1890 3522 1939 eorum,
3551 1873 3605 1928 id

2025 1976 2128 2032 est,
2162 1967 2380 2038 impleta
2404 1967 2785 2036 redemptionis
2809 1975 3006 2020 nostrm
3025 1967 3343 2037 purgatione
3364 1983 3460 2037 per
3488 1981 3614 2020 san-

2026 2059 2204 2128 guinis
2232 2059 2314 2112 sui
2344 2056 2679 2121 ell'usionem,
2727 2057 2922 2127 acccpit
2957 2059 3254 2112 vestimenta
3285 2075 3404 2123 sua,
3452 2056 3613 2111 tertio

2027 2145 2114 2198 die
2135 2143 2202 2199 de
2223 2145 2472 2215 sepulcro
2502 2160 2809 2216 resurgens,
2833 2153 2888 2199 et
2915 2147 3105 2200 eodem
3127 2160 3353 2215 corpore
3374 2160 3480 2215 quo
3500 2159 3615 2199 mo-

2027 2237 2269 2292 riebatur
2297 2239 2349 2292 in
2382 2253 2577 2303 cruce,
2609 2237 2927 2294 immortalis
2963 2238 3138 2294 factus
3173 2246 3257 2293 est
3287 2247 3344 2293 et
3366 2239 3610 2294 vestitus.

2028 2327 2095 2382 Et
2122 2345 2240 2382 cum
2263 2329 2578 2382 recubuisset
2602 2331 2811 2395 iterum,
2833 2329 3076 2385 ascendit
3099 2329 3152 2383 in
3172 2327 3390 2393 caelum,
3413 2329 3466 2382 in
3487 2330 3616 2384 dex-

2029 2429 2146 2474 tera
2174 2419 2269 2473 Dei
2300 2421 2514 2484 sedens,
2552 2428 2609 2474 et
2637 2421 2688 2474 in
2725 2421 3008 2490 majestate
3045 2429 3285 2491 paterna:
3317 2419 3616 2473 divinitatis

2030 2508 2370 2574 recumbens,
2401 2511 2540 2564 unde
2569 2511 2762 2564 iterum
2784 2519 3044 2564 venturus
3071 2520 3176 2575 est,
3199 2511 3446 2580 judicare
3465 2512 3618 2565 vivos

2029 2609 2085 2654 et
2121 2611 2380 2655 mortuos.
2427 2599 2686 2669 Sequitur
2729 2601 2872 2655 enim
2901 2619 2912 2654 :
2955 2601 3104 2655 Dixit
3140 2603 3214 2654 eis
3237 2615 3255 2652 :
3298 2600 3457 2655 Scitis
3489 2602 3616 2670 quid

2031 2691 2242 2760 fecerim
2280 2691 2419 2745 vobis
2442 2691 2466 2745 ?
2490 2691 2602 2746 lloc
2639 2691 2781 2745 enim
2827 2693 2902 2745 ait
2948 2692 3089 2760 quod
3130 2700 3254 2745 ante
3281 2692 3621 2761 praemiserat

2034 2781 2185 2854 [Ms.,
2217 2781 2600 2853 promiserat],
2653 2783 2776 2837 dum
2825 2782 2987 2836 Petro
3033 2781 3274 2852 apostolo
3302 2781 3617 2850 respondit:

2035 2872 2188 2938 Quod
2208 2889 2300 2942 ego
2327 2872 2483 2940 facio,
2510 2873 2675 2926 nescis
2698 2873 2872 2937 modo,
2895 2875 3024 2927 scies
3046 2883 3217 2927 autem
3239 2881 3438 2943 postea.
3465 2871 3619 2926 Nunc

2032 2971 2116 3019 est
2149 2963 2276 3019 illud
2304 2974 2444 3034 post,
2474 2965 2614 3034 quod
2638 2974 2760 3019 ante
2787 2965 3054 3034 promisit.

2105 3054 2267 3109 Vens.
2302 3055 2387 3110 15.
2414 3085 2485 3095 ο-
2538 3053 2642 3109 Vos
2671 3057 2864 3109 vocatis
2897 3072 2978 3109 me
3020 3055 3242 3109 Domine
3266 3065 3312 3109 et
3347 3055 3617 3126 magister,

2032 3155 2080 3200 et
2111 3146 2236 3200 bene
2281 3148 2473 3202 dicitis.
2507 3147 2739 3216 Utique,
2780 3149 2904 3218 quia
2931 3163 3121 3202 verum
3151 3147 3327 3202 dicitis
3351 3187 3366 3213 ,
3399 3164 3515 3202 sum
3545 3157 3622 3202 et-

2032 3239 2188 3292 enim.
2217 3237 2334 3294 Non
2365 3242 2684 3310 arrogantiae
2701 3249 2845 3312 typo,
2869 3241 2963 3295 sed
2985 3240 3232 3296 veritatis
3259 3238 3518 3308 obsequio
3541 3238 3624 3293 di-

2034 3325 2133 3390 xit,
2159 3341 2250 3396 ego
2288 3343 2402 3380 sum
2437 3340 2455 3378 :
2495 3327 2677 3398 (Vens.
2719 3326 2804 3396 M)
2839 3325 2898 3381 Si
2920 3343 3040 3396 ergo
3065 3342 3155 3396 ego
3180 3325 3282 3379 lari
3313 3335 3505 3380 vestros
3534 3341 3623 3395 pc-

2032 3415 2144 3482 des,
2174 3417 2430 3472 Dominus
2454 3427 2501 3470 et
2529 3418 2796 3487 magister,
2822 3427 2868 3470 et
2898 3434 2984 3471 vos
3013 3417 3208 3471 debetis
3240 3417 3375 3470 alter
3403 3414 3623 3470 alterius

2035 3502 2214 3560 lavare
2251 3507 2422 3578 pedes.
2457 3505 2514 3563 Si
2553 3521 2651 3578 ego
2681 3507 2823 3561 Deus
2852 3517 2905 3561 et
2948 3507 3207 3560 Dominus
3252 3507 3430 3560 dimisi
3469 3505 3624 3560 vobis

2035 3603 2256 3665 peccata
2282 3605 2481 3661 vestra,
2515 3604 2717 3667 quanto
2743 3595 2917 3664 magis
2943 3603 2999 3647 et
3027 3609 3121 3647 vos
3143 3595 3350 3648 debetis
3378 3594 3516 3648 alter
3546 3593 3623 3648 al-

2037 3688 2209 3742 terius
2235 3695 2456 3756 peccata
2483 3685 2796 3741 dimittere?
2829 3701 2848 3734 ‹
2883 3684 2910 3722 ι)
2935 3683 3000 3738 Et
3028 3683 3131 3740 hoc
3163 3693 3247 3740 est
3292 3686 3436 3756 quod
3480 3686 3622 3756 Apo-

2035 3777 2204 3831 stolus
2232 3778 2340 3830 ait:
2383 3777 2645 3830 Donantes
2685 3775 3088 3847 nobismetipsis,
3128 3777 3174 3830 si
3215 3779 3331 3848 quis
3377 3779 3622 3833 adversus

2035 3867 2259 3938 aliquem
2287 3867 2439 3920 habet
2468 3866 2674 3936 culpam
2700 3865 2923 3937 (Coloss.
2954 3886 3031 3932 ιιι,
3064 3869 3177 3940 15),
3203 3871 3343 3926 sicut
3365 3879 3419 3926 et
3444 3871 3623 3925 Domi-

2035 3974 2136 4013 nus
2173 3958 2394 4012 donavit
2418 3957 2600 4022 nobis,
2651 3959 2723 4012 ita
2753 3967 2808 4012 et
2834 3975 2931 4014 nos
2957 3959 3117 4031 (Aug.
3143 4001 3158 4025 ,
3192 3961 3412 4015 donavit
3433 3962 3621 4028 vobis,

2036 4050 2111 4105 ita
2135 4058 2192 4105 et
2209 4049 2349 4123 vos].
2375 4050 2609 4106 Invicem
2646 4051 2824 4119 itaque
2850 4052 3002 4106 nobis
3031 4052 3226 4107 delicta
3260 4053 3539 4120 donemus,
3568 4063 3624 4108 et

2036 4158 2136 4213 pro
2157 4144 2355 4198 nostris
2380 4143 2590 4198 delictis
2630 4144 2860 4199 invicem
2899 4159 3153 4210 oremus;
3189 4153 3348 4214 atque
3389 4144 3461 4198 ita
3489 4160 3622 4214 quo-

2036 4233 2323 4288 dammodo
2362 4233 2594 4289 invicem
2648 4234 2810 4302 pedes
2851 4242 3064 4287 nostros
3102 4232 3349 4288 lavamus
3391 4229 3532 4304 [Ms.
3579 4243 3628 4288 et

2041 4323 2200 4395 Aug.,
2230 4323 2514 4396 lavemus].
2546 4345 2564 4376 ›
2597 4322 2744 4378 Licet
2763 4331 2816 4377 et
2840 4323 2942 4377 hoc
2961 4323 3316 4394 corporaliter
3339 4323 3626 4378 charitatis

2036 4417 2233 4484 oilieio,
2265 4427 2321 4472 et
2366 4418 2685 4471 humilitatis
2715 4417 2960 4486 exemplo
2987 4416 3255 4487 aliquibus
3299 4416 3506 4470 utiliter
3543 4415 3622 4470 fa-

2038 4523 2161 4563 cere
2204 4508 2442 4577 placeat,
2493 4515 2669 4561 tamen
2709 4507 3022 4578 spiritaliter
3066 4508 3116 4560 in
3167 4508 3331 4562 corde
3372 4507 3624 4562 omnibus

2039 4588 2302 4668 agendum
2328 4607 2430 4662 est,
2453 4604 2513 4650 ut
2533 4597 2713 4651 debita
2746 4606 2927 4652 nostra
2954 4599 3007 4654 in
3034 4598 3262 4654 invicem
3293 4599 3628 4654 dimittamus

2039 4689 2214 4752 nobis,
2246 4688 2386 4742 sicut
2412 4705 2442 4743 a
2470 4689 2581 4743 Deo
2614 4699 2800 4745 nostro
2831 4691 2982 4746 nobis
3005 4692 3184 4747 debita
3207 4692 3402 4748 dimitti
3434 4693 3624 4764 depre-

2039 4795 2245 4834 camur.
2272 4779 2530 4849 Sequitur
2556 4782 2730 4835 enim:

2579 4895 2806 4952 CAPUT
2847 4897 3082 4952 XXXIII.

2046 5007 2167 5062 Non
2192 5025 2300 5080 esse
2331 5024 2529 5080 servum
2558 5008 2810 5080 majorem
2851 5009 3064 5080 domino
3094 5009 3290 5066 dicens.
3325 5018 3440 5080 post
3481 5017 3622 5065 testi-
3668 5029 3669 5032 ‘

2114 5079 2344 5132 monium
2373 5077 2656 5148 Scriptura'
2698 5096 2730 5132 a
2774 5078 2917 5132 Juda
2959 5096 3014 5134 se
3060 5077 3371 5132 tradendum
3416 5081 3624 5134 intincts

2113 5148 2263 5221 panis
2294 5149 2618 5221 porrectione
2656 5149 2952 5218 signiﬁcat;
2989 5159 3035 5202 et
3069 5149 3350 5217 discipulos
3377 5149 3626 5221 multipli-

2116 5217 2244 5269 citer
2270 5217 2594 5271 exhortatur.

2119 5328 2276 5381 Vens.
2317 5328 2398 5393 16,
2437 5329 2514 5381 l'i.
2548 5360 2618 5368 —-
2649 5329 2828 5392 Amen,
2859 5345 3008 5382 amen
3035 5328 3150 5381 dico
3180 5329 3356 5382 vobis:
3399 5328 3521 5381 Non
3551 5340 3622 5381 est

2043 5435 2219 5473 servus
2247 5418 2419 5488 major
2451 5419 2664 5473 domino
2698 5436 2823 5484 suo,
2869 5434 3030 5490 neque
3061 5415 3327 5489 apostolus
3369 5417 3542 5488 major
3567 5433 3628 5471 co

2044 5511 2132 5580 qui
2163 5510 2299 5562 misit
2339 5508 2506 5562 illum.
2536 5508 2592 5563 Si
2619 5509 2728 5563 lucc
2757 5510 2899 5562 scitis
2919 5550 2934 5574 ,
2966 5508 3102 5563 beati
3131 5508 3275 5562 eritis
3317 5508 3360 5563 si
3401 5505 3626 5578 feceritis

2120 5687 2147 5725 ιν
2175 5685 2250 5740 Iis
2284 5682 2341 5739 S.
2373 5684 2532 5757 Aug.,
2565 5693 2722 5741 tract.
2753 5702 2903 5752 Lvm,
2931 5702 3079 5741 num.
3106 5685 3157 5740 5.
