4000 6190
400 354 503 413 927

401 484 484 522 ea.
518 482 537 514 ι
575 475 600 503 ﬂ
625 457 739 515 Hoc
767 454 887 510 ideo
914 449 1066 508 dixit,
1097 445 1223 515 quia
1261 442 1469 495 laverat
1497 452 1562 506 pe
1583 435 1659 488 'es
1688 424 1976 497 diseipnlo-
2010 427 2049 481 Α

404 572 547 620 rum,
569 549 827 621 magister
851 539 1171 599 humilitatis
1189 546 1245 592 et
1274 534 1386 589 ver!
1407 547 1439 585 ο
1476 539 1533 585 et
1560 523 1804 594 exemplo
1827 539 1892 621 ι
1911 525 1984 621 .ut

402 610 567 700 verbo
593 610 923 705 «exemplo
951 646 1047 687 eos
1069 630 1363 685 instrueret
1389 624 1442 677 in
1470 615 1753 677 charitatis
1787 610 1981 667 ollicio.

1511 712 1606 774 ico,
1640 707 1692 761 id
1732 712 1846 767 est,
1880 718 1983 756 non

407 1018 644 1079 ptorum.
676 1000 779 1058 Sed
819 1008 875 1054 ut

406 1115 594 1171 panem
625 1108 849 1158 mecum,

410 1160 526 1253 est,
571 1182 806 1241 calcabit
830 1192 919 1235 me
957 1177 1116 1250 [Aug.
1138 1216 1153 1240 ,
1187 1169 1524 1230 conculcabit
1548 1162 1680 1234 me].
1708 1160 1996 1253 Manducat

410 1248 629 1348 panem,
677 1288 780 1327 non
809 1270 874 1324 ad
914 1248 1142 1324 salutem
1188 1264 1310 1327 sibi,
1350 1259 1447 1317 sed
1472 1258 1541 1313 ad
1577 1265 1829 1325 poenam:
1869 1248 1995 1318 quia

413 1340 785 1426 umiducavit,
821 1367 879 1413 ut
919 1358 1114 1411 lateret
1152 1353 1428 1425 proditor,
1467 1363 1572 1402 non
1613 1353 1675 1399 ut
1710 1340 2000 1414 proliceret

413 1465 644 1512 amator.
695 1450 835 1520 Quid
862 1457 945 1505 est
972 1447 1114 1517 quod
1154 1444 1259 1501 alio
1303 1443 1422 1497 loco
1468 1439 1636 1494 dicit:
1680 1435 1870 1490 Nonne
1906 1447 1997 1502 ego

414 1565 501 1602 vos
529 1544 805 1600 duodecim
825 1541 978 1611 elegi,
994 1548 1040 1593 et
1061 1553 1197 1591 unus
1217 1551 1280 1590 ea:
1306 1532 1444 1588 vobis
1464 1527 1704 1584 diabolus
1725 1534 1799 1581 est
1817 1522 1997 1597 (Ioan.

414 1659 494 1696 vi.
526 1620 651 1710 il)?
680 1645 735 1693 et
760 1636 849 1691 hic
871 1634 1029 1690 dicit:
1056 1630 1170 1701 Ego
1190 1630 1299 1683 scio
1324 1642 1453 1699 quos
1481 1619 1762 1693 elegerint?
1788 1617 2003 1710 Electus

415 1738 504 1786 est
530 1705 617 1784 ille
645 1726 831 1789 Iudas,
859 1739 964 1778 non
990 1721 1057 1776 ad
1081 1716 1490 1777 beatitudinem,
1517 1711 1612 1767 sed
1639 1710 1706 1764 ad
1743 1705 2001 1779 proditio-

416 1821 501 1876 nis
524 1816 804 1888 pertidiam
830 1814 898 1868 ob
924 1811 1151 1867 salutem
1188 1806 1394 1870 mundi,
1424 1819 1532 1859 non
1556 1816 1739 1866 suam,
1768 1798 1893 1869 quia
1922 1797 2001 1852 di-

415 1920 564 1968 ctum
587 1916 672 1965 est
696 1907 762 1964 de
789 1922 855 1962 eo
878 1922 892 1958 :
935 1903 1123 1960 Melius
1142 1909 1285 1957 esset
1310 1897 1513 1953 homini
1541 1896 1636 1961 illi,
1660 1895 1706 1950 si
1729 1908 1835 1947 non
1870 1890 2000 1945 fuis-

417 2010 502 2060 set
520 2011 679 2058 natus
705 1998 918 2072 (Matth.
942 2011 1091 2060 xxvi,
1112 1992 1225 2066 24).
1257 1992 1350 2047 lsti
1378 2004 1509 2044 vero
1534 1989 1601 2044 de
1626 1985 1823 2056 quibus
1841 1982 2001 2038 modo

417 2093 617 2149 dicitur
647 2088 799 2162 [Ms.,
825 2084 1017 2159 dixit]:
1045 2084 1158 2155 Ego
1187 2083 1295 2138 scio
1328 2097 1459 2152 quos
1484 2078 1749 2149 clegerim,
1776 2077 1844 2131 ad
1874 2076 2004 2129 bea-

423 2182 710 2237 titudinem
759 2186 974 2233 aeternae
1001 2175 1185 2246 gloria:
1226 2171 1385 2227 electi
1428 2176 1575 2225 sunt.
1628 2166 1827 2239 (Vens.
1881 2164 2001 2236 i9.)

427 2293 445 2323 ι
483 2270 708 2335 Amodo,
738 2268 932 2338 inquit,
963 2266 1081 2321 dico
1099 2262 1565 2341 vobislpriusquam
1590 2258 1711 2328 ﬁat,
1740 2265 1797 2311 ut
1823 2255 2005 2311 creda-

422 2363 511 2426 tis,
544 2376 662 2416 cum
688 2358 886 2429 factum
914 2355 1090 2427 fuerit,
1127 2352 1252 2424 quia
1278 2367 1372 2424 ego
1411 2366 1547 2403 sum.
1591 2348 1651 2403 Id
1689 2355 1801 2412 est,
1833 2342 2008 2418 [ego]

422 2468 563 2517 sum,
594 2451 660 2507 de
688 2463 794 2521 quo
815 2447 903 2502 illa
928 2444 1209 2516 Scriptura
1228 2440 1525 2514 prmeessit,
1550 2438 1640 2494 ubi
1663 2437 1867 2497 dictum
1888 2443 2009 2491 est:

423 2544 527 2610 Qui
555 2538 835 2596 manducat
858 2552 1057 2592 mecum
1084 2550 1300 2606 panem,
1320 2530 1506 2586 levabit
1534 2545 1693 2600 super
1721 2543 1802 2582 me
1828 2525 2005 2580 calca-

424 2649 576 2689 neum
606 2628 788 2703 (Psal.
831 2644 934 2693 XL,
967 2625 1079 2699 10).
1128 2645 1147 2679 ι
1180 2623 1366 2700 (Vens.
1402 2622 1526 2694 20.)
1568 2620 1671 2687 Qui
1713 2619 1921 2690 accipit,
1962 2617 2010 2672 si

422 2743 575 2799 quem
595 2726 805 2789 misero,
836 2738 917 2776 me
938 2720 1128 2791 accipit
1152 2733 1171 2773 :
1208 2718 1299 2792 qui
1328 2726 1501 2771 autem
1528 2731 1606 2770 me
1628 2713 1838 2784 accipit,
1872 2711 2008 2765 acci-

425 2819 495 2883 pit
525 2832 665 2883 eum,
694 2815 783 2888 qui
808 2808 890 2869 me
927 2813 1088 2867 misit.
1128 2828 1147 2863 ι
1182 2808 1316 2866 Cum
1346 2808 1463 2862 haec
1492 2805 1726 2870 dicebat,
1758 2818 1863 2858 non
1890 2802 2011 2858 uni-

428 2919 593 2965 tatem
623 2915 831 2963 naturte
869 2905 1073 2971 divisit,
1104 2905 1199 2959 sed
1238 2900 1502 2957 mittentis
1525 2897 1901 2955 auctoritatem
1922 2911 2011 2952 os.-

429 3001 615 3058 tendit.
636 2998 729 3055 Sic
755 2998 936 3070 utique
959 2995 1145 3069 [Aug.,
1166 2994 1245 3050 sic
1266 2990 1471 3065 itaque]
1498 2991 1867 3061 unusquisque
1887 3005 2011 3045 cum

428 3092 625 3164 quiest
652 3091 867 3155 missus,
892 3085 1138 3159 accipiat,
1170 3093 1230 3140 ut
1252 3085 1305 3139 in
1333 3083 1424 3139 illo
1451 3097 1575 3137 eum
1613 3083 1706 3153 qui
1733 3081 1899 3146 misit,
1927 3089 2010 3135 at-
2034 3126 2082 3191 ο

429 3181 650 3236 tendat:
689 3179 735 3234 si
759 3192 889 3249 ergo
912 3174 1160 3231 attendas
1185 3172 1460 3229 Christum
1484 3173 1540 3227 in
1564 3171 1747 3238 Petro,
1769 3169 2009 3225 invenies

430 3269 676 3340 discipuli
701 3276 1110 3340 praeceptorem.
1138 3264 1196 3319 Si
1227 3272 1406 3318 autem
1435 3261 1685 3316 attendas
1711 3260 1928 3316 Patrem
1954 3261 2015 3315 in

432 3360 586 3425 Filio,
617 3358 859 3413 invenies
889 3353 1485 3426 Unigcniti‘Gcnitorcm
1510 3367 1524 3406 :
1552 3367 1618 3407 ac
1643 3350 1803 3409 sicin
1827 3367 1893 3407 eo
1919 3351 2011 3421 qui

434 3452 631 3507 missus
675 3456 760 3504 est
797 3448 915 3502 sine
963 3444 1071 3499 ullo
1117 3443 1320 3513 accipis
1365 3456 1554 3497 errore
1605 3442 1928 3495 mittentem.
1986 3460 2009 3494 ι

435 3541 621 3611 (Vens.
651 3535 767 3610 21.)
798 3533 933 3590 Cum
959 3534 1069 3589 lucc
1089 3533 1306 3588 dixisset
1334 3532 1512 3599 Iesus,
1543 3531 1782 3586 turbatus
1807 3540 1883 3586 est
1909 3532 2016 3602 spi-

435 3630 562 3693 ritu,
590 3636 638 3681 et
662 3632 979 3699 protestatus
1021 3633 1132 3689 est,
1172 3630 1222 3676 et
1260 3621 1438 3676 dixit:
1481 3619 1678 3687 Amen,
1717 3637 1870 3676 amen
1897 3620 2015 3676 dico

437 3721 596 3785 vobis,
620 3721 745 3790 quia
771 3735 905 3772 unus
925 3734 990 3771 ex
1016 3716 1153 3771 vobis
1174 3716 1343 3771 tradet
1369 3733 1468 3770 me.
1507 3734 1524 3767 ι
1554 3715 1582 3755 b
1604 3714 1863 3770 Turbavit
1891 3729 2020 3770 eum

439 3811 725 3867 imminens
743 3808 923 3879 passio
943 3814 997 3861 et
1015 3805 1311 3877 periculum
1332 3806 1729 3877 proximum,et
1742 3804 2019 3862 traditoris

439 3898 749 3971 impendens
768 3914 980 3965 manus,
994 3896 1147 3968 cujus
1166 3897 1343 3953 fuerat
1358 3897 1718 3968 praecognitus
1737 3897 1970 3952 animus.
1992 3916 2012 3949 ι

438 3989 601 4063 594
628 3989 896 4046 Turbatus
923 3998 1008 4044 est
1033 3989 1213 4060 itaque
1244 3988 1459 4060 spiritu,
1490 3993 1641 4042 tanto
1678 3987 1885 4042 scelere
1909 3993 2020 4042 ιη-

438 4083 647 4140 ditoris.
676 4080 914 4137 Turbata
940 4088 1024 4136 est
1050 4081 1104 4135 in
1132 4095 1197 4136 eo
1221 4086 1404 4134 nostra
1444 4077 1759 4142 inﬁrmitas,
1784 4092 1892 4132 non
1921 4092 2019 4133 sua

439 4181 698 4244 potestas.
732 4170 886 4227 Sicut
924 4185 1026 4241 pro
1068 4170 1223 4225 nobis
1249 4183 1441 4238 passus
1469 4176 1588 4233 est,
1634 4167 1708 4222 ita
1742 4182 1839 4236 pro
1868 4167 2021 4221 nobis

441 4263 688 4319 turbatus
717 4270 822 4316 est.
853 4258 955 4327 Qui
983 4273 1113 4330 ergo
1151 4265 1420 4329 potestate
1445 4264 1690 4311 mortuus
1714 4264 1819 4322 est,
1851 4254 2024 4329 [pote-

442 4362 583 4410 state
610 4353 858 4408 turbatus
875 4348 982 4423 est]
1016 4362 1084 4404 ne
1116 4358 1297 4405 nostra
1327 4346 1664 4418 perturbatio
1691 4346 1744 4401 in
1771 4345 2024 4418 despera-

1247 334 1309 387 B.
1349 330 1410 385 F.
1450 322 1674 381 ALBINI
1713 317 1842 374 SEU
1898 309 2171 368 ALCL'IM
2212 299 2491 362 GFERUM
2532 294 2711 355 PARS
2747 294 2811 351 II.

2083 417 2183 471 fuit
2205 413 2493 483 unicuique
2519 427 2611 465 sua
2636 405 2991 470 conscientia,
3013 403 3105 459 sed
3126 403 3346 458 alterius
3371 402 3664 474 incognita.

3560 286 3661 344 928

2157 506 2317 562 Vens.
2352 503 2443 557 25.
2486 533 2543 541 -
2579 499 2709 553 Erat
2739 506 2915 551 autent
2945 494 3243 550 recumbens
3268 512 3404 549 unus
3424 494 3668 549 exdisci-

2081 598 2219 670 pulis
2244 597 2359 667 eius
2398 596 2451 648 in
2476 594 2595 648 sinu
2621 591 2749 646 Iesu
2769 631 2784 655 ,
2825 606 2979 661 quem
3008 586 3253 658 diligebat
3293 586 3470 641 Iesus.
3516 585 3669 653 Quod

2083 692 2315 754 dixerat,
2344 689 2399 741 in
2426 688 2565 748 sinu,
2599 683 2760 756 paulo
2783 688 2906 753 post
2933 679 3101 744 dicit,
3134 696 3291 750 super
3313 688 3492 750 pectus
3518 678 3668 733 Iesu.

904 950 1527 1069 ξἰςξρῖέαῦἷὲξξρξξηαε
1570 950 1674 1050 (lu;
1710 950 1989 1035 ηιαήάασαε
2089 962 2349 1032 tudo,qui
2364 975 2550 1016 sacras
2567 956 2722 1013 nobis
2741 955 2953 1009 litteras
2968 951 3366 1017 ministrarunt,
3382 957 3442 1006 ut
3462 950 3674 1021 quando

1946 1068 1953 1069 κ
1980 1068 1985 1069 ,
2124 1059 2138 1069 ε
2216 1056 2251 1069 ιο
2548 1068 2573 1069 η
2620 1050 2786 1069 j!__!__-
2819 1045 3147 1069 __.._._‘.-a---
3175 1044 3401 1069 ΙιέηιΛ-ειι
3460 1060 3578 1069 ιιι-...σι
3607 1044 3671 1069 ...Ι

906 1044 1172 1069 -κτ-η-ν-
1214 1044 1295 1047 τῇ.
1320 1044 1346 1062 ν,
1575 1044 1612 1050 η

880 1088 1064 1145 levabit
1089 1095 1271 1141 contra
1293 1099 1374 1137 me
1399 1079 1703 1136 calcaueum
1730 1087 1904 1127 suum.
1935 1068 1993 1123 Id

2111 1059 2159 1112 ib
2186 1056 2365 1126 aliquo
2394 1068 2583 1110 eorum
2611 1050 2794 1105 divina
2819 1045 3147 1102 narrabatur
3175 1044 3426 1111 historia,
3458 1060 3581 1099 cum
3605 1044 3674 1100 ad

2093 1148 2330 1219 seipsum
2357 1145 2585 1209 veniret,
2617 1151 2879 1211 tanquam
2898 1139 2963 1194 de
2991 1137 3098 1193 alio
3122 1137 3477 1206 loqueretur;
3513 1143 3570 1190 et
3597 1135 3679 1192 sic

2094 1255 2156 1295 se
2194 1239 2461 1293 insereret
2505 1231 2832 1289 ordinationi
2877 1228 3073 1301 [Aug.,
3123 1224 3331 1299 ordini].
3351 1226 3680 1282 narrationis

2095 1337 2497 1396 sum,tanquam
2520 1337 2701 1379 rerum
2722 1328 2998 1393 gestarum
3022 1318 3275 1389 scriptor,
3292 1332 3398 1372 non
3420 1304 3681 1386 tanquam

2098 1420 2181 1475 sui
2208 1418 2380 1489 ipsius
2406 1413 2747 1487 pnndicator.
2779 1410 2894 1467 Hoc
2931 1409 3060 1464 fecit
3099 1418 3157 1464 et
3196 1409 3389 1464 beatus
3426 1406 3676 1479 Moyses;

2100 1511 2178 1565 ita
2197 1510 2262 1565 de
2294 1523 2353 1563 se
2376 1508 2493 1577 ipso
2522 1513 2776 1574 tanquam
2806 1502 2872 1556 de
2898 1500 3003 1555 alio
3029 1509 3221 1555 cuncta
3252 1497 3495 1552 narravit
3512 1496 3675 1570 [Add.

2100 1620 2166 1658 ea:
2193 1602 2354 1674 Aug.,
2387 1608 2443 1657 et
2483 1592 2559 1652 ait
2587 1616 2599 1652 :
2632 1595 2768 1652 dixit
2797 1594 3058 1649 Dominus
3099 1592 3166 1646 ad
3208 1589 3452 1663 Moysen]
3481 1589 3680 1661 (Exod.

2104 1713 2181 1762 vr,
2211 1694 2285 1767 1).
2325 1713 2343 1746 ι
2372 1691 2657 1762 Diligebat,
2703 1703 2812 1743 non
2836 1701 2948 1757 pra:
2973 1684 3223 1740 omnibus
3248 1699 3414 1737 unum
3434 1723 3449 1747 ,
3481 1683 3576 1738 sed
3605 1681 3682 1735 fa-

2034 1787 2076 1846 Β
2102 1785 2367 1843 miliarius
2401 1783 2455 1838 in
2482 1780 2736 1837 omnibus
2762 1791 2951 1832 unum.
2994 1772 3258 1842 Quiddam
3288 1773 3343 1827 in
3370 1787 3435 1828 eo
3463 1773 3681 1837 dilexit,

2101 1879 2244 1950 quod
2272 1878 2326 1932 in
2351 1875 2473 1932 aliis
2495 1889 2603 1930 non
2634 1870 2842 1937 dilexit,
2872 1869 2924 1924 id
2952 1876 3055 1933 est,
3084 1874 3145 1921 ut
3168 1881 3267 1936 per
3288 1880 3474 1937 pacem
3506 1873 3684 1928 trans-

2102 1972 2205 2027 iret
2229 1970 2320 2044 [ex
2345 1970 2449 2025 hac
2469 1967 2602 2031 vita,
2625 1979 2731 2020 non
2752 1977 2850 2033 per
2877 1960 3181 2032 passionem
3206 1957 3409 2030 finiret]
3439 1959 3583 2013 hanc
3605 1959 3686 2011 vi.

2103 2072 2235 2117 tam.
2283 2059 2352 2114 In
2387 2059 2510 2113 sinu
2535 2056 2698 2120 Iesu,
2724 2052 2779 2109 id
2804 2059 2915 2118 est,
2948 2050 3004 2105 in
3032 2055 3243 2105 secreto
3265 2088 3279 2113 ,
3319 2046 3387 2102 de
3414 2062 3524 2117 quo
3556 2047 3686 2102 illud

2102 2150 2349 2207 mirabile
2374 2155 2431 2204 et
2452 2146 2703 2203 omnibus
2723 2142 2936 2199 saeculis
2972 2139 3276 2195 inauditum
3302 2138 3575 2193 eructavit
3601 2154 3685 2192 sa-

2104 2251 2485 2300 cramentum:
2522 2238 2590 2294 In
2616 2237 2873 2309 principio
2903 2244 3014 2289 erat
3062 2231 3323 2298 Verbum,
3363 2242 3413 2286 et
3456 2230 3688 2286 Verbum

2103 2346 2214 2392 erat
2245 2334 2386 2406 apud
2408 2333 2595 2397 Deum,
2623 2341 2673 2386 et
2707 2330 2851 2384 Deus
2877 2336 2989 2383 erat
3026 2325 3286 2381 Verbum-

2174 2428 2337 2484 Vens.
2363 2423 2452 2479 21.
2475 2455 2547 2464 —
2577 2440 2596 2474 ι
2633 2419 2818 2476 Innuit
2843 2427 3020 2475 autem
3043 2418 3166 2472 huic
3188 2417 3377 2472 Simon
3402 2413 3615 2480 Petrus,
3637 2426 3687 2470 et

2105 2522 2230 2575 dicit
2257 2519 2324 2574 ei.
2352 2516 2626 2573 lnnuendo
2647 2511 2809 2579 dicit,
2828 2527 2935 2568 non
2962 2510 3226 2582 loquendo
3249 2527 3264 2574 ;
3305 2507 3686 2580 signiﬁcando,

2107 2626 2215 2666 non
2239 2607 2498 2665 sonando.
2532 2604 2672 2673 Quid
2701 2603 2835 2659 dicit
2859 2601 3172 2657 innuendo?
3209 2599 3363 2668 Quo]
3400 2599 3643 2668 sequitur
3670 2616 3682 2650 :

2109 2703 2239 2770 Quis
2266 2710 2363 2768 est,
2389 2701 2452 2755 de
2475 2716 2578 2771 quo
2603 2697 2774 2753 dicit?
2796 2696 2922 2751 Haec
2948 2695 3110 2750 verba
3134 2693 3329 2748 Petrus
3354 2690 3556 2746 innuit:
3584 2706 3686 2743 nou

2108 2810 2241 2852 sono
2268 2793 2443 2859 vocis,
2463 2791 2557 2847 sed
2582 2797 2732 2845 motu
2753 2787 2998 2858 corporis
3022 2786 3177 2842 dixit.
3208 2785 3398 2855 (Vens.
3425 2783 3542 2855 25.)
3575 2780 3694 2835 Ita-

2106 2904 2207 2959 que
2234 2902 2350 2942 cum
2383 2881 2697 2940 recubuisset
2738 2879 2825 2935 ille
2871 2895 3031 2950 supra
3063 2884 3240 2949 pectus
3268 2875 3419 2930 Iesu.
3469 2873 3572 2929 Hic
3607 2881 3689 2928 est

2108 2978 2297 3047 utique
2319 2974 2555 3046 pectoris
2589 2971 2759 3036 sinus,
2791 2969 3068 3040 sapientia:
3092 2974 3393 3023 secretum.
3420 2964 3559 3020 Dicit
3597 2965 3644 3018 ei
3665 2977 3685 3014 :

2110 3069 2351 3135 Domine,
2377 3067 2493 3140 quis
2514 3074 2588 3121 est
2612 3063 2723 3137 [qui
2747 3061 2918 3117 tradet
2951 3060 3059 3134 te]?
3101 3060 3287 3131 (Vens.
3316 3057 3428 3130 26.)
3455 3056 3685 3128 Respon-

2111 3160 2188 3215 dit
2214 3159 2261 3213 ei
2279 3158 2473 3213 Iesus:
2514 3154 2615 3208 Ille
2636 3162 2735 3219 est,
2760 3153 2847 3206 cui
2870 3151 3147 3205 intinctam
3168 3164 3355 3218 panem
3383 3163 3686 3218 perrexere.

2110 3249 2179 3304 Et
2220 3265 2339 3303 cum
2365 3247 2663 3301 intinxisset
2689 3258 2876 3316 panem
2899 3282 2914 3309 ,
2945 3241 3087 3296 dedit
3117 3239 3276 3295 Iuda
3313 3237 3504 3294 Simoni
3543 3234 3679 3292 Sca-

2112 3341 2317 3396 riotltis.
2344 3338 2473 3394 Post
2516 3352 2703 3409 panem
2721 3375 2736 3402 ,
2768 3346 2892 3390 tunc
2929 3333 3159 3388 introivit
3186 3333 3242 3386 in
3266 3331 3412 3386 illum
3438 3329 3684 3385 Satanas.

2112 3433 2415 3503 Expressus
2447 3438 2533 3486 est
2573 3427 2834 3493 traditor,
2880 3422 3096 3479 nudata:
3133 3430 3262 3479 sunt
3290 3422 3509 3478 latebra:
3546 3428 3690 3476 teuc-

2112 3527 2336 3581 brarum
2362 3541 2376 3577 :
2402 3521 2605 3578 bonum
2625 3527 2708 3576 est
2733 3519 2874 3589 quod
2899 3517 3146 3587 accepit,
3191 3517 3286 3572 sed
3313 3515 3455 3571 malo
3483 3529 3578 3571 suo
3604 3529 3689 3568 ac‘

2113 3615 2281 3685 cepit,
2300 3613 2427 3685 quia
2450 3612 2589 3667 male
2601 3610 2809 3667 bonum
2826 3608 3246 3677 malusaccepit.
3261 3627 3279 3658 ι
3309 3625 3327 3657 ι
3350 3607 3374 3645 d
3395 3606 3529 3660 IIinc
3548 3605 3689 3660 enim

2115 3707 2339 3764 docetur
2359 3719 2521 3775 quam
2546 3703 2834 3775 diligenter
2852 3701 3008 3756 nobis
3026 3700 3325 3755 cavendum
3344 3698 3437 3763 sit,
3460 3699 3537 3754 sic
3558 3696 3689 3751 male

2117 3800 2363 3870 accipere
2389 3798 2611 3855 bonum.
2639 3793 2861 3850 Multum
2901 3792 3099 3864 quippe
3139 3792 3390 3847 interest.
3438 3806 3539 3846 non
3563 3788 3686 3857 quid

2118 3890 2366 3961 accipiat,
2398 3887 2494 3945 sed
2516 3886 2640 3956 quis
2660 3880 2927 3955 accipiat:
2958 3898 3059 3938 nec
3081 3882 3240 3951 quale
3262 3883 3333 3937 sit
3356 3882 3500 3953 quod
3517 3880 3687 3939 datur,

2118 3979 2211 4035 sed
2242 3976 2418 4049 qualis
2446 3975 2517 4032 sit
2540 3973 2654 4046 ipse
2678 3974 2764 4030 cui
2792 3975 2968 4030 datur.
2998 3972 3225 4028 Intravit
3257 3987 3389 4044 ergo
3407 3980 3527 4043 post
3554 3972 3690 4026 hunc

2119 4085 2313 4142 panem
2345 4068 2578 4124 Satanas
2607 4065 2662 4121 in
2705 4064 2919 4121 Domini
2953 4063 3303 4129 traditorem,
3354 4073 3415 4118 ut
3459 4062 3559 4118 sibi
3580 4061 3688 4129 jam

2121 4162 2380 4218 traditum
2408 4159 2617 4231 plenius
2642 4156 2962 4228 possideret,
3002 4156 3057 4211 in
3086 4171 3246 4227 quem
3289 4155 3443 4225 prius
3468 4155 3692 4209 intrave-

2123 4262 2226 4319 rat,
2257 4261 2317 4307 ut
2345 4251 2634 4321 deciperet.
2674 4269 2692 4301 ι
2724 4246 2888 4303 Auxit
2917 4246 3060 4302 enim
3086 4253 3367 4316 peccatum
3396 4243 3694 4300 traditionis

2120 4344 2469 4415 praesumptio
2495 4341 2839 4405 sacramenti,
2866 4353 2990 4394 cum
3016 4337 3251 4394 hominis
3287 4337 3483 4408 ingrati
3507 4337 3694 4390 intras-

442 4444 642 4499 tionem
673 4442 869 4497 cadat:
913 4439 1006 4495 sed
1033 4436 1137 4511 [in]
1176 4437 1576 4494 miserationem
1615 4436 2023 4506 proximorum,
2052 4469 2100 4527 ο
2123 4443 2207 4490 set
2248 4434 2403 4505 panis
2449 4432 2502 4487 in
2543 4438 2811 4497 ventrem,
2840 4429 3014 4486 hostis
3050 4429 3105 4483 in
3148 4436 3424 4483 mentem:
3458 4426 3693 4482 fortassis

441 4534 527 4590 vel
565 4534 617 4589 in
648 4529 881 4606 [veram1
907 4529 1280 4602 paenitentiam
1322 4534 1668 4599 peccatorum
1708 4534 2023 4583 nostrorum

441 4631 721 4686 vertatur;
753 4635 882 4694 quia
919 4619 1061 4673 illius
1086 4616 1419 4688 perturbatio
1457 4626 1643 4673 nostra
1672 4624 1755 4673 est
1779 4616 2024 4672 consola-

444 4715 538 4769 tio.
569 4711 756 4778 Amen,
784 4726 936 4766 amen
963 4708 1079 4763 dico
1106 4706 1264 4772 vobis,
1295 4706 1419 4778 quia
1445 4723 1581 4761 unus
1607 4722 1671 4761 ea:
1696 4706 1835 4761 vobis
1871 4705 2025 4761 hodie

443 4803 614 4857 tradet
643 4818 722 4857 me
772 4819 792 4854 ι
818 4811 841 4840 ο
860 4799 1010 4857 Unus
1041 4814 1287 4863 numero,
1318 4813 1424 4853 non
1453 4799 1676 4863 merito;
1700 4797 1900 4867 specie,
1919 4812 2025 4851 non

444 4896 680 4958 virtute,
717 4892 1097 4949 commistione
1138 4889 1436 4959 corporali,
1466 4905 1573 4945 non
1606 4888 1820 4943 vinculo
1860 4887 2014 4956 spiri-

449 4985 578 5051 tali;
619 4984 802 5039 carnis
827 4982 1186 5053 adiunctione,
1236 4994 1341 5035 non
1368 4981 1551 5036 cordis
1592 4980 1769 5034 socius
1796 4978 2022 5033 unitate.

448 5076 586 5145 Quid
609 5083 692 5132 est
719 5091 783 5130 ex
810 5074 981 5137 vobis,
1031 5072 1165 5138 nisi,
1210 5087 1277 5128 ex
1313 5072 1466 5126 vobis
1490 5071 1732 5125 exiturus
1774 5076 1885 5134 est,
1935 5066 2026 5137 qui

452 5166 627 5221 tradet
650 5164 779 5219 me?
805 5162 988 5236 (Vens.
1015 5160 1129 5235 22.)
1154 5160 1483 5233 Aspicicbant
1521 5176 1643 5230 ergo
1682 5158 1928 5229 discipuli
1957 5161 2026 5214 ad

451 5258 687 5323 invicem,
718 5255 1017 5310 haesitantes
1037 5252 1101 5308 de
1126 5268 1228 5325 quo
1254 5251 1464 5306 diceret.
1499 5248 1589 5305 Sic
1626 5250 1819 5322 quippe
1860 5249 1913 5304 iu
1950 5251 2029 5306 eis

450 5359 569 5403 erat
591 5366 717 5420 erga
754 5349 1068 5421 magistrum
1105 5361 1263 5403 suum
1303 5346 1392 5417 pia
1430 5345 1669 5401 Charitas
1691 5385 1705 5410 ,
1757 5352 1816 5398 ut
1847 5352 2025 5399 tamen

452 5456 545 5495 eos
568 5444 800 5497 humana
839 5442 1156 5497 alterutrum
1196 5442 1261 5498 de
1286 5439 1459 5495 altero
1497 5438 1777 5493 simularet
1805 5434 1946 5508 [Με.
1978 5445 2027 5490 et

453 5535 614 5605 Aug.,
653 5536 877 5590 alterum
918 5535 982 5592 de
1012 5536 1180 5591 altero
1208 5532 1532 5605 stimularet]
1558 5531 1857 5586 inﬁrmitas.
1892 5528 2026 5582 Nota

528 5685 549 5712 η
584 5671 659 5726 Ex
692 5669 749 5724 S.
781 5670 941 5741 Aug.,
967 5676 1126 5725 tract.
1157 5684 1268 5731 ιη,
1296 5666 1579 5741 num._l~3.

530 5746 554 5782 θ’
591 5741 662 5797 liv
697 5757 761 5795 co
784 5735 903 5803 'cui,
940 5746 1097 5792 tract.
1132 5754 1218 5803 ut,
1253 5752 1397 5789 num.
1442 5735 1488 5786 l.

2123 4539 2222 4596 per
2245 4523 2399 4594 panis
2427 4520 2826 4586 intinctionem,
2867 4520 3012 4574 illius
3056 4517 3367 4589 significans
3407 4518 3689 4579 fictionem,

2124 4617 2217 4687 qui
2242 4615 2400 4671 [ictus
2429 4614 2498 4670 ad
2522 4629 2732 4669 cumam
2756 4612 2903 4668 venit
2941 4611 3169 4677 amicus,
3200 4619 3253 4666 et
3286 4608 3459 4666 falsus
3495 4610 3559 4665 ad
3587 4625 3696 4663 ma-

2125 4706 2354 4778 gistrum
2379 4702 2572 4777 [vadit]
2598 4702 2910 4772 discipulus.

2203 4818 2222 4852 (
2262 4798 2414 4866 Quod
2435 4798 2594 4868 facis,
2622 4796 2708 4867 {ac
2728 4797 2903 4851 citius.
2935 4794 3050 4850 Non
3074 4794 3330 4866 prrecepit
3359 4792 3585 4857 facinus,
3604 4790 3694 4846 sed

2125 4889 2375 4961 praedixit
2394 4884 2544 4942 Iuda:
2565 4885 2787 4950 malum,
2813 4884 2967 4940 nobis
2984 4883 3207 4939 bonum.
3229 4881 3371 4950 Quid
3390 4882 3534 4937 enim
3555 4879 3699 4935 Iuda:

2125 4976 2299 5048 pejus,
2326 4984 2380 5031 et
2410 4975 2539 5047 quid
2568 4974 2727 5030 nobis
2762 4973 2974 5040 melius,
3015 4989 3178 5044 quam
3208 4972 3439 5027 traditus
3461 4970 3698 5026 Christus

2126 5070 2194 5125 ab
2225 5068 2359 5123 illo?
2393 5066 2559 5123 Citius
2593 5081 2612 5119 :
2642 5066 2745 5122 hoc
2774 5063 3021 5138 [verbum
3047 5064 3173 5138 hoc]
3196 5073 3275 5120 est
3296 5063 3418 5135 plus
3440 5063 3614 5134 parati
3633 5062 3699 5117 ad

2126 5160 2452 5230 passionem,
2481 5173 2644 5230 quam
2671 5158 2792 5213 irati
2824 5158 2891 5213 ad
2920 5158 3233 5213 vindictam.
3266 5155 3383 5210 Non
3419 5156 3568 5212 enim
3594 5163 3699 5210 tam

2127 5252 2196 5306 ad
2218 5252 2513 5323 perniciem
2546 5250 2735 5322 perfidi
2761 5248 3027 5305 saeviendo
3055 5250 3221 5313 dixit,
3254 5263 3416 5318 quam
3457 5248 3525 5301 ad
3565 5246 3702 5301 salu-

2130 5350 2236 5398 tem
2264 5341 2501 5397 fidelium
2529 5340 2854 5405 festinando,
2882 5339 3022 5412 quod
3051 5338 3207 5410 facis,
3245 5337 3331 5408 [ac
3363 5338 3523 5392 citius
3544 5352 3564 5390 :
3600 5354 3701 5393 non

2133 5435 2257 5503 quia
2288 5435 2340 5488 in
2372 5442 2459 5487 tua
2484 5441 2748 5501 potestate
2773 5441 2875 5497 est,
2903 5447 3065 5502 quem
3089 5431 3300 5493 tradas,
3333 5431 3425 5487 sed
3453 5430 3580 5499 quia
3605 5430 3702 5485 hoc

2132 5522 2247 5576 vult
2271 5522 2361 5590 qui
2389 5522 2567 5576 omnia
2594 5531 2787 5592 potest.
2819 5522 3014 5594 (Vnus.
3064 5520 3166 5585 28,
3208 5519 3332 5590 29.)
3377 5516 3494 5575 [Ioc
3536 5530 3704 5574 autem

2208 5669 2228 5694 τ
2259 5656 2333 5709 Ex
2361 5654 2415 5712 S.
2446 5656 2763 5727 Augustino,
2797 5663 2958 5710 tract.
2991 5672 3100 5719 LXI,
3133 5654 3425 5727 num..9._-(i.

2206 5727 2228 5763 "
2260 5727 2333 5781 Et
2366 5723 2572 5792 eodem,
2603 5735 2759 5781 tract.
2794 5743 2926 5792 Lxu,
2962 5743 3106 5780 mini.
3144 5726 3189 5792 l,
3216 5725 3268 5790 2,
3304 5724 3350 5788 4,
