4000 6190
271 307 274 310 _
312 225 412 283 929

1131 222 1538 278 EXEGETICA.
1583 252 1645 260 —-
1689 219 2042 274 COMMENT.
2087 221 2150 274 IN
2185 221 2375 277 JUAN.
2418 257 2482 263 -ν-
2522 225 2648 280 LIB.
2693 228 2776 282 Vl.

3470 225 3574 283 950

311 357 456 396 nemo
482 339 607 392 scivi
648 338 1102 399 discumbentium,
1123 336 1189 388 ad
1210 336 1334 406 quid
1356 335 1547 388 dixerit
1566 336 1632 387 ei.
1661 333 1887 399 Quidam
1919 341 1960 396 Α
1993 346 2172 390 autem
2204 337 2448 403 dixisset,
2482 339 2637 394 Nunc
2668 341 2991 410 clari/ianus
3021 351 3094 395 est
3124 338 3295 394 Filius
3322 340 3576 410 hominis,

310 434 444 488 enim
485 432 739 503 putabant
766 431 890 501 quia
919 429 1116 484 (oculos
1146 430 1361 483 habebat
1405 428 1595 490 Judas,
1633 429 1757 497 quia
1807 426 1890 478 di-

307 529 463 582 xisset
495 525 543 578 ei
572 524 766 578 Iesus:
794 523 924 577 Eme
951 541 1011 577 ea
1039 540 1154 593 qur?
1186 539 1314 594 opus
1339 531 1457 574 sunt
1483 519 1626 574 nobis
1657 519 1726 572 ad
1754 518 1890 571 diem

309 621 518 690 festum,
545 627 635 670 aut
674 625 730 669 ut
758 617 930 686 egenis
975 614 1175 685 aliquid
1215 613 1383 666 daret.
1416 611 1661 665 Habebat
1683 624 1812 680 ergo
1839 615 1893 662 et

310 712 567 766 Dominus
595 709 820 772 loculos,
849 716 903 762 et
931 723 960 760 a
987 705 1234 760 ﬁdelibus
1260 704 1438 760 oblata
1462 715 1808 762 conservans,
1839 705 1893 752 et

308 816 528 858 suorum
560 798 978 853 necessitatibus
1002 805 1056 851 et
1071 797 1196 848 aliis
1218 792 1578 863 indigentibus
1598 787 1886 844 tribuebat.

311 892 459 946 Tunc
485 891 722 961 primum
744 887 1126 943 ecclesiasticae
1162 885 1402 956 pecunia:
1430 881 1604 938 forma
1627 888 1710 935 est
1737 879 1893 933 insti—

312 991 442 1044 tuta,
472 981 562 1034 ubi
598 979 1035 1048 intelligeremus,
1066 979 1208 1046 quod
1237 974 1491 1046 prtecepit
1516 989 1622 1029 non
1649 972 1892 1041 cogitan-

309 1073 430 1128 dum
463 1085 585 1125 esse
632 1070 696 1124 de
724 1067 962 1124 crastino
990 1066 1218 1138 (Matth.
1247 1081 1300 1119 Vl
1321 1105 1336 1130 ,
1377 1063 1446 1119 54
1461 1073 1480 1134 )
1501 1103 1518 1129 ,
1549 1079 1656 1118 non
1690 1061 1757 1116 ad
1788 1062 1893 1116 hoc

307 1163 474 1216 fuisse
498 1169 847 1230 praeceptum,
880 1167 938 1212 ut
964 1157 1096 1212 nihil
1121 1157 1360 1226 pecunia:
1387 1162 1696 1209 servaretur
1718 1167 1747 1206 a
1767 1167 1893 1205 san-

303 1253 441 1326 ctis;
485 1251 578 1306 sed
608 1265 676 1304 ne
706 1250 817 1302 Deo
843 1262 940 1317 pro
970 1248 1070 1302 ista
1096 1247 1394 1310 serviatur,
1434 1253 1490 1300 et
1531 1252 1751 1313 propter
1775 1243 1892 1296 ino-

307 1344 408 1415 pia:
433 1343 678 1397 timorem
701 1340 910 1411 justitia
941 1339 1240 1394 deseratur.
1279 1357 1297 1390 ι

375 1431 536 1502 595
569 1431 730 1484 Vens.
764 1428 853 1483 50.
879 1457 948 1466 -—
971 1426 1104 1480 Cum
1133 1436 1305 1480 autem
1334 1425 1611 1495 accepisset
1640 1423 1728 1477 ille
1759 1423 1886 1477 buc-

300 1524 510 1587 cellam,
541 1523 668 1576 exiit
699 1522 969 1585 continuo,
1011 1529 1123 1573 erat
1160 1529 1333 1573 autem
1362 1534 1486 1572 nox.
1534 1518 1664 1572 Erat
1707 1525 1886 1571 autem

307 1617 420 1687 ipse
449 1632 576 1678 nox,
608 1615 698 1683 qu—i
729 1615 891 1676 exiit,
926 1621 983 1667 et
1021 1611 1164 1665 ﬁlius
1192 1612 1539 1666 tenebrarum
1564 1650 1578 1675 ,
1625 1619 1681 1665 et
1723 1624 1886 1678 opera

1993 427 2274 496 a«’junxit:
2317 429 2385 484 Et
2427 430 2568 484 Deus
2597 431 2920 501 clariﬁcatus
2967 443 3039 486 est
3077 433 3128 486 in
3159 449 3238 486 eo.
3272 432 3389 502 Ipsa
3429 438 3574 490 enim

1991 529 2074 574 est
2105 521 2421 576 clariﬁcatio
2449 522 2568 576 Filii
2598 524 2851 590 hominis,
2884 531 2942 578 ut
2979 525 3118 579 Deus
3147 524 3474 581 clariﬁeetur
3520 530 3574 582 in

1991 626 2076 665 eo.
2111 611 2226 667 Non
2250 614 2395 668 enim
2429 613 2619 684 ipsein
2644 615 2823 685 seipso
2851 614 3034 687 [Aug.,
3067 615 3110 669 si
3141 618 3284 670 enim
3322 633 3428 671 non
3459 619 3574 687 ipse

1992 703 2044 755 in
2073 703 2293 774 seipse],
2328 706 2419 759 sed
2461 705 2601 760 Deus
2635 707 2686 760 in
2717 707 2808 760 illo
2847 707 3202 769 clariﬁcatur,
3257 716 3380 762 tunc
3425 710 3573 762 illum

1991 792 2134 847 Deus
2155 795 2208 846 in
2234 810 2290 849 se
2311 795 2594 851 clariﬁcat.
2613 798 2854 867 Denique
2879 807 3131 867 tanquam
3154 801 3256 854 ista
3277 815 3572 868 exponens,
3617 818 3630 852 ι’

1991 881 2236 952 adjungit
2264 893 2319 938 et
2347 886 2511 938 dicit:
2558 886 2616 940 Si
2651 887 2794 941 Deus
2827 887 3148 957 clari/icatus
3176 899 3250 942 est
3293 891 3346 942 in
3389 907 3475 952 eo,
3527 900 3575 943 et

1988 972 2132 1026 Deus
2159 972 2470 1042 clariﬁcabit
2511 993 2629 1030 eum
2669 979 2726 1031 in
2766 978 3058 1047 semetipso.
3093 978 3205 1033 Hoc
3225 988 3330 1043 est,
3361 981 3406 1033 si
3434 980 3576 1034 Deus

1989 1062 2311 1132 clariﬁcatus
2333 1073 2405 1119 est
2428 1067 2483 1119 in
2509 1082 2590 1130 eo,
2622 1067 2714 1136 qui
2745 1082 2848 1121 non
2875 1068 3022 1121 venit
3049 1067 3226 1123 facere
3245 1069 3574 1123 voluntatem

1988 1170 2158 1215 suam,
2185 1156 2278 1210 sed
2306 1156 2634 1212 voluntatem
2660 1157 2778 1226 ejus
2802 1159 2895 1228 qui
2917 1159 3062 1213 misit
3086 1174 3207 1213 eum
3237 1178 3248 1212 :
3276 1158 3459 1230 (Vsus.
3485 1160 3574 1230 52)

1990 1245 2059 1298 Et
2085 1247 2228 1300 Deus
2268 1245 2581 1316 clariﬁcabit
2609 1265 2728 1302 eum
2753 1251 2809 1302 in
2849 1251 3143 1320 semetipso,
3168 1258 3228 1304 ut
3257 1260 3451 1304 natura
3478 1249 3575 1302 hu-

1988 1351 2170 1402 mana,
2187 1337 2241 1390 in
2263 1354 2369 1407 qua
2393 1345 2478 1392 est
2505 1337 2672 1394 Filius
2695 1340 2950 1406 hominis,
2971 1355 3090 1410 qua:
3115 1356 3142 1394 a
3177 1340 3354 1396 Verbo
3372 1350 3574 1396 (etet-n0

1988 1435 2234 1495 suscepta
2280 1435 2394 1492 est,
2443 1428 2606 1482 etiam
2636 1429 2928 1485 immortali
2972 1431 3275 1484 aeternitate
3321 1432 3572 1485 donetur.

1986 1515 2054 1569 Et
2075 1518 2344 1584 continuo,
2376 1520 2569 1588 inquit,
2598 1519 2910 1590 clariﬁcabit
2937 1538 3056 1575 eum
3079 1535 3097 1571 :
3122 1523 3573 1577 msu-rrcctionem

1985 1607 2194 1663 scilicet
2220 1625 2396 1675 suam,
2429 1625 2533 1664 non
2565 1611 2707 1666 sicut
2734 1620 2974 1666 nostram
3004 1612 3056 1666 in
3087 1612 3192 1666 ﬁne
3227 1614 3407 1668 sznculi
3431 1654 3446 1678 ,
3479 1614 3574 1669 sed

306 1705 510 1760 faciens
549 1704 912 1760 tenebrarum.
940 1702 1120 1756 Exivit
1154 1716 1283 1771 ergo
1309 1700 1376 1754 ad
1415 1715 1524 1756 sua:
1568 1699 1886 1770 perditionis
1917 1693 1962 1752 Β
1989 1699 2245 1754 continuo
2291 1699 2527 1755 futuram
2552 1741 2568 1766 ,
2625 1702 2727 1756 hac
2781 1704 3127 1758 attestatione
3173 1705 3492 1773 prmdieens.
3549 1725 3567 1756 ι

308 1797 685 1860 ministerium,
715 1803 771 1849 et
806 1795 874 1849 ad
915 1803 1115 1849 nostrae
1143 1792 1334 1848 salutis
1361 1791 1838 1864 [dispensationem
1865 1809 1880 1857 ;

305 1904 411 1943 non
431 1895 630 1942 nostrae
659 1884 870 1957 salutis]
904 1884 1356 1947 consideratione,
1382 1883 1473 1937 sed
1505 1898 1616 1938 suae
1643 1882 1895 1952 negatio~

302 1981 385 2035 nis
428 1978 578 2052 [Ms.,
628 1976 1032 2049 negotiationis]
1082 1977 1398 2032 intentione.
1453 1975 1590 2029 Hinc
1632 1974 1886 2044 impletur

301 2071 444 2140 quod
469 2069 757 2125 Psalmista
785 2069 861 2122 ait
887 2085 900 2121 :
942 2067 1066 2120 Dies
1095 2067 1200 2120 diei
1220 2074 1423 2120 eructat
1452 2064 1682 2128 uerbum,
1703 2063 1755 2116 id
1779 2072 1880 2126 est,

305 2161 554 2218 Christus
584 2159 860 2230 discipulis
882 2159 1164 2228 promebat
1186 2158 1406 2211 verbum
1435 2154 1657 2210 salutis:
1690 2153 1759 2207 Et
1783 2171 1886 2209 nos;

302 2255 440 2309 nocti
462 2253 660 2308 indicat
687 2252 957 2307 scientiam
989 2248 1162 2322 (Psal.
1189 2264 1344 2313 xvm,
1373 2248 1429 2319 ὅ)
1451 2288 1465 2312 ,
1508 2248 1561 2302 id
1587 2255 1690 2312 est,
1719 2244 1887 2301 Judas

302 2343 498 2399 ludatis
520 2341 812 2413 proditoris
842 2339 996 2412 μη,
1027 2335 1370 2408 proditionis]
1413 2336 1673 2390 malitiam
1701 2343 1887 2390 osten-

303 2435 400 2489 dit.
446 2433 600 2488 Nunc
628 2431 831 2501 majore
874 2429 1172 2484 intentione
1205 2428 1367 2482 verba
1399 2425 1610 2480 Domini
1643 2424 1888 2479 conside—

305 2523 473 2577 randa
499 2530 643 2587 sunt,
676 2537 794 2590 quae
821 2520 936 2590 ipsa
965 2525 1124 2572 nocte
1156 2524 1281 2571 ante
1322 2513 1664 2569 traditionem
1703 2527 1886 2567 coram

304 2611 459 2684 [Αἴθη
481 2620 604 2665 ante
631 2610 934 2665 traditionis
974 2605 1186 2678 horam]
1229 2603 1505 2674 discipulis
1542 2602 1890 2673 singulariter

305 2701 643 2770 loquebatur.
681 2697 1103 2754 Profundissima
1150 2705 1274 2751 sunt
1318 2696 1374 2749 in
1418 2695 1726 2766 mysteriis;
1768 2693 1888 2748 ideo

307 2791 397 2847 ubi
428 2790 657 2845 multum
678 2789 1022 2845 laboraturus
1043 2797 1125 2843 est
1148 2787 1470 2854 disputator,
1501 2801 1607 2840 non
1631 2785 1891 2839 remissus

303 2899 424 2940 esse
450 2885 607 2938 debet
648 2883 880 2938 auditor.
917 2880 1095 2935 Altius
1131 2878 1520 2934 consideranda
1565 2885 1689 2931 sunt
1725 2875 1890 2931 Altis-

305 2973 428 3027 siuIi
458 2973 620 3036 dicta,
651 2971 742 3042 qui
771 2970 1009 3026 occultat
1029 2977 1087 3023 ut
1117 2983 1444 3039 quaeramus,
1481 2975 1538 3022 et
1581 2965 1890 3022 manifeth

305 3071 364 3115 ut
395 3063 754 3118 inveniamus.
780 3061 897 3131 Ipse
929 3069 1011 3116 est
1037 3059 1128 3129 qui
1157 3059 1380 3124 claudit,
1408 3066 1466 3112 et
1489 3056 1662 3126 aperit
1688 3074 1701 3109 :
1742 3057 1887 3111 clau-
1911 3046 1958 3106 (Ξ

308 3154 386 3207 dit
415 3162 474 3207 ut
495 3167 831 3222 quieramus:
859 3149 1032 3218 aperit
1059 3157 1118 3204 ut
1143 3149 1500 3212 inveniamus,
1522 3158 1581 3202 ut
1606 3148 1890 3216 inquisitor

305 3245 543 3300 fructum
581 3242 810 3312 accipiat
835 3240 1048 3296 sudoris
1081 3241 1199 3306 sui;
1240 3248 1294 3294 et
1329 3239 1556 3310 largitor
1590 3238 1804 3293 laudem
1835 3246 1890 3292 et

310 3334 518 3406 gratias
543 3333 801 3388 bonitatis
821 3346 932 3387 suae
959 3331 1175 3386 habeat.

379 3425 540 3481 Vnus.
556 3425 616 3479 3|
629 3462 642 3476 .
656 3422 885 3477 —Dia:it
901 3421 1056 3476 Jesus
1073 3436 1090 3473 :
1109 3421 1266 3475 Nunc
1283 3420 1607 3490 clariﬁcatus
1625 3429 1698 3474 est
1715 3418 1888 3476 Filius

307 3517 562 3582 hominis,
594 3525 642 3570 et
689 3516 831 3570 Deus
869 3514 1194 3577 clariﬁcatus
1233 3523 1308 3568 est
1350 3515 1405 3567 in
1450 3530 1529 3568 eo.
1562 3513 1662 3568 Hic
1687 3512 1889 3584 aliquid

309 3621 562 3677 magnum
602 3605 866 3676 signiﬁcat
896 3605 951 3659 in
982 3605 1084 3658 hac
1121 3603 1526 3660 clariﬁcatione.
1579 3622 1598 3655 ι
1652 3616 1678 3644 α
1710 3603 1891 3660 Exivit

308 3696 495 3762 ludas,
520 3706 573 3752 et
592 3697 917 3752 clariﬁcatus
944 3704 1026 3752 est
1057 3695 1252 3763 Iesus;
1293 3697 1426 3752 exiit
1462 3696 1606 3752 ﬁlius
1633 3697 1892 3767 perditio-

311 3789 415 3853 nis,
443 3795 497 3842 et
516 3787 844 3844 clariﬁcatus
865 3796 948 3843 est
969 3787 1135 3842 Filius
1161 3789 1412 3842 hominis.
1439 3787 1683 3840 Exeunte
1709 3787 1891 3855 itaque

310 3880 587 3934 immundo
622 3895 814 3934 omnes
853 3877 1039 3932 mundi
1067 3883 1581 3952 remanserunttet
1623 3890 1748 3928 cum
1793 3890 1892 3929 suo

309 3972 628 4026 mundatore
659 3975 992 4022 manserunt.
1024 3967 1153 4020 Tale
1181 3965 1385 4034 aliquid
1411 3965 1536 4031 erit,
1568 3980 1690 4019 cum
1717 3964 1893 4020 victus

309 4079 342 4116 a
371 4061 588 4116 Christo
612 4058 839 4113 transiet
863 4055 1043 4128 [Αιᾳι.³
1079 4053 1374 4126 transierit]
1421 4055 1510 4109 hic
1545 4054 1798 4122 mundus,
1838 4063 1893 4111 et

307 4165 471 4206 nemo
497 4149 550 4202 in
585 4147 780 4218 populo
808 4146 1008 4201 Christi
1036 4145 1332 4200 remanebit
1357 4146 1665 4201 immundus
1690 4164 1702 4199 :
1743 4161 1890 4211 cum,

309 4241 538 4297 zizaniis
565 4257 594 4294 a
622 4240 802 4294 tritico
837 4239 1130 4307 separatis,
1153 4238 1284 4309 justi
1328 4237 1606 4308 fulgebunt
1647 4239 1787 4293 sicut
1813 4238 1892 4294 sol

309 4336 368 4390 in
410 4349 577 4404 regno
620 4331 798 4386 Patris
825 4331 908 4385 sui
941 4328 1153 4402 (Matth.
1189 4346 1310 4395 xm,
1346 4328 1460 4400 45).
1500 4349 1518 4382 ι
1554 4330 1631 4384 De
1655 4329 1755 4384 hac
1783 4329 1890 4384 cla-

312 4425 613 4483 riﬁeatione
641 4423 820 4478 futura
849 4429 1160 4478 sanctorum
1182 4421 1481 4484 locuturus,
1509 4421 1674 4475 verbo
1698 4428 1894 4489 praete-

313 4519 403 4572 riti
435 4515 689 4585 temporis
715 4521 799 4568 est
827 4528 956 4567 usus
981 4528 995 4577 ;
1037 4513 1161 4580 quia
1188 4511 1330 4581 quod
1351 4511 1588 4565 futurum
1617 4510 1672 4564 in
1694 4509 1896 4564 sanctis

312 4616 420 4670 est,
455 4607 556 4660 hoc
580 4606 634 4659 in
660 4603 1136 4673 prtedestinatione
1164 4601 1259 4656 Dei
1301 4600 1501 4656 factum
1533 4617 1652 4657 esse
1675 4601 1890 4656 dicitur.

321 4718 341 4750 ι
381 4698 536 4754 Nunc
565 4697 886 4765 clari/icatus
916 4703 988 4750 est
1019 4692 1069 4746 F
1072 4693 1194 4746 ilius
1233 4693 1494 4758 hominis;
1527 4701 1781 4763 tanquam
1809 4693 1893 4748 di—

316 4799 468 4846 ceret
493 4808 505 4842 :
548 4790 684 4844 Ecce
713 4787 769 4840 in
796 4786 883 4840 illa
911 4799 1029 4840 mea
1068 4783 1456 4838 clariﬁcatione
1494 4783 1624 4852 quid
1652 4783 1778 4847 erit,
1805 4783 1893 4838 ubi

319 4881 584 4935 malorum
623 4879 802 4934 nullus
848 4877 971 4932 erit.
1005 4874 1104 4930 Hic
1132 4883 1315 4930 autem
1346 4873 1528 4946 [Aug.,
1561 4872 1652 4928 Sic
1693 4873 1896 4944 autem]

319 4989 428 5028 non
457 4981 541 5026 est
561 4972 760 5027 dictum
789 4988 800 5023 :
830 4969 982 5023 Nunc
1008 4965 1307 5037 signiﬁcata
1345 4973 1429 5020 est
1468 4963 1782 5019 clariﬁcatio
1807 4962 1902 5018 ﬁlii

321 5063 555 5118 hominis
578 5079 592 5127 ;
633 5061 724 5116 sed
749 5062 949 5115 dictum
971 5067 1076 5124 est,
1101 5057 1257 5112 Nunc
1283 5056 1604 5124 clariﬁcatus
1629 5065 1704 5109 est
1728 5053 1902 5109 Filius

321 5155 546 5210 hominis
573 5169 589 5206 :
618 5153 1069 5223 quemadmodum
1105 5167 1210 5205 non
1249 5157 1331 5204 cst
1363 5147 1564 5203 dictum
1593 5165 1605 5200 :
1646 5145 1806 5200 Petra
1832 5146 1905 5200 si-

1924 4389 1970 4446 D

1985 1789 2170 1861 (Vnus.
2204 1791 2318 1864 5'5.)
2364 1791 2584 1860 Filioli,
2613 1794 2784 1848 adhuc
2822 1795 3086 1849 modicum
3127 1796 3389 1850 vobiscum
3433 1813 3569 1850 sum.

1984 1882 2118 1937 Cum
2157 1894 2336 1940 autem
2372 1886 2620 1954 prazdixit
2663 1886 2731 1940 de
2772 1886 3158 1943 clariﬁcatione
3207 1887 3373 1942 futuri
3420 1888 3574 1956 regni

1988 1973 2093 2040 sui,
2122 1983 2177 2029 et
2198 1975 2264 2030 de
2287 1975 2674 2030 clariﬁcatione
2705 1978 3118 2032 resurrectionis
3143 1993 3273 2042 suae,
3304 1993 3424 2047 qua:
3447 1993 3572 2032 mox

1987 2064 2169 2120 futura
2202 2076 2320 2121 erat
2347 2085 2361 2132 ;
2407 2086 2424 2119 ‹
2465 2068 2494 2107 b
2526 2083 2594 2122 ne
2621 2076 2874 2137 putarent
2897 2083 3026 2138 ergo
3047 2070 3186 2137 quod
3217 2068 3295 2124 sic
3320 2083 3443 2122 eum
3464 2068 3574 2122 cla-

1984 2154 2294 2211 riﬁcaturus
2322 2164 2467 2211 esset
2485 2157 2648 2222 Deus,
2677 2165 2736 2211 ut
2764 2172 2870 2212 non
2900 2158 2980 2212 eis
3000 2157 3416 2228 coniungeretur
3437 2157 3575 2211 ulte-

1987 2246 2101 2300 rius
2125 2261 2188 2301 ea
2215 2246 2645 2312 conversatione,
2691 2263 2797 2316 qua
2845 2248 2898 2302 in
2947 2256 3092 2302 terra
3136 2256 3254 2302 erat
3297 2263 3418 2302 cum
3449 2248 3572 2315 eis;

1986 2338 2178 2403 adhuc,
2209 2339 2403 2408 inquit,
2434 2339 2694 2392 modicum
2723 2339 2984 2394 uobiscum
3009 2357 3125 2395 sum
3147 2358 3166 2406 ;
3208 2349 3462 2411 tanquam
3491 2337 3575 2394 di-

1984 2435 2171 2482 ceret:
2204 2427 2469 2482 Continuo
2497 2429 2714 2497 quidem
2755 2433 3151 2484 resurrectione
3189 2430 3567 2494 clariﬁcabor,

1986 2533 2090 2572 non
2121 2526 2297 2573 tamen
2327 2519 2582 2573 continuo
2610 2532 2933 2574 ascensurus
2957 2520 3010 2574 in
3032 2521 3251 2584 etelum,
3279 2523 3372 2575 sed
3397 2522 3570 2575 adhuc

1986 2606 2246 2660 modicum
2277 2607 2537 2662 uobiscum
2578 2622 2736 2662 sum:
2784 2628 2802 2660 ι
2856 2608 3166 2678 signiﬁcans
3213 2611 3569 2680 quadraginta

1987 2698 2122 2763 dies,
2154 2699 2346 2768 quibus
2374 2707 2491 2754 erat
2517 2714 2640 2753 cum
2669 2699 2965 2769 discipulis,
3004 2701 3336 2770 temporibus
3372 2715 3568 2772 Oppor-

1989 2789 2134 2843 tunis
2159 2804 2425 2858 apparens
2454 2789 2576 2844 illis.
2601 2789 2784 2844 Potest
2805 2797 2981 2844 tamen
3009 2790 3250 2860 intelligi,
3281 2792 3423 2862 quod
3447 2807 3570 2861 par—

1987 2893 2111 2932 vum
2141 2886 2352 2948 tempus
2380 2877 2524 2933 illius
2552 2881 2920 2935 tantummodo
2948 2881 3141 2946 noctis,
3166 2897 3338 2949 usque
3359 2882 3425 2936 ad
3445 2897 3568 2952 pas.

1988 2967 2154 3024 sionis
2190 2969 2379 3024 horam
2415 2985 2538 3024 cum
2565 2970 2844 3040 discipulis
2871 2985 2930 3026 se
2954 2985 3094 3025 esse.
3138 2982 3159 3010 ο
3206 2991 3223 3021 ε
3262 2972 3358 3025 Est
3384 2981 3440 3026 et
3465 2972 3570 3029 alia

1989 3058 2168 3113 divina
2193 3060 2496 3128 praesentia,
2523 3061 2770 3116 sensibus
2801 3061 2986 3131 ignota
3013 3062 3352 3124 mortalibus,
3374 3065 3441 3118 de
3463 3081 3570 3133 qua

1989 3147 2118 3202 item
2141 3148 2301 3203 dicit:
2327 3148 2464 3203 Ecce
2489 3166 2581 3219 ego
2607 3149 2867 3204 vobiscum
2890 3167 3028 3216 sum,
3057 3167 3218 3222 usque
3238 3151 3307 3205 ad
3332 3168 3572 3206 consum-

1987 3238 2269 3292 mationem
2297 3239 2480 3292 swculi
2509 3239 2723 3309 (Matth.
2755 3255 2948 3303 xxvut,
2995 3239 3106 3310 20).
3151 3239 3263 3293 Hoc
3291 3248 3436 3294 certe
3466 3256 3574 3294 non

1987 3337 2088 3393 est,
2120 3330 2292 3383 adhuc
2320 3331 2583 3384 modicum
2613 3331 2876 3386 vobiscum
2921 3348 3038 3385 sum
3061 3348 3081 3396 ;
3117 3351 3135 3383 ι
3179 3331 3272 3386 sed
3300 3340 3381 3386 est
3408 3332 3575 3384 modi.-

1988 3436 2106 3473 cum
2135 3420 2416 3486 vobiscum,
2450 3421 2533 3474 vel
2562 3429 2688 3476 ante
2707 3421 2973 3490 passionis
2994 3422 3208 3485 horam,
3233 3420 3315 3474 vel
3346 3427 3468 3488 post
3490 3435 3577 3476 re.

1988 3514 2381 3568 surrectionem
2429 3529 2598 3582 usque
2633 3515 2698 3566 ad
2738 3513 3072 3567 ascensionis
3099 3513 3347 3582 gloriam.
3382 3530 3400 3561 ι
3435 3511 3576 3578 Quid

1988 3611 2072 3658 est
2091 3605 2233 3672 quod
2259 3612 2381 3671 post
2403 3601 2980 3656 resurrectionemalio
3001 3601 3118 3655 loco
3139 3601 3274 3657 dixit
3296 3602 3576 3672 discipulis

1988 3693 2136 3747 suis:
2180 3691 2309 3745 Ila’c
2344 3700 2466 3744 sunt
2515 3690 2666 3744 verba
2685 3707 2802 3760 qua:
2843 3689 3050 3746 locutus
3078 3707 3196 3746 sum
3237 3691 3408 3757 vobis,
3454 3709 3573 3747 cum

1990 3782 2161 3834 adhuc
2179 3796 2342 3833 essem
2363 3779 2526 3850 596
2553 3779 2811 3832 vobiscum
2834 3779 2985 3852 (Luc.
3010 3797 3156 3847 xnv,
3181 3781 3293 3853 44),
3323 3782 3427 3839 nisi
3449 3799 3573 3839 cum

1990 3873 2165 3926 adhuc
2207 3887 2383 3926 essem
2425 3871 2478 3924 in
2507 3885 2670 3925 carne
2698 3872 2932 3935 mortali,
2968 3873 3020 3926 in
3051 3889 3154 3942 qua
3196 3877 3330 3928 estis
3355 3885 3410 3930 et
3435 3877 3574 3930 vos?

1992 3963 2142 4017 Tunc
2173 3963 2338 4025 enim,
2369 3977 2490 4017 cum
2522 3963 2636 4017 haec
2665 3963 2890 4028 diceret,
2924 3963 2976 4016 in
2999 3964 3185 4018 eadem
3209 3981 3374 4020 carne
3399 3966 3575 4020 susci-

1993 4061 2102 4106 tata
2126 4051 2308 4124 [Au—9.,
2339 4052 2713 4125 resuscitatus]
2744 4062 2882 4117 erat,
2909 4053 3000 4108 sed
3026 4069 3148 4109 cum
3175 4054 3280 4110 illis
3311 4055 3365 4109 in
3385 4057 3574 4112 eadem

1993 4143 2317 4206 mortalitate
2340 4141 2452 4209 jam
2487 4159 2592 4198 non
2620 4154 2756 4198 erat.

2063 4253 2310 4320 Qureritis
2342 4271 2438 4317 me,
2470 4265 2518 4308 et
2553 4255 2686 4308 sicut
2723 4255 2834 4308 dixi
2878 4255 3104 4319 Juda'is,
3153 4272 3257 4325 quo
3289 4273 3382 4326 ego
3420 4255 3575 4324 uado,

1992 4361 2078 4398 vos
2105 4360 2208 4397 non
2235 4345 2447 4414 potestis
2473 4345 2674 4396 uenire:
2712 4354 2758 4397 et
2788 4344 2904 4397 dico
2934 4345 3072 4399 nobis
3105 4346 3278 4399 modo.
3324 4345 3436 4400 Hoc
3468 4357 3574 4414 est,

1996 4437 2152 4491 modo
2175 4451 2282 4490 non
2317 4436 2560 4504 potestis.
2604 4434 2804 4490 Iudicis
2841 4444 3020 4490 autem
3047 4453 3170 4492 cum
3202 4438 3318 4493 ha:c
3346 4439 3572 4504 diceret,

1995 4542 2101 4580 non
2142 4526 2374 4588 addidit,
2405 4524 2580 4578 modo.
2613 4524 2705 4578 lsti
2742 4526 2924 4595 itaque
2966 4542 3074 4580 non
3121 4535 3370 4596 poterant
3395 4529 3578 4583 venire

1996 4625 2144 4682 tunc,
2177 4631 2284 4684 quo
2313 4615 2402 4670 ille
2428 4616 2558 4680 ibat,
2594 4617 2686 4670 sed
2714 4625 2967 4685 poterant
2992 4626 3197 4687 postea.
3226 4618 3457 4688 Ideoque
3481 4619 3570 4674 do-

1995 4723 2124 4764 cens
2151 4723 2264 4772 eos,
2293 4708 2562 4777 quomodo
2589 4708 2763 4762 idonei
2802 4724 2923 4765 esse
2948 4720 3170 4780 possent
3196 4726 3443 4782 pergere,
3470 4727 3578 4782 quo

1995 4799 2085 4853 ille
2112 4799 2465 4852 antecedebat
2507 4817 2518 4851 :
2549 4799 2735 4869 (Vens.
2761 4799 2852 4865 54)
2884 4798 3218 4864 Mandatum,
3250 4801 3442 4870 inquit,
3479 4818 3576 4858 no-

1998 4906 2118 4943 vum
2155 4889 2223 4943 do
2253 4889 2416 4953 vobis,
2454 4899 2511 4942 ut
2552 4889 2782 4958 diligatis
2820 4890 3057 4943 inuicem.
3103 4889 3166 4944 Hi
3202 4899 3328 4944 sunt
3362 4905 3581 4960 gressus

1999 4979 2194 5048 quibus
2241 4979 2546 5048 sequendus
2589 4989 2671 5033 est
2713 4978 2998 5045 Christus;
3050 4999 3067 5031 ι
3116 4980 3218 5035 hoc
3265 4981 3577 5037 mandatum

2000 5069 2301 5128 cbaritatis.
2338 5088 2355 5119 ι
2392 5069 2418 5108 d
2448 5069 2672 5124 lnnovat
2699 5070 2895 5140 quippe
2923 5071 3251 5136 audientem,
3292 5071 3376 5127 vel
3403 5074 3580 5142 potius

2001 5161 2362 5224 obedientem,
2389 5177 2493 5215 non
2520 5162 2715 5222 omnis,
2747 5162 2840 5216 sed
2875 5163 2977 5216 ista
3005 5162 3220 5230 dilectio
3238 5204 3252 5228 ,
3282 5179 3444 5234 quam
3479 5165 3578 5219 Do-

322 5247 614 5314 gniﬁcabat
639 5245 932 5308 Christum,
974 5245 1088 5308 sed,
1119 5241 1275 5297 Petra
1321 5250 1430 5295 erat
1477 5236 1737 5294 Christus.
1767 5237 1900 5293 Cum
2004 5250 2200 5314 minus,
2230 5260 2290 5304 υι
2313 5265 2344 5305 a
2375 5252 2578 5306 carnali
2605 5253 2890 5307 dilectione
2921 5253 3306 5323 distingueret,
3336 5253 3542 5309 addidit
3567 5269 3578 5307 :

400 5415 424 5440 τι
455 5401 534 5456 Ex
563 5402 771 5460 eodem,
807 5405 967 5451 tract.
998 5411 1151 5459 LXIII,
1178 5412 1322 5448 num.
1351 5396 1407 5461 2,
1439 5398 1492 5450 ὅ.

400 5473 427 5512 δ
457 5472 536 5526 Ex
567 5472 776 5534 eodem,
803 5474 963 5522 tract.
992 5481 1134 5526 LXIV,
1169 5481 1314 5516 num.
1343 5467 1476 5519 1-4.

402 5556 425 5582 ε
468 5544 642 5597 Locus
678 5540 896 5594 mutilus
930 5546 1039 5590 tam
1079 5534 1298 5606 in_Edit.
1335 5550 1496 5602 quam
1527 5536 1678 5599 Mss,
1709 5537 1800 5606 qui
1832 5536 1906 5590 ita

328 5612 581 5670 fortassis
606 5611 816 5666 restitui
846 5608 1044 5680 possit:
1081 5624 1097 5656 ι
1129 5603 1309 5658 Potest
1337 5613 1512 5661 tamen
1547 5603 1766 5678 intelligi
1786 5625 1909 5677 par-

2005 5419 2131 5458 vum
2161 5411 2380 5480 tempus
2401 5404 2543 5460 illius
2575 5407 3167 5480 tantummodohnoctis,
3199 5424 3368 5480 usque
3390 5409 3456 5464 ad
3487 5408 3583 5467 ho.

2007 5489 2124 5546 ram
2134 5475 2432 5546 passionis,
2460 5490 2566 5544 quo
2591 5491 2711 5528 cum
2734 5474 3010 5546 discipulis
3038 5491 3199 5532 es<et.
3232 5499 3249 5531 ι

2076 5544 2100 5584 ά
2131 5543 2211 5600 Ex
2242 5543 2300 5600 S.
2332 5543 2448 5615 Aug
2477 5543 2492 5611 ς
2523 5555 2681 5601 tract.
2713 5561 2830 5612 va,
2863 5543 3008 5602 num.
3039 5548 3092 5614 1,
3117 5548 3172 5601 2.
