4000 6190
335 256 441 314 955

1148 240 1556 298 EXEGETICA.
1599 272 1666 278 νμ-
1701 236 2055 293 COMMENT.
2098 236 2160 289 ΙΝ
2200 235 2390 292 JOAN.
2434 267 2497 274 υ
2540 237 2664 290 LIB.
2713 237 2792 291 Π.

3498 205 3599 289 ast

335 363 514 424 eritis,
543 360 712 416 scitis.
741 358 841 426 Qui
866 358 932 412 ad
957 357 1170 411 Patrem
1185 355 1406 417 vadunt,
1435 367 1533 422 per
1562 365 1648 406 me
1677 350 1914 411 vadunt;
1949 353 1994 408 Α
2025 347 2228 414 majora
2251 363 2414 417 quam
2471 350 2584 418 ipse
2615 349 2766 413 facit,
2807 349 2942 405 dixit
2970 365 3061 404 eos
3097 365 3215 405 esse
3260 350 3497 407 facturos
3524 369 3538 419 ;
3578 373 3595 406 ι

338 465 393 510 et
421 454 513 523 qui
539 453 605 507 ad
638 450 854 505 Patrem
893 448 1138 513 veniunt,
1185 446 1252 502 ad
1281 460 1366 499 me
1394 444 1634 506 veniunt,
1666 441 1791 510 quia
1822 455 1921 509 ego

340 558 394 601 et
423 545 586 600 Pater
623 557 792 597 unum
848 555 1035 594 sunms
1060 554 1074 602 ;
1102 545 1154 591 et
1178 536 1232 590 in
1257 549 1344 590 me
1393 539 1630 594 manent,
1661 530 1785 599 quia
1811 530 1923 582 ture

341 644 417 690 est
446 634 551 688 vita
572 640 789 694 (eterna,
819 637 876 682 ut
921 633 1232 698 cognoscant
1259 634 1306 678 te
1326 622 1498 678 solum
1526 635 1705 675 verum
1737 618 1923 681 Deum,

339 736 390 781 et
412 740 561 796 quem
591 721 778 776 misisti
801 718 983 773 Iesum
1006 715 1272 771 Christum
1300 711 1482 784 (Joan.
1512 725 1645 774 xvn,
1667 707 1744 780 5).
1775 707 1928 762 Unde

343 822 564 871 secutus
599 819 683 866 est
712 810 933 866 dicens:
966 807 1134 861 Nemo
1183 805 1320 860 venit
1349 802 1417 856 ad
1465 800 1679 854 Patrem
1713 799 1816 854 nisi
1840 813 1930 868 per

343 921 446 958 ine.
483 903 768 970 Exponens
796 897 928 967 quid
953 897 1044 960 sit,
1067 896 1209 965 quod
1232 895 1308 948 ait
1333 912 1345 948 :
1396 891 1508 962 Ego
1536 906 1654 944 sum
1692 889 1798 950 via,
1822 896 1932 943 sta-

346 994 442 1046 tim
471 989 797 1060 subjungens
842 1004 854 1040 :
890 987 1074 1059 (Vens.
1106 984 1158 1058 7)
1188 983 1250 1040 Si
1303 980 1672 1051 cognovissetis
1698 995 1800 1043 me,
1829 976 1933 1030 uti-

343 1099 446 1154 que
471 1091 516 1135 et
565 1078 778 1133 Patrem
833 1093 1003 1131 meum
1051 1074 1464 1146 cognovissetis:
1509 1071 1635 1141 quia
1673 1084 1772 1140 ego
1812 1081 1932 1122 sum

349 1171 574 1233 veritas,
630 1168 684 1223 in
709 1181 848 1241 vero
882 1165 1062 1218 Patre.
1100 1163 1169 1218 Et
1213 1162 1401 1216 amodo
1445 1157 1762 1229 cognoscetis
1791 1172 1931 1222 eum,

348 1273 394 1315 et
419 1261 620 1332 uidistis
651 1274 786 1311 eum.
831 1255 887 1310 Si
911 1271 996 1310 me
1035 1254 1349 1326 spiritaliter
1399 1250 1744 1321 cognoscitis,
1775 1256 1831 1304 et
1854 1249 1935 1303 vi-

352 1352 524 1414 distis,
563 1347 735 1420 [illum
759 1345 1084 1416 cognoscitis
1111 1353 1164 1398 et
1191 1341 1408 1414 videtis]
1436 1342 1560 1412 quia
1586 1357 1677 1410 ego
1701 1349 1750 1393 et
1774 1337 1936 1393 Pater

352 1459 513 1497 unum
529 1455 732 1504 sumus,
753 1453 918 1490 unum
942 1445 1156 1500 natura,
1172 1450 1277 1489 non
1297 1449 1462 1488 unum
1477 1447 1728 1502 persona.
1745 1431 1932 1502 (Vens.

351 1534 430 1605 8.)
464 1531 600 1585 Dicit
645 1530 692 1582 ei
724 1526 1022 1598 Philippus,
1053 1527 1154 1580 hoc
1183 1541 1290 1580 non
1317 1524 1658 1595 intelligens:
1691 1522 1932 1585 Domine,

351 1622 562 1679 ostende
590 1619 736 1674 nobis
765 1615 998 1680 Patrem,
1029 1628 1075 1670 el
1096 1617 1280 1687 stt/ficit
1314 1615 1480 1669 nobis.
1522 1613 1685 1680 Quasi
1732 1610 1936 1681 aliquid

355 1713 546 1769 melius
564 1718 705 1766 esset
749 1709 913 1763 Pater
941 1723 1103 1777 quam
1130 1706 1320 1772 Filius,
1364 1706 1419 1760 in
1447 1703 1600 1773 cujus
1625 1711 1709 1759 est
1731 1703 1937 1757 visione

354 1803 630 1860 sufficiens
666 1800 962 1855 beatitudo.
1019 1798 1191 1866 Quam
1232 1785 1418 1852 vocem
1471 1795 1720 1865 discipuli
1751 1794 1940 1849 redar-

355 1894 473 1965 guit
507 1892 768 1961 magister
795 1890 980 1942 dicens
1005 1906 1018 1941 ς

431 1983 589 2038 Vens.
619 1982 672 2036 9.
713 2011 783 2020 υ-
836 1978 1003 2032 Tanto
1032 1988 1260 2049 tempore
1303 1977 1566 2031 vobiscum
1600 1992 1738 2039 sum,
1769 1984 1816 2028 et
1839 1990 1943 2027 non

355 2074 668 2146 cognovistis
699 2089 797 2127 me.
833 2069 972 2142 [Non
999 2069 1328 2141 cognovistis
1372 2067 1482 2140 me]
1517 2081 1639 2122 esse
1664 2068 1718 2120 in
1757 2065 1941 2128 Patre,

355 2175 414 2224 et
439 2165 656 2220 Patrem
683 2164 734 2217 in
766 2178 871 2217 me.
911 2159 1174 2232 Philippe,
1198 2161 1289 2231 qui
1308 2158 1444 2212 videt
1470 2174 1566 2221 me,
1599 2156 1734 2211 ridet
1756 2165 1802 2208 et
1836 2151 1944 2206 Pa-

357 2264 510 2310 trem.
548 2253 650 2320 Qui
675 2268 761 2307 me
793 2249 1064 2321 intelligit,
1116 2250 1300 2318 utique
1321 2256 1377 2303 et
1415 2247 1629 2301 Patrem
1662 2259 1840 2301 meum
1862 2244 1944 2298 in-

357 2345 569 2416 telligit.
625 2362 642 2396 ι
686 2356 710 2412 9
750 2342 856 2397 Sed
881 2341 1003 2396 ideo
1033 2341 1292 2411 magister
1313 2337 1634 2406 discipulum
1661 2335 1942 2404 arguebat,

359 2436 612 2506 quoniam
635 2449 728 2488 cor
748 2430 1071 2503 postulantis
1090 2429 1330 2482 videbat.
1363 2426 1641 2495 Tanquam
1662 2425 1807 2478 enim
1835 2437 1945 2476 me—

359 2526 463 2580 lior
489 2526 650 2580 Pater
679 2533 823 2580 esset
863 2538 1024 2593 quam
1077 2519 1266 2584 Filius,
1295 2519 1368 2574 ita
1397 2516 1676 2588 Philippus
1726 2515 1944 2569 Patrem

363 2631 522 2672 nosse
551 2618 804 2686 cupiebat
835 2634 846 2669 :
880 2622 936 2669 et
982 2613 1102 2668 ideo
1138 2627 1237 2667 nec
1274 2609 1472 2664 Filium
1526 2609 1690 2681 598
1719 2611 1942 2674 sciebat,

360 2724 471 2780 quo
493 2709 681 2764 melius
716 2707 916 2778 aliquid
947 2721 1066 2760 esse
1091 2703 1368 2758 credebat.
1414 2701 1495 2756 Ad
1538 2702 1681 2755 hunc
1729 2716 1947 2756 sensum

362 2799 742 2868 corrigendum
775 2797 979 2851 dictum
1000 2803 1119 2850 est:
1165 2793 1267 2859 Qui
1297 2793 1435 2847 videt
1463 2809 1564 2856 me,
1590 2791 1727 2846 videt
1756 2801 1802 2845 et
1835 2789 1946 2845 Pa—

365 2899 515 2943 trem.
547 2887 819 2954 Quomodo
849 2897 902 2940 tu
935 2886 1086 2950 dicis,
1129 2885 1344 2941 ostende
1372 2885 1521 2940 nobis
1567 2883 1829 2939 Patrem?
1856 2885 1948 2940 Vi—

365 2981 466 3035 deo
503 2982 772 3050 quomodo
796 2997 824 3034 a
864 2990 913 3034 te
944 2981 1145 3036 dictum
1172 2999 1183 3034 :
1230 2996 1336 3035 non
1385 2981 1616 3036 alterum
1643 2981 1841 3052 quaeris
1863 2981 1946 3036 vi-

367 3075 495 3130 dere
542 3075 792 3135 similem,
822 3074 913 3129 sed
940 3073 1086 3127 illum
1113 3082 1270 3144 putas
1300 3091 1420 3130 csse
1450 3074 1747 3129 meliorem.

440 3168 602 3221 Vsus.
634 3166 721 3220 10.
761 3196 832 3205 -
871 3165 995 3219 Non
1044 3165 1234 3232 credis,
1281 3169 1405 3240 quia
1453 3183 1546 3238 ego
1599 3167 1654 3220 in
1692 3163 1874 3230 Patre,
1905 3173 1954 3219 et

372 3259 533 3313 Pater
559 3260 613 3312 in
642 3275 720 3313 me
742 3267 816 3312 est
843 3258 868 3310 .’
916 3257 1026 3314 Cur
1071 3257 1460 3330 inscparahiles
1498 3257 1789 3328 separatim
1812 3257 1956 3312 desi-

369 3353 532 3406 deras
558 3351 761 3406 nosse?
795 3349 998 3408 Deiude
1039 3367 1143 3407 non
1172 3351 1239 3406 ad
1271 3349 1440 3404 solum
1488 3348 1815 3420 Philippum,
1861 3347 1956 3402 sed

372 3444 438 3499 ad
459 3459 552 3499 805
598 3443 884 3522 pluraliter
936 3445 1220 3514 loquitur:
1273 3440 1456 3505 Verba,
1485 3457 1602 3512 qute
1654 3456 1746 3510 ego
1771 3439 1958 3512 loquor

380 3547 538 3607 t-obis,
572 3563 602 3598 a
627 3544 820 3613 meipso
851 3557 954 3595 non
1003 3537 1208 3608 loquor.
1242 3532 1406 3589 Pater
1453 3542 1628 3588 autem
1655 3534 1712 3587 in
1735 3550 1817 3587 me
1845 3550 1958 3587 ma-

381 3651 505 3688 nens
532 3636 638 3705 ipse
663 3632 786 3703 facit
811 3645 987 3701 opera.
1015 3647 1033 3679 ›
1058 3645 1075 3677 ι
1110 3625 1138 3665 δ
1169 3624 1307 3692 Quid
1335 3633 1436 3688 est,
1468 3643 1501 3678 a
1529 3625 1724 3694 meipso
1753 3640 1855 3678 non
1875 3622 1957 3676 lo—

377 3741 532 3798 quor,
562 3724 663 3780 nisi
689 3740 718 3777 a
753 3721 958 3792 meipso
983 3734 1091 3775 non
1116 3733 1256 3782 sum,
1289 3717 1381 3787 qui
1417 3715 1650 3784 loquor?
1674 3715 1735 3768 Ei
1762 3715 1958 3782 quippe

381 3816 569 3874 tribuit
597 3817 739 3888 quod
766 3814 915 3880 facit,
956 3813 1022 3867 de
1052 3825 1159 3880 quo
1217 3818 1303 3864 est
1329 3809 1443 3878 ipse
1472 3806 1564 3874 qui
1593 3804 1743 3859 facit.
1795 3802 1959 3855 Pater

381 3909 525 3965 enim
549 3907 694 3962 Deus
742 3920 849 3958 non
905 3910 989 3957 est
1011 3902 1076 3956 de
1122 3899 1340 3966 aliquo:
1375 3895 1542 3950 Filius
1597 3900 1780 3946 autem
1819 3891 1959 3944 Deus

382 4009 467 4053 est
492 3997 708 4067 quidem
752 3992 899 4046 Patri
947 3987 1190 4057 aequalis,
1226 3985 1320 4040 sed
1377 3983 1444 4036 de
1468 3982 1629 4036 Patre
1657 3981 1805 4046 Deo;
1838 3979 1958 4033 ideo

385 4091 474 4145 ille
499 4089 662 4151 Deus,
691 4085 786 4140 sed
811 4097 916 4137 non
946 4081 1012 4135 de
1037 4079 1168 4143 Deo,
1196 4085 1252 4131 et
1299 4075 1502 4139 lumen,
1531 4074 1624 4128 sed
1655 4087 1761 4127 non
1789 4073 1853 4126 de
1879 4071 1960 4125 lu-

386 4179 570 4234 mine:
603 4176 702 4229 iste
730 4187 860 4228 vero
891 4171 1033 4225 Deus
1090 4167 1155 4223 de
1188 4165 1320 4231 Deo,
1350 4164 1530 4218 lumen
1559 4162 1624 4217 de
1669 4162 1887 4216 lumine.
1935 4180 1953 4213 ι

389 4263 629 4332 Denique
671 4259 928 4330 adjungit,
958 4267 1011 4311 et
1041 4256 1157 4310 ait:
1207 4253 1391 4327 (Vnus.
1431 4252 1514 4316 11,
1550 4249 1658 4320 12.)
1701 4249 1823 4304 Non
1849 4266 1961 4304 cre-

389 4352 513 4408 ditis
557 4349 678 4422 qnia
705 4365 797 4420 ego
840 4348 894 4401 in
930 4344 1088 4400 Patre
1131 4354 1180 4398 et
1227 4341 1390 4396 Pater
1440 4343 1496 4395 in
1522 4357 1602 4396 me
1645 4339 1774 4394 est?
1809 4338 1955 4392 Alio-

388 4443 515 4512 quin
552 4450 758 4512 propter
784 4455 940 4509 opera
971 4439 1084 4507 ipsa
1114 4435 1325 4489 credite.
1365 4453 1383 4485 ι
1418 4433 1586 4487 Antea
1627 4433 1803 4488 solum
1832 4432 1959 4486 Phi-

393 4533 592 4601 lippum
625 4529 915 4600 arguebat,
945 4541 1088 4580 nunc
1122 4533 1299 4580 autem
1351 4540 1456 4578 non
1507 4523 1578 4578 ibi
1618 4539 1742 4577 eum
1787 4521 1959 4577 solum

395 4624 557 4679 fuisse
586 4621 677 4692 qui
703 4628 847 4676 esset
889 4617 1212 4688 arguendos,
1241 4615 1562 4670 ostenditur.
1596 4613 1819 4684 Pmpter
1847 4629 1964 4684 ope-

398 4731 455 4768 ra
483 4715 618 4784 ipsa,
647 4711 841 4783 inquit,
880 4709 1091 4774 credite,
1117 4707 1242 4778 quia
1264 4723 1356 4776 ego
1382 4705 1436 4758 in
1467 4703 1628 4757 Patre
1654 4713 1703 4757 et
1724 4701 1889 4758 Pater
1908 4704 1961 4756 in

397 4820 478 4859 me
500 4813 595 4858 est.
648 4801 831 4872 Neque
854 4799 997 4855 enim
1028 4799 1073 4853 si
1104 4796 1340 4866 separati
1377 4809 1642 4858 essemus,
1690 4793 1965 4862 insepara-

400 4894 579 4949 biliter
597 4891 810 4963 operari
838 4890 945 4945 ulla
971 4889 1178 4943 ratione
1205 4900 1504 4957 possemus.
1539 4902 1557 4936 ι
1581 4883 1687 4938 Sed
1707 4883 1836 4954 quid
1862 4891 1966 4948 est,

398 4983 543 5054 quod
572 4981 852 5052 sequitur?

472 5072 654 5136 Amen,
709 5087 860 5124 amen
885 5069 1002 5123 dico
1031 5067 1170 5122 vobis
1201 5066 1330 5137 :qui
1359 5063 1523 5118 credit
1573 5063 1626 5117 in
1658 5079 1761 5126 me,
1813 5077 1968 5132 opera

402 5179 518 5235 qua:
542 5178 635 5232 ego
669 5162 807 5232 facio
834 5170 880 5213 et
908 5161 1017 5230 ipse
1045 5159 1222 5228 faciet,
1253 5166 1298 5210 et
1333 5154 1537 5225 majora
1582 5153 1768 5206 horum
1791 5151 1970 5220 faciet,

402 5252 527 5321 quia
547 5266 640 5320 ego
680 5248 749 5303 ad
778 5245 990 5301 Patrem
1012 5247 1165 5300 vado.
1204 5264 1224 5298 ‹
1267 5245 1386 5301 Non
1433 5259 1491 5299 se
1529 5242 1753 5299 extollat
1783 5255 1971 5296 servus

407 5353 568 5406 super
592 5336 895 5398 Dominum,
955 5349 1054 5388 nec
1079 5332 1373 5404 discipulus
1399 5347 1561 5403 super
1607 5330 1924 5402 magistrum
1953 5343 1968 5382 :

480 5488 504 5544 μ
543 5475 620 5532 Ex
657 5475 716 5532 S.
745 5475 910 5544 Aug,
944 5480 1102 5527 tract.
1133 5487 1234 5525 Lxx
1256 5512 1271 5537 ,
1308 5489 1456 5544 num.
1486 5475 1540 5544 5.

477 5543 505 5586 δ
547 5545 621 5599 Ex
644 5545 855 5612 eodem,
884 5551 1039 5598 tract.
1071 5556 1219 5605 tm,
1248 5557 1394 5595 num.
1425 5543 1543 5596 1-5.

484 5626 504 5654 ε
547 5614 619 5668 Ex
647 5615 855 5680 eodem,
886 5622 1042 5670 tract.
1072 5627 1239 5676 Lxxu,
1264 5627 1412 5664 num.
1447 5613 1500 5676 t,
1527 5612 1580 5664 ἓ.

1977 3054 2024 3115 C

1987 4401 2036 4457 D

2024 441 2118 495 sed
2146 441 2263 495 sine
2320 441 2431 505 illo,
2468 443 2601 496 utin
2653 444 3003 513 sequentilus
3033 445 3186 508 dixit,
3242 447 3368 514 quid
3411 453 3602 517 potue—

2027 530 2394 586 runtfaeere?
2437 551 2454 582 ι
2493 532 2600 588 Sed
2630 549 2750 602 qua:
2780 546 2904 589 sunt
2952 534 3164 588 tandem
3205 536 3303 589 ista
3356 534 3606 604 majora?

2025 619 2107 675 An
2141 619 2280 676 forte
2303 623 2444 690 quod
2481 639 2656 694 :egros
2702 624 2835 693 ipsis
2859 626 3284 691 transeuntibus,
3315 627 3478 682 etiam
3512 644 3604 682 co—

2028 728 2147 766 rum
2171 715 2362 768 umbra
2415 715 2684 768 sanabat?
2719 713 2888 782 Majus
2917 727 2998 770 est
3052 718 3194 771 enim
3219 726 3276 771 ut
3305 728 3455 772 sanet
3487 735 3606 772 um-

2027 801 2149 868 bra,
2176 818 2335 871 quam
2366 803 2577 858 ﬁmbria
2603 822 2615 857 :
2649 805 2778 858 illud
2800 821 2898 874 per
2923 821 3000 869 se,
3040 809 3141 862 hoc
3195 824 3292 878 per
3320 809 3483 878 ipsos,
3513 809 3607 864 scd

2030 898 2320 960 utrumque
2345 891 2477 960 ipse.
2509 911 2527 943 ι
2565 891 2656 946 νει
2681 891 2886 959 majora
2901 903 3026 947 sunt
3052 896 3418 963 apostolorum
3441 911 3606 966 opera

2029 978 2088 1032 in
2114 978 2355 1032 omnium
2400 980 2640 1048 gentium
2694 980 2891 1044 salute,
2947 997 3109 1051 quam
3141 981 3343 1037 Christi
3373 993 3611 1038 tantum-

2034 1071 2194 1126 modo
2229 1071 2284 1126 in
2332 1071 2505 1126 salute
2549 1071 2877 1135 Judzeorum,
2930 1081 2984 1127 et
3014 1073 3117 1127 hoc
3152 1073 3203 1126 in
3234 1075 3617 1143 paucissimis?

2036 1160 2241 1215 Tamen
2265 1167 2555 1231 utrumque
2581 1168 2635 1214 et
2664 1160 2752 1215 ille
2780 1160 2923 1223 fecit,
2958 1171 3014 1217 et
3039 1161 3269 1217 salutem
3309 1163 3615 1232 aliquorum

1995 1301 2004 1310 .
2037 1251 2291 1307 iuJuda-a
2319 1250 2438 1323 [per
2465 1250 2577 1323 se];
2606 1262 2658 1306 et
2691 1253 2915 1307 salutem
2929 1254 3165 1323 gentium
3199 1269 3295 1323 per
3322 1254 3616 1324 apostolos,

2037 1345 2132 1400 sed
2151 1352 2205 1399 et
2234 1341 2375 1416 [per]
2403 1342 2535 1398 alios
2549 1358 2764 1413 quoque
2792 1343 3192 1413 praedicatores.
3220 1343 3372 1399 Unde
3393 1344 3618 1414 subjun-

2039 1435 2140 1498 xit,
2163 1433 2305 1488 etait
2325 1451 2336 1486 :
2359 1431 2464 1498 Qui
2483 1433 2645 1486 credit
2662 1434 2716 1486 in
2739 1449 2836 1495 me,
2862 1449 3018 1498 opera
3039 1450 3156 1505 qua?
3181 1450 3274 1503 ego
3291 1433 3430 1504 facio
3444 1442 3491 1488 et
3514 1434 3624 1504 ipse

2039 1526 2214 1598 faciet,
2254 1523 2325 1598 [et
2379 1525 2585 1596 majora
2632 1525 2817 1579 horum
2850 1523 3052 1597 faciet].
3093 1542 3111 1575 ι
3155 1535 3175 1563 ο
3206 1524 3322 1579 Non
3369 1541 3476 1596 quo
3506 1541 3622 1580 ma-

2034 1616 2122 1687 jor
2149 1619 2220 1672 sit
2248 1617 2505 1688 magistro
2547 1617 2862 1686 discipulus,
2911 1617 2992 1672 vel
3021 1617 3246 1670 Domino
3293 1632 3503 1680 servus,
3536 1617 3621 1672 vel

1974 1712 2015 1772 Β
2045 1711 2329 1780 adoptatus
2379 1709 2674 1780 unigenito,
2734 1707 2820 1762 vel
2858 1708 3019 1762 homo
3047 1707 3196 1762 Deo:
3239 1708 3332 1762 sed
3355 1709 3498 1778 quod
3526 1723 3625 1778 per

2043 1803 2162 1858 illos
2193 1801 2350 1875 [ipse]
2380 1801 2696 1873 dignaretur
2718 1803 2905 1857 eadem
2933 1800 3135 1870 majora
3177 1801 3375 1857 facere.
3419 1822 3436 1855 ι

2113 1915 2265 1972 Unde
2315 1915 2516 1985 majora
2577 1914 2753 1969 facere
2797 1916 3113 1984 potuissent,
3175 1931 3301 1970 mox
3343 1916 3618 1980 ostendit;

2043 2005 2228 2060 dicens
2258 2024 2270 2058 :
2307 2005 2410 2071 Qui
2437 2005 2601 2059 credit
2632 2007 2686 2059 in
2738 2021 2841 2069 me,
2869 2022 3045 2076 opera,
3104 2022 3222 2075 qum
3249 2021 3341 2075 ego
3373 2005 3537 2074 facio,
3577 2015 3625 2059 et

2043 2098 2150 2168 ipse
2180 2097 2356 2165 faciet,
2397 2107 2443 2150 et
2473 2097 2681 2166 majora
2708 2097 2896 2150 horum
2951 2096 3130 2166 faciet,
3188 2097 3446 2151 continuo
3472 2113 3625 2152 secu-

2046 2194 2132 2240 tus
2165 2185 2440 2256 adjunxit:
2471 2184 2611 2252 Quia
2641 2201 2733 2254 ego
2762 2184 2831 2237 ad
2863 2183 3077 2238 Patrem
3109 2185 3264 2239 vado.
3298 2185 3486 2255 (Vens.
3515 2185 3629 2256 15.)

2046 2274 2114 2329 Et
2139 2277 2485 2347 quodcunque
2511 2276 2763 2347 petieritis
2791 2275 2844 2329 in
2886 2275 3096 2329 nomine
3121 2292 3256 2341 meo,
3287 2277 3384 2330 hoc
3413 2277 3629 2346 faciam.

2046 2367 2147 2433 Qui
2172 2366 2310 2420 dixit
2338 2367 2514 2435 faciet,
2551 2375 2670 2435 post
2693 2366 2767 2418 ait
2793 2366 3010 2435 faciam,
3067 2373 3321 2435 tanquam
3372 2363 3578 2420 diceret
3615 2379 3629 2418 :

2048 2457 2162 2510 Non
2189 2457 2345 2511 vobis
2394 2456 2499 2509 hoc
2531 2455 2861 2524 impossibile
2924 2455 3193 2520 videatur,
3227 2471 3334 2510 non
3363 2457 3507 2509 enim
3537 2471 3633 2525 po.

2048 2550 2174 2605 terit
2213 2563 2335 2604 esse
2364 2548 2535 2618 major
2558 2563 2658 2611 me,
2689 2549 2780 2617 qui
2809 2548 2982 2603 credit
3017 2548 3068 2601 in
3099 2564 3203 2603 me.
3251 2550 3376 2605 Ideo
3423 2551 3631 2621 majora

2047 2654 2154 2695 non
2183 2655 2280 2710 per
2305 2653 2363 2694 se
2410 2637 2587 2700 faciet,
2621 2639 2712 2693 sed
2747 2652 2845 2708 per
2871 2653 2979 2705 me,
3031 2639 3156 2708 quia
3189 2639 3242 2694 in
3291 2657 3376 2695 me
3404 2641 3578 2696 credit
3607 2665 3621 2696 :

2049 2745 2152 2786 nec
2174 2739 2259 2786 est
2309 2729 2541 2785 defectio
2585 2729 2889 2798 potestatis,
2933 2729 3026 2784 sed
3074 2730 3354 2784 miseratio
3385 2732 3627 2801 pietatis.

2051 2823 2212 2879 Dives
2237 2836 2386 2892 ergo,
2427 2820 2519 2890 qui
2544 2821 2612 2874 ab
2637 2834 2702 2874 eo
2732 2820 2957 2876 recessit
3009 2821 3182 2875 tristis
3229 2837 3334 2876 non
3365 2822 3637 2892 recipiens

2048 2915 2216 2970 verba
2276 2912 2466 2967 salutis
2510 2910 2574 2964 δ.
2629 2911 2899 2980 Apostolis
2955 2911 3119 2982 igitur
3184 2913 3627 2982 praedicantibus,

2051 3003 2205 3058 multi
2225 3003 2420 3058 divites
2440 3003 2748 3072 pauperiem
2777 3002 3050 3057 voluntate
3073 3001 3224 3076 [Ms.,
3249 3003 3632 3077 voluntariam]

2055 3095 2223 3150 secuti
2250 3102 2394 3149 sunt.
2450 3111 2468 3144 ε
2511 3093 2586 3147 lta
2609 3093 2750 3162 quod
2773 3095 2840 3148 ab
2861 3093 2953 3148 illo
2981 3094 3206 3149 audiens
3247 3111 3386 3149 unus
3418 3111 3522 3148 non
3557 3094 3634 3151 fe—

2054 3188 2151 3253 cit,
2189 3185 2433 3241 fecerunt
2475 3185 2650 3247 multi,
2691 3201 2814 3241 cum
2854 3186 3165 3255 loqueretur
3215 3203 3312 3258 per
3342 3187 3639 3258 discipulos

2054 3277 2315 3348 magister
2379 3277 2572 3331 bonus.
2626 3275 2766 3331 Ecce
2822 3274 3025 3346 majora
3078 3275 3208 3332 fecit
3251 3279 3639 3346 praedicatusa

2055 3366 2423 3431 credentibus,
2449 3380 2611 3434 quam
2657 3365 2870 3421 locutus
2920 3366 3300 3421 audientibus:
3346 3387 3365 3419 ι
3401 3367 3494 3421 sed
3534 3369 3638 3422 hoc

2055 3470 2154 3524 per
2179 3454 2578 3524 praedicatores.
2631 3453 2881 3525 Nunquid
2923 3471 3134 3522 omnes,
3189 3457 3280 3526 qui
3328 3457 3554 3511 credunt
3587 3459 3640 3512 in

2057 3561 2198 3612 eum,
2232 3545 2617 3614 praedicatores
2662 3544 2827 3597 sunt?
2855 3543 3056 3596 Tamen
3107 3544 3259 3609 dicit,
3285 3545 3377 3614 qui
3406 3548 3637 3601 credunt

2057 3639 2113 3693 in
2152 3653 2296 3701 eum,
2329 3652 2492 3704 opera
2545 3635 2724 3689 facere
2763 3635 2988 3705 majora.
3046 3655 3064 3687 ‹
3118 3635 3174 3691 in
3203 3638 3306 3694 hoc
3328 3656 3492 3710 opere
3514 3642 3638 3697 ﬁdei

2058 3730 2286 3782 faciams
2343 3741 2506 3795 opera
2571 3724 2792 3790 Christi,
2852 3727 2976 3795 quia
3025 3736 3081 3783 et
3116 3733 3292 3798 ipsum
3331 3733 3552 3787 credere
3583 3732 3638 3786 in

2059 3819 2328 3872 Christum
2358 3831 2492 3885 opus
2520 3823 2606 3870 est
2641 3813 2887 3883 Christi;
2939 3816 3185 3873 Christus
3235 3819 3337 3874 hoc
3383 3831 3641 3890 operatur

2060 3909 2114 3963 iu
2163 3907 2337 3973 nobis,
2391 3922 2496 3961 non
2552 3906 2737 3975 utique
2780 3907 2895 3961 sine
2933 3907 3107 3962 nobis.
3143 3908 3303 3964 Prius
3358 3925 3458 3979 rgo
3500 3913 3643 3966 facio

2059 3999 2394 4070 praeveniens
2440 3998 2671 4068 gratiam
2720 3996 2873 4070 [Ms.,
2909 3997 3116 4063 melius,
3159 3999 3400 4071 gratia];
3450 4002 3644 4057 deinde

2059 4099 2114 4146 et
2143 4091 2256 4160 ipse
2285 4088 2445 4144 faciet
2474 4087 2624 4161 [Ms.,
2671 4087 2822 4161 facit]
2866 4087 3201 4158 subsequens
3230 4091 3477 4160 gratiam,
3517 4092 3643 4161 quia

2059 4196 2159 4252 ego
2189 4178 2350 4246 facio,
2394 4188 2455 4234 ut
2484 4179 2578 4234 fiat
2615 4178 2768 4252 [Ms.,
2800 4179 3008 4252 faciat].
3058 4179 3187 4247 Qua:
3235 4196 3422 4250 opera,
3453 4181 3558 4236 nisi
3587 4193 3644 4238 ut

2061 4288 2127 4328 ex
2161 4271 2328 4341 impio
2369 4270 2550 4340 justus
2591 4270 2730 4326 fiat?
2776 4291 2793 4323 ι
2828 4258 3100 4325 Fortassis
3138 4270 3311 4339 majus
3345 4282 3431 4326 est
3479 4288 3644 4343 opera

2061 4365 2250 4420 salutis
2315 4372 2514 4418 nostra:
2569 4379 2668 4418 nos
2693 4378 2793 4432 per
2829 4363 3002 4432 ipsum
3045 4362 3244 4428 facere,
3297 4379 3457 4433 quam
3481 4367 3642 4421 verba

2062 4455 2252 4511 salutis
2281 4453 2597 4524 praedicare,
2646 4452 2789 4522 quod
2814 4452 2929 4522 ipse
2955 4452 3084 4508 fecit
3135 4453 3254 4508 sine
3296 4455 3470 4510 nobis.
3505 4455 3642 4510 Dum

2065 4551 2180 4604 lucc
2205 4547 2360 4611 dixit,
2403 4546 2685 4614 sequitur:
2720 4543 2858 4610 Quia
2899 4561 2993 4615 ego
3023 4545 3094 4598 ad
3139 4543 3354 4601 Patrem
3408 4550 3564 4614 uado,
3593 4559 3643 4602 et

2063 4639 2404 4711 quodcunque
2428 4637 2678 4708 petieritis
2706 4638 2760 4690 in
2787 4638 2993 4691 nomine
3023 4654 3155 4700 meo,
3189 4638 3286 4691 hoc
3339 4638 3554 4708 faciam.
3585 4642 3643 4694 In

2067 4740 2152 4794 his
2175 4738 2354 4793 verbis
2382 4752 2628 4807 magnam
2657 4751 2805 4806 spem
2831 4737 3080 4807 promisit
3105 4739 3409 4792 orantibus.
3446 4757 3464 4790 ε
3499 4751 3521 4778 ο
3549 4739 3641 4795 Sic

2069 4845 2201 4900 ergo
2242 4830 2482 4899 perrexit
2519 4829 2586 4883 ad
2613 4828 2850 4892 Patrem,
2899 4835 2960 4882 ut
2996 4843 3102 4883 non
3154 4828 3484 4898 relinqueret
3511 4831 3648 4884 iudi-

2069 4932 2276 4992 gentes,
2303 4921 2398 4977 sed
2425 4921 2704 4976 exaudiret
2739 4929 2984 4990 petentes
3011 4938 3024 4974 :
3066 4941 3084 4974 ι
3121 4930 3302 4976 tamen
3323 4937 3432 4976 non
3462 4923 3643 4977 onmia

2069 5029 2335 5091 petentes,
2364 5022 2456 5076 sed
2485 5035 2606 5089 quae
2634 5021 2701 5074 ad
2731 5019 2958 5076 salutem
2987 5021 3261 5090 pertinent
3308 5022 3604 5091 petentium
3632 5039 3646 5075 :

2073 5119 2192 5174 ideo
2219 5119 2354 5174 dixit
2403 5119 2640 5190 :(Vens.
2691 5118 2776 5187 H)
2829 5117 2892 5174 Si
2946 5119 3074 5190 quid
3125 5121 3376 5190 petieritis
3435 5117 3648 5176 Patrem

2071 5211 2126 5263 in
2154 5210 2359 5263 nomine
2383 5225 2517 5273 meo,
2543 5211 2640 5263 hoc
2661 5209 2874 5278 faciam.
2905 5208 3041 5275 Quid
3063 5218 3167 5272 est,
3197 5209 3252 5263 in
3273 5211 3487 5265 nomine
3507 5224 3648 5271 meo,

2079 5301 2179 5355 nisi
2214 5300 2265 5354 in
2317 5300 2536 5354 nomine
2599 5299 2937 5355 Salvatoris?
2992 5300 3049 5356 Si
3099 5303 3364 5372 petieritis
3411 5317 3531 5372 qua:
3580 5309 3646 5361 ad

2146 5476 2173 5517 δ
2215 5477 2387 5534 Locus
2412 5484 2718 5548 corruptus.
2744 5475 2869 5548 Leg.
2906 5476 2962 5532 S.
2992 5477 3154 5548 Aug.,
3181 5477 3298 5533 loco
3319 5480 3506 5537 citato.

2155 5560 2178 5587 ε
2217 5548 2294 5602 Ex
2324 5547 2532 5612 eodem,
2561 5554 2719 5602 tract.
2751 5547 2943 5610 mm,
2974 5547 3121 5601 num.
3161 5549 3273 5602 1-4.
