4000 6190
416 294 521 351 935
1277 288 1336 343 Β.
1374 287 1435 341 F.
1479 284 1702 340 ALBINI
1742 285 1871 341 SEU
1914 284 2189 339 ALClllNl
2221 282 2504 339 OPERUM
2543 281 2721 338 PARS
2758 283 2818 337 ll.
3576 287 3696 345 936

417 405 583 479 599
619 403 843 460 salutem
870 401 1141 472 pertinent
1171 400 1344 464 vobis,
1381 398 1433 452 ill
1477 374 1695 452 llo-nine
1748 411 1869 451 meo
1891 412 1987 466 pe-
2021 404 2065 458 Α
2098 413 2201 450 non
2225 406 2391 466 potest
2416 396 2669 465 accipere,
2694 413 2816 466 quia
2842 413 2946 450 non
2963 396 3101 451 videt
3125 373 3268 461 eum,
3300 412 3392 450 nec
3415 407 3513 451 scit
3540 415 3698 453 eum.

420 497 615 556 tieritis
671 492 823 566 [Ms.,
879 490 1107 561 petitis].
1150 508 1167 539 t
1222 488 1449 556 Quando
1496 487 1641 542 enim
1705 500 1806 541 nos
1845 486 1993 541 dele-
2102 484 2358 539 Mundum
2386 494 2567 540 autem
2595 486 2828 555 appellat
2855 487 3121 549 homines,
3150 486 3336 542 mundi
3358 485 3518 555 hujus
3546 504 3704 545 amo-

421 596 573 644 ctant
610 582 770 647 mala,
818 588 874 635 et
900 595 1005 634 non
1052 578 1323 635 delectant
1369 578 1530 640 bona,
1586 591 1777 646 rogare
1816 576 1999 646 potius
2103 579 2147 632 ri
2168 577 2397 633 deditos.
2438 599 2455 630 ι
2492 578 2723 633 Mundus
2755 593 2884 651 ergo
2912 593 3037 635 cum
3065 580 3312 651 accipere
3357 596 3465 635 non
3490 591 3703 652 potest,

422 679 678 734 debemus
727 674 917 737 Deum,
964 679 1024 725 ut
1065 686 1164 725 nos
1223 669 1492 724 delectent
1545 667 1710 732 bona,
1749 680 1910 736 quam
1941 673 2002 719 ut
2104 670 2159 723 id
2186 678 2291 734 est,
2314 668 2616 723 mundiales
2644 669 2913 735 homines,
2957 670 3083 740 quia
3111 685 3220 726 non
3264 670 3467 726 habent
3502 670 3697 726 invisi-

421 767 784 823 conccdantur
810 762 972 828 mala,
1003 773 1062 817 ut
1093 761 1361 816 delectent
1398 758 1558 813 mala.
1591 758 1692 824 Qui
1737 772 1866 829 ergo
1882 771 2004 812 cre-
2106 758 2246 814 biles
2274 758 2559 813 charitatis
2602 759 2810 825 oculos,
2843 759 3040 829 quibus
3090 761 3428 815 solummodo
3458 759 3706 832 Spiritus

424 857 505 911 dit
532 857 584 910 in
615 871 760 921 eum,
791 853 1149 923 quodcunque
1194 851 1414 922 petierit
1457 851 1511 904 in
1554 849 1773 905 nomine
1817 848 2002 920 [ejus],
2108 859 2328 907 sanctus
2355 850 2528 906 videri
2573 859 2753 922 potest
2804 860 2858 906 ct
2884 851 3032 918 sciri,
3083 860 3138 907 et
3166 852 3385 908 sciendo
3437 852 3691 925 intelligi.

421 945 563 1019 quod
592 947 815 1017 prodest
844 944 950 999 illis
1004 944 1096 1014 qui
1129 943 1360 998 credunt
1409 942 1466 997 in
1514 956 1662 1005 eum,
1695 941 1800 995 hoc
1821 939 1954 1021 facit
1987 954 2002 993 τ
2116 944 2220 999 Vos
2254 953 2427 998 autem
2460 944 2774 1015 cognoscetis
2818 959 2958 1010 eum,
2983 945 3108 1010 quia
3134 944 3279 1007 apud
3322 962 3412 999 vos
3448 946 3703 1013 manebit,

424 1037 678 1108 quoniam
714 1036 818 1090 hoc
854 1035 994 1090 sicut
1038 1033 1288 1088 Salvator
1312 1032 1462 1087 facit.
1495 1030 1554 1086 Si
1597 1039 1800 1097 autem,
1831 1031 1920 1099 qui
1950 1030 2007 1085 in
2109 1048 2156 1093 ει
2179 1040 2235 1092 in
2265 1038 2404 1092 vobis
2429 1038 2547 1091 erit.
2580 1035 2720 1104 Erit,
2754 1046 2815 1091 ut
2859 1043 3078 1093 maneat
3130 1038 3184 1091 in
3210 1047 3496 1092 aeternum.
3537 1055 3556 1088 ε
3592 1039 3705 1093 Do.

427 1145 555 1183 cum
578 1129 771 1191 credit,
799 1126 998 1196 aliquid
1031 1141 1130 1195 per
1155 1124 1516 1196 ignorantiam
1557 1132 1745 1179 contra
1773 1123 2005 1179 salutem
2110 1128 2317 1182 minnm
2375 1141 2609 1195 namque
2648 1124 2984 1182 Salvatorem
3040 1135 3096 1182 et
3121 1126 3368 1182 inﬁdeles
3419 1136 3548 1181 ante
3576 1145 3711 1198 pas-

430 1240 584 1278 sualn
622 1224 777 1294 petit,
810 1239 914 1277 non
969 1223 1022 1277 in
1051 1222 1270 1277 nomine
1319 1220 1617 1275 Salvatoris
1668 1221 1843 1290 petit:
1884 1219 2009 1289 quia
2042 1241 2075 1253 ε
2114 1218 2322 1272 sionem
2354 1217 2407 1271 in
2430 1231 2594 1272 carne
2617 1216 2870 1273 viderunt
2896 1233 2911 1284 ;
2943 1218 3037 1273 sed
3058 1219 3184 1289 quia
3209 1217 3381 1272 Filius
3409 1218 3505 1273 Dei
3535 1227 3705 1281 esset,

430 1314 680 1369 Salvator
707 1314 757 1368 ei
785 1330 892 1368 non
928 1314 1051 1378 erit,
1100 1313 1146 1368 si
1172 1313 1317 1382 quod
1346 1311 1463 1381 ejus
1525 1312 1755 1367 salutem
1786 1312 2011 1381 impedit
2112 1308 2238 1378 quia
2268 1307 2565 1365 Paraclitus
2601 1325 2632 1363 a
2662 1309 2772 1365 Deo
2820 1310 3019 1366 missus
3048 1311 3102 1366 in
3128 1311 3410 1377 mundum,
3458 1327 3565 1366 non
3595 1314 3707 1369 nisi

432 1402 639 1459 fecerit.
681 1403 841 1458 Novit
871 1403 1017 1457 enim
1049 1401 1299 1457 Salvator
1322 1402 1514 1456 melius
1545 1401 1675 1471 quid
1704 1402 1860 1457 nobis
1884 1416 2011 1471 pro—
2114 1398 2301 1454 ﬁdeles
2350 1398 2491 1454 scire
2540 1407 2833 1469 potuerunt
2860 1414 2877 1454 :
2908 1399 3170 1470 Spiritum
3216 1408 3401 1455 autem
3449 1411 3705 1456 sanctum

428 1491 547 1548 dest
576 1508 739 1562 quam
769 1491 1105 1561 nosmetipsi.
1137 1492 1260 1547 ideo
1285 1492 1576 1562 petendum
1603 1499 1688 1546 est
1715 1500 1776 1546 ut
1802 1491 1897 1545 ﬁat
1913 1505 2009 1545 vo-
2114 1503 2289 1558 neque
2312 1487 2485 1544 oculis
2511 1488 2698 1544 videre
2746 1490 3013 1557 inﬁdeles,
3045 1506 3219 1560 neque
3244 1492 3427 1546 animo
3448 1492 3706 1548 valebant

430 1585 610 1641 luntas
633 1582 750 1652 ejus
775 1583 829 1638 in
855 1583 1032 1639 nobis.
1073 1603 1092 1636 ι
1126 1582 1396 1638 Continuo
1425 1580 1656 1650 subjecit
1685 1597 1697 1634 :
2114 1593 2463 1649 cognoscere,
2493 1579 2617 1648 quia
2644 1594 2751 1634 non
2800 1579 3021 1637 indutus
3049 1582 3387 1637 humanitate
3417 1582 3702 1653 discipulis

503 1672 568 1728 Ut
594 1672 910 1745 glori/icetur
937 1671 1100 1727 Pater
1125 1675 1180 1727 in
1209 1671 1372 1727 Filio.
1420 1690 1438 1723 t
1480 1671 1637 1726 Nullo
1663 1671 1823 1726 modo
1847 1670 2012 1740 igitur
2119 1671 2389 1740 apparuit,
2421 1668 2515 1725 sed
2542 1670 2617 1725 ita
2647 1670 2715 1726 ad
2744 1685 2838 1727 eos
2860 1673 3064 1740 venire,
3116 1674 3192 1729 ita
3221 1678 3364 1745 apud
3390 1691 3485 1732 eos
3512 1676 3707 1733 maluit

433 1765 550 1821 sine
584 1763 743 1818 Patre
771 1763 938 1819 Filius
971 1763 1123 1829 facit,
1155 1778 1256 1819 nec
1298 1762 1467 1818 Filius
1494 1763 1613 1816 sine
1641 1760 1823 1816 Patre.
1856 1760 2010 1815 Facit
2038 1757 2086 1816 B
2115 1774 2352 1825 manere,
2380 1768 2440 1814 ιιι
2465 1761 2521 1815 in
2546 1760 2680 1831 ipsis
2712 1777 2901 1818 eorum
2922 1764 3175 1821 cordibus
3202 1765 3570 1837 gratissimam
3591 1767 3699 1824 sibi

436 1869 565 1925 ergo
594 1853 755 1909 Pater
781 1854 835 1908 in
868 1852 1025 1918 Filio,
1052 1861 1112 1907 ut
1134 1853 1304 1908 Filius
1357 1851 1688 1924 gloriticetur
1719 1851 1773 1905 in
1801 1849 1964 1905 Patre
1994 1865 2008 1902 :
2116 1849 2297 1906 sedem
2357 1860 2738 1919 consecraret;
2775 1852 2879 1909 hoc
2936 1862 3021 1910 est
3049 1857 3216 1923 enim,
3268 1857 3413 1928 quod
3442 1857 3558 1911 ait:
3597 1857 3707 1915 Vos

435 1956 489 2000 et
519 1945 646 2000 facit
673 1944 839 2000 Filius
866 1946 917 1999 in
931 1946 1111 2011 Patre,
1141 1952 1199 1999 ut
1224 1944 1385 2000 Pater
1414 1944 1745 2015 gloriﬁcctur
1770 1943 1823 1996 in
1855 1940 2011 2006 Filio,
2116 1952 2290 1997 autem
2318 1945 2635 2014 cognoscesis
2669 1962 2807 2012 eum,
2839 1948 2965 2017 quia
2994 1949 3137 2018 apud
3162 1966 3252 2004 vos
3299 1950 3553 2016 manebit,
3574 1960 3623 2005 et
3650 1952 3709 2006 in

435 2039 598 2107 (ιιιοηί
622 2055 691 2092 1m
725 2054 888 2092 unum
942 2046 1069 2092 sunt
1122 2037 1284 2092 Pater
1330 2046 1386 2091 et
1430 2036 1616 2091 Filius.
1658 2055 1675 2087 ι
1710 2034 2013 2104 Sequitur:
2115 2035 2260 2091 vobis
2292 2037 2409 2091 erit.
2449 2037 2549 2104 Qui
2576 2046 2759 2091 autem
2792 2037 3132 2095 invisibiliter
3160 2042 3213 2096 in
3238 2042 3344 2097 hac
3386 2043 3497 2098 vita
3523 2054 3709 2099 manet

984 2170 1210 2226 CAPUT
1242 2169 1458 2225 xxxv.
2118 2139 2239 2226 cu-m
2296 2125 2501 2226 electis,
2544 2125 2834 2226 visibilitcr
2881 2129 3080 2226 utique
3126 2127 3314 2202 [Beda,
3360 2132 3709 2187 invisibiliter

989 2214 1095 2225 Ψ-.
1126 2214 1161 2226 υ
1180 2214 1201 2225 ⁸
1243 2214 1390 2224 δ”-Ι-
1413 2214 1423 2225 1
1445 2214 1458 2222 I

495 2284 548 2296 οι·
656 2283 709 2296 ,σε
959 2282 992 2296 lo
1056 2282 1067 2294 ο
1150 2281 1181 2296 lo
1423 2281 1434 2296 Ι
1478 2289 1489 2296 ρ
1865 2279 1920 2296 ,οι

2132 2214 2327 2288 utique]
2358 2218 2437 2271 eis
2462 2216 2691 2288 gratiam
2722 2233 2833 2272 sua:
2882 2220 3205 2290 cognitionis
3245 2222 3484 2279 exhibet.
3547 2224 3712 2295 απ)

442 2283 898 2381 υιιιαςιξξιτξξηξε
937 2279 2018 2381 lassati:.enitimur:seruiuit:
2122 2309 2308 2381 (νεεδ.
2336 2309 2446 2380 is.)
2480 2309 2603 2364 Non
2642 2309 2932 2381 νειεηφιαηι
3092 2315 3376 2381 ονριιαηοε,
3405 2279 3713 2372 unum

513 2328 901 2406 ὶῖἷὲἆὲὶεἷιὶηἱῖι
938 2328 1779 2421 ‘tsiia";;.‘ttui;.‘&;;i."uitalia;
1791 2328 2019 2421 alia:

2122 2328 2308 2381 (νεηδ.
2336 2328 2446 2380 Ιδ.)
2480 2328 2603 2364 Ποη
2642 2328 2932 2382 relinquam
2960 2330 3048 2367 υοδ
3092 2328 3376 2385 orphanos,
3405 2333 3613 2370 ventum

2128 2416 2214 2421 _-__
2276 2399 2573 2421 tr:J-L-.___
2629 2400 2718 2421 :_n
2742 2400 2932 2421 1-IeL__-
2994 2403 3101 2421 Ma-
3202 2419 3241 2421 ,-
3286 2405 3322 2421 -,
3382 2420 3391 2421 ,
3454 2406 3466 2416 -
3560 2420 3567 2421 ,

514 2400 897 2493 ξεῖνέιῆἦέϋῂἐῆιῆ
940 2400 1103 2493 ἕλξίῖτὶ
1139 2400 1442 2493 telis—titillat;
1476 2400 2022 2490 tituut"5u’cé,,;dm
2121 2416 2237 2493 fas.
2265 2400 2573 2493 AVidehatur
2628 2400 2935 2493 inﬁdelibus
2985 2403 3112 2474 quia
3163 2405 3402 2459 moriens
3453 2406 3506 2459 in
3545 2420 3711 2462 cruce

510 2493 605 2555 eis,
644 2490 920 2562 pacemque
951 2491 1236 2561 relinquere
1261 2490 1555 2561 pollicetur.
2121 2491 2402 2557 Dominus,
2428 2491 2720 2563 discipulos
2757 2492 3089 2564 relinqueret
3118 2495 3393 2564 orpltanos
3421 2514 3436 2560 ;
3479 2497 3575 2551 sed
3598 2513 3706 2552 non

513 2609 674 2663 Vsus.
710 2606 795 2669 l5,
816 2604 902 2659 16.
939 2637 1009 2646 -
1030 2605 1092 2661 Si
1125 2604 1342 2676 diligitis
1365 2621 1465 2669 me,
1494 2603 1745 2657 mandata
1774 2618 1888 2656 mea
1910 2617 2025 2656 ser-

2126 2583 2340 2653 reliqllit
2366 2598 2460 2640 eos
2482 2584 2771 2654 orpltanos,
2802 2585 3000 2656 quibus
3027 2594 3081 2641 et
3110 2587 3339 2658 pralbuit
3365 2589 3601 2660 seipsnm
3629 2589 3706 2643 vi—

447 2709 578 2764 vate,
603 2708 649 2751 et
676 2713 767 2769 ego
782 2697 972 2767 rogabo
996 2693 1235 2761 Patrem,
1258 2705 1308 2750 et
1338 2695 1502 2750 alium
1526 2692 1854 2747 Paraclitum
1880 2692 2024 2745 dabit

2128 2691 2252 2730 vum
2290 2684 2412 2747 post
2462 2677 2771 2746 passionem
2829 2693 2981 2732 suam
3010 2677 3063 2732 in
3118 2678 3302 2733 multis
3356 2679 3708 2750 argumentis,

444 2787 604 2843 vobis.
646 2765 786 2853 Quid
835 2765 1083 2856 estquod
1110 2786 1260 2852 dicit,
1312 2785 1458 2855 quod
1484 2783 1828 2854 diligentibus
1854 2781 2025 2836 Deum
2125 2780 2225 2837 rer
2248 2766 2362 2821 dies
2381 2765 2769 2856 quadraginta;
2802 2774 2857 2821 οι
2884 2775 3006 2837 post
3031 2768 3145 2823 dies
3174 2769 3362 2823 decem
3389 2769 3710 2839 assumptio-

443 2890 499 2937 et
526 2880 865 2936 servantibus
904 2854 1155 2933 mandata
1185 2876 1302 2946 ejus
1332 2854 1569 2947 Spiritus
1617 2874 1913 2947 paraclitus
1935 2873 2029 2928 da-
2129 2857 2214 2911 πίε
2243 2872 2353 2911 δοίη
2382 2854 2617 2926 Spiritus
2642 2856 2815 2912 εθηοῑῖ
2847 2856 2952 2912 illis
3004 2857 3070 2912 dc
3099 2857 3235 2913 εωιο
3260 2858 3592 2913 οιιπίεωειιδ
3616 2858 3711 2912 ἀο-

447 2983 617 3039 retur,
651 2974 775 3028 dum
805 2972 948 3027 Deus
973 2971 1120 3042 diligi
1159 2980 1214 3026 et
1238 2971 1489 3025 mandata
1541 2968 1660 3038 ejus
1685 2967 1890 3024 servari
1918 2981 2027 3021 non
2128 2949 2317 3015 “3"”;
2359 2949 2450 3003 “bi
2485 2949 2658 3020 ipsum
2694 2949 2969 3042 Christum
2997 2950 3065 3003 3'1
3118 2965 3212 3005 005
3264 2951 3477 3005 Venisse
3530 2950 3712 3005 ηυηιιε

447 3072 691 3134 possunt,
719 3062 821 3117 nisi
849 3078 945 3133 per
976 3041 1237 3131 Spiritum
1267 3068 1511 3117 sanctum
1534 3060 1558 3114 ?
1583 3059 1722 3127 Qllid
1749 3066 1833 3114 cst
1859 3057 2023 3121 aliud,

2134 3042 2369 3098 ﬁdelium
2396 3042 2641 3113 ambigit,
2673 3041 2764 3112 qui
2791 3042 3203 3113 inseparabilem
3250 3054 3452 3100 sancta:
3477 3044 3714 3100 Trinita-

448 3120 550 3212 ltisi
578 3156 750 3225 utqui
780 3120 874 3226 per
911 3120 1171 3223 Spiritum
1198 3161 1442 3209 sanctum
1469 3152 1645 3224 diligit
1686 3152 1875 3215 Deum,
1913 3164 2026 3204 nte-

2131 3133 2201 3187 tis
2251 3140 2501 3187 naturam
2551 3132 2752 3187 virtute
2775 3140 2831 3187 et
2856 3134 3171 3203 operatione
3221 3134 3411 3206 [Beda,
3450 3135 3711 3189 virtutem

452 3255 601 3303 retur
622 3222 888 3318 diligendo
918 3222 976 3302 ut
999 3244 1120 3315 plus
1164 3244 1380 3312 habeat,
1408 3253 1464 3300 et
1484 3222 1606 3314 plus
1638 3241 1887 3298 habendo
1908 3240 2029 3311 plus

1484 3222 1606 3314 plu};
1638 3241 1887 3298 habendo
1908 3240 2029 3311 plus
2129 3233 2185 3279 et
2207 3222 2599 3296 operationem]
2631 3239 2749 3279 esse
2774 3225 3044 3295 cognovit.

450 3336 681 3408 diligat?
718 3312 742 3387 ἶ
777 3349 803 3376 ι
829 3312 1130 3391 Paraclitus
1165 3336 1360 3405 quippe
1411 3312 1717 3390 mnsolator
1767 3333 2030 3401 interpre-

2202 3315 2365 3369 Vzns.
2409 3315 2497 3369 l9.
2532 3344 2604 3354 —-
2640 3314 2824 3368 Adhuc
2852 3314 3135 3381 modicum,
3167 3324 3214 3369 et
3241 3332 3320 3369 me
3339 3314 3452 3385 jam
3479 3312 3715 3368 mundus

454 3405 617 3494 ωιιξτ,
642 3435 697 3482 ει
726 3425 961 3495 spiritus
999 3433 1217 3480 sanctus
1249 3434 1395 3481 ηοω
1442 3424 1739 3479 Paraclin
1783 3430 2029 3487 γοεςιιυη
2134 3423 2239 3461 non
2258 3406 2417 3472 videt,
2448 3423 2538 3460 vos
2566 3415 2739 3460 autem
2761 3405 2946 3460 videtis
2978 3424 3078 3461 me.
3110 3407 3378 3462 Modicum
3402 3414 3516 3463 erat
3536 3421 3712 3475 usque

455 3519 578 3589 quia
615 3516 778 3572 corda
817 3514 1071 3578 ﬁdelium,
1102 3528 1171 3569 ne
1223 3514 1364 3568 inter
1387 3513 1547 3583 hujus
1596 3513 1776 3569 saeculi
1808 3514 2032 3568 adversa
2135 3502 2201 3556 ad
2232 3508 2441 3570 tempus
2468 3499 2745 3570 explenda!
2794 3496 2962 3572 [Βεάίι
2986 3510 3034 3554 ετ
3066 3500 3193 3561 Μία.
3221 3498 3468 3572 expiem]
3507 3500 3715 3570 PaSS'O-

454 3608 724 3672 deﬁciant,
781 3605 1017 3662 caelestis
1044 3606 1173 3661 vita:
1222 3604 1507 3661 desideriis
1535 3604 1780 3659 sublevat
1809 3620 1874 3659 ac
1904 3604 2032 3658 rcﬁ-
2136 3593 2241 3658 nis,
2270 3608 2337 3647 ex
2368 3608 2475 3662 quo
2504 3591 2655 3646 illum
2696 3591 2912 3662 reprobi
2943 3592 3124 3648 videre
3155 3608 3262 3647 non
3309 3592 3577 3646 valebant.
3605 3589 3720 3645 Soli

455 3701 547 3754 cit.
587 3720 603 3751 t
641 3699 919 3753 llabcbant
949 3699 1128 3766 itaque
1170 3696 1420 3767 discipuli
1474 3696 1736 3767 Spiritum
1761 3704 2033 3761 sanctum,

2138 3685 2336 3740 etenim
2391 3682 2550 3753 justi,
2610 3684 2703 3752 qui
2767 3690 2941 3739 morte
2972 3683 3113 3739 illius
3176 3691 3336 3739 erant
3388 3681 3712 3746 contristati,

457 3792 551 3846 sed
578 3790 789 3845 occulta
841 3793 1076 3859 quadam
1124 3790 1494 3861 inspiratione,
1542 3806 1643 3860 per
1663 3806 1824 3861 quem
1855 3790 2038 3844 Domi-
2140 3774 2393 3845 gaudium
2447 3773 2861 3829 resurrectionis
2913 3774 3029 3845 ejus
3077 3775 3260 3829 videre
3310 3782 3635 3829 meruerunt.
3683 3790 3703 3823 ι

460 3898 587 3938 num
610 3881 924 3950 diligebant,
961 3882 1056 3937 sed
1094 3882 1330 3937 nondum
1379 3882 1666 3949 habebant,
1696 3882 1835 3938 sicut
1858 3882 2040 3936 Domi-

2142 3866 2281 3932 Quia
2309 3882 2402 3937 ego
2438 3866 2576 3930 vivo,
2604 3875 2652 3919 et
2679 3882 2768 3919 vos
2794 3865 2993 3921 vivatis.
3031 3884 3048 3917 ι
3087 3866 3116 3905 ι)
3146 3865 3284 3933 Quid
3312 3873 3419 3931 est,
3473 3865 3585 3937 quia
3617 3879 3714 3933 ego

461 3989 563 4028 nus
588 3972 955 4044 promittebat.
991 3972 1277 4029 llabebant
1300 3974 1569 4042 siquidem
1619 3975 1847 4039 occulte,
1878 3990 2038 4045 quem
2141 3956 2278 4023 υίυο,
2306 3964 2355 4010 ετ
2383 3972 2472 4011 vos
2497 3956 2678 4010 υίυειὶε
2704 3956 2730 4011 ?
2754 3954 2865 4011 Cur
2897 3956 2963 4011 de
2990 3958 3244 4026 praesenti
3276 3971 3335 4012 se
3359 3957 3496 4012 dixit
3516 3956 3717 4018 vivere.

461 4073 643 4136 postea
692 4062 923 4132 quadam
980 4062 1413 4119 manifestatione
1464 4064 1698 4120 habituri
1757 4076 1913 4120 erant
1943 4084 1955 4118 :
1988 4067 2043 4122 id
2146 4052 2267 4107 "'05
2287 4060 2468 4107 amem
2503 4052 2569 4107 de
2597 4050 2779 4106 ἷιιῑιπο
2806 4066 2929 4106 9558
2953 4052 3212 4114 νῖθιιιΐοεν
3267 4049 3375 4106 ηίεί
3402 4050 3528 4118 (illia
3556 4047 3722 4102 Viam

460 4168 565 4223 est,
597 4158 724 4212 dum
753 4158 805 4211 in
836 4157 1010 4227 igneis
1058 4156 1254 4228 linguis
1305 4159 1471 4223 venit,
1496 4167 1550 4214 et
1575 4160 1713 4213 sedit
1740 4174 1900 4229 super
1925 4174 2039 4225 eos,

2144 4144 2306 4199 etiam
2334 4144 2533 4210 carnis,
2564 4143 2749 4213 utique
2774 4144 3124 4212 resurgentis,
3157 4139 3334 4212 qualis
3360 4140 3415 4195 in
3437 4140 3554 4209 ipso
3581 4154 3723 4209 prte-

461 4261 515 4308 et
543 4253 738 4324 linguis
771 4251 1132 4321 loquebantur
1163 4251 1568 4322 magniﬁcantes
1605 4228 2041 4321 DeumsRogaba

2145 4235 2389 4300 cedebat,
2438 4242 2493 4289 et
2517 4234 2622 4289 illis
2663 4240 2746 4290 est
2794 4232 3067 4304 pollicitus
3117 4231 3477 4288 secuturam?
3510 4228 3724 4299 thuia

465 4319 678 4400 Patrem
739 4319 1001 4408 meum,”
1055 4342 1219 4397 alium
1256 4319 1607 4398 'Paraclitum
1669 4343 1819 4397 dabit
1878 4319 2042 4409 vobis,

2148 4325 2314 4395 ipsius
2342 4341 2467 4380 mox
2498 4324 2674 4379 futura
2718 4323 2896 4378 fuerat
2944 4322 3292 4387 resurrectio,
3320 4319 3605 4392 prmsentis
3630 4332 3727 4388 po-

466 4440 754 4495 ostcndens
777 4438 1010 4508 seipsnm
1056 4452 1176 4492 esse
1201 4436 1551 4500 Paraclitum,
1588 4456 1605 4488 t
1643 4436 1925 4492 Habebam
1952 4451 2045 4491 au-

2149 4416 2257 4470 suit
2286 4416 2547 4486 temporis
2572 4414 2816 4478 verbum,
2842 4422 3066 4485 propter
3089 4412 3505 4485 signiﬁcandam
3529 4409 3719 4467 celeri-

465 4543 573 4589 tem
601 4540 656 4587 et
680 4532 830 4603 prius
855 4486 1203 4596 Paraclitum,
1258 4532 1429 4601 ipsum
1465 4530 1711 4586 videlicet
1759 4529 2044 4584 Dominum
2076 4486 2125 4547 D
2151 4517 2353 4603 [Nemi
2389 4507 2602 4603 ίΠοτιξῐη
2651 4513 2831 4603 illiti?!“
2885 4505 3140 4603 (ἰξιοξιίειιξὶ
3170 4504 3231 4603 il:
3250 4503 3436 4559 3330"“
3486 4500 3725 4558 ἀίπθτωτ

469 4639 654 4678 secum
697 4622 752 4676 in
787 4636 949 4676 carne
981 4628 1426 4684 commorantem,
1481 4635 1604 4675 cum
1648 4619 1838 4692 [Beda,
1870 4615 2044 4689 cujus]

2150 4598 2332 4664 ﬁnem,
2355 4614 2461 4653 non
2492 4598 2588 4664 ait,
2612 4598 2804 4664 vivitis,
2848 4598 2941 4653 sed
2964 4598 3166 4652 vivetis.
3197 4598 3342 4652 Duas
3386 4611 3517 4667 ergo
3541 4608 3721 4649 resur-

468 4726 524 4773 et
553 4716 933 4771 miraculorum
967 4714 1251 4770 dulcedine
1299 4723 1354 4770 et
1388 4729 1489 4784 0pc
1533 4712 1946 4784 praedicationis,
1982 4726 2049 4767 ne
2151 4690 2435 4784 Γεθείρνηθξτο
2469 4705 2623 4745 suam
2646 4689 2853 4745 εείίὶοει
2882 4705 3006 4784 mox
3033 4687 3299 4784 futuram.
3321 4696 3379 4784 et
3399 4696 3636 4743 nostram
3665 4684 3718 4784 in

468 4816 688 4878 propter
722 4805 1015 4862 inﬁdelium
1054 4775 1483 4877 persecutionem
1526 4775 1884 4859 scandalizari
1929 4815 2048 4871 pos-

2152 4783 2333 4838 saeculi
2379 4782 2485 4837 ﬁne
2544 4791 2874 4848 secuturam,
2928 4781 3137 4837 duobus
3184 4779 3390 4846 verbis,
3450 4775 3724 4850 praesentis

470 4869 608 4961 tot,
639 4897 772 4968 erigi
799 4904 854 4952 et
882 4869 1175 4952 οοηιοιῖιοιοί
1225 4895 1490 4951 solebant.
1531 4913 1549 4945 ι
1600 4890 1838 4961 Rogabo,
1889 4869 2045 4956 dixit,
2154 4874 2488 4968 temporis}:
2516 4873 2703 4968 futuri.
2732 4873 3378 4968 elesaolerbreviterque
3402 4869 3717 4968 profui-iit}

473 4958 691 5059 propter
722 4958 1152 5052 vhumanitatem,
1181 4986 1271 5055 qui
1315 4987 1407 5040 dat
1434 4999 1559 5039 cum
1607 4958 1767 5037 Patre
1789 4997 1887 5051 per
1915 4981 2049 5037 divi-

2152 4964 2337 5037 (Vults.
2363 4964 2478 5035 20.)
2519 4963 2586 5019 In
2610 4964 2701 5019 illo
2728 4964 2829 5029 die,
2884 4964 3083 5033 inquit,
3108 4980 3194 5017 vos
3224 4960 3563 5033 cognoscetis,
3607 4958 3726 5029 quia

474 5050 716 5133 nitatem.
755 5073 822 5130 Ut
855 5084 1064 5130 maneat
1084 5050 1345 5130 vobiscum
1371 5074 1426 5126 in
1454 5082 1728 5128 (uernum.
1763 5050 1874 5124 (illi
1895 5079 2052 5125 teter-

2150 5074 2242 5129 ego
2263 5074 2378 5111 sum
2409 5058 2463 5111 in
2492 5053 2653 5110 Patre
2697 5073 2826 5120 meo,
2856 5064 2905 5109 et
2934 5072 3020 5111 vos
3050 5056 3105 5110 in
3128 5071 3228 5118 me,
3276 5063 3324 5108 et
3349 5069 3443 5124 ego
3488 5053 3543 5107 in
3572 5050 3725 5106 vobis.

475 5183 602 5223 num
648 5180 880 5236 namque
935 5172 1115 5221 manet
1173 5178 1296 5219 cum
1348 5164 1572 5226 sanctis,
1622 5177 1758 5231 quos
1784 5169 1838 5216 et
1869 5162 1919 5216 in
1947 5162 2051 5218 hac

2149 5149 2207 5204 In
2242 5165 2349 5221 quo
2373 5148 2480 5215 die,
2513 5148 2615 5203 nisi
2644 5146 2710 5203 de
2733 5163 2840 5218 quo
2871 5147 2948 5202 ait
2973 5164 2987 5200 :
3030 5146 3096 5200 Et
3130 5163 3217 5201 vos
3245 5146 3419 5200 vinetis
3449 5145 3477 5200 1
3508 5162 3526 5196 ι
3567 5155 3589 5183 ο
3622 5140 3727 5196 No-

478 5259 589 5311 vita
619 5233 831 5329 semper
878 5254 1218 5313 invisibiliter
1258 5255 1401 5309 intus
1441 5253 1763 5319 illustrabat,
1803 5263 1860 5308 et
1881 5255 1933 5308 ill
1964 5252 2050 5307 fn-
2153 5250 2343 5296 νενεὶηῐ
2373 5251 2499 5295 tunc
2520 5239 2745 5310 θροεῑοῖί
2776 5255 2895 5295 esse
2918 5238 3195 5294 Chriswm
3220 5237 3275 5292 in
3307 5236 3471 5293 Ρθπθ
3497 5233 3727 5329 9⁸⁸⁵3ηῆ

481 5355 602 5401 ιι]Γο
631 5346 696 5402 ad
723 5324 1189 5418 (ξοηιεηψιεηαωη
1241 5349 1498 5418 ρει-ρειαί)
1545 5345 1777 5416 speciem
1804 5362 1913 5401 sum
1942 5360 2055 5399 ma-
2156 5340 2320 5386 tatem
2346 5330 2631 5386 individuie
2653 5330 2980 5390 divinitatis:
3004 5337 3264 5385 noverant
3287 5345 3346 5384 se
3365 5343 3488 5384 esse
3510 5328 3564 5383 in
3588 5324 3725 5382 Chri-

479 5435 688 5506 jesmlis
716 5415 1025 5493 ίηιι-οιιυέίι,
1242 5415 1257 5418 ’
1338 5415 1351 5416 ί
1579 5415 1584 5416 ί
2158 5430 2260 5486 sto,
2288 5437 2385 5490 per
2414 5421 2811 5490 susceptionem
2839 5419 2963 5475 ﬁdei
2992 5430 3047 5476 et
3084 5428 3549 5476 sacramentorum
3580 5415 3727 5484 ejus;

554 5525 714 5583 Vens.
759 5529 843 5582 l7.
900 5560 973 5569 —
1031 5528 1285 5599 Spiritum
1337 5527 1588 5589 veritatis,
1639 5544 1788 5597 quem
1841 5528 2063 5581 uiuimus
2162 5520 2424 5567 ηονθιτιηῑ
2468 5514 2738 5569 veraciter
2789 5527 2915 5569 vere
2949 5523 3074 5571 tunc
3102 5529 3219 5571 esse
3246 5513 3525 5572 Christum
3557 5513 3609 5567 in
3636 5510 3722 5566 Pa-

558 5650 587 5681 ι
622 5638 699 5693 Ex
724 5639 878 5695 Bedae
899 5641 1118 5695 humilia
1154 5641 1206 5693 in
1236 5640 1321 5694 die
1341 5638 1710 5693 Pentecostes.
2237 5635 2257 5663 ε
2304 5625 2378 5678 EX
2409 5624 2561 5680 Βυιίω
2586 5625 2731 5682 hom.
2763 5628 2948 5682 citata.

560 5709 590 5753 1³
627 5709 706 5765 Et
824 5709 984 5778 Aug,
1016 5719 1174 5764 tract.
1207 5724 1369 5773 LXXV,
1407 5724 1555 5761 nnlll.
1587 5706 1638 5757 5.
