4000 6190
296 316 397 395 '957

1085 329 1489 389 EXEGETICA.
1515 333 1587 372 —‘
1618 327 1967 386 COMMENT.
2010 327 2076 381 ω
2117 303 2305 382 tosti.
2343 357 2414 367 --
2450 325 2574 381 Lm.
2620 324 2698 381 v1.

3396 326 3498 379 933

285 452 380 507 tre,
404 451 459 497 ct
482 442 537 498 in
566 456 625 500 se
652 436 770 499 esse
796 419 1067 500 Cliristum
1092 462 1187 515 per
1206 435 1547 500 dilectionem
1577 452 1628 499 et
1652 445 1836 499 obser-
1864 453 1911 508 Α
1939 438 2209 508 faciemus.
2244 437 2342 505 Qui
2369 439 2511 492 enim
2555 424 2681 490 vere
2705 421 2877 505 diligit
2905 433 3095 496 Deum,
3127 448 3225 487 nec
3251 437 3490 488 teut-alio

281 531 510 585 vantiam
546 533 915 587 mandatorum
946 531 1099 601 ejus;
1151 535 1300 588 novit
1324 543 1375 587 et
1402 535 1504 589 hoc
1530 542 1715 588 sancta
1747 531 1837 586 Dei

282 618 532 681 Ecclesia,
567 620 658 675 sed
712 620 866 691 longe
894 623 1084 677 melius
1129 631 1183 676 et
1208 622 1417 693 plenius
1460 622 1511 676 in
1541 622 1628 676 illa
1658 621 1743 676 die
1772 622 1838 676 de

280 725 376 779 qua
426 709 563 764 dixit
591 730 603 764 :
638 711 704 764 Et
736 729 822 767 vos
856 713 1067 768 vivatis:
1105 715 1158 768 in
1188 730 1290 783 qua
1339 706 1606 769 veraciter
1659 698 1839 768 vivere

280 799 558 865 incipiunt,
588 799 688 855 hoc
717 811 818 865 est,
852 802 903 856 in
935 803 1019 857 die
1069 802 1497 867 resurrectionis,
1530 803 1745 873 quando
1772 818 1837 857 eo

282 887 563 953 perfectius
589 900 779 945 cuncta
803 908 921 960 quae
963 894 1174 947 scienda
1201 903 1343 957 sunt,
1389 893 1583 956 sciunt,
1615 908 1721 962 quo
1752 892 1834 961 ip-

279 995 392 1034 sum
418 981 654 1035 scientiae
679 979 878 1036 fontem
902 983 1129 1037 vicinius
1152 985 1268 1038 sine
1298 983 1400 1037 fine
1425 983 1778 1052 conspiciunt.
1813 1002 1830 1033 ι

282 1068 345 1123 Ut
371 1079 547 1124 autem
572 1071 819 1125 omnibus
864 1068 1020 1138 hujus
1046 1070 1455 1140 promissionem
1490 1071 1837 1125 beatitudinis

275 1160 626 1231 promitteret,
656 1177 760 1215 non
784 1160 1122 1217 solummodo
1148 1162 1425 1233 apostolis,
1458 1177 1580 1215 mox
1609 1160 1833 1229 subjun-

279 1251 389 1304 xit:
426 1242 609 1321 (Visus.
640 1249 753 1323 2i.)
795 1250 898 1323 Qui
925 1250 1076 1306 liabet
1118 1252 1365 1305 mandato
1416 1268 1558 1312 mea,
1592 1260 1638 1305 et
1669 1261 1835 1305 servat

275 1357 335 1394 ea
355 1381 370 1405 ,
392 1339 481 1394 ille
508 1350 581 1395 est
610 1341 699 1411 qui
728 1320 809 1395 me
843 1320 1030 1411 diligit.
1071 1340 1172 1406 Qui
1197 1337 1368 1393 autem
1396 1339 1562 1409 diligit
1588 1355 1690 1402 me,
1716 1338 1836 1392 dili-

270 1424 422 1499 ‘getur
443 1447 475 1483 a
499 1429 658 1482 Patre
685 1422 818 1493 meo,
842 1438 891 1483 et
907 1446 998 1500 ego
1013 1414 1226 1500 diligam
1251 1444 1389 1494 eum,
1418 1439 1466 1483 et
1494 1419 1834 1498 manifestabo

274 1503 322 1573 e'i
364 1521 633 1589 meipsum.
674 1537 691 1569 ι
734 1519 833 1575 L'bi
865 1510 1009 1575 omni
1041 1519 1338 1576 intentione
1383 1519 1831 1576 considerandum

269 1597 386 1671 last,
414 1608 537 1676 quia
567 1605 838 1662 Christum
878 1623 1004 1663 vere
1047 1607 1268 1679 diligere
1296 1617 1378 1664 est
1424 1607 1541 1677 ejus
1585 1611 1831 1664 mandata

270 1707 490 1752 “scrvare
518 1715 529 1750 ε
555 1713 659 1751 non
690 1697 856 1765 ipsam
878 1697 1219 1753 dilectionem
1250 1692 1470 1770 [solum]
1494 1698 1650 1753 labiis
1671 1699 1831 1768 proli-

1943 532 2026 587 nis
2055 540 2295 600 tempore
2316 529 2519 584 recedit
2542 527 2610 582 ab
2636 540 2821 581 amore
2851 524 2968 589 Dei,
3006 524 3071 579 ad
3102 526 3244 579 hunc
3275 526 3498 578 veniunt

1940 605 2099 679 'Patir
2126 624 2177 677 et
2210 619 2377 677 Filius
2405 608 2630 690 spiritali
2673 602 2981 675 accessione
3004 657 3019 681 ,
3069 625 3124 671 et
3165 601 3497 671 mansionem

1938 704 2076 783 apud
2099 708 2219 767 eum
2248 709 2463 766 habent.
2487 711 2579 766 ille
2605 711 2749 765 enim
2779 721 2905 762 vere
2931 714 3100 770 amat,
3134 705 3287 776 cujus
3313 704 3507 759 videli-‘

1939 811 2023 858 cet
2050 810 2282 856 mentem
2325 800 2608 856 delectatio
2634 815 2798 871 prava
2844 814 2911 853 ex
2946 811 3208 852 consensu
3251 811 3349 850 suo
3391 786 3509 850 nott'

1938 904 2171 964 superat.
2205 893 2335 947 Nam
2370 900 2518 946 tanto
2544 891 2770 960 quisque
2820 906 2848 943 a
2894 904 3128 958 superno
3156 904 3341 942 amore
3390 875 3511 942 dis-J

1929 983 2201 1055 jungitur,
2252 990 2452 1051 quauto
2499 978 2719 1034 inferius
2763 978 3077 1032 delectatur.
3136 995 3154 1025 ι
3203 976 3229 1015 ιι
3276 970 3512 1055 Βίιεοίίθξ

1938 1084 2152 1131 sanctos
2180 1071 2437 1128 discernit
2469 1087 2496 1123 a
2534 1070 2754 1132 mundo,
2781 1082 2900 1136 quae
2930 1066 3056 1120 facit
3087 1067 3370 1119 unanimes
3399 1040 3508 1118 ita}

1936 1164 2108 1219 bitare
2140 1165 2193 1217 in
2236 1164 2413 1218 domo.
2451 1160 2508 1214 in
2538 1173 2644 1229 qua
2679 1158 2837 1212 domo
2883 1156 3013 1211 facit
3046 1155 3208 1209 Pater
3235 1163 3288 1209 et
3330 1140 3513 1208 l-‘ilius'

1937 1254 2267 1307 mansionem
2306 1270 2317 1304 :
2352 1251 2442 1320 qui
2466 1250 2668 1304 donant
2691 1255 2743 1302 et
2766 1238 2935 1317 ipsam
2963 1239 3341 1310 dilectionem,
3381 1244 3499 1314 qui-

1934 1345 2035 1399 bus
2064 1344 2261 1399 donent
2288 1342 2340 1396 in
2373 1341 2475 1395 line
2523 1340 2688 1394 etiam
2729 1352 2885 1392 suam
2933 1335 3440 1391 manifestationem.
3473 1356 3491 1387 ι

1936 1434 2010 1489 De
2034 1449 2139 1504 qua
2159 1431 2589 1487 manifestatione
2613 1420 2906 1498 diScitiulus
2928 1420 3297 1495 interrogavit,
3322 1433 3377 1480 et
3401 1422 3497 1478 au-

1935 1524 2067 1579 divit
2116 1523 2181 1576 ad
2222 1523 2361 1577 hanc
2408 1516 2889 1575 m‘anifest‘dti'onem
2919 1512 3014 1587 p'er
3042 1517 3379 1571 dilectionem
3406 1529 3497 1567 vo-

1934 1613 2185 1669 niendum
2222 1627 2362 1667 esse.
2402 1595 2584 1684 (Vsus.
2623 1602 2737 1681 23.)
2780 1609 2881 1674 Qui
2916 1608 3017 1662 non
3064 1608 3233 1677 diligit
3259 1624 3359 1669 me,
3390 1623 3497 1660 ser-

1932 1721 2107 1758 mones
2144 1702 2281 1757 nieos
2313 1699 2415 1756 ii'on
2460 1690 2647 1755 servat.
2700 1717 2719 1749 ‹
2768 1689 2833 1753 lli
2878 1706 3003 1754 sunt
3046 1697 3137 1767 Qui
3184 1696 3396 1750 Patrem
3444 1701 3499 1750 et

274 1788 394 1853 teri,
424 1788 515 1843 sed
563 1789 810 1842 mandata
838 1787 1036 1842 Clu-isti
1056 1829 1070 1852 ,
1102 1804 1221 1859 quae
1272 1780 1525 1843 discendo
1553 1789 1829 1852 habemus,
1868 1780 1908 1836 ll
1939 1793 2195 1863 spiritum
2225 1781 2469 1848 sanctum
2496 1794 2769 1859 numquam
2792 1789 2973 1843 vident
3006 1805 3020 1840 :
3054 1782 3248 1841 Filium
3294 1793 3495 1849 autem;

272 1878 543 1946 operando
580 1889 794 1931 servare
845 1895 856 1931 :
916 1894 932 1928 ι
981 1877 1083 1943 Qui
1116 1877 1288 1942 liabet;
1338 1879 1539 1947 inquit,
1581 1876 1829 1931 mandata

271 1982 383 2019 mea
406 2007 419 2029 ,
457 1975 507 2020 et
542 1970 708 2021 servat
731 1982 812 2029 ea;
846 1966 935 2020 me
957 1977 1029 2019 cst
1051 1968 1139 2035 qui
1174 1970 1254 2020 ine
1294 1967 1479 2036 diligit,
1518 1987 1534 2015 ι
1566 1979 1589 2006 τι
1616 1968 1705 2036 qui
1730 1969 1828 2020 ba-

270 2056 357 2107 bet
384 2056 435 2109 in
460 2056 815 2120 lnemoria,et
836 2062 1012 2110 servat
1043 2058 1094 2110 iu
1119 2057 1263 2121 vita;
1306 2058 1396 2125 qui
1427 2057 1587 2111 habet
1627 2058 1680 2109 in
1724 2060 1831 2109 scr;

270 2146 534 2209 itionibus,
567 2154 621 2200 et
645 2142 823 2201 servat
847 2147 901 2201 in
929 2147 1200 2210 mdribus;
1235 2147 1327 2216 qui
1363 2146 1524 2201 habet
1544 2146 1826 2207 audiendo,

268 2240 321 2286 et
341 2243 519 2288 servat
545 2234 818 2301 faciendo;
846 2243 937 2289 aut
959 2235 1047 2304 qui
1076 2236 1238 2290 habet
1267 2234 1510 2289 faciendo
1531 2275 1545 2299 ,
1573 2243 1628 2289 et
1653 2243 1832 2289 servat

267 2325 680 2391 perseverando,
699 2326 803 2396 ipse
826 2335 918 2387 est,
948 2326 1139 2394 inquit,
1160 2326 1249 2394 qui
1270 2325 1440 2395 diligit
1466 2342 1563 2380 me.
1588 2345 1606 2376 ι
1634 2343 1650 2376 ι
1673 2326 1702 2366 b
1725 2324 1829 2380 No-

267 2417 486 2469 tandum
510 2418 632 2485 quia
663 2433 784 2472 cum
809 2417 1091 2487 prccsentis
1111 2418 1369 2485 temporis
1400 2417 1564 2473 verbo
1584 2417 1786 2471 diceret
1813 2435 1825 2469 :

268 2505 371 2570 Qui
408 2517 577 2560 autem
608 2507 772 2577 diligit
806 2524 914 2572 me,
944 2509 1141 2579 adjecit
1164 2510 1228 2565 de
1255 2509 1434 2564 futuro
1466 2528 1478 2563 :
1514 2508 1770 2580 Diligetur
1797 2527 1828 2563 α

266 2595 427 2648 ‘Patre
461 2612 589 2661 meo,
645 2608 690 2649 et
724 2615 814 2666 ego
864 2599 1076 2669 diligam
1108 2616 1253 2663 eum,
1305 2610 1352 2653 et
1400 2599 1742 2668 manifestabo
1783 2599 1828 2650 ei

265 2684 534 2755 meipsum.
569 2686 748 2755 Diligit
769 2703 1000 2759 namque
1028 2690 1187 2744 etiam
1215 2707 1352 2745 nunc
1392 2691 1680 2745 dilectores
1705 2703 1830 2744 suos

264 2790 384 2827 cum
414 2774 573 2829 Patre
613 2776 802 2842 Filius,
836 2779 928 2833 sed
955 2794 1099 2834 nunc
1127 2780 1301 2851 dil'git
1330 2780 1396 2833 ad
1427 2780 1547 2842 hoc,
1597 2786 1658 2832 ut
1685 2787 1829 2833 recte

268 2864 449 2919 vivant
472 2878 538 2920 ex
565 2864 666 2920 fide
692 2904 707 2932 ,
737 2881 855 2937 quae
892 2882 987 2937 per
1018 2868 1355 2924 dilectionem
1384 2879 1639 2937 operatur
1664 2885 1675 2919 :
1704 2875 1831 2921 tunc

260 2956 331 3009 ad
358 2956 461 3011 hoc
483 2956 691 3028 diliget,
744 2966 802 3011 ut
844 2961 1157 3028 perveniant
1181 2961 1248 3015 ad
1274 2961 1533 3014 visionem
1565 2959 1828 3021 veritatis,

259 3039 570 3120 ἵππω-ρει·
614 3049 772 3106 fidem
808 3060 1176 3121 gustaveraut.
1234 3052 1349 3107 Non
1401 3061 1580 3105 autem
1630 3050 1830 3105 frustra

1932 1888 2037 1938 neu
2060 1886 2117 1937 dt
2141 1878 2536 1946 beatificeiiliir,
2567 1881 2659 1935 sed
2686 1888 2744 1933 ut
2763 1880 3073 1949 judiccutur
3091 1917 3105 1942 ,
3135 1878 3202 1931 ad
3225 1873 3495 1932 modicum

1931 1969 2111 2025 vident
2138 1960 2151 2023 Ξ
2183 1985 2282 2025 nec
2304 1970 2476 2039 ipsum
2505 1970 2557 2021 in
2586 1967 2757 2022 forma
2783 1967 2898 2031 Dei,
2947 1968 3036 2020 ubi
3066 1974 3150 2021 est
3173 1978 3292 2019 cum
3336 1960 3496 2020 Patre

1930 2069 1982 2114 et
2006 2058 2212 2129 Spiritu
2239 2068 2424 2114 sancto
2451 2059 2656 2129 pariter
2697 2057 2980 2112 invisibilis
3033 2075 3044 2109 :
3096 2057 3189 2111 sed
3224 2057 3276 2110 in
3322 2055 3494 2111 forma

1929 2152 2181 2217 hominis,
2200 2153 2290 2207 ubi
2316 2150 2468 2223 [Ms.,
2490 2152 2540 2204 in
2555 2147 2682 2220 qua]
2705 2164 2823 2203 esse
2842 2149 3039 2202 mundo
3062 2148 3230 2202 voluit
3248 2150 3498 2218 patiendo

1929 2241 2370 2312 contemptibilis,
2389 2238 2681 2309 judicaudo
2705 2239 2978 2294 terribilis.
3007 2257 3025 2287 ι
3060 2239 3128 2293 Et
3157 2253 3325 2293 sermo
3346 2241 3497 2310 quem

1928 2333 2171 2399 audistis,
2199 2351 2301 2388 non
2325 2343 2398 2388 est
2429 2350 2603 2397 meus;
2625 2332 2715 2385 sed
2744 2331 2859 2401 ejus
2881 2330 2970 2402 qui
2995 2332 3130 2386 misit
3154 2327 3235 2386 'me
3254 2373 3268 2396 ,
3301 2320 3496 2385 Patris.

1929 2423 2069 2487 Quid
2089 2431 2171 2475 est
2191 2422 2331 2491 quod
2370 2421 2520 2490 prius
2556 2419 2746 2489 plurali
2777 2410 3001 2473 nurnero
3035 2415 3295 2474 sermones
3323 2415 3458 2474 dixit
3481 2462 3494 2481 ,

1930 2525 2071 2565 nunc
2101 2507 2281 2564 autem
2304 2504 2558 2578 singulari
2589 2509 2876 2561 sermonem
2893 2507 2918 2558 ?
2940 2506 2979 2560 F
2983 2502 3212 2562 ortassia
3224 2519 3282 2561 ut
3311 2509 3501 2576 prmdi-

1930 2597 2157 2655 catiouis
2184 2600 2337 2672 [Ms.,
2366 2596 2798 2670 prmdica’tioncs]
2829 2598 2900 2651 ibi
2929 2613 3206 2653 sermones
3234 2610 3500 2653 monstra-

1930 2690 2039 2756 iet;
2070 2692 2159 2745 hic
2188 2706 2315 2745 vero
2359 2689 2615 2759 seipsum,
2647 2689 2735 2757 qui
2784 2696 2867 2742 est
2921 2682 3152 2743 Verbum
3185 2684 3382 2743 Patris.
3434 2689 3501 2744 Et

1930 2784 2051 2839 ideo
2081 2783 2217 2838 dixit
2261 2798 2367 2837 non
2415 2797 2569 2836 suum
2593 2821 2606 2843 ,
2654 2780 2776 2848 quia
2804 2780 2833 2833 a
2861 2777 3038 2848 seipse
3085 2784 3189 2832 noti
3216 2784 3317 2843 est,
3350 2779 3441 2832 sed
3468 2795 3496 2832 a

1928 2871 2091 2927 Patre
2138 2892 2149 2925 :
2206 2874 2346 2927 sicut
2372 2885 2471 2925 nec
2501 2884 2596 2924 sua
2625 2877 2707 2923 est
2750 2869 2945 2939 imago,
2999 2864 3090 2923 sed
3137 2868 3355 2933 Patris;
3401 2883 3500 2922 nec

1931 2977 2060 3017 suus
2084 2948 2274 3024 Filius,
2302 2962 2394 3016 sed
2423 2960 2618 3015 Patris.
2655 2980 2671 3010 ι
2700 2959 2864 3013 Recte
2892 2955 3054 3029 igitur
3078 2959 3282 3013 auctori
3309 2957 3501 3012 tribuit

1932 3054 2189 3124 quidquid
2214 3053 2342 3108 facit
2366 3052 2609 3123 aequalis,
2640 3067 2669 3105 a
2694 3065 2799 3121 quo
2828 3052 2913 3105 ba‘
2935 3060 2990 3105 et
3019 3051 3121 3106 hoc
3152 3051 3328 3121 ipsum
3354 3050 3499 3118 quod

262 3119 484 3195 addidit
513 3159 525 3194 :
562 3140 626 3195 Et
656 3119 997 3211 manifestabo
1026 3144 1072 3198 ei
1112 3142 1380 3214 meipsum.
1418 3164 1436 3193 ι
1489 3141 1560 3197 Sc
1581 3156 1710 3196 vero
1734 3156 1821 3197 se-
1850 3119 1896 3183 c
1930 3119 2007 3195 illi
2034 3119 2115 3196 est
2141 3119 2508 3197 indifferenter
2533 3119 2773 3211 (aqualis.

264 3231 498 3287 cundum
517 3233 901 3289 humanitatem
918 3235 1124 3290 cunctis
1142 3236 1192 3290 in
1210 3235 1415 3304 judicio
1431 3233 1819 3291 manifestabit':

261 3320 395 3379 Solis
439 3339 569 3379 vero
615 3324 779 3395 justis
822 3334 877 3380 et
901 3326 1103 3382 sanctis
1151 3326 1449 3382 divinitatis
1482 3325 1740 3397 gloriam,
1767 3325 1822 3379 in

261 3426 369 3482 qua
405 3413 627 3485 :equalis
685 3421 768 3474 est
808 3415 958 3471 Patri
992 3424 1049 3470 et
1077 3414 1301 3488 Spiritui
1341 3423 1527 3471 sancto
1551 3456 1566 3480 ,
1596 3416 1663 3471 ad
1697 3416 1824 3471 bea-

263 3505 546 3561 titudinem
606 3514 858 3562 astet-nam
917 3505 1313 3579 percipiendam
1380 3507 1824 3565 manifestatur-us

262 3593 390 3651 erit.

335 3685 496 3743 Vsus.
535 3688 624 3746 2‘2.
665 3720 731 3732 -
770 3679 908 3745 Dicil
936 3692 983 3746 ei
1008 3686 1209 3758 ludas,
1238 3708 1341 3748 non
1379 3692 1466 3749 ille
1493 3691 1821 3750 Scariotln'sr

261 3776 483 3835 Domine
507 3819 521 3844 ,
555 3781 682 3851 quid
710 3780 904 3852 factum
928 3793 1032 3849 est,
1074 3785 1201 3855 quia
1229 3784 1375 3840 nobis
1400 3784 1824 3854 inattifestaturus

260 3883 316 3922 es
345 3868 586 3940 teipsunt;
605 3881 653 3926 et
676 3876 779 3927 'non
799 3872 919 3926 huic
938 3872 1173 3928 mundo?
1196 3873 1552 3944 Interrogavit
1573 3872 1826 3929 discendo

258 3966 478 4017 causam
502 3962 769 4017 veritatis.
797 3962 904 4017 Iste
947 3971 1032 4017 est
1063 3963 1230 4021 Judas
1257 3962 1411 4032 cujus
1435 3963 1672 4033 Epistolis
1699 3964 1826 4037 legi—

259 4050 352 4106 tur
378 4053 432 4108 in
458 4049 703 4109 ecclesiis
726 4051 948 4117 Christi,
979 4069 1085 4111 non
1110 4054 1199 4110 ille
1229 4052 1479 4112 traditor.
1508 4055 1634 4113 Ideo
1666 4056 1827 4113 aliter

255 4142 616 4213 interrogavit
636 4142 755 4209 iste,
778 4143 936 4200 aliter
962 4144 1051 4203 ille
1081 4137 1340 4220 proditor,
1368 4149 1492 4204 dum
1518 4149 1596 4205 ait
1626 4166 1638 4203 :
1675 4148 1826 4204 Nun-

252 4228 389 4300 quid
414 4244 507 4300 ego
540 4245 655 4284 sum
678 4231 704 4285 .’
742 4232 837 4289 llle
874 4226 1158 4292 simulator
1197 4239 1426 4294 accessit
1471 4239 1539 4296 ad
1586 4255 1827 4295 mensam

252 4316 543 4388 magistri,
570 4316 671 4373 iste
696 4321 938 4378 veritatis
960 4324 1249 4395 inquisitor
1274 4327 1621 4396 interrogavit
1648 4326 1827 4384 Domi-

254 4424 411 4465 num.
456 4408 551 4465 Cui
581 4414 857 4483 respondit
882 4414 1038 4471 Jesus
1078 4434 1092 4472 :
1125 4417 1310 4487 (Vsus.
1334 4417 1448 4491 25.)
1481 4417 1538 4474 Si
1567 4422 1680 4491 quis
1703 4421 1824 4475 dili-

254 4503 336 4572 git
362 4519 471 4568 me,
503 4499 762 4560 séritzones
809 4522 948 4562 meos
989 4509 1228 4563 servabit.
1291 4528 1308 4562 ι
1341 4521 1363 4549 ε
1397 4511 1647 4567 Probatio
1698 4528 1827 4583 ergo

257 4592 586 4679 dilectionis,
640 4596 900 4652 exbibitio
947 4607 1030 4653 est
1072 4600 1273 4670 operis.
1306 4600 1443 4657 llinc
1491 4602 1543 4656 in
1588 4600 1827 4675 Epistola

258 4697 362 4736 sua
391 4681 530 4738 idbm
563 4682 797 4741 Joannes
823 4687 953 4741 dicit
981 4704 994 4741 :
1022 4685 1126 4753 Qui
1154 4689 1282 4743 dicit
1307 4691 1431 4760 quia
1455 4687 1614 4762 diligo
1634 4692 1824 4756 Deum,

257 4779 312 4823 et
338 4766 587 4827 mandata
616 4775 729 4844 ejus
759 4793 859 4832 non
902 4778 1127 4832 custodit
1148 4819 1162 4837 ,
1209 4774 1434 4833 mendax
1474 4790 1550 4834 est
1581 4780 1633 4852 (I
1661 4779 1823 4836 Joan.

259 4878 345 4923 iv,
369 4862 481 4948 29).
506 4865 642 4921 Vere
666 4866 810 4922 enim
839 4867 1110 4939 diligimus
1136 4869 1325 4934 Deum,
1356 4870 1400 4924 si
1430 4859 1683 4926 mandata
1714 4871 1829 4938 eius

256 4953 634 5020 observamus,
657 4966 711 5012 et
734 4973 763 5012 a
792 4960 989 5014 nostris
1013 4952 1170 5031 601
1197 4975 1296 5016 nos
1324 4960 1390 5015 ad
1407 4960 1662 5016 mandata
1689 4961 1830 5017 illius

257 5041 631 5100 voluntatibus
656 5045 807 5119 μίση
864 5048 1251 5124 voluptatibus]
1303 5038 1660 5107 coarctamus.
1694 5070 1712 5103 ›
1762 5042 1832 5107 Et

259 5133 434 5198 Peter
460 5135 607 5190 meus
632 5138 809 5209 diliget
835 5157 972 5195 eum.
997 5140 1131 5208 Quia
1162 5156 1323 5212 opera
1348 5157 1468 5212 qum
1491 5139 1653 5197 Pater
1681 5141 1828 5206 facit;

257 5223 387 5282 limit
432 5230 487 5284 et
537 5222 786 5283 similiter
817 5228 987 5285 Filius
1016 5230 1171 5296 facit;
1201 5240 1255 5286 et
1283 5232 1373 5302 qui
1416 5231 1591 5303 diligit
1613 5231 1828 5295 Filium,

255 5319 445 5389 diligit
468 5329 522 5375 et
542 5321 787 5386 Patrem;
818 5331 873 5376 et
891 5321 982 5391 qui
1011 5322 1252 5392 diligitur
1280 5341 1309 5377 a
1347 5321 1507 5385 Filio,
1533 5323 1770 5391 diligitur
1801 5316 1829 5375 a

252 5412 450 5469 Patre.
485 5412 552 5467 Et
572 5413 641 5466 ad
664 5428 780 5467 eum
813 5412 1093 5477 veniemus,
1124 5422 1170 5465 et
1196 5405 1513 5467 mansionem
1549 5412 1688 5483 apud
1714 5408 1830 5465 emit

340 5560 367 5620 ει
405 5546 485 5620 ξι
517 5549 574 5620 S.
604 5550 761 5620 Aug.,
788 5550 891 5603 loc.
920 5549 1038 5614 cit.,
1062 5564 1209 5601 num.
1242 5548 1292 5599 5;

341 5619 370 5659 ιι
412 5617 489 5672 Et
522 5617 833 5685 Bedafloco
857 5621 1042 5672 Citato'.‘

340 5697 366 5729 ε
405 5686 484 5745 Ex
515 5687 571 5742 S.
601 5687 787 5760 Greg.,
819 5688 963 5742 ltom.
991 5690 1077 5749 30,
1111 5702 1255 5740 num.
1290 5686 1333 5738 ι.

672 5780 940 5841 Parant.
993 5780 1058 5839 Ε.

1853 4463 1904 4518 D

1996 3225 2157 3288 Vsus.
2189 3232 2280 3287 25.
2304 3264 2372 3274 —
2407 3232 2531 3287 nam
2555 3232 2757 3287 locutus
2777 3247 2896 3287 sum
2920 3232 3059 3286 vobis
3088 3230 3227 3303 apud
3266 3247 3353 3284 vos
3389 3246 3502 3283 ma-

1927 3340 2070 3379 nens.
2110 3324 2205 3394 illa
2244 3325 2475 3390 mansio,
2523 3324 2587 3379 de
2630 3339 2736 3394 qua
2765 3323 3011 3394 superius
3035 3324 3203 3386 dixit,
3244 3323 3504 3394 spiritalis

1926 3427 2028 3482 est,
2056 3432 2177 3489 quae
2205 3418 2333 3473 solis
2358 3417 2558 3473 sanctis
2591 3417 2784 3472 datur:
2831 3417 2945 3473 hmo
2972 3432 3103 3472 vero
3129 3416 3195 3471 de
3221 3431 3323 3486 qua
3359 3412 3502 3469 nunc

1926 3510 2093 3575 dicit,
2126 3506 2422 3581 corporalis
2463 3520 2563 3563 est.
2631 3509 2707 3563 De
2753 3524 2848 3561 sua
2896 3503 3180 3577 praiscntia
3230 3505 3498 3577 corporali

1928 3603 2297 3656 tantummodo
2344 3600 2518 3665 dixit,
2566 3614 2725 3667 quam
2768 3598 3011 3668 utrique,
3039 3605 3093 3652 et
3107 3597 3240 3666 justi
3264 3605 3317 3651 et
3352 3596 3500 3669 irrpii

1926 3692 2109 3748 videre
2133 3694 2444 3761 potuerunt.
2476 3709 2494 3739 ι
2535 3707 2551 3739 ι
2592 3699 2613 3727 ο
2645 3687 2735 3742 illa
2766 3688 2820 3744 in
2850 3698 3110 3745 aeternum
3140 3688 3411 3747 beatificat
3437 3691 3499 3747 li-

1926 3783 2143 3837 beratos
2168 3822 2181 3845 ,
2226 3783 2340 3836 hac
2387 3780 2440 3835 in
2472 3786 2710 3849 tempore
2738 3778 2924 3835 visitat
2963 3780 3288 3836 liberandos.
3348 3779 3497 3846 lter,-

1926 3871 2121 3940 inquit,
2148 3860 2350 3925 (mu
2370 3885 2484 3924 sum
2519 3869 2689 3934 vobis,
2726 3860 2867 3939 apud
2896 3866 2981 3926 rb:
3016 3876 3247 3924 inanem.
3304 3864 3501 3943 Utique

1926 3954 2209 4032 prementia
2234 3958 2522 4032 corporali,
2564 3975 2670 4031 qua
2709 3975 2832 4015 cum
2870 3958 2976 4016 illis
3001 3952 3286 4015 visibiliter
3311 3959 3497 4031 inque-4

1927 4051 2102 4104 batur.
2130 4068 2148 4100 ι
2186 4048 2371 4121 (Vsus.
2399 4036 2514 4119 26.)
2544 4047 2847 4104 Paraclitus
2889 4057 3059 4103 autem
3113 4045 3342 4119 Spiritus
3376 4058 3501 4103 sate

1927 4150 2039 4195 ctus
2065 4182 2078 4206 ,
2129 4156 2281 4211 quem
2300 4140 2467 4194 mittet
2492 4133 2655 4195 Pater
2680 4141 2735 4194 in
2764 4136 2970 4195 nomine
2994 4157 3107 4195 mea
3125 4182 3139 4205 ,
3169 4139 3259 4194 ille
3288 4140 3374 4196 toi
3406 4140 3502 4196 do-

1927 4230 2055 4285 cebit
2078 4231 2273 4296 Omnia,
2302 4239 2349 4285 et
2378 4225 2612 4302 suggeret
2636 4225 2774 4286 vobis
2797 4232 2994 4297 omnia,
3015 4229 3332 4303 quiscunque
3350 4231 3499 4287 dirc-

1930 4322 1986 4375 ὀνο
2022 4321 2182 4376 vobis;
2224 4319 2385 4375 Multa
2411 4321 2548 4376 dixit
2582 4321 2923 4377 audientibus
2946 4322 3269 4388 inﬁdelibus,
3303 4338 3422 4394 qua:
3444 4324 3500 4379 in

1930 4414 2115 4469 coram
2141 4410 2394 4468 cordibus
2414 4412 2592 4468 locum
2620 4410 2724 4467 uno
2749 4410 3089 4479 invenerunt,
3116 4416 3243 4484 quia
3269 4414 3501 4485 Spiritus

1931 4513 2150 4560 sanctus
2177 4506 2318 4560 intus
2343 4519 2436 4560 eos
2466 4520 2572 4560 non
2611 4503 2855 4560 docebat:
2897 4498 3057 4561 Multa
3101 4505 3232 4563 dicit
3263 4507 3503 4578 quotidie

1931 4592 2027 4667 per
2069 4605 2285 4652 sanctos
2331 4596 2746 4665 praedicatores;
2792 4612 2912 4667 quae
2955 4598 3233 4655 audientes
3275 4599 3503 4656 interius

1933 4693 2039 4745 n'on
2070 4689 2349 4760 recipiunt,
2379 4690 2501 4759 quia
2531 4682 2765 4759 Spiritus
2788 4698 3005 4746 sanctus
3026 4706 3133 4746 non
3160 4692 3399 4763 suggerit
3422 4693 3502 4745 eis

1933 4779 2175 4844 interius,
2204 4796 2323 4850 quae
2346 4782 2632 4837 audierunt
2668 4782 2924 4838 exterius.
2963 4782 3038 4840 De
3068 4799 3177 4853 quo
3199 4792 3343 4839 recte
3372 4799 3501 4854 pro-

1933 4864 2199 4926 mittitur:
2232 4869 2353 4942 Ipse
2385 4889 2470 4927 vos
2496 4872 2693 4927 docebit
2720 4873 2915 4936 omnia,
2953 4890 2973 4923 ι
3009 4871 3028 4911 ί
3055 4873 3181 4943 quia
3219 4873 3320 4928 nisi
3360 4872 3500 4927 idem

1937 4960 2168 5033 Spiritus
2220 4967 2368 5021 cordi
2422 4965 2562 5021 adsit
2608 4964 2912 5027 audientis,
2965 4965 3172 5020 otiosus
3213 4971 3295 5021 est
3324 4978 3502 5019 sermo

1935 5049 2187 5108 doctoris.
2238 5052 2405 5109 Nemo
2450 5053 2593 5108 enim
2641 5053 2851 5109 docenti
2889 5054 3092 5109 bomini
3130 5052 3333 5108 tribuat
3361 5052 3504 5124 quod

1935 5157 2000 5197 ex
2024 5156 2119 5197 ore
2143 5143 2387 5201 docentis
2416 5144 2694 5215 intelligit,
2738 5146 2863 5215 quia
2891 5146 2992 5200 nisi
3021 5146 3165 5200 intus
3186 5147 3258 5201 sit
3282 5146 3373 5216 qui
3403 5145 3501 5200 (ἴο-

1936 5230 2054 5290 ἓθειῑ
2075 5275 2088 5300 ,
2134 5234 2371 5290 doctoris
2395 5234 2571 5306 lingua
2601 5237 2841 5290 exterius
2883 5235 2935 5291 in
2960 5251 3183 5291 vacuum
3215 5236 3441 5292 laborat.
3478 5256 3496 5287 ι

1933 5325 2105 5381 Aliter
2134 5327 2313 5395 itaque
2353 5325 2729 5393 przedicantem
2777 5325 3047 5382 Christum
3096 5327 3378 5383 audierunt
3403 5325 3500 5384 Ju-

1937 5416 2057 5478 dmi,
2088 5415 2244 5470 aliter
2262 5414 2505 5484 apostoli.
2531 5413 2609 5468 llli
2636 5414 2700 5468 ad
2722 5414 3004 5483 judicium,
3036 5416 3122 5471 isti
3148 5418 3213 5473 ad
3236 5417 3455 5473 salutem
3484 5438 3498 5474 :

2006 5548 2030 5586 ἀ
2073 5547 2148 5599 Ex
2180 5545 2235 5599 S.
2271 5546 2425 5615 Aug.,
2462 5553 2617 5598 tract.
2642 5561 2798 5600 vavt
2852 5561 2998 5599 num.
3025 5545 3081 5607 Ξ,
3110 5545 3163 5608 4,
3190 5548 3241 5600 3i.

2011 5630 2032 5655 ε
2073 5616 2146 5669 Ex
2173 5615 2374 5676 eodem,
2405 5625 2558 5668 tract.
2590 5630 2792 5678 vavii,
2822 5632 2966 5669 num.
3002 5616 3049 5667 i.

2010 5686 2031 5724 ί
2075 5687 2149 5740 Ex
2184 5685 2239 5740 S.
2270 5683 2460 5755 Greg.;
2489 5685 2704 5738 humilia
2733 5686 2919 5749 citata,
2952 5701 3096 5737 nam.
3131 5687 3183 5739 ὅ.

2988 5775 3061 5837 30
