4000 6190
473 349 578 405 959

475 462 598 535 quia
623 460 724 515 hos
749 452 967 525 spiritus
995 447 1049 501 in
1076 442 1254 499 animo
1290 440 1501 505 docuit,
1536 435 1681 508 quod
1708 433 1840 489 loris
1865 430 2047 485 audie—
2076 434 2125 493 Α

477 562 602 609 runt
627 553 680 606 in
704 560 851 602 aure.

1336 324 1395 381 B.
1433 322 1498 379 ~13.
1530 321 1753 378 ALBLVl
1793 318 1922 401 ΕΒΗ
1959 314 2234 371 Αιευιδι
2269 310 2548 370 OPERUM
2585 307 2765 366 PARS
2796 307 2860 363 li.

3607 289 3712 349 9‘0

2152 427 2405 483 inferno?
2443 425 2690 481 Christus
2733 421 2908 483 Jesus,
2952 416 3053 472 sed
3100 416 3153 469 in
3192 410 3372 466 anima
3414 405 3547 462 sola.
3587 403 3725 470 Quis

2152 526 2551 576 resurrecturus
2599 515 2774 570 triduo
2828 508 3001 581 jacuit
3052 507 3104 560 in
3144 498 3431 572 sepulcro?
3480 494 3727 551 Christus

547 583 602 608 Ill
627 583 680 606 ΙΙΙ
704 583 851 602 “Iliun

547 640 707 698 VBRS.
729 635 819 691 97-
846 659 919 672 --
942 628 1133 682 Pacem
1173 622 1407 694 relinquo
1435 620 1576 674 υοὺίδ
1600 658 1615 683 ν
1655 630 1834 687 Pacem
1882 626 2051 665 meum
2150 613 2337 677 Jesus,
2381 609 2478 666 sed
2512 610 2567 662 in
2594 619 2757 663 carne
2784 602 2916 658 sola.
2958 596 3163 653 Dicitur
3192 606 3320 664 ergo
3347 597 3405 644 et
3426 587 3481 641 in
3504 586 3589 640 his
3609 583 3726 639 sin-

2840 692 2855 698 ‘
3116 685 3127 697 '
3333 679 3417 698 14A
3484 674 3566 698 ..-Ι
3593 684 3699 698 Ι-Α-

478 730 546 786 do
573 727 733 785 vobis.
768 724 826 780 in
856 736 989 793 pace
1026 718 1272 786 relinquo
1313 728 1409 767 vos
1433 752 1448 776 ,
1496 711 1551 764 in
1579 723 1711 778 pace
1747 703 1962 760 veniam
1986 700 2052 756 ad

477 837 594 880 vos.
638 818 739 875 llic
766 815 1011 882 relinquo
1037 850 1051 875 ,
1096 808 1204 862 illic
1246 805 1334 860 do.
1386 799 1748 869 Sequentibus
1788 793 2052 859 relinquo,

477 905 919 982 pervenientibus
951 900 1038 955 do.
1078 916 1097 949 ι

481 1000 696 1065 sreculo,
744 1008 931 1067 pacem
979 1003 1135 1047 suam
1159 984 1311 1041 dabit
1339 981 1494 1036 nobis
1522 979 1577 1031 in
1618 974 1799 1029 futuro
1840 968 2054 1026 saeculo.

480 1091 678 1148 Pacem
721 1062 977 1152 relinquit
1017 1077 1173 1133 nobis
1194 1114 1210 1140 ,
1238 1081 1301 1127 ut
1340 1085 1440 1125 nos
1477 1067 1705 1122 invicem
1729 1062 2011 1131 diligamus
2043 1076 2055 1111 :

485 1194 675 1252 pacem
701 1190 853 1232 suam
877 1150 1026 1228 dabit
1067 1166 1223 1223 nobis
1244 1205 1260 1230 ,
1287 1162 1379 1217 ubi
1401 1172 1675 1228 nunquam
1700 1153 1928 1208 invicem
1955 1150 2063 1203 dis-

488 1241 690 1327 sentire
732 1264 1018 1337 possimus.
1063 1276 1081 1310 ι
1130 1254 1267 1322 Quid
1307 1261 1392 1307 est
1443 1248 1587 1319 quod
1635 1245 1765 1301 dicit
1808 1261 1820 1295 :
1871 1241 2063 1294 Pacem

489 1377 657 1418 meam
679 1359 745 1414 do
782 1356 945 1419 vobis,
976 1359 1031 1407 et
1050 1364 1158 1404 non
1188 1346 1322 1402 dixit
1355 1361 1368 1397 :
1405 1342 1600 1396 Pacem
1624 1353 1792 1392 meam
1820 1333 2064 1402 relinquo

490 1451 674 1510 vobis?
694 1445 960 1503 Fortassis
982 1441 1108 1512 quia
1129 1437 1285 1492 aliter
1299 1449 1460 1498 nunc,
1483 1431 1640 1485 aliter
1654 1437 1781 1482 tunc
1798 1440 1904 1495 pax
1927 1421 2065 1488 erit;

491 1546 583 1603 hic
605 1557 735 1600 vero
757 1540 896 1597 bella
936 1550 1057 1592 cum
1084 1530 1231 1588 vitiis
1254 1529 1517 1584 habemus
1536 1564 1551 1589 ,
1589 1521 1710 1577 ideo
1735 1534 1840 1574 non
1867 1514 2070 1571 addidit

492 1650 661 1690 nteant
688 1646 705 1685 :
739 1629 848 1685 illic
868 1641 1000 1683 vero
1045 1624 1101 1678 in
1143 1629 1347 1677 aeterna
1378 1630 1531 1687 pace,
1563 1620 1767 1667 aeterna
1798 1607 1905 1663 erit
1924 1613 2070 1659 tran-

495 1723 731 1796 quillitas
755 1727 810 1776 et
832 1713 1141 1778 concordia,
1165 1719 1220 1767 et
1239 1708 1362 1763 talis
1385 1722 1509 1777 pax,
1534 1701 1743 1773 qualem
1774 1697 1863 1753 ille
1883 1693 2073 1751 habuit

2153 703 2292 774 gulis
2316 674 2592 762 Christus;
2623 708 2812 750 verum
2840 692 2957 747 lucc
2985 685 3165 743 omnia
3186 698 3291 736 non
3321 679 3457 742 duo,
3484 674 3569 730 vel
3593 684 3730 739 tres,

2157 765 2251 849 sed
2272 805 2410 845 unus
2432 798 2514 843 est
2537 786 2803 841 Christus.
2843 781 2966 836 Ideo
3009 791 3137 848 ergo
3164 772 3335 828 dixit:
3367 767 3426 823 Si
3445 765 3729 835 diligentis

1134 908 1159 936 ⁸
1188 893 1380 948 Pacem
1408 886 1664 956 relinquit
1696 882 1853 938 Doms
1876 880 1929 933 in
1956 879 2058 932 hoc
2156 900 2258 947 me,
2301 878 2595 951 gauderetis
2623 877 2817 947 utique,
2863 871 2988 943 quia
3028 866 3162 921 vado
3203 862 3271 916 ad
3313 858 3567 912 Patrem:
3597 870 3733 924 quo-

2152 943 2532 1029 niam-natura:
2556 943 2806 1022 humana:
2841 955 3216 1033 gratulandum
3241 959 3325 1007 est
3342 989 3357 1016 ,
3393 963 3460 1003 eo
3486 944 3627 1017 quod
3653 943 3735 998 sic

2162 1068 2434 1128 assumpta
2465 1064 2547 1113 est
2580 1071 2620 1109 -a
2644 1052 2822 1109 Verbo
2846 1045 3147 1119 unigenito,
3176 1051 3236 1097 ut
3263 1034 3580 1094 immortalis
3605 1047 3735 1088 con-

2163 1122 2477 1207 stitueretur
2502 1147 2555 1201 in
2582 1144 2719 1201 coelo
2744 1182 2759 1208 ,
2806 1150 2967 1209 atque
2996 1137 3069 1191 ita
3108 1133 3260 1188 ﬂeret
3296 1138 3440 1183 terra
3468 1122 3737 1185 sublimis,

2163 1250 2221 1297 ut
2270 1234 2690 1306 incorruptibilis
2729 1230 2905 1302 pulvis
2944 1226 3158 1282 sederet
3198 1221 3259 1275 in
3287 1219 3509 1274 dextera
3534 1212 3738 1267 Patris.

2166 1333 2278 1389 Hoc
2298 1331 2443 1386 enim
2469 1327 2629 1383 modo
2653 1339 2713 1381 se
2737 1325 2939 1378 iturum
2960 1318 3097 1374 dixit
3120 1315 3187 1370 ad
3209 1312 3458 1366 Patrem:
3484 1323 3589 1361 non
3615 1320 3744 1376 pro~

2166 1424 2308 1480 fecto
2336 1420 2515 1495 [Aug.,
2564 1432 2688 1473 nam
2730 1410 2995 1486 profecto]
3042 1409 3109 1464 ad
3154 1407 3303 1460 illum
3348 1402 3460 1458 ibat
3483 1399 3576 1469 qui
3616 1413 3743 1452 cum

2170 1515 2259 1570 illo
2287 1492 2433 1578 erat;
2457 1509 2552 1565 sed
2577 1509 2681 1563 hoc
2703 1512 2822 1561 erat
2862 1504 2941 1558 ire
2976 1500 3045 1557 ad
3076 1511 3221 1561 eum,
3250 1492 3503 1549 recedere
3553 1504 3584 1541 a
3644 1500 3747 1539 no-

2169 1606 2284 1671 bis;
2326 1609 2536 1659 mutare
2578 1609 2739 1669 atque
2774 1590 3080 1652 immortale
3114 1588 3293 1644 facere
3329 1584 3470 1656 quod
3517 1578 3749 1636 mortale

2172 1693 2407 1762 suscepit
2426 1706 2492 1746 ex
2514 1668 2688 1753 nobis,
2719 1694 2775 1741 et
2801 1684 2870 1740 ad
2899 1683 3176 1738 dexteram
3191 1675 3517 1733 constituere
3542 1668 3747 1729 Patris,

496 1766 620 1872 clum
648 1814 823 1883 seipso
849 1809 941 1880 qui
983 1804 1187 1862 nullum
1231 1800 1422 1856 habuit
1458 1797 1511 1852 in
1556 1795 1733 1864 seipso
1760 1794 2066 1861 peccatum.
2100 1795 2146 1858 Β
2171 1794 2227 1841 et
2247 1785 2429 1839 levare
2471 1782 2525 1835 in
2566 1778 2762 1836 caelum
2781 1816 2796 1842 ,
2837 1790 2935 1845 per
2963 1770 3104 1841 quod
3127 1767 3229 1823 fuit
3260 1766 3314 1820 in
3349 1772 3492 1820 terra
3519 1776 3618 1832 pro
3647 1775 3750 1812 no-

1732 1878 1788 1883 --
2171 1876 2222 1883 -.
2360 1873 2397 1883 ..
2440 1873 2451 1883 .
2514 1870 2525 1883 .
2586 1871 2598 1883 .
2721 1868 2763 1883 η
3014 1860 3160 1883 ιηη,
3185 1854 3497 1883 ,ηιξ-κη...

498 1906 622 1961 Νοη
651 1878 908 1977 quomodo
932 1894 1156 1953 mundus
1181 1891 1296 1957 dat,
1323 1903 1414 1959 ego
1441 1885 1509 1939 do
1532 1882 1696 1938 vobis.
1732 1878 1792 1934 1d
1826 1884 1937 1941 est,
1967 1887 2072 1927 non

498 1970 769 2069 quomodo
796 1994 851 2049 in
900 1987 1101 2045 mundo
1138 1983 1268 2057 [Ms.
1293 2020 1307 2048 ,
1336 1972 1625 2044 immundi]
1654 1970 1904 2028 homines
1935 1977 2076 2034 saepe

498 2052 601 2143 sibi
633 2087 688 2140 in
715 2098 812 2140 sua
838 2078 1042 2135 malitia
1073 2052 1424 2132 concordant,
1453 2065 1546 2120 sed
1569 2059 1839 2132 quomodo
1860 2056 1948 2126 qui
1975 2052 2077 2109 sibi

502 2181 554 2233 iu
585 2174 871 2232 sanctitate
899 2163 1268 2227 concordant,
1315 2164 1371 2213 et
1412 2156 1465 2210 in
1493 2150 1695 2209 Christi
1729 2163 1786 2203 se
1814 2143 2080 2200 charitate

502 2266 852 2337 coniungunt.
1846 2304 1852 2311 α

571 2355 732 2428 602
762 2354 923 2409 Vens.
949 2348 1039 2403 28.
1071 2374 1143 2386 —-
1165 2341 1286 2398 Non
1310 2339 1545 2395 turbetur
1569 2350 1658 2391 car
1678 2341 1900 2388 vestrum
1925 2341 2085 2397 neque

503 2418 768 2521 formidet.
807 2439 1040 2495 Audistis
1066 2476 1081 2503 ,
1133 2434 1257 2507 quia
1299 2431 1414 2486 dixi
1440 2428 1625 2485 vobis:
1674 2422 1821 2478 Vada
1848 2429 1895 2477 et
1937 2418 2085 2472 uento

505 2518 574 2595 ad
600 2554 708 2593 vos.
758 2554 775 2586 ι
804 2534 833 2573 ι)
863 2531 1003 2586 Hinc
1050 2525 1256 2583 turbari
1309 2532 1367 2579 et
1416 2519 1709 2576 formidare
1737 2518 1950 2587 poterat
1993 2521 2089 2564 cor

507 2631 721 2686 illormn
741 2666 756 2691 ,
808 2621 949 2694 quod
995 2620 1106 2674 ibat
1136 2617 1205 2671 ab
1233 2614 1314 2670 eis
1333 2654 1347 2679 ,
1391 2609 1641 2683 quamvis
1662 2614 1923 2663 venturus
1946 2606 2091 2656 esset

508 2723 576 2780 ad
604 2733 733 2775 eos:
777 2692 844 2771 ne
872 2713 1054 2768 forsan
1095 2721 1317 2780 gregem
1362 2704 1523 2774 lupus
1552 2702 1657 2758 hoc
1699 2693 1982 2753 intervallo
2010 2692 2092 2746 ina

509 2814 750 2875 vaderet,
774 2815 994 2880 pastore
1021 2802 1263 2857 absente.
1304 2796 1412 2853 Sed
1439 2811 1469 2850 a
1498 2794 1696 2865 quibus
1720 2792 1882 2847 homo
1907 2788 2094 2841 absce-

510 2906 690 2970 debat,
720 2879 861 2956 Deus
885 2913 991 2953 non
1019 2891 1394 2962 relinquebat:
1421 2896 1476 2944 et
1502 2887 1644 2941 idem
1675 2885 1789 2954 ipse
1812 2879 2091 2941 Christus,

503 3006 569 3051 et
596 2996 755 3051 homo
782 2997 840 3046 et
866 2988 1029 3043 Deus.
1068 2984 1209 3053 Ergo
1244 2980 1356 3035 ibat
1390 2991 1489 3049 per
1519 2976 1575 3031 id
1598 2974 1741 3045 quod
1768 2973 1930 3027 homo
1955 2973 2096 3031 erat,

2171 1876 2274 1930 bis.
2308 1895 2325 1927 ι
2360 1870 2561 1927 Deinde
2585 1871 2699 1940 ipse
2721 1865 2980 1923 Dominus
3008 1860 3164 1917 Jesus
3184 1854 3459 1927 subiunxit
3485 1872 3497 1906 :

2246 1975 2408 2030 Vens.
2429 1973 2520 2027 29.
2544 2000 2614 2010 —
2637 1968 2706 2023 Et
2733 1982 2868 2020 nunc
2909 1963 3020 2018 dixi
3071 1959 3211 2014 vobis
3236 1996 3254 2022 ,
3292 1956 3599 2026 priusquam
3636 1950 3753 2019 fiat,

2176 2078 2233 2124 ut
2263 2083 2380 2121 cum
2404 2064 2599 2134 factum
2622 2060 2800 2131 fuerit,
2825 2054 3069 2111 credatis.
3124 2069 3141 2101 ι
3173 2060 3195 2088 ο
3221 2046 3355 2101 lllud
3382 2044 3568 2113 utique
3603 2042 3753 2101 dicit,

2180 2172 2298 2214 Cum
2335 2157 2532 2227 factum
2570 2152 2764 2223 fuerit,
2813 2147 2954 2219 quod
2997 2158 3121 2199 eum
3148 2147 3272 2212 post
3312 2146 3541 2193 mortem
3584 2132 3755 2187 visuri

2182 2257 2336 2304 erant
2376 2247 2674 2308 viventem,
2713 2249 2768 2295 et
2810 2237 2876 2293 ad
2914 2237 3130 2291 Patrem
3177 2228 3555 2286 ascendentem
3593 2243 3607 2277 :
3652 2236 3761 2291 quo

2183 2342 2318 2405 viso,
2349 2338 2479 2394 illud
2507 2334 2720 2390 fuerant
2747 2328 3003 2386 credituri
3027 2323 3172 2396 quod
3202 2323 3316 2392 ipse
3336 2325 3481 2374 esset
3512 2314 3765 2370 Chrisms

2184 2434 2354 2490 Filius
2372 2429 2489 2496 Dei,
2516 2427 2607 2498 qui
2634 2424 2807 2496 potuit
2830 2423 2934 2476 hoc
2958 2418 3135 2474 facere
3156 2428 3277 2470 cum
3305 2408 3677 2481 prredixisset,
3707 2414 3765 2458 et

2185 2524 2503 2597 pradicaret
2527 2497 2710 2590 [Aug.,
2740 2523 2795 2570 et
2815 2505 3155 2583 prmdicere],
3180 2511 3466 2572 antequam
3487 2497 3707 2552 laceret.
3738 2514 3758 2546 ι

2189 2594 2445 2671 Poterant
2470 2609 2613 2665 enim
2643 2605 2890 2661 dubitare
2915 2601 2961 2655 si
2987 2598 3155 2653 Filius
3180 2594 3273 2650 Dei
3307 2600 3471 2655 esset,
3494 2604 3619 2644 cum
3641 2602 3762 2642 eum

2190 2707 2442 2762 viderunt
2468 2699 2790 2755 moriturum
2815 2713 2828 2748 :
2857 2693 2950 2749 sed
2992 2705 3115 2746 cum
3154 2686 3405 2742 viderunt
3435 2697 3560 2737 eum
3587 2691 3766 2734 surre—

2192 2797 2359 2859 xisse,
2386 2788 2753 2849 credebantin
2784 2800 2891 2857 quo
2918 2789 3076 2837 antea
3114 2774 3453 2837 dubitabant,
3492 2779 3551 2826 et
3572 2767 3769 2825 conlit-

2195 2896 2342 2946 mata
2370 2893 2455 2941 est
2489 2883 2621 2938 ﬁdes
2648 2880 2703 2935 in
2729 2877 2983 2934 cordibus
3018 2880 3205 2942 eorum
3243 2880 3410 2938 quam
3447 2863 3553 2920 illis
3573 2859 3770 2930 pradi-

2197 2983 2383 3039 xerat,
2438 2971 2532 3043 qui
2573 2976 2628 3025 et
2664 2981 2761 3024 ore
2798 2961 3048 3037 promisit
3089 2957 3231 3028 quod
3269 2954 3511 3010 facturus
3552 2956 3687 3009 erat,
3716 2956 3776 3001 et

511 3096 570 3144 et
597 3081 854 3140 manebat
879 3093 977 3148 per
1015 3074 1068 3130 id
1095 3038 1240 3142 quod
1268 3038 1411 3125 Deus
1432 3073 1587 3131 erat;
1615 3038 1729 3119 ibat
1749 3076 1849 3133 per
1876 3059 1933 3115 id
1958 3055 2103 3128 quod
2199 3081 2364 3141 opere
2411 3038 2697 3133 οδωριθνίι
2739 3057 2881 3129 quod
2925 3061 3051 3109 ante
3095 3046 3362 3120 ρηάίχίι,
3419 3041 3620 3098 Deinde
3645 3038 3781 3109 quid

511 3179 573 3233 in
614 3189 723 3232 “n0
750 3174 868 3229 ιοοο
917 3175 1035 3224 erat
1058 3207 1072 3233 ν
1123 3173 1179 3219 ει
1221 3161 1478 3218 manebat
1503 3172 1600 3228 Per
1640 3156 1696 3211 id
1721 3152 1865 3224 (111οά
1900 3150 2100 3218 ubique
2127 3155 2173 3219 C
2203 3133 2369 3217 dicit:
2399 3156 2586 3229 (Vens.
2632 3151 2723 3224 50)
2764 3149 2887 3204 1am
2915 3153 3017 3200 non
3058 3139 3225 3197 multa
3262 3137 3446 3207 loquar
3487 3133 3781 3191 vobiscum,

518 3268 663 3324 Deus
700 3269 841 3322 erat.
900 3221 1072 3332 Igitur
1110 3254 1272 3319 Deus,
1320 3251 1409 3321 qui
1450 3221 1596 3305 nullo
1619 3221 1926 3302 continetur
1959 3240 2095 3304 loco,

2201 3252 2339 3307 venit
2365 3221 2506 3304 enim
2541 3221 2777 3315 princeps
2801 3235 2983 3294 mundi
3003 3233 3161 3302 hujus
3186 3244 3204 3282 :
3239 3247 3256 3280 ‹
3287 3228 3429 3292 Quis,
3456 3222 3555 3277 nisi
3585 3221 3787 3276 diabo-

522 3309 663 3324 uc..-
702 3309 841 3322 ω---
1116 3309 1120 3310 ,
1168 3309 1179 3310 ,
1260 3309 1272 3319 ,
1340 3309 1356 3321 ,

522 3358 753 3417 discedit
778 3356 846 3411 ab
871 3366 1063 3408 eorum
1090 3345 1345 3404 cordibus
1377 3341 1469 3412 qui
1493 3353 1616 3395 eum
1644 3335 1955 3402 relinquunt
1986 3342 2103 3384 mo-
2202 3340 2328 3395 lus?
2353 3337 2424 3392 Et
2451 3337 2508 3390 in
2527 3309 2607 3389 me
2642 3309 2745 3386 non
2768 3327 2920 3382 habet
2952 3322 3282 3396 quidquam;
3324 3312 3521 3369 nullum
3563 3309 3790 3364 scilicet

522 3450 675 3506 ribus
698 3488 712 3514 ,
743 3459 851 3500 non
897 3438 1123 3513 pedibus
1153 3455 1165 3489 :
1215 3440 1272 3488 et
1294 3430 1478 3487 veniet
1513 3428 1583 3482 ad
1607 3425 1728 3481 illos
1751 3424 1843 3494 qui
1870 3434 2100 3478 conver-

2203 3429 2425 3487 omnino
2455 3430 2753 3496 peccatum.
2791 3416 2891 3491 llic
2915 3415 3058 3470 enim
3084 3409 3266 3486 [Aug.,
3290 3406 3380 3462 Sic
3398 3399 3564 3473 enim]
3594 3406 3786 3455 osten-

523 3491 712 3514 ...κη
743 3491 851 3500 ..---
898 3491 1044 3513 ,-__,
1107 3491 1116 3493 ,
1769 3491 1788 3494 _

438 3566 443 3567 ί
524 3550 713 3599 ῑιιιιιυΐ
757 3536 824 3592 ad
861 3547 983 3589 eum
1025 3544 1132 3585 ηοῐι
1168 3522 1333 3588 faeie,
1382 3519 1476 3576 8θά
1507 3517 1643 3582 “de.
1674 3523 1731 3570 ei
1755 3511 2017 3569 αοεεάυηι
2038 3507 2106 3563 3d
2206 3520 2307 3585 dit,
2335 3491 2605 3573 diabolum
2633 3508 2929 3582 principem
2953 3517 3073 3559 esse
3106 3507 3453 3573 pzccatorum
3480 3491 3784 3549 hominum,

527 3579 704 3599 ...ι.....
757 3579 824 3592 ..ν
863 3579 983 3589 ---η
1025 3579 1131 3585 -----
1197 3579 1248 3582 ν,
1320 3579 1332 3588 ,
1630 3579 1638 3582 _

526 3646 650 3688 eum
676 3643 782 3685 non
836 3637 1000 3680 carne
1024 3661 1038 3687 ,
1087 3615 1182 3673 sed
1226 3611 1513 3670 charitate.
1549 3627 1568 3660 ι
1613 3604 1671 3661 Si
1694 3600 1977 3674 diligeretis
2002 3613 2105 3663 me,

2207 3624 2314 3666 non
2340 3579 2714 3663 creaturarum
2737 3598 2853 3652 Dei.
2875 3596 2943 3651 Et
2969 3592 3388 3663 quotiescunque
3413 3582 3592 3637 mundi
3615 3579 3718 3649 liga
3728 3588 3785 3631 tu

525 3719 820 3790 gauderetis
846 3672 1042 3785 utique,
1067 3710 1189 3780 quia
1214 3721 1305 3777 ego
1328 3702 1396 3758 ad
1427 3699 1639 3757 Patrem
1664 3672 1822 3759 vado,
1846 3692 1970 3765 quia
2002 3687 2111 3743 Pa-

2210 3703 2266 3757 in
2290 3700 2431 3757 mala
2472 3696 2653 3769 [Aug.,
2700 3693 2753 3747 in
2794 3686 2945 3759 mali]
2994 3680 3384 3756 significatione
3411 3672 3643 3747 ponitur,
3677 3686 3787 3725 non

2517 3786 2575 3790 κ-
2774 3782 2806 3790 ..
2864 3780 2948 3790 .ν.
3423 3777 3467 3790 Α
3514 3778 3613 3790 ,η
3665 3761 3761 3790 ,με

531 3761 820 3790 unm”..-
848 3761 1042 3785 την,
1072 3761 1091 3780 .,
1178 3761 1185 3762 ,
1242 3761 1269 3777 ν
1858 3761 1868 3765 _

531 3825 610 3868 ter
636 3808 806 3880 major
847 3820 925 3860 me
946 3810 1041 3856 est.
1080 3799 1358 3868 Tanquam
1387 3793 1432 3850 si
1460 3791 1700 3849 diceret:
1745 3783 1991 3842 Gaudere
2019 3780 2112 3836 de-
2212 3792 2448 3852 ostemm
2474 3761 2598 3844 ξιίεί
2625 3782 2811 3842 mund;
2863 3780 3019 3834 istius
3060 3782 3333 3831 amatores
3356 3809 3372 3834 ,
3418 3777 3473 3823 οι
3514 3778 3615 3820 που
3664 3761 3785 3817 οδε,

2771 3875 2784 3880 -
3037 3868 3049 3880 ·
3125 3867 3136 3879 ⁸
3247 3878 3253 3880 Α
3311 3876 3415 3880 κη-
3464 3857 3566 3880 -..ιε
3597 3865 3643 3880 Α.
3676 3863 3763 3880 ιλ..

531 3857 596 3868 η.
638 3857 791 3880 Mr-
1214 3857 1233 3868 _

531 3904 693 3967 Μῑίεν
724 3898 850 3969 (ιιιῑει
880 3902 1036 3967 Dono
1066 3904 1276 3948 ωθοηω
1304 3880 1730 3942 consecrandam
1766 3874 2112 3969 ίτῧῧίίίιθῑεξξη
2213 3886 2373 3943 Absit
2394 3879 2544 3938 enim
2570 3886 2632 3932 ut
2658 3875 2944 3931 credamus
2969 3867 3265 3940 principem
3300 3876 3423 3917 esse
3456 3857 3568 3915 caeli
3595 3865 3649 3910 et
3676 3863 3790 3908 ter-

2954 3961 2966 3969 ”
3298 3968 3307 3969 ί
3410 3968 3415 3969 ν
3457 3950 3571 3969 ’Ψιλ-
3601 3945 3789 3969 μνη-..δῖ

532 3945 791 4051 vesti-bin.
852 3945 999 4041 trPer
1041 3981 1187 4059 quod
1232 3978 1393 4050 igitur
1433 3974 1603 4029 Filius
1637 3985 1745 4025 non
1772 3945 2114 4033 estvmqualis

2217 3994 2324 4043 rte,
2349 3983 2405 4030 et
2427 3978 2797 4029 creaturarum
2825 3961 3066 4019 omnium
3104 3970 3224 4026 qum
3252 3950 3572 4025 generaliter
3601 3945 3790 4001 mundi

532 4086 703 4152 Patri,
736 4097 833 4155 per
856 4080 961 4135 hoc
977 4082 1096 4134 erat
1118 4074 1294 4129 iturus
1315 4068 1383 4125 ad
1401 4067 1640 4129 Patrem,
1676 4076 1708 4115 a
1733 4072 1840 4128 quo
1859 4063 2120 4113 venturus

535 4188 620 4243 est
670 4146 823 4230 vivos
868 4168 1209 4241 iudicaturus
1257 4167 1313 4215 et
1356 4162 1640 4212 mortuos:
1672 4165 1769 4222 per
1818 4146 1947 4202 illud
1990 4155 2122 4199 vero

536 4238 684 4345 (ξω)ιί
721 4273 807 4325 est
846 4236 1069 4331 aequalis
1101 4252 1288 4317 Patri,
1331 4259 1605 4317 nunquam
1632 4238 1856 4297 recessit
1880 4252 1909 4291 a
1939 4236 2119 4300 Patre,

539 4331 636 4418 sed
660 4373 783 4415 cum
813 4354 906 4409 illo
937 4359 1044 4415 est,
1072 4345 1271 4415 ubique
1295 4348 1459 4402 totus,
1489 4335 1610 4407 pari
1634 4331 1937 4394 divinitate,
1962 4340 2124 4399 quam

547 4455 728 4512 nullus
753 4446 994 4505 continet
1019 4442 1188 4497 locus.
1214 4456 1231 4489 ι
1265 4453 1284 4489 σ
1311 4434 1680 4507 Agnoscamus
1702 4422 1969 4496 geminam
1996 4418 2125 4474 sub-

2220 4040 2426 4141 [SuppL
2454 4102 2470 4127 ,
2510 4058 2694 4116 mundi
2732 4051 2970 4125 nomine]
2999 4046 3356 4122 appellantur.
3416 4042 3583 4098 Totus
3614 4040 3794 4106 itaque

2222 4128 2453 4215 mundus
2489 4148 2658 4209 servit
2678 4162 2778 4203 suo
2804 4141 3070 4208 creatori,
3111 4154 3222 4195 non
3250 4133 3557 4204 deceptori;
3590 4128 3797 4185 redem-

2222 4243 2388 4320 ptori,
2418 4255 2525 4297 non
2551 4231 2960 4305 interemptori:
2996 4247 3015 4283 ›
3068 4233 3125 4283 et
3158 4223 3366 4295 regitur
3406 4214 3800 4297 dispensatione

2226 4304 2427 4398 divina,
2455 4344 2560 4386 non
2589 4319 2791 4385 inimici
2818 4318 3057 4376 versutia
3083 4310 3443 4377 subvertitur,
3479 4314 3675 4377 praeter
3699 4304 3799 4358 ho-

2230 4427 2404 4483 mines
2429 4420 2601 4493 partis
2630 4416 2774 4472 illius
2799 4414 2889 4483 qui
2913 4408 3132 4482 propria
3152 4404 3453 4493 voluntate,
3483 4414 3589 4453 non
3610 4408 3803 4450 neces-

550 4482 728 4512 HUIIUb
753 4482 994 4505 l'Ulltluvv
1020 4482 1188 4497 ινννιυν
1214 4482 1231 4489 ν
1269 4482 1282 4489 ν
1311 4482 1352 4489 --
1395 4482 1553 4486 ---ηνη
1703 4482 1733 4496 υ

542 4544 799 4601 stantiam
828 4533 1055 4598 Christi,
1102 4528 1338 4586 divinam
1359 4482 1590 4579 0scilicet
1607 4560 1622 4584 ,
1670 4531 1778 4587 qua
1804 4511 2023 4583 aequalis
2044 4516 2129 4564 est
2157 4497 2205 4558 Ι)
2229 4518 2390 4573 suam
2416 4482 2595 4581 ᾆιίφιει
2627 4521 2684 4563 se
2708 4482 3006 4572 subjiciam
3034 4496 3264 4553 diabolo,
3315 4482 3465 4548 unde
3493 4495 3548 4544 ει
3570 4486 3807 4557 Am-

549 4633 725 4698 Patri;
768 4630 1061 4685 humanam
1107 4635 1214 4690 qua
1256 4616 1430 4687 major
1476 4620 1559 4668 est
1609 4610 1806 4664 Pater:
1838 4612 2127 4672 utrumque

548 4691 728 4780 autem
757 4716 958 4781 simul,
1004 4727 1111 4768 non
1139 4709 1267 4773 duo,
1311 4705 1407 4762 sed
1446 4717 1586 4757 unus
1631 4699 1914 4761 Christus,
1956 4709 2021 4750 ne
2060 4691 2131 4746 sit

550 4812 907 4887 quaternitas,
938 4805 1033 4861 sed
1061 4801 1299 4858 Trinitas
1332 4795 1494 4851 Deus.
1532 4792 1687 4847 Sicut
1710 4790 1854 4844 enim
1874 4801 2014 4840 unus
2046 4791 2131 4839 est

552 4912 735 4971 homo,
761 4903 939 4958 anima
968 4894 1244 4951 rationalis
1286 4898 1341 4945 et
1384 4902 1513 4943 caro
1531 4921 1546 4951 ,
1576 4883 1655 4937 sic
1681 4895 1821 4935 unus
1848 4884 1931 4932 est
1970 4874 2129 4931 Chri—

553 5009 671 5055 stus
698 4965 840 5050 Dens
860 4997 916 5046 et
942 4988 1142 5043 homo:
1171 4996 1236 5036 ac
1273 4994 1370 5051 per
1417 4977 1519 5031 hoc
1564 4970 1812 5027 Christus
1850 4974 1933 5021 est
1968 4965 2127 5028 Deus,

557 5090 733 5145 anima
762 5078 1042 5139 rationalis
1066 5083 1122 5131 et
1145 5088 1275 5130 caro
1301 5089 1315 5125 :
1342 5068 1619 5124 Christum
1650 5064 1705 5117 in
1742 5060 1827 5115 his
1857 5057 2129 5121 omnibus,

556 5178 830 5236 Christum
871 5172 928 5227 in
968 5164 1192 5237 singulis
1238 5159 1577 5217 conﬁtemur.
1624 5150 1757 5217 Quis
1777 5158 2011 5219 estergo
2038 5160 2129 5216 per

559 5284 722 5344 quem
764 5265 942 5323 factus
985 5268 1082 5317 est
1115 5250 1377 5312 mundus?
1421 5246 1670 5306 Christus
1711 5241 1907 5306 Jesus,
1958 5237 2050 5294 sed
2081 5237 2136 5318 in

562 5314 735 5418 lbi-ma
773 5354 889 5413 Dei.
945 5350 1077 5419 Quis
1122 5354 1208 5403 est
1249 5344 1350 5400 sub
1395 5337 1584 5395 Pontio
1614 5334 1786 5390 Pilato
1806 5314 2140 5389 cruciﬁxus?

2226 4607 2312 4662 lus
2341 4605 2449 4661 ait:
2484 4601 2606 4656 Non
2627 4607 2701 4655 cst
2728 4595 2874 4651 nobis
2909 4584 3210 4647 colluctatio
3250 4584 3499 4640 adversus
3531 4585 3811 4635 contenta

2229 4694 2552 4766 sanguinem,
2600 4687 2654 4742 id
2680 4693 2764 4742 est
2786 4725 2801 4750 ,
2853 4682 3109 4738 adversus
3148 4674 3415 4736 homines,
3440 4671 3532 4725 sed
3560 4668 3813 4722 adversus

2229 4754 2545 4859 potestates,
2599 4786 2647 4831 et
2697 4783 2918 4829 rectores
2967 4767 3297 4824 tenebrarum
3353 4761 3546 4814 barum
3584 4754 3812 4827 (Ephcs.

2233 4850 2306 4937 'u,
2336 4870 2446 4942 12),
2489 4870 2542 4924 id
2566 4874 2687 4928 est,
2723 4869 3088 4934 peccatorum,
3117 4855 3209 4926 qui
3250 4854 3304 4909 in
3330 4850 3571 4907 tenebris
3593 4853 3817 4901 manent

2230 4962 2549 5035 iniquitatis.
2587 4959 2732 5026 Quos
2753 4962 3021 5016 rectores,
3052 4946 3269 5020 angelos
3299 4943 3460 5018 603
3486 4956 3607 4997 esse
3629 4939 3817 4995 deser-

2233 5031 2380 5112 tores
2417 5051 2680 5120 designat.
2741 5044 2847 5101 Sed
2894 5049 3020 5098 sunt
3064 5039 3157 5110 qui
3198 5053 3295 5109 per
3330 5035 3560 5108 gratiam
3587 5031 3682 5087 Dei
3714 5045 3822 5085 non

2234 5144 2468 5218 propriis
2490 5139 2701 5196 meritis
2729 5136 2852 5191 inde
2875 5139 3156 5194 eruuntur,
3185 5129 3250 5183 de
3269 5126 3467 5201 quibus
3490 5124 3566 5178 ait
3584 5122 3823 5191 Aposto-

2238 5211 2357 5293 lus—z
2389 5233 2587 5289 Fuistis
2614 5226 2895 5297 aliquando
2926 5223 3148 5279 tenebra:
3170 5261 3184 5284 ,
3240 5234 3377 5273 nunc
3416 5224 3595 5270 autem
3630 5212 3730 5265 lux
3770 5211 3824 5263 in

2246 5329 2489 5390 Domino,
2514 5334 2568 5378 ut
2594 5321 2693 5392 ﬁlii
2721 5308 2853 5373 lucis
2873 5313 3135 5371 ambulate
3157 5310 3373 5384 (Ep/tes.
3395 5322 3445 5369 v,
3471 5301 3550 5377 8).
3590 5299 3697 5356 Sed
3713 5316 3830 5371 gra-

564 5387 735 5418 Iurma
773 5387 889 5413 νει.
946 5387 1077 5419 και.)
1123 5387 1208 5403 υ-ιυ
1251 5387 1348 5400 νς...
1395 5387 1414 5395 -
1441 5387 1578 5395 ---νη
1615 5387 1635 5390 κ
1662 5387 1672 5388 κ
1701 5387 1708 5388 ,
1740 5387 1772 5388 η
1821 5387 1829 5388 κ

536 5452 811 5517 Christus
835 5444 1011 5511 Jesus,
1040 5440 1136 5496 sed
1161 5439 1215 5492 in
1246 5437 1417 5492 forma
1439 5431 1603 5487 servi.
1646 5428 1777 5482 ltem
1819 5424 1886 5480 de
1918 5418 2144 5489 singulis
2241 5418 2342 5473 tias
2368 5416 2479 5471 Deo
2500 5414 2589 5486 qui
2612 5410 2745 5466 eruit
2767 5425 2859 5464 nos
2878 5449 2891 5472 ,
2933 5406 3074 5460 sicut
3100 5402 3243 5457 idem
3269 5398 3399 5453 dicit
3426 5389 3742 5465 Apostolus.
3768 5387 3831 5438 de

1904 5511 1936 5517 ”
2092 5508 2102 5517 “
2324 5516 2327 5517 ν
2399 5515 2407 5517 -
2454 5511 2463 5517 -
2527 5510 2538 5517 Α
2644 5501 2654 5517 ·
2836 5516 2843 5517 κ
2932 5505 2967 5517 με
3006 5490 3266 5517 ι---..-ι-.ι;.
3293 5490 3347 5517 ι..
3371 5498 3583 5517 “Mm...
3613 5479 3831 5517 ρΙηιιὶιη.

536 5514 539 5517 _
563 5479 811 5509 nntium:
835 5479 1011 5511 θυδυδ,
1042 5479 1136 5496 συν
1161 5479 1215 5492 υ-
1247 5479 1417 5492 -νυ-υ.
1443 5479 1520 5487 ..--
1647 5479 1739 5482 γ-.-
1830 5479 1838 5480 κ
2007 5479 2034 5489 ν
2512 5479 2523 5486 _

534 5542 764 5612 ,quilms
812 5538 974 5593 homo
1029 5536 1260 5586 constat.
1323 5524 1453 5591 Quis
1498 5536 1603 5575 non
1649 5525 1732 5571 est
1774 5511 2063 5569 derelictus
2090 5508 2144 5559 in
2246 5511 2494 5571 potestate
2522 5501 2887 5564 tenebrarum,
2922 5505 2967 5550 et
3003 5490 3266 5547 transtulit
3293 5490 3347 5542 in
3371 5498 3583 5555 regnum
3612 5479 3836 5534 clarita-

641 5666 668 5693 ³
706 5651 781 5704 Ex
813 5648 870 5703 S.
894 5649 1054 5715 Aug.,
1076 5642 1181 5696 loc.
1208 5640 1326 5701 cit.,
1352 5650 1498 5689 num.
1525 5634 1578 5686 3.

641 5723 671 5763 ιδ
714 5720 791 5775 lix
817 5718 875 5771 S.
906 5697 1067 5784 Ᾰῖιῖςί,
1097 5718 1251 5765 tract.
1282 5697 1487 5769 Limn,
1516 5715 1663 5757 num.
1696 5697 1801 5752 1-3.

2320 5627 2341 5654 ο
2386 5614 2462 5669 Ex
2489 5612 2702 5677 eodem,
2730 5618 2885 5666 tract.
2908 5622 3093 5669 um,
3123 5619 3270 5660 num.
3298 5599 3349 5666 l,
3375 5597 3427 5650 ‘3.
