4000 6190
402 300 500 357 9M

1255 288 1663 353 EXEGETlCA.
1707 300 2059 354 COMMENT.
2101 298 2164 352 ΙΝ
2201 296 2389 351 ΙΟΑΝ.
2425 270 2500 338 Δσ-
2538 298 2664 352 LIB.
2709 299 2793 352 Vl.

3547 297 3651 352 91?.

397 412 466 466 tis
516 408 636 466 Filii
661 410 742 463 sui
767 407 911 481 [Ms.,
958 406 1082 460 Filii
1107 408 1358 462 claritatis
1381 392 1514 481 ειιιιι]
1537 394 1757 481 (Galeas.
1786 404 1829 473 ι’,
1864 411 1973 482 15).
2082 410 2136 462 et
2170 417 2225 462 ut
2254 398 2374 478 plus
2396 408 2561 469 ferat,
2594 409 2909 479 purgabitur
2938 427 2950 461 :
2991 417 3046 463 et
3074 409 3177 463 hoc
3198 423 3302 463 non
3334 424 3362 463 a
3393 425 3467 470 se.
3498 412 3593 465 sed
3619 427 3651 463 a

404 519 423 552 ε
451 499 509 555 ln
533 515 638 569 quo
659 498 907 569 princeps
932 496 1090 564 hujus
1119 496 1329 561 mundi,
1366 499 1466 553 hoc
1494 508 1597 565 est,
1626 501 1971 554 tenebrarum

398 590 590 647 harum
614 629 627 652 ,
680 602 785 642 non
825 585 1057 641 habebat
1090 582 1381 657 quidquam
1416 606 1426 640 :
1476 589 1602 658 quia
1644 606 1817 658 neque
1851 606 1972 644 cum

396 689 616 752 peccato
654 679 796 733 Deus
840 686 1095 744 venerat,
1135 694 1237 734 nec
1277 679 1392 748 ejus
1426 695 1645 734 carnem
1679 681 1744 734 de
1768 682 1972 749 peccati

397 767 688 840 prepagine
710 768 863 835 virgo
891 775 1193 837 pepererat.
1219 766 1288 820 Et
1313 776 1568 836 tanquam
1592 767 1642 821 ei
1664 767 1932 821 diceretur
1958 785 1970 819 :

396 857 508 913 Cur
526 870 654 928 ergo
680 856 948 922 morieris,
986 857 1030 910 si
1060 871 1167 910 non
1201 854 1369 911 habes
1396 864 1675 926 peceatum
1698 896 1714 920 ,
1764 857 1849 911 cui
1879 857 1976 911 de-

396 948 628 1023 bebatur
702 948 895 1001 mortis
960 947 1314 1018 supplicium?
1378 949 1632 1011 continuo
1683 948 1911 1018 subjecit
1959 966 1971 1002 :

399 1038 587 1114 (Vatis.
638 1036 729 1109 5i)
785 1035 890 1092 Sed
930 1046 986 1091 ut
1025 1047 1298 1109 cognoscat
1347 1035 1590 1099 mundus,
1643 1038 1766 1108 quia
1814 1038 1975 1107 dilige

403 1122 633 1193 Patrem,
663 1135 711 1181 et
730 1127 865 1181 sicut
886 1126 1190 1181 mandatum
1232 1126 1373 1180 dedit
1401 1127 1529 1179 mihi
1567 1122 1750 1192 Pater,
1792 1127 1866 1180 iic
1895 1117 1978 1196 fa—

396 1221 500 1276 cio.
533 1218 761 1290 Surgite,
785 1234 963 1273 eamus
998 1219 1138 1273 hinc.
1185 1214 1538 1273 Diseumbens
1569 1218 1711 1272 enim
1735 1206 1974 1273 discum-

396 1309 648 1386 Dentibus
663 1307 1005 1379 quuebatur.
1022 1298 1221 1383 Eamus
1245 1316 1423 1362 autem
1436 1292 1600 1374 dixit;
1628 1303 1769 1377 que?
1791 1309 1892 1363 nisi
1908 1309 1975 1363 ad

392 1398 549 1458 illum
568 1396 770 1466 locum,
802 1400 944 1454 unde
967 1391 1143 1454 fuerat
1162 1388 1471 1453 tradendus.
1511 1386 1608 1453 Est
1630 1399 1795 1469 igitur
1815 1400 1975 1454 morti

389 1476 654 1558 traditus,
684 1490 776 1561 qui
800 1489 1003 1545 nullum
1034 1486 1268 1544 habebat
1294 1484 1548 1567 meritum
1576 1489 1768 1543 mortis
1792 1488 1973 1561 :-[sed]

400 1571 639 1641 habebat
659 1591 720 1639 ut
738 1588 1059 1639 moreretur.
1088 1582 1399 1636 mandatum
1425 1579 1621 1636 Patris.
1654 1600 1673 1634 ι
1711 1570 1969 1652 Sequitur

393 1676 545 1732 'enim
578 1689 595 1729 :
1255 1752 1261 1762 ‘

935 1780 1164 1839 CAPUT
1201 1780 1442 1839 XXXVI.

398 1900 473 1958 ‘Se
492 1902 660 1973 ipsum
680 1900 854 1973 uilem,
878 1894 1093 1973 Patrem
1128 1913 1244 1973 vero
1265 1895 1551 1973 agricolam
1588 1894 1785 1973 digens,
1823 1894 1977 1948 disci-

472 1965 721 2044 pulosque
748 1970 1005 2044 palmites,
1032 1984 1094 2044 ac
1130 1969 1243 2044 sine
1283 1965 1338 2021 se
1377 1965 1506 2044 nihil
1527 1981 1613 2044 eos
1636 1965 1807 2035 facere
1828 1980 1978 2044 posse

472 2034 708 2097 testatur.
738 2034 804 2094 Et
824 2036 1001 2093 multis
1025 2037 1344 2091 locutionum
1364 2035 1531 2088 modis
1557 2034 1776 2088 alteram
1802 2035 1874 2087 eis
1894 2034 1976 2086 di-

472 2111 739 2167 lectionem
764 2106 989 2163 inculcat
1016 2148 1030 2174 ,
1067 2107 1217 2177 cujus
1256 2105 1439 2159 merito
1460 2116 1686 2174 possent,
1711 2103 1978 2173 quodcun-

472 2198 571 2253 que
589 2180 849 2253 petierint,
872 2178 1169 2248 impetrare.

473 2312 652 2369 Carm
683 2324 772 2374 xv,
804 2309 965 2365 Vens.
991 2309 1041 2363 l.
1070 2340 1141 2350 —
1162 2308 1274 2380 Ego
1313 2324 1429 2365 sum
1464 2300 1581 2365 vitis
1622 2326 1763 2377 vera,
1813 2294 1862 2364 et
1888 2327 1977 2365 vos

400 2396 659 2477 palmites.
698 2401 852 2455 Hanc
893 2398 1297 2455 similitudinem
1344 2401 1474 2456 dicit
1508 2416 1608 2470 per
1643 2400 1746 2456 hoc
1770 2440 1785 2467 ,
1833 2399 1978 2470 quod

398 2494 490 2553 est
514 2503 673 2567 caput
699 2494 971 2560 Ecclesiae,
998 2500 1203 2563 nosque
1231 2492 1475 2548 membra
1497 2490 1631 2560 ejus.
1673 2491 1807 2546 Cum
1835 2498 1977 2549 esset

406 2590 462 2644 iu
486 2587 658 2643 forma
692 2586 784 2640 Dei
811 2583 1027 2655 aequalis
1054 2583 1221 2647 Patri,
1252 2579 1424 2637 factus
1445 2589 1530 2637 est
1556 2582 1612 2636 in
1638 2579 1809 2636 forma
1836 2580 1978 2634 servi

402 2665 670 2735 iuediator
722 2676 817 2732 Dei
859 2683 915 2730 et
965 2675 1240 2730 hominum
1289 2673 1451 2727 homo
1484 2671 1734 2727 Christus
1762 2668 1921 2727 Jesus
1949 2682 1975 2710 ι

407 2768 463 2842 (1
491 2767 623 2823 Tim.
658 2783 716 2831 ιι,
748 2766 825 2838 5).
876 2784 895 2819 ι
921 2766 949 2806 b
976 2750 1146 2821 Unius
1165 2764 1363 2834 quippe
1383 2754 1588 2817 natura:
1611 2771 1737 2817 sunt
1761 2762 1888 2817 vitis
1925 2751 1980 2816 et

400 2847 654 2932 palmites
676 2879 688 2891 ·
718 2865 937 2930 propter
958 2858 1098 2928 quod
1129 2871 1251 2912 cum
1278 2854 1421 2911 esset
1445 2855 1603 2921 Deus,
1644 2856 1796 2927 cujus
1823 2858 1979 2909 natu-

405 2967 483 3008 τω
507 2966 613 3006 non
641 2965 855 3017 sumus,
895 2947 1069 3003 factus
1093 2952 1176 3003 est
1203 2948 1364 3002 homo
1388 2954 1450 3002 ut
1484 2947 1539 3001 in
1567 2946 1658 3002 illo
1690 2955 1835 3002 esset
1858 2946 1981 3002 vitis

406 3034 645 3098 humana
672 3048 887 3105 natura,
936 3038 1076 3094 unde
1120 3051 1219 3091 nos
1261 3029 1507 3093 hemines
1548 3024 1798 3107 palmites
1836 3036 1980 3090 illius

403 3136 527 3189 “esse
546 3146 846 3202 possemus.
878 3151 896 3184 ι
931 3130 1083 3186 Sicut
1112 3130 1255 3184 enim
1283 3130 1419 3197 ovis,
1447 3144 1633 3200 agnus,
1666 3130 1767 3193 leo,
1800 3138 1975 3201 petra,

405 3213 545 3294 lapis
581 3221 852 3292 angularis
892 3234 990 3293 per
1035 3207 1438 3277 similitudinem
1472 3218 1669 3277 dicitur
1710 3219 1973 3285 Christus,

408 3313 488 3367 ita
512 3320 568 3367 et
606 3312 737 3366 vitis
784 3302 882 3382 p‘e'r
918 3310 1319 3366 similitudinem
1353 3311 1528 3366 dictus
1563 3318 1665 3367 est.
1723 3310 1829 3367 Sed
1852 3311 1980 3382 quid

406 3407 494 3460 'est
517 3405 638 3469 hoc,
667 3403 810 3474 quod
836 3403 990 3469 dixit,
1024 3419 1166 3469 uera,
1198 3403 1299 3459 nisi
1328 3402 1455 3475 quia
1483 3411 1566 3460 est
1593 3413 1651 3459 et
1674 3405 1799 3460 vitis
1821 3401 1977 3472 falsa,

411 3496 478 3552 de
504 3508 610 3566 qua
641 3495 693 3549 in
723 3492 988 3566 Propheta
1011 3495 1243 3568 legitur:
1276 3495 1545 3562 Quomodo
1577 3503 1822 3554 conversa
1850 3515 1903 3553 es
1927 3498 1983 3553 in

411 3579 816 3638 amaritudinem
854 3585 973 3638 uitis
1018 3584 1204 3640 alienw
1244 3584 1377 3659 (Jer.
1408 3604 1469 3651 ιι,
1503 3587 1605 3654 2i;
1654 3587 1766 3644 lsa.
1803 3603 1858 3653 v,
1883 3587 1983 3659 4)?

408 3664 533 3753 quae
555 3675 680 3730 dum
705 3674 884 3731 facere
911 3690 1043 3732 uvas
1068 3684 1378 3749 exspectata
1405 3687 1507 3744 est,
1536 3679 1664 3735 fecit
1686 3670 1980 3735 labruscas‘.

414 3754 547 3836 [Vel
574 3762 645 3818 ita
668 3781 682 3817 :
715 3763 827 3834 Ego
853 3781 969 3819 sum
991 3764 1106 3819 vitis
1137 3783 1282 3834 vera,
1313 3767 1364 3822 id
1389 3775 1472 3821 est
1499 3768 1792 3837 sapientia,
1826 3769 1981 3844 inno-

412 3852 587 3908 eentia
611 3894 626 3919 ,
667 3851 876 3921 iustitia
910 3852 1059 3925 vera]
1090 3864 1137 3907 ο.
1166 3853 1278 3924 Ego
1322 3870 1435 3908 sum
1479 3855 1596 3906 vitis
1637 3870 1794 3917 rem;
1823 3852 1986 3907 Pater

412 3958 559 3998 meus
586 3940 819 4011 agricola
844 3951 939 3995 est.
984 3958 1003 3992 ‹
1031 3940 1335 3996 Secundum
1368 3942 1470 3996 hoc
1511 3957 1640 4011 ergo
1677 3942 1803 3995 vitis
1830 3941 1984 3997 Chri-

414 4044 561 4095 stus,
610 4028 905 4085 Secundum
941 4030 1083 4099 quod
1117 4029 1212 4094 ait,
1254 4029 1417 4083 Pater
1450 4031 1622 4101 major
1646 4047 1727 4085 me
1752 4042 1826 4086 est
1852 4048 1870 4085 :
1901 4047 1983 4087 sc-

414 4122 653 4177 cundum
678 4119 732 4172 id
760 4133 924 4183 vero,
960 4118 1107 4188 quod
1152 4120 1264 4185 ait,
1309 4128 1400 4189 ego
1431 4128 1479 4173 et
1512 4117 1673 4173 Pater
1697 4137 1855 4174 unum
1896 4138 1986 4175 su-

414 4212 553 4273 ptus,
579 4217 634 4263 et
659 4206 772 4279 ipse
811 4208 1044 4279 agricola
1083 4213 1193 4275 est;
1237 4222 1337 4263 nec
1363 4208 1487 4264 talis
1529 4208 1714 4278 quales
1741 4217 1867 4264 sunt
1892 4202 1982 4280 qui

416 4298 753 4355 ettrinsecus
805 4299 1073 4369 operando
1131 4299 1387 4354 exhibent
1442 4299 1852 4364 ministerium;
1889 4296 1982 4354 sed

2071 496 2201 561 Deo,
2232 497 2321 566 qui
2358 492 2579 550 mundat
2603 498 2761 551 corda
2790 506 2973 550 nostra
3008 504 3067 549 ut
3099 495 3330 551 fructum
3351 497 3500 562 ferre
3530 514 3653 567 pos-

2073 590 2199 652 sint,
2232 598 2287 644 et
2316 597 2510 659 purgat
2538 590 2728 658 spiritu
2762 576 3044 644 charitatis
3070 596 3131 642 ut
3154 589 3276 659 plus
3322 588 3652 645 fructiﬁcare

2074 679 2305 734 valeant.
3504 744 3507 747 .

2143 770 2306 825 Vens.
2337 772 2389 824 5.
2418 801 2488 809 —
2515 770 2640 824 Iam
2674 788 2758 824 vos
2788 763 2969 824 mundi
3002 771 3143 835 estis;
3182 766 3390 840 propter
3412 769 3645 835 uerbum,

2073 862 2212 931 quod
2239 861 2442 915 locutus
2477 878 2592 914 sum
2632 862 2797 915 vobis.
2849 861 2948 915 llic
2993 877 3050 915 se
3097 862 3330 915 ostendit
3359 860 3649 929 agricolam

2075 968 2216 1014 esse,
2243 952 2366 1004 dum
2398 951 2551 1012 dixit,
2580 950 2758 1004 mundi
2785 954 2908 1003 estis
2930 960 3138 1019 propter
3162 956 3469 1012 sermonem,
3496 966 3648 1018 quem

2076 1040 2279 1099 locutus
2320 1059 2435 1097 sum
2465 1043 2628 1096 vobis.
2702 1060 2720 1091 ι
2750 1041 2926 1106 Quare
2976 1050 3079 1094 non
3127 1042 3240 1102 ait,
3288 1040 3466 1093 Mundi
3518 1040 3651 1094 es‘is

2073 1118 2295 1204 propter
2314 1126 2641 1201 baptismum
2682 1145 2790 1199 quo
2818 1130 2982 1183 abluti
3021 1129 3182 1192 estis;
3220 1127 3314 1182 sed
3349 1129 3465 1180 ait:
3516 1127 3650 1182 Pro-

2075 1233 2189 1293 pter
2217 1222 2425 1275 verbum
2451 1262 2464 1285 ,
2516 1221 2654 1291 quod
2684 1217 2897 1291 locutus
2930 1236 3044 1272 sum
3074 1217 3254 1280 vobis;
3300 1208 3401 1271 nisi
3444 1216 3569 1285 quia
3597 1224 3654 1268 et

2075 1307 2271 1383 aquam
2301 1310 2523 1365 verbum
2568 1294 2825 1363 mundat?
2868 1306 3102 1361 Detrahe.
3140 1305 3398 1368 verbum,
3441 1313 3495 1359 et
3522 1305 3652 1373 quid

2070 1382 2160 1456 est
2183 1414 2342 1468 aqua,
2367 1398 2471 1452 ιιἱεί
2495 1382 2671 1465 aqua?
2707 1394 2931 1450 Accedit
2963 1397 3183 1449 verbum
3210 1394 3278 1447 ad
3305 1393 3650 1454 elementum,

2075 1501 2130 1546 et
2151 1490 2211 1544 fit
2233 1485 2654 1546 sacramentum.
2694 1485 2845 1540 Unde
2871 1485 2972 1538 ista
3005 1491 3150 1538 tanta
3172 1483 3344 1536 virtus
3373 1497 3522 1550 aquae
3541 1522 3555 1546 ,
3595 1490 3655 1534 ut

2072 1574 2271 1652 ’cOrpus
2314 1569 2487 1649 tingat
2524 1578 2706 1651 [Aug.,
2736 1575 2941 1647 tangat]
2987 1583 3042 1630 et
3062 1589 3155 1629 cor
3193 1573 3400 1637 abluat,
3431 1574 3533 1627 nisi
3566 1572 3647 1627 la-

2078 1672 2256 1728 ciente
2287 1671 2467 1733 verbo,
2500 1684 2605 1724 non
2635 1666 2759 1736 quia
2799 1665 2970 1721 solum
3010 1664 3228 1729 dicitur,
3263 1665 3354 1718 sed
3381 1663 3507 1731 quia
3535 1674 3654 1717 cre-

2000 1750 2048 1811 Β
2077 1760 2258 1817 ditur?
2286 1778 2305 1812 ι
2338 1746 2502 1830 θοή,
2526 1744 2659 1810 Nam
2707 1756 2807 1809 tria
2854 1755 2908 1809 in
2952 1754 3218 1824 baptismo
3245 1753 3476 1807 visil.ilia
3507 1762 3650 1815 sunt,

2078 1852 2132 1906 id
2159 1860 2262 1917 est,
2311 1866 2524 1919 corpus,
2573 1864 2709 1917 aqua
2755 1856 2810 1901 et
2861 1847 3155 1901 sacerdos:
3198 1846 3299 1899 tria
3341 1845 3651 1910 invisibilia,

2080 1941 2279 2004 an'ma,
2309 1938 2439 1993 ﬁdes
2467 1947 2521 1992 et
2559 1937 2792 2005 Spiritus
2814 1936 2906 1989 Dei
2937 1934 3062 2006 [Μδ.
3085 1973 3099 1998 ,
3135 1933 3369 2003 Spiritus
3389 1920 3652 2005 sanctus],

2079 2032 2170 2101 qui
2203 2030 2317 2085 lucc
2351 2029 2530 2086 omnia
2561 2036 2848 2096 operatur;
2876 2034 2935 2080 ut
2966 2024 3056 2079 ﬁat
3097 2025 3449 2093 spiritualiter
3486 2024 3654 2078 Filius

2078 2120 2174 2175 Dei
2202 2128 2422 2173 renatus
2467 2134 2532 2171 ex
2573 2131 2714 2186 aqua
2744 2124 2798 2170 et
2821 2112 3021 2184 Spiritu
3045 2153 3059 2178 ,
3102 2109 3195 2183 qui
3233 2113 3334 2168 fuit
3373 2114 3661 2168 carnaliter

2081 2206 2223 2266 ﬁlius
2244 2209 2450 2280 peccati
2491 2215 2648 2262 natus
2687 2218 2753 2260 ex
2790 2206 3008 2259 traduce
3037 2205 3331 2274 primorum
3372 2212 3652 2273 parentum

2079 2317 2262 2357 carne.
2302 2299 2413 2371 Ego
2444 2284 2558 2353 sum
2586 2300 2703 2351 ritis
2733 2300 2873 2362 vera,
2911 2306 2956 2351 et
2984 2313 3070 2350 ros
3096 2294 3354 2367 palmites.

2151 2393 2314 2448 Vens.
2340 2390 2392 2444 4.
2420 2420 2491 2430 -
2518 2378 2725 2443 Moneta
2754 2390 2809 2441 in
2830 2404 2928 2452 me,
2964 2388 3012 2440 et
3039 2403 3129 2456 ego
3164 2388 3219 2439 in
3245 2386 3406 2440 vobis.
3446 2385 3559 2440 Non
3590 2399 3657 2442 eo

2080 2482 2236 2537 modo
2265 2480 2368 2535 illis
2397 2481 2449 2534 in
2493 2480 2607 2549 ipso
2645 2479 2967 2532 manendum
2987 2485 3103 2543 est,
3146 2478 3284 2530 sicut
3311 2477 3424 2546 ipse
3452 2476 3503 2529 in
3529 2477 3655 2531 illis.

2086 2563 2159 2626 id
2188 2567 2489 2642 Utrumque
2525 2572 2665 2625 enim
2705 2570 2927 2639 prodest
2966 2584 3071 2623 non
3102 2568 3231 2638 ipsi,
3282 2567 3376 2621 sed
3413 2566 3539 2620 illis.
3579 2567 3654 2621 ιω

2079 2663 2204 2719 Sunt
2229 2663 2425 2734 quippe
2454 2663 2507 2716 in
2536 2660 2643 2715 vite
2664 2660 2946 2729 palmites,
2993 2667 3053 2713 ut
3086 2658 3181 2712 viti
3212 2671 3317 2711 non
3357 2655 3659 2720 conferant,

2080 2757 2172 2811 sed
2197 2756 2320 2811 inde
2357 2754 2626 2824 accipiant
2672 2753 2815 2807 unde
2860 2752 3045 2806 vivant
3082 2759 3137 2806 et
3180 2749 3508 2804 fructiﬁcare
3532 2753 3659 2818 pos-

2079 2847 2221 2901 sint:
2250 2846 2325 2899 ita
2368 2858 2497 2899 vero
2543 2842 2667 2897 vitis
2713 2848 2797 2896 est
2837 2841 2888 2895 in
2930 2836 3257 2912 palmitibus,
3291 2850 3348 2897 ut
3369 2842 3530 2896 vitale
3571 2843 3661 2896 ali-

2079 2942 2317 2989 mentum
2342 2931 2712 2988 subministret
2731 2932 2841 2995 eis,
2884 2946 2990 2985 non
3019 2940 3198 2987 sumat
3230 2933 3423 2988 abeis.
3461 2932 3539 2988 Ac
3561 2920 3660 3004 per

2080 3028 2185 3082 hoc
2209 3032 2499 3094 utrumque
2525 3012 2745 3093 prodest
2770 3020 3112 3078 credentibus
3143 3023 3197 3078 iu
3221 3020 3516 3089 Christum;
3541 3031 3660 3098 ma—

2099 3132 2230 3173 nere
2255 3117 2309 3170 in
2337 3112 2581 3179 Christo,
2614 3122 2669 3169 et
2696 3112 2968 3168 Christum
3005 3114 3059 3167 in
3095 3114 3220 3169 illis.
3263 3114 3415 3171 Unde
3443 3106 3664 3172 secutus

2079 3218 2185 3276 est,
2216 3216 2273 3264 et
2300 3208 2412 3263 ait:
2444 3208 2593 3263 Sicut
2636 3196 2833 3278 palmes
2856 3194 2957 3261 non
2983 3216 3149 3278 potest
3190 3201 3328 3278 ferre
3374 3194 3603 3279 fructum
3630 3227 3664 3263 η

2079 3303 2371 3372 semetipso,
2397 3301 2495 3355 nisi
2517 3287 2767 3354 manserit
2792 3300 2846 3353 in
2876 3300 2991 3366 vite,
3023 3299 3097 3354 sic
3120 3288 3211 3355 nec
3234 3306 3342 3368 ros',
3372 3292 3476 3357 nisi
3499 3303 3556 3358 in
3582 3319 3664 3358 me

2080 3382 2396 3445 manseritis.
2447 3391 2546 3456 Qui
2577 3390 2721 3444 enim
2762 3405 2792 3443 a
2838 3384 3126 3461 semetipso
3171 3407 3230 3446 se
3274 3390 3509 3447 fructum
3545 3395 3661 3449 cxi-

2082 3470 2265 3554 stimat
2286 3480 2456 3543 ferre,
2488 3472 2541 3535 in
2570 3482 2679 3535 vite
2704 3497 2809 3535 non
2840 3482 2956 3544 eSt;
2984 3481 3075 3548 qui
3103 3481 3156 3534 in
3188 3480 3297 3536 vite
3330 3496 3436 3536 non
3464 3491 3569 3546 est,
3600 3483 3657 3541 in

2080 3571 2300 3628 Christo
2321 3582 2424 3625 “non
2450 3574 2562 3633 est;
2590 3571 2684 3637 ‘qui
2714 3569 2765 3643 in
2798 3558 3014 3639 Christo
3042 3583 3147 3624 non
3172 3579 3288 3635 est,
3319 3570 3662 3628 Christianus

2082 3678 2186 3717 non
2213 3670 2314 3716 est.
2347 3681 2365 3712 ι
2413 3660 2620 3739 Omnis,
2646 3639 2789 3712 enim
2835 3656 3042 3715 fructus
3068 3660 3196 3739 boni
3240 3663 3420 3732 operis
3461 3664 3529 3719 ab
3568 3663 3661 3720 illa

2083 3752 2263 3805 radice
2285 3749 2527 3819 procedit
2552 3788 2566 3812 ,
2598 3737 2688 3816 qui
2715 3764 2812 3803 nos
2847 3764 2943 3805 sua
2966 3754 3139 3821 gratia
3164 3737 3439 3821 liberavit,
3481 3765 3537 3811 et
3564 3763 3663 3813 suo

2084 3841 2279 3896 auxilio
2300 3828 2581 3910 provehit,
2627 3848 2687 3894 ut
2733 3840 2963 3896 fructum
3002 3844 3122 3913 plus
3144 3844 3337 3901 ail‘erre
3362 3844 3660 3903 valeamus;

2085 3933 2272 4003 (Vens.
2306 3929 2385 4001 5.)
2430 3928 2541 4001 Ego
2565 3947 2679 3985 sum
2725 3932 2841 3986 ritis
2884 3949 3022 3995 vera,
3073 3943 3121 3987 et
3142 3950 3229 3987 ros
3255 3934 3512 4005 palmites.
3560 3913 3661 4003 hui

2082 4026 2331 4080 manserit
2358 4027 2410 4079 in
2435 4041 2528 4085 me,
2561 4034 2608 4078 et
2633 4042 2722 4094 ego
2753 4026 2808 4079 in
2828 4042 2907 4090 eo,
2931 4026 3014 4080 hic
3035 4025 3134 4097 [ert
3159 4024 3388 4094 fructum
3416 4010 3661 4095 multum,

2082 4117 2204 4185 quia
2243 4110 2355 4169 ’sine
2382 4132 2460 4169 me
2499 4115 2627 4168 nihil
2667 4117 2877 4187 potestis
2904 4116 3094 4186 facere.
3142 4136 3160 4168 ι
3191 4115 3307 4172 Νοιι
3330 4116 3466 4173 dixit
3492 4134 3505 4170 :
3533 4116 3668 4172 Par-

2083 4200 2207 4262 vum
2232 4208 2433 4278 aliquid
2454 4209 2577 4263 boni
2609 4210 2832 4279 potestis
2859 4210 2975 4264 sine
3005 4225 3090 4269 me
3117 4194 3328 4274 facere,
3366 4208 3461 4264 sed
3484 4209 3658 4263 omni~

2083 4315 2153 4355 no
2180 4299 2329 4355 nihil.
2379 4298 2506 4355 Sive
2547 4301 2689 4355 enim
2734 4316 2958 4371 parvum
2992 4298 3223 4367 bonum,
3271 4302 3387 4357 sive
3414 4300 3659 4365 multum,

418 4393 542 4449 talis
562 4402 623 4447 ut
667 4392 756 4448 det
802 4393 963 4448 etiam
1011 4392 1332 4447 intrinsecus
1374 4391 1780 4473 incrementum;
1844 4378 1979 4479 Nam
2012 4391 2200 4474 Dsine
2229 4389 2319 4447 illo
2362 4389 2477 4444 ﬁeri
2521 4405 2625 4444 non
2670 4398 2844 4460 potest
2884 4389 3024 4463 [sine
3064 4390 3172 4460 quo
3218 4390 3351 4447 nihil
3393 4391 3520 4447 boni
3547 4390 3664 4447 ﬁeri

417 4494 592 4552 neque
617 4481 706 4551 qui
731 4476 975 4551 plantat,
1014 4491 1097 4536 est
1134 4480 1352 4551 aliquid,
1376 4494 1548 4551 neque
1574 4470 1665 4551 qui
1693 4481 1856 4551 rigat;
1887 4470 1981 4536 sed

420 4576 511 4646 qui
543 4575 931 4631 incrementum
961 4573 1052 4629 dat
1071 4571 1213 4629 Deus
1237 4571 1294 4645 (Ι
1319 4570 1441 4628 Cor.
1469 4566 1548 4639 ui,
1576 4568 1650 4643 7)‘.
1706 4566 1771 4627 Et
1799 4575 1984 4644 utique

417 4665 560 4720 Deus
610 4667 692 4718 est
736 4660 1015 4730 Christus;
1070 4662 1193 4734 qui’a
1242 4654 1384 4717 Deus
1433 4671 1551 4717 erat
1581 4663 1845 4729 Verbum,
1878 4684 1896 4716 ι
1931 4674 1985 4720 et

421 4746 655 4806 Verbum
684 4764 812 4808 caro
838 4750 1039 4806 foetum
1063 4753 1165 4807 est.
1196 4748 1417 4807 Fac‘t‘um
1440 4760 1524 4806 est
1541 4754 1680 4822 quod
1707 4770 1811 4809 non
1845 4764 1983 4819 erat,

421 4842 623 4898 manSitf
660 4836 807 4913 quod
845 4846 983 4899 erat.
1021 4841 1207 4910 (Vens.
1239 4840 1318 4913 Ξ.)
1364 4841 1579 4896 Omnem
1622 4842 1887 4913 palmitem
1933 4845 1986 4899 in

421 4927 502 4983 nte
530 4940 632 4986 non
660 4931 906 5002 ferentem
934 4929 1196 5001 fructum,
1226 4929 1369 4985 tollet
1392 4947 1510 4985 eum
1535 4931 1714 4987 Pater.
1766 4928 1879 4989 Huc
1906 4943 1990 4988 est

421 5015 569 5092 quod
590 5022 694 5078 alio
720 5022 837 5078 loco
857 5022 933 5078 ait
965 5040 978 5077 :
1020 5020 1144 5077 Ja‘m
1170 5023 1364 5077 securis
1393 5022 1462 5076 ad
1492 5022 1718 5076 radicem
1744 5024 1990 5079 arborum

421 5112 597 5182 posita
613 5120 709 5177 e‘s‘t,
751 5113 918 5167 omnis
946 5114 1083 5168 enim
1109 5113 1266 5167 arbor
1291 5128 1395 5167 non
1419 5111 1589 5182 ferens
1609 5112 1858 5183 fructum,
1895 5130 1989 5168 ea:—

424 5202 628 5256 cidetur
655 5210 705 5258 et
740 5204 803 5257 in
820 5202 990 5273 ignem
1019 5204 1268 5259 mittetur.
1306 5203 1444 5259 Eum
1469 5219 1587 5259 vero
1614 5202 1877 5274 palmitem
1903 5206 1993 5274 qui

426 5290 529 5361 fert
562 5293 810 5363 fructum,
848 5293 1089 5363 purgabit
1115 5309 1264 5357 eum,
1303 5303 1358 5348 ut
1393 5294 1622 5366 fructum
1655 5292 1772 5363 plus
1807 5294 1992 5362 afferat

425 5376 644 5457 (Hann.
670 5401 751 5450 ιιι,
784 5376 893 5455 10).
933 5382 1062 5438 Fert
1103 5381 1365 5450 fructum,
1401 5386 1525 5456 quia
1564 5385 1850 5441 mundatus
1870 5390 1990 5451 est;

499 5531 526 5561 ο
569 5518 667 5574 Ms.
694 5538 707 5573 :
743 5539 761 5572 ς
789 5519 988 5576 Factus
1014 5526 1098 5575 est
1126 5519 1179 5589 in
1204 5518 1374 5589 forma
1405 5523 1699 5589 servitutis,
1728 5523 1869 5579 unde
1894 5536 1994 5578 nos

428 5590 679 5715 palmites
699 5589 843 5644 illius
861 5604 980 5644 esse
1004 5588 1286 5662 possimus.
1326 5587 1476 5643 Sicut
1502 5592 1645 5646 enim
1673 5587 1810 5657 ovis;
1834 5603 1935 5647 etc;
1970 5602 1987 5645 ι

455 5659 749 5714 ntermedia
778 5659 848 5712 lhi
879 5660 1071 5712 omissa
1101 5664 1243 5712 sunt.

455 5659 749 5714 ntermedia
778 5659 848 5712 lhi
879 5660 1071 5712 omissa
1101 5659 1243 5712 sunt.

2086 4478 2302 4551 potest].
2332 4474 2584 4545 Quamvis
2611 4480 2752 4535 enim
2776 4478 3024 4536 Christus
3049 4481 3173 4537 vitis
3199 4496 3305 4537 non
3334 4490 3510 4548 esset,
3556 4481 3659 4538 nisi

2087 4560 2246 4623 homo
2274 4577 2452 4629 esset.
2507 4576 2684 4623 tamen
2736 4569 2893 4625 istam
2937 4571 3170 4640 gratiam
3213 4572 3527 4641 palmitibus
3558 4588 3665 4629 non

2087 4656 2370 4729 praeberet,
2397 4658 2497 4711 nisi
2521 4658 2683 4711 etiam
2708 4658 2849 4714 Deus
2874 4668 3036 4715 esset.
3059 4680 3078 4714 ι

2157 4757 2317 4811 Vens.
2356 4748 2407 4811 ii.
2437 4787 2507 4797 --
2537 4746 2737 4827 Siquis
2780 4758 2837 4812 in
2880 4774 2979 4823 me,
3026 4759 3222 4828 inquit,
3264 4777 3364 4814 non
3393 4761 3662 4823 ntanserit,

2089 4850 2321 4903 mittetur
2368 4847 2511 4916 foras
2552 4833 2685 4902 sicut
2728 4848 2962 4918 palmes,
2995 4859 3043 4903 et
3083 4859 3278 4903 arescet
3324 4859 3372 4904 et
3423 4850 3663 4920 (alligent

2090 4949 2227 5005 cum,
2256 4952 2301 5013 et
2325 4942 2378 4995 in
2402 4930 2569 5009 igttcift
2594 4939 2816 5005 iitittent,
2843 4949 2889 4995 ct
2915 4940 3083 4995 ardet.
3137 4958 3155 4992 ι
3187 4940 3350 5009 Ligna
3380 4941 3561 5010 itaque
3586 4942 3664 4995 vi-

2093 5016 2331 5087 tistantb
2358 5026 2483 5086 sunt
2526 5033 3010 5102 eontemptihiliora
3048 5033 3093 5088 si
3141 5034 3193 5087 in
3237 5034 3343 5088 vite
3384 5048 3489 5087 non
3519 5047 3664 5087 mau-

2092 5118 2299 5186 serint,
2348 5112 2551 5192 quanto
2593 5122 2908 5193 gloriosiora
2951 5123 2995 5177 s'i
3043 5124 3357 5179 manserint.
3415 5122 3589 5179 linum
3633 5137 3663 5177 e

2093 5210 2300 5265 duobus
2330 5200 2531 5280 palihiti
2571 5213 2840 5282 congruit,
2883 5220 2975 5267 aut
3004 5213 3163 5279 vitis,
3189 5222 3283 5269 aut
3312 5214 3446 5286 ignis
3472 5229 3485 5267 :
3535 5214 3578 5269 si
3610 5214 3661 5269 in

2094 5300 2199 5353 vite
2222 5302 2325 5355 non
2357 5307 2471 5362 est,
2520 5299 2571 5354 in
2603 5302 2723 5370 igne
2741 5302 2882 5357 erit:
2926 5308 2987 5356 ut
3025 5318 3155 5374 ergo
3203 5303 3255 5358 iu
3293 5304 3414 5376 igne
3433 5320 3537 5359 non
3568 5307 3660 5370 sit,

2095 5399 2307 5445 maneat
2329 5391 2380 5445 in
2410 5391 2536 5445 vite.
2563 5392 2745 5462 (Vens.
2772 5393 2848 5465 7.)
2880 5392 2938 5449 Si
2957 5396 3247 5450 manseritis
3272 5397 3440 5461 inme,
3466 5397 3657 5468 inquit,

2165 5520 2196 5592 ιι
2232 5506 2311 5592 ei:
2335 5519 2583 5592 sana,
2616 5529 2770 5580 tract.
2805 5540 3139 5589 Lxxx,num.
3168 5527 3221 5592 l,
3251 5524 3307 5591 ξι..
3336 5528 3388 5582 s.
3431 5540 3435 5545 τ
3504 5510 3510 5516 ’

2166 5582 2189 5629 ε
2234 5589 2447 5645 Ansulis
2473 5582 2675 5646 inclusa
2705 5594 2897 5650 desunt
2916 5582 2969 5651 in
2998 5612 3101 5650 ms.

2166 5658 2191 5699 δ
2234 5657 2308 5712 Ex
2332 5658 2389 5714 S.
2418 5659 2554 5733 Aug.
2583 5660 2762 5718 Tract.
2789 5681 2971 5727 LXXXI.
2998 5682 3144 5722 num.
3180 5666 3285 5720 l4.
