4000 6190
374 298 484 351 ωδ

1242 289 1298 340 Β.
1338 285 1394 339 ιτ.
1440 284 1659 337 Αιιιικι
1702 283 1832 337 δευ
1872 278 2147 335 ΑιεωΝι
2187 277 2464 335 OPERUM
2504 278 2680 332 PARS
2715 278 2778 331 ll.

3520 279 3611 333 9M

373 420 423 465 et
448 408 599 464 verba
619 421 729 460 mea
752 406 804 459 in
831 403 967 457 vobis
993 400 1273 455 manserint
1295 438 1310 461 ,
1355 397 1697 469 quodcunque
1726 394 1949 449 uolueri—
1980 420 1991 452 Α

2076 392 2363 448 ιοοέρίριίς
2385 392 2524 462 quod
2553 391 2605 446 in
2629 390 2912 447 dilectione
2936 407 3050 446 mea
3082 408 3186 462 qua
3210 407 3306 446 vos
3335 392 3495 463 diligo
3514 409 3619 448 ma-

376 501 464 565 tis,
491 498 694 569 patetis,
740 504 788 548 et
828 493 917 562 ﬁet
950 490 1110 545 vobis.
1164 488 1424 543 Manendo
1457 488 1653 557 quippe
1698 487 1750 540 in
1795 484 1950 541 Chrio

377 600 483 654 sto,
527 587 654 658 quid
683 583 812 639 velle
841 589 1063 653 possunt
1105 580 1208 635 nisi
1236 579 1378 649 quod
1413 577 1664 633 convenit
1688 575 1950 631 Christo?

379 677 517 745 Quid
546 674 682 729 velle
705 680 930 743 possunt
966 671 1232 725 manendo
1262 670 1315 723 in
1342 668 1643 731 Salvatore,
1671 666 1772 721 nisi
1806 665 1949 735 quod

381 770 614 822 alienum
642 779 747 819 non
774 772 858 818 est
886 777 916 815 a
945 761 1149 815 salute?
1168 780 1186 812 ι
1229 759 1339 815 Nec
1360 759 1503 813 enim
1530 766 1716 827 petere
1739 756 1949 818 volunt,

378 857 481 912 nisi
503 854 645 925 quod
684 852 899 923 expedit
932 850 999 904 ad
1030 850 1276 903 salutem.
1323 865 1342 898 ι
1367 846 1641 901 Manentes
1682 852 1857 899 autem
1900 843 1953 897 in

375 960 609 1012 eo,cum
636 944 801 999 verba
842 943 959 1013 ejus
1005 941 1059 996 in
1106 939 1261 995 nobis
1299 945 1517 992 manent
1542 977 1556 994 .
1601 935 1957 1004 quodcunque

375 1034 727 1098 voluerimus,
757 1040 1023 1102 petamus,
1053 1037 1108 1085 et
1139 1028 1232 1083 lict
1252 1028 1426 1081 nobis.
1468 1025 1602 1092 Quia
1632 1025 1677 1078 si
1700 1024 1954 1094 petimus,

381 1133 437 1180 et
460 1139 565 1180 nou
591 1123 673 1187 ﬁt,
699 1137 805 1177 non
834 1123 936 1176 hoc
963 1120 1192 1190 petimus
1212 1118 1353 1186 quod
1376 1117 1538 1170 habet
1563 1115 1768 1168 mansio
1795 1114 1846 1167 in
1867 1128 1956 1175 eo,

386 1227 486 1268 nec
512 1212 655 1282 quod
693 1210 895 1265 habent
939 1207 1047 1279 [Ms
1080 1248 1093 1271 ,
1127 1221 1232 1261 non
1274 1207 1372 1260 hoc
1395 1204 1624 1275 petimus
1648 1244 1662 1267 ,
1709 1203 1850 1272 quod
1892 1202 1959 1255 ad

384 1301 514 1355 illud
543 1300 796 1371 pertinet,
820 1306 879 1352 ut
899 1310 1210 1352 maneamus
1233 1296 1285 1348 in
1313 1308 1404 1357 eo;
1441 1308 1543 1347 nec
1568 1292 1709 1361 quod
1737 1291 1965 1345 suadent

388 1388 574 1462 verba]
621 1389 783 1442 verba
820 1386 936 1455 ejus
977 1401 1095 1455 qua:
1127 1393 1345 1439 manent
1378 1384 1429 1437 in
1462 1383 1615 1437 nobis
1654 1401 1666 1435 :
1698 1382 1791 1436 sed
1819 1381 1963 1451 quod

390 1480 548 1535 habet
581 1478 843 1547 cupiditas
872 1485 927 1530 et
952 1475 1237 1529 inﬁrmitas
1274 1473 1487 1539 carnis,
1517 1488 1636 1542 qua:
1663 1486 1767 1525 non
1796 1479 1879 1526 est
1909 1472 1962 1524 in

386 1583 473 1631 eo,
517 1577 572 1623 et
610 1568 662 1622 in
704 1582 807 1635 qua
839 1580 942 1621 non
987 1572 1205 1618 manent
1249 1563 1414 1618 verba
1458 1562 1592 1631 ejus.
1644 1561 1793 1615 Tunc
1821 1561 1965 1615 enim

388 1658 615 1713 dicenda
665 1664 787 1712 sunt
831 1656 994 1710 verba
1039 1654 1154 1723 ejus
1199 1654 1251 1708 in
1300 1654 1455 1707 nobis
1496 1668 1716 1708 manere
1751 1652 1965 1720 quando

383 1745 618 1801 facimus
645 1761 762 1816 qua:
789 1744 1065 1816 praecepit,
1093 1752 1149 1797 et
1173 1741 1440 1813 diligimus
1459 1758 1578 1812 qua:
1605 1740 1873 1812 promisit.

466 1868 490 1896 ι
520 1854 687 1926 Magis
711 1853 985 1925 magisque
1017 1851 1262 1907 Salvator
1287 1853 1516 1924 gratiam
1541 1867 1647 1922 qua
1671 1851 1962 1915 salvamur,

374 1945 670 2019 discipulis
695 1945 963 2016 loquendo
1002 1945 1403 2008 commendans,
1432 1942 1616 2015 (Vsus.
1666 1943 1721 2014 8)
1753 1942 1818 1997 In
1845 1944 1964 2006 hoc,

372 2035 586 2107 inquit,
614 2034 935 2104 clariﬁcatus
962 2042 1035 2088 est
1074 2031 1235 2087 Pater
1262 2050 1404 2087 meus
1425 2074 1438 2098 ,
1468 2042 1521 2087 ut
1549 2033 1778 2102 fructum
1803 2031 1968 2103 pluri-

393 2141 535 2180 mum
571 2123 825 2195 efferatis,
870 2132 918 2176 et
957 2122 1246 2194 eﬂiciamini
1289 2123 1389 2176 mei
1428 2122 1690 2192 discipuli.
1740 2120 1796 2175 Si
1823 2120 1967 2174 enim

392 2217 511 2272 haec
531 2215 698 2285 gloria
728 2222 809 2269 est
828 2214 1038 2277 Patris,
1085 2222 1146 2268 ut
1182 2213 1417 2270 fructum
1453 2214 1742 2285 plurimum
1780 2212 1966 2267 all‘era-

390 2322 541 2373 mus,
571 2316 625 2362 et
652 2307 819 2362 simus
848 2304 1089 2375 discipuli
1110 2304 1310 2360 Christi
1332 2345 1347 2370 ,
1379 2320 1484 2360 non
1509 2305 1614 2360 hoc
1637 2311 1834 2360 nostra:
1859 2303 1971 2374 glo-

402 2399 496 2453 rize
521 2397 820 2453 tribuamus
845 2437 858 2461 ,
911 2406 1165 2466 tanquam
1205 2396 1309 2451 hoc
1342 2411 1408 2451 ex
1436 2396 1591 2451 nobis
1619 2396 1749 2466 ipsis
1774 2396 1971 2451 habea-

401 2499 539 2541 mus.
578 2483 705 2554 Ejus
726 2493 812 2539 est
834 2484 977 2538 enim
1005 2485 1119 2538 lucc
1146 2484 1341 2555 gratia,
1363 2492 1420 2538 et
1443 2484 1561 2539 ideo
1583 2483 1703 2557 [in]
1737 2486 1840 2541 hoc
1865 2499 1970 2539 non

386 2586 603 2641 nostra,
632 2576 725 2630 sed
752 2573 868 2643 ejus
893 2583 977 2629 est
1000 2574 1188 2646 gloria.
1229 2575 1271 2629 A
1300 2590 1407 2646 quo
1438 2575 1701 2632 eﬂlcimur
1721 2588 1780 2632 ut
1806 2577 1974 2632 simus

386 2665 646 2735 discipuli
673 2664 900 2729 Christi,
926 2666 1030 2721 nisi
1055 2665 1124 2720 ab
1150 2665 1238 2720 illo
1266 2666 1417 2737 cujus
1440 2666 1808 2722 misericordia
1836 2682 1973 2737 pra:-

385 2757 550 2811 -venit
578 2772 696 2820 nos,
723 2776 740 2807 ι
784 2765 841 2809 ut
864 2755 999 2813 velle
1033 2757 1391 2826 subsequatur
1420 2764 1476 2812 et
1499 2772 1657 2829 posse
1682 2800 1696 2824 ,
1742 2774 1860 2829 qum
1909 2758 1975 2812 ad

402 2840 460 2899 id
476 2846 771 2914 pertinent,
809 2852 868 2899 ut
894 2845 1277 2915 perpetualiter
1303 2860 1615 2902 maneamus
1646 2847 1697 2902 in
1730 2846 1871 2902 vite?

466 2936 637 2990 ἵεις.
666 2936 721 2991 9.
747 2966 817 2975 --
848 2934 992 2991 Sicut
1028 2934 1209 2990 dilexit
1253 2953 1333 2992 me
1370 2933 1555 3004 Pater,
1601 2949 1649 2993 et
1685 2953 1777 3010 ego
1819 2939 1978 2994 dilexi

2050 481 2246 536 nebitis
2273 522 2287 546 ,
2330 481 2376 535 si
2418 495 2537 536 mea
2581 491 2847 551 prtecepta
2899 482 3217 536 servabitis?
3259 480 3365 536 Sed
3392 482 3516 552 quid
3542 494 3623 539 est

2051 571 2178 626 illud
2205 571 2345 641 quod
2372 570 2611 642 adjungit
2657 590 2668 624 :
2711 591 2729 623 ι
2760 570 2909 626 Sicut
2935 580 2984 624 et
3027 588 3120 641 ego
3156 580 3413 642 pra'cepta
3450 569 3622 628 Patris

2050 662 2149 715 mei
2191 662 2411 726 servavi,
2457 670 2505 714 et
2544 678 2731 716 maneo
2770 663 2824 716 in
2864 662 2978 731 ejus
3020 660 3311 717 dilectione.
3350 662 3479 729 Quze
3500 673 3627 719 sunt

2050 759 2317 821 praecepta
2344 751 2542 818 Patris,
2573 753 2676 807 nisi
2705 767 2824 822 qua:
2853 762 2977 807 ante
3006 754 3143 807 dixit
3168 774 3180 807 :
3222 752 3290 807 Et
3323 754 3456 809 sicut
3485 771 3625 809 man-

2052 840 2231 895 datum
2274 840 2417 895 dedit
2444 841 2571 895 mihi
2612 837 2797 907 Pater,
2841 844 2916 896 sic
2949 843 3128 912 facio!
3169 843 3320 910 Quod
3344 843 3627 915 Apostolus

2054 944 2326 1000 exponens
2347 931 2421 984 ait
2446 945 2460 985 :
2490 930 2726 985 Christus
2746 931 2916 1000 factus
2941 942 3016 986 est
3034 932 3273 987 obediens
3300 930 3450 987 Patri
3472 950 3626 1005 usque

2057 1028 2126 1081 ad
2155 1038 2371 1082 mortem
2395 1069 2409 1092 ,
2443 1037 2660 1082 mortem
2708 1037 2882 1082 autem
2912 1029 3100 1083 crucis.
3165 1025 3387 1099 Propter
3411 1030 3550 1100 quod
3578 1039 3627 1083 et

2057 1119 2198 1173 Deus
2222 1119 2467 1173 exultavit
2494 1118 2666 1184 illum,
2705 1129 2751 1173 et
2778 1120 2921 1173 dedit
2946 1116 3026 1173 illi
3054 1134 3258 1181 nomen,
3284 1120 3421 1191 quod
3442 1129 3516 1174 est
3540 1136 3627 1174 εις

2058 1224 2151 1277 per
2175 1224 2325 1261 omne
2356 1224 2541 1261 nomen
2568 1204 2789 1278 (Philip.
2815 1223 2877 1272 ιι,
2902 1206 2979 1278 8).
3021 1207 3311 1277 Sequitur:
3356 1206 3423 1261 Et
3447 1223 3627 1263 maneo

2060 1298 2114 1350 in
2162 1296 2275 1365 ejus
2317 1295 2611 1351 dilectione.
2674 1316 2693 1347 ‹
2725 1296 2800 1351 De
2842 1298 2943 1353 bac
2981 1298 3265 1354 dilectione
3303 1298 3475 1364 dixit,
3521 1314 3625 1369 qua

2061 1385 2233 1456 diligit
2260 1400 2379 1439 eum
2415 1384 2595 1441 Pater.
2634 1385 2741 1441 Sed
2774 1387 3014 1457 nunquid
3038 1395 3095 1444 et
3132 1389 3219 1443 hic
3246 1390 3412 1458 gratia
3443 1388 3632 1443 intellio

2064 1478 2234 1549 gentia
2276 1485 2359 1533 est
2401 1492 2507 1548 qua
2536 1476 2698 1532 Pater
2723 1478 2898 1549 diligit
2933 1478 3158 1544 Filium,
3195 1480 3335 1535 sicut
3352 1480 3524 1550 gratia
3546 1490 3628 1535 est

2064 1584 2167 1638 qua
2220 1584 2316 1623 nos
2357 1569 2531 1639 diligit
2556 1568 2725 1624 Filius
2752 1610 2767 1634 ,
2811 1584 2934 1624 cum
2964 1570 3133 1625 simus
3160 1568 3252 1624 lilii
3294 1571 3494 1641 gratia,
3525 1587 3631 1627 uoa

2067 1666 2256 1711 natura
2291 1656 2445 1729 μίση
2473 1658 2660 1738 gratia:
2683 1673 2789 1712 non
2818 1656 3045 1728 naturae]
3076 1677 3088 1711 :
3129 1659 3434 1729 unigenitus
3454 1669 3632 1715 autem

1995 1730 2038 1789 Β
2067 1757 2280 1814 natura,
2312 1764 2415 1803 non
2445 1730 2657 1820 gratia?
2683 1769 2715 1815 ι,
2738 1749 2915 1805 Manet
2934 1765 3062 1821 ergo
3081 1749 3249 1805 Filius
3268 1751 3320 1805 in
3352 1751 3635 1806 dilectione

2067 1857 2172 1912 qua
2216 1857 2339 1895 eum
2392 1842 2579 1897 dilexit
2617 1840 2808 1907 Pater,
2862 1850 2919 1897 et
2956 1843 3074 1898 ideo
3102 1843 3338 1897 servavit
3372 1850 3634 1913 praecepta

2065 1933 2201 2002 ejus.
2248 1950 2266 1981 ι
2289 1930 2423 1986 Nam
2446 1929 2691 1995 dicendo,
2736 1933 2869 1986 sicut
2911 1930 3094 1986 dilexit
3139 1948 3222 1986 me
3262 1929 3447 1997 Pater,
3475 1941 3524 1985 et
3544 1948 3638 2002 ego

2067 2024 2227 2079 dilexi
2265 2040 2354 2079 vos
2380 2064 2395 2088 ,
2446 2022 2671 2092 gratiam
2713 2024 3027 2079 mediatoris
3074 2023 3324 2078 ostendit.
3382 2022 3651 2078 Mediator.

2069 2124 2249 2171 autem
2295 2114 2389 2170 Dei
2432 2124 2487 2169 et
2525 2114 2824 2182 hominum,
2864 2130 2970 2170 non
3002 2115 3056 2170 in
3087 2123 3344 2185 quantum
3377 2115 3511 2170 Deus
3531 2124 3641 2176 est,

2070 2206 2163 2262 sed
2190 2206 2242 2261 in
2271 2215 2528 2277 quantum
2556 2206 2719 2260 homo
2743 2214 2826 2261 est
2848 2206 3095 2262 Christus
3128 2204 3303 2261 Jesus.
3334 2205 3474 2260 Deus
3494 2206 3640 2260 enim

2069 2307 2187 2353 erat
2218 2298 2476 2363 Verbum,
2508 2297 2814 2368 unigenitus
2854 2297 3090 2369 gignenti
3119 2305 3418 2353 comternus
3446 2297 3510 2350 h:
3546 2297 3643 2352 sel

2071 2396 2129 2441 ut
2151 2386 2417 2442 mediator
2447 2387 2667 2441 daretur
2705 2386 2858 2441 nobis
2881 2426 2897 2453 ,
2943 2402 3040 2458 per
3068 2386 3387 2443 ineffabilem
3412 2388 3640 2459 gratiam

2074 2478 2306 2535 Verbum
2341 2493 2468 2534 caro
2493 2476 2691 2535 factum
2718 2487 2824 2543 est,
2852 2484 2907 2534 et
2934 2477 3198 2534 habitavit
3220 2478 3273 2534 in
3309 2480 3481 2535 nobis.
3513 2499 3532 2531 ι

2144 2572 2305 2626 Vens.
2338 2570 2423 2625 ll.
2465 2601 2534 2610 —
2584 2568 2710 2624 Herc
2749 2569 2953 2624 locutus
2977 2586 3093 2625 sum
3126 2567 3284 2635 vobis,
3316 2579 3371 2623 ut
3398 2568 3644 2641 gaudium

2075 2681 2243 2719 meum
2272 2666 2324 2719 in
2355 2664 2494 2719 vobis
2539 2664 2644 2728 sit,
2693 2675 2740 2717 et
2788 2663 3035 2733 gaudium
3072 2672 3294 2718 rastrum
3347 2660 3642 2733 impleatur.

2070 2755 2157 2828 [In
2187 2755 2339 2809 vobis
2364 2755 2432 2809 sit
2469 2752 2691 2808 verbum
2720 2769 2920 2820 meum,
2954 2752 3234 2823 impleatur
3259 2752 3510 2824 gaudium
3561 2766 3648 2805 ve-

2076 2843 2291 2918 strum].
2339 2844 2476 2911 Quid
2498 2852 2615 2909 est,
2644 2844 2893 2915 gaudium
2921 2861 3089 2898 meum
3135 2845 3192 2898 in
3218 2844 3355 2899 vobis
3394 2845 3500 2907 sit,
3545 2842 3644 2898 nisi

2077 2939 2302 2995 verbum
2328 2953 2505 2993 meum
2528 2938 2582 2992 iu
2599 2937 2751 2992 vobis
2780 2936 3102 3008 impleatur?
3127 2935 3264 3004 Quid
3287 2945 3371 2991 est
3398 2935 3646 3008 gaudium

407 3026 813 3092 ros,-manetein
834 3024 1103 3079 dilectione
1128 3042 1263 3081 mea.
1326 3045 1344 3079 ι
1372 3027 1511 3083 Ecce
1536 3029 1678 3084 unde
1724 3037 1849 3086 sunt
1876 3047 1975 3085 no-
2004 3066 2050 3129 ο
2079 3028 2279 3085 Christi
2309 3028 2363 3083 in
2390 3027 2569 3093 nobis,
2606 3027 2711 3081 nisi
2760 3025 2904 3082 salus
2955 3035 3173 3092 nostra,
3224 3035 3443 3097 propter
3485 3039 3645 3095 quam

409 3121 493 3175 bis
519 3134 682 3188 opera
711 3119 870 3173 bona.
912 3117 1045 3173 Nam
1074 3120 1213 3176 unde
1253 3118 1454 3194 [nobis]
1474 3130 1675 3189 essent,
1705 3121 1808 3178 nisi
1850 3121 1976 3193 quia

398 3210 663 3278 dides'per
699 3208 1033 3265 dilectionem
1081 3210 1368 3280 operatur?
1410 3210 1567 3268 Unde
1597 3222 1777 3271 autem
1807 3213 1980 3286 diligi-

401 3315 557 3360 mus.
580 3297 683 3353 nisi
710 3300 859 3367 prius
904 3300 1283 3372 diligeremur?
1304 3322 1322 3354 ι
1354 3302 1436 3357 Et
1471 3304 1613 3359 unde
1646 3303 1733 3359 illa
1767 3303 1981 3361 dilectio

417 3389 513 3444 Dei
555 3389 611 3444 in
658 3390 812 3444 nobis
862 3400 1024 3455 esset,
1076 3391 1181 3446 nisi
1224 3392 1375 3461 ptius
1414 3407 1514 3447 nos
1543 3408 1639 3448 sua
1662 3396 1982 3465 praeveniret

413 3482 581 3554 gratia
612 3484 671 3555 in
716 3497 819 3555 qua
858 3498 958 3538 nos
986 3483 1193 3550 dilexit,
1222 3498 1342 3539 cum
1369 3498 1608 3542 essemus
1643 3485 1698 3541 in
1722 3487 1980 3557 peccatis,

410 3586 466 3631 et
501 3574 893 3632 eonvlvitleaﬁt
941 3590 1037 3632 nos
1088 3573 1341 3631 Christo?
1390 3574 1590 3641 (Quod
1636 3569 1816 3631 autem
1868 3577 1979 3631 ait:

416 3666 567 3723 Sicut
602 3665 780 3721 dilexit
803 3682 881 3719 me
908 3663 1086 3732 Pater,
1107 3675 1154 3719 et
1180 3682 1271 3736 ego
1293 3665 1453 3721 diledi
1473 3682 1563 3721 vos
1587 3708 1602 3733 ,
1630 3682 1734 3721 non
1761 3667 1984 3738 aquali-

418 3767 584 3811 tntem
611 3765 815 3810 natura!
842 3756 1075 3810 zs‘emlit
1100 3764 1299 3812 nostrae
1328 3765 1381 3812 et
1409 3772 1517 3812 sum
1536 3799 1550 3824 ,
1607 3759 1745 3814 sicut
1768 3768 1849 3814 est.
1878 3755 1981 3814 Pa-

416 3848 513 3901 tris
555 3855 607 3899 et
639 3846 826 3916 ipsius;
877 3845 968 3899 sed
1017 3846 1242 3916 gratiam
1272 3888 1285 3912 ,
1332 3862 1437 3917 qua
1479 3855 1563 3903 est
1600 3849 1863 3904 mediator
1890 3849 1984 3903 Dei

415 3949 469 3990 ιιι
515 3938 790 3992 hominum
814 3978 827 4001 ,
872 3937 1032 3991 homo
1073 3937 1319 3993 Christus
1354 3935 1513 3994 Iesus
1552 3938 1606 4011 (Ι
1649 3939 1782 3993 Tim.
1814 3956 1877 4006 ιι,
1905 3939 1981 4011 5).

419 4028 761 4083 Mediatorem
787 4042 845 4081 sc
868 4027 1125 4093 ostendit,
1148 4042 1271 4082 cum
1301 4028 1435 4083 dixit
1460 4044 1474 4082 :
1506 4027 1589 4083 Me
1613 4026 1776 4083 Pater
1794 4029 1983 4100 diligit,

408 4135 464 4175 et
502 4137 594 4192 ego
640 4136 748 4173 eos.
808 4116 940 4171 Nam
972 4116 1133 4171 Pater
1160 4117 1345 4187 utique
1365 4117 1539 4188 diligit
1564 4126 1618 4173 et
1640 4135 1740 4175 nos
1762 4159 1775 4183 ,
1815 4120 1907 4175 sed
1933 4119 1987 4174 in

409 4211 570 4279 ipso:
620 4222 745 4278 qma
795 4209 846 4260 in
893 4207 996 4259 hoc
1037 4205 1365 4261 clariﬁcatur
1409 4206 1593 4273 Pater,
1649 4215 1709 4261 ut
1753 4206 1986 4263 fructum

423 4298 710 4353 aderamus
748 4296 799 4350 in
829 4296 967 4357 vite,
1018 4295 1120 4350 hoc
1162 4302 1277 4360 est,
1321 4295 1375 4350 in
1398 4295 1555 4360 Filio,
1608 4303 1663 4350 et
1692 4297 1989 4352 efﬁciamur

2080 3117 2256 3173 factus
2281 3125 2367 3171 est
2391 3115 2591 3171 homo?
2636 3133 2653 3165 ι
2685 3125 2706 3153 ε
2739 3113 2807 3169 Et
2839 3115 2966 3185 quid
2995 3123 3078 3171 est
3101 3114 3351 3187 gaudium
3376 3122 3641 3175 nostrum.

2080 3209 2223 3282 quod
2279 3206 2411 3265 dicit
2463 3206 2789 3278 implendum
2816 3247 2832 3272 ,
2879 3197 2982 3261 nisi
3031 3207 3149 3278 ejus
3193 3206 3389 3262 habere
3421 3218 3639 3258 consor—

2081 3304 2246 3370 tium,
2277 3323 2295 3355 ι
2341 3303 2481 3358 sicut
2506 3302 2561 3357 in
2590 3299 3043 3373 consemientibus
3071 3301 3206 3357 dicit
3233 3319 3247 3355 :
3298 3297 3414 3355 Volo
3449 3297 3632 3358 Pater.

2082 3404 2138 3447 ut
2167 3394 2254 3451 ubi
2274 3409 2367 3467 ego
2393 3409 2530 3458 sum,
2555 3402 2602 3449 et
2631 3392 2718 3447 isti
2742 3392 2844 3446 sint
2872 3393 3115 3447 mecum?
3153 3410 3171 3443 ι
3204 3389 3463 3447 Gaudium
3484 3388 3649 3461 igitur

2083 3486 2202 3558 ejus
2235 3486 2302 3542 de
2334 3484 2506 3543 saltue
2536 3494 2742 3551 nostra,
2772 3485 2916 3556 quod
2941 3485 2994 3541 in
3032 3481 3124 3541 illo
3150 3500 3363 3555 semper
3385 3482 3505 3551 fuit,
3527 3497 3649 3539 cum

2082 3576 2355 3649 pnescivit
2376 3585 2432 3632 et
2456 3575 2862 3646 przedestinavit
2903 3590 3023 3642 nos,
3066 3574 3231 3647 empit
3250 3589 3370 3637 esse
3395 3574 3449 3630 in
3476 3573 3647 3632 nol-is.

2084 3664 2301 3737 quando
2345 3665 2562 3722 vocavit
2588 3679 2686 3719 nos
2718 3683 2731 3719 :
2763 3653 2949 3722 ethoc
3002 3666 3293 3737 gaudium,
3322 3664 3513 3720 merito
3552 3677 3647 3717 uo-

2086 3763 2255 3810 strum
2310 3753 2558 3818 dicimus,
2613 3768 2719 3822 quo
2770 3762 2827 3809 et
2877 3769 2974 3810 nos
3002 3754 3144 3810 beati
3199 3752 3368 3809 futuri
3397 3766 3641 3808 sumus.)

2085 3846 2230 3902 Illius
2266 3861 2395 3901 vero
2427 3846 2675 3917 gaudium
2706 3862 2919 3919 semper
2948 3845 3247 3917 perfectum
3276 3856 3393 3912 est,
3422 3861 3513 3902 nec
3546 3843 3644 3898 mi-

2086 3942 2179 3996 nui
2212 3949 2424 4012 potest,
2467 3955 2567 3996 nec
2591 3940 2754 3995 habet
2785 3957 2892 4011 quo
2917 3950 3143 3997 crescat.
3181 3959 3200 3991 ι
3240 3939 3353 3994 lloc
3372 3953 3495 3994 vero
3520 3950 3644 4008 gau—

2088 4030 2233 4085 dium
2268 4042 2512 4086 noszrum
2549 4030 2833 4085 inchoatur
2862 4031 2916 4085 in
2946 4030 3049 4084 ﬁde
3091 4028 3506 4092 renascentium,
3553 4028 3649 4081 im-

2088 4121 2320 4192 plebitur
2349 4121 2401 4175 in
2428 4118 2649 4190 praemio
2692 4120 3104 4190 resurgentium.
3136 4139 3155 4171 ι
3191 4119 3379 4192 (Vens.
3406 4116 3513 4185 12.)
3543 4114 3650 4171 Hoc

2088 4221 2162 4266 est
2190 4219 2503 4281 prwceptum
2529 4227 2718 4274 meum,
2745 4220 2801 4264 ut
2828 4209 3060 4281 diligatis
3085 4209 3324 4274 inuicem,
3347 4210 3479 4264 sicut
3499 4207 3653 4261 dilexi

2090 4316 2199 4355 vos.
2236 4318 2255 4351 ι
2285 4298 2419 4354 Nam
2445 4300 2498 4355 in
2539 4298 2907 4370 superioribus
2946 4299 3098 4366 dixit,
3130 4299 3257 4354 dum
3286 4300 3353 4355 de
3378 4298 3654 4354 dilectione

420 4388 537 4455 ejus
555 4386 819 4457 discipuli.
885 4384 1131 4452 'Manete,
1174 4385 1388 4455 inquit,
1431 4386 1486 4440 in
1526 4384 1799 4441 dilectione
1850 4404 1984 4442 mea.
2020 4402 2064 4462 υ
2090 4391 2346 4461 przecepit
2379 4409 2390 4444 :
2426 4388 2734 4444 Mandatum
2756 4407 2940 4444 nouum
2962 4390 3029 4444 do
3055 4391 3197 4445 vobis
3222 4431 3239 4456 ,
3288 4391 3446 4446 modo
3478 4389 3609 4443 dixit
3637 4406 3650 4441 :

420 4479 695 4547 Quomodo
725 4475 887 4547 605
908 4476 1299 4531 manebimus?
1323 4475 1443 4531 audi
1472 4516 1486 4539 ,
1537 4475 1664 4545 quid
1710 4483 1987 4546 sequatur.

420 4568 605 4639 (Vsus.
643 4565 749 4635 l0.)
790 4564 849 4620 Si
888 4573 1141 4635 praecepta
1183 4581 1296 4618 mea
1322 4605 1336 4629 ,
1389 4564 1601 4634 inquit,
1649 4565 1987 4627 servaveritis,

424 4655 692 4712 munebitis
716 4657 769 4708 in
794 4653 1067 4708 dilectione
1111 4670 1243 4708 mea.
1303 4654 1360 4708 In
1390 4655 1493 4709 hoc
1518 4655 1662 4709 enim
1691 4656 1990 4724 apparebit,

420 4748 561 4817 quod
592 4748 646 4801 in
677 4746 960 4802 dilectione
985 4760 1101 4801 mea
1127 4746 1435 4807 manebitis.
1468 4746 1514 4802 si
1534 4758 1800 4818 praecepta
1827 4746 1992 4819 [mea]

426 4837 730 4894 servabitis.
770 4835 939 4892 Nemo
968 4850 1027 4890 se
1052 4833 1203 4890 fallat
1221 4835 1447 4891 dicendo
1475 4836 1617 4905 quod
1638 4851 1761 4891 eum
1787 4836 1991 4907 diligat,

423 4932 466 4985 si
496 4930 612 5000 ejus
658 4935 923 4999 przecepta
972 4940 1079 4980 non
1128 4933 1325 4981 servat.
1386 4925 1518 4980 Nam
1556 4927 1609 4981 in
1636 4934 1844 4981 tantum
1873 4942 1994 4981 eum

423 5022 724 5091 diligimus,
774 5020 825 5073 in
875 5026 1134 5088 quantum
1162 5018 1279 5088 ejus
1304 5026 1569 5089 praecepta
1593 5033 1906 5074 servamus:
1941 5020 1997 5074 in

425 5122 682 5181 «viantum
704 5120 883 5166 autem
912 5110 1089 5164 minus
1110 5123 1388 5164 servamus
1405 5150 1419 5174 ,
1450 5117 1653 5164 tantum
1680 5109 1857 5165 minus
1881 5111 2000 5166 dili-

428 5201 621 5269 gimus.
656 5198 795 5266 Quid
812 5207 897 5254 est
916 5197 1059 5268 quod
1079 5196 1214 5252 dixit
1237 5216 1249 5249 :
1283 5196 1489 5251 Manete
1508 5198 1561 5251 in
1580 5196 1849 5254 dilectione
1860 5217 1997 5266 mea,

431 5292 533 5347 nisi
561 5301 775 5347 manete
798 5292 850 5346 in
875 5290 1046 5363 gratia
1075 5289 1226 5343 mea?
1256 5287 1321 5341 Et
1346 5288 1470 5357 quill
1501 5297 1583 5343 est
1616 5306 1629 5342 :
1662 5287 1724 5344 Si
1742 5301 1998 5361 prtecepta

431 5396 547 5434 mea
582 5380 871 5447 servabitis,
913 5378 1187 5434 manebitis
1230 5379 1282 5431 in
1329 5377 1601 5432 dilectione
1626 5390 1762 5442 mea,
1806 5379 1908 5433 nisi
1934 5394 2000 5432 ex

506 5522 527 5547 α
567 5509 644 5564 Ex
673 5510 881 5572 eodem,
918 5516 1074 5563 tract.
1102 5525 1308 5571 Lxxxu,
1341 5525 1486 5564 num.
1516 5507 1623 5563 1-4.

507 5579 532 5615 δ
565 5577 671 5639 ΑΙ..
709 5597 727 5627 ‹
757 5579 895 5643 Quid
925 5582 1157 5646 estergo
1182 5578 1267 5631 ille
1296 5581 1453 5646 homo
1480 5593 1546 5631 ex
1575 5577 1779 5643 virgine
1821 5585 1999 5637 natus,

428 5648 535 5704 uisi
583 5646 723 5713 quod
750 5648 887 5702 Deus
935 5644 1215 5715 susceptor
1243 5656 1322 5701 est
1348 5644 1499 5714 ejus?
1552 5645 1688 5700 Deus
1713 5647 1855 5700 enim
1886 5652 2003 5699 erat

2093 4478 2419 4549 Prwceptum
2453 4495 2655 4533 .meum.
2691 4478 2900 4534 Novum
2943 4479 3117 4546 dixit,
3168 4494 3237 4535 ne
3289 4480 3346 4534 in
3393 4486 3651 4535 vetustate

2090 4576 2274 4623 nostra
2327 4583 2731 4638 perseveremus
2782 4586 2794 4621 :
2836 4568 2926 4624 hic
2954 4569 3155 4624 dictum
3186 4576 3300 4633 est,
3344 4583 3509 4623 meum
3533 4606 3549 4631 ,
3587 4579 3653 4620 ne

2091 4657 2539 4712 contemnendum
2560 4664 2827 4728 putemus.
2854 4677 2873 4710 ι
2899 4656 3169 4729 Repetitio
3184 4672 3315 4713 vero
3334 4658 3492 4729 hujus
3510 4670 3657 4710 man-

2093 4749 2203 4806 dati
2235 4747 2673 4821 [commendatio]
2703 4757 2807 4814 est,
2838 4750 2961 4821 quia
3007 4751 3122 4805 sine
3154 4751 3423 4806 eharitate
3450 4748 3648 4803 nullum

2094 4850 2423 4915 praeceptum
2454 4840 2566 4897 Deo
2595 4849 2679 4896 est
2704 4841 3032 4912 aeceptabile
3056 4882 3071 4908 ,
3113 4843 3179 4897 de
3212 4857 3320 4912 qua
3349 4849 3407 4896 et
3430 4840 3659 4910 Aposto-

2095 4932 2177 4987 lus
2206 4932 2281 4985 ait
2315 4948 2325 4983 :
2372 4948 2390 4980 ι
2426 4927 2712 4984 Plenitudo
2765 4929 2892 5001 legis
2934 4938 3008 4985 est
3057 4929 3287 4983 charitas
3317 4927 3503 5000 (Rom.
3530 4942 3659 4992 xm,

2097 5022 2208 5094 10).
2268 5021 2370 5077 libi
2432 5036 2562 5093 ergo
2613 5022 2853 5076 charitas
2881 5028 2997 5086 est,
3037 5020 3166 5090 quid
3193 5027 3277 5074 est
3330 5018 3473 5089 quod
3498 5016 3670 5088 possit

2098 5113 2321 5170 deesse?
2349 5112 2450 5167 Ubi
2474 5119 2653 5166 autem
2675 5127 2782 5167 non
2811 5119 2914 5175 est,
2938 5111 3063 5180 quid
3085 5098 3169 5165 est
3190 5111 3332 5181 quod
3359 5110 3527 5180 possit
3544 5121 3672 5179 pro-

2097 5201 2252 5257 desse
2277 5199 2328 5273 (I
2351 5197 2472 5254 Cor.
2498 5216 2622 5264 xm,
2664 5200 2789 5271 15)?
2815 5199 2983 5255 Nemo
3011 5200 3182 5270 diligit
3207 5201 3299 5270 qui
3326 5214 3433 5254 non
3462 5197 3671 5262 credit,

2099 5308 2258 5348 nemo
2285 5293 2535 5361 desperat
2568 5292 2660 5362 qui
2698 5292 2888 5361 diligit.
2919 5312 2937 5343 ι
2971 5291 3039 5346 Et
3071 5291 3187 5370 haec
3212 5292 3315 5345 tria
3356 5298 3501 5353 sunt,
3524 5302 3670 5359 spes,

2101 5382 2232 5437 tides
2258 5390 2310 5436 et
2339 5381 2579 5436 charitas
2598 5421 2612 5444 ,
2667 5381 2719 5435 in
2750 5378 2946 5452 quibus
2973 5381 3278 5435 Christiana
3325 5379 3514 5450 religio
3543 5391 3677 5434 cou-

2101 5510 2409 5590 unigenitus
2434 5509 2734 5590 peini’atris
2759 5510 2942 5567 Filius.
2969 5510 3075 5566 Sed
3096 5520 3172 5575 ut,
3200 5518 3303 5566 etc.
3334 5529 3354 5564 ι
3390 5509 3510 5566 Vid.
3534 5509 3671 5579 Aug.

2104 5581 2141 5632 l.
2171 5577 2265 5634 cit.
2298 5593 2353 5631 ιι.
2383 5577 2415 5628 ιι
2446 5578 2498 5630 in
2520 5578 2643 5632 line.

2180 5659 2200 5685 ο
2231 5646 2307 5701 Ex
2340 5647 2397 5700 S.
2424 5648 2580 5716 Aug..
2609 5658 2764 5704 tract.
2798 5666 3001 5705 LXXXIII
3022 5691 3036 5715 ,
3068 5664 3216 5704 num.
3245 5648 3358 5703 1-5.
