4000 6190
359 330 462 397 θιε

1170 325 1577 385 ΕΧΕΟΕΤΙΟᾹ.
1619 359 1686 368 --
1724 326 2079 386 εοΜιιεΝτ.
2120 327 2186 384 ΙΝ
2226 327 2415 385 JOAN.
2457 359 2525 368 -ο-
2563 328 2688 383 UB.
2732 327 2794 381 γι

3503 326 3607 384 946

359 445 501 503 sistit
532 462 544 498 :
575 441 672 499 sed
709 439 884 511 majus
933 438 1018 496 his
1066 440 1341 506 Charitas,
1371 438 1497 510 quia
1538 455 1643 495 non
1674 440 1933 512 prmterit.
1964 443 2009 499 Α
2041 440 2169 495 tatis
2215 441 2581 507 dulcedinem,
2636 442 2789 512 quasi
2838 440 2982 510 patri
3026 440 3243 495 serviat.
3291 439 3387 494 l'os
3437 451 3608 494 aurem

359 534 453 591 sed
477 541 779 604 permanet.
827 529 927 587 Hic
951 528 1158 600 incipit,
1190 529 1285 585 sed
1321 529 1433 586 illic
1458 529 1773 601 perﬁcietur
1794 570 1808 596 ,
1838 530 1929 585 ubi
2030 533 2143 586 dixi
2174 535 2390 597 amicos,
2422 541 2545 604 quta
2576 549 2750 586 omnia
2795 548 3114 604 quacunque
3166 532 3341 585 audiri
3368 547 3399 584 a
3448 529 3611 584 Patre

359 632 656 698 permanet.
695 642 714 674 ι
741 621 856 678 Hoc
878 637 1009 693 ergo
1034 629 1361 692 praeceptum
1388 618 1601 675 Domini
1628 627 1929 685 teneamus,
2030 638 2144 677 meo
2165 663 2179 686 ,
2222 633 2343 677 nota
2372 623 2473 692 feci
2497 622 2660 678 vobis.
2688 623 2817 690 Qua:
2841 630 2964 678 sunt
2994 622 3173 676 omnia
3205 636 3325 691 quze
3348 621 3553 676 audivit
3576 638 3605 675 a

360 728 419 773 ut
445 730 542 771 nos
566 715 795 770 invicem
823 713 1127 783 diligamus,
1159 722 1214 768 et
1238 712 1318 767 sic
1340 711 1597 781 quidquid
1627 710 1771 766 aliud
1799 726 1933 781 prae-

361 805 523 876 cepit,
551 804 842 869 faciemus;
880 804 1135 873 quoniam
1158 803 1416 871 quidquid
1454 810 1539 857 est
1563 801 1736 867 aliud,
1766 800 1931 855 habe-

362 913 501 954 mus.
539 916 557 949 ι
590 895 762 963 Hujus
784 896 1086 951 dilectionis
1112 896 1166 949 in
1197 896 1374 965 seipso
1419 894 1723 965 exemplum
1748 902 1931 948 osten-

362 987 460 1053 dit,
485 986 679 1042 etideo
708 985 986 1056 subjunxit
1013 1004 1027 1038 :
1059 983 1127 1038 Ut
1147 984 1380 1055 diligatis
1411 985 1649 1048 invicem,
1680 986 1813 1039 sicut
1843 1000 1934 1054 ego

362 1074 523 1131 dilexi
550 1091 658 1129 vos.
693 1073 766 1131 Ut
793 1073 921 1144 quid
969 1074 1114 1129 enim
1145 1088 1243 1127 nos
1289 1073 1480 1130 dilexit
1509 1072 1754 1129 Christus
1778 1115 1792 1139 ,
1831 1074 1933 1127 nisi

362 1174 422 1220 ut
440 1164 711 1236 possimus
738 1176 968 1234 regnare
1000 1177 1124 1217 cum
1148 1160 1407 1217 Christo?
1454 1162 1536 1216 Ad
1562 1163 1664 1217 hoc
1692 1177 1790 1216 nos
1820 1160 1937 1216 dili-

362 1273 489 1331 gere
517 1257 792 1322 debemus,
820 1264 881 1311 ut
902 1254 1198 1311 habeamus
1228 1255 1417 1320 Deum,
1464 1263 1521 1310 et
1547 1270 1859 1310 maneamus
1884 1254 1937 1309 in

363 1349 508 1415 Deo;
565 1355 621 1403 et
645 1347 751 1412 sic,
808 1346 899 1415 qui
962 1361 1020 1400 se
1057 1345 1319 1415 diligunt,
1373 1343 1541 1400 Deum
1592 1344 1836 1414 diligunt.
1872 1343 1939 1397 Et

363 1437 481 1494 haec
504 1444 589 1493 est
616 1435 851 1502 dilectio,
903 1450 1008 1506 qua
1053 1432 1113 1489 lit
1138 1432 1282 1489 Deus
1321 1432 1499 1488 omnia
1556 1432 1610 1486 in
1665 1432 1934 1488 omnibus.

367 1530 626 1603 Sequitur
652 1545 668 1585 :

431 1622 601 1694 606
630 1621 785 1675 Vens.
818 1621 899 1676 l3.
929 1650 999 1661 -—
1031 1619 1290 1691 Majorem
1315 1619 1413 1673 hac
1440 1617 1769 1675 dilectionem
1792 1632 1939 1671 nemo

2032 711 2193 764 Patre
2242 727 2358 776 suo,
2388 727 2507 781 qua:
2550 721 2675 767 nota
2706 712 2822 768 ﬁeri
2867 711 3036 765 voluit
3059 712 3229 766 servis
3259 712 3399 773 suis,
3432 719 3489 765 ut
3517 725 3612 766 cos

2032 797 2318 866 perliceret
2340 801 2543 854 amicos
2577 815 2726 864 suos,
2756 802 2857 855 nisi
2886 802 3080 871 gaudia
3128 801 3354 855 interna:
3379 802 3613 855 Charita-

2036 893 2126 954 tis,
2157 890 2258 943 nisi
2284 889 2373 943 illa
2408 889 2546 944 festa
2572 905 2816 958 superine
2855 890 3042 960 patriae
3064 929 3079 955 ,
3110 905 3231 958 quae
3254 891 3453 946 nostris
3472 905 3608 960 quo-

2037 982 2167 1036 tidie
2185 980 2563 1049 mentibusper
2586 979 2969 1046 aspirationem
2995 980 3076 1034 sui
3100 980 3299 1033 amoris
3320 981 3615 1050 imprimit?

2038 1070 2145 1125 Sed
2184 1071 2297 1124 lucc
2334 1070 2603 1139 cognitio,
2654 1083 2773 1137 quae
2819 1083 2959 1121 nunc
2995 1082 3060 1121 ex
3090 1076 3244 1136 parte
3277 1068 3518 1151 prolicit,
3558 1070 3610 1122 in

2040 1162 2127 1216 illa
2161 1162 2491 1232 plenitudine
2520 1162 2759 1216 scientiae
2791 1160 3119 1230 perficietur,
3146 1160 3215 1215 de
3255 1174 3362 1229 qua
3388 1159 3614 1230 Aposto-

2038 1252 2122 1307 lus
2146 1252 2221 1306 ait
2245 1271 2259 1305 :
2290 1250 2419 1306 Cum
2441 1261 2616 1307 autem
2640 1252 2835 1305 venerit
2870 1251 3010 1322 quod
3034 1251 3318 1322 perfectum
3362 1260 3434 1305 est
3452 1290 3467 1316 ,
3498 1266 3618 1305 coa-

2041 1341 2283 1397 cuabitur
2336 1343 2475 1415 quod
2516 1352 2754 1413 exparte
2801 1351 2874 1396 est
2921 1340 2973 1414 (1
3002 1340 3122 1396 Cor.
3167 1358 3286 1408 xm,
3340 1342 3449 1415 10).
3503 1340 3618 1397 Hoc

2040 1432 2185 1487 enim
2211 1432 2466 1488 Dominus
2491 1432 2770 1502 discipulis
2796 1448 2855 1488 se
2884 1431 3076 1487 fecisse
3100 1433 3265 1498 dixit,
3319 1433 3458 1503 quod
3494 1448 3615 1488 cum

2042 1521 2311 1577 facturum
2334 1537 2454 1578 esse
2480 1524 2702 1579 sciebat.

2112 1611 2275 1668 Vens.
2302 1613 2387 1667 i6.
2411 1644 2481 1654 —
2498 1613 2622 1669 Non
2643 1630 2732 1670 vos
2758 1632 2837 1669 me
2857 1615 3101 1686 elegistis,
3126 1615 3216 1669 sed
3240 1631 3331 1687 ego
3354 1615 3482 1687 elegi
3508 1632 3620 1671 vos.

362 1711 536 1775 habet,
564 1727 721 1784 quam
750 1720 805 1766 ut
835 1711 1065 1766 animam
1103 1727 1253 1765 suam
1295 1719 1451 1781 ponat
1480 1711 1595 1783 quis
1631 1725 1726 1780 pro
1756 1709 1940 1762 amicis
2043 1701 2169 1758 Haec
2198 1710 2282 1758 est
2311 1701 2597 1759 inell'abilis
2632 1703 2768 1776 [Al.,
2793 1704 3041 1778 amabilis]
3070 1706 3244 1775 gratia
3270 1721 3622 1778 quae-praeve—

364 1803 496 1857 suis.
525 1801 664 1868 Quid
702 1811 788 1857 est
813 1801 955 1871 quod
982 1800 1243 1857 Dominus
1277 1810 1463 1856 noster
1501 1800 1659 1856 Jesus
1696 1800 1942 1856 Christus
1977 1787 2018 1845 Β
2047 1792 2126 1847 nit
2158 1807 2277 1858 n05,
2306 1801 2367 1848 ut
2394 1794 2562 1849 simus
2587 1794 2751 1849 amici
2770 1809 2837 1849 ex
2862 1796 3052 1850 servis.
3076 1796 3307 1865 Ideoque
3334 1797 3490 1851 nobis
3514 1812 3626 1852 non

368 1891 530 1946 toties
564 1891 849 1947 charitatis
882 1900 1151 1962 prmcepta
1190 1891 1444 1956 iteravit,
1486 1892 1590 1947 nisi
1620 1891 1746 1961 quia
1781 1905 1942 1945 omne

364 1992 695 2054 praceptum
735 1993 793 2038 et
839 1987 998 2038 omne
1036 1998 1171 2053 opus
1207 1983 1406 2039 bonum
1436 1984 1488 2037 in
1519 1983 1631 2038 sola
1678 1983 1943 2037 charitate

365 2071 661 2128 solidatur?
716 2089 734 2123 ι
770 2084 796 2112 ι
821 2072 1097 2144 Praecepta
1123 2088 1255 2145 ergo
1298 2074 1580 2129 Dominica
1606 2115 1620 2140 ,
1678 2082 1733 2129 et
1774 2074 1942 2128 multa

367 2176 494 2224 sunt
521 2175 576 2223 et
600 2183 765 2222 unum
797 2181 812 2223 :
862 2168 1028 2223 multa
1067 2177 1193 2224 sunt
1219 2185 1318 2239 per
1345 2169 1713 2225 diversitatem
1740 2170 1940 2241 operis,

368 2273 536 2313 unum
568 2259 621 2313 in
655 2258 837 2314 radice
878 2259 1198 2315 dilectionis.
1230 2259 1381 2315 lianc
1416 2261 1599 2329 itaque
1624 2261 1943 2316 charitatem

367 2350 636 2404 veraciter
660 2350 839 2412 habet,
867 2350 960 2420 qui
985 2358 1039 2404 et
1068 2351 1299 2405 amicum
1324 2350 1499 2421 diligit
1527 2351 1579 2403 in
1610 2349 1737 2412 Deo,
1771 2358 1823 2403 et
1852 2351 1945 2403 ini-

368 2442 566 2498 micam
596 2442 768 2515 diligit
790 2451 1010 2513 propter
1037 2443 1226 2496 Deum.
1255 2441 1379 2496 ldeo
1405 2440 1683 2510 subjunxit
1732 2458 1745 2494 :
1800 2437 1945 2494 Sicut

366 2548 461 2610 ego
489 2531 652 2598 dilexi
674 2550 786 2601 vos,
810 2534 865 2590 id
889 2542 992 2598 est,
1024 2533 1090 2588 ad
1120 2533 1221 2588 hoc
1244 2542 1421 2591 amate
1442 2572 1456 2597 ,
1486 2532 1553 2587 ad
1585 2531 1727 2600 quod
1768 2531 1944 2585 amavi

368 2637 483 2683 vos.
512 2643 531 2676 ι
567 2622 719 2679 Unde
742 2630 799 2678 et
850 2623 903 2677 in
935 2637 1094 2678 cruce
1117 2624 1325 2694 positus
1368 2622 1545 2677 oravit
1572 2635 1671 2692 pro
1715 2613 1948 2674 inimicis

368 2715 485 2769 suis
512 2714 697 2770 dicens
746 2733 759 2768 :
819 2711 1001 2780 Pater,
1047 2715 1254 2784 ignosce
1300 2711 1407 2766 illis
1450 2710 1600 2783 (Luc.
1646 2725 1805 2774 XXIII,
1833 2707 1944 2778 54).

371 2801 630 2872 Majorem
655 2803 754 2856 hac
793 2801 1117 2857 dilectionem
1147 2817 1292 2855 nemo
1322 2800 1491 2863 habet,
1534 2816 1694 2870 quam
1723 2808 1779 2852 ut
1834 2798 1951 2851 ani-

370 2907 512 2946 mam
547 2908 699 2946 suam
725 2899 886 2961 ponat
913 2893 1027 2963 quis
1056 2908 1149 2961 pro
1179 2892 1360 2945 amicis
1381 2890 1509 2943 suis.
1539 2888 1598 2944 ln
1624 2889 1727 2945 hoc
1747 2887 1949 2944 Christi

370 2981 590 3037 dilectio
630 2982 998 3051 supereminet
1027 2982 1079 3036 in
1111 2996 1209 3036 nos
1234 3022 1248 3046 ,
1281 2980 1407 3051 quia
1444 2980 1593 3035 venit
1633 2987 1692 3034 ut
1716 2979 1952 3032 animam

371 3084 526 3126 suam
550 3078 778 3140 poneret
803 3084 903 3140 pro
930 3069 1164 3124 inimicis
1198 3068 1344 3134 suis;
1374 3068 1441 3123 ad
1467 3068 1571 3124 hoc
1602 3075 1777 3122 tamen
1801 3075 1860 3120 ut
1884 3081 1949 3119 ex

2044 1883 2300 1954 subrepat
2326 1883 2576 1954 superbia
2596 1923 2610 1949 ,
2638 1884 2790 1954 quasi
2815 1899 2915 1954 pro
2945 1885 3141 1939 nostris
3183 1885 3390 1940 meritis
3422 1885 3621 1955 aliquid

2045 1975 2417 2046 acceperimus
2437 2016 2454 2041 ,
2498 1975 2626 2031 dum
2655 1975 2754 2030 lilii
2781 1976 2876 2031 iras
2901 1974 3120 2031 fuimus.
3148 1975 3303 2032 Nunc
3328 1986 3509 2033 autem
3536 1976 3624 2032 Fi-

2046 2069 2100 2124 lii
2132 2069 2227 2124 Dei
2267 2085 2365 2140 per
2385 2071 2611 2141 gratiam
2633 2069 2809 2127 effecti
2838 2086 3043 2137 sumus,
3069 2072 3185 2127 sine
3219 2087 3323 2144 qua
3348 2074 3488 2128 nihil
3504 2088 3634 2143 pose

2047 2178 2233 2218 sumus
2262 2162 2462 2228 facere,
2491 2171 2552 2219 ut
2579 2164 2737 2234 paulo
2765 2172 2891 2219 ante
2924 2167 3038 2234 ipsa
3075 2165 3291 2222 Veritas
3332 2168 3409 2223 ait
3454 2187 3466 2221 :
3501 2167 3625 2224 Sine

2046 2267 2126 2304 me
2152 2251 2281 2306 nihil
2301 2254 2513 2324 potestis
2535 2253 2724 2323 facere.
2752 2253 2820 2309 Et
2838 2257 2989 2326 posui
3020 2274 3137 2324 vos,
3162 2268 3219 2312 ut
3252 2260 3404 2325 catis,
3437 2269 3486 2313 et
3512 2259 3627 2330 fru-

2046 2351 2185 2395 ctum
2213 2345 2466 2413 a/feratis.
2506 2363 2523 2395 ι
2553 2345 2579 2384 b
2609 2345 2765 2400 l’osui
2793 2346 2858 2401 ad
2900 2349 3150 2419 gratiam,
3182 2350 3421 2418 plantavi
3451 2360 3507 2407 ut
3536 2368 3627 2407 ea-

2050 2430 2120 2485 tis
2148 2431 2376 2487 volendo
2402 2472 2417 2496 ,
2465 2432 2670 2489 fructus
2714 2434 2952 2490 all'eratis
2980 2439 3272 2506 operando.
3311 2441 3458 2495 Eatis
3482 2443 3624 2497 enim

2048 2520 2272 2576 volendo
2296 2522 2426 2586 dixi,
2452 2523 2577 2591 quia
2606 2523 2741 2579 velle
2765 2525 2965 2594 aliquid
2982 2524 3182 2593 facere,
3201 2528 3313 2598 jam
3341 2539 3522 2585 mente
3549 2532 3628 2586 ire

2048 2621 2150 2668 est.
2179 2613 2398 2686 Qualem
2433 2631 2558 2670 vero
2581 2616 2813 2672 fructum
2844 2617 3038 2674 afferre
3063 2620 3309 2684 debeant,
3351 2623 3627 2679 subdendo

2048 2706 2356 2763 manifestat
2386 2727 2398 2761 :
2430 2707 2499 2762 Et
2527 2709 2728 2782 fructus
2753 2719 2919 2765 vester
2947 2721 3173 2775 maneat,
3208 2725 3260 2768 ut
3285 2714 3627 2788 quodcunque

2048 2798 2298 2867 petieritis
2335 2796 2547 2853 Patrem
2578 2801 2634 2854 in
2662 2803 2868 2857 nomine
2910 2819 3046 2867 meo,
3075 2803 3161 2860 det
3181 2804 3344 2860 vobis.
3369 2826 3388 2859 ι
3421 2805 3627 2865 Nomen

2052 2889 2165 2954 filii,
2198 2889 2355 2946 lesus
2376 2899 2458 2946 est
2481 2908 2495 2958 ;
2536 2891 2694 2947 Jesus
2714 2902 2894 2950 autem
2922 2893 3171 2951 Salvator
3190 2896 3273 2954 vel
3296 2898 3463 2954 etiam
3484 2888 3629 2955 salu-

2052 2979 2184 3033 taris
2211 2979 2427 3033 dicitur.
2458 2979 2549 3035 Ille
2576 2996 2705 3053 ergo
2727 2982 2781 3036 in
2799 2983 3015 3038 nomine
3034 2983 3336 3042 Salvatoris
3350 2988 3505 3059 petit,
3537 2990 3628 3058 qui

2054 3066 2181 3122 illud
2195 3070 2482 3139 petitquod
2505 3069 2572 3124 ad
2596 3086 2779 3127 veram
2808 3072 3034 3131 salutem
3066 3074 3325 3144 pertinet;
3352 3091 3475 3132 nam
3504 3079 3548 3132 si
3574 3078 3630 3132 id

373 3161 610 3217 inimicis
637 3160 842 3217 faceret
868 3161 1092 3216 amicos.
1122 3159 1230 3215 Sed
1255 3176 1363 3215 non
1386 3160 1624 3214 omnium
1644 3165 1729 3213 est
1747 3165 1951 3228 marty-
1980 3130 2023 3192 ί)
2056 3159 2198 3235 quod
2244 3175 2349 3214 non
2400 3162 2646 3235 expediat
2690 3164 2955 3236 petimus,
3010 3180 3116 3218 non
3168 3166 3220 3219 in
3262 3167 3477 3223 nomine
3505 3165 3630 3223 Jcsu

375 3249 537 3315 rium,
565 3257 745 3305 tamen
775 3250 1016 3305 omnium
1043 3249 1362 3305 beneficium
1411 3257 1494 3304 est
1527 3248 1581 3308 in
1609 3246 1823 3302 fratres.
1852 3247 1952 3322 Qui

375 3355 506 3398 vero
534 3342 889 3406 substantiam
921 3357 1073 3398 suam
1121 3339 1275 3396 fratri
1320 3341 1375 3395 in
1415 3342 1736 3396 necessitate
1779 3341 1951 3412 posito

376 3447 484 3489 non
512 3433 720 3500 tribuit,
750 3433 1018 3505 quomodo
1046 3432 1282 3487 animam
1315 3446 1467 3487 suam
1493 3432 1546 3487 in
1576 3432 1953 3503 persecutione

376 3523 604 3581 daturus
622 3534 705 3582 est
731 3540 830 3596 pro
855 3524 1023 3582 fratre
1049 3527 1182 3581 suo?
1216 3526 1402 3583 Virtus
1422 3542 1551 3583 vero
1585 3527 1744 3598 hujus
1774 3527 1954 3583 chari—

379 3616 510 3672 tatis
529 3625 629 3682 est,
666 3618 719 3673 in
746 3632 879 3689 pace
904 3633 999 3674 sua
1038 3618 1361 3676 distribuere
1388 3635 1488 3691 pro
1513 3619 1711 3675 Christi
1744 3635 1950 3682 amore,

379 3713 442 3762 ut
456 3708 688 3777 possitin
704 3710 1104 3780 perturbatione
1121 3710 1357 3783 seipsum
1381 3711 1597 3766 tradere
1615 3727 1713 3780 pro
1738 3711 1954 3766 nomine

378 3796 518 3870 ejus.
553 3796 737 3871 (Vens.
763 3798 874 3871 14.)
914 3799 1018 3855 Vos
1046 3801 1202 3854 amici
1242 3802 1343 3856 mei
1390 3803 1532 3864 estis,
1562 3802 1606 3853 si
1639 3800 1863 3867 feceritis
1893 3815 1953 3852 ea

379 3907 496 3963 qua:
519 3908 613 3962 ego
640 3892 886 3962 praecipio
911 3891 1072 3945 vobis.
1104 3891 1291 3961 Magna
1321 3899 1405 3945 est
1449 3891 1685 3961 dignitas
1722 3890 1954 3945 amicum

378 3993 503 4035 esse
527 3979 643 4033 Dei.
675 3977 782 4032 Sed
808 3978 1096 4040 videndum
1121 3987 1205 4032 est
1228 3979 1425 4048 quibus
1447 3979 1702 4049 gradibus
1722 3979 1791 4042 ad
1815 3980 1957 4035 hanc

380 4068 757 4126 celsitudinem
782 4070 1144 4139 perveniatur.
1177 4069 1465 4143 Subjungit
1495 4088 1507 4123 :
1542 4069 1600 4126 Si
1628 4071 1855 4142 feceritis
1894 4090 1955 4127 ea

382 4174 500 4240 qua:
525 4174 618 4227 ego
646 4160 889 4230 praecipio
915 4158 1076 4214 vobis.
1099 4159 1177 4217 Ac
1205 4161 1250 4217 si
1279 4168 1465 4230 aperte
1486 4161 1631 4217 dicat
1660 4180 1672 4215 :
1704 4160 1959 4218 Gaudetis

384 4248 453 4304 de
478 4246 735 4314 culmine,
757 4259 979 4320 pensato
1008 4251 1201 4326 quibus
1221 4252 1497 4308 laboribus
1522 4254 1735 4309 venitur
1756 4255 1823 4311 ad
1847 4256 1960 4311 cul-

384 4354 530 4395 men.
556 4337 745 4411 Magna
770 4348 857 4396 est
884 4341 1252 4398 misericordia
1281 4342 1552 4415 largitoris
1579 4344 1747 4399 nostri
1777 4362 1789 4397 :
1816 4346 1956 4400 servi

385 4446 493 4495 non
519 4430 717 4490 fuimus
741 4431 909 4503 digni,
927 4441 983 4487 et
1000 4434 1157 4489 amici
1182 4449 1458 4490 vocamur.
1481 4434 1606 4491 ldeo
1628 4433 1760 4507 [Al.,
1780 4435 1954 4508 Unde]

386 4520 662 4592 subjungit
693 4539 705 4574 :
739 4519 924 4593 (Vens.
956 4522 1040 4592 l5)
1074 4520 1200 4576 Iam
1226 4540 1328 4578 non
1359 4524 1476 4578 dico
1498 4541 1587 4580 vos
1609 4542 1804 4589 servos,
1834 4526 1957 4596 quia

386 4627 564 4666 servus
594 4611 753 4665 nescit
775 4606 899 4682 quid
931 4611 1092 4680 faciat
1121 4611 1363 4668 dominus
1390 4613 1524 4683 ejus.
1549 4613 1706 4669 Aliud
1734 4624 1818 4670 est
1839 4632 1956 4672 ser-

389 4700 582 4756 vitium
607 4701 836 4765 timoris,
868 4700 1009 4755 aliud
1035 4701 1266 4768 amoris;
1297 4718 1417 4771 quae
1442 4701 1592 4776 [duo]
1625 4720 1821 4776 genera
1844 4706 1958 4775 ipsa

390 4791 605 4847 Veritas
631 4791 685 4846 in
711 4790 815 4846 hoc
860 4790 1047 4845 eodem
1080 4790 1369 4862 Evangelio
1397 4792 1684 4862 exprimit,
1730 4793 1915 4849 dicens
1944 4812 1957 4847 :

390 4880 588 4939 Servus
615 4899 719 4937 non
742 4891 912 4937 manet
941 4882 995 4935 in
1038 4881 1195 4936 domo
1222 4883 1277 4936 in
1314 4891 1587 4948 azternum,
1617 4881 1761 4950 [ilius
1787 4893 1960 4945 autem

391 4979 565 5025 manet
596 4969 775 5043 (Joan.
806 4988 927 5037 Vill,
957 4970 1068 5043 55).
1117 4969 1286 5026 Filius
1309 4986 1437 5025 vero
1466 4970 1636 5026 servit
1668 4971 1810 5047 patri
1838 4984 1962 5041 pro.-

390 5064 514 5131 pter
541 5074 800 5126 amorem,
848 5077 1037 5118 servus
1084 5068 1264 5116 autem
1313 5070 1533 5137 propter
1579 5062 1849 5116 timorem.
1887 5062 1963 5116 De

392 5166 503 5222 quo
527 5152 748 5209 servitio
772 5154 930 5208 modo
955 5153 1215 5208 Dominus
1233 5151 1372 5217 dixit
1398 5169 1410 5204 :
1450 5149 1575 5205 Iam
1603 5167 1705 5205 non
1734 5150 1850 5203 dico
1877 5166 1962 5204 vos

2053 3248 2305 3324 petimus.

2467 3369 2631 3441 607
2672 3371 2897 3428 CAPUT
2936 3371 3199 3427 xxxvu.
3298 3438 3301 3443 ν

2055 3475 2307 3533 Eamdem
2336 3478 2664 3535 dilectionem
2684 3482 3378 3549 instantiusgcommendans,
3404 3494 3634 3540 contento

2126 3549 2353 3626 {tendum
2373 3549 2507 3626 dicit
2530 3550 2709 3626 odium
2733 3550 2933 3626 mundi.
2956 3547 3257 3626 Pra‘dicens
3278 3547 3480 3626 quoque
3504 3570 3633 3626 qua-

2125 3615 2196 3692 lia
2217 3634 2310 3688 pro
2333 3618 2449 3692 ejus
2473 3618 2679 3692 nemine
2701 3619 2806 3671 sint
2829 3618 3056 3692 passuri,
3074 3628 3122 3692 et
3136 3615 3463 3692 urguendum
3483 3615 3635 3679 mun-

2125 3684 2250 3766 dum
2270 3704 2303 3739 a
2326 3684 2594 3766 Paraclito
2615 3684 2680 3740 de
2698 3684 2928 3757 peccato,
2946 3700 2993 3743 et
3007 3687 3072 3742 de
3076 3684 3223 3759 justi.
3237 3693 3381 3761 ia,,et
3403 3694 3469 3753 de
3482 3694 3634 3766 judie

2127 3756 2207 3807 cio
2230 3754 2551 3824 manifestat.

2126 3888 2291 3945 Vsus.
2314 3890 2478 3945 l7.—
2500 3889 2630 3946 Ha'c
2653 3892 2844 3948 mando
2872 3896 3033 3961 vobis,
3063 3906 3118 3951 ut
3137 3897 3373 3968 diligatis
3394 3901 3630 3956 invicem.

2063 3999 2082 4031 ι
2116 3992 2138 4021 ο
2167 3981 2356 4036 Merito
2395 3983 2576 4052 itaque
2600 3984 2858 4055 magister
2888 3986 3063 4043 bonus
3099 3988 3437 4045 dilectionem
3467 3990 3632 4046 disci—

2057 4071 2198 4142 pulis
2217 4070 2295 4126 sic
2307 4087 2447 4142 saepe
2469 4074 2828 4141 commendat,
2856 4085 3110 4147 tanquam
3139 4078 3250 4134 sola
3276 4079 3633 4151 praecipienda
3664 4125 3670 4131 .

2058 4163 2148 4227 sit,
2176 4161 2291 4217 sine
2320 4178 2425 4232 qua
2452 4180 2556 4219 non
2586 4174 2813 4234 possunt
2858 4170 3112 4237 prodesse
3133 4179 3328 4226 cmtera
3356 4171 3525 4237 bona,
3578 4183 3626 4228 et
3658 4230 3661 4233 λ

2060 4267 2178 4322 qua:
2229 4266 2334 4306 non
2366 4261 2543 4323 potest
2575 4254 2759 4311 haberi
2814 4258 2930 4313 sine
2979 4260 3188 4315 caeteris
3232 4262 3388 4317 bonis
3441 4265 3635 4341 quibus

2060 4341 2220 4397 homo
2255 4342 2484 4397 efﬁcitur
2508 4345 2700 4399 bonus.
2741 4347 2797 4400 ln
2843 4345 2973 4420 [Αι.,
3002 4348 3129 4422 Pro]
3160 4351 3260 4405 hac
3287 4364 3467 4412 amem
3503 4355 3635 4413 dile~

2060 4434 2236 4487 ctione
2261 4474 2274 4496 ,
2315 4435 2583 4502 patienter
2610 4436 2863 4493 debemus
2908 4454 3006 4509 pro
3035 4439 3261 4502 Domino
3286 4443 3471 4505 mundi
3511 4448 3630 4503 odia

2061 4525 2346 4581 sustinere.
2382 4524 2611 4581 Necesse
2636 4537 2718 4583 est
2737 4528 2879 4588 enim
2914 4538 2974 4587 ut
3002 4546 3102 4587 nos
3131 4533 3322 4598 oderit,
3354 4551 3490 4605 quos
3517 4552 3634 4593 cer-

2062 4615 2140 4669 nit
2168 4615 2306 4669 nolle
2331 4631 2512 4671 amare
2538 4618 2678 4686 quod
2707 4619 2906 4688 diligit.
2932 4620 3036 4680 Sed
3072 4639 3179 4678 non
3217 4641 3405 4695 parum
3442 4612 3549 4685 nos
3571 4631 3636 4684 de

2061 4708 2237 4779 seipso
2262 4709 2519 4765 Dominus
2533 4711 2862 4778 consolatur,
2891 4715 2983 4791 qui
3006 4698 3409 4778 cumdixisset:
3444 4719 3632 4792 (Vens.

2066 4795 2152 4868 18)
2180 4795 2309 4859 Ηαοο
2356 4797 2548 4855 mando
2576 4799 2719 4854 vobis
2770 4811 2828 4856 ut
2872 4802 3392 4881 diligatisinvicem,
3442 4809 3636 4878 adjecit

2063 4894 2225 4966 atque
2260 4888 2337 4943 ait
2362 4906 2376 4941 :
2408 4886 2471 4944 Si
2508 4890 2735 4947 mundus
2762 4908 2851 4946 vos
2880 4893 3009 4959 odit,
3040 4896 3220 4953 scitote
3242 4897 3364 4968 quia
3391 4916 3470 4953 me
3493 4901 3638 4970 prio—

2064 4979 2356 5068 remgvobis
2386 4979 2505 5039 odio
2532 4980 2734 5036 habuit.
2775 5004 2793 5036 ›
2852 4983 2967 5042 Non
3020 4994 3104 5042 est
3153 4988 3447 5060 discipulus
3475 5007 3636 5068 super

2065 5066 2399 5135 magistrum,
2422 5070 2732 5127 adhznreant
2750 5074 2914 5144 capiti
2937 5077 3205 5142 membra;
3232 5086 3291 5132 ut
3307 5080 3452 5148 quod
3476 5066 3638 5152 caput

2065 5155 2371 5232 patiebatur
2397 5159 2577 5227 prius,
2601 5162 2839 5219 membra
2870 5165 2980 5241 pati
3010 5180 3115 5220 non
3146 5178 3415 5227 recusent.
3447 5168 3631 5243 (Vens.

391 5259 590 5308 servos,
649 5243 740 5298 sed
792 5242 984 5297 amicos
1004 5283 1019 5307 ,
1067 5243 1190 5325 quia
1252 5240 1340 5297 lilii
1367 5283 1389 5308 ,_
1424 5256 1528 5297 non
1557 5242 1731 5305 servi,
1764 5241 1883 5296 ideo
1913 5248 1969 5296 et
2070 5246 2178 5318 l9.)
2209 5246 2266 5303 Si
2289 5248 2352 5302 de
2371 5251 2564 5305 mundo
2589 5255 2785 5319 essetis,
2817 5256 3042 5316 mundus
3067 5260 3209 5330 quod
3233 5276 3387 5319 suum
3416 5240 3529 5319 erat
3555 5265 3638 5319 di.

394 5334 577 5390 amici.
613 5333 750 5400 Quia
771 5348 947 5388 servus
975 5334 1132 5396 nescit
1166 5333 1293 5402 quid
1318 5333 1477 5403 faciat
1502 5332 1743 5386 dominus
1768 5330 1959 5405 [ejus]:

393 5418 578 5476 Nescit
614 5422 757 5479 enim
784 5420 1111 5476 voluntatem
1140 5418 1339 5474 domini
1370 5421 1475 5485 sui,
1516 5421 1605 5491 qui
1636 5434 1733 5491 per
1756 5420 1964 5475 timoris

394 5513 810 5575 amaritudinem,
835 5511 1000 5567 servit
1040 5509 1257 5565 domino
1277 5525 1374 5565 suo
1397 5551 1413 5576 ,
1455 5521 1509 5566 et
1536 5528 1638 5566 non
1670 5528 1766 5592 per
1791 5512 1964 5571 charir

468 5641 489 5666 κ
528 5629 599 5682 Ex
628 5626 808 5698 Greg.,
840 5632 990 5686 hom.
1012 5624 1103 5698 27,
1128 5639 1276 5679 num.
1308 5623 1356 5698 ll,
1379 5624 1431 5675 ‘2.

472 5698 495 5735 l'
529 5698 600 5749 [λγ
626 5692 830 5762 eodem,
858 5698 957 5750 loc.
992 5697 1110 5761 cit,
1137 5708 1282 5747 num.
1310 5692 1360 5746 5.

2069 5337 2267 5408 figeret.
2297 5339 2465 5394 Aliter
2508 5343 2653 5399 enim
2702 5346 2933 5401 mundus
2981 5349 3297 5421 intelligitur
3324 5354 3375 5410 in
3405 5357 3633 5425 sanctis,

2071 5428 2294 5483 aliterin
2318 5434 2717 5501 peccatoribus;
2745 5435 2902 5496 aliter
2915 5438 3005 5508 qui
3024 5440 3450 5512 diliguntDcum,
3474 5455 3635 5520 atque

2069 5522 2225 5576 aliter
2245 5522 2333 5592 qui
2378 5522 2599 5593 diligunt
2623 5528 2725 5579 hoc
2751 5529 3025 5583 szcculum.
3066 5550 3081 5579 ι
3114 5531 3244 5587 Nam
3271 5538 3452 5593 mundi
3481 5537 3636 5606 hujus

2151 5639 2169 5661 τ
2205 5632 2279 5686 liv
2333 5633 2387 5688 S.
2422 5634 2580 5705 Aug,
2607 5646 2761 5691 tract.
2792 5656 3029 5709 Lxsxm,
3057 5660 3203 5700 num.
3232 5647 3282 5699 5.
