4000 6190
527 309 624 365 95!

1399 310 1458 392 tt,
1501 312 1558 391 ιτ.
1586 313 1807 397 item
1847 311 1974 382 seu
2017 311 2287 395 appetat
2325 314 2602 368 OPERlEM
2639 314 2816 368 psus
2851 316 2912 368 ιι.

3627 317 3740 380 ρει

532 444 551 488 ι
589 439 612 466 ί
645 424 920 494 Signiﬁcat
957 427 1033 480 sic
1061 441 1118 480 se
1145 425 1345 480 iturum
1375 426 1440 480 ad
1463 441 1588 480 eum
1616 426 1706 494 qui
1745 426 1890 481 misit
1921 424 2084 487 illum,
2116 426 2165 487 Α
2191 425 2282 478 sed
2309 426 2582 491 mundum.
2629 423 2687 492 in
2730 437 2837 493 quo
2861 421 3080 492 arguit?
3099 421 3158 476 in
3194 437 3258 477 eo
3303 423 3428 492 quia
3465 439 3561 494 per
3588 422 3754 497 Spiri-

527 525 586 569 ut
613 515 786 569 nullus
811 515 1166 584 interrogaret
1193 517 1334 584 quod
1357 516 1532 584 palam
1558 515 1672 570 ﬁeri
1704 517 1817 570 visu
1849 515 2088 584 corporis

522 612 840 659 cernerent:
889 621 1012 660 nam
1053 609 1302 677 superius
1339 609 1797 680 interrogaverunt
1828 624 1950 663 eum
1981 624 2087 677 quo

516 693 680 764 610
704 701 847 749 esset
871 695 1062 760 iturus,
1089 697 1216 752 dum
1248 698 1316 752 ad
1343 699 1646 768 passionem
1667 697 2008 768 pmperavit;
2030 707 2084 754 et

518 783 866 852 respouditeo
891 800 949 840 se
977 785 1176 842 iturum
1204 803 1311 857 quo
1326 788 1422 858 ipsi
1445 795 1571 843 tunc
1595 789 1776 844 venire
1800 803 1906 842 non
1934 797 2084 858 pote-

516 881 657 949 rant.
682 874 836 932 Nunc
861 891 987 934 vero
1010 878 1083 934 ita
1105 894 1166 934 se
1181 880 1429 948 promisit
1448 881 1664 943 iturum,
1687 887 1752 936 ut.
1765 879 1958 942 nullus,
1980 895 2082 949 quo

513 963 659 1019 uadis
677 1005 693 1030 ,
715 965 1048 1037 interroget;
1096 969 1266 1025 nubes
1285 971 1428 1024 enim
1455 972 1690 1040 suscepit
1713 985 1836 1024 eum
1867 970 2082 1040 quando

511 1055 835 1109 ascenditab
862 1057 973 1123 eis;
996 1066 1050 1112 et
1071 1066 1284 1114 euntem
1316 1060 1369 1114 in
1390 1059 1584 1116 ctelum
1610 1075 1716 1115 non
1740 1059 1917 1114 verbis
1935 1075 2083 1136 quae:

511 1145 737 1212 sierunt,
755 1148 848 1202 sed
861 1147 1031 1204 oculis
1041 1149 1289 1204 viderunt
1303 1149 1365 1222 [A
1375 1169 1458 1220 ug.
1470 1191 1485 1215 ,
1499 1149 1874 1222 deduxerunt].
1891 1149 2074 1220 (Vens.

511 1233 590 1333 ρ.)
623 1234 733 1333 Sed
759 1238 882 1307 quia
909 1239 1020 1293 lucc
1049 1240 1250 1294 locutus
1283 1257 1395 1294 sum
1429 1241 1588 1304 vobis,
1633 1242 1824 1311 inquit,
1864 1241 2078 1333 tristi‘ia

508 1324 734 1392 implevit
780 1344 871 1382 cor
905 1339 1146 1384 vestrum.
1198 1329 1424 1387 Videbat
1476 1334 1662 1403 utique
1688 1333 1816 1402 quid
1848 1333 1936 1388 illa
1981 1324 2075 1388 sua

509 1418 667 1474 verba
695 1418 748 1473 in
772 1433 958 1474 eorum
985 1420 1237 1476 cordibus
1258 1430 1506 1492 agerent;
1557 1422 1852 1492 spiritalem
1880 1422 2076 1493 quippe

507 1506 740 1568 nondum
764 1508 1022 1565 habentes
1061 1510 1284 1565 interius
1319 1510 1760 1575 consolationem,
1789 1527 1948 1581 quam
1979 1525 2076 1580 per

505 1597 764 1668 Spiritum
788 1607 1032 1657 sanetum
1059 1598 1271 1665 fuerant
1296 1601 1552 1665 habituri,
1589 1601 1640 1657 id
1667 1601 1808 1672 quod
1836 1601 2074 1656 exterius

503 1688 559 1742 in
592 1687 810 1746 Christo
848 1689 1118 1755 videbant,
1171 1691 1420 1754 amittere
1449 1691 1775 1746 metuebant.
1815 1709 1832 1741 ι
1881 1689 2066 1760 (Vsus.

501 1777 579 1848 7.)
610 1777 716 1834 Sed
734 1795 827 1848 ego
847 1780 1110 1833 veritatem
1133 1779 1251 1833 dico
1281 1779 1437 1844 vobis,
1488 1779 1693 1850 expedit
1724 1780 1860 1835 vobis
1891 1789 1946 1833 ut
1975 1795 2068 1848 ego

499 1865 704 1921 vadum.
771 1885 788 1918 ι
824 1867 852 1906 δ
875 1867 1104 1936 Expedit
1139 1875 1199 1922 ut
1242 1866 1414 1932 turnia
1444 1870 1584 1924 servi
1629 1869 1822 1936 vestris
1857 1870 2068 1924 subtra-

499 1957 656 2010 batur
696 1957 1019 2026 aspectibus,
1060 1967 1324 2026 quatenus
1370 1974 1522 2014 amor
1559 1960 1853 2029 divinitatis
1891 1960 2076 2034 aptius

496 2047 692 2109 vestris
733 2047 984 2118 inligatur
1017 2051 1304 2105 mentibus.
1355 2051 1581 2120 Expedit
1617 2059 1676 2104 ut
1703 2060 1883 2108 notam
1914 2052 2068 2107 vobis

497 2138 725 2194 formam
757 2141 892 2203 εωῗο
925 2140 1172 2207 inferam,
1208 2151 1472 2211 quatenus
1497 2159 1591 2212 per
1620 2143 1722 2198 hoc
1749 2141 1949 2211 majore
1971 2143 2066 2198 de-

499 2227 697 2281 siderio
728 2229 853 2284 illuc
876 2230 1174 2301 suspiretis.
1207 2229 1268 2287 Si
1311 2241 1480 2286 autem
1525 2249 1626 2286 non
1655 2233 1850 2298 abiero,
1896 2233 2068 2288 Para-

497 2319 649 2375 clitus
677 2337 777 2375 non
809 2323 969 2377 veniet
993 2321 1061 2386 ad
1084 2336 1205 2380 vos:
1232 2325 1278 2378 si
1303 2333 1474 2378 autent
1495 2325 1688 2389 abiero,
1718 2327 1917 2380 mittam
1947 2345 2064 2382 eum

497 2409 566 2460 ad
590 2425 692 2463 vos.
739 2409 853 2465 Non
881 2412 1005 2480 quia
1029 2427 1133 2466 non
1164 2421 1376 2482 poterat
1418 2415 1532 2482 ipse
1570 2416 1622 2468 iu
1667 2425 1807 2470 terra
1858 2419 2063 2486 positus

497 2501 625 2554 t’arc
654 2499 914 2570 Spiritum
941 2503 1234 2574 discipu'is,
1269 2504 1382 2559 huic
1409 2503 1682 2576 loquitur;
1724 2522 1847 2562 cum
1877 2517 2061 2577 aperte

496 2591 720 2662 legatur,
759 2594 884 2662 quia
912 2603 1032 2664 post
1075 2596 1520 2652 resurrectionem
1550 2613 1814 2668 apparens
1843 2600 1941 2666 eis,
1976 2601 2057 2655 in-

493 2684 722 2739 suillavit
769 2693 824 2740 et
871 2687 1005 2741 dixit
1052 2687 1130 2742 eis
1169 2703 1184 2740 :
1235 2687 1462 2759 Accipite
1517 2687 1772 2759 Spiritum
1823 2701 2059 2755 sanctum

495 2771 675 2840 (,(oan.
724 2789 812 2838 xx,
859 2773 986 2845 22):
1028 2776 1120 2832 sed
1173 2777 1296 2846 quia
1330 2779 1444 2847 ipso
1489 2779 1542 2833 in
1586 2788 1727 2834 terra
1771 2783 1968 2850 posito,
2005 2792 2060 2836 et

495 2863 848 2931 corporaliter
892 2874 1240 2921 conversante
1283 2883 1404 2922 cum
1429 2869 1530 2932 eis,
1569 2885 1675 2925 non
1715 2871 1962 2926 valebant
1993 2873 2058 2926 ad

497 2953 644 3010 illum
673 2955 882 3024 erigere
927 2963 1182 3022 mentem,
1235 2957 1302 3013 ad
1331 2959 1558 3014 sitiendo
1604 2977 1823 3016 munera
1872 2963 2059 3032 gratiae

495 3043 748 3098 (adestis.
784 3043 1118 3112 Ascendentc
1145 3055 1323 3102 autem
1353 3048 1440 3104 iElo
1464 3049 1528 3104 ad
1553 3051 1736 3116 cmlos,
1772 3060 1828 3106 et
1863 3052 1938 3106 illi
1965 3067 2059 3122 pa-

494 3133 627 3187 riter
649 3147 807 3187 omne
835 3133 1154 3203 desiderium
1189 3153 1342 3194 suum
1373 3139 1462 3194 illo
1489 3140 1903 3196 transferebant.
1933 3143 2056 3197 Ideo

491 3235 718 3296 capaces
743 3220 974 3292 Spiritus
995 3228 1164 3281 sancti
1193 3227 1304 3299 jam
1334 3227 1460 3302 iacti
1487 3239 1659 3294 erant,
1692 3246 1797 3286 non
1826 3231 1964 3286 ultra
1992 3231 2056 3286 de

493 3317 666 3384 morte
715 3309 831 3377 ejus
877 3315 1220 3380 contristati,
1267 3318 1360 3372 sed
1409 3319 1475 3374 de
1519 3321 1888 3390 promissionis
1941 3323 2056 3393 ejus

491 3399 642 3470 μὴ,
680 3401 910 3470 Spiritus
934 3405 1170 3478 sanctus]
1202 3421 1426 3481 munere,
1456 3408 1653 3488 [erant]
1686 3413 1866 3468 laztali.
1905 3414 2056 3470 Patet

489 3500 688 3564 autern,
729 3508 826 3563 nec
871 3494 1132 3564 laboriosa
1161 3501 1493 3571 expositione
1519 3503 1736 3577 indiget,
1783 3521 1880 3561 cur
1907 3522 2053 3564 eum-

489 3582 612 3637 dem
667 3583 921 3657 Spiritum
972 3585 1324 3656 Paraclitum,
1381 3591 1432 3646 id
1482 3603 1602 3658 est,
1664 3596 2051 3670 consalatorem

489 3676 941 3744 cognominaverit
966 3696 984 3744 ς
1017 3679 1142 3748 quia
1170 3681 1422 3737 nimirum
1451 3685 1612 3740 corda
1651 3687 2048 3759 discipulorum,

489 3778 609 3831 qua:
655 3779 898 3819 recessus
927 3765 1094 3836 ipsius
1129 3780 1318 3841 moesta
1349 3774 1693 3848 reddidisset,
1746 3757 1902 3848 hujus
1927 3795 2053 3848 con—,

489 3854 756 3946 solaretur
795 3863 847 3910 et
875 3869 1144 3914 recrearet
1181 3858 1457 3919 adventus.
1500 3887 1517 3916 ι
1571 3865 1682 3940 Non
1724 3869 1866 3942 quod
1893 3878 2054 3946 antea

487 3944 719 4015 Spiritus
747 3955 964 4004 sanctus
989 3964 1094 4005 non
1119 3960 1261 4006 esset
1289 3953 1341 4008 in
1370 3956 1620 4030 cordibus
1649 3958 2047 4034 discipulorum,

489 4035 568 4104 vel
597 4035 757 4090 etiam
799 4037 850 4092 iu
876 4038 1218 4109 antiquorum
1267 4052 1595 4120 sanctorum,
1646 4049 1737 4103 sed
1770 4037 2048 4104 manifesta

481 4125 810 4194 plenitudine
837 4135 963 4182 ante
1004 4130 1082 4184 sic
1127 4145 1232 4185 non
1260 4129 1361 4186 fuit
1401 4135 1578 4196 datus,
1631 4139 1897 4216 quomodo
1930 4147 2052 4221 post

482 4217 848 4272 ascensionem
889 4217 975 4273 die
1022 4219 1228 4275 decima
1271 4221 1322 4274 in
1364 4231 1577 4279 centum
1602 4225 1788 4296 viginti
1833 4217 2048 4296 nomina

482 4309 825 4394 transmissus
868 4309 1078 4382 legitur.
1140 4309 1244 4368 Sed
1291 4313 1344 4368 in
1379 4315 1521 4370 nullo
1563 4309 1726 4388 opere
1763 4297 2050 4396 cujuslibet

479 4417 742 4473 personm,
781 4402 976 4470 Patris,
1009 4405 1092 4460 vel
1120 4404 1260 4465 Filii.
1310 4407 1392 4462 vel
1421 4409 1591 4464 sancti
1625 4408 1858 4481 Spiritus
1884 4399 2048 4468 totius

478 4501 677 4549 sanctte
713 4493 988 4550 Trinitatis
1009 4497 1250 4566 operatio
1275 4497 1478 4565 defuit;
1528 4500 1618 4555 sed
1660 4495 1940 4570 oportebat
1971 4504 2044 4557 ita

477 4582 740 4638 insinuari
769 4581 1106 4650 Trinitatem,
1136 4593 1212 4648 ut,
1241 4587 1485 4655 quamvis
1514 4588 1657 4642 nulla
1695 4587 1836 4644 esset
1863 4590 2042 4645 diver-

477 4675 612 4727 sitas
640 4674 968 4738 substantiae,
1002 4675 1311 4746 singillatim
1355 4685 1532 4732 tamen
1577 4681 2046 4735 commendaretur

473 4765 747 4819 distinctio
773 4781 1142 4836 personarum.

548 4843 709 4910 Vens.
742 4855 796 4909 8.
827 4884 898 4894 —
927 4854 1057 4910 Cum
1095 4869 1266 4910 autent
1298 4860 1486 4912 venerit
1517 4857 1624 4921 ille,
1667 4868 1848 4926 arguet
1892 4876 2044 4913 mun-

359 4993 380 5004 -
472 4947 616 5000 dum.
648 4939 916 5014 Quid'est,
963 4937 1110 5015 quod
1130 4947 1283 5012 dixit,
1332 4964 1451 5002 cum
1480 4949 1670 5003 venerit
1707 4946 1816 5012 ille,
1863 4959 2044 5017 arguet

474 5038 726 5092 mundum
749 5033 790 5092 .9.
821 5055 841 5088 ι
879 5047 902 5076 ο
930 5036 1306 5107 Nunquldnam
1334 5039 1598 5103 Christus,
1649 5039 1776 5094 dum
1818 5049 1960 5094 esset
1987 5039 2040 5094 in

473 5132 692 5196 mundo,
723 5145 830 5186 non
857 5130 1034 5201 arguit
1055 5130 1311 5185 mundum
1341 5131 1407 5185 de
1435 5131 1519 5186 his
1541 5131 1791 5186 omnibus
1813 5147 1932 5201 quae
1959 5147 2043 5187 se-

471 5223 750 5290 quuntur?
803 5219 910 5277 Sed
955 5221 1207 5278 Christus
1256 5221 1423 5276 solam
1473 5219 1778 5277 Iudaeorum
1825 5231 2037 5288 gentem

472 5311 645 5376 arguit
672 5328 686 5375 ;
719 5309 952 5382 Spiritus
974 5326 1104 5380 vero
1132 5317 1370 5379 sanctus,
1404 5311 1456 5366 in
1487 5311 1760 5381 discipulis
1787 5309 1902 5381 ejus
1927 5320 2040 5366 toto

468 5399 600 5456 orbe
626 5403 852 5466 diffusis,
881 5417 988 5458 non
1010 5418 1173 5459 unam
1201 5411 1412 5476 gentem
1437 5403 1755 5474 intelligitur
1775 5402 2034 5481 arguisse,

543 5539 568 5603 ξ
595 5530 668 5603 ξπ
695 5531 752 5603 S.
777 5531 940 5603 Aug,
964 5540 1122 5589 tract.
1151 5549 1292 5603 χειν,
1327 5551 1476 5588 num.
1503 5537 1555 5588 5.

543 5595 569 5638 ι»
599 5599 672 5670 lix
701 5595 1026 5670 Bedze'htim.
1056 5604 1208 5670 Dom.
1241 5595 1478 5666 cantate.

542 5680 562 5705 ν
595 5668 668 5724 lit
702 5670 756 5723 S.
789 5669 942 5738 Aug,
971 5671 1126 5747 πτειρμ
1160 5668 1274 5742 ξεν,
1306 5688 1450 5731 num.
1479 5672 1522 5758 Ι.⁸

2193 525 2304 571 tum
2329 524 2572 572 sanctum
2605 515 2844 583 charitas
2868 511 3061 583 diffusa
3084 521 3172 581 est
3195 513 3249 568 in
3279 512 3537 570 cordibus
3567 531 3750 574 eorum

2189 603 2364 676 (Rom.
2393 621 2446 670 ν,
2477 605 2569 676 5),
2600 619 2720 674 quae
2745 603 2901 678 foras.
2925 603 3093 675 mittit
3119 603 3386 674 timorem,
3418 612 3478 658 ut
3501 621 3607 660 non
3641 622 3756 662 me.-

2186 702 2398 751 tuerent
2432 695 2707 759 mundum,
2757 695 2812 750 id
2835 703 2918 749 est
2939 734 2955 758 ,
2995 701 3264 749 amatores
3291 695 3474 750 mundi
3509 712 3751 766 arguere.

2183 786 2262 841 De
2285 797 2514 857 peccato,
2558 797 2606 841 et
2632 786 2697 840 de
2719 786 2951 856 justitia,
3000 795 3050 838 et
3085 785 3148 839 de
3165 786 3391 855 judicio.
3437 786 3606 852 Quam
3630 803 3756 842 sen-

2183 877 2404 932 tentiam
2432 875 2545 945 ipse
2567 874 2815 931 Christus
2840 874 3090 945 exposuit
3113 875 3326 930 dicens:
3359 875 3544 946 (Vens.
3570 875 3650 946 9.)
3676 874 3754 929 De

2179 975 2386 1037 peccato
2407 965 2632 1037 quidem,
2663 966 2785 1036 quia
2807 981 2910 1020 non
2939 963 3155 1018 credunt
3183 965 3238 1018 in
3257 980 3357 1018 me.
3390 983 3410 1016 ι
3450 983 3469 1015 ι
3497 963 3523 1004 d
3553 963 3751 1018 Pecca-

2183 1065 2292 1112 tum
2323 1057 2712 1114 incredulitatis
2753 1057 2905 1127 quasi
2947 1053 3179 1125 speciale
3209 1056 3408 1124 posuit,
3456 1055 3579 1125 quia
3611 1055 3751 1110 sicut

2181 1146 2312 1212 ﬁdes
2334 1147 2485 1218 origo
2516 1147 2797 1208 virtutum,
2843 1145 2920 1200 ita
2946 1144 3357 1200 solidamentum
3385 1153 3470 1200 est
3495 1145 3748 1198 vitiorum

2179 1238 2232 1304 in
2257 1237 2631 1311 incredulitate
2671 1236 2977 1306 persistere,
3013 1235 3240 1290 Domino
3269 1234 3584 1290 terribiliter
3608 1243 3751 1288 atte-

2177 1335 2374 1392 stante,
2400 1327 2490 1400 qui
2517 1326 2631 1402 ait:
2664 1325 2774 1402 Qui:
2807 1334 2978 1380 autem
3010 1341 3114 1402 non
3135 1324 3317 1397 credit,
3335 1325 3451 1394 jam
3472 1325 3748 1395 judicatus

2175 1427 2248 1472 est
2279 1416 2460 1488 (Joan.
2489 1431 2570 1480 ιιι,
2602 1415 2712 1492 18)ί,
2744 1415 2874 1484 quia
2897 1430 3002 1492 non
3047 1415 3220 1488 credit
3239 1415 3301 1478 in,
3319 1415 3533 1470 nomine
3556 1413 3745 1483 unige-

2175 1507 2272 1562 niti
2311 1507 2430 1562 Filii
2461 1505 2597 1562 Dei:
2629 1527 2646 1558 ι
2691 1490 2971 1577 judicatus
2995 1505 3149 1570 dixit,
3198 1505 3252 1561 id
3293 1513 3397 1571 est,
3435 1505 3745 1586 damnatus.

2175 1597 2359 1670 (Vsus.
2395 1598 2505 1668 10.)
2535 1597 2612 1652 De
2622 1597 2837 1668 justitia
2865 1613 3009 1676 vero,
3035 1598 3158 1671 quia
3185 1595 3255 1650 ad
3283 1595 3494 1659 Patrem
3519 1596 3671 1676 vado,
3695 1607 3745 1676 et

2165 1689 2282 1760 jam
2311 1705 2413 1744 non
2437 1688 2670 1744 videbitis
2696 1704 2797 1743 me.
2838 1707 2856 1740 ι
2889 1673 3103 1769 Iustitia
3137 1685 3517 1764 discipulorum
3539 1673 3746 1770 Christi;

2101 1755 2142 1814 Β
2166 1755 2286 1836 'eiai
2330 1779 2517 1853 [Beda,
2555 1777 2756 1835 Christi
2791 1756 3250 1853 contessioferaq
3274 1755 3421 1850 quod
3455 1763 3750 1858 Dominum;

2167 1887 2328 1943 quem
2355 1885 2540 1926 verum
2571 1871 2839 1926 hominem
2868 1870 3180 1934 cernebant,
3200 1882 3398 1952 πῖθι-ηυξ,
3409 1881 3620 1938 quoque
3638 1867 3752 1950 Dei.

2168 1961 2362 2018 Filium
2391 1975 2510 2018 esse
2542 1961 2925 2025 crediderunt;
2973 1967 3027 2015 et
3051 1972 3210 2029 quem
3253 1957 3356 2012 sibi
3381 1957 3736 2039 corporaliter

2165 2053 2402 2118 ablatum
2453 2060 2750 2117 noverant,
2791 2059 2942 2108 certo
2986 2064 3195 2120 semper
3241 2063 3424 2104 amore
3469 2047 3732 2126 colebant.

2165 2139 2378 2202 Iustitia
2401 2150 2718 2198 ceterorum
2748 2140 3004 2205 ﬁdelium,
3054 2139 3106 2194 id
3149 2146 3252 2204 est,
3298 2153 3486 2194 eorum
3511 2138 3604 2206 qui
3632 2137 3736 2191 Do.

2166 2233 2369 2288 minum
2399 2233 2452 2287 in
2477 2248 2638 2310 carne
2667 2248 2772 2287 non
2801 2232 3066 2296 viderunt,
3115 2231 3231 2286 hinc
3258 2237 3341 2284 est
3367 2243 3382 2283 :
3415 2231 3560 2300 quod
3588 2246 3734 2292 eum,

2164 2339 2320 2394 quem
2359 2323 2624 2393 corporali
2653 2324 2847 2380 intuitu
2893 2335 3162 2390 nunquam
3189 2319 3456 2386 viderunt,
3489 2320 3654 2374 Deum
3683 2331 3734 2373 et

2163 2415 2434 2468 hominem
2473 2429 2656 2482 verum
2686 2413 2846 2484 corde
2871 2411 3095 2475 credunt
3139 2425 3203 2465 ac
3229 2409 3475 2478 diligunt.
3525 2409 3601 2463 De
3625 2424 3731 2477 qua

2162 2505 2405 2576 profecto
2426 2503 2636 2574 justitia
2669 2504 2790 2558 fidei
2837 2510 3132 2572 arguuntur
3179 2501 3420 2556 inﬁdeles
3443 2541 3460 2566 ,
3505 2517 3601 2554 cur
3629 2501 3728 2570 ipsi

2162 2595 2429 2658 videlicet,
2473 2609 2594 2649 eum
2643 2593 2888 2648 similiter
2912 2592 3132 2646 verbum
3177 2592 3298 2655 vita:
3335 2590 3599 2652 audirent,
3634 2600 3729 2642 no-

2161 2686 2375 2742 luerunt
2403 2687 2452 2741 ei
2490 2687 2708 2740 credere
2741 2683 2806 2738 ad
2830 2683 3112 2753 justitiam.
3164 2681 3345 2754 Neque
3372 2681 3515 2737 enim
3545 2683 3729 2751 nequi-

2163 2778 2234 2853 tia
2263 2777 2523 2831 malorum
2551 2793 2618 2832 ex
2661 2791 2755 2830 sua
2785 2775 2956 2831 solum
2982 2775 3242 2853 pravitate
3289 2774 3478 2849 [Beda,
3521 2776 3728 2829 tortitu-

2161 2850 2328 2940 diue],
2352 2869 2704 2941 verumetiam
2733 2881 2802 2948 ex‘
2825 2850 3223 2937 comparatione
3247 2873 3534 2928 rectorum,
3565 2880 3724 2933 quam

2160 2957 2232 3029 sit
2271 2955 2592 3016 damnanda,
2635 2957 2931 3028 denuntiat.
2971 2955 3160 3024 Arguit
3202 2970 3330 3024 ergo
3360 2955 3630 3017 mundum,
3672 2955 3724 3008 id

2160 3053 2270 3110 est,
2297 3044 2558 3116 infideles,
2591 3033 2826 3116 Spiritus
2861 3053 3077 3098 sanctus
3103 3045 3166 3098 de
3193 3052 3432 3114 peccato,
3465 3044 3586 3111 quia
3616 3058 3722 3096 non

2161 3113 2504 3208 crediderunt
2538 3135 2590 3213 in
2620 3113 2890 3190 Christum
2919 3151 2932 3200 ;
2973 3135 3146 3204 arguit
3173 3133 3236 3188 de
3270 3131 3478 3201 justitia
3501 3133 3721 3188 creden-

2161 3229 2315 3296 tium,
2365 3229 2488 3298 quia
2529 3229 2830 3308 exemplum
2861 3244 3046 3284 eorum
3093 3229 3243 3299 sequi
3280 3227 3568 3291 uoluerunt,
3615 3229 3714 3297 qui

2157 3321 2300 3374 hunc
2327 3318 2393 3374 ad
2420 3319 2634 3374 Patrem
2659 3320 2983 3396 ascendisse,
3015 3334 3186 3390 neque
3207 3321 3340 3374 ultra
3366 3319 3718 3389 corporaliter

2157 3412 2210 3467 in
2241 3411 2400 3468 terris
2439 3420 2878 3468 conversaturum
2922 3429 3066 3480 csse,
3109 3413 3394 3488 sciebant;
3433 3413 3590 3484 611
3616 3427 3720 3467 nec

2157 3517 2332 3559 tamen
2365 3504 2432 3560 ab
2474 3503 2588 3572 ejus
2617 3503 2897 3559 dilectione
2927 3513 3170 3574 poterant
3205 3505 3308 3558 ulla
3334 3505 3540 3570 ratione
3565 3519 3718 3573 sepa-

2156 3593 2299 3657 rari;
2333 3593 2434 3648 hoc
2460 3601 2541 3647 est
2569 3594 2711 3646 enim
2740 3595 2879 3664 quod
2910 3595 2984 3649 ait
3010 3609 3023 3646 :
3071 3593 3206 3664 Quia
3236 3594 3306 3648 ad
3329 3593 3537 3662 Patrem
3561 3595 3711 3654 vado.

2153 3694 2200 3738 et
2217 3684 2335 3755 jam
2361 3701 2460 3738 non
2482 3683 2717 3736 videbitis
2745 3701 2844 3738 me.
2885 3684 3008 3739 Non
3037 3685 3268 3740 videbitis
3307 3702 3404 3759 me,
3442 3693 3714 3766 postquam

2153 3772 2464 3834 escendero,
2514 3773 2724 3842 qualem
2754 3789 2894 3828 nunc
2921 3775 3102 3828 videre
3143 3773 3350 3838 soletis,
3399 3790 3714 3840 carnemor-

2155 3861 2246 3938 tali
2287 3871 2338 3916 et
2367 3863 2832 3932 comprehensibili
2863 3862 3048 3935 [Bcda,
3097 3865 3459 3938 corruptibili]
3491 3867 3710 3931 chentu-

2153 3955 2379 4010 datum:
2429 3953 2522 4008 sed
2554 3954 2608 4009 in
2636 3953 2912 4023 majestate
2941 3955 3006 4009 ad
3029 3953 3290 4022 judicium
3317 3957 3618 4013 venientem.
3653 3964 3710 4009 et

2152 4057 2370 4117 peracto
2393 4046 2615 4116 judicio,
2660 4045 2716 4102 in
2747 4045 2950 4116 majore
2985 4047 3151 4118 gloria
3177 4063 3299 4102 cum
3336 4048 3532 4104 sanctis
3553 4062 3713 4117 appa-

2153 4144 2379 4208 rentem.
2438 4134 2736 4210 Sequitur:
2785 4135 2968 4204 (Vens.
3018 4135 3128 4206 ll.)
3165 4136 3244 4191 De
3275 4137 3484 4206 judicio
3523 4146 3710 4198 autem.

2150 4226 2272 4298 quia
2303 4226 2537 4295 princeps
2567 4224 2724 4295 hujus
2754 4223 2932 4280 mundi
2969 4225 3239 4295 judicatus
3275 4235 3370 4280 est.
3417 4225 3714 4295 Principem

2152 4316 2336 4382 mundi
2368 4314 2637 4394 diabolum
2665 4314 2813 4394 dicit,
2863 4315 2988 4384 quia
3033 4316 3323 4386 primatum
3371 4318 3426 4373 in
3469 4319 3715 4374 cordibus

2157 4403 2447 4470 infidelium
2483 4389 2675 4468 tenuit,
2721 4389 2855 4474 ques
2878 4404 2963 4464 hic
2986 4403 3167 4460 mundi
3199 4407 3418 4462 nomine
3443 4407 3603 4462 voluit
3629 4409 3712 4460 in-

2151 4497 2351 4565 telligi;
2384 4496 2479 4566 qui
2509 4495 2694 4560 ordine
2726 4510 2998 4564 perverso,
3054 4499 3310 4554 mundum
3335 4500 3510 4568 potius
3547 4513 3709 4568 quam

2151 4585 2334 4656 mittidi
2377 4593 2674 4642 creatorem
2699 4585 2967 4655 diligunt;
3013 4588 3103 4656 qui
3126 4588 3401 4658 judicatus
3443 4596 3524 4644 est
3547 4603 3576 4642 a
3601 4587 3714 4642 Do-

2150 4676 2315 4740 mino,
2347 4676 2436 4748 qui
2461 4677 2572 4730 ait:
2610 4675 2858 4741 Videbam
2881 4675 3133 4734 Satanam
3162 4679 3294 4736 sicut
3323 4679 3504 4750 fulgur
3527 4680 3715 4734 caden-

2149 4776 2250 4825 tem
2275 4767 2340 4829 de
2363 4765 2486 4840 ctylo
2525 4765 2674 4838 (Luc.
2715 4783 2768 4830 ιι,
2801 4767 2908 4839 i8).
2949 4751 3224 4828 Judiéatus
3251 4777 3335 4824 est
3368 4771 3436 4825 ab
3461 4785 3546 4835 eo,
3588 4785 3712 4825 cum

2149 4864 2204 4911 et
2229 4857 2343 4926 ipse
2365 4857 2625 4932 daemonia
2651 4857 2889 4928 ejiceret,
2927 4867 2982 4912 et
3005 4857 3280 4928 discipulis
3305 4863 3458 4916 daret
3483 4868 3716 4930 potesta—

2147 4957 2256 5003 tem
2285 4947 2522 5030 calcqiidi
2549 4963 2707 5026 supra
2735 4963 2948 5018 omnem
2980 4950 3237 5030 virtutem
3260 4951 3482 5027 inimici.
3524 4951 3717 5022 Argui-

2147 5047 2232 5100 tur
2259 5039 2437 5118 itaque
2463 5038 2693 5106 mundus
2728 5037 2802 5104 de,
2811 5036 3033 5106 judicio,
3066 5053 3173 5108 quo
3199 5040 3442 5105 diabolus
3467 5051 3544 5098 est
3572 5042 3716 5114 judi-

2145 5137 2316 5195 catus,
2364 5131 2586 5202 quandq
2617 5129 2880 5192 homines,
2925 5144 2992 5184 ne
3034 5127 3128 5201 Dei
3169 5130 3432 5207 voluptati
3467 5123 3717 5189 resistere

2142 5228 2498 5288 priesuniant,
2555 5218 2798 5287 extemplo
2850 5218 3088 5298 damnati
3141 5229 3360 5296 propter
3409 5225 3714 5295 superbiam

2147 5317 2418 5364 terrentur
2446 5309 2771 5382 archangeli.
2811 5329 2830 5362 ι
2889 5329 2906 5361 ι
2945 5321 2968 5350 ε
2992 5309 3224 5383 Credant
3263 5313 3447 5384 itaque
3471 5316 3716 5372 homines

2147 5407 2198 5461 in
2228 5408 2522 5468 Christum.
2571 5423 2636 5464 ne
2679 5419 2972 5482 arguantur
3011 5409 3076 5467 de
3116 5419 3336 5479 peccato
3383 5412 3717 5486 inﬁdelitatis

2215 5538 2238 5575 ἀ
2273 5538 2345 5592 Ex
2375 5537 2529 5592 Beda:
2553 5539 2699 5594 hom.
2730 5539 2913 5594 citata.

2222 5619 2243 5644 ο
2278 5607 2351 5660 Ex
2381 5608 2435 5661 S.
2467 5608 2624 5679 Λυδῇ,
2653 5617 2808 5663 tract.
2841 5623 2967 5694 xcv,‘
2988 5625 3134 5688 quin.
3165 5609 3225 5686 ξ..
