4000 6190
295 305 394 363 983

1094 300 1503 357 EXEGETICA.
1546 332 1614 341 -—
1648 300 2003 358 COMMENT.
2044 304 2109 359 lN
2147 303 2337 361 JOAN.
2374 336 2446 346 -—-—
2480 305 2607 361 LIB.
2651 307 2735 361 VI.

3430 306 3535 361 93M

289 431 415 481 tute,
441 428 549 485 quo
575 421 794 484 peccata
823 413 999 467 omnia
1027 419 1277 466 tenentur
1314 409 1467 483 μή,
1497 427 1603 481 quo
1632 423 1852 483 peccato
1884 419 1924 472 Α
1955 417 2131 471 ctione
2158 415 2286 489 Uis.
2315 428 2364 471 et
2377 416 2543 480 Beda,
2576 416 2948 493 delectatione]
2967 418 3310 486 praesentium
3332 420 3542 474 abstra-

291 506 466 564 omnia
486 501 816 575 detinentur]
843 519 857 565 ;
893 511 1170 558 transeant
1199 503 1253 556 in
1290 519 1570 558 numerum
1600 504 1856 569 ﬁdelium,

291 612 355 651 ne
384 601 682 664 arguantur
704 590 769 644 de
794 588 997 658 iustitia
1020 604 1230 650 eorum.
1257 607 1392 661 quos
1410 590 1732 661 ju.,~tilicatos
1756 607 1861 647 non

290 684 605 745 imitantur;
636 688 861 734 caveant
884 679 1116 733 futurum
1134 677 1415 746 judicium,
1445 694 1513 734 ne
1536 695 1656 734 cum
1682 681 1863 735 mundi

290 773 527 845 principe
556 769 885 839 judiccntur,
917 784 1076 838 quem
1101 767 1398 836 judicatum
1432 770 1714 823 imitantur
1742 787 1756 833 ;
1786 778 1857 823 et-

289 863 431 918 enim
462 876 529 915 ne
561 859 663 914 sili
700 858 972 913 existimet
1017 857 1167 925 parci
1206 857 1457 927 superbia
1487 856 1620 911 dura
1666 866 1867 911 morta-

212 933 217 939 ’
290 953 442 1016 lium,
472 952 539 1007 de
574 950 926 1019 superborum
956 948 1218 1016 supplicio
1246 948 1497 1004 torrenda
1539 956 1623 1003 cst
1651 948 1868 1020 angelo-

291 1058 431 1097 rum.
469 1061 487 1089 ι
525 1039 784 1108 Sequitur
815 1056 828 1091 :

362 1133 526 1187 Vsus.
559 1130 646 1193 12,
678 1130 763 1182 15.
790 1159 862 1182 —.-
903 1130 1091 1184 Adhuc.
1123 1130 1289 1184 multa
1317 1131 1480 1185 habeo
1509 1131 1647 1186 vobis
1676 1130 1867 1194 dicere,

290 1223 382 1280 sed
429 1241 533 1277 non
562 1222 771 1292 potestis
814 1231 1025 1291 portare
1072 1222 1245 1276 modo.
1295 1222 1427 1276 Cum
1465 1231 1639 1285 autem
1682 1222 1871 1275 venerit

292 1315 522 1387 Spiritus
572 1313 843 1377 ueritatis,
910 1313 1110 1366 docebit
1169 1329 1256 1367 vos
1317 1328 1520 1375 omnem
1583 1311 1869 1365 ueritatem.

298 1427 319 1460 ι
357 1406 625 1461 ιϐετιυηι
650 1413 734 1459 est
778 1414 959 1458 autem
1005 1404 1147 1474 quod
1191 1404 1441 1459 veniente
1473 1402 1703 1471 desuper
1751 1400 1873 1471 Spi-

294 1500 444 1562 ritu,
496 1496 724 1566 apostoli
775 1494 1032 1564 majorem
1089 1494 1256 1550 multo
1307 1494 1586 1550 scientiam
1633 1492 1876 1548 veritatis

293 1603 457 1658 quam
487 1586 732 1642 carnales
761 1596 985 1642 eatenus
1018 1594 1258 1655 potuero,
1288 1584 1561 1640 consecuti
1586 1590 1730 1647 sunt,
1763 1597 1878 1636 ma-

290 1680 410 1748 jore
438 1678 702 1733 desiderio
747 1678 988 1731 certandi
1030 1692 1128 1747 pro
1165 1677 1390 1730 veritate
1437 1674 1681 1730 succensi
1727 1680 1872 1731 sunt.

1964 509 2100 564 hens
2142 511 2468 578 promissum
2501 510 2553 564 in
2585 510 2737 565 cmlis
2775 524 3001 579 regnum
3048 511 3246 565 nostris
3288 512 3543 567 cordibus

1964 590 2245 656 desideriis
2272 600 2459 673 [Beda,
2512 600 2764 670 promissi
2796 600 2849 655 in
2884 600 3036 656 ccclis
3061 602 3211 670 regni
3239 601 3540 676 desideriis]

1966 690 2278 745 inﬂammat.

2042 782 2197 836 Vens.
2224 781 2309 834 14.
2335 811 2406 822 --
2425 781 2526 836 Ille
2554 799 2634 836 me
2654 781 2979 845 clariﬁcabit,
3021 784 3144 855 quia
3185 785 3250 838 de
3272 801 3385 840 meo
3407 788 3545 839 acci-

1965 871 2090 940 piet,
2128 880 2178 924 ct
2207 871 2537 924 annuntiabit
2566 872 2723 925 vobis.
2771 870 3004 940 Spiritus
3049 873 3363 928 clariﬁcavit
3395 872 3545 928 Chri-

1969 969 2129 1025 stum,
2167 961 2291 1030 quia
2320 976 2417 1031 per
2438 976 2562 1016 eum
2589 970 2736 1016 tanta
2763 963 3000 1018 Charitas
3025 964 3077 1017 in
3108 965 3358 1019 cordibus
3386 964 3547 1019 disci-

1970 1052 2217 1121 pulorum
2249 1065 2475 1105 accensa
2496 1059 2601 1114 est,
2645 1059 2704 1104 ut
2728 1050 2935 1118 abjecto
2967 1052 3159 1106 timore
3188 1052 3390 1106 carnali
3420 1051 3549 1107 cilcv

1971 1148 2116 1194 ctum
2167 1140 2580 1193 resurrectionis
2624 1137 2741 1206 ejus
2805 1147 3117 1195 constanter
3170 1142 3545 1208 praedicarent,

1971 1229 2132 1300 612
2160 1228 2249 1297 qui
2282 1228 2444 1297 paulo
2480 1236 2604 1283 ante
2645 1237 2885 1300 tempore
2912 1229 3177 1299 passionis
3200 1230 3378 1300 pavidi
3404 1229 3553 1301 fuge-

1975 1327 2114 1374 rant.
2155 1318 2306 1376 Unde
2341 1319 2600 1388 scriptum
2627 1329 2709 1374 est
2737 1309 2853 1372 {Et
2885 1318 3067 1389 repleti
3089 1330 3209 1373 sunt
3234 1336 3408 1373 omnes
3432 1318 3554 1389 Spi—

1974 1412 2079 1465 ritu
2111 1419 2314 1472 sancto,
2358 1418 2406 1463 et
2446 1409 2787 1481 loquebantur
2833 1409 3041 1465 verbum
3084 1410 3180 1465 Dei
3211 1428 3327 1466 cum
3356 1412 3553 1481 ﬁducia

1978 1501 2174 1574 (Actor.
2207 1517 2282 1566 iV,
2320 1500 2431 1572 51).
2481 1499 2715 1571 Spiritus
2741 1500 3057 1557 clariﬁcavit
3081 1496 3376 1567 Christum,
3428 1518 3549 1558 cum

1979 1593 2179 1662 impleti
2207 1592 2377 1664 gratia
2403 1593 2632 1661 spiritali
2659 1595 2909 1649 doctores
2956 1594 3147 1659 sancti,
3195 1602 3274 1649 tot
3327 1603 3554 1650 ettanta

1979 1683 2234 1738 miracula
2264 1683 2317 1737 in
2365 1683 2579 1737 nomine
2602 1682 2803 1738 Christi
2842 1681 3109 1749 fecerunt,
3143 1684 3339 1754 quibus
3366 1685 3555 1739 orbem

294 1768 414 1827 Non
444 1776 620 1823 tamen
649 1766 942 1835 putandum
983 1774 1066 1821 est
1091 1767 1145 1821 in
1168 1767 1271 1821 bac
1295 1767 1401 1820 vita
1432 1765 1735 1835 quempiam
1761 1777 1878 1818 om-
1910 1753 1953 1811 Β
1981 1779 2147 1827 totum
2192 1772 2258 1826 ad
2304 1770 2463 1826 {idem
2501 1771 2703 1827 Christi
2738 1753 3173 1838 converterent,
3208 1780 3288 1827 tot
3313 1787 3376 1828 ac
3408 1780 3554 1827 tanta

298 1875 421 1915 nem
450 1859 730 1914 veritatem
773 1872 933 1929 posse
962 1856 1432 1928 comprehendere.
1489 1855 1640 1910 Unde
1667 1861 1723 1909 et
1764 1854 1877 1923 ipse

297 1949 491 2005 beatus
534 1947 732 2004 Paulus
762 1948 1057 2019 apostolus,
1089 1947 1180 2017 qui
1215 1947 1281 2001 ad
1313 1946 1529 2001 tertium
1560 1945 1756 2000 coelum
1792 1958 1880 1997 ra-

297 2051 426 2111 ptus
448 2049 548 2101 est,
597 2048 652 2094 ct
676 2040 747 2094 ibi
773 2039 979 2094 audivit
1004 2054 1199 2094 arcana
1232 2040 1393 2093 verba
1412 2078 1427 2103 ,
1478 2052 1597 2106 qua:
1625 2051 1729 2091 non
1755 2035 1881 2090 licet

297 2134 502 2192 homini
542 2133 686 2203 loqui
723 2133 807 2204 (II
835 2131 955 2187 Cor.
983 2149 1083 2198 xu,
1112 2132 1189 2201 4),
1222 2133 1336 2186 ait:
1379 2132 1461 2185 Ea:
1486 2142 1648 2202 parte,
1685 2131 1878 2200 inquit,

298 2226 675 2294 cognoscitque,
721 2233 769 2277 et
814 2239 880 2277 ea:
915 2234 1062 2294 parte
1088 2224 1493 2293 prop/tetamus;
1545 2238 1664 2275 cum
1706 2230 1881 2275 autem

300 2314 514 2375 venerit,
538 2312 676 2384 quod
695 2313 980 2382 perfectum
998 2322 1095 2375 est,
1120 2311 1480 2374 evacuabitur,
1503 2310 1717 2381 quodex
1735 2319 1883 2379 parte

301 2411 376 2460 est
405 2400 453 2472 (I
482 2401 601 2472 Cor.
633 2417 730 2459 xm
763 2441 776 2466 ,
801 2401 878 2471 9).
911 2401 1317 2470 Intelligendum
1347 2409 1430 2454 est
1460 2414 1605 2469 ergo,
1638 2400 1781 2469 quod
1806 2400 1884 2453 ait

304 2490 371 2551 de
400 2490 626 2564 Spiritu,
669 2492 867 2562 docebit
892 2507 979 2546 vos
1006 2506 1209 2559 omnem
1247 2491 1534 2555 veritatem,
1560 2490 1714 2559 quasi
1741 2490 1885 2543 dice-

307 2594 427 2641 ret:
480 2586 744 2644 [tillundet
789 2586 841 2640 in
872 2586 1067 2641 vestris
1111 2585 1364 2640 cordibus
1395 2584 1731 2646 eharitatem,
1763 2598 1884 2653 qum

305 2691 402 2735 v.05
428 2691 642 2730 omnem
671 2675 954 2729 veritatem
986 2673 1146 2728 faciet
1174 2688 1394 2727 amare:
1439 2672 1590 2739 cujus
1628 2672 1882 2741 magiste-

306 2765 390 2820 rio
429 2766 572 2819 intus
603 2765 802 2829 edocti,
849 2764 1145 2834 proficiatis
1187 2764 1253 2819 de
1292 2763 1491 2817 virtute
1528 2763 1580 2817 in
1606 2763 1882 2828 virtutem,

306 2856 559 2926 dignique
601 2853 905 2910 elliciamini
940 2855 1223 2925 pervenire
1252 2854 1320 2909 ad
1351 2854 1538 2918 vitam,
1579 2853 1631 2906 in
1662 2868 1765 2921 qua
1794 2868 1886 2907 vo—

306 2946 391 3002 bis
413 2957 612 3002 :cterna
636 2946 856 3001 claritas
881 2961 1104 3001 summae
1129 2946 1376 3001 veritatis
1398 2954 1453 3000 et
1478 2960 1625 3000 verre
1642 2943 1885 2999 sublimi-

1975 1879 2076 1934 pro
2120 1863 2319 1920 Christi
2363 1863 2579 1917 nomine
2621 1863 2930 1932 passionum
2980 1863 3276 1917 certamina
3322 1863 3558 1932 pertule-

1978 1962 2105 2008 runt
2127 1953 2177 2006 ιι.
2215 1972 2234 2005 ι
2282 1950 2573 2015 Clariiicat,
2600 1953 2724 2007 dum
2752 1952 3073 2007 charitatem
3100 1953 3155 2006 in
3181 1951 3437 2007 cordibus
3466 1967 3559 2007 uoo

1977 2042 2106 2097 stris
2131 2039 2414 2106 dili'undit,
2459 2049 2515 2096 et
2547 2049 2763 2096 acterna:
2788 2041 2979 2110 patrita
3028 2056 3269 2096 amorem
3311 2042 3557 2112 inSpirat.

1980 2132 2119 2199 Quia
2144 2132 2208 2185 de
2231 2148 2343 2185 meo
2366 2131 2600 2201 accipiet,
2633 2139 2681 2185 et
2710 2130 3041 2184 annuntiabit
3068 2130 3227 2196 vobis,
3270 2131 3324 2185 id
3349 2140 3453 2195 est,
3493 2132 3563 2187 dc

1980 2237 2101 2278 meo
2121 2222 2302 2277 Patre.
2339 2221 2413 2276 De
2450 2220 2612 2275 Patre
2642 2221 2849 2290 accepit
2890 2218 3126 2289 Spiritus
3151 2228 3389 2287 sanctus,
3437 2222 3562 2292 quia

1980 2315 2048 2371 de
2075 2314 2234 2369 Patre
2262 2313 2523 2383 procedit,
2571 2313 2637 2368 de
2660 2329 2768 2384 quo
2807 2321 2863 2367 et
2888 2313 3057 2369 Filius
3101 2321 3258 2368 natus
3303 2323 3425 2370 est:
3472 2315 3564 2386 qui

1988 2419 2111 2459 vero
2147 2405 2212 2458 de
2239 2403 2386 2457 nullo
2427 2411 2589 2457 natus
2622 2403 2717 2467 sit,
2745 2402 2811 2457 de
2837 2402 2985 2458 nullo
3008 2403 3266 2471 procedit,
3297 2403 3460 2459 Pater
3484 2412 3569 2459 est

1982 2494 2146 2549 solus.
2200 2491 2384 2563 (Vens.
2430 2489 2542 2559 15.)
2583 2489 2774 2545 Omnia
2822 2508 3143 2562 quacunque
3184 2493 3336 2546 habet
3383 2494 3568 2561 Pater,

1982 2602 2097 2639 mea
2125 2592 2265 2647 sunt,
2292 2592 2563 2653 propterea
2591 2582 2703 2636 dixi
2730 2581 2853 2654 quia
2877 2581 2942 2634 de
2969 2597 3080 2635 meo
3105 2582 3342 2652 accipiet,
3388 2593 3436 2636 et
3474 2601 3571 2637 an-

1985 2676 2243 2731 nuntiabit
2263 2674 2425 2730 vobis.
2448 2674 2523 2729 De
2537 2674 2622 2729 his
2638 2673 2773 2728 dixit
2787 2687 2906 2742 quae
2917 2671 2983 2725 ad
2996 2672 3164 2741 ipsam
3181 2671 3358 2727 Patris
3377 2671 3573 2726 divinio

1986 2776 2149 2832 tatem
2174 2766 2477 2836 pertinent,
2507 2764 2560 2818 in
2586 2763 2779 2833 quibus
2817 2761 2905 2817 ille
2931 2769 3015 2817 est
3051 2761 3273 2831 :equalis
3295 2760 3443 2816 Patri
3468 2778 3482 2826 ;
3515 2762 3567 2815 in

1986 2859 2185 2928 quibus
2206 2864 2366 2912 estet
2395 2854 2629 2924 Spiritus
2654 2860 2873 2908 sanctus
2899 2850 3121 2923 aequalis
3144 2851 3290 2906 Patri
3320 2858 3377 2906 et
3404 2850 3562 2915 Filio,

1987 2948 2115 3017 quia
2141 2962 2246 3002 una
2285 2944 2606 3008 substantia,
2638 2958 2741 2998 una
2773 2949 2986 3006 natura,
3014 2956 3118 2995 una
3159 2938 3432 3008 maiestas,
3462 2956 3568 2995 una

309 3040 437 3092 tatis
457 3077 474 3102 ,
518 3036 571 3091 id
600 3045 683 3092 est
704 3076 718 3100 ,
766 3036 1143 3106 contemplatio
1183 3036 1349 3091 vestri
1398 3035 1693 3091 conditoris
1722 3049 1884 3104 appa-
1917 3084 1963 3145 Ω
1993 3036 2184 3108 gloria,
2233 3049 2339 3089 una
2367 3033 2641 3089 aeternitas
2665 3029 2794 3103 [est]
2827 3029 3024 3095 Patris,
3055 3037 3110 3085 et
3134 3028 3278 3094 Filii,
3319 3037 3375 3083 et
3404 3027 3570 3100 Spiri-

309 3134 419 3145 _--.
529 3125 817 3145 σημημ
866 3125 976 3145 ιν---
1428 3142 1449 3145 μ
1808 3122 1890 3145 --Α
2000 3137 2012 3145 .
2148 3143 2155 3145 4
2341 3135 2378 3145 -.
2696 3125 2835 3145 πη--
2870 3124 3204 3145 ,ὡκεημμ
3263 3123 3547 3145 ,ῌμιειμ

308 3134 446 3180 reat.
478 3146 497 3178 ι
529 3125 819 3195 Sequitur:
856 3125 985 3179 Non.
1001 3126 1139 3196 enim
1160 3124 1399 3197 loquetur
1418 3142 1450 3178 a
1483 3125 1775 3195 semetipso,
1802 3122 1897 3178 sed

308 3233 628 3289 quwcunque
656 3216 858 3281 audiet,
888 3215 1148 3288 loquetur.
1194 3215 1312 3270 Non
1337 3216 1480 3268 enim
1510 3214 1749 3285 loquitur
1774 3212 1896 3285 Spi-

309 3309 448 3363 ritus
470 3324 501 3362 a
530 3308 836 3375 semetipso,
866 3307 1113 3362 fortassis
1140 3307 1264 3376 quia
1292 3322 1397 3361 non
1427 3314 1507 3360 est
1527 3323 1557 3360 a
1579 3306 1893 3376 semetipso,

312 3398 406 3454 sed
429 3396 650 3454 aPatt'e.
683 3397 816 3454 Nam
847 3397 1010 3452 Filius
1035 3404 1193 3453 natus
1218 3405 1302 3452 est
1323 3414 1354 3452 a
1376 3397 1554 3463 Patre,
1580 3408 1633 3455 et
1662 3397 1899 3469 Spiritus

311 3498 532 3545 sanctus
561 3489 803 3559 procedit
831 3504 860 3543 a
902 3488 1101 3542 Patre:
1152 3503 1258 3543 non
1298 3487 1442 3542 enim
1475 3489 1714 3558 loquitur
1752 3502 1783 3541 a
1813 3502 1899 3543 se-

314 3580 561 3648 metipso,
591 3580 645 3633 id
668 3588 772 3645 est,
799 3579 916 3633 sine
936 3577 1111 3632 Patris
1139 3586 1194 3632 et
1216 3578 1339 3633 Filii
1366 3578 1742 3633 communione
1765 3575 1895 3650 [Αι.,

313 3668 715 3742 commotione].
770 3668 886 3724 Non
913 3670 1054 3724 enim
1083 3670 1287 3725 divisus
1309 3678 1392 3725 est
1421 3668 1656 3740 Spiritus
1679 3680 1901 3725 sanctus

316 3772 350 3811 a
380 3757 539 3813 Patre
564 3766 618 3813 et
641 3758 798 3824 Filio,
844 3756 939 3813 sed
965 3774 1128 3813 unum
1156 3774 1290 3828 opus
1317 3766 1401 3813 est
1422 3757 1598 3813 Patris
1619 3767 1673 3812 et
1696 3757 1817 3811 Filii
1845 3762 1902 3811 et

317 3849 556 3919 Spiritus
578 3851 769 3906 sancti.
821 3869 839 3900 ι
877 3849 984 3905 Sed
1009 3865 1340 3919 quaacunque
1364 3849 1563 3913 audiet,
1613 3849 1860 3915 loquetur
1885 3859 1898 3897 :

317 3939 503 4008 audiet
535 3941 784 4015 videlicet
810 3954 908 4015 per
933 3940 1193 3999 unitatem
1235 3938 1548 3992 substantia:
1584 3946 1638 3990 et
1660 3937 1904 4006 proprie-

325 4037 492 4091 tatem
519 4029 776 4090 scientite.
824 4026 940 4082 Non
966 4027 1202 4096 loquitur
1229 4042 1259 4081 a
1298 4027 1607 4097 semetipso,
1642 4028 1766 4097 quia
1794 4044 1902 4083 non

318 4128 409 4177 est
432 4135 463 4172 a
493 4118 799 4186 semetipso.
844 4116 1005 4172 Pater
1036 4117 1232 4188 quippe
1272 4117 1418 4173 solus
1441 4120 1506 4174 de
1535 4119 1640 4174 alio
1670 4136 1772 4175 non
1796 4129 1900 4187 est,

320 4208 494 4265 Filius
534 4223 567 4261 a
605 4207 762 4262 Patre
799 4207 1030 4278 genitus,
1061 4216 1115 4262 et
1143 4207 1378 4278 Spiritus
1417 4217 1637 4265 sanctus
1677 4226 1708 4264 a
1741 4211 1904 4266 Patre

321 4297 588 4370 procedit.
618 4296 699 4353 Ab
728 4297 844 4367 ipso
865 4298 1007 4353 enim
1035 4299 1217 4354 audiet
1242 4298 1477 4369 Spiritus
1502 4306 1721 4356 sanctus
1747 4317 1776 4355 a
1796 4316 1904 4372 quo

2000 3137 2087 3193 tas
2111 3128 2302 3192 sancti,
2331 3135 2386 3182 et
2406 3136 2491 3182 est
2526 3140 2668 3187 unus
2696 3125 2838 3181 Deus
2864 3124 3225 3194 omnipotens,
3263 3123 3571 3189 invisibilis,

1999 3215 2552 3288 incomprehensibilis
2575 3215 2723 3270 omni
2751 3222 3034 3278 creaturas,
3064 3213 3228 3268 Pater
3253 3221 3307 3269 et
3330 3212 3499 3268 Filius
3522 3225 3576 3269 e1

2002 3307 2237 3379 Spiritus
2265 3314 2505 3365 sanctus.
2538 3304 2796 3376 Sequitur
2820 3322 2842 3361 ι

2509 3438 2735 3515 CAPUT
2771 3437 2919 3492 XXX
2928 3437 3054 3511 Vlll.

2005 3574 2269 3630 Modicum
2300 3591 2353 3629 se
2382 3574 2446 3627 ab
2481 3573 2555 3626 eis
2586 3570 2860 3626 ridendum
2889 3571 3023 3622 dirit-
3044 3583 3067 3620 :-
3097 3579 3146 3623 et
3181 3568 3366 3621 iterant
3413 3571 3581 3622 modi-

2073 3661 2208 3705 cum,
2253 3654 2301 3696 et
2330 3659 2434 3696 non
2474 3638 2785 3706 ridendum.
2811 3637 2885 3689 De
2917 3652 3018 3706 quo
3046 3638 3394 3705 qumrentibus
3420 3638 3579 3692 disci-

2071 3704 2229 3783 pulis,
2253 3710 2654 3783 similitudinem
2680 3704 2912 3783 mulieris
2930 3704 3059 3783 ipost
3087 3714 3428 3783 partum_prtr
3451 3724 3581 3777 gau-

2071 3775 2159 3834 dio
2194 3780 2420 3833 tristitia!
2468 3793 2570 3829 non
2601 3775 2969 3829 rcminiscentis
3012 3775 3231 3829 inducit.
3277 3775 3344 3828 Et
3387 3775 3514 3834 quos
3548 3795 3581 3830 a

2074 3848 2236 3902 Patre
2250 3847 2419 3901 amari
2438 3845 2716 3914 signiﬁcat.
2743 3845 3041 3914 corroborat
3069 3844 3343 3914 relicturus
3371 3844 3581 3900 dicens:

2073 3918 2130 4000 In
2157 3912 2683 4039 munthipreSSuraiit
2707 3913 2996 3976 habebitis,
3043 3914 3135 3968 sed
3162 3912 3430 3978 confidite,
3481 3930 3581 3986 ego

2075 4003 2178 4039 VlCl
2209 4001 2335 4039 mun
2375 4000 2484 4039 um.

2075 4003 2178 4042 VlCl
2209 4000 2484 4041 munaum.

2078 4121 2236 4176 Vsus.
2259 4118 2281 4171 1
2293 4117 2440 4172 6-19.
2456 4146 2527 4157 --
2542 4113 2825 4179 Modicum,
2842 4122 2891 4168 et
2907 4129 3011 4168 non
3026 4112 3258 4167 uidebitis
3275 4129 3374 4178 me,
3396 4117 3582 4169 iterum

2003 4212 2300 4269 modicum.
2338 4219 2385 4264 et
2432 4208 2666 4263 videbitis
2718 4223 2839 4272 me,
2884 4206 3008 4278 quia
3055 4204 3189 4260 uado
3234 4204 3304 4259 ad
3349 4202 3581 4261 Patrem.

2011 4322 2027 4355 ι
2065 4315 2087 4344 α
2114 4303 2416 4359 Notandum
2441 4308 2643 4365 autem,
2670 4299 2795 4369 quia
2822 4306 2933 4354 tota
2959 4298 3208 4353 lectionis
3234 4296 3392 4366 hujus
3423 4314 3585 4354 evan-

321 4392 606 4465 procedit,
645 4391 769 4460 quia
794 4405 900 4446 non
940 4399 1025 4447 est
1061 4408 1089 4445 a
1131 4392 1326 4462 seipse,
1375 4392 1469 4448 sed
1496 4394 1564 4449 ab
1608 4393 1700 4449 illo
1729 4409 1759 4448 a
1794 4409 1902 4465 quo
1934 4428 1983 4489 υ
2005 4394 2187 4466 εειίοω
2214 4392 2386 4448 series
2424 4391 2529 4446 illis
2569 4388 2840 4453 convenit,
2891 4389 2983 4458 qui
3011 4404 3131 4444 eam
3173 4401 3466 4459 praesentes
3494 4407 3587 4445 an-

324 4482 586 4553 procedit.
616 4480 684 4554 [Α
707 4496 813 4552 quo
829 4490 911 4537 est
940 4481 1015 4537 illi
1042 4482 1388 4554 intelligentia
1407 4484 1595 4556 (Beda,
1622 4485 1898 4556 essentia),

328 4575 399 4629 ab
428 4573 518 4628 illo
546 4574 728 4645 utique
768 4580 823 4629 et
848 4573 1118 4646 scientia].
1166 4574 1248 4628 Ab
1274 4574 1365 4630 illo
1412 4576 1573 4645 igitur
1609 4575 1902 4640 audientia,

328 4664 474 4732 quod
502 4662 643 4734 nihil.
670 4672 753 4718 est
794 4663 938 4718 aliud
972 4678 1132 4732 quam
1179 4664 1423 4718 scicntia.
1480 4664 1632 4730 Quod
1661 4680 1788 4719 vero
1812 4665 1907 4720 ad-

322 4752 540 4823 junxit:
574 4752 640 4805 Et
660 4769 776 4825 qua:
804 4761 1016 4807 uentura
1041 4762 1180 4818 sunt,
1211 4754 1543 4808 annuntiabit
1570 4755 1727 4808 vobis.
1768 4754 1907 4808 Con-

334 4850 439 4896 stat
462 4843 602 4914 enim
633 4844 916 4915 nonnullos
937 4851 1244 4898 sanctorum
1285 4843 1339 4897 in
1368 4843 1571 4912 Spiritu
1597 4854 1785 4899 sancto
1825 4844 1911 4898 fu-

338 4943 455 4987 tura
493 4934 843 5010 praedixisse;
887 4955 913 5003 »ν
935 4932 1028 5001 sed
1061 4943 1239 4989 tamen
1269 4933 1428 4988 altius
1456 4944 1580 4988 sunt
1613 4935 1727 4989 haec
1748 4933 1911 4989 verba

337 5027 544 5081 Domini
568 5026 975 5098 COﬂSidCi‘a‘lldtl,
1004 5042 1123 5096 qua:
1146 5026 1395 5081 omnibus
1431 5026 1633 5080 sanctis
1669 5040 1913 5081 commu-

335 5120 423 5174 nia
452 5132 570 5173 esse
598 5125 842 5187 possunt.
897 5137 919 5183 ι,
948 5117 1114 5187 igitur
1162 5116 1396 5186 Spiritus
1442 5116 1750 5180 adveniens,
1794 5131 1916 5185 qua:

336 5218 560 5281 ventura
594 5216 720 5263 sunt
769 5210 1070 5280 annuntiat,
1122 5225 1244 5269 cum
1293 5208 1484 5278 gaudia
1534 5207 1688 5262 nobis
1729 5206 1916 5275 patria:

325 5297 561 5354 caelestis
602 5298 668 5351 ad
716 5299 1028 5351 memoriam
1072 5299 1311 5357 reducit.
1370 5314 1491 5352 cum
1523 5297 1657 5351 festa
1706 5298 1791 5352 illa
1826 5313 1918 5351 su-

337 5406 518 5460 pernae
566 5390 800 5446 civitatis
836 5403 933 5459 per
973 5388 1167 5443 donum
1219 5390 1372 5443 nobis
1416 5405 1526 5444 sua:
1574 5387 1919 5458 aspirationis

347 5478 600 5533 innotuit.
650 5477 886 5532 Ventura
924 5476 1077 5531 nobis
1105 5477 1406 5540 annuntiat,
1455 5493 1574 5531 cum
1607 5492 1702 5544 nos
1732 5492 1760 5529 a
1788 5476 1921 5537 difeg

414 5603 435 5631 ο
466 5589 544 5646 Ex
565 5590 721 5645 Beda:
748 5591 891 5647 hom.
924 5590 1106 5644 citata.

416 5661 444 5700 ³
474 5660 755 5723 Deﬁciunt,
785 5656 903 5728 qua:
924 5656 1149 5729 cingula
1181 5656 1523 5724 supplruntur

2004 4485 2217 4542 dierum
2244 4498 2275 4536 a
2301 4480 2567 4537 Domino:
2613 4478 2762 4548 prius
2789 4488 2968 4549 autem
3020 4478 3125 4546 illis
3173 4477 3300 4550 [Μαι.
3342 4490 3390 4533 et
3416 4477 3583 4545 Beda,

2002 4576 2136 4631 Pars
2162 4582 2340 4629 autem
2365 4568 2529 4643 illius]
2553 4570 2717 4626 etiam
2742 4577 2797 4622 et
2820 4568 2992 4629 nobis,
3026 4568 3116 4637 qui
3141 4576 3263 4638 post
3280 4569 3587 4639 passionem

2003 4672 2058 4726 et
2110 4668 2561 4724 resurrectionem
2608 4664 2946 4719 Dominicam
2993 4666 3059 4719 ad
3111 4663 3270 4720 ﬁdem
3318 4666 3584 4730 venimus,

2005 4761 2283 4831 aptissime
2311 4757 2578 4830 congruit.
2633 4755 2785 4822 Quod
2832 4764 3012 4810 autem
3054 4756 3164 4809 ait:
3214 4754 3500 4819 Modicum,
3540 4767 3586 4809 et

2011 4869 2115 4908 non
2148 4849 2380 4905 videbitis
2421 4863 2523 4912 nte,
2569 4848 2755 4900 iterum
2793 4845 3082 4908 modicum,
3130 4853 3177 4898 et
3224 4844 3456 4898 videbitis
3487 4861 3583 4905 me,

2012 4945 2136 5015 quia
2178 4941 2311 4996 uado
2354 4938 2422 4994 ad
2456 4936 2709 5002 Patrem,
2740 4939 2806 4992 ad
2832 4936 2952 4991 illos
2994 4935 3297 5005 specialiter
3333 4936 3583 5005 pertinet,

2014 5035 2107 5104 qui
2136 5035 2254 5104 ejus
2280 5029 2621 5101 discipulatui
2646 5028 2991 5099 prtedicantis
3020 5028 3073 5082 in
3105 5041 3267 5082 carne
3292 5027 3586 5089 adhzercre,

2016 5133 2073 5178 et
2118 5130 2239 5192 post
2285 5120 2561 5176 tristitiam
2604 5116 2873 5188 passionis
2921 5115 3037 5170 visa
3096 5116 3491 5170 resurrectione
3534 5124 3589 5169 et

2018 5209 2332 5268 ascensione
2380 5209 2497 5279 ejus
2550 5204 2808 5262 laatilicari
2873 5213 3202 5259 meruerunt.
3238 5223 3257 5256 ι
3323 5203 3589 5259 Modicum

2023 5303 2183 5358 etiam
2212 5300 2314 5354 fuit
2343 5300 2410 5353 ab
2433 5298 2521 5352 illa
2549 5298 2679 5352 hora
2722 5295 2865 5351 illius
2889 5294 3064 5350 noctis
3093 5309 3196 5364 qua
3223 5294 3450 5350 traditus
3484 5303 3587 5359 est,

2024 5393 2079 5447 in
2100 5392 2289 5447 horam
2328 5387 2591 5459 passionis
2616 5400 2744 5447 sum,
2789 5384 2932 5454 quod
2964 5398 3085 5439 eum
3131 5383 3374 5454 discipuli
3401 5398 3593 5440 carnao

2024 5484 2147 5539 liter
2168 5479 2417 5535 videbant
2445 5494 2458 5541 ;
2501 5486 2554 5531 rt
2577 5476 2770 5530 iterum
2801 5473 3067 5529 modicum
3095 5471 3192 5527 fuit
3219 5474 3357 5542 quod
3381 5472 3594 5528 clausus

2100 5606 2120 5632 τ
2152 5595 2227 5648 Ex
2256 5592 2409 5647 Beda:
2436 5591 2578 5645 hom.
2610 5590 2761 5644 Dom.
2786 5586 3035 5642 Jubilate.
