4000 6190
221 316 319 383 957

1026 303 1434 367 EXEGETICA.
1466 332 1534 342 —-
1556 299 1909 358 COMMENT.
1949 298 2018 354 IN
2054 299 2244 358 JOAN.
2281 331 2351 342 -—-
2386 299 2515 354 LIB.
2560 299 2644 354 γι.

3370 294 3481 356 958

218 444 321 497 non
354 428 409 491 in,
433 422 648 489 nomine
679 434 796 479 meo
825 416 1063 487 petistis,
1093 414 1231 484 quod
1265 427 1459 467 nomen
1487 426 1623 471 non,
1656 410 1796 463 sicut
1824 414 1869 475 Α
1897 426 2020 467 cum
2059 411 2390 484 signiﬁcasse
2424 410 2690 474 arbitror,
2728 409 2819 465 ubi
2850 410 2927 465 ait
2954 425 2967 464 :
3000 409 3068 465 Et
3099 426 3204 464 non
3239 410 3357 466 diro
3393 427 3482 465 ro-

218 514 644 595 cognoscendum
864 517 965 574 est,
995 505 1322 577 cognovistis
1350 523 1363 558 :
1395 503 1479 557 vel
1519 518 1628 556 non
1664 500 1793 570 peti-

219 593 315 677 stis:
345 607 659 678 quidquam,
703 599 953 670 quoniam
992 598 1044 659 in
1084 596 1486 667 comparatione
1520 593 1596 648 rei
1636 606 1799 661 quam

219 712 396 772 petere
419 693 700 757 debuistis,
732 706 828 761 pro
856 690 1021 742 nihilo
1045 686 1349 745 habendum
1381 683 1631 772 estquod
1665 681 1803 750 ρειί-

219 771 336 851 eis,
371 806 388 839 ι
421 784 543 855 quia
576 782 666 851 qui
699 780 855 849 petit,
888 777 1027 849 quod
1044 775 1109 830 ad
1125 776 1510 843 sempiternam
1537 771 1803 845 [qusu‘

220 875 466 949 pernam]
495 874 729 933 salutent
753 878 806 924 et
832 860 1090 941 gaudium
1114 861 1374 939 mternnm
1403 881 1507 921 non
1535 861 1807 932 pertinet,

204 970 252 1037 in
278 969 351 1024 hil
387 975 571 1038 petere
599 963 806 1027 videtur
838 961 905 1015 ad
939 959 1394 1033 comparationem
1423 955 1563 1009 illius
1592 951 1805 1021 petitio-

217 1064 325 1126 nis,
372 1073 532 1131 quam
580 1064 761 1125 petere
805 1051 1007 1107 deﬁnit.
1070 1048 1240 1121 Usque
1272 1048 1425 1101 modo
1467 1064 1567 1101 nan
1609 1045 1804 1116 petistis

210 1154 505 1224 quidquam
534 1149 591 1202 in
612 1145 815 1200 nomine
853 1159 988 1203 meo.
1029 1140 1124 1196 Vel
1152 1140 1222 1195 ita
1256 1136 1654 1208 intelligendum
1679 1140 1760 1189 est
1789 1150 1801 1186 :

215 1223 344 1309 κοιλ
370 1242 638 1312 petierunt
661 1244 883 1290 eatenus
901 1233 953 1285 in
969 1231 1183 1285 nomine
1199 1226 1518 1299 salvatoris,
1534 1224 1665 1295 quia
1677 1223 1804 1277 dum

214 1334 389 1403 ipsius
411 1326 705 1385 Salvatoris
728 1321 993 1379 visibilem
1016 1318 1355 1390 praesentiam
1378 1314 1807 1385 contemplaren-

214 1435 329 1488 l_,~°.t‘,
362 1422 537 1475 minus
559 1417 625 1473 ad
654 1412 942 1469 invisibilia
962 1410 1153 1467 salutis
1172 1409 1309 1464 dona
1334 1406 1529 1461 mentis
1554 1403 1805 1459 intuitum

210 1486 525 1572 arcuerant.
553 1505 653 1573 Qui
677 1519 803 1561 vero
825 1509 1012 1556 contra
1034 1500 1296 1554 rationem
1322 1496 1509 1552 salutis
1524 1512 1633 1551 suae
1650 1493 1804 1565 petit,

215 1619 327 1671 non
358 1600 492 1671 petit
522 1598 579 1653 in
605 1594 823 1652 nomine
849 1592 999 1647 Jesu.
1042 1590 1179 1644 Hinc
1207 1599 1260 1643 et
1292 1588 1551 1643 Dominus
1579 1600 1809 1656 sequen-

215 1670 301 1763 ίῳ·
331 1689 406 1745 ait
434 1701 449 1739 :
477 1684 644 1738 Petita
680 1691 728 1736 et
765 1680 1029 1750 accipietis
1051 1719 1065 1743 ,
1098 1688 1153 1730 ut
1191 1676 1445 1746 gaudium,
1480 1684 1703 1729 vestrum
1740 1672 1806 1727 sit

1901 504 1997 568 bis,
2026 504 2147 574 quia
2167 520 2257 572 ego
2282 502 2472 572 rogabo
2500 499 2710 559 Patrem
2731 501 2794 555 de
2813 502 2972 557 vobis.
3008 501 3193 556 Potest
3210 502 3357 556 enim
3376 516 3482 558 non

1904 596 2341 650 inconvenienter
2377 594 2545 663 accipi
2579 597 2721 663 quod
2756 594 2831 647 ait
2864 611 2875 643 τ
2910 593 2978 649 Et
3017 609 3118 647 non
3156 594 3272 647 dico
3311 594 3485 658 vobis,

1902 689 2025 758 quia
2051 704 2143 757 ego
2172 686 2361 755 rogabo
2391 682 2607 741 Patrem
2642 684 2704 739 de
2740 684 2919 738 vobis:
2944 685 3069 752 quia
3106 700 3213 738 non
3252 685 3319 739 de
3349 698 3489 753 prata

1904 776 2065 840 senti,
2091 792 2250 845 rogo;
2280 776 2373 831 sed
2411 776 2476 829 de
2507 774 2692 831 futuro
2728 770 3016 845 [tempore]
3055 773 3234 840 posuit
3272 771 3486 842 rogabo,

1904 868 2051 938 quod
2072 867 2273 921 sanctis
2288 867 2352 922 ad
2369 869 2631 921 internum
2648 880 2837 934 pacem
2854 864 2982 937 [Με.
2994 904 3007 928 ,
3030 864 3081 918 in
3106 864 3319 917 interna
3332 860 3487 935 pace}

1905 958 2159 1030 receptis,
2184 972 2288 1017 non
2325 972 2461 1029 Opus
2501 957 2571 1010 sit
2601 956 2719 1025 jam
2751 955 2957 1023 aliquid
2981 969 3173 1023 rogare
3206 952 3315 1026 [de]
3360 953 3489 1019 illis,

1904 1049 2033 1118 quia
2067 1046 2323 1116 nimirum
2363 1053 2509 1103 tanta
2545 1044 2877 1105 beatitudine
2910 1043 3144 1098 donandi
3182 1044 3291 1098 sint
3316 1084 3330 1109 ,
3369 1059 3492 1113 quae

1905 1139 2132 1209 amplior
2155 1152 2276 1193 esse
2303 1150 2409 1191 non
2433 1135 2623 1206 possit.
2664 1132 2851 1206 (Vens.
2875 1133 2989 1203 Ἥ.)
3025 1132 3144 1202 Ipse
3168 1134 3305 1185 enim
3332 1134 3493 1188 Pater

1905 1240 2048 1301 antth
2086 1247 2195 1295 vos,
2230 1231 2352 1300 quia
2385 1245 2470 1283 vos
2501 1244 2581 1283 me
2618 1228 2829 1291 amatis,
2867 1235 2915 1279 et
2952 1225 3267 1290 credidistis,
3297 1226 3419 1295 quia
3459 1243 3494 1283 tt

1905 1320 2015 1391 Deo
2053 1321 2206 1379 exiri.
2265 1318 2389 1379 Non
2417 1319 2491 1377 ita
2526 1317 2933 1388 intelligendum
2963 1325 3084 1383 est,
3123 1317 3267 1387 quod
3305 1316 3440 1371 dixit
3473 1334 3495 1372 ε

1909 1409 2047 1475 Quia
2071 1427 2157 1465 vos
2180 1426 2261 1473 me
2287 1411 2497 1481 annalis,
2524 1408 2677 1480 quasi
2702 1409 2908 1477 priores
2944 1408 3023 1462 illi
3057 1417 3305 1467 amarent
3338 1407 3495 1464 Chri-

1907 1509 2048 1556 stum
2084 1519 2095 1553 :
2125 1499 2221 1555 sed
2256 1500 2328 1557 ita
2359 1500 2536 1569 potius
2572 1500 2699 1567 quia
2737 1498 2897 1555 Pater
2932 1498 3052 1553 illos
3077 1499 3314 1569 gratuito
3342 1514 3495 1554 amo-

1908 1608 1967 1661 re
1992 1593 2343 1665 prasvenerit,
2360 1601 2524 1662 atque
2550 1592 2616 1647 ad
2642 1591 2935 1649 amandum
2954 1592 3386 1662 credendumque
3406 1591 3497 1647 Fi-

1908 1682 2067 1748 lium,
2093 1699 2124 1736 a
2152 1683 2351 1743 mundo
2376 1681 2687 1747 sustulerit;
2715 1690 2772 1736 et
2794 1682 2918 1752 quia
2955 1681 3059 1752 ipsi
3096 1682 3332 1752 agnitum
3369 1682 3497 1737 Filii

209 1751 448 1847 plenum,
476 1769 959 1846 signiﬁcans,qnid
988 1769 1061 1826 sit
1088 1766 1241 1821 nobis
1261 1766 1571 1836 petendum,
1615 1763 1667 1817 id
1698 1771 1801 1828 est,
1834 1751 1881 1819 Β
1908 1772 2248 1829 ἀυοιιίοιιειη
2275 1786 2339 1827 ac
2369 1771 2535 1829 ﬁdem
2567 1772 2660 1841 pia
2693 1779 2749 1825 ει
2784 1751 3014 1825 sollicito
3047 1751 3213 1826 corde
3247 1784 3499 1826 servavt}-

211 1853 275 1921 ut
293 1867 507 1937 plenum
525 1864 595 1919 sit
615 1862 867 1932 gaudium
888 1868 1132 1915 nostrum
1153 1877 1165 1911 :
1185 1858 1321 1915 unde
1336 1857 1431 1920 ait,
1449 1866 1495 1910 ct
1517 1854 1802 1924 accipietis.

213 1957 277 2012 Si
303 1956 393 2010 illa
422 1954 656 2026 petimus
681 1967 801 2022 qum
830 1952 897 2007 ad
934 1950 1321 2022 plenitudinem
1361 1948 1605 2002 laborum
1638 1946 1809 2016 perti-

216 2055 388 2133 neant
411 2047 831 2121 etgaudiqrum,
856 2043 1203 2114 accipiemus.
1246 2040 1469 2095 Plenum
1506 2054 1638 2110 ergo
1672 2053 1806 2109 gau-

210 2127 390 2209 dium,
418 2136 806 2194 beatitudinem
839 2142 1111 2205 perpetem
1137 2132 1287 2201 pacis
1315 2129 1566 2201 appellat.
1597 2127 1689 2182 Ait
1714 2128 1809 2182 ita-

208 2212 361 2302 que:
386 2226 551 2282 Petite
580 2237 626 2281 et
648 2225 939 2297 accipietis,
984 2232 1039 2276 ut
1069 2221 1320 2293 gaudium
1351 2229 1573 2274 vestrum
1604 2220 1669 2272 sit
1701 2216 1811 2287 pic-

211 2337 346 2376 num
371 2336 391 2386 ;
419 2335 483 2374 ac
512 2318 557 2373 si
586 2326 834 2389 patenter
860 2316 1003 2370 dicat
1028 2329 1039 2367 :
1067 2311 1182 2368 Non
1207 2312 1348 2367 ﬁuxa
1382 2311 1562 2366 srcculi
1592 2310 1808 2381 gaudia,

211 2426 341 2482 quia
360 2419 417 2464 et
438 2423 667 2485 maerore
688 2421 902 2475 semper
924 2406 1089 2476 mixta
1114 2412 1166 2457 rt
1188 2403 1371 2458 dolore
1395 2402 1627 2456 ﬁnienda
1649 2409 1806 2465 sunt;

211 2480 316 2576 sed
335 2500 466 2555 illud
494 2480 763 2570 singulare
794 2497 1045 2569 gaudium
1074 2511 1103 2548 a
1134 2494 1296 2547 Patre
1320 2493 1501 2562 petite,
1533 2490 1684 2560 cujus
1702 2490 1813 2559 ple-

214 2591 414 2663 nitudo
445 2590 590 2644 nullo
617 2586 903 2661 [unquam]
934 2583 1218 2656 cujuslibet
1250 2582 1634 2652 inquietudinis
1675 2589 1814 2633 atta-

215 2672 315 2761 ctu
341 2683 637 2757 minuatur,
667 2678 942 2734 :eternitas
979 2675 1121 2731 nullo
1157 2688 1394 2744 unquam
1436 2672 1666 2725 termino
1704 2669 1814 2723 dis-

216 2773 482 2827 solvatur.
520 2770 579 2824 Si
606 2784 736 2840 ergo
760 2767 885 2823 talia
912 2766 1144 2838 petendo
1170 2763 1534 2837 perstiteritis,
1570 2761 1695 2819 talia
1722 2775 1814 2831 pe-

215 2863 386 2929 tendo
420 2859 602 2933 procul
639 2860 802 2914 dubio
831 2873 952 2928 quae
988 2856 1173 2927 petitis
1212 2854 1510 2926 accipietis,
1549 2853 1595 2907 si
1635 2867 1815 2907 mores

219 2936 394 3008 tuenti
421 2950 749 3007 concordant
776 2950 1040 3030 petentis;
1070 2963 1261 3019 parum
1289 2945 1432 3024 enim
1461 2943 1713 3019 utilitatis
1737 2942 1815 2996 a-f-

1907 1862 2037 1926 rint,
2066 1861 2361 1932 majoribus
2380 1876 2474 1917 eos
2502 1861 2658 1917 donis
2681 1868 2918 1931 paterna:
2938 1860 3244 1917 dilectionis
3264 1876 3384 1917 esse
3408 1878 3496 1917 re-

1907 1961 2251 2017 muneratos,
2284 1967 2389 2007 una
2417 1968 2540 2008 cum
2570 1951 2706 2015 Filio
2735 1961 2791 2008 et
2821 1951 3021 2022 Spiritu
3062 1960 3250 2009 sancto
3281 1968 3496 2017 amare,

1908 2059 2043 2113 quos
2065 2058 2251 2098 amore
2276 2043 2466 2114 dignos
2480 2042 2708 2113 iudicat.
2751 2042 2907 2127 Quod
2928 2058 3058 2099 vero
3082 2042 3348 2113 adjunxit,
3369 2044 3497 2114 quia

1908 2150 1995 2188 vos
2021 2150 2103 2188 me
2127 2134 2337 2199 amatis,
2365 2135 2553 2189 eadem
2593 2135 2802 2195 ratione
2836 2134 3174 2189 sentiendum
3212 2142 3315 2190 est.
3357 2134 3499 2201 Qua-

1907 2228 2130 2293 propter
2154 2221 2462 2292 quicunque
2484 2221 2680 2278 Filium
2710 2229 2854 2277 recte
2882 2230 3029 2276 amat
3049 2220 3202 2293 [Ms.,
3229 2232 3377 2278 recte
3400 2222 3494 2277 ha-

1909 2309 2055 2381 bet],
2083 2311 2225 2369 hunc
2256 2326 2378 2366 cum
2418 2310 2580 2366 Patre
2608 2320 2661 2366 et
2690 2310 2898 2382 Spiritu
2937 2319 3127 2366 sancto
3157 2322 3302 2367 amet
3342 2310 3501 2383 [Ms.,

1911 2400 2079 2472 amat]
2113 2419 2125 2453 :
2158 2401 2283 2469 quia
2320 2416 2550 2469 quorum
2588 2401 2964 2470 inseparabilis
3001 2410 3082 2456 est
3120 2409 3315 2455 natura
3365 2401 3502 2455 divi-

1911 2490 2111 2553 nitatis,
2141 2491 2336 2545 horum
2363 2506 2470 2545 una
2496 2491 2789 2559 eademque
2816 2499 2945 2544 sunt
2962 2492 3100 2546 dona
3123 2493 3339 2547 virtutis
3363 2510 3374 2544 :
3401 2493 3504 2546 huc.

1912 2591 2026 2647 est,
2063 2581 2208 2651 quod
2242 2581 2437 2635 amatis
2462 2588 2517 2636 et
2541 2581 2761 2636 creditis
2787 2579 2920 2651 [ΑΙ.,
2951 2581 3280 2654 credidistis]
3320 2584 3442 2653 quia
3465 2600 3499 2636 a

1916 2675 2025 2730 Deo
2056 2674 2212 2729 exivi.

1982 2767 2147 2838 615
2173 2767 2334 2822 Vens.
2366 2766 2456 2823 28.
2473 2766 2711 2821 —Ea'ivi
2724 2766 2953 2833 aPatre,
2969 2776 3016 2821 et
3030 2767 3146 2822 veni
3156 2767 3212 2821 in
3223 2767 3499 2833 mundum,

1912 2860 2101 2913 iterum
2129 2857 2359 2928 relinquo
2381 2856 2656 2924 mundum,
2684 2868 2733 2913 et
2757 2858 2887 2914 vado
2911 2858 2981 2912 ad
3005 2855 3242 2912 Patrem.
3278 2857 3509 2912 Exivita

1914 2947 2097 3013 Patre,
2124 2956 2179 3001 et
2202 2947 2349 3009 venit
2376 2947 2738 3013 inmundum,
2771 2949 2897 3019 quia
2926 2947 3156 3003 visibilis
3182 2948 3383 3003 mundo
3408 2963 3504 3017 ap-

219 3043 332 3124 {ert
357 3043 496 3099 bene
521 3041 728 3098 orando
755 3055 989 3111 superna
1021 3052 1286 3110 qurerere,
1326 3038 1425 3107 qui
1457 3051 1573 3092 non.
1603 3034 1820 3091 desistit
1840 3106 1882 3124 Α
1913 3040 2164 3110 paruitin
2185 3040 2542 3103 humanitate,
2567 3040 2659 3110 qui
2679 3049 2798 3095 erat
2818 3040 3101 3096 invisibilis
3122 3042 3264 3112 apud
3284 3040 3502 3095 Patrem

220 3110 480 3221 ίξθτνθηθ
509 3131 737 3188 νίνθῐιάο
766 3131 965 3186 inﬁmis
997 3130 1282 3200 implicari:
1319 3129 1506 3199 (Ῡειιεο
1682 3124 1812 3181 HW
1836 3106 1884 3169 ο
1916 3136 1972 3209 in
2010 3135 2317 3201 divinitate;
2357 3136 2526 3191 exivit
2558 3151 2590 3190 a
2627 3134 2812 3199 Patre,
2850 3135 2977 3206 quia
3008 3150 3115 3190 non
3150 3135 3205 3189 in
3242 3150 3305 3191 ea
3334 3134 3509 3191 forma

220 3218 279 3288 in
306 3225 587 3296 proverbiis
612 3224 817 3279 locutus
844 3239 959 3293 sum
982 3223 1143 3293 vobis.
1195 3220 1526 3294 Venit-hora,
1558 3235 1677 3282 cum
1692 3218 1814 3289 jam

222 3299 330 3391 non
357 3317 415 3370 in
442 3315 726 3387 proverbiis
758 3314 945 3385 loquar
983 3315 1140 3379 vobis,
1188 3314 1278 3368 sed
1324 3312 1501 3384 palam
1542 3311 1606 3366 de
1651 3308 1815 3365 Patre

224 3405 549 3461 annuntiabo
569 3404 730 3460 vobis.
757 3404 893 3459 Nam
915 3405 1089 3460 adhuc
1108 3403 1314 3475 parvuli
1332 3402 1565 3469 fuerant,
1581 3401 1812 3457 necdum

228 3495 529 3575 intelligere
539 3504 846 3567 potuerant,
862 3496 1133 3566 quomodo
1155 3495 1315 3550 Pater
1336 3502 1479 3549 esset
1501 3495 1554 3548 in
1583 3492 1738 3557 Filio,
1760 3500 1816 3547 et

228 3585 400 3665 Filius
426 3587 481 3641 in
507 3586 697 3653 Patre;
727 3595 783 3643 et
816 3594 1013 3642 caetera
1049 3601 1170 3656 quae
1210 3587 1277 3641 ad
1313 3584 1580 3655 profunda
1618 3592 1816 3655 myste-

228 3676 763 3751 riorum-divinitatis
789 3676 1151 3746 pertinebant,
1191 3677 1417 3732 necdum
1457 3677 1597 3732 scire
1628 3684 1818 3745 potue-

226 3775 379 3826 runt.
414 3766 537 3823 Ideo
556 3768 611 3824 in
630 3770 950 3839 proverbiis,
973 3770 1125 3841 quasi
1145 3771 1199 3824 in
1222 3771 1524 3840 aenigmate,
1566 3768 1713 3837 loqui
1750 3768 1817 3822 il-

230 3841 303 3917 lis
329 3855 610 3912 videbatur
643 3859 929 3923 Dominus;
967 3858 1063 3913 sed
1089 3859 1355 3926 promittit
1393 3857 1481 3911 ille
1516 3857 1726 3918 horam,
1766 3854 1832 3907 in.

230 3962 339 4016 qua
371 3948 544 4018 palam
575 3949 681 4002 illis
714 3948 781 4002 de
814 3947 975 4005 Patre
1012 3948 1341 4015 loqueretur.
1377 3945 1526 3999 lllam
1565 3944 1820 3997 nimirum

231 4036 424 4094 horam
449 4034 809 4113 signiﬁcabat,
839 4050 945 4105 qua
970 4036 1070 4097 eis,
1097 4043 1316 4104 peracta
1343 4048 1437 4087 sua
1469 4033 1719 4103 passione
1755 4049 1821 4089 ac

226 4126 651 4190 resurrectione,
689 4125 926 4198 Spiritus
955 4126 1128 4181 sancti
1165 4133 1282 4181 erat
1308 4127 1535 4196 gratiam
1569 4126 1818 4181 daturus.

225 4204 388 4276 Tunc
410 4216 609 4272 etenim
637 4208 954 4286 spiritaliter
972 4218 1117 4274 intus
1137 4218 1410 4284 instructi,
1432 4218 1659 4289 spiritali
1688 4217 1825 4274 dele-

224 4313 475 4392 etatione
495 4314 765 4377 succensi,
788 4329 895 4390 qup
914 4313 1207 4385 perfectius
1230 4315 1411 4370 omnia
1434 4331 1555 4386 quae
1583 4314 1655 4370 de
1681 4314 1827 4385 agni-

226 4392 703 4489 qionedivinitatis
713 4406 1032 4464 mortalibus
1048 4393 1202 4463 erant
1222 4409 1502 4479 capienda.
1526 4416 1819 4479 ceperunt;

229 4511 299 4551 eo
326 4494 603 4561 ardentius
627 4496 739 4551 sola
761 4512 882 4568 qu'e
902 4498 975 4553 ad
990 4497 1106 4567 ejus
1126 4499 1386 4554 visionem
1409 4499 1821 4569 promerendam

223 4582 502 4652 iuuarent,
532 4595 784 4656 appetere
806 4602 870 4643 ac
894 4588 1206 4644 desiderare
1225 4598 1570 4655 curaverunt.

322 4675 482 4732 Vens.
520 4677 816 4733 Ωδμ-ΠΜ
844 4679 929 4734 die
959 4681 1016 4734 in
1042 4681 1249 4734 nomine
1274 4696 1389 4734 meo
1413 4682 1611 4750 pete:is,
1640 4681 1690 4736 id
1715 4690 1821 4747 est,

232 4790 359 4847 quae
388 4774 453 4828 ad
480 4772 708 4827 salutem
747 4769 1119 4827 tantummodo
1156 4772 1457 4826 animarum
1496 4781 1828 4847 vestrarum.

232 4876 294 4923 et
320 4882 438 4935 qute
469 4865 536 4921 ad
560 4865 750 4936 gaudia
774 4871 973 4919 aeterna
996 4865 1270 4935 pertinere
1295 4864 1611 4931 videantur,
1640 4872 1833 4936 petere.

234 4957 528 5027 incipietis.
570 4958 637 5012 Et
673 4958 907 5013 maxime
941 4965 1001 5012 ut
1039 4956 1369 5028 intelligatis,
1411 4958 1538 5027 quid
1577 4958 1647 5013 sit
1682 4958 1825 5028 quod

234 5050 353 5106 dixi
379 5064 392 5104 :
416 5048 529 5121 Ego
552 5058 601 5104 et
628 5048 791 5104 Pater
817 5064 977 5104 unum
1003 5065 1206 5115 sumus,
1244 5048 1328 5104 vel
1365 5050 1635 5119 quomodo
1666 5050 1827 5121 Pater

235 5142 313 5197 sit
343 5141 396 5195 in
419 5156 527 5207 me,
550 5148 606 5195 et
625 5155 724 5211 ego
748 5141 801 5194 in
828 5139 1007 5196 Patre.
1053 5158 1071 5189 ι
1092 5140 1246 5195 Tunc
1270 5140 1324 5194 in
1351 5139 1469 5210 ejus
1495 5139 1711 5195 nomine
1737 5152 1830 5209 pe-

235 5239 383 5296 tunt,
409 5232 499 5301 qui
528 5238 749 5301 petunt,
780 5231 907 5300 quia
938 5233 990 5285 in
1021 5232 1140 5290 solo
1166 5231 1282 5302 ejus
1303 5231 1523 5287 nomine
1548 5229 1707 5304 [Aug].
1727 5272 1741 5296 ,
1772 5230 1827 5285 in

236 5339 378 5380 sono
401 5325 518 5396 ejus
542 5323 795 5397 nominis]
823 5340 930 5379 non
956 5325 1101 5379 aliud
1127 5342 1288 5395 quam
1318 5340 1407 5380 res
1432 5324 1547 5394 ipsa
1577 5333 1679 5389 est,
1709 5339 1830 5393 qua:

237 5417 350 5472 hoc
369 5417 585 5471 nomine
604 5423 851 5480 vocatur,
873 5414 1193 5484 intelligunt.
1225 5416 1289 5470 lli
1312 5423 1537 5488 possunt
1558 5423 1830 5485 utcunque

238 5508 485 5579 cogitare
503 5508 789 5563 Dominum
804 5514 1048 5562 nostrum
1066 5504 1249 5559 Jesum
1267 5506 1563 5573 Christum,
1588 5507 1640 5561 in
1660 5522 1827 5578 quan-

242 5605 360 5654 tum
402 5599 566 5654 homo
608 5606 711 5661 est,
755 5612 854 5667 pro
896 5597 1052 5652 nobis
1095 5595 1439 5664 interpellare
1483 5596 1732 5664 Patrem;
1775 5599 1827 5653 in

241 5697 505 5760 quantum
545 5691 682 5745 Deus
717 5698 820 5754 cst,
848 5705 943 5744 nos
971 5686 1228 5743 exaudire
1265 5698 1389 5741 curn
1423 5685 1601 5750 Patre,
1628 5710 1644 5741 ι
1687 5692 1828 5760 quod

1915 3244 2023 3299 qua
2048 3227 2272 3297 aequalis
2297 3235 2382 3283 est
2403 3227 2575 3294 Patri,
2605 3228 2699 3285 sed
2722 3228 2778 3282 in
2803 3235 3078 3297 assumpta
3114 3236 3367 3283 creatura
3402 3225 3509 3281 mi-

1916 3336 2019 3383 aur
2036 3320 2306 3389 apparuit.
2346 3319 2414 3373 Et
2445 3321 2585 3375 venit
2604 3322 2659 3375 in
2686 3320 2959 3384 mundum,
2987 3320 3113 3390 quia
3148 3320 3203 3373 in
3231 3334 3295 3374 ea
3326 3317 3503 3372 forma

1915 3411 2064 3485 servi
2076 3427 2239 3482 quam
2264 3412 2489 3481 accepit,
2516 3411 2676 3467 etiam
2702 3411 2887 3468 mundi
2911 3409 3071 3479 hujus
3093 3407 3430 3465 amatoribus
3452 3423 3518 3461 se

1916 3503 2203 3559 videndum
2244 3504 2491 3574 prmbuit.
2527 3502 2728 3559 lterum
2763 3502 2982 3572 reliquit
3019 3501 3309 3564 mundum,
3336 3506 3391 3553 et
3420 3512 3509 3552 rc-

1918 3597 2018 3653 diit
2052 3598 2119 3653 ad
2144 3597 2385 3662 Patrem,
2424 3598 2552 3667 quia
2591 3596 2659 3649 ab
2693 3603 2915 3664 aspectu
2954 3603 3254 3649 amatorum
3295 3591 3514 3667 mundi,

1917 3692 2059 3763 quod
2090 3693 2357 3757 viderant,
2388 3688 2627 3748 abstulit,
2655 3693 2709 3741 et
2735 3701 2793 3740 se
2821 3684 3156 3740 amatoribus
3178 3683 3291 3738 suis
3325 3698 3505 3751 mqua-

1918 3784 2025 3838 lem
2053 3781 2202 3836 Patri
2223 3794 2343 3835 esse
2364 3777 2686 3833 credendum
2718 3775 2919 3833 docuit.
2961 3773 3199 3844 Reliquit
3222 3772 3516 3851 mundum,

1919 3881 1975 3927 et
2000 3872 2162 3927 rediit
2189 3871 2257 3924 ad
2282 3870 2518 3941 Patrem,
2541 3867 2667 3939 quia
2690 3866 3083 3920 humanitatem
3109 3880 3271 3935 quam
3311 3862 3505 3925 induit,

1922 3977 2020 4033 per
2066 3961 2437 4015 ascensionem
2484 3959 2550 4013 ad
2576 3949 2883 4012 invisibilia
2922 3966 3163 4026 paterna:
3208 3953 3510 4023 maiestatis

1923 4053 2164 4107 adduxit.
2204 4052 2329 4107 lisse
2351 4051 2571 4121 quidem
2590 4050 2751 4127 verba
2773 4048 2984 4124 Domini
3013 4048 3261 4118 mystica,
3290 4055 3344 4100 et
3372 4045 3517 4113 sicut,

1926 4148 2039 4217 ipse
2072 4155 2318 4211 testatur,
2357 4147 2410 4200 in
2444 4144 2728 4218 proverbiis
2757 4151 2883 4215 sunt
2913 4143 3079 4198 dicta.
3125 4140 3230 4197 Sed
3260 4140 3510 4210 discipuli

1925 4237 2120 4307 quibus
2146 4237 2462 4292 dicebantur
2487 4235 2621 4291 adeo
2642 4234 2890 4291 carnales
2919 4235 3095 4302 adhuc
3120 4241 3295 4297 erant,
3326 4239 3384 4286 ut
3418 4246 3510 4285 eo-

1926 4344 2045 4383 rum
2086 4326 2507 4398 profunditatem
2540 4326 2760 4385 minime
2799 4333 3054 4394 caperent
3076 4340 3101 4400 ί
3122 4331 3175 4377 et
3202 4338 3305 4397 opu
3337 4319 3509 4377 solum

1924 4434 2122 4474 arcana
2146 4418 2430 4481 dictorum,
2457 4417 2552 4471 sed
2594 4431 2695 4470 nec
2736 4417 2906 4485 ipsam
2953 4415 3310 4484 ignorantiam
3358 4427 3518 4482 suam,

1926 4507 2307 4578 intelligerent,
2331 4514 2580 4575 putantes
2601 4504 2919 4575 simpliciter
2943 4512 2997 4557 et
3022 4502 3255 4559 dilucide
3278 4504 3519 4577 prolata,

1925 4614 2045 4670 qua:
2072 4613 2180 4652 non
2210 4595 2630 4666 intelligentibus
2653 4595 2937 4665 proverbia
2962 4603 3116 4649 erant
3143 4612 3154 4647 :
3178 4603 3232 4648 et
3254 4594 3521 4655 continuo.

1936 4688 2362 4759 responderunt:
2401 4685 2585 4757 (Vens.
2611 4684 2702 4756 29)
2732 4684 2866 4739 Ecce
2894 4702 3031 4739 nunc
3059 4684 3235 4756 palam
3263 4686 3510 4757 loqueris,

1927 4792 1976 4838 et
2001 4779 2327 4853 proverbium
2359 4776 2561 4832 nullum
2590 4778 2741 4832 dicis.
2781 4777 2965 4833 Palam
3004 4778 3169 4849 igitur
3204 4792 3325 4833 eum
3366 4777 3523 4853 loqui

1925 4871 2282 4934 aestimabant,
2312 4868 2466 4939 cujus
2503 4868 2762 4939 mysteria
2797 4869 3063 4923 dictorum
3099 4869 3327 4923 necdum
3364 4883 3512 4921 com—

1925 4961 2261 5032 prehendere
2283 4959 2552 5015 valebant.
2584 4959 2735 5027 Quod
2762 4968 2940 5015 autem
2962 4958 3259 5030 adjungunt
3284 4976 3296 5010 :
3324 4957 3520 5030 (Vens,

1928 5051 2019 5125 50)
2059 5051 2217 5106 Nunc
2237 5053 2451 5117 sc.'.nus,
2478 5051 2602 5121 quia
2624 5051 2725 5104 scis
2748 5050 2946 5115 omnia,
2978 5060 3026 5103 et
3058 5066 3161 5104 non
3187 5065 3315 5120 opus
3339 5058 3411 5117 est
3442 5048 3505 5123 ti;
3588 5056 3596 5063 '

1929 5143 1980 5195 bi
2017 5151 2072 5195 ut
2098 5143 2214 5213 quis
2242 5152 2291 5196 te
2319 5143 2618 5212 interroget.
2660 5139 2727 5195 In
2755 5141 2851 5195 hoc
2876 5140 3165 5204 credimus,
3196 5140 3319 5210 quia
3345 5157 3375 5192 a
3402 5137 3526 5199 De;

1930 5233 2103 5287 exiisti
2125 5250 2143 5287 :
2167 5242 2349 5303 aperte
2369 5233 2657 5289 ostendunt
2682 5232 2808 5302 quia
2844 5232 3077 5303 loquens.
3104 5230 3171 5285 ad
3205 5244 3298 5285 eos
3333 5228 3516 5283 Domi—

1933 5339 2054 5389 nus,
2092 5324 2156 5380 de
2188 5325 2273 5380 his
2302 5325 2535 5380 maxime
2582 5325 2914 5394 disputabat,
2950 5338 3070 5392 qum
3118 5322 3237 5377 illos
3282 5322 3514 5377 delecta-

1933 5414 2025 5469 bat
2044 5416 2230 5471 audire
2256 5424 2309 5469 et
2332 5431 2452 5484 qua:
2482 5415 2555 5469 illi
2585 5415 2925 5492 interrogare
2950 5415 3218 5472 volebant.
3250 5412 3375 5468 Haec
3401 5413 3516 5483 ipse

1930 5507 2265 5577 przeveniens
2293 5520 2406 5575 eos,
2438 5505 2581 5565 ultro
2607 5504 2944 5575 proferebat,
2974 5504 3117 5559 unde
3145 5504 3336 5559 merito
3367 5502 3512 5557 illum

1932 5602 2070 5656 scire
2099 5601 2277 5657 omnia
2308 5600 2460 5671 quasi
2490 5600 2680 5665 Deum,
2706 5610 2759 5655 et
2785 5601 2936 5670 quasi
2970 5601 3062 5683 Dei
3108 5600 3298 5657 Filium
3334 5616 3363 5654 a
3404 5600 3514 5654 Dee

1932 5693 2140 5754 venisse
2170 5693 2396 5752 credunt
2424 5702 2476 5747 et
2505 5692 2845 5748 conﬁtentur.
2891 5693 3409 5764 Apertumxnamque
3434 5690 3510 5747 di-
