  <div class='ocr_page' id='page_1' title='image "/cluster/home/n/w/nwhite01/storage/ocr_20150623/100/hvd.32044052819521/485.png"; bbox 0 0 4000 6190; ppageno 0'>
   <div class='ocr_carea' id='block_1_1' title="bbox 515 311 624 369">
    <p class='ocr_par' dir='ltr' id='par_1_1' title="bbox 515 311 624 369">
     <span class='ocr_line' id='line_1_1' title="bbox 515 311 624 369; baseline -0.009 0"><span class='ocrx_word' id='word_1_1' title='bbox 515 311 624 369; x_wconf 76' lang='lat'><strong>959</strong></span> 
     </span>
    </p>
   </div>
   <div class='ocr_carea' id='block_1_2' title="bbox 1368 308 2909 366">
    <p class='ocr_par' dir='ltr' id='par_1_2' title="bbox 1368 308 2909 366">
     <span class='ocr_line' id='line_1_2' title="bbox 1368 308 2909 366; baseline -0.002 0"><span class='ocrx_word' id='word_1_2' title='bbox 1368 311 1428 366; x_wconf 79' lang='grc' dir='ltr'><strong>Β.</strong></span> <span class='ocrx_word' id='word_1_3' title='bbox 1471 311 1530 366; x_wconf 82' lang='lat' dir='ltr'><strong>F.</strong></span> <span class='ocrx_word' id='word_1_4' title='bbox 1570 310 1793 365; x_wconf 77' lang='lat' dir='ltr'><strong>ALBlNl</strong></span> <span class='ocrx_word' id='word_1_5' title='bbox 1832 308 1962 365; x_wconf 76' lang='grc' dir='ltr'>εει]</span> <span class='ocrx_word' id='word_1_6' title='bbox 1998 309 2275 365; x_wconf 58' lang='grc' dir='ltr'><strong>Αιειζικι</strong></span> <span class='ocrx_word' id='word_1_7' title='bbox 2313 309 2593 366; x_wconf 74' lang='lat' dir='ltr'><strong>OPERUM</strong></span> <span class='ocrx_word' id='word_1_8' title='bbox 2634 308 2809 365; x_wconf 75' lang='lat' dir='ltr'><strong>PARS</strong></span> <span class='ocrx_word' id='word_1_9' title='bbox 2846 310 2909 365; x_wconf 85' lang='grc' dir='ltr'><strong>ιι.</strong></span> 
     </span>
    </p>
   </div>
   <div class='ocr_carea' id='block_1_3' title="bbox 3688 313 3832 369">
    <p class='ocr_par' dir='ltr' id='par_1_3' title="bbox 3688 313 3832 369">
     <span class='ocr_line' id='line_1_3' title="bbox 3688 313 3832 369; baseline 0 0"><span class='ocrx_word' id='word_1_10' title='bbox 3688 313 3832 369; x_wconf 73' lang='grc'><strong>960</strong></span> 
     </span>
    </p>
   </div>
   <div class='ocr_carea' id='block_1_4' title="bbox 513 394 3835 495">
    <p class='ocr_par' dir='ltr' id='par_1_4' title="bbox 513 394 3835 495">
     <span class='ocr_line' id='line_1_4' title="bbox 513 394 3835 495; baseline 0 -15"><span class='ocrx_word' id='word_1_11' title='bbox 513 425 751 480; x_wconf 76' lang='lat' dir='ltr'><strong>vinitatis</strong></span> <span class='ocrx_word' id='word_1_12' title='bbox 799 422 1059 491; x_wconf 84' lang='lat' dir='ltr'><strong>indicium</strong></span> <span class='ocrx_word' id='word_1_13' title='bbox 1102 430 1185 477; x_wconf 80' lang='lat' dir='ltr'><strong>est</strong></span> <span class='ocrx_word' id='word_1_14' title='bbox 1235 424 1617 493; x_wconf 77' lang='lat' dir='ltr'><strong>cogitationum</strong></span> <span class='ocrx_word' id='word_1_15' title='bbox 1667 437 1824 477; x_wconf 88' lang='lat' dir='ltr'><strong>nosse</strong></span> <span class='ocrx_word' id='word_1_16' title='bbox 1867 429 2091 476; x_wconf 82' lang='lat' dir='ltr'><strong>secreta.</strong></span> <span class='ocrx_word' id='word_1_17' title='bbox 2126 425 2171 482; x_wconf 73' lang='grc' dir='ltr'><strong>Α</strong></span> <span class='ocrx_word' id='word_1_18' title='bbox 2202 436 2470 491; x_wconf 76' lang='lat' dir='ltr'><strong>ntepacem</strong></span> <span class='ocrx_word' id='word_1_19' title='bbox 2496 420 2747 475; x_wconf 80' lang='lat' dir='ltr'><strong>habeatis.</strong></span> <span class='ocrx_word' id='word_1_20' title='bbox 2783 418 2898 474; x_wconf 83' lang='lat' dir='ltr'><strong>Non</strong></span> <span class='ocrx_word' id='word_1_21' title='bbox 2929 427 3133 475; x_wconf 86' lang='lat' dir='ltr'><strong>tantum</strong></span> <span class='ocrx_word' id='word_1_22' title='bbox 3162 422 3228 476; x_wconf 90' lang='lat' dir='ltr'><strong>ad</strong></span> <span class='ocrx_word' id='word_1_23' title='bbox 3252 423 3367 477; x_wconf 80' lang='lat' dir='ltr'><strong>haec</strong></span> <span class='ocrx_word' id='word_1_24' title='bbox 3387 423 3550 478; x_wconf 81' lang='lat' dir='ltr'><strong>verba</strong></span> <span class='ocrx_word' id='word_1_25' title='bbox 3569 424 3835 495; x_wconf 69' lang='lat' dir='ltr'><strong>respicit</strong></span> 
     </span>
    </p>
   </div>
   <div class='ocr_carea' id='block_1_5' title="bbox 590 509 2101 582">
    <p class='ocr_par' dir='ltr' id='par_1_5' title="bbox 590 509 2101 582">
     <span class='ocr_line' id='line_1_5' title="bbox 590 509 2101 582; baseline -0.003 -15"><span class='ocrx_word' id='word_1_26' title='bbox 590 513 746 567; x_wconf 73' lang='lat' dir='ltr'><strong>Vens.</strong></span> <span class='ocrx_word' id='word_1_27' title='bbox 778 510 1098 566; x_wconf 52' lang='lat' dir='ltr'><strong>Esi—Ecce</strong></span> <span class='ocrx_word' id='word_1_28' title='bbox 1138 512 1271 566; x_wconf 87' lang='lat' dir='ltr'><strong>venit</strong></span> <span class='ocrx_word' id='word_1_29' title='bbox 1310 511 1460 573; x_wconf 80' lang='lat' dir='ltr'><strong>hora.</strong></span> <span class='ocrx_word' id='word_1_30' title='bbox 1506 521 1554 567; x_wconf 85' lang='lat' dir='ltr'><strong>et</strong></span> <span class='ocrx_word' id='word_1_31' title='bbox 1581 513 1700 582; x_wconf 87' lang='lat' dir='ltr'><strong>jam</strong></span> <span class='ocrx_word' id='word_1_32' title='bbox 1746 513 1899 576; x_wconf 80' lang='lat' dir='ltr'><strong>venit,</strong></span> <span class='ocrx_word' id='word_1_33' title='bbox 1939 521 1994 564; x_wconf 86' lang='lat' dir='ltr'><strong>ut</strong></span> <span class='ocrx_word' id='word_1_34' title='bbox 2025 509 2101 563; x_wconf 84' lang='lat' dir='ltr'><strong>di-</strong></span> 
     </span>
    </p>
   </div>
   <div class='ocr_carea' id='block_1_6' title="bbox 513 600 2096 674">
    <p class='ocr_par' dir='ltr' id='par_1_6' title="bbox 513 600 2096 674">
     <span class='ocr_line' id='line_1_6' title="bbox 513 600 2096 674; baseline -0.003 -18"><span class='ocrx_word' id='word_1_35' title='bbox 513 602 827 674; x_wconf 79' lang='lat' dir='ltr'><strong>spergamini</strong></span> <span class='ocrx_word' id='word_1_36' title='bbox 855 601 1204 672; x_wconf 73' lang='lat' dir='ltr'><strong>unusquisque</strong></span> <span class='ocrx_word' id='word_1_37' title='bbox 1230 602 1286 655; x_wconf 86' lang='lat' dir='ltr'><strong>in</strong></span> <span class='ocrx_word' id='word_1_38' title='bbox 1308 603 1539 672; x_wconf 86' lang='lat' dir='ltr'><strong>propria.</strong></span> <span class='ocrx_word' id='word_1_39' title='bbox 1583 601 1740 657; x_wconf 79' lang='lat' dir='ltr'><strong>Venit</strong></span> <span class='ocrx_word' id='word_1_40' title='bbox 1763 601 1943 669; x_wconf 85' lang='lat' dir='ltr'><strong>itaque</strong></span> <span class='ocrx_word' id='word_1_41' title='bbox 1966 600 2096 654; x_wconf 89' lang='lat' dir='ltr'><strong>hora</strong></span> 
     </span>
    </p>
   </div>
   <div class='ocr_carea' id='block_1_7' title="bbox 516 693 2099 762">
    <p class='ocr_par' dir='ltr' id='par_1_7' title="bbox 516 693 2099 762">
     <span class='ocr_line' id='line_1_7' title="bbox 516 693 2099 762; baseline 0 -17"><span class='ocrx_word' id='word_1_42' title='bbox 516 695 783 761; x_wconf 72' lang='lat' dir='ltr'><strong>passionis</strong></span> <span class='ocrx_word' id='word_1_43' title='bbox 810 706 958 753; x_wconf 59' lang='lat' dir='ltr'><strong>meat.</strong></span> <span class='ocrx_word' id='word_1_44' title='bbox 983 708 1089 762; x_wconf 91' lang='lat' dir='ltr'><strong>qua</strong></span> <span class='ocrx_word' id='word_1_45' title='bbox 1119 694 1265 747; x_wconf 91' lang='lat' dir='ltr'><strong>solus</strong></span> <span class='ocrx_word' id='word_1_46' title='bbox 1290 693 1526 748; x_wconf 86' lang='lat' dir='ltr'><strong>torcular</strong></span> <span class='ocrx_word' id='word_1_47' title='bbox 1563 694 1774 749; x_wconf 86' lang='lat' dir='ltr'><strong>calcare</strong></span> <span class='ocrx_word' id='word_1_48' title='bbox 1814 693 2005 757; x_wconf 80' lang='lat' dir='ltr'><strong>habeo,</strong></span> <span class='ocrx_word' id='word_1_49' title='bbox 2045 700 2099 745; x_wconf 91' lang='lat' dir='ltr'><strong>et</strong></span> 
     </span>
    </p>
   </div>
   <div class='ocr_carea' id='block_1_8' title="bbox 516 780 2100 854">
    <p class='ocr_par' dir='ltr' id='par_1_8' title="bbox 516 780 2100 854">
     <span class='ocr_line' id='line_1_8' title="bbox 516 780 2100 854; baseline 0.001 -18"><span class='ocrx_word' id='word_1_50' title='bbox 516 798 674 836; x_wconf 88' lang='lat' dir='ltr'><strong>nemo</strong></span> <span class='ocrx_word' id='word_1_51' title='bbox 704 780 848 854; x_wconf 84' lang='lat' dir='ltr'><strong>[nec]</strong></span> <span class='ocrx_word' id='word_1_52' title='bbox 877 782 1067 837; x_wconf 90' lang='lat' dir='ltr'><strong>saltem</strong></span> <span class='ocrx_word' id='word_1_53' title='bbox 1103 798 1170 838; x_wconf 79' lang='lat' dir='ltr'><strong>ex</strong></span> <span class='ocrx_word' id='word_1_54' title='bbox 1211 783 1360 838; x_wconf 86' lang='lat' dir='ltr'><strong>vobis</strong></span> <span class='ocrx_word' id='word_1_55' title='bbox 1395 799 1608 839; x_wconf 89' lang='lat' dir='ltr'><strong>mecum</strong></span> <span class='ocrx_word' id='word_1_56' title='bbox 1648 783 1965 847; x_wconf 91' lang='lat' dir='ltr'><strong>remanebit,</strong></span> <span class='ocrx_word' id='word_1_57' title='bbox 2006 782 2100 838; x_wconf 90' lang='lat' dir='ltr'><strong>sed</strong></span> 
     </span>
    </p>
   </div>
   <div class='ocr_carea' id='block_1_9' title="bbox 515 870 2100 942">
    <p class='ocr_par' dir='ltr' id='par_1_9' title="bbox 515 870 2100 942">
     <span class='ocr_line' id='line_1_9' title="bbox 515 870 2100 942; baseline 0.001 -18"><span class='ocrx_word' id='word_1_58' title='bbox 515 870 899 942; x_wconf 80' lang='lat' dir='ltr'><strong>dispergemini</strong></span> <span class='ocrx_word' id='word_1_59' title='bbox 933 872 984 926; x_wconf 93' lang='lat' dir='ltr'><strong>in</strong></span> <span class='ocrx_word' id='word_1_60' title='bbox 1025 874 1262 942; x_wconf 88' lang='lat' dir='ltr'><strong>propria,</strong></span> <span class='ocrx_word' id='word_1_61' title='bbox 1304 873 1358 927; x_wconf 93' lang='lat' dir='ltr'><strong>id</strong></span> <span class='ocrx_word' id='word_1_62' title='bbox 1394 883 1499 938; x_wconf 90' lang='lat' dir='ltr'><strong>est,</strong></span> <span class='ocrx_word' id='word_1_63' title='bbox 1538 883 1732 928; x_wconf 75' lang='lat' dir='ltr'><strong>vestrre</strong></span> <span class='ocrx_word' id='word_1_64' title='bbox 1771 872 2100 926; x_wconf 81' lang='lat' dir='ltr'><strong>inﬁdelitatis</strong></span> 
     </span>
    </p>
   </div>
   <div class='ocr_carea' id='block_1_10' title="bbox 516 942 2101 1037">
    <p class='ocr_par' dir='ltr' id='par_1_10' title="bbox 516 942 2101 1037">
     <span class='ocr_line' id='line_1_10' title="bbox 516 942 2101 1037; baseline 0 -23"><span class='ocrx_word' id='word_1_65' title='bbox 516 942 730 1017; x_wconf 81' lang='lat' dir='ltr'><strong>timore.</strong></span> <span class='ocrx_word' id='word_1_66' title='bbox 772 960 934 1037; x_wconf 80' lang='lat' dir='ltr'><strong>Quasi</strong></span> <span class='ocrx_word' id='word_1_67' title='bbox 964 962 1167 1016; x_wconf 79' lang='lat' dir='ltr'><strong>diceret</strong></span> <span class='ocrx_word' id='word_1_68' title='bbox 1193 979 1207 1016; x_wconf 90' lang='lat'><strong>:</strong></span> <span class='ocrx_word' id='word_1_69' title='bbox 1232 960 1307 1015; x_wconf 89' lang='lat' dir='ltr'><strong>Ita</strong></span> <span class='ocrx_word' id='word_1_70' title='bbox 1336 962 1804 1031; x_wconf 89' lang='lat' dir='ltr'><strong>perturbabimini,</strong></span> <span class='ocrx_word' id='word_1_71' title='bbox 1837 968 1896 1014; x_wconf 87' lang='lat' dir='ltr'><strong>ut</strong></span> <span class='ocrx_word' id='word_1_72' title='bbox 1936 961 2101 1015; x_wconf 89' lang='lat' dir='ltr'><strong>etiam</strong></span> 
     </span>
    </p>
   </div>
   <div class='ocr_carea' id='block_1_11' title="bbox 517 1053 2095 1123">
    <p class='ocr_par' dir='ltr' id='par_1_11' title="bbox 517 1053 2095 1123">
     <span class='ocr_line' id='line_1_11' title="bbox 517 1053 2095 1123; baseline 0 -17"><span class='ocrx_word' id='word_1_73' title='bbox 517 1055 789 1121; x_wconf 60' lang='lat' dir='ltr'><strong>quomodo</strong></span> <span class='ocrx_word' id='word_1_74' title='bbox 810 1068 904 1107; x_wconf 87' lang='lat' dir='ltr'><strong>vos</strong></span> <span class='ocrx_word' id='word_1_75' title='bbox 924 1054 1082 1108; x_wconf 85' lang='lat' dir='ltr'><strong>modo</strong></span> <span class='ocrx_word' id='word_1_76' title='bbox 1105 1054 1327 1109; x_wconf 80' lang='lat' dir='ltr'><strong>credere</strong></span> <span class='ocrx_word' id='word_1_77' title='bbox 1348 1054 1569 1123; x_wconf 79' lang='lat' dir='ltr'><strong>putatis,</strong></span> <span class='ocrx_word' id='word_1_78' title='bbox 1592 1054 1812 1108; x_wconf 86' lang='lat' dir='ltr'><strong>omnino</strong></span> <span class='ocrx_word' id='word_1_79' title='bbox 1834 1053 2095 1123; x_wconf 89' lang='lat' dir='ltr'><strong>relinqua-</strong></span> 
     </span>
    </p>
   </div>
   <div class='ocr_carea' id='block_1_12' title="bbox 519 1129 2101 1215">
    <p class='ocr_par' dir='ltr' id='par_1_12' title="bbox 519 1129 2101 1215">
     <span class='ocr_line' id='line_1_12' title="bbox 519 1129 2101 1215; baseline -0.002 -16"><span class='ocrx_word' id='word_1_80' title='bbox 519 1145 609 1199; x_wconf 86' lang='lat' dir='ltr'><strong>tis.</strong></span> <span class='ocrx_word' id='word_1_81' title='bbox 651 1144 927 1200; x_wconf 82' lang='lat' dir='ltr'><strong>Venerunt</strong></span> <span class='ocrx_word' id='word_1_82' title='bbox 952 1145 1095 1198; x_wconf 89' lang='lat' dir='ltr'><strong>enim</strong></span> <span class='ocrx_word' id='word_1_83' title='bbox 1122 1146 1188 1198; x_wconf 86' lang='lat' dir='ltr'><strong>ad</strong></span> <span class='ocrx_word' id='word_1_84' title='bbox 1217 1152 1420 1199; x_wconf 81' lang='lat' dir='ltr'><strong>tantam</strong></span> <span class='ocrx_word' id='word_1_85' title='bbox 1447 1144 1874 1215; x_wconf 79' lang='lat' dir='ltr'><strong>desperationem</strong></span> <span class='ocrx_word' id='word_1_86' title='bbox 1910 1150 1963 1196; x_wconf 88' lang='lat' dir='ltr'><strong>et</strong></span> <span class='ocrx_word' id='word_1_87' title='bbox 1991 1129 2101 1197; x_wconf 73' lang='lat' dir='ltr'><strong>sua:</strong></span> 
     </span>
    </p>
   </div>
   <div class='ocr_carea' id='block_1_13' title="bbox 521 1233 2103 1304">
    <p class='ocr_par' dir='ltr' id='par_1_13' title="bbox 521 1233 2103 1304">
     <span class='ocr_line' id='line_1_13' title="bbox 521 1233 2103 1304; baseline 0.001 -16"><span class='ocrx_word' id='word_1_88' title='bbox 521 1234 643 1288; x_wconf 80' lang='lat' dir='ltr'><strong>ﬁdei</strong></span> <span class='ocrx_word' id='word_1_89' title='bbox 668 1233 1013 1298; x_wconf 83' lang='lat' dir='ltr'><strong>oblivionem,</strong></span> <span class='ocrx_word' id='word_1_90' title='bbox 1047 1242 1106 1288; x_wconf 93' lang='lat' dir='ltr'><strong>ut</strong></span> <span class='ocrx_word' id='word_1_91' title='bbox 1144 1250 1242 1290; x_wconf 89' lang='lat' dir='ltr'><strong>nec</strong></span> <span class='ocrx_word' id='word_1_92' title='bbox 1277 1235 1406 1304; x_wconf 89' lang='lat' dir='ltr'><strong>quid</strong></span> <span class='ocrx_word' id='word_1_93' title='bbox 1447 1244 1571 1288; x_wconf 87' lang='lat' dir='ltr'><strong>ante</strong></span> <span class='ocrx_word' id='word_1_94' title='bbox 1602 1236 1885 1303; x_wconf 83' lang='lat' dir='ltr'><strong>crederent</strong></span> <span class='ocrx_word' id='word_1_95' title='bbox 1922 1249 2103 1290; x_wconf 88' lang='lat' dir='ltr'><strong>recor—</strong></span> 
     </span>
    </p>
   </div>
   <div class='ocr_carea' id='block_1_14' title="bbox 522 1323 2101 1395">
    <p class='ocr_par' dir='ltr' id='par_1_14' title="bbox 522 1323 2101 1395">
     <span class='ocr_line' id='line_1_14' title="bbox 522 1323 2101 1395; baseline 0.002 -17"><span class='ocrx_word' id='word_1_96' title='bbox 522 1323 633 1378; x_wconf 82' lang='lat' dir='ltr'><strong>dati</strong></span> <span class='ocrx_word' id='word_1_97' title='bbox 665 1324 792 1379; x_wconf 91' lang='lat' dir='ltr'><strong>sint.</strong></span> <span class='ocrx_word' id='word_1_98' title='bbox 836 1324 972 1379; x_wconf 86' lang='lat' dir='ltr'><strong>Ecce</strong></span> <span class='ocrx_word' id='word_1_99' title='bbox 991 1325 1259 1394; x_wconf 84' lang='lat' dir='ltr'><strong>quomodo</strong></span> <span class='ocrx_word' id='word_1_100' title='bbox 1280 1340 1402 1379; x_wconf 90' lang='lat' dir='ltr'><strong>eum</strong></span> <span class='ocrx_word' id='word_1_101' title='bbox 1432 1325 1781 1395; x_wconf 84' lang='lat' dir='ltr'><strong>reliquerant,</strong></span> <span class='ocrx_word' id='word_1_102' title='bbox 1808 1326 2101 1381; x_wconf 88' lang='lat' dir='ltr'><strong>deserendo</strong></span> 
     </span>
    </p>
   </div>
   <div class='ocr_carea' id='block_1_15' title="bbox 521 1404 2102 1487">
    <p class='ocr_par' dir='ltr' id='par_1_15' title="bbox 521 1404 2102 1487">
     <span class='ocr_line' id='line_1_15' title="bbox 521 1404 2102 1487; baseline 0.003 -18"><span class='ocrx_word' id='word_1_103' title='bbox 521 1415 684 1469; x_wconf 86' lang='lat' dir='ltr'><strong>etiam</strong></span> <span class='ocrx_word' id='word_1_104' title='bbox 710 1414 881 1484; x_wconf 88' lang='lat' dir='ltr'><strong>ipsam</strong></span> <span class='ocrx_word' id='word_1_105' title='bbox 914 1415 1070 1471; x_wconf 82' lang='lat' dir='ltr'><strong>ﬁdem</strong></span> <span class='ocrx_word' id='word_1_106' title='bbox 1101 1431 1206 1486; x_wconf 87' lang='lat' dir='ltr'><strong>qua</strong></span> <span class='ocrx_word' id='word_1_107' title='bbox 1233 1417 1286 1487; x_wconf 89' lang='lat' dir='ltr'><strong>in</strong></span> <span class='ocrx_word' id='word_1_108' title='bbox 1313 1432 1434 1472; x_wconf 87' lang='lat' dir='ltr'><strong>eum</strong></span> <span class='ocrx_word' id='word_1_109' title='bbox 1461 1404 1820 1472; x_wconf 76' lang='lat' dir='ltr'><strong>crediderant.</strong></span> <span class='ocrx_word' id='word_1_110' title='bbox 1846 1417 1904 1472; x_wconf 95' lang='lat' dir='ltr'><strong>ln</strong></span> <span class='ocrx_word' id='word_1_111' title='bbox 1926 1433 1989 1473; x_wconf 88' lang='lat' dir='ltr'><strong>ea</strong></span> <span class='ocrx_word' id='word_1_112' title='bbox 2012 1433 2102 1473; x_wconf 78' lang='lat' dir='ltr'><strong>ve-</strong></span> 
     </span>
    </p>
   </div>
   <div class='ocr_carea' id='block_1_16' title="bbox 521 1509 2102 1581">
    <p class='ocr_par' dir='ltr' id='par_1_16' title="bbox 521 1509 2102 1581">
     <span class='ocr_line' id='line_1_16' title="bbox 521 1509 2102 1581; baseline 0.004 -22"><span class='ocrx_word' id='word_1_113' title='bbox 521 1521 583 1560; x_wconf 87' lang='lat' dir='ltr'><strong>ro</strong></span> <span class='ocrx_word' id='word_1_114' title='bbox 619 1521 869 1575; x_wconf 89' lang='lat' dir='ltr'><strong>pressura</strong></span> <span class='ocrx_word' id='word_1_115' title='bbox 896 1522 1058 1576; x_wconf 84' lang='lat' dir='ltr'><strong>quam</strong></span> <span class='ocrx_word' id='word_1_116' title='bbox 1087 1517 1209 1577; x_wconf 92' lang='lat' dir='ltr'><strong>post</strong></span> <span class='ocrx_word' id='word_1_117' title='bbox 1252 1510 1366 1579; x_wconf 89' lang='lat' dir='ltr'><strong>ejus</strong></span> <span class='ocrx_word' id='word_1_118' title='bbox 1402 1509 1845 1580; x_wconf 82' lang='lat' dir='ltr'><strong>gloriticationem</strong></span> <span class='ocrx_word' id='word_1_119' title='bbox 1881 1518 2102 1581; x_wconf 90' lang='lat' dir='ltr'><strong>accepto</strong></span> 
     </span>
    </p>
   </div>
   <div class='ocr_carea' id='block_1_17' title="bbox 522 1595 2104 1669">
    <p class='ocr_par' dir='ltr' id='par_1_17' title="bbox 522 1595 2104 1669">
     <span class='ocr_line' id='line_1_17' title="bbox 522 1595 2104 1669; baseline 0.003 -19"><span class='ocrx_word' id='word_1_120' title='bbox 522 1595 725 1664; x_wconf 77' lang='lat' dir='ltr'><strong>Spiritu</strong></span> <span class='ocrx_word' id='word_1_121' title='bbox 758 1605 946 1652; x_wconf 90' lang='lat' dir='ltr'><strong>sancto</strong></span> <span class='ocrx_word' id='word_1_122' title='bbox 983 1598 1339 1667; x_wconf 88' lang='lat' dir='ltr'><strong>pertulerunt,</strong></span> <span class='ocrx_word' id='word_1_123' title='bbox 1367 1613 1474 1653; x_wconf 93' lang='lat' dir='ltr'><strong>non</strong></span> <span class='ocrx_word' id='word_1_124' title='bbox 1501 1614 1622 1654; x_wconf 89' lang='lat' dir='ltr'><strong>eum</strong></span> <span class='ocrx_word' id='word_1_125' title='bbox 1652 1599 2020 1669; x_wconf 82' lang='lat' dir='ltr'><strong>reliquerunt:</strong></span> <span class='ocrx_word' id='word_1_126' title='bbox 2050 1609 2104 1655; x_wconf 90' lang='lat' dir='ltr'><strong>et</strong></span> 
     </span>
    </p>
   </div>
   <div class='ocr_carea' id='block_1_18' title="bbox 521 1687 2103 1761">
    <p class='ocr_par' dir='ltr' id='par_1_18' title="bbox 521 1687 2103 1761">
     <span class='ocr_line' id='line_1_18' title="bbox 521 1687 2103 1761; baseline 0.003 -20"><span class='ocrx_word' id='word_1_127' title='bbox 521 1688 769 1759; x_wconf 86' lang='lat' dir='ltr'><strong>quamvis</strong></span> <span class='ocrx_word' id='word_1_128' title='bbox 792 1687 1038 1760; x_wconf 77' lang='lat' dir='ltr'><strong>fugerent</strong></span> <span class='ocrx_word' id='word_1_129' title='bbox 1068 1691 1133 1745; x_wconf 89' lang='lat' dir='ltr'><strong>de</strong></span> <span class='ocrx_word' id='word_1_130' title='bbox 1159 1691 1376 1746; x_wconf 85' lang='lat' dir='ltr'><strong>civitate</strong></span> <span class='ocrx_word' id='word_1_131' title='bbox 1413 1691 1467 1746; x_wconf 93' lang='lat' dir='ltr'><strong>in</strong></span> <span class='ocrx_word' id='word_1_132' title='bbox 1502 1692 1793 1757; x_wconf 81' lang='lat' dir='ltr'><strong>civitatem,</strong></span> <span class='ocrx_word' id='word_1_133' title='bbox 1825 1692 1891 1746; x_wconf 91' lang='lat' dir='ltr'><strong>ad</strong></span> <span class='ocrx_word' id='word_1_134' title='bbox 1927 1692 2103 1761; x_wconf 88' lang='lat' dir='ltr'><strong>ipsum</strong></span> 
     </span>
    </p>
   </div>
   <div class='ocr_carea' id='block_1_19' title="bbox 2204 510 3827 580">
    <p class='ocr_par' dir='ltr' id='par_1_19' title="bbox 2204 510 3827 580">
     <span class='ocr_line' id='line_1_19' title="bbox 2204 510 3827 580; baseline 0.007 -19"><span class='ocrx_word' id='word_1_135' title='bbox 2204 526 2323 579; x_wconf 75' lang='lat' dir='ltr'><strong>qua:</strong></span> <span class='ocrx_word' id='word_1_136' title='bbox 2338 511 2425 566; x_wconf 91' lang='lat' dir='ltr'><strong>hic</strong></span> <span class='ocrx_word' id='word_1_137' title='bbox 2441 511 2492 564; x_wconf 91' lang='lat' dir='ltr'><strong>in</strong></span> <span class='ocrx_word' id='word_1_138' title='bbox 2510 518 2696 566; x_wconf 90' lang='lat' dir='ltr'><strong>sancto</strong></span> <span class='ocrx_word' id='word_1_139' title='bbox 2710 511 2957 566; x_wconf 88' lang='lat' dir='ltr'><strong>convivio</strong></span> <span class='ocrx_word' id='word_1_140' title='bbox 2971 510 3179 567; x_wconf 88' lang='lat' dir='ltr'><strong>locutus</strong></span> <span class='ocrx_word' id='word_1_141' title='bbox 3192 521 3275 568; x_wconf 89' lang='lat' dir='ltr'><strong>est</strong></span> <span class='ocrx_word' id='word_1_142' title='bbox 3285 514 3386 580; x_wconf 90' lang='lat' dir='ltr'><strong>eis,</strong></span> <span class='ocrx_word' id='word_1_143' title='bbox 3404 514 3496 569; x_wconf 86' lang='lat' dir='ltr'><strong>sed</strong></span> <span class='ocrx_word' id='word_1_144' title='bbox 3519 515 3588 572; x_wconf 89' lang='lat' dir='ltr'><strong>ad</strong></span> <span class='ocrx_word' id='word_1_145' title='bbox 3607 518 3827 573; x_wconf 77' lang='lat' dir='ltr'><strong>omnia</strong></span> 
     </span>
    </p>
   </div>
   <div class='ocr_carea' id='block_1_20' title="bbox 2201 600 3821 679">
    <p class='ocr_par' dir='ltr' id='par_1_20' title="bbox 2201 600 3821 679">
     <span class='ocr_line' id='line_1_20' title="bbox 2201 600 3821 679; baseline 0.007 -26"><span class='ocrx_word' id='word_1_146' title='bbox 2201 615 2320 669; x_wconf 73' lang='lat' dir='ltr'><strong>quae</strong></span> <span class='ocrx_word' id='word_1_147' title='bbox 2336 601 2402 654; x_wconf 84' lang='lat' dir='ltr'><strong>ab</strong></span> <span class='ocrx_word' id='word_1_148' title='bbox 2422 600 2576 655; x_wconf 86' lang='lat' dir='ltr'><strong>initio</strong></span> <span class='ocrx_word' id='word_1_149' title='bbox 2596 600 2943 679; x_wconf 88' lang='lat' dir='ltr'><strong>discipulatus</strong></span> <span class='ocrx_word' id='word_1_150' title='bbox 2963 615 3152 656; x_wconf 89' lang='lat' dir='ltr'><strong>eorum</strong></span> <span class='ocrx_word' id='word_1_151' title='bbox 3173 602 3257 657; x_wconf 79' lang='lat' dir='ltr'><strong>vel</strong></span> <span class='ocrx_word' id='word_1_152' title='bbox 3280 603 3622 674; x_wconf 87' lang='lat' dir='ltr'><strong>loquebatur,</strong></span> <span class='ocrx_word' id='word_1_153' title='bbox 3635 607 3736 663; x_wconf 82' lang='lat' dir='ltr'><strong>vel</strong></span> <span class='ocrx_word' id='word_1_154' title='bbox 3757 608 3821 664; x_wconf 84' lang='lat' dir='ltr'><strong>in</strong></span> 
     </span>
    </p>
   </div>
   <div class='ocr_carea' id='block_1_21' title="bbox 2199 692 3819 767">
    <p class='ocr_par' dir='ltr' id='par_1_21' title="bbox 2199 692 3819 767">
     <span class='ocr_line' id='line_1_21' title="bbox 2199 692 3819 767; baseline 0.006 -22"><span class='ocrx_word' id='word_1_155' title='bbox 2199 692 2485 760; x_wconf 71' lang='lat' dir='ltr'><strong>praesentia</strong></span> <span class='ocrx_word' id='word_1_156' title='bbox 2518 692 2730 747; x_wconf 91' lang='lat' dir='ltr'><strong>illorum</strong></span> <span class='ocrx_word' id='word_1_157' title='bbox 2756 692 2987 763; x_wconf 78' lang='lat' dir='ltr'><strong>agebat:</strong></span> <span class='ocrx_word' id='word_1_158' title='bbox 3013 693 3129 748; x_wconf 68' lang='lat' dir='ltr'><strong>hate</strong></span> <span class='ocrx_word' id='word_1_159' title='bbox 3155 696 3335 749; x_wconf 88' lang='lat' dir='ltr'><strong>omnia</strong></span> <span class='ocrx_word' id='word_1_160' title='bbox 3375 695 3442 750; x_wconf 89' lang='lat' dir='ltr'><strong>ad</strong></span> <span class='ocrx_word' id='word_1_161' title='bbox 3482 696 3589 752; x_wconf 87' lang='lat' dir='ltr'><strong>hoc</strong></span> <span class='ocrx_word' id='word_1_162' title='bbox 3626 699 3819 767; x_wconf 68' lang='grc' dir='ltr'><strong>ρει-ιὶο</strong></span> 
     </span>
    </p>
   </div>
   <div class='ocr_carea' id='block_1_22' title="bbox 2201 782 3819 855">
    <p class='ocr_par' dir='ltr' id='par_1_22' title="bbox 2201 782 3819 855">
     <span class='ocr_line' id='line_1_22' title="bbox 2201 782 3819 855; baseline 0.005 -19"><span class='ocrx_word' id='word_1_163' title='bbox 2201 790 2350 846; x_wconf 91' lang='lat' dir='ltr'><strong>nent,</strong></span> <span class='ocrx_word' id='word_1_164' title='bbox 2376 790 2434 835; x_wconf 89' lang='lat' dir='ltr'><strong>ut</strong></span> <span class='ocrx_word' id='word_1_165' title='bbox 2463 798 2651 854; x_wconf 89' lang='lat' dir='ltr'><strong>pacem</strong></span> <span class='ocrx_word' id='word_1_166' title='bbox 2691 783 2984 838; x_wconf 87' lang='lat' dir='ltr'><strong>habeamus</strong></span> <span class='ocrx_word' id='word_1_167' title='bbox 3020 782 3075 837; x_wconf 91' lang='lat' dir='ltr'><strong>in</strong></span> <span class='ocrx_word' id='word_1_168' title='bbox 3108 783 3221 848; x_wconf 90' lang='lat' dir='ltr'><strong>illo,</strong></span> <span class='ocrx_word' id='word_1_169' title='bbox 3258 784 3387 840; x_wconf 90' lang='lat' dir='ltr'><strong>licet</strong></span> <span class='ocrx_word' id='word_1_170' title='bbox 3418 800 3708 855; x_wconf 71' lang='lat' dir='ltr'><strong>pressurus</strong></span> <span class='ocrx_word' id='word_1_171' title='bbox 3753 796 3819 844; x_wconf 78' lang='lat' dir='ltr'><strong>et</strong></span> 
     </span>
    </p>
   </div>
   <div class='ocr_carea' id='block_1_23' title="bbox 2200 874 3813 950">
    <p class='ocr_par' dir='ltr' id='par_1_23' title="bbox 2200 874 3813 950">
     <span class='ocr_line' id='line_1_23' title="bbox 2200 874 3813 950; baseline 0.004 -24"><span class='ocrx_word' id='word_1_172' title='bbox 2200 874 2603 942; x_wconf 84' lang='lat' dir='ltr'><strong>persecutiones</strong></span> <span class='ocrx_word' id='word_1_173' title='bbox 2623 874 2971 943; x_wconf 89' lang='lat' dir='ltr'><strong>patiamur-in</strong></span> <span class='ocrx_word' id='word_1_174' title='bbox 2998 875 3218 929; x_wconf 90' lang='lat' dir='ltr'><strong>mundo.</strong></span> <span class='ocrx_word' id='word_1_175' title='bbox 3250 874 3362 948; x_wconf 84' lang='lat' dir='ltr'><strong>[Et]</strong></span> <span class='ocrx_word' id='word_1_176' title='bbox 3393 876 3449 931; x_wconf 92' lang='lat' dir='ltr'><strong>in</strong></span> <span class='ocrx_word' id='word_1_177' title='bbox 3475 893 3672 948; x_wconf 77' lang='lat' dir='ltr'><strong>magna</strong></span> <span class='ocrx_word' id='word_1_178' title='bbox 3698 894 3813 950; x_wconf 80' lang='lat' dir='ltr'><strong>spe</strong></span> 
     </span>
    </p>
   </div>
   <div class='ocr_carea' id='block_1_24' title="bbox 2201 963 3807 1040">
    <p class='ocr_par' dir='ltr' id='par_1_24' title="bbox 2201 963 3807 1040">
     <span class='ocr_line' id='line_1_24' title="bbox 2201 963 3807 1040; baseline 0.004 -23"><span class='ocrx_word' id='word_1_179' title='bbox 2201 963 2586 1024; x_wconf 85' lang='lat' dir='ltr'><strong>consolationis</strong></span> <span class='ocrx_word' id='word_1_180' title='bbox 2607 964 2878 1019; x_wconf 87' lang='lat' dir='ltr'><strong>concludit</strong></span> <span class='ocrx_word' id='word_1_181' title='bbox 2905 964 3021 1020; x_wconf 73' lang='lat' dir='ltr'><strong>hzec</strong></span> <span class='ocrx_word' id='word_1_182' title='bbox 3047 965 3210 1020; x_wconf 83' lang='lat' dir='ltr'><strong>verba</strong></span> <span class='ocrx_word' id='word_1_183' title='bbox 3235 983 3249 1019; x_wconf 90' lang='lat'><strong>:</strong></span> <span class='ocrx_word' id='word_1_184' title='bbox 3274 964 3381 1020; x_wconf 88' lang='lat' dir='ltr'><strong>Sed</strong></span> <span class='ocrx_word' id='word_1_185' title='bbox 3407 968 3673 1036; x_wconf 76' lang='lat' dir='ltr'><strong>conﬁdite,</strong></span> <span class='ocrx_word' id='word_1_186' title='bbox 3697 986 3807 1040; x_wconf 79' lang='lat' dir='ltr'><strong>ego</strong></span> 
     </span>
    </p>
   </div>
   <div class='ocr_carea' id='block_1_25' title="bbox 2200 1056 3808 1129">
    <p class='ocr_par' dir='ltr' id='par_1_25' title="bbox 2200 1056 3808 1129">
     <span class='ocr_line' id='line_1_25' title="bbox 2200 1056 3808 1129; baseline 0.003 -18"><span class='ocrx_word' id='word_1_187' title='bbox 2200 1058 2298 1111; x_wconf 86' lang='lat' dir='ltr'><strong>vici</strong></span> <span class='ocrx_word' id='word_1_188' title='bbox 2331 1056 2603 1111; x_wconf 86' lang='lat' dir='ltr'><strong>mundum.</strong></span> <span class='ocrx_word' id='word_1_189' title='bbox 2650 1056 2765 1113; x_wconf 82' lang='lat' dir='ltr'><strong>Non</strong></span> <span class='ocrx_word' id='word_1_190' title='bbox 2791 1059 2935 1112; x_wconf 89' lang='lat' dir='ltr'><strong>enim</strong></span> <span class='ocrx_word' id='word_1_191' title='bbox 2961 1067 3123 1129; x_wconf 89' lang='lat' dir='ltr'><strong>caput</strong></span> <span class='ocrx_word' id='word_1_192' title='bbox 3151 1058 3206 1112; x_wconf 88' lang='lat' dir='ltr'><strong>in</strong></span> <span class='ocrx_word' id='word_1_193' title='bbox 3231 1073 3289 1114; x_wconf 90' lang='lat' dir='ltr'><strong>se</strong></span> <span class='ocrx_word' id='word_1_194' title='bbox 3313 1059 3673 1124; x_wconf 88' lang='lat' dir='ltr'><strong>solummodo,</strong></span> <span class='ocrx_word' id='word_1_195' title='bbox 3699 1061 3808 1116; x_wconf 81' lang='lat' dir='ltr'><strong>sed</strong></span> 
     </span>
    </p>
   </div>
   <div class='ocr_carea' id='block_1_26' title="bbox 2201 1146 3808 1206">
    <p class='ocr_par' dir='ltr' id='par_1_26' title="bbox 2201 1146 3808 1206">
     <span class='ocr_line' id='line_1_26' title="bbox 2201 1146 3808 1206; baseline 0.004 -6"><span class='ocrx_word' id='word_1_196' title='bbox 2201 1146 2365 1201; x_wconf 89' lang='lat' dir='ltr'><strong>etiam</strong></span> <span class='ocrx_word' id='word_1_197' title='bbox 2395 1147 2450 1202; x_wconf 92' lang='lat' dir='ltr'><strong>in</strong></span> <span class='ocrx_word' id='word_1_198' title='bbox 2478 1148 2736 1203; x_wconf 88' lang='lat' dir='ltr'><strong>membris</strong></span> <span class='ocrx_word' id='word_1_199' title='bbox 2770 1149 2884 1204; x_wconf 89' lang='lat' dir='ltr'><strong>suis</strong></span> <span class='ocrx_word' id='word_1_200' title='bbox 2913 1149 3044 1204; x_wconf 88' lang='lat' dir='ltr'><strong>vicit</strong></span> <span class='ocrx_word' id='word_1_201' title='bbox 3087 1148 3363 1205; x_wconf 87' lang='lat' dir='ltr'><strong>mundum.</strong></span> <span class='ocrx_word' id='word_1_202' title='bbox 3407 1149 3531 1206; x_wconf 83' lang='lat' dir='ltr'><strong>Ideo</strong></span> <span class='ocrx_word' id='word_1_203' title='bbox 3572 1167 3684 1206; x_wconf 91' lang='lat' dir='ltr'><strong>non</strong></span> <span class='ocrx_word' id='word_1_204' title='bbox 3733 1153 3808 1206; x_wconf 82' lang='lat' dir='ltr'><strong>ti-</strong></span> 
     </span>
    </p>
   </div>
   <div class='ocr_carea' id='block_1_27' title="bbox 2202 1237 3809 1309">
    <p class='ocr_par' dir='ltr' id='par_1_27' title="bbox 2202 1237 3809 1309">
     <span class='ocr_line' id='line_1_27' title="bbox 2202 1237 3809 1309; baseline 0.004 -17"><span class='ocrx_word' id='word_1_205' title='bbox 2202 1238 2408 1293; x_wconf 64' lang='lat' dir='ltr'><strong>mendae</strong></span> <span class='ocrx_word' id='word_1_206' title='bbox 2434 1247 2561 1292; x_wconf 87' lang='lat' dir='ltr'><strong>sunt</strong></span> <span class='ocrx_word' id='word_1_207' title='bbox 2581 1240 2984 1309; x_wconf 88' lang='lat' dir='ltr'><strong>persecutiones</strong></span> <span class='ocrx_word' id='word_1_208' title='bbox 3010 1237 3168 1308; x_wconf 83' lang='lat' dir='ltr'><strong>hujus</strong></span> <span class='ocrx_word' id='word_1_209' title='bbox 3195 1240 3398 1296; x_wconf 89' lang='lat' dir='ltr'><strong>mundi.</strong></span> <span class='ocrx_word' id='word_1_210' title='bbox 3435 1240 3503 1295; x_wconf 84' lang='lat' dir='ltr'><strong>Et</strong></span> <span class='ocrx_word' id='word_1_211' title='bbox 3532 1242 3654 1297; x_wconf 59' lang='lat' dir='ltr'><strong>haec</strong></span> <span class='ocrx_word' id='word_1_212' title='bbox 3674 1257 3809 1297; x_wconf 76' lang='lat' dir='ltr'><strong>om-</strong></span> 
     </span>
    </p>
   </div>
   <div class='ocr_carea' id='block_1_28' title="bbox 2201 1328 3806 1399">
    <p class='ocr_par' dir='ltr' id='par_1_28' title="bbox 2201 1328 3806 1399">
     <span class='ocr_line' id='line_1_28' title="bbox 2201 1328 3806 1399; baseline 0.004 -17"><span class='ocrx_word' id='word_1_213' title='bbox 2201 1328 2290 1382; x_wconf 90' lang='lat' dir='ltr'><strong>nia</strong></span> <span class='ocrx_word' id='word_1_214' title='bbox 2317 1336 2443 1382; x_wconf 90' lang='lat' dir='ltr'><strong>sunt</strong></span> <span class='ocrx_word' id='word_1_215' title='bbox 2463 1329 2689 1399; x_wconf 81' lang='lat' dir='ltr'><strong>agenda,</strong></span> <span class='ocrx_word' id='word_1_216' title='bbox 2712 1336 2771 1384; x_wconf 91' lang='lat' dir='ltr'><strong>ut</strong></span> <span class='ocrx_word' id='word_1_217' title='bbox 2790 1344 2978 1399; x_wconf 84' lang='lat' dir='ltr'><strong>pacem</strong></span> <span class='ocrx_word' id='word_1_218' title='bbox 2999 1330 3295 1386; x_wconf 90' lang='lat' dir='ltr'><strong>habeamus</strong></span> <span class='ocrx_word' id='word_1_219' title='bbox 3317 1332 3369 1386; x_wconf 93' lang='lat' dir='ltr'><strong>in</strong></span> <span class='ocrx_word' id='word_1_220' title='bbox 3390 1331 3504 1387; x_wconf 93' lang='lat' dir='ltr'><strong>illo.</strong></span> <span class='ocrx_word' id='word_1_221' title='bbox 3540 1351 3559 1384; x_wconf 74' lang='grc' dir='ltr'><strong><em>ι</em></strong></span> <span class='ocrx_word' id='word_1_222' title='bbox 3592 1333 3623 1373; x_wconf 73' lang='grc' dir='ltr'>δ</span> <span class='ocrx_word' id='word_1_223' title='bbox 3643 1332 3806 1389; x_wconf 79' lang='lat' dir='ltr'><strong>Hane</strong></span> 
     </span>
    </p>
   </div>
   <div class='ocr_carea' id='block_1_29' title="bbox 2201 1420 3804 1490">
    <p class='ocr_par' dir='ltr' id='par_1_29' title="bbox 2201 1420 3804 1490">
     <span class='ocr_line' id='line_1_29' title="bbox 2201 1420 3804 1490; baseline 0.006 -16"><span class='ocrx_word' id='word_1_224' title='bbox 2201 1420 2345 1475; x_wconf 91' lang='lat' dir='ltr'><strong>enim</strong></span> <span class='ocrx_word' id='word_1_225' title='bbox 2374 1436 2591 1476; x_wconf 86' lang='lat' dir='ltr'><strong>causam</strong></span> <span class='ocrx_word' id='word_1_226' title='bbox 2630 1422 3028 1484; x_wconf 84' lang='lat' dir='ltr'><strong>commendavit</strong></span> <span class='ocrx_word' id='word_1_227' title='bbox 3063 1424 3329 1480; x_wconf 88' lang='lat' dir='ltr'><strong>sermonis</strong></span> <span class='ocrx_word' id='word_1_228' title='bbox 3362 1426 3469 1490; x_wconf 89' lang='lat' dir='ltr'><strong>sui,</strong></span> <span class='ocrx_word' id='word_1_229' title='bbox 3510 1433 3571 1480; x_wconf 92' lang='lat' dir='ltr'><strong>ut</strong></span> <span class='ocrx_word' id='word_1_230' title='bbox 3609 1426 3667 1481; x_wconf 88' lang='lat' dir='ltr'><strong>in</strong></span> <span class='ocrx_word' id='word_1_231' title='bbox 3706 1426 3804 1483; x_wconf 81' lang='lat' dir='ltr'><strong>illo</strong></span> 
     </span>
    </p>
   </div>
   <div class='ocr_carea' id='block_1_30' title="bbox 2200 1513 3798 1584">
    <p class='ocr_par' dir='ltr' id='par_1_30' title="bbox 2200 1513 3798 1584">
     <span class='ocr_line' id='line_1_30' title="bbox 2200 1513 3798 1584; baseline 0.004 -17"><span class='ocrx_word' id='word_1_232' title='bbox 2200 1527 2387 1582; x_wconf 89' lang='lat' dir='ltr'><strong>pacem</strong></span> <span class='ocrx_word' id='word_1_233' title='bbox 2435 1514 2728 1578; x_wconf 88' lang='lat' dir='ltr'><strong>haberent,</strong></span> <span class='ocrx_word' id='word_1_234' title='bbox 2772 1522 2995 1584; x_wconf 87' lang='lat' dir='ltr'><strong>propter</strong></span> <span class='ocrx_word' id='word_1_235' title='bbox 3033 1529 3195 1584; x_wconf 88' lang='lat' dir='ltr'><strong>quam</strong></span> <span class='ocrx_word' id='word_1_236' title='bbox 3240 1513 3534 1570; x_wconf 84' lang='lat' dir='ltr'><strong>Christiani</strong></span> <span class='ocrx_word' id='word_1_237' title='bbox 3581 1531 3798 1573; x_wconf 85' lang='lat' dir='ltr'><strong>sumus.</strong></span> 
     </span>
    </p>
   </div>
   <div class='ocr_carea' id='block_1_31' title="bbox 2203 1602 3802 1674">
    <p class='ocr_par' dir='ltr' id='par_1_31' title="bbox 2203 1602 3802 1674">
     <span class='ocr_line' id='line_1_31' title="bbox 2203 1602 3802 1674; baseline 0.003 -17"><span class='ocrx_word' id='word_1_238' title='bbox 2203 1602 2329 1658; x_wconf 65' lang='grc' dir='ltr'><strong>Ηίεο</strong></span> <span class='ocrx_word' id='word_1_239' title='bbox 2348 1603 2491 1658; x_wconf 90' lang='lat' dir='ltr'><strong>enim</strong></span> <span class='ocrx_word' id='word_1_240' title='bbox 2520 1618 2622 1673; x_wconf 81' lang='lat' dir='ltr'><strong>pax</strong></span> <span class='ocrx_word' id='word_1_241' title='bbox 2654 1602 2813 1657; x_wconf 84' lang='lat' dir='ltr'><strong>tinem</strong></span> <span class='ocrx_word' id='word_1_242' title='bbox 2845 1604 3101 1674; x_wconf 90' lang='lat' dir='ltr'><strong>temporis</strong></span> <span class='ocrx_word' id='word_1_243' title='bbox 3129 1620 3235 1659; x_wconf 92' lang='lat' dir='ltr'><strong>non</strong></span> <span class='ocrx_word' id='word_1_244' title='bbox 3260 1604 3514 1670; x_wconf 90' lang='lat' dir='ltr'><strong>habebit;</strong></span> <span class='ocrx_word' id='word_1_245' title='bbox 3536 1614 3594 1661; x_wconf 89' lang='lat' dir='ltr'><strong>et</strong></span> <span class='ocrx_word' id='word_1_246' title='bbox 3616 1608 3802 1662; x_wconf 77' lang='lat' dir='ltr'><strong>omnis</strong></span> 
     </span>
    </p>
   </div>
   <div class='ocr_carea' id='block_1_32' title="bbox 2201 1693 3799 1766">
    <p class='ocr_par' dir='ltr' id='par_1_32' title="bbox 2201 1693 3799 1766">
     <span class='ocr_line' id='line_1_32' title="bbox 2201 1693 3799 1766; baseline 0.001 -18"><span class='ocrx_word' id='word_1_247' title='bbox 2201 1694 2304 1764; x_wconf 78' lang='lat' dir='ltr'><strong>pia:</strong></span> <span class='ocrx_word' id='word_1_248' title='bbox 2336 1701 2535 1750; x_wconf 67' lang='lat' dir='ltr'><strong>nostra“:</strong></span> <span class='ocrx_word' id='word_1_249' title='bbox 2573 1695 2887 1751; x_wconf 90' lang='lat' dir='ltr'><strong>intentionis</strong></span> <span class='ocrx_word' id='word_1_250' title='bbox 2933 1695 3264 1765; x_wconf 83' lang='lat' dir='ltr'><strong>actionisque</strong></span> <span class='ocrx_word' id='word_1_251' title='bbox 3311 1693 3455 1759; x_wconf 84' lang='lat' dir='ltr'><strong>linis,</strong></span> <span class='ocrx_word' id='word_1_252' title='bbox 3501 1696 3623 1766; x_wconf 89' lang='lat' dir='ltr'><strong>ipsa</strong></span> <span class='ocrx_word' id='word_1_253' title='bbox 3669 1698 3799 1750; x_wconf 83' lang='lat' dir='ltr'><strong>erit.</strong></span> 
     </span>
    </p>
   </div>
   <div class='ocr_carea' id='block_1_33' title="bbox 523 1764 3804 1856">
    <p class='ocr_par' dir='ltr' id='par_1_33' title="bbox 523 1764 3804 1856">
     <span class='ocr_line' id='line_1_33' title="bbox 523 1764 3804 1856; baseline 0.002 -21"><span class='ocrx_word' id='word_1_254' title='bbox 523 1764 861 1852; x_wconf 66' lang='lat' dir='ltr'><strong>refrigeretur</strong></span> <span class='ocrx_word' id='word_1_255' title='bbox 908 1778 1059 1853; x_wconf 79' lang='lat' dir='ltr'><strong>[Ms.,</strong></span> <span class='ocrx_word' id='word_1_256' title='bbox 1117 1781 1186 1836; x_wconf 88' lang='lat' dir='ltr'><strong>ab</strong></span> <span class='ocrx_word' id='word_1_257' title='bbox 1231 1781 1347 1851; x_wconf 90' lang='lat' dir='ltr'><strong>ipso</strong></span> <span class='ocrx_word' id='word_1_258' title='bbox 1391 1797 1498 1837; x_wconf 91' lang='lat' dir='ltr'><strong>non</strong></span> <span class='ocrx_word' id='word_1_259' title='bbox 1561 1781 1915 1855; x_wconf 81' lang='lat' dir='ltr'><strong>refugerunt].</strong></span> <span class='ocrx_word' id='word_1_260' title='bbox 1968 1783 2104 1837; x_wconf 90' lang='lat' dir='ltr'><strong>Dato</strong></span> <span class='ocrx_word' id='word_1_261' title='bbox 2135 1773 2180 1834; x_wconf 87' lang='grc' dir='ltr'>Β</span> <span class='ocrx_word' id='word_1_262' title='bbox 2207 1784 2434 1854; x_wconf 74' lang='lat' dir='ltr'><strong>Propter</strong></span> <span class='ocrx_word' id='word_1_263' title='bbox 2468 1785 2608 1853; x_wconf 77' lang='lat' dir='ltr'><strong>hanc</strong></span> <span class='ocrx_word' id='word_1_264' title='bbox 2649 1784 3003 1855; x_wconf 73' lang='lat' dir='ltr'><strong>sacramentis</strong></span> <span class='ocrx_word' id='word_1_265' title='bbox 3045 1764 3537 1855; x_wconf 15' lang='lat' dir='ltr'><strong>ejusiimbuimur,</strong></span> <span class='ocrx_word' id='word_1_266' title='bbox 3568 1793 3804 1856; x_wconf 80' lang='lat' dir='ltr'><strong>propter</strong></span> 
     </span>
    </p>
   </div>
   <div class='ocr_carea' id='block_1_34' title="bbox 520 1874 2109 1947">
    <p class='ocr_par' dir='ltr' id='par_1_34' title="bbox 520 1874 2109 1947">
     <span class='ocr_line' id='line_1_34' title="bbox 520 1874 2109 1947; baseline 0.003 -21"><span class='ocrx_word' id='word_1_267' title='bbox 520 1874 717 1945; x_wconf 81' lang='lat' dir='ltr'><strong>quippe</strong></span> <span class='ocrx_word' id='word_1_268' title='bbox 747 1876 851 1931; x_wconf 86' lang='lat' dir='ltr'><strong>illis</strong></span> <span class='ocrx_word' id='word_1_269' title='bbox 886 1875 1091 1946; x_wconf 82' lang='lat' dir='ltr'><strong>Spiritu</strong></span> <span class='ocrx_word' id='word_1_270' title='bbox 1127 1884 1334 1941; x_wconf 86' lang='lat' dir='ltr'><strong>sancto,</strong></span> <span class='ocrx_word' id='word_1_271' title='bbox 1382 1876 1581 1931; x_wconf 78' lang='lat' dir='ltr'><strong>factum</strong></span> <span class='ocrx_word' id='word_1_272' title='bbox 1617 1886 1700 1932; x_wconf 88' lang='lat' dir='ltr'><strong>est</strong></span> <span class='ocrx_word' id='word_1_273' title='bbox 1744 1877 1799 1931; x_wconf 90' lang='lat' dir='ltr'><strong>in</strong></span> <span class='ocrx_word' id='word_1_274' title='bbox 1846 1876 1924 1931; x_wconf 84' lang='lat' dir='ltr'><strong>eis</strong></span> <span class='ocrx_word' id='word_1_275' title='bbox 1965 1875 2109 1947; x_wconf 90' lang='lat' dir='ltr'><strong>quod</strong></span> 
     </span>
    </p>
   </div>
   <div class='ocr_carea' id='block_1_35' title="bbox 521 1967 2102 2040">
    <p class='ocr_par' dir='ltr' id='par_1_35' title="bbox 521 1967 2102 2040">
     <span class='ocr_line' id='line_1_35' title="bbox 521 1967 2102 2040; baseline 0.001 -20"><span class='ocrx_word' id='word_1_276' title='bbox 521 1982 667 2021; x_wconf 85' lang='lat' dir='ltr'><strong>nunc</strong></span> <span class='ocrx_word' id='word_1_277' title='bbox 707 1967 910 2022; x_wconf 88' lang='lat' dir='ltr'><strong>dictum</strong></span> <span class='ocrx_word' id='word_1_278' title='bbox 956 1977 1041 2024; x_wconf 92' lang='lat' dir='ltr'><strong>est</strong></span> <span class='ocrx_word' id='word_1_279' title='bbox 1082 1969 1161 2024; x_wconf 90' lang='lat' dir='ltr'><strong>eis</strong></span> <span class='ocrx_word' id='word_1_280' title='bbox 1192 1989 1202 2020; x_wconf 91' lang='lat'>:</span> <span class='ocrx_word' id='word_1_281' title='bbox 1231 1968 1511 2039; x_wconf 79' lang='lat' dir='ltr'><strong>Conﬁdite,</strong></span> <span class='ocrx_word' id='word_1_282' title='bbox 1557 1986 1648 2040; x_wconf 86' lang='lat' dir='ltr'><strong>ego</strong></span> <span class='ocrx_word' id='word_1_283' title='bbox 1690 1970 1787 2025; x_wconf 88' lang='lat' dir='ltr'><strong>vici</strong></span> <span class='ocrx_word' id='word_1_284' title='bbox 1833 1968 2102 2022; x_wconf 87' lang='lat' dir='ltr'><strong>mundum.</strong></span> 
     </span>
    </p>
   </div>
   <div class='ocr_carea' id='block_1_36' title="bbox 528 2055 2107 2129">
    <p class='ocr_par' dir='ltr' id='par_1_36' title="bbox 528 2055 2107 2129">
     <span class='ocr_line' id='line_1_36' title="bbox 528 2055 2107 2129; baseline 0.003 -19"><span class='ocrx_word' id='word_1_285' title='bbox 528 2072 546 2104; x_wconf 76' lang='grc' dir='ltr'>ι</span> <span class='ocrx_word' id='word_1_286' title='bbox 587 2067 612 2095; x_wconf 75' lang='grc' dir='ltr'>ιι</span> <span class='ocrx_word' id='word_1_287' title='bbox 641 2055 989 2112; x_wconf 83' lang='lat' dir='ltr'><strong>Coniiderunt</strong></span> <span class='ocrx_word' id='word_1_288' title='bbox 1015 2067 1069 2112; x_wconf 93' lang='lat' dir='ltr'><strong>et</strong></span> <span class='ocrx_word' id='word_1_289' title='bbox 1094 2060 1358 2113; x_wconf 87' lang='lat' dir='ltr'><strong>vicerunt.</strong></span> <span class='ocrx_word' id='word_1_290' title='bbox 1391 2060 1447 2113; x_wconf 92' lang='lat' dir='ltr'><strong>ln</strong></span> <span class='ocrx_word' id='word_1_291' title='bbox 1471 2075 1594 2129; x_wconf 89' lang='lat' dir='ltr'><strong>quo,</strong></span> <span class='ocrx_word' id='word_1_292' title='bbox 1626 2061 1729 2115; x_wconf 88' lang='lat' dir='ltr'><strong>nisi</strong></span> <span class='ocrx_word' id='word_1_293' title='bbox 1764 2061 1815 2114; x_wconf 92' lang='lat' dir='ltr'><strong>in</strong></span> <span class='ocrx_word' id='word_1_294' title='bbox 1840 2060 1969 2114; x_wconf 88' lang='lat' dir='ltr'><strong>illo?</strong></span> <span class='ocrx_word' id='word_1_295' title='bbox 1990 2059 2107 2116; x_wconf 88' lang='lat' dir='ltr'><strong>Non</strong></span> 
     </span>
    </p>
   </div>
   <div class='ocr_carea' id='block_1_37' title="bbox 522 2150 2107 2224">
    <p class='ocr_par' dir='ltr' id='par_1_37' title="bbox 522 2150 2107 2224">
     <span class='ocr_line' id='line_1_37' title="bbox 522 2150 2107 2224; baseline 0.005 -21"><span class='ocrx_word' id='word_1_296' title='bbox 522 2150 666 2203; x_wconf 88' lang='lat' dir='ltr'><strong>cnim</strong></span> <span class='ocrx_word' id='word_1_297' title='bbox 693 2152 910 2206; x_wconf 84' lang='lat' dir='ltr'><strong>vicisset</strong></span> <span class='ocrx_word' id='word_1_298' title='bbox 934 2151 1065 2223; x_wconf 71' lang='lat' dir='ltr'><strong>[illell</strong></span> <span class='ocrx_word' id='word_1_299' title='bbox 1093 2153 1369 2217; x_wconf 88' lang='lat' dir='ltr'><strong>mundum,</strong></span> <span class='ocrx_word' id='word_1_300' title='bbox 1394 2154 1439 2207; x_wconf 88' lang='lat' dir='ltr'><strong>si</strong></span> <span class='ocrx_word' id='word_1_301' title='bbox 1464 2154 1701 2208; x_wconf 86' lang='lat' dir='ltr'><strong>membra</strong></span> <span class='ocrx_word' id='word_1_302' title='bbox 1723 2154 1844 2224; x_wconf 34' lang='lat' dir='ltr'><strong>ejus,</strong></span> <span class='ocrx_word' id='word_1_303' title='bbox 1867 2155 2107 2211; x_wconf 77' lang='lat' dir='ltr'><strong>vinceret</strong></span> 
     </span>
    </p>
   </div>
   <div class='ocr_carea' id='block_1_38' title="bbox 523 2242 2103 2319">
    <p class='ocr_par' dir='ltr' id='par_1_38' title="bbox 523 2242 2103 2319">
     <span class='ocr_line' id='line_1_38' title="bbox 523 2242 2103 2319; baseline 0.001 -21"><span class='ocrx_word' id='word_1_304' title='bbox 523 2244 774 2298; x_wconf 87' lang='lat' dir='ltr'><strong>mundus.</strong></span> <span class='ocrx_word' id='word_1_305' title='bbox 827 2244 976 2300; x_wconf 68' lang='lat' dir='ltr'><strong>Unde</strong></span> <span class='ocrx_word' id='word_1_306' title='bbox 1013 2244 1087 2298; x_wconf 86' lang='lat' dir='ltr'><strong>ait</strong></span> <span class='ocrx_word' id='word_1_307' title='bbox 1125 2242 1678 2313; x_wconf 75' lang='lat' dir='ltr'><strong>Apostolus:Gratias</strong></span> <span class='ocrx_word' id='word_1_308' title='bbox 1721 2245 1851 2311; x_wconf 87' lang='lat' dir='ltr'><strong>Deo,</strong></span> <span class='ocrx_word' id='word_1_309' title='bbox 1885 2247 1973 2319; x_wconf 80' lang='lat' dir='ltr'><strong>qui</strong></span> <span class='ocrx_word' id='word_1_310' title='bbox 2013 2247 2103 2300; x_wconf 86' lang='lat' dir='ltr'><strong>dat</strong></span> 
     </span>
    </p>
   </div>
   <div class='ocr_carea' id='block_1_39' title="bbox 524 2334 2101 2404">
    <p class='ocr_par' dir='ltr' id='par_1_39' title="bbox 524 2334 2101 2404">
     <span class='ocr_line' id='line_1_39' title="bbox 524 2334 2101 2404; baseline 0.003 -17"><span class='ocrx_word' id='word_1_311' title='bbox 524 2334 670 2388; x_wconf 87' lang='lat' dir='ltr'><strong>nobis</strong></span> <span class='ocrx_word' id='word_1_312' title='bbox 693 2336 994 2401; x_wconf 76' lang='lat' dir='ltr'><strong>victoriam;</strong></span> <span class='ocrx_word' id='word_1_313' title='bbox 1020 2336 1378 2404; x_wconf 79' lang='lat' dir='ltr'><strong>continuoque</strong></span> <span class='ocrx_word' id='word_1_314' title='bbox 1405 2335 1630 2404; x_wconf 81' lang='lat' dir='ltr'><strong>subjecit</strong></span> <span class='ocrx_word' id='word_1_315' title='bbox 1660 2352 1673 2390; x_wconf 91' lang='lat'><strong>:</strong></span> <span class='ocrx_word' id='word_1_316' title='bbox 1700 2335 1804 2391; x_wconf 84' lang='lat' dir='ltr'><strong>Per</strong></span> <span class='ocrx_word' id='word_1_317' title='bbox 1822 2337 2101 2391; x_wconf 71' lang='lat' dir='ltr'><strong>Demittunt</strong></span> 
     </span>
    </p>
   </div>
   <div class='ocr_carea' id='block_1_40' title="bbox 526 2422 2107 2498">
    <p class='ocr_par' dir='ltr' id='par_1_40' title="bbox 526 2422 2107 2498">
     <span class='ocr_line' id='line_1_40' title="bbox 526 2422 2107 2498; baseline 0.001 -20"><span class='ocrx_word' id='word_1_318' title='bbox 526 2435 759 2478; x_wconf 88' lang='lat' dir='ltr'><strong>nostrum</strong></span> <span class='ocrx_word' id='word_1_319' title='bbox 790 2424 969 2479; x_wconf 81' lang='lat' dir='ltr'><strong>Iesum</strong></span> <span class='ocrx_word' id='word_1_320' title='bbox 998 2422 1260 2483; x_wconf 78' lang='lat' dir='ltr'><strong>Christum</strong></span> <span class='ocrx_word' id='word_1_321' title='bbox 1288 2425 1342 2498; x_wconf 89' lang='grc' dir='ltr'><strong>(Ι</strong></span> <span class='ocrx_word' id='word_1_322' title='bbox 1371 2424 1491 2480; x_wconf 90' lang='lat' dir='ltr'><strong>Cor.</strong></span> <span class='ocrx_word' id='word_1_323' title='bbox 1525 2443 1611 2489; x_wconf 76' lang='lat' dir='ltr'><strong>xv,</strong></span> <span class='ocrx_word' id='word_1_324' title='bbox 1639 2426 1755 2498; x_wconf 78' lang='lat'><strong>57),</strong></span> <span class='ocrx_word' id='word_1_325' title='bbox 1781 2426 1869 2496; x_wconf 85' lang='lat' dir='ltr'><strong>qui</strong></span> <span class='ocrx_word' id='word_1_326' title='bbox 1897 2427 2107 2482; x_wconf 76' lang='lat' dir='ltr'><strong>dixerat</strong></span> 
     </span>
    </p>
   </div>
   <div class='ocr_carea' id='block_1_41' title="bbox 526 2513 2105 2588">
    <p class='ocr_par' dir='ltr' id='par_1_41' title="bbox 526 2513 2105 2588">
     <span class='ocr_line' id='line_1_41' title="bbox 526 2513 2105 2588; baseline 0.001 -19"><span class='ocrx_word' id='word_1_327' title='bbox 526 2515 638 2570; x_wconf 85' lang='lat' dir='ltr'><strong>suis</strong></span> <span class='ocrx_word' id='word_1_328' title='bbox 664 2534 676 2569; x_wconf 90' lang='lat'><strong>:</strong></span> <span class='ocrx_word' id='word_1_329' title='bbox 701 2513 974 2585; x_wconf 87' lang='lat' dir='ltr'><strong>Con/idite,</strong></span> <span class='ocrx_word' id='word_1_330' title='bbox 1007 2517 1131 2588; x_wconf 82' lang='lat' dir='ltr'><strong>quia</strong></span> <span class='ocrx_word' id='word_1_331' title='bbox 1160 2534 1251 2587; x_wconf 84' lang='lat' dir='ltr'><strong>ego</strong></span> <span class='ocrx_word' id='word_1_332' title='bbox 1290 2518 1387 2571; x_wconf 88' lang='lat' dir='ltr'><strong>vici</strong></span> <span class='ocrx_word' id='word_1_333' title='bbox 1420 2518 1695 2571; x_wconf 87' lang='lat' dir='ltr'><strong>mundum.</strong></span> <span class='ocrx_word' id='word_1_334' title='bbox 1723 2539 1740 2569; x_wconf 87' lang='grc'><strong>›</strong></span> <span class='ocrx_word' id='word_1_335' title='bbox 1787 2517 2105 2573; x_wconf 87' lang='lat' dir='ltr'><strong>Sermonem</strong></span> 
     </span>
    </p>
   </div>
   <div class='ocr_carea' id='block_1_42' title="bbox 483 2607 2106 2681">
    <p class='ocr_par' dir='ltr' id='par_1_42' title="bbox 483 2607 2106 2681">
     <span class='ocr_line' id='line_1_42' title="bbox 483 2607 2106 2681; baseline 0.004 -18"><span class='ocrx_word' id='word_1_336' title='bbox 483 2675 488 2681; x_wconf 24' lang='grc' dir='ltr'>ν</span> <span class='ocrx_word' id='word_1_337' title='bbox 525 2607 597 2663; x_wconf 80' lang='lat' dir='ltr'><strong>ita</strong></span> <span class='ocrx_word' id='word_1_338' title='bbox 619 2609 923 2664; x_wconf 89' lang='lat' dir='ltr'><strong>concludit:</strong></span> <span class='ocrx_word' id='word_1_339' title='bbox 949 2609 1133 2679; x_wconf 78' lang='lat' dir='ltr'><strong>(Vens.</strong></span> <span class='ocrx_word' id='word_1_340' title='bbox 1167 2609 1256 2681; x_wconf 78' lang='lat'><strong>53)</strong></span> <span class='ocrx_word' id='word_1_341' title='bbox 1286 2607 1413 2665; x_wconf 73' lang='lat' dir='ltr'><strong>&quot;(re</strong></span> <span class='ocrx_word' id='word_1_342' title='bbox 1434 2609 1637 2666; x_wconf 85' lang='lat' dir='ltr'><strong>locutus</strong></span> <span class='ocrx_word' id='word_1_343' title='bbox 1653 2628 1765 2666; x_wconf 88' lang='lat' dir='ltr'><strong>sum</strong></span> <span class='ocrx_word' id='word_1_344' title='bbox 1793 2612 1947 2675; x_wconf 78' lang='lat' dir='ltr'><strong>vobis,</strong></span> <span class='ocrx_word' id='word_1_345' title='bbox 1974 2621 2027 2664; x_wconf 91' lang='lat' dir='ltr'><strong>ut</strong></span> <span class='ocrx_word' id='word_1_346' title='bbox 2052 2614 2106 2669; x_wconf 83' lang='lat' dir='ltr'><strong>in</strong></span> 
     </span>
    </p>
   </div>
   <div class='ocr_carea' id='block_1_43' title="bbox 597 2739 1658 2813">
    <p class='ocr_par' dir='ltr' id='par_1_43' title="bbox 597 2739 1658 2813">
     <span class='ocr_line' id='line_1_43' title="bbox 597 2739 1658 2813; baseline -0.001 -17"><span class='ocrx_word' id='word_1_347' title='bbox 597 2754 620 2781; x_wconf 82' lang='grc' dir='ltr'>ι</span> <span class='ocrx_word' id='word_1_348' title='bbox 656 2741 732 2796; x_wconf 77' lang='lat' dir='ltr'><strong>Es</strong></span> <span class='ocrx_word' id='word_1_349' title='bbox 771 2739 829 2797; x_wconf 91' lang='lat' dir='ltr'><strong>S.</strong></span> <span class='ocrx_word' id='word_1_350' title='bbox 869 2741 1027 2813; x_wconf 60' lang='grc' dir='ltr'><strong>Λαίς..</strong></span> <span class='ocrx_word' id='word_1_351' title='bbox 1070 2749 1225 2797; x_wconf 88' lang='lat' dir='ltr'><strong>tract.</strong></span> <span class='ocrx_word' id='word_1_352' title='bbox 1264 2758 1381 2805; x_wconf 86' lang='lat' dir='ltr'><strong>cm,</strong></span> <span class='ocrx_word' id='word_1_353' title='bbox 1421 2759 1568 2797; x_wconf 92' lang='lat' dir='ltr'><strong>num.</strong></span> <span class='ocrx_word' id='word_1_354' title='bbox 1608 2744 1658 2797; x_wconf 81' lang='grc'><strong>5.</strong></span> 
     </span>
    </p>
   </div>
   <div class='ocr_carea' id='block_1_44' title="bbox 2206 1875 3801 1948">
    <p class='ocr_par' dir='ltr' id='par_1_44' title="bbox 2206 1875 3801 1948">
     <span class='ocr_line' id='line_1_44' title="bbox 2206 1875 3801 1948; baseline 0.002 -17"><span class='ocrx_word' id='word_1_355' title='bbox 2206 1878 2348 1947; x_wconf 82' lang='lat' dir='ltr'><strong>hanc</strong></span> <span class='ocrx_word' id='word_1_356' title='bbox 2377 1876 2713 1945; x_wconf 85' lang='lat' dir='ltr'><strong>mirabilibus</strong></span> <span class='ocrx_word' id='word_1_357' title='bbox 2737 1875 2855 1946; x_wconf 89' lang='lat' dir='ltr'><strong>ejus</strong></span> <span class='ocrx_word' id='word_1_358' title='bbox 2879 1876 3132 1948; x_wconf 88' lang='lat' dir='ltr'><strong>operibus</strong></span> <span class='ocrx_word' id='word_1_359' title='bbox 3155 1885 3211 1931; x_wconf 90' lang='lat' dir='ltr'><strong>et</strong></span> <span class='ocrx_word' id='word_1_360' title='bbox 3237 1877 3583 1932; x_wconf 87' lang='lat' dir='ltr'><strong>sermonibus</strong></span> <span class='ocrx_word' id='word_1_361' title='bbox 3614 1880 3801 1934; x_wconf 84' lang='lat' dir='ltr'><strong>erudi-</strong></span> 
     </span>
    </p>
   </div>
   <div class='ocr_carea' id='block_1_45' title="bbox 2205 1964 3796 2039">
    <p class='ocr_par' dir='ltr' id='par_1_45' title="bbox 2205 1964 3796 2039">
     <span class='ocr_line' id='line_1_45' title="bbox 2205 1964 3796 2039; baseline 0.002 -18"><span class='ocrx_word' id='word_1_362' title='bbox 2205 1982 2348 2032; x_wconf 89' lang='lat' dir='ltr'><strong>mur,</strong></span> <span class='ocrx_word' id='word_1_363' title='bbox 2371 1974 2592 2039; x_wconf 86' lang='lat' dir='ltr'><strong>propter</strong></span> <span class='ocrx_word' id='word_1_364' title='bbox 2614 1966 2753 2021; x_wconf 91' lang='lat' dir='ltr'><strong>hanc</strong></span> <span class='ocrx_word' id='word_1_365' title='bbox 2778 1964 3037 2037; x_wconf 86' lang='lat' dir='ltr'><strong>Spiritum</strong></span> <span class='ocrx_word' id='word_1_366' title='bbox 3073 1967 3189 2037; x_wconf 81' lang='lat' dir='ltr'><strong>ejus</strong></span> <span class='ocrx_word' id='word_1_367' title='bbox 3226 1966 3421 2037; x_wconf 81' lang='lat' dir='ltr'><strong>pignus</strong></span> <span class='ocrx_word' id='word_1_368' title='bbox 3455 1968 3796 2039; x_wconf 86' lang='lat' dir='ltr'><strong>accepimus,</strong></span> 
     </span>
    </p>
   </div>
   <div class='ocr_carea' id='block_1_46' title="bbox 2204 2056 3797 2128">
    <p class='ocr_par' dir='ltr' id='par_1_46' title="bbox 2204 2056 3797 2128">
     <span class='ocr_line' id='line_1_46' title="bbox 2204 2056 3797 2128; baseline 0 -16"><span class='ocrx_word' id='word_1_369' title='bbox 2204 2065 2423 2128; x_wconf 88' lang='lat' dir='ltr'><strong>propter</strong></span> <span class='ocrx_word' id='word_1_370' title='bbox 2446 2058 2586 2113; x_wconf 89' lang='lat' dir='ltr'><strong>hanc</strong></span> <span class='ocrx_word' id='word_1_371' title='bbox 2611 2057 2667 2112; x_wconf 89' lang='lat' dir='ltr'><strong>in</strong></span> <span class='ocrx_word' id='word_1_372' title='bbox 2694 2072 2818 2112; x_wconf 90' lang='lat' dir='ltr'><strong>cum</strong></span> <span class='ocrx_word' id='word_1_373' title='bbox 2847 2057 3115 2112; x_wconf 88' lang='lat' dir='ltr'><strong>credimus</strong></span> <span class='ocrx_word' id='word_1_374' title='bbox 3150 2066 3206 2111; x_wconf 89' lang='lat' dir='ltr'><strong>et</strong></span> <span class='ocrx_word' id='word_1_375' title='bbox 3238 2072 3543 2126; x_wconf 85' lang='lat' dir='ltr'><strong>speramus,</strong></span> <span class='ocrx_word' id='word_1_376' title='bbox 3586 2066 3647 2112; x_wconf 90' lang='lat' dir='ltr'><strong>ut</strong></span> <span class='ocrx_word' id='word_1_377' title='bbox 3682 2056 3797 2126; x_wconf 80' lang='lat' dir='ltr'><strong>ejus</strong></span> 
     </span>
    </p>
   </div>
   <div class='ocr_carea' id='block_1_47' title="bbox 2205 2146 3796 2220">
    <p class='ocr_par' dir='ltr' id='par_1_47' title="bbox 2205 2146 3796 2220">
     <span class='ocr_line' id='line_1_47' title="bbox 2205 2146 3796 2220; baseline -0.002 -15"><span class='ocrx_word' id='word_1_378' title='bbox 2205 2166 2410 2217; x_wconf 91' lang='lat' dir='ltr'><strong>amore,</strong></span> <span class='ocrx_word' id='word_1_379' title='bbox 2454 2158 2715 2219; x_wconf 90' lang='lat' dir='ltr'><strong>quantum</strong></span> <span class='ocrx_word' id='word_1_380' title='bbox 2760 2149 2874 2220; x_wconf 89' lang='lat' dir='ltr'><strong>ipse</strong></span> <span class='ocrx_word' id='word_1_381' title='bbox 2925 2148 3108 2214; x_wconf 91' lang='lat' dir='ltr'><strong>donat,</strong></span> <span class='ocrx_word' id='word_1_382' title='bbox 3148 2146 3444 2203; x_wconf 82' lang='lat' dir='ltr'><strong>eiiiciamur</strong></span> <span class='ocrx_word' id='word_1_383' title='bbox 3483 2148 3675 2220; x_wconf 78' lang='lat' dir='ltr'><strong>digni;</strong></span> <span class='ocrx_word' id='word_1_384' title='bbox 3702 2165 3796 2217; x_wconf 77' lang='lat' dir='ltr'><strong>per</strong></span> 
     </span>
    </p>
   </div>
   <div class='ocr_carea' id='block_1_48' title="bbox 2207 2242 3796 2315">
    <p class='ocr_par' dir='ltr' id='par_1_48' title="bbox 2207 2242 3796 2315">
     <span class='ocr_line' id='line_1_48' title="bbox 2207 2242 3796 2315; baseline -0.001 -16"><span class='ocrx_word' id='word_1_385' title='bbox 2207 2245 2345 2300; x_wconf 90' lang='lat' dir='ltr'><strong>hanc</strong></span> <span class='ocrx_word' id='word_1_386' title='bbox 2382 2259 2566 2314; x_wconf 89' lang='lat' dir='ltr'><strong>pacem</strong></span> <span class='ocrx_word' id='word_1_387' title='bbox 2604 2244 2657 2298; x_wconf 94' lang='lat' dir='ltr'><strong>in</strong></span> <span class='ocrx_word' id='word_1_388' title='bbox 2698 2244 2967 2312; x_wconf 90' lang='lat' dir='ltr'><strong>pressuris</strong></span> <span class='ocrx_word' id='word_1_389' title='bbox 2995 2243 3243 2298; x_wconf 88' lang='lat' dir='ltr'><strong>omnibus</strong></span> <span class='ocrx_word' id='word_1_390' title='bbox 3279 2242 3658 2308; x_wconf 88' lang='lat' dir='ltr'><strong>consolamur;</strong></span> <span class='ocrx_word' id='word_1_391' title='bbox 3700 2260 3796 2315; x_wconf 76' lang='lat' dir='ltr'><strong>per</strong></span> 
     </span>
    </p>
   </div>
   <div class='ocr_carea' id='block_1_49' title="bbox 2207 2337 3794 2410">
    <p class='ocr_par' dir='ltr' id='par_1_49' title="bbox 2207 2337 3794 2410">
     <span class='ocr_line' id='line_1_49' title="bbox 2207 2337 3794 2410; baseline -0.003 -14"><span class='ocrx_word' id='word_1_392' title='bbox 2207 2342 2347 2396; x_wconf 89' lang='lat' dir='ltr'><strong>hanc</strong></span> <span class='ocrx_word' id='word_1_393' title='bbox 2365 2347 2420 2395; x_wconf 92' lang='lat' dir='ltr'><strong>et</strong></span> <span class='ocrx_word' id='word_1_394' title='bbox 2441 2356 2470 2394; x_wconf 88' lang='lat' dir='ltr'><strong>a</strong></span> <span class='ocrx_word' id='word_1_395' title='bbox 2492 2340 2760 2410; x_wconf 78' lang='lat' dir='ltr'><strong>pressaris</strong></span> <span class='ocrx_word' id='word_1_396' title='bbox 2780 2338 3031 2395; x_wconf 89' lang='lat' dir='ltr'><strong>omnibus</strong></span> <span class='ocrx_word' id='word_1_397' title='bbox 3051 2338 3377 2402; x_wconf 86' lang='lat' dir='ltr'><strong>liberamur;</strong></span> <span class='ocrx_word' id='word_1_398' title='bbox 3404 2346 3633 2408; x_wconf 82' lang='lat' dir='ltr'><strong>propter</strong></span> <span class='ocrx_word' id='word_1_399' title='bbox 3657 2337 3794 2392; x_wconf 81' lang='lat' dir='ltr'><strong>hanc</strong></span> 
     </span>
    </p>
   </div>
   <div class='ocr_carea' id='block_1_50' title="bbox 2207 2429 3793 2499">
    <p class='ocr_par' dir='ltr' id='par_1_50' title="bbox 2207 2429 3793 2499">
     <span class='ocr_line' id='line_1_50' title="bbox 2207 2429 3793 2499; baseline -0.003 -10"><span class='ocrx_word' id='word_1_400' title='bbox 2207 2449 2420 2489; x_wconf 81' lang='lat' dir='ltr'><strong>omnem</strong></span> <span class='ocrx_word' id='word_1_401' title='bbox 2452 2432 2854 2499; x_wconf 79' lang='lat' dir='ltr'><strong>tribulationem</strong></span> <span class='ocrx_word' id='word_1_402' title='bbox 2880 2429 3093 2486; x_wconf 85' lang='lat' dir='ltr'><strong>fortiter</strong></span> <span class='ocrx_word' id='word_1_403' title='bbox 3117 2433 3467 2495; x_wconf 76' lang='lat' dir='ltr'><strong>sustinemus,</strong></span> <span class='ocrx_word' id='word_1_404' title='bbox 3499 2437 3558 2483; x_wconf 90' lang='lat' dir='ltr'><strong>ut</strong></span> <span class='ocrx_word' id='word_1_405' title='bbox 3597 2429 3653 2484; x_wconf 90' lang='lat' dir='ltr'><strong>in</strong></span> <span class='ocrx_word' id='word_1_406' title='bbox 3693 2430 3793 2484; x_wconf 85' lang='lat' dir='ltr'><strong>hac</strong></span> 
     </span>
    </p>
   </div>
   <div class='ocr_carea' id='block_1_51' title="bbox 2209 2519 3541 2593">
    <p class='ocr_par' dir='ltr' id='par_1_51' title="bbox 2209 2519 3541 2593">
     <span class='ocr_line' id='line_1_51' title="bbox 2209 2519 3541 2593; baseline -0.005 -13"><span class='ocrx_word' id='word_1_407' title='bbox 2209 2526 2323 2581; x_wconf 89' lang='lat' dir='ltr'><strong>sine</strong></span> <span class='ocrx_word' id='word_1_408' title='bbox 2354 2525 2461 2579; x_wconf 88' lang='lat' dir='ltr'><strong>ulla</strong></span> <span class='ocrx_word' id='word_1_409' title='bbox 2492 2523 2836 2587; x_wconf 83' lang='lat' dir='ltr'><strong>tribulatione</strong></span> <span class='ocrx_word' id='word_1_410' title='bbox 2864 2537 3171 2593; x_wconf 58' lang='lat' dir='ltr'><strong>regnemus,</strong></span> <span class='ocrx_word' id='word_1_411' title='bbox 3197 2542 3214 2574; x_wconf 71' lang='grc' dir='ltr'><strong><em>ι</em></strong></span> <span class='ocrx_word' id='word_1_412' title='bbox 3261 2519 3541 2591; x_wconf 68' lang='lat' dir='ltr'><strong>Sequitur.L</strong></span> 
     </span>
    </p>
   </div>
   <div class='ocr_carea' id='block_1_52' title="bbox 2279 2740 3287 2807">
    <p class='ocr_par' dir='ltr' id='par_1_52' title="bbox 2279 2740 3287 2807">
     <span class='ocr_line' id='line_1_52' title="bbox 2279 2740 3287 2807; baseline -0.003 -12"><span class='ocrx_word' id='word_1_413' title='bbox 2279 2742 2306 2780; x_wconf 71' lang='grc' dir='ltr'>δ</span> <span class='ocrx_word' id='word_1_414' title='bbox 2339 2741 2416 2795; x_wconf 78' lang='lat' dir='ltr'><strong>Ex</strong></span> <span class='ocrx_word' id='word_1_415' title='bbox 2451 2742 2661 2807; x_wconf 85' lang='lat' dir='ltr'><strong>eodem,</strong></span> <span class='ocrx_word' id='word_1_416' title='bbox 2700 2748 2857 2796; x_wconf 90' lang='lat' dir='ltr'><strong>tract.</strong></span> <span class='ocrx_word' id='word_1_417' title='bbox 2898 2755 3004 2803; x_wconf 80' lang='lat' dir='ltr'><strong>etv,</strong></span> <span class='ocrx_word' id='word_1_418' title='bbox 3047 2754 3193 2794; x_wconf 92' lang='lat' dir='ltr'><strong>num.</strong></span> <span class='ocrx_word' id='word_1_419' title='bbox 3241 2740 3287 2793; x_wconf 84' lang='lat' dir='ltr'><strong>t.</strong></span> 
     </span>
    </p>
   </div>
   <div class='ocr_carea' id='block_1_53' title="bbox 541 2882 3779 2915">
    <p class='ocr_par' dir='ltr' id='par_1_53' title="bbox 541 2882 3779 2915">
     <span class='ocr_line' id='line_1_53' title="bbox 541 2882 3779 2915; baseline -0.013 6"><span class='ocrx_word' id='word_1_420' title='bbox 541 2882 3779 2915; x_wconf 53' lang='lat' dir='ltr'><strong>W—m—W</strong></span> 
     </span>
    </p>
   </div>
   <div class='ocr_carea' id='block_1_54' title="bbox 1577 2972 2683 3067">
    <p class='ocr_par' dir='ltr' id='par_1_54' title="bbox 1577 2972 2683 3067">
     <span class='ocr_line' id='line_1_54' title="bbox 1577 2972 2683 3067; baseline 0.009 -13"><span class='ocrx_word' id='word_1_421' title='bbox 1577 2972 1743 3054; x_wconf 71' lang='lat'><strong>613</strong></span> <span class='ocrx_word' id='word_1_422' title='bbox 1792 2986 2087 3067; x_wconf 84' lang='lat' dir='ltr'><strong>LIBER</strong></span> <span class='ocrx_word' id='word_1_423' title='bbox 2147 2986 2683 3064; x_wconf 86' lang='lat' dir='ltr'><strong>SEPTIMUS.</strong></span> 
     </span>
    </p>
   </div>
   <div class='ocr_carea' id='block_1_55' title="bbox 1974 3123 2370 3137">
    <p class='ocr_par' dir='ltr' id='par_1_55' title="bbox 1974 3123 2370 3137">
     <span class='ocr_line' id='line_1_55' title="bbox 1974 3123 2370 3137; baseline 0.003 -1"><span class='ocrx_word' id='word_1_424' title='bbox 1974 3123 2370 3137; x_wconf 57' lang='lat'><strong>————‘.</strong></span> 
     </span>
    </p>
   </div>
   <div class='ocr_carea' id='block_1_56' title="bbox 1064 3178 1566 3241">
    <p class='ocr_par' dir='ltr' id='par_1_56' title="bbox 1064 3178 1566 3241">
     <span class='ocr_line' id='line_1_56' title="bbox 1064 3178 1566 3241; baseline -0.02 0"><span class='ocrx_word' id='word_1_425' title='bbox 1064 3179 1288 3241; x_wconf 79' lang='lat' dir='ltr'><strong>CAPUT</strong></span> <span class='ocrx_word' id='word_1_426' title='bbox 1327 3178 1566 3236; x_wconf 75' lang='lat' dir='ltr'><strong>XXXIX.</strong></span> 
     </span>
    </p>
   </div>
   <div class='ocr_carea' id='block_1_57' title="bbox 524 3290 2102 3361">
    <p class='ocr_par' dir='ltr' id='par_1_57' title="bbox 524 3290 2102 3361">
     <span class='ocr_line' id='line_1_57' title="bbox 524 3290 2102 3361; baseline -0.004 -12"><span class='ocrx_word' id='word_1_427' title='bbox 524 3291 606 3350; x_wconf 72' lang='lat' dir='ltr'><strong>Ad</strong></span> <span class='ocrx_word' id='word_1_428' title='bbox 646 3290 859 3345; x_wconf 72' lang='lat' dir='ltr'><strong>Patrem</strong></span> <span class='ocrx_word' id='word_1_429' title='bbox 892 3292 956 3345; x_wconf 82' lang='lat' dir='ltr'><strong>de</strong></span> <span class='ocrx_word' id='word_1_430' title='bbox 993 3290 1366 3361; x_wconf 82' lang='lat' dir='ltr'><strong>clariﬁcationc</strong></span> <span class='ocrx_word' id='word_1_431' title='bbox 1401 3306 1498 3361; x_wconf 67' lang='lat' dir='ltr'><strong>suo</strong></span> <span class='ocrx_word' id='word_1_432' title='bbox 1542 3290 1776 3357; x_wconf 83' lang='lat' dir='ltr'><strong>loquens,</strong></span> <span class='ocrx_word' id='word_1_433' title='bbox 1819 3290 2102 3361; x_wconf 82' lang='lat' dir='ltr'><strong>discipulos</strong></span> 
     </span>
    </p>
   </div>
   <div class='ocr_carea' id='block_1_58' title="bbox 593 3358 2105 3432">
    <p class='ocr_par' dir='ltr' id='par_1_58' title="bbox 593 3358 2105 3432">
     <span class='ocr_line' id='line_1_58' title="bbox 593 3358 2105 3432; baseline -0.001 -17"><span class='ocrx_word' id='word_1_434' title='bbox 593 3362 797 3432; x_wconf 72' lang='lat' dir='ltr'><strong>prolixa</strong></span> <span class='ocrx_word' id='word_1_435' title='bbox 828 3358 1211 3432; x_wconf 68' lang='lat' dir='ltr'><strong>etmultimoda</strong></span> <span class='ocrx_word' id='word_1_436' title='bbox 1237 3358 1592 3428; x_wconf 83' lang='lat' dir='ltr'><strong>prosecutione</strong></span> <span class='ocrx_word' id='word_1_437' title='bbox 1613 3358 1960 3424; x_wconf 81' lang='lat' dir='ltr'><strong>commendat,</strong></span> <span class='ocrx_word' id='word_1_438' title='bbox 1985 3378 2105 3430; x_wconf 84' lang='lat' dir='ltr'><strong>pas-</strong></span> 
     </span>
    </p>
   </div>
   <div class='ocr_carea' id='block_1_59' title="bbox 594 3429 1337 3502">
    <p class='ocr_par' dir='ltr' id='par_1_59' title="bbox 594 3429 1337 3502">
     <span class='ocr_line' id='line_1_59' title="bbox 594 3429 1337 3502; baseline -0.008 -17"><span class='ocrx_word' id='word_1_439' title='bbox 594 3429 739 3485; x_wconf 72' lang='lat' dir='ltr'><strong>sione</strong></span> <span class='ocrx_word' id='word_1_440' title='bbox 762 3430 998 3502; x_wconf 82' lang='lat' dir='ltr'><strong>protinus</strong></span> <span class='ocrx_word' id='word_1_441' title='bbox 1022 3429 1337 3482; x_wconf 79' lang='lat' dir='ltr'><strong>imminente.</strong></span> 
     </span>
    </p>
   </div>
   <div class='ocr_carea' id='block_1_60' title="bbox 593 3536 2104 3605">
    <p class='ocr_par' dir='ltr' id='par_1_60' title="bbox 593 3536 2104 3605">
     <span class='ocr_line' id='line_1_60' title="bbox 593 3536 2104 3605; baseline -0.002 -8"><span class='ocrx_word' id='word_1_442' title='bbox 593 3539 774 3597; x_wconf 69' lang='lat' dir='ltr'><strong>CAPUT</strong></span> <span class='ocrx_word' id='word_1_443' title='bbox 803 3556 936 3605; x_wconf 70' lang='lat' dir='ltr'><strong>XVII,</strong></span> <span class='ocrx_word' id='word_1_444' title='bbox 966 3539 1129 3594; x_wconf 70' lang='lat' dir='ltr'><strong>Vnus.</strong></span> <span class='ocrx_word' id='word_1_445' title='bbox 1162 3538 1211 3593; x_wconf 76' lang='grc'><strong>1.</strong></span> <span class='ocrx_word' id='word_1_446' title='bbox 1231 3536 1601 3593; x_wconf 83' lang='lat' dir='ltr'><strong>-—Sublevatis</strong></span> <span class='ocrx_word' id='word_1_447' title='bbox 1645 3539 1797 3595; x_wconf 80' lang='lat' dir='ltr'><strong>Iesus</strong></span> <span class='ocrx_word' id='word_1_448' title='bbox 1848 3541 2010 3595; x_wconf 66' lang='lat' dir='ltr'><strong>ocuiis</strong></span> <span class='ocrx_word' id='word_1_449' title='bbox 2051 3544 2104 3594; x_wconf 87' lang='lat' dir='ltr'><strong>in</strong></span> 
     </span>
    </p>
   </div>
   <div class='ocr_carea' id='block_1_61' title="bbox 525 3627 2100 3702">
    <p class='ocr_par' dir='ltr' id='par_1_61' title="bbox 525 3627 2100 3702">
     <span class='ocr_line' id='line_1_61' title="bbox 525 3627 2100 3702; baseline -0.001 -16"><span class='ocrx_word' id='word_1_450' title='bbox 525 3630 709 3702; x_wconf 66' lang='lat' dir='ltr'><strong>coelum</strong></span> <span class='ocrx_word' id='word_1_451' title='bbox 736 3631 867 3686; x_wconf 74' lang='lat' dir='ltr'><strong>dixit</strong></span> <span class='ocrx_word' id='word_1_452' title='bbox 890 3644 909 3682; x_wconf 90' lang='lat'><strong><em>:</em></strong></span> <span class='ocrx_word' id='word_1_453' title='bbox 932 3627 1115 3694; x_wconf 86' lang='lat' dir='ltr'><strong>Pater,</strong></span> <span class='ocrx_word' id='word_1_454' title='bbox 1140 3629 1273 3685; x_wconf 89' lang='lat' dir='ltr'><strong>venit</strong></span> <span class='ocrx_word' id='word_1_455' title='bbox 1290 3629 1441 3693; x_wconf 72' lang='lat' dir='ltr'><strong>liora,</strong></span> <span class='ocrx_word' id='word_1_456' title='bbox 1463 3629 1693 3699; x_wconf 79' lang='lat' dir='ltr'><strong>cluriﬂcu</strong></span> <span class='ocrx_word' id='word_1_457' title='bbox 1716 3628 1911 3684; x_wconf 77' lang='lat' dir='ltr'><strong>Filium</strong></span> <span class='ocrx_word' id='word_1_458' title='bbox 1935 3641 2100 3684; x_wconf 84' lang='lat' dir='ltr'><strong>tuum.</strong></span> 
     </span>
    </p>
   </div>
   <div class='ocr_carea' id='block_1_62' title="bbox 522 3720 2104 3778">
    <p class='ocr_par' dir='ltr' id='par_1_62' title="bbox 522 3720 2104 3778">
     <span class='ocr_line' id='line_1_62' title="bbox 522 3720 2104 3778; baseline 0.002 -3"><span class='ocrx_word' id='word_1_459' title='bbox 522 3720 705 3775; x_wconf 83' lang='lat' dir='ltr'><strong>Potuit</strong></span> <span class='ocrx_word' id='word_1_460' title='bbox 725 3721 945 3777; x_wconf 90' lang='lat' dir='ltr'><strong>silenter</strong></span> <span class='ocrx_word' id='word_1_461' title='bbox 967 3722 1080 3774; x_wconf 67' lang='lat' dir='ltr'><strong>hate</strong></span> <span class='ocrx_word' id='word_1_462' title='bbox 1098 3720 1287 3774; x_wconf 86' lang='lat' dir='ltr'><strong>eadem</strong></span> <span class='ocrx_word' id='word_1_463' title='bbox 1307 3722 1466 3776; x_wconf 78' lang='lat' dir='ltr'><strong>verba</strong></span> <span class='ocrx_word' id='word_1_464' title='bbox 1491 3721 1748 3777; x_wconf 83' lang='lat' dir='ltr'><strong>orationis</strong></span> <span class='ocrx_word' id='word_1_465' title='bbox 1770 3722 1912 3776; x_wconf 83' lang='lat' dir='ltr'><strong>Patri</strong></span> <span class='ocrx_word' id='word_1_466' title='bbox 1941 3722 2104 3778; x_wconf 83' lang='lat' dir='ltr'><strong>Filius</strong></span> 
     </span>
    </p>
   </div>
   <div class='ocr_carea' id='block_1_63' title="bbox 525 3810 2105 3884">
    <p class='ocr_par' dir='ltr' id='par_1_63' title="bbox 525 3810 2105 3884">
     <span class='ocr_line' id='line_1_63' title="bbox 525 3810 2105 3884; baseline 0.003 -19"><span class='ocrx_word' id='word_1_467' title='bbox 525 3810 735 3877; x_wconf 88' lang='lat' dir='ltr'><strong>dicere;</strong></span> <span class='ocrx_word' id='word_1_468' title='bbox 761 3812 854 3866; x_wconf 90' lang='lat' dir='ltr'><strong>sed</strong></span> <span class='ocrx_word' id='word_1_469' title='bbox 874 3816 1048 3865; x_wconf 86' lang='lat' dir='ltr'><strong>oratio</strong></span> <span class='ocrx_word' id='word_1_470' title='bbox 1068 3811 1187 3865; x_wconf 92' lang='lat' dir='ltr'><strong>Filii</strong></span> <span class='ocrx_word' id='word_1_471' title='bbox 1207 3812 1446 3867; x_wconf 77' lang='lat' dir='ltr'><strong>doctrina</strong></span> <span class='ocrx_word' id='word_1_472' title='bbox 1472 3823 1554 3868; x_wconf 90' lang='lat' dir='ltr'><strong>est</strong></span> <span class='ocrx_word' id='word_1_473' title='bbox 1574 3814 1955 3884; x_wconf 88' lang='lat' dir='ltr'><strong>discipulorum</strong></span> <span class='ocrx_word' id='word_1_474' title='bbox 1968 3855 1987 3883; x_wconf 93' lang='lat'><strong>,_</strong></span> <span class='ocrx_word' id='word_1_475' title='bbox 2008 3831 2105 3870; x_wconf 90' lang='lat' dir='ltr'><strong>nec</strong></span> 
     </span>
    </p>
   </div>
   <div class='ocr_carea' id='block_1_64' title="bbox 526 3903 2106 3975">
    <p class='ocr_par' dir='ltr' id='par_1_64' title="bbox 526 3903 2106 3975">
     <span class='ocr_line' id='line_1_64' title="bbox 526 3903 2106 3975; baseline 0.002 -18"><span class='ocrx_word' id='word_1_476' title='bbox 526 3918 633 3958; x_wconf 92' lang='lat' dir='ltr'><strong>non</strong></span> <span class='ocrx_word' id='word_1_477' title='bbox 665 3911 719 3957; x_wconf 90' lang='lat' dir='ltr'><strong>et</strong></span> <span class='ocrx_word' id='word_1_478' title='bbox 745 3917 931 3959; x_wconf 89' lang='lat' dir='ltr'><strong>eorum</strong></span> <span class='ocrx_word' id='word_1_479' title='bbox 970 3903 1061 3973; x_wconf 89' lang='lat' dir='ltr'><strong>qui</strong></span> <span class='ocrx_word' id='word_1_480' title='bbox 1102 3903 1313 3959; x_wconf 86' lang='lat' dir='ltr'><strong>illorum</strong></span> <span class='ocrx_word' id='word_1_481' title='bbox 1349 3906 1589 3975; x_wconf 71' lang='lat' dir='ltr'><strong>exempla</strong></span> <span class='ocrx_word' id='word_1_482' title='bbox 1624 3907 1774 3975; x_wconf 87' lang='lat' dir='ltr'><strong>sequi</strong></span> <span class='ocrx_word' id='word_1_483' title='bbox 1813 3907 2106 3975; x_wconf 82' lang='lat' dir='ltr'><strong>voluissent</strong></span> 
     </span>
    </p>
   </div>
   <div class='ocr_carea' id='block_1_65' title="bbox 529 3994 2101 4070">
    <p class='ocr_par' dir='ltr' id='par_1_65' title="bbox 529 3994 2101 4070">
     <span class='ocr_line' id='line_1_65' title="bbox 529 3994 2101 4070; baseline 0.003 -20"><span class='ocrx_word' id='word_1_484' title='bbox 529 3994 682 4068; x_wconf 70' lang='lat' dir='ltr'><strong>[.ils.,</strong></span> <span class='ocrx_word' id='word_1_485' title='bbox 723 3996 1033 4069; x_wconf 87' lang='lat' dir='ltr'><strong>voluerint],</strong></span> <span class='ocrx_word' id='word_1_486' title='bbox 1074 3999 1157 4052; x_wconf 79' lang='lat' dir='ltr'><strong>vel</strong></span> <span class='ocrx_word' id='word_1_487' title='bbox 1195 4014 1381 4054; x_wconf 90' lang='lat' dir='ltr'><strong>eorum</strong></span> <span class='ocrx_word' id='word_1_488' title='bbox 1429 3999 1628 4069; x_wconf 86' lang='lat' dir='ltr'><strong>scripta</strong></span> <span class='ocrx_word' id='word_1_489' title='bbox 1668 3998 1863 4070; x_wconf 79' lang='lat' dir='ltr'><strong>legere.</strong></span> <span class='ocrx_word' id='word_1_490' title='bbox 1916 3999 2101 4054; x_wconf 75' lang='lat' dir='ltr'><strong>Dixit:</strong></span> 
     </span>
    </p>
   </div>
   <div class='ocr_carea' id='block_1_66' title="bbox 534 4071 2105 4160">
    <p class='ocr_par' dir='ltr' id='par_1_66' title="bbox 534 4071 2105 4160">
     <span class='ocr_line' id='line_1_66' title="bbox 534 4071 2105 4160; baseline 0 -18"><span class='ocrx_word' id='word_1_491' title='bbox 534 4085 681 4143; x_wconf 84' lang='lat' dir='ltr'><strong>Venit</strong></span> <span class='ocrx_word' id='word_1_492' title='bbox 701 4089 851 4143; x_wconf 85' lang='lat' dir='ltr'><strong>hora.</strong></span> <span class='ocrx_word' id='word_1_493' title='bbox 884 4088 1025 4144; x_wconf 89' lang='lat' dir='ltr'><strong>[lora</strong></span> <span class='ocrx_word' id='word_1_494' title='bbox 1048 4090 1228 4158; x_wconf 91' lang='lat' dir='ltr'><strong>itaque</strong></span> <span class='ocrx_word' id='word_1_495' title='bbox 1246 4090 1514 4160; x_wconf 86' lang='lat' dir='ltr'><strong>passionis</strong></span> <span class='ocrx_word' id='word_1_496' title='bbox 1534 4071 1952 4160; x_wconf 64' lang='lat' dir='ltr'><strong>appropinquat.</strong></span> <span class='ocrx_word' id='word_1_497' title='bbox 1985 4087 2105 4143; x_wconf 84' lang='lat' dir='ltr'><strong>Cla-</strong></span> 
     </span>
    </p>
   </div>
   <div class='ocr_carea' id='block_1_67' title="bbox 526 4175 2105 4250">
    <p class='ocr_par' dir='ltr' id='par_1_67' title="bbox 526 4175 2105 4250">
     <span class='ocr_line' id='line_1_67' title="bbox 526 4175 2105 4250; baseline 0.001 -19"><span class='ocrx_word' id='word_1_498' title='bbox 526 4176 674 4247; x_wconf 78' lang='lat' dir='ltr'><strong>riﬁca</strong></span> <span class='ocrx_word' id='word_1_499' title='bbox 720 4175 917 4231; x_wconf 86' lang='lat' dir='ltr'><strong>Filium</strong></span> <span class='ocrx_word' id='word_1_500' title='bbox 959 4186 1130 4243; x_wconf 87' lang='lat' dir='ltr'><strong>tuum,</strong></span> <span class='ocrx_word' id='word_1_501' title='bbox 1183 4178 1235 4232; x_wconf 87' lang='lat' dir='ltr'><strong>id</strong></span> <span class='ocrx_word' id='word_1_502' title='bbox 1275 4186 1378 4243; x_wconf 87' lang='lat' dir='ltr'><strong>cst,</strong></span> <span class='ocrx_word' id='word_1_503' title='bbox 1424 4179 1832 4233; x_wconf 76' lang='lat' dir='ltr'><strong>resurrectionis</strong></span> <span class='ocrx_word' id='word_1_504' title='bbox 1878 4179 2105 4250; x_wconf 19' lang='lat' dir='ltr'><strong>gloriam,</strong></span> 
     </span>
    </p>
   </div>
   <div class='ocr_carea' id='block_1_68' title="bbox 524 4268 2105 4338">
    <p class='ocr_par' dir='ltr' id='par_1_68' title="bbox 524 4268 2105 4338">
     <span class='ocr_line' id='line_1_68' title="bbox 524 4268 2105 4338; baseline 0.001 -16"><span class='ocrx_word' id='word_1_505' title='bbox 524 4268 791 4338; x_wconf 65' lang='lat' dir='ltr'><strong>praecedat</strong></span> <span class='ocrx_word' id='word_1_506' title='bbox 811 4268 1084 4337; x_wconf 85' lang='lat' dir='ltr'><strong>humilitas</strong></span> <span class='ocrx_word' id='word_1_507' title='bbox 1104 4268 1393 4338; x_wconf 87' lang='lat' dir='ltr'><strong>passionis,</strong></span> <span class='ocrx_word' id='word_1_508' title='bbox 1423 4276 1478 4322; x_wconf 92' lang='lat' dir='ltr'><strong>ct</strong></span> <span class='ocrx_word' id='word_1_509' title='bbox 1505 4269 1864 4337; x_wconf 76' lang='lat' dir='ltr'><strong>subsequatur</strong></span> <span class='ocrx_word' id='word_1_510' title='bbox 1887 4268 1995 4323; x_wconf 89' lang='lat' dir='ltr'><strong>cito</strong></span> <span class='ocrx_word' id='word_1_511' title='bbox 2024 4285 2105 4323; x_wconf 90' lang='lat' dir='ltr'><strong>re-</strong></span> 
     </span>
    </p>
   </div>
   <div class='ocr_carea' id='block_1_69' title="bbox 525 4358 2105 4430">
    <p class='ocr_par' dir='ltr' id='par_1_69' title="bbox 525 4358 2105 4430">
     <span class='ocr_line' id='line_1_69' title="bbox 525 4358 2105 4430; baseline -0.001 -15"><span class='ocrx_word' id='word_1_512' title='bbox 525 4361 877 4415; x_wconf 80' lang='lat' dir='ltr'><strong>surrectionis</strong></span> <span class='ocrx_word' id='word_1_513' title='bbox 925 4360 1264 4430; x_wconf 70' lang='lat' dir='ltr'><strong>clariiicatio.</strong></span> <span class='ocrx_word' id='word_1_514' title='bbox 1318 4359 1572 4430; x_wconf 86' lang='lat' dir='ltr'><strong>Sequitur</strong></span> <span class='ocrx_word' id='word_1_515' title='bbox 1612 4379 1623 4413; x_wconf 94' lang='lat'>:</span> <span class='ocrx_word' id='word_1_516' title='bbox 1670 4359 1734 4414; x_wconf 86' lang='lat' dir='ltr'><strong>Ut</strong></span> <span class='ocrx_word' id='word_1_517' title='bbox 1778 4358 1947 4415; x_wconf 64' lang='lat' dir='ltr'><strong>Elius</strong></span> <span class='ocrx_word' id='word_1_518' title='bbox 1985 4370 2105 4414; x_wconf 82' lang='lat' dir='ltr'><strong>tuus</strong></span> 
     </span>
    </p>
   </div>
   <div class='ocr_carea' id='block_1_70' title="bbox 524 4450 2105 4521">
    <p class='ocr_par' dir='ltr' id='par_1_70' title="bbox 524 4450 2105 4521">
     <span class='ocr_line' id='line_1_70' title="bbox 524 4450 2105 4521; baseline 0.002 -16"><span class='ocrx_word' id='word_1_519' title='bbox 524 4450 774 4521; x_wconf 80' lang='lat' dir='ltr'><strong>clari/icet</strong></span> <span class='ocrx_word' id='word_1_520' title='bbox 812 4460 878 4505; x_wconf 86' lang='lat' dir='ltr'><strong>te.</strong></span> <span class='ocrx_word' id='word_1_521' title='bbox 920 4450 1245 4519; x_wconf 83' lang='lat' dir='ltr'><strong>Clarillcatio</strong></span> <span class='ocrx_word' id='word_1_522' title='bbox 1274 4450 1449 4505; x_wconf 83' lang='lat' dir='ltr'><strong>Patris</strong></span> <span class='ocrx_word' id='word_1_523' title='bbox 1478 4460 1677 4507; x_wconf 73' lang='lat' dir='ltr'><strong>aeterna</strong></span> <span class='ocrx_word' id='word_1_524' title='bbox 1712 4464 1816 4516; x_wconf 90' lang='lat' dir='ltr'><strong>cst,</strong></span> <span class='ocrx_word' id='word_1_525' title='bbox 1853 4467 1972 4520; x_wconf 69' lang='lat' dir='ltr'><strong>quae</strong></span> <span class='ocrx_word' id='word_1_526' title='bbox 2007 4468 2105 4508; x_wconf 83' lang='lat' dir='ltr'><strong>nec</strong></span> 
     </span>
    </p>
   </div>
   <div class='ocr_carea' id='block_1_71' title="bbox 526 4521 2180 4624">
    <p class='ocr_par' dir='ltr' id='par_1_71' title="bbox 526 4521 2180 4624">
     <span class='ocr_line' id='line_1_71' title="bbox 526 4521 2180 4624; baseline 0.001 -27"><span class='ocrx_word' id='word_1_527' title='bbox 526 4544 709 4614; x_wconf 73' lang='lat' dir='ltr'><strong>augeri</strong></span> <span class='ocrx_word' id='word_1_528' title='bbox 736 4560 835 4599; x_wconf 90' lang='lat' dir='ltr'><strong>nec</strong></span> <span class='ocrx_word' id='word_1_529' title='bbox 860 4544 1024 4598; x_wconf 90' lang='lat' dir='ltr'><strong>minui</strong></span> <span class='ocrx_word' id='word_1_530' title='bbox 1065 4552 1261 4624; x_wconf 86' lang='lat' dir='ltr'><strong>potest.</strong></span> <span class='ocrx_word' id='word_1_531' title='bbox 1305 4543 1409 4599; x_wconf 90' lang='lat' dir='ltr'><strong>Sed</strong></span> <span class='ocrx_word' id='word_1_532' title='bbox 1438 4544 1552 4599; x_wconf 66' lang='lat' dir='ltr'><strong>haec</strong></span> <span class='ocrx_word' id='word_1_533' title='bbox 1577 4544 1890 4600; x_wconf 85' lang='lat' dir='ltr'><strong>clariﬁcatio</strong></span> <span class='ocrx_word' id='word_1_534' title='bbox 1915 4545 1981 4599; x_wconf 90' lang='lat' dir='ltr'><strong>ad</strong></span> <span class='ocrx_word' id='word_1_535' title='bbox 2005 4559 2103 4604; x_wconf 77' lang='lat' dir='ltr'><strong>uo~</strong></span> <span class='ocrx_word' id='word_1_536' title='bbox 2134 4521 2180 4579; x_wconf 75' lang='grc' dir='ltr'><strong>ί)</strong></span> 
     </span>
    </p>
   </div>
   <div class='ocr_carea' id='block_1_72' title="bbox 527 4635 2099 4707">
    <p class='ocr_par' dir='ltr' id='par_1_72' title="bbox 527 4635 2099 4707">
     <span class='ocr_line' id='line_1_72' title="bbox 527 4635 2099 4707; baseline 0.001 -19"><span class='ocrx_word' id='word_1_537' title='bbox 527 4635 699 4690; x_wconf 89' lang='lat' dir='ltr'><strong>titiam</strong></span> <span class='ocrx_word' id='word_1_538' title='bbox 728 4635 822 4690; x_wconf 89' lang='lat' dir='ltr'><strong>Dei</strong></span> <span class='ocrx_word' id='word_1_539' title='bbox 850 4636 1024 4690; x_wconf 88' lang='lat' dir='ltr'><strong>Patris</strong></span> <span class='ocrx_word' id='word_1_540' title='bbox 1052 4639 1308 4707; x_wconf 87' lang='lat' dir='ltr'><strong>pertinet,</strong></span> <span class='ocrx_word' id='word_1_541' title='bbox 1339 4645 1396 4691; x_wconf 90' lang='lat' dir='ltr'><strong>ut</strong></span> <span class='ocrx_word' id='word_1_542' title='bbox 1424 4638 1833 4696; x_wconf 85' lang='lat' dir='ltr'><strong>resurrectionis</strong></span> <span class='ocrx_word' id='word_1_543' title='bbox 1854 4638 2020 4707; x_wconf 79' lang='lat' dir='ltr'><strong>gloria</strong></span> <span class='ocrx_word' id='word_1_544' title='bbox 2049 4637 2099 4690; x_wconf 89' lang='lat' dir='ltr'><strong>in</strong></span> 
     </span>
    </p>
   </div>
   <div class='ocr_carea' id='block_1_73' title="bbox 525 4726 2110 4801">
    <p class='ocr_par' dir='ltr' id='par_1_73' title="bbox 525 4726 2110 4801">
     <span class='ocr_line' id='line_1_73' title="bbox 525 4726 2110 4801; baseline -0.001 -20"><span class='ocrx_word' id='word_1_545' title='bbox 525 4726 662 4783; x_wconf 84' lang='lat' dir='ltr'><strong>Filio</strong></span> <span class='ocrx_word' id='word_1_546' title='bbox 684 4738 923 4799; x_wconf 85' lang='lat' dir='ltr'><strong>peracta,</strong></span> <span class='ocrx_word' id='word_1_547' title='bbox 953 4729 1311 4785; x_wconf 85' lang='lat' dir='ltr'><strong>innotesceret</strong></span> <span class='ocrx_word' id='word_1_548' title='bbox 1338 4731 1479 4785; x_wconf 90' lang='lat' dir='ltr'><strong>Deus</strong></span> <span class='ocrx_word' id='word_1_549' title='bbox 1514 4729 1676 4793; x_wconf 81' lang='lat' dir='ltr'><strong>Pater</strong></span> <span class='ocrx_word' id='word_1_550' title='bbox 1713 4731 1765 4784; x_wconf 92' lang='lat' dir='ltr'><strong>in</strong></span> <span class='ocrx_word' id='word_1_551' title='bbox 1807 4738 1915 4785; x_wconf 91' lang='lat' dir='ltr'><strong>toto</strong></span> <span class='ocrx_word' id='word_1_552' title='bbox 1951 4731 2110 4801; x_wconf 53' lang='lat' dir='ltr'><strong>orbo,</strong></span> 
     </span>
    </p>
   </div>
   <div class='ocr_carea' id='block_1_74' title="bbox 525 4816 2105 4888">
    <p class='ocr_par' dir='ltr' id='par_1_74' title="bbox 525 4816 2105 4888">
     <span class='ocr_line' id='line_1_74' title="bbox 525 4816 2105 4888; baseline 0.001 -14"><span class='ocrx_word' id='word_1_553' title='bbox 525 4819 615 4888; x_wconf 86' lang='lat' dir='ltr'><strong>qui</strong></span> <span class='ocrx_word' id='word_1_554' title='bbox 645 4827 769 4873; x_wconf 88' lang='lat' dir='ltr'><strong>ante</strong></span> <span class='ocrx_word' id='word_1_555' title='bbox 800 4819 851 4874; x_wconf 90' lang='lat' dir='ltr'><strong>in</strong></span> <span class='ocrx_word' id='word_1_556' title='bbox 881 4816 1079 4875; x_wconf 60' lang='lat' dir='ltr'><strong>Iudaeis</strong></span> <span class='ocrx_word' id='word_1_557' title='bbox 1111 4820 1477 4876; x_wconf 88' lang='lat' dir='ltr'><strong>tantummodo</strong></span> <span class='ocrx_word' id='word_1_558' title='bbox 1508 4829 1666 4874; x_wconf 90' lang='lat' dir='ltr'><strong>notus</strong></span> <span class='ocrx_word' id='word_1_559' title='bbox 1694 4829 1828 4875; x_wconf 87' lang='lat' dir='ltr'><strong>erat.</strong></span> <span class='ocrx_word' id='word_1_560' title='bbox 1877 4838 1892 4869; x_wconf 84' lang='grc'><em>‹</em></span> <span class='ocrx_word' id='word_1_561' title='bbox 1930 4833 1953 4859; x_wconf 76' lang='grc' dir='ltr'><strong>ει</strong></span> <span class='ocrx_word' id='word_1_562' title='bbox 1982 4819 2105 4876; x_wconf 82' lang='lat' dir='ltr'><strong>CIa-.</strong></span> 
     </span>
    </p>
   </div>
   <div class='ocr_carea' id='block_1_75' title="bbox 526 4907 2107 4981">
    <p class='ocr_par' dir='ltr' id='par_1_75' title="bbox 526 4907 2107 4981">
     <span class='ocr_line' id='line_1_75' title="bbox 526 4907 2107 4981; baseline 0.001 -18"><span class='ocrx_word' id='word_1_563' title='bbox 526 4910 674 4979; x_wconf 80' lang='lat' dir='ltr'><strong>riﬁca</strong></span> <span class='ocrx_word' id='word_1_564' title='bbox 713 4907 911 4964; x_wconf 81' lang='lat' dir='ltr'><strong>Filium</strong></span> <span class='ocrx_word' id='word_1_565' title='bbox 949 4920 1117 4975; x_wconf 88' lang='lat' dir='ltr'><strong>tuum,</strong></span> <span class='ocrx_word' id='word_1_566' title='bbox 1146 4922 1199 4965; x_wconf 88' lang='lat' dir='ltr'><strong>ut</strong></span> <span class='ocrx_word' id='word_1_567' title='bbox 1228 4909 1400 4965; x_wconf 79' lang='lat' dir='ltr'><strong>Filius</strong></span> <span class='ocrx_word' id='word_1_568' title='bbox 1430 4921 1548 4966; x_wconf 83' lang='lat' dir='ltr'><strong>tuus</strong></span> <span class='ocrx_word' id='word_1_569' title='bbox 1574 4910 1823 4981; x_wconf 74' lang='lat' dir='ltr'><strong>clari/Eccl</strong></span> <span class='ocrx_word' id='word_1_570' title='bbox 1851 4920 1920 4973; x_wconf 90' lang='lat' dir='ltr'><strong>tc,</strong></span> <span class='ocrx_word' id='word_1_571' title='bbox 1950 4910 2107 4979; x_wconf 78' lang='lat' dir='ltr'><strong>quasi</strong></span> 
     </span>
    </p>
   </div>
   <div class='ocr_carea' id='block_1_76' title="bbox 456 5001 2104 5071">
    <p class='ocr_par' dir='ltr' id='par_1_76' title="bbox 456 5001 2104 5071">
     <span class='ocr_line' id='line_1_76' title="bbox 456 5001 2104 5071; baseline 0 -14"><span class='ocrx_word' id='word_1_572' title='bbox 456 5054 459 5057; x_wconf 89' lang='lat'><strong>.</strong></span> <span class='ocrx_word' id='word_1_573' title='bbox 525 5001 747 5057; x_wconf 78' lang='lat' dir='ltr'><strong>dixisset</strong></span> <span class='ocrx_word' id='word_1_574' title='bbox 771 5020 782 5054; x_wconf 92' lang='lat'><strong><em>:</em></strong></span> <span class='ocrx_word' id='word_1_575' title='bbox 808 5001 1088 5057; x_wconf 85' lang='lat' dir='ltr'><strong>Resuscita</strong></span> <span class='ocrx_word' id='word_1_576' title='bbox 1109 5018 1217 5069; x_wconf 89' lang='lat' dir='ltr'><strong>me,</strong></span> <span class='ocrx_word' id='word_1_577' title='bbox 1242 5011 1300 5057; x_wconf 92' lang='lat' dir='ltr'><strong>ut</strong></span> <span class='ocrx_word' id='word_1_578' title='bbox 1321 5004 1627 5061; x_wconf 57' lang='lat' dir='ltr'><strong>innotescas</strong></span> <span class='ocrx_word' id='word_1_579' title='bbox 1649 5003 1702 5056; x_wconf 90' lang='lat' dir='ltr'><strong>in</strong></span> <span class='ocrx_word' id='word_1_580' title='bbox 1727 5010 1839 5067; x_wconf 74' lang='lat' dir='ltr'><strong>toto</strong></span> <span class='ocrx_word' id='word_1_581' title='bbox 1861 5002 1990 5056; x_wconf 89' lang='lat' dir='ltr'><strong>orbe</strong></span> <span class='ocrx_word' id='word_1_582' title='bbox 2007 5018 2104 5071; x_wconf 78' lang='lat' dir='ltr'><strong>per</strong></span> 
     </span>
    </p>
   </div>
   <div class='ocr_carea' id='block_1_77' title="bbox 528 5092 2105 5167">
    <p class='ocr_par' dir='ltr' id='par_1_77' title="bbox 528 5092 2105 5167">
     <span class='ocr_line' id='line_1_77' title="bbox 528 5092 2105 5167; baseline -0.003 -19"><span class='ocrx_word' id='word_1_583' title='bbox 528 5108 630 5150; x_wconf 87' lang='lat' dir='ltr'><strong>me.</strong></span> <span class='ocrx_word' id='word_1_584' title='bbox 645 5116 661 5147; x_wconf 77' lang='grc' dir='ltr'><strong><em>ι</em></strong></span> <span class='ocrx_word' id='word_1_585' title='bbox 673 5093 954 5164; x_wconf 88' lang='lat' dir='ltr'><strong>Sequitur:</strong></span> <span class='ocrx_word' id='word_1_586' title='bbox 976 5093 1158 5165; x_wconf 68' lang='lat' dir='ltr'><strong>(Vens.</strong></span> <span class='ocrx_word' id='word_1_587' title='bbox 1174 5093 1251 5167; x_wconf 73' lang='lat'><strong>2.)</strong></span> <span class='ocrx_word' id='word_1_588' title='bbox 1272 5092 1414 5149; x_wconf 85' lang='lat' dir='ltr'><strong>Sicut</strong></span> <span class='ocrx_word' id='word_1_589' title='bbox 1428 5093 1615 5148; x_wconf 83' lang='lat' dir='ltr'><strong>dedisti</strong></span> <span class='ocrx_word' id='word_1_590' title='bbox 1630 5093 1987 5163; x_wconf 80' lang='lat' dir='ltr'><strong>cipotcstatem</strong></span> <span class='ocrx_word' id='word_1_591' title='bbox 2000 5107 2105 5147; x_wconf 78' lang='lat' dir='ltr'><strong>om-</strong></span> 
     </span>
    </p>
   </div>
   <div class='ocr_carea' id='block_1_78' title="bbox 525 5187 2102 5256">
    <p class='ocr_par' dir='ltr' id='par_1_78' title="bbox 525 5187 2102 5256">
     <span class='ocr_line' id='line_1_78' title="bbox 525 5187 2102 5256; baseline -0.006 -10"><span class='ocrx_word' id='word_1_592' title='bbox 525 5189 605 5246; x_wconf 86' lang='lat' dir='ltr'><strong>nis</strong></span> <span class='ocrx_word' id='word_1_593' title='bbox 631 5190 824 5244; x_wconf 82' lang='lat' dir='ltr'><strong>carnis.</strong></span> <span class='ocrx_word' id='word_1_594' title='bbox 859 5188 913 5242; x_wconf 91' lang='lat' dir='ltr'><strong>ld</strong></span> <span class='ocrx_word' id='word_1_595' title='bbox 936 5196 1038 5255; x_wconf 90' lang='lat' dir='ltr'><strong>est,</strong></span> <span class='ocrx_word' id='word_1_596' title='bbox 1070 5188 1247 5242; x_wconf 91' lang='lat' dir='ltr'><strong>omnis</strong></span> <span class='ocrx_word' id='word_1_597' title='bbox 1264 5187 1516 5249; x_wconf 88' lang='lat' dir='ltr'><strong>hominis,</strong></span> <span class='ocrx_word' id='word_1_598' title='bbox 1535 5201 1563 5239; x_wconf 92' lang='lat' dir='ltr'><strong>a</strong></span> <span class='ocrx_word' id='word_1_599' title='bbox 1583 5194 1734 5256; x_wconf 89' lang='lat' dir='ltr'><strong>parte</strong></span> <span class='ocrx_word' id='word_1_600' title='bbox 1759 5193 1951 5251; x_wconf 87' lang='lat' dir='ltr'><strong>totum,</strong></span> <span class='ocrx_word' id='word_1_601' title='bbox 1975 5198 2102 5241; x_wconf 85' lang='lat' dir='ltr'><strong>caro</strong></span> 
     </span>
    </p>
   </div>
   <div class='ocr_carea' id='block_1_79' title="bbox 525 5277 2103 5348">
    <p class='ocr_par' dir='ltr' id='par_1_79' title="bbox 525 5277 2103 5348">
     <span class='ocr_line' id='line_1_79' title="bbox 525 5277 2103 5348; baseline 0 -16"><span class='ocrx_word' id='word_1_602' title='bbox 525 5294 622 5345; x_wconf 87' lang='lat' dir='ltr'><strong>pro</strong></span> <span class='ocrx_word' id='word_1_603' title='bbox 653 5281 887 5335; x_wconf 88' lang='lat' dir='ltr'><strong>homine.</strong></span> <span class='ocrx_word' id='word_1_604' title='bbox 932 5279 1055 5335; x_wconf 64' lang='lat' dir='ltr'><strong>Haac</strong></span> <span class='ocrx_word' id='word_1_605' title='bbox 1089 5287 1162 5333; x_wconf 87' lang='lat' dir='ltr'><strong>att</strong></span> <span class='ocrx_word' id='word_1_606' title='bbox 1202 5288 1261 5334; x_wconf 92' lang='lat' dir='ltr'><strong>ut</strong></span> <span class='ocrx_word' id='word_1_607' title='bbox 1297 5279 1605 5334; x_wconf 87' lang='lat' dir='ltr'><strong>ostenderet</strong></span> <span class='ocrx_word' id='word_1_608' title='bbox 1640 5278 1807 5348; x_wconf 80' lang='lat' dir='ltr'><strong>magis</strong></span> <span class='ocrx_word' id='word_1_609' title='bbox 1835 5292 1899 5330; x_wconf 89' lang='lat' dir='ltr'><strong>ac</strong></span> <span class='ocrx_word' id='word_1_610' title='bbox 1931 5277 2103 5345; x_wconf 78' lang='lat' dir='ltr'><strong>magis</strong></span> 
     </span>
    </p>
   </div>
   <div class='ocr_carea' id='block_1_80' title="bbox 524 5368 2101 5438">
    <p class='ocr_par' dir='ltr' id='par_1_80' title="bbox 524 5368 2101 5438">
     <span class='ocr_line' id='line_1_80' title="bbox 524 5368 2101 5438; baseline 0 -17"><span class='ocrx_word' id='word_1_611' title='bbox 524 5370 789 5435; x_wconf 84' lang='lat' dir='ltr'><strong>quomodo</strong></span> <span class='ocrx_word' id='word_1_612' title='bbox 825 5371 1216 5426; x_wconf 81' lang='lat' dir='ltr'><strong>clariﬁcaturus</strong></span> <span class='ocrx_word' id='word_1_613' title='bbox 1254 5377 1396 5425; x_wconf 87' lang='lat' dir='ltr'><strong>esset</strong></span> <span class='ocrx_word' id='word_1_614' title='bbox 1432 5370 1667 5425; x_wconf 84' lang='lat' dir='ltr'><strong>Patrem.</strong></span> <span class='ocrx_word' id='word_1_615' title='bbox 1730 5387 1748 5420; x_wconf 77' lang='grc' dir='ltr'>ι</span> <span class='ocrx_word' id='word_1_616' title='bbox 1779 5368 1930 5424; x_wconf 85' lang='lat' dir='ltr'><strong>Sicut</strong></span> <span class='ocrx_word' id='word_1_617' title='bbox 1976 5382 2101 5438; x_wconf 80' lang='lat' dir='ltr'><strong>ergo</strong></span> 
     </span>
    </p>
   </div>
   <div class='ocr_carea' id='block_1_81' title="bbox 529 5457 2099 5530">
    <p class='ocr_par' dir='ltr' id='par_1_81' title="bbox 529 5457 2099 5530">
     <span class='ocr_line' id='line_1_81' title="bbox 529 5457 2099 5530; baseline 0.003 -21"><span class='ocrx_word' id='word_1_618' title='bbox 529 5457 716 5512; x_wconf 72' lang='lat' dir='ltr'><strong>dedisti</strong></span> <span class='ocrx_word' id='word_1_619' title='bbox 730 5461 778 5514; x_wconf 91' lang='lat' dir='ltr'><strong>ei</strong></span> <span class='ocrx_word' id='word_1_620' title='bbox 791 5469 1135 5530; x_wconf 87' lang='lat' dir='ltr'><strong>potestatem,</strong></span> <span class='ocrx_word' id='word_1_621' title='bbox 1167 5461 1360 5530; x_wconf 87' lang='lat' dir='ltr'><strong>inquit,</strong></span> <span class='ocrx_word' id='word_1_622' title='bbox 1392 5462 1565 5515; x_wconf 81' lang='lat' dir='ltr'><strong>omnis</strong></span> <span class='ocrx_word' id='word_1_623' title='bbox 1591 5461 1790 5523; x_wconf 78' lang='lat' dir='ltr'><strong>carnis,</strong></span> <span class='ocrx_word' id='word_1_624' title='bbox 1818 5459 1889 5513; x_wconf 87' lang='lat' dir='ltr'><strong>ita</strong></span> <span class='ocrx_word' id='word_1_625' title='bbox 1916 5468 1967 5513; x_wconf 91' lang='lat' dir='ltr'><strong>te</strong></span> <span class='ocrx_word' id='word_1_626' title='bbox 1990 5458 2099 5513; x_wconf 86' lang='lat' dir='ltr'><strong>cla-</strong></span> 
     </span>
    </p>
   </div>
   <div class='ocr_carea' id='block_1_82' title="bbox 530 5548 2098 5615">
    <p class='ocr_par' dir='ltr' id='par_1_82' title="bbox 530 5548 2098 5615">
     <span class='ocr_line' id='line_1_82' title="bbox 530 5548 2098 5615; baseline 0.001 -18"><span class='ocrx_word' id='word_1_627' title='bbox 530 5548 696 5600; x_wconf 77' lang='lat' dir='ltr'><strong>tilirct</strong></span> <span class='ocrx_word' id='word_1_628' title='bbox 733 5550 929 5615; x_wconf 81' lang='lat' dir='ltr'><strong>Filius;</strong></span> <span class='ocrx_word' id='word_1_629' title='bbox 974 5554 1024 5607; x_wconf 86' lang='lat' dir='ltr'><strong>id</strong></span> <span class='ocrx_word' id='word_1_630' title='bbox 1061 5562 1163 5615; x_wconf 85' lang='lat' dir='ltr'><strong>cst,</strong></span> <span class='ocrx_word' id='word_1_631' title='bbox 1210 5562 1392 5605; x_wconf 89' lang='lat' dir='ltr'><strong>notum</strong></span> <span class='ocrx_word' id='word_1_632' title='bbox 1445 5562 1492 5605; x_wconf 82' lang='lat' dir='ltr'><strong>te</strong></span> <span class='ocrx_word' id='word_1_633' title='bbox 1541 5552 1696 5604; x_wconf 77' lang='lat' dir='ltr'><strong>faciat</strong></span> <span class='ocrx_word' id='word_1_634' title='bbox 1746 5551 1886 5602; x_wconf 84' lang='lat' dir='ltr'><strong>onmi</strong></span> <span class='ocrx_word' id='word_1_635' title='bbox 1928 5549 2098 5609; x_wconf 80' lang='lat' dir='ltr'><strong>carui,</strong></span> 
     </span>
    </p>
   </div>
   <div class='ocr_carea' id='block_1_83' title="bbox 594 5703 1727 5772">
    <p class='ocr_par' dir='ltr' id='par_1_83' title="bbox 594 5703 1727 5772">
     <span class='ocr_line' id='line_1_83' title="bbox 594 5703 1727 5772; baseline -0.004 -12"><span class='ocrx_word' id='word_1_636' title='bbox 594 5717 623 5748; x_wconf 68' lang='grc' dir='ltr'>ι</span> <span class='ocrx_word' id='word_1_637' title='bbox 664 5703 739 5760; x_wconf 69' lang='lat' dir='ltr'><strong>Ex</strong></span> <span class='ocrx_word' id='word_1_638' title='bbox 780 5706 836 5760; x_wconf 85' lang='lat' dir='ltr'><strong>S.</strong></span> <span class='ocrx_word' id='word_1_639' title='bbox 880 5708 1035 5772; x_wconf 48' lang='lat' dir='ltr'><strong>Anq,</strong></span> <span class='ocrx_word' id='word_1_640' title='bbox 1082 5716 1237 5760; x_wconf 79' lang='lat' dir='ltr'><strong>tract.</strong></span> <span class='ocrx_word' id='word_1_641' title='bbox 1277 5723 1361 5771; x_wconf 62' lang='grc' dir='ltr'><strong>(Ν,</strong></span> <span class='ocrx_word' id='word_1_642' title='bbox 1401 5724 1544 5761; x_wconf 85' lang='lat' dir='ltr'><strong>num.</strong></span> <span class='ocrx_word' id='word_1_643' title='bbox 1594 5705 1650 5757; x_wconf 85' lang='grc' dir='ltr'><strong>Ι-</strong></span> <span class='ocrx_word' id='word_1_644' title='bbox 1677 5705 1727 5757; x_wconf 69' lang='lat'><strong>8.</strong></span> 
     </span>
    </p>
   </div>
   <div class='ocr_carea' id='block_1_84' title="bbox 2127 3175 3797 3249">
    <p class='ocr_par' dir='ltr' id='par_1_84' title="bbox 2127 3175 3797 3249">
     <span class='ocr_line' id='line_1_84' title="bbox 2127 3175 3797 3249; baseline -0.004 -15"><span class='ocrx_word' id='word_1_645' title='bbox 2127 3178 2175 3241; x_wconf 75' lang='grc' dir='ltr'>Ο</span> <span class='ocrx_word' id='word_1_646' title='bbox 2205 3194 2365 3249; x_wconf 87' lang='lat' dir='ltr'><strong>quam</strong></span> <span class='ocrx_word' id='word_1_647' title='bbox 2400 3179 2593 3234; x_wconf 89' lang='lat' dir='ltr'><strong>dedisti</strong></span> <span class='ocrx_word' id='word_1_648' title='bbox 2617 3179 2687 3233; x_wconf 90' lang='lat' dir='ltr'><strong>ei.</strong></span> <span class='ocrx_word' id='word_1_649' title='bbox 2727 3176 2819 3233; x_wconf 90' lang='lat' dir='ltr'><strong>Sic</strong></span> <span class='ocrx_word' id='word_1_650' title='bbox 2842 3175 2988 3231; x_wconf 88' lang='lat' dir='ltr'><strong>enim</strong></span> <span class='ocrx_word' id='word_1_651' title='bbox 3017 3175 3232 3231; x_wconf 86' lang='lat' dir='ltr'><strong>dedisti.</strong></span> <span class='ocrx_word' id='word_1_652' title='bbox 3270 3176 3449 3248; x_wconf 70' lang='lat' dir='ltr'><strong>(Vens.</strong></span> <span class='ocrx_word' id='word_1_653' title='bbox 3471 3179 3552 3246; x_wconf 78' lang='lat'><strong>3.)</strong></span> <span class='ocrx_word' id='word_1_654' title='bbox 3580 3177 3655 3231; x_wconf 76' lang='lat' dir='ltr'><strong>Ut</strong></span> <span class='ocrx_word' id='word_1_655' title='bbox 3674 3196 3797 3233; x_wconf 58' lang='lat' dir='ltr'><strong>om.</strong></span> 
     </span>
    </p>
   </div>
   <div class='ocr_carea' id='block_1_85' title="bbox 2207 3266 3791 3341">
    <p class='ocr_par' dir='ltr' id='par_1_85' title="bbox 2207 3266 3791 3341">
     <span class='ocr_line' id='line_1_85' title="bbox 2207 3266 3791 3341; baseline 0.001 -18"><span class='ocrx_word' id='word_1_656' title='bbox 2207 3287 2270 3324; x_wconf 86' lang='lat' dir='ltr'><strong>ne</strong></span> <span class='ocrx_word' id='word_1_657' title='bbox 2294 3270 2431 3341; x_wconf 87' lang='lat' dir='ltr'><strong>quod</strong></span> <span class='ocrx_word' id='word_1_658' title='bbox 2457 3269 2648 3327; x_wconf 82' lang='lat' dir='ltr'><strong>dedisti</strong></span> <span class='ocrx_word' id='word_1_659' title='bbox 2668 3271 2738 3333; x_wconf 89' lang='lat' dir='ltr'><strong>ei,</strong></span> <span class='ocrx_word' id='word_1_660' title='bbox 2762 3268 2846 3321; x_wconf 89' lang='lat' dir='ltr'><strong>det</strong></span> <span class='ocrx_word' id='word_1_661' title='bbox 2871 3268 2945 3322; x_wconf 89' lang='lat' dir='ltr'><strong>eis</strong></span> <span class='ocrx_word' id='word_1_662' title='bbox 2970 3268 3128 3322; x_wconf 82' lang='lat' dir='ltr'><strong>vitam</strong></span> <span class='ocrx_word' id='word_1_663' title='bbox 3148 3276 3411 3322; x_wconf 66' lang='lat' dir='ltr'><strong>cateruam.</strong></span> <span class='ocrx_word' id='word_1_664' title='bbox 3454 3266 3582 3322; x_wconf 77' lang='lat' dir='ltr'><strong>Hcrc</strong></span> <span class='ocrx_word' id='word_1_665' title='bbox 3608 3278 3691 3323; x_wconf 81' lang='lat' dir='ltr'><strong>est</strong></span> <span class='ocrx_word' id='word_1_666' title='bbox 3713 3272 3791 3324; x_wconf 58' lang='grc' dir='ltr'><strong>εἰς</strong></span> 
     </span>
    </p>
   </div>
   <div class='ocr_carea' id='block_1_86' title="bbox 2204 3355 3788 3430">
    <p class='ocr_par' dir='ltr' id='par_1_86' title="bbox 2204 3355 3788 3430">
     <span class='ocr_line' id='line_1_86' title="bbox 2204 3355 3788 3430; baseline 0.001 -18"><span class='ocrx_word' id='word_1_667' title='bbox 2204 3370 2258 3412; x_wconf 84' lang='lat' dir='ltr'><strong>ta</strong></span> <span class='ocrx_word' id='word_1_668' title='bbox 2279 3369 2569 3423; x_wconf 59' lang='lat' dir='ltr'><strong>ceterumut</strong></span> <span class='ocrx_word' id='word_1_669' title='bbox 2585 3367 2895 3429; x_wconf 80' lang='lat' dir='ltr'><strong>cognoscant</strong></span> <span class='ocrx_word' id='word_1_670' title='bbox 2916 3366 2963 3411; x_wconf 92' lang='lat' dir='ltr'><strong>te</strong></span> <span class='ocrx_word' id='word_1_671' title='bbox 2980 3355 3150 3412; x_wconf 86' lang='lat' dir='ltr'><strong>solum</strong></span> <span class='ocrx_word' id='word_1_672' title='bbox 3172 3373 3346 3412; x_wconf 84' lang='lat' dir='ltr'><strong>verum</strong></span> <span class='ocrx_word' id='word_1_673' title='bbox 3368 3356 3618 3423; x_wconf 84' lang='lat' dir='ltr'><strong>Deum,et</strong></span> <span class='ocrx_word' id='word_1_674' title='bbox 3634 3377 3788 3430; x_wconf 71' lang='lat' dir='ltr'><strong>quem</strong></span> 
     </span>
    </p>
   </div>
   <div class='ocr_carea' id='block_1_87' title="bbox 2204 3448 3783 3514">
    <p class='ocr_par' dir='ltr' id='par_1_87' title="bbox 2204 3448 3783 3514">
     <span class='ocr_line' id='line_1_87' title="bbox 2204 3448 3783 3514; baseline -0.001 -10"><span class='ocrx_word' id='word_1_675' title='bbox 2204 3451 2390 3510; x_wconf 81' lang='lat' dir='ltr'><strong>misisti</strong></span> <span class='ocrx_word' id='word_1_676' title='bbox 2414 3450 2596 3514; x_wconf 76' lang='lat' dir='ltr'><strong>Iesum</strong></span> <span class='ocrx_word' id='word_1_677' title='bbox 2625 3448 2908 3504; x_wconf 83' lang='lat' dir='ltr'><strong>Christum.</strong></span> <span class='ocrx_word' id='word_1_678' title='bbox 2947 3448 3092 3503; x_wconf 91' lang='lat' dir='ltr'><strong>Ordo</strong></span> <span class='ocrx_word' id='word_1_679' title='bbox 3115 3448 3397 3502; x_wconf 71' lang='lat' dir='ltr'><strong>verborum</strong></span> <span class='ocrx_word' id='word_1_680' title='bbox 3420 3456 3531 3509; x_wconf 88' lang='lat' dir='ltr'><strong>est.</strong></span> <span class='ocrx_word' id='word_1_681' title='bbox 3562 3458 3623 3503; x_wconf 89' lang='lat' dir='ltr'><strong>ut</strong></span> <span class='ocrx_word' id='word_1_682' title='bbox 3648 3458 3700 3504; x_wconf 88' lang='lat' dir='ltr'><strong>te</strong></span> <span class='ocrx_word' id='word_1_683' title='bbox 3728 3458 3783 3503; x_wconf 88' lang='lat' dir='ltr'><strong>et</strong></span> 
     </span>
    </p>
   </div>
   <div class='ocr_carea' id='block_1_88' title="bbox 2203 3537 3781 3610">
    <p class='ocr_par' dir='ltr' id='par_1_88' title="bbox 2203 3537 3781 3610">
     <span class='ocr_line' id='line_1_88' title="bbox 2203 3537 3781 3610; baseline -0.003 -15"><span class='ocrx_word' id='word_1_684' title='bbox 2203 3556 2361 3610; x_wconf 84' lang='lat' dir='ltr'><strong>quem</strong></span> <span class='ocrx_word' id='word_1_685' title='bbox 2416 3540 2609 3602; x_wconf 88' lang='lat' dir='ltr'><strong>misisti</strong></span> <span class='ocrx_word' id='word_1_686' title='bbox 2652 3539 2922 3602; x_wconf 82' lang='lat' dir='ltr'><strong>Christum</strong></span> <span class='ocrx_word' id='word_1_687' title='bbox 2978 3537 3162 3593; x_wconf 74' lang='lat' dir='ltr'><strong>Iesum</strong></span> <span class='ocrx_word' id='word_1_688' title='bbox 3219 3545 3550 3607; x_wconf 72' lang='lat' dir='ltr'><strong>cognoscant</strong></span> <span class='ocrx_word' id='word_1_689' title='bbox 3609 3538 3781 3592; x_wconf 85' lang='lat' dir='ltr'><strong>solum</strong></span> 
     </span>
    </p>
   </div>
   <div class='ocr_carea' id='block_1_89' title="bbox 2204 3625 3784 3698">
    <p class='ocr_par' dir='ltr' id='par_1_89' title="bbox 2204 3625 3784 3698">
     <span class='ocr_line' id='line_1_89' title="bbox 2204 3625 3784 3698; baseline -0.003 -14"><span class='ocrx_word' id='word_1_690' title='bbox 2204 3631 2370 3685; x_wconf 85' lang='lat' dir='ltr'><strong>Deum</strong></span> <span class='ocrx_word' id='word_1_691' title='bbox 2410 3644 2613 3685; x_wconf 81' lang='lat' dir='ltr'><strong>verum.</strong></span> <span class='ocrx_word' id='word_1_692' title='bbox 2640 3648 2658 3682; x_wconf 84' lang='grc' dir='ltr'>ι</span> <span class='ocrx_word' id='word_1_693' title='bbox 2698 3628 2860 3683; x_wconf 89' lang='lat' dir='ltr'><strong>Plena</strong></span> <span class='ocrx_word' id='word_1_694' title='bbox 2899 3627 3132 3698; x_wconf 78' lang='lat' dir='ltr'><strong>cognitio</strong></span> <span class='ocrx_word' id='word_1_695' title='bbox 3172 3625 3265 3681; x_wconf 83' lang='lat' dir='ltr'><strong>Dei</strong></span> <span class='ocrx_word' id='word_1_696' title='bbox 3303 3625 3477 3681; x_wconf 82' lang='lat' dir='ltr'><strong>Patris</strong></span> <span class='ocrx_word' id='word_1_697' title='bbox 3503 3635 3557 3681; x_wconf 90' lang='lat' dir='ltr'><strong>et</strong></span> <span class='ocrx_word' id='word_1_698' title='bbox 3584 3626 3701 3681; x_wconf 79' lang='lat' dir='ltr'><strong>Filii</strong></span> <span class='ocrx_word' id='word_1_699' title='bbox 3726 3637 3784 3682; x_wconf 88' lang='lat' dir='ltr'><strong>et</strong></span> 
     </span>
    </p>
   </div>
   <div class='ocr_carea' id='block_1_90' title="bbox 2205 3716 3778 3792">
    <p class='ocr_par' dir='ltr' id='par_1_90' title="bbox 2205 3716 3778 3792">
     <span class='ocr_line' id='line_1_90' title="bbox 2205 3716 3778 3792; baseline -0.002 -16"><span class='ocrx_word' id='word_1_700' title='bbox 2205 3721 2435 3792; x_wconf 90' lang='lat' dir='ltr'><strong>Spiritus</strong></span> <span class='ocrx_word' id='word_1_701' title='bbox 2479 3720 2649 3776; x_wconf 86' lang='lat' dir='ltr'><strong>sancti</strong></span> <span class='ocrx_word' id='word_1_702' title='bbox 2686 3720 2843 3789; x_wconf 90' lang='lat' dir='ltr'><strong>plena</strong></span> <span class='ocrx_word' id='word_1_703' title='bbox 2880 3728 2965 3775; x_wconf 89' lang='lat' dir='ltr'><strong>est</strong></span> <span class='ocrx_word' id='word_1_704' title='bbox 3012 3727 3067 3772; x_wconf 88' lang='lat' dir='ltr'><strong>et</strong></span> <span class='ocrx_word' id='word_1_705' title='bbox 3106 3716 3347 3788; x_wconf 83' lang='lat' dir='ltr'><strong>perfecta</strong></span> <span class='ocrx_word' id='word_1_706' title='bbox 3393 3718 3502 3772; x_wconf 85' lang='lat' dir='ltr'><strong>vita</strong></span> <span class='ocrx_word' id='word_1_707' title='bbox 3543 3728 3778 3783; x_wconf 60' lang='lat' dir='ltr'><strong>retenta;</strong></span> 
     </span>
    </p>
   </div>
   <div class='ocr_carea' id='block_1_91' title="bbox 2202 3809 3777 3883">
    <p class='ocr_par' dir='ltr' id='par_1_91' title="bbox 2202 3809 3777 3883">
     <span class='ocr_line' id='line_1_91' title="bbox 2202 3809 3777 3883; baseline -0.003 -16"><span class='ocrx_word' id='word_1_708' title='bbox 2202 3813 2440 3883; x_wconf 77' lang='lat' dir='ltr'><strong>perfecta</strong></span> <span class='ocrx_word' id='word_1_709' title='bbox 2470 3813 2579 3868; x_wconf 76' lang='lat' dir='ltr'><strong>vita</strong></span> <span class='ocrx_word' id='word_1_710' title='bbox 2609 3820 2831 3875; x_wconf 72' lang='lat' dir='ltr'><strong>teterua,</strong></span> <span class='ocrx_word' id='word_1_711' title='bbox 2872 3825 3078 3865; x_wconf 83' lang='lat' dir='ltr'><strong>summa</strong></span> <span class='ocrx_word' id='word_1_712' title='bbox 3108 3809 3386 3865; x_wconf 84' lang='lat' dir='ltr'><strong>beatitudo</strong></span> <span class='ocrx_word' id='word_1_713' title='bbox 3413 3818 3527 3873; x_wconf 88' lang='lat' dir='ltr'><strong>est;</strong></span> <span class='ocrx_word' id='word_1_714' title='bbox 3567 3824 3777 3863; x_wconf 83' lang='lat' dir='ltr'><strong>summa</strong></span> 
     </span>
    </p>
   </div>
   <div class='ocr_carea' id='block_1_92' title="bbox 2206 3898 3779 3968">
    <p class='ocr_par' dir='ltr' id='par_1_92' title="bbox 2206 3898 3779 3968">
     <span class='ocr_line' id='line_1_92' title="bbox 2206 3898 3779 3968; baseline -0.004 -9"><span class='ocrx_word' id='word_1_715' title='bbox 2206 3904 2479 3959; x_wconf 81' lang='lat' dir='ltr'><strong>beatitudo</strong></span> <span class='ocrx_word' id='word_1_716' title='bbox 2516 3919 2622 3958; x_wconf 94' lang='lat' dir='ltr'><strong>non</strong></span> <span class='ocrx_word' id='word_1_717' title='bbox 2656 3910 2758 3968; x_wconf 80' lang='lat' dir='ltr'><strong>est,</strong></span> <span class='ocrx_word' id='word_1_718' title='bbox 2798 3902 2902 3955; x_wconf 88' lang='lat' dir='ltr'><strong>nisi</strong></span> <span class='ocrx_word' id='word_1_719' title='bbox 2942 3901 2994 3954; x_wconf 90' lang='lat' dir='ltr'><strong>in</strong></span> <span class='ocrx_word' id='word_1_720' title='bbox 3033 3899 3139 3954; x_wconf 86' lang='lat' dir='ltr'><strong>vita</strong></span> <span class='ocrx_word' id='word_1_721' title='bbox 3177 3908 3401 3955; x_wconf 81' lang='lat' dir='ltr'><strong>:eterna.</strong></span> <span class='ocrx_word' id='word_1_722' title='bbox 3440 3899 3557 3954; x_wconf 89' lang='lat' dir='ltr'><strong>Ideo</strong></span> <span class='ocrx_word' id='word_1_723' title='bbox 3590 3898 3731 3954; x_wconf 77' lang='lat' dir='ltr'><strong>dixit</strong></span> <span class='ocrx_word' id='word_1_724' title='bbox 3762 3919 3779 3953; x_wconf 89' lang='lat'><strong>:</strong></span> 
     </span>
    </p>
   </div>
   <div class='ocr_carea' id='block_1_93' title="bbox 2205 3990 3781 4062">
    <p class='ocr_par' dir='ltr' id='par_1_93' title="bbox 2205 3990 3781 4062">
     <span class='ocr_line' id='line_1_93' title="bbox 2205 3990 3781 4062; baseline -0.004 -14"><span class='ocrx_word' id='word_1_725' title='bbox 2205 3995 2335 4051; x_wconf 75' lang='lat' dir='ltr'><strong>Ila&#39;c</strong></span> <span class='ocrx_word' id='word_1_726' title='bbox 2364 4004 2438 4049; x_wconf 85' lang='lat' dir='ltr'><strong>est</strong></span> <span class='ocrx_word' id='word_1_727' title='bbox 2464 3995 2567 4049; x_wconf 86' lang='lat' dir='ltr'><strong>vita</strong></span> <span class='ocrx_word' id='word_1_728' title='bbox 2593 4004 2810 4057; x_wconf 70' lang='lat' dir='ltr'><strong>(eterna,</strong></span> <span class='ocrx_word' id='word_1_729' title='bbox 2836 4002 2892 4046; x_wconf 87' lang='lat' dir='ltr'><strong>ut</strong></span> <span class='ocrx_word' id='word_1_730' title='bbox 2915 3999 3229 4062; x_wconf 80' lang='lat' dir='ltr'><strong>cognoscant</strong></span> <span class='ocrx_word' id='word_1_731' title='bbox 3265 4000 3337 4053; x_wconf 90' lang='lat' dir='ltr'><strong>te,</strong></span> <span class='ocrx_word' id='word_1_732' title='bbox 3372 4001 3422 4045; x_wconf 86' lang='lat' dir='ltr'><strong>et</strong></span> <span class='ocrx_word' id='word_1_733' title='bbox 3454 4007 3603 4061; x_wconf 76' lang='lat' dir='ltr'><strong>quem</strong></span> <span class='ocrx_word' id='word_1_734' title='bbox 3638 3990 3781 4043; x_wconf 78' lang='lat' dir='ltr'><strong>misi-</strong></span> 
     </span>
    </p>
   </div>
   <div class='ocr_carea' id='block_1_94' title="bbox 2204 4080 3491 4139">
    <p class='ocr_par' dir='ltr' id='par_1_94' title="bbox 2204 4080 3491 4139">
     <span class='ocr_line' id='line_1_94' title="bbox 2204 4080 3491 4139; baseline -0.004 -1"><span class='ocrx_word' id='word_1_735' title='bbox 2204 4086 2269 4138; x_wconf 89' lang='lat' dir='ltr'><strong>sti</strong></span> <span class='ocrx_word' id='word_1_736' title='bbox 2299 4084 2481 4139; x_wconf 85' lang='lat' dir='ltr'><strong>Iesum</strong></span> <span class='ocrx_word' id='word_1_737' title='bbox 2510 4084 2774 4138; x_wconf 82' lang='lat' dir='ltr'><strong>Christum</strong></span> <span class='ocrx_word' id='word_1_738' title='bbox 2807 4083 2980 4137; x_wconf 85' lang='lat' dir='ltr'><strong>solum</strong></span> <span class='ocrx_word' id='word_1_739' title='bbox 3005 4092 3060 4136; x_wconf 90' lang='lat' dir='ltr'><strong>et</strong></span> <span class='ocrx_word' id='word_1_740' title='bbox 3083 4097 3271 4136; x_wconf 84' lang='lat' dir='ltr'><strong>verum</strong></span> <span class='ocrx_word' id='word_1_741' title='bbox 3300 4080 3491 4135; x_wconf 87' lang='lat' dir='ltr'><strong>Deum.</strong></span> 
     </span>
    </p>
   </div>
   <div class='ocr_carea' id='block_1_95' title="bbox 2275 4181 3777 4253">
    <p class='ocr_par' dir='ltr' id='par_1_95' title="bbox 2275 4181 3777 4253">
     <span class='ocr_line' id='line_1_95' title="bbox 2275 4181 3777 4253; baseline -0.004 -14"><span class='ocrx_word' id='word_1_742' title='bbox 2275 4185 2436 4239; x_wconf 73' lang='lat' dir='ltr'><strong>Vens.</strong></span> <span class='ocrx_word' id='word_1_743' title='bbox 2478 4183 2532 4237; x_wconf 75' lang='grc'><strong>4.</strong></span> <span class='ocrx_word' id='word_1_744' title='bbox 2558 4182 2760 4253; x_wconf 85' lang='lat' dir='ltr'><strong>—Ego</strong></span> <span class='ocrx_word' id='word_1_745' title='bbox 2796 4192 2844 4236; x_wconf 88' lang='lat' dir='ltr'><strong>te</strong></span> <span class='ocrx_word' id='word_1_746' title='bbox 2879 4181 3163 4250; x_wconf 85' lang='lat' dir='ltr'><strong>clari/icavi</strong></span> <span class='ocrx_word' id='word_1_747' title='bbox 3197 4197 3356 4251; x_wconf 86' lang='lat' dir='ltr'><strong>super</strong></span> <span class='ocrx_word' id='word_1_748' title='bbox 3389 4189 3617 4242; x_wconf 84' lang='lat' dir='ltr'><strong>terram,</strong></span> <span class='ocrx_word' id='word_1_749' title='bbox 3652 4197 3777 4252; x_wconf 65' lang='lat' dir='ltr'><strong>opus</strong></span> 
     </span>
    </p>
   </div>
   <div class='ocr_carea' id='block_1_96' title="bbox 2205 4269 3781 4342">
    <p class='ocr_par' dir='ltr' id='par_1_96' title="bbox 2205 4269 3781 4342">
     <span class='ocr_line' id='line_1_96' title="bbox 2205 4269 3781 4342; baseline -0.001 -15"><span class='ocrx_word' id='word_1_750' title='bbox 2205 4272 2556 4337; x_wconf 74' lang='lat' dir='ltr'><strong>consummavi</strong></span> <span class='ocrx_word' id='word_1_751' title='bbox 2591 4271 2729 4342; x_wconf 82' lang='lat' dir='ltr'><strong>quod</strong></span> <span class='ocrx_word' id='word_1_752' title='bbox 2767 4270 2955 4329; x_wconf 86' lang='lat' dir='ltr'><strong>dedisti</strong></span> <span class='ocrx_word' id='word_1_753' title='bbox 2992 4270 3120 4323; x_wconf 80' lang='lat' dir='ltr'><strong>mihi</strong></span> <span class='ocrx_word' id='word_1_754' title='bbox 3159 4279 3217 4323; x_wconf 85' lang='lat' dir='ltr'><strong>ut</strong></span> <span class='ocrx_word' id='word_1_755' title='bbox 3254 4269 3470 4340; x_wconf 78' lang='lat' dir='ltr'><strong>faciam.</strong></span> <span class='ocrx_word' id='word_1_756' title='bbox 3530 4269 3665 4337; x_wconf 85' lang='lat' dir='ltr'><strong>Quid</strong></span> <span class='ocrx_word' id='word_1_757' title='bbox 3697 4282 3781 4326; x_wconf 82' lang='lat' dir='ltr'><strong>est</strong></span> 
     </span>
    </p>
   </div>
   <div class='ocr_carea' id='block_1_97' title="bbox 2205 4358 3778 4431">
    <p class='ocr_par' dir='ltr' id='par_1_97' title="bbox 2205 4358 3778 4431">
     <span class='ocr_line' id='line_1_97' title="bbox 2205 4358 3778 4431; baseline -0.003 -14"><span class='ocrx_word' id='word_1_758' title='bbox 2205 4362 2348 4431; x_wconf 86' lang='lat' dir='ltr'><strong>quod</strong></span> <span class='ocrx_word' id='word_1_759' title='bbox 2366 4360 2639 4431; x_wconf 73' lang='lat' dir='ltr'><strong>prmteritp</strong></span> <span class='ocrx_word' id='word_1_760' title='bbox 2666 4370 2907 4430; x_wconf 83' lang='lat' dir='ltr'><strong>tempore</strong></span> <span class='ocrx_word' id='word_1_761' title='bbox 2935 4358 3135 4429; x_wconf 78' lang='lat' dir='ltr'><strong>posuit,</strong></span> <span class='ocrx_word' id='word_1_762' title='bbox 3164 4358 3453 4426; x_wconf 78' lang='lat' dir='ltr'><strong>clariﬁcavi</strong></span> <span class='ocrx_word' id='word_1_763' title='bbox 3471 4367 3521 4413; x_wconf 84' lang='lat' dir='ltr'><strong>et</strong></span> <span class='ocrx_word' id='word_1_764' title='bbox 3540 4374 3778 4413; x_wconf 80' lang='lat' dir='ltr'><strong>consum-</strong></span> 
     </span>
    </p>
   </div>
   <div class='ocr_carea' id='block_1_98' title="bbox 2209 4447 3779 4521">
    <p class='ocr_par' dir='ltr' id='par_1_98' title="bbox 2209 4447 3779 4521">
     <span class='ocr_line' id='line_1_98' title="bbox 2209 4447 3779 4521; baseline -0.004 -15"><span class='ocrx_word' id='word_1_765' title='bbox 2209 4453 2365 4517; x_wconf 87' lang='lat' dir='ltr'><strong>mavi,</strong></span> <span class='ocrx_word' id='word_1_766' title='bbox 2394 4460 2449 4507; x_wconf 90' lang='lat' dir='ltr'><strong>ct</strong></span> <span class='ocrx_word' id='word_1_767' title='bbox 2476 4452 2659 4517; x_wconf 80' lang='lat' dir='ltr'><strong>statim</strong></span> <span class='ocrx_word' id='word_1_768' title='bbox 2677 4450 2951 4521; x_wconf 66' lang='lat' dir='ltr'><strong>subiunxit</strong></span> <span class='ocrx_word' id='word_1_769' title='bbox 2977 4449 3146 4515; x_wconf 81' lang='lat' dir='ltr'><strong>futuri</strong></span> <span class='ocrx_word' id='word_1_770' title='bbox 3171 4450 3432 4519; x_wconf 68' lang='lat' dir='ltr'><strong>temporis</strong></span> <span class='ocrx_word' id='word_1_771' title='bbox 3456 4448 3669 4504; x_wconf 81' lang='lat' dir='ltr'><strong>verbum</strong></span> <span class='ocrx_word' id='word_1_772' title='bbox 3692 4447 3779 4515; x_wconf 79' lang='lat' dir='ltr'><strong>fa-</strong></span> 
     </span>
    </p>
   </div>
   <div class='ocr_carea' id='block_1_99' title="bbox 2208 4537 3778 4611">
    <p class='ocr_par' dir='ltr' id='par_1_99' title="bbox 2208 4537 3778 4611">
     <span class='ocr_line' id='line_1_99' title="bbox 2208 4537 3778 4611; baseline -0.002 -15"><span class='ocrx_word' id='word_1_773' title='bbox 2208 4544 2363 4605; x_wconf 89' lang='lat' dir='ltr'><strong>ciam,</strong></span> <span class='ocrx_word' id='word_1_774' title='bbox 2391 4541 2491 4595; x_wconf 88' lang='lat' dir='ltr'><strong>nisi</strong></span> <span class='ocrx_word' id='word_1_775' title='bbox 2518 4541 2659 4611; x_wconf 89' lang='lat' dir='ltr'><strong>quod</strong></span> <span class='ocrx_word' id='word_1_776' title='bbox 2684 4541 2863 4607; x_wconf 85' lang='lat' dir='ltr'><strong>omnia</strong></span> <span class='ocrx_word' id='word_1_777' title='bbox 2883 4539 2992 4608; x_wconf 76' lang='lat' dir='ltr'><strong>Deo</strong></span> <span class='ocrx_word' id='word_1_778' title='bbox 3017 4547 3142 4599; x_wconf 89' lang='lat' dir='ltr'><strong>sunt</strong></span> <span class='ocrx_word' id='word_1_779' title='bbox 3162 4541 3473 4609; x_wconf 56' lang='lat' dir='ltr'><strong>prasentia,</strong></span> <span class='ocrx_word' id='word_1_780' title='bbox 3501 4548 3555 4594; x_wconf 88' lang='lat' dir='ltr'><strong>et</strong></span> <span class='ocrx_word' id='word_1_781' title='bbox 3572 4538 3627 4594; x_wconf 88' lang='lat' dir='ltr'><strong>in</strong></span> <span class='ocrx_word' id='word_1_782' title='bbox 3644 4537 3778 4593; x_wconf 78' lang='lat' dir='ltr'><strong>divi-</strong></span> 
     </span>
    </p>
   </div>
   <div class='ocr_carea' id='block_1_100' title="bbox 2210 4632 3777 4704">
    <p class='ocr_par' dir='ltr' id='par_1_100' title="bbox 2210 4632 3777 4704">
     <span class='ocr_line' id='line_1_100' title="bbox 2210 4632 3777 4704; baseline -0.002 -15"><span class='ocrx_word' id='word_1_783' title='bbox 2210 4651 2276 4689; x_wconf 87' lang='lat' dir='ltr'><strong>na</strong></span> <span class='ocrx_word' id='word_1_784' title='bbox 2306 4634 2773 4704; x_wconf 84' lang='lat' dir='ltr'><strong>praedestinatione</strong></span> <span class='ocrx_word' id='word_1_785' title='bbox 2801 4632 2982 4690; x_wconf 82' lang='lat' dir='ltr'><strong>futura</strong></span> <span class='ocrx_word' id='word_1_786' title='bbox 3007 4634 3160 4703; x_wconf 77' lang='lat' dir='ltr'><strong>quasi</strong></span> <span class='ocrx_word' id='word_1_787' title='bbox 3199 4641 3480 4696; x_wconf 77' lang='lat' dir='ltr'><strong>transacta</strong></span> <span class='ocrx_word' id='word_1_788' title='bbox 3509 4647 3628 4694; x_wconf 87' lang='lat' dir='ltr'><strong>esse</strong></span> <span class='ocrx_word' id='word_1_789' title='bbox 3661 4646 3777 4687; x_wconf 84' lang='lat' dir='ltr'><strong>cre-</strong></span> 
     </span>
    </p>
   </div>
   <div class='ocr_carea' id='block_1_101' title="bbox 2208 4724 3777 4793">
    <p class='ocr_par' dir='ltr' id='par_1_101' title="bbox 2208 4724 3777 4793">
     <span class='ocr_line' id='line_1_101' title="bbox 2208 4724 3777 4793; baseline -0.002 -12"><span class='ocrx_word' id='word_1_790' title='bbox 2208 4727 2380 4782; x_wconf 90' lang='lat' dir='ltr'><strong>denda</strong></span> <span class='ocrx_word' id='word_1_791' title='bbox 2406 4727 2573 4781; x_wconf 88' lang='lat' dir='ltr'><strong>sunt?</strong></span> <span class='ocrx_word' id='word_1_792' title='bbox 2610 4725 2762 4793; x_wconf 87' lang='lat' dir='ltr'><strong>Quod</strong></span> <span class='ocrx_word' id='word_1_793' title='bbox 2797 4727 2941 4788; x_wconf 87' lang='lat' dir='ltr'><strong>enim</strong></span> <span class='ocrx_word' id='word_1_794' title='bbox 2977 4724 3218 4783; x_wconf 80' lang='lat' dir='ltr'><strong>futurum</strong></span> <span class='ocrx_word' id='word_1_795' title='bbox 3253 4725 3356 4789; x_wconf 72' lang='lat' dir='ltr'><strong>fuit</strong></span> <span class='ocrx_word' id='word_1_796' title='bbox 3381 4733 3443 4785; x_wconf 75' lang='lat' dir='ltr'><strong>ut</strong></span> <span class='ocrx_word' id='word_1_797' title='bbox 3469 4725 3645 4789; x_wconf 80' lang='lat' dir='ltr'><strong>ﬁeret,</strong></span> <span class='ocrx_word' id='word_1_798' title='bbox 3677 4725 3777 4779; x_wconf 87' lang='lat' dir='ltr'><strong>hoc</strong></span> 
     </span>
    </p>
   </div>
   <div class='ocr_carea' id='block_1_102' title="bbox 2209 4816 3779 4890">
    <p class='ocr_par' dir='ltr' id='par_1_102' title="bbox 2209 4816 3779 4890">
     <span class='ocr_line' id='line_1_102' title="bbox 2209 4816 3779 4890; baseline -0.001 -17"><span class='ocrx_word' id='word_1_799' title='bbox 2209 4820 2358 4890; x_wconf 88' lang='lat' dir='ltr'><strong>quasi</strong></span> <span class='ocrx_word' id='word_1_800' title='bbox 2383 4828 2708 4874; x_wconf 88' lang='lat' dir='ltr'><strong>transactum</strong></span> <span class='ocrx_word' id='word_1_801' title='bbox 2733 4820 2852 4873; x_wconf 84' lang='lat' dir='ltr'><strong>fuit.</strong></span> <span class='ocrx_word' id='word_1_802' title='bbox 2893 4819 3003 4889; x_wconf 79' lang='lat' dir='ltr'><strong>Ego</strong></span> <span class='ocrx_word' id='word_1_803' title='bbox 3032 4828 3081 4873; x_wconf 85' lang='lat' dir='ltr'><strong>te</strong></span> <span class='ocrx_word' id='word_1_804' title='bbox 3107 4817 3415 4887; x_wconf 78' lang='lat' dir='ltr'><strong>clariﬁcavi,</strong></span> <span class='ocrx_word' id='word_1_805' title='bbox 3445 4817 3594 4887; x_wconf 89' lang='lat' dir='ltr'><strong>quasi</strong></span> <span class='ocrx_word' id='word_1_806' title='bbox 3616 4816 3779 4872; x_wconf 77' lang='lat' dir='ltr'><strong>dixis-</strong></span> 
     </span>
    </p>
   </div>
   <div class='ocr_carea' id='block_1_103' title="bbox 2209 4907 3777 4983">
    <p class='ocr_par' dir='ltr' id='par_1_103' title="bbox 2209 4907 3777 4983">
     <span class='ocr_line' id='line_1_103' title="bbox 2209 4907 3777 4983; baseline -0.004 -16"><span class='ocrx_word' id='word_1_807' title='bbox 2209 4923 2291 4979; x_wconf 84' lang='lat' dir='ltr'><strong>set</strong></span> <span class='ocrx_word' id='word_1_808' title='bbox 2315 4931 2326 4966; x_wconf 92' lang='lat'>:</span> <span class='ocrx_word' id='word_1_809' title='bbox 2353 4913 2463 4983; x_wconf 80' lang='lat' dir='ltr'><strong>Ego</strong></span> <span class='ocrx_word' id='word_1_810' title='bbox 2499 4923 2552 4967; x_wconf 79' lang='lat' dir='ltr'><strong>te</strong></span> <span class='ocrx_word' id='word_1_811' title='bbox 2575 4909 3306 4981; x_wconf 71' lang='lat' dir='ltr'><strong>clariiicaboprzedicationis</strong></span> <span class='ocrx_word' id='word_1_812' title='bbox 3327 4909 3522 4977; x_wconf 76' lang='lat' dir='ltr'><strong>gloria,</strong></span> <span class='ocrx_word' id='word_1_813' title='bbox 3545 4922 3700 4978; x_wconf 87' lang='lat' dir='ltr'><strong>quam</strong></span> <span class='ocrx_word' id='word_1_814' title='bbox 3723 4907 3777 4961; x_wconf 90' lang='lat' dir='ltr'><strong>in</strong></span> 
     </span>
    </p>
   </div>
   <div class='ocr_carea' id='block_1_104' title="bbox 2208 4998 3775 5072">
    <p class='ocr_par' dir='ltr' id='par_1_104' title="bbox 2208 4998 3775 5072">
     <span class='ocr_line' id='line_1_104' title="bbox 2208 4998 3775 5072; baseline -0.005 -15"><span class='ocrx_word' id='word_1_815' title='bbox 2208 5001 2483 5072; x_wconf 87' lang='lat' dir='ltr'><strong>discipulis</strong></span> <span class='ocrx_word' id='word_1_816' title='bbox 2507 5002 2618 5068; x_wconf 80' lang='lat' dir='ltr'><strong>suis</strong></span> <span class='ocrx_word' id='word_1_817' title='bbox 2642 5010 2759 5057; x_wconf 77' lang='lat' dir='ltr'><strong>toto</strong></span> <span class='ocrx_word' id='word_1_818' title='bbox 2776 5003 2974 5063; x_wconf 81' lang='lat' dir='ltr'><strong>mundo</strong></span> <span class='ocrx_word' id='word_1_819' title='bbox 2990 4998 3183 5062; x_wconf 75' lang='lat' dir='ltr'><strong>edicit;</strong></span> <span class='ocrx_word' id='word_1_820' title='bbox 3213 4999 3339 5053; x_wconf 92' lang='lat' dir='ltr'><strong>dum</strong></span> <span class='ocrx_word' id='word_1_821' title='bbox 3366 5013 3503 5067; x_wconf 90' lang='lat' dir='ltr'><strong>opus</strong></span> <span class='ocrx_word' id='word_1_822' title='bbox 3529 5012 3775 5053; x_wconf 83' lang='lat' dir='ltr'><strong>consum-</strong></span> 
     </span>
    </p>
   </div>
   <div class='ocr_carea' id='block_1_105' title="bbox 2210 5086 3773 5165">
    <p class='ocr_par' dir='ltr' id='par_1_105' title="bbox 2210 5086 3773 5165">
     <span class='ocr_line' id='line_1_105' title="bbox 2210 5086 3773 5165; baseline -0.006 -15"><span class='ocrx_word' id='word_1_823' title='bbox 2210 5095 2367 5150; x_wconf 91' lang='lat' dir='ltr'><strong>mabo</strong></span> <span class='ocrx_word' id='word_1_824' title='bbox 2401 5093 2666 5165; x_wconf 79' lang='lat' dir='ltr'><strong>passionis</strong></span> <span class='ocrx_word' id='word_1_825' title='bbox 2702 5106 2834 5146; x_wconf 72' lang='lat' dir='ltr'><strong>mea:</strong></span> <span class='ocrx_word' id='word_1_826' title='bbox 2857 5100 2911 5146; x_wconf 91' lang='lat' dir='ltr'><strong>et</strong></span> <span class='ocrx_word' id='word_1_827' title='bbox 2936 5089 3368 5151; x_wconf 87' lang='lat' dir='ltr'><strong>resurrectionis,</strong></span> <span class='ocrx_word' id='word_1_828' title='bbox 3407 5089 3551 5159; x_wconf 90' lang='lat' dir='ltr'><strong>quod</strong></span> <span class='ocrx_word' id='word_1_829' title='bbox 3589 5086 3773 5142; x_wconf 86' lang='lat' dir='ltr'><strong>dedisti</strong></span> 
     </span>
    </p>
   </div>
   <div class='ocr_carea' id='block_1_106' title="bbox 2210 5178 3775 5253">
    <p class='ocr_par' dir='ltr' id='par_1_106' title="bbox 2210 5178 3775 5253">
     <span class='ocr_line' id='line_1_106' title="bbox 2210 5178 3775 5253; baseline -0.004 -16"><span class='ocrx_word' id='word_1_830' title='bbox 2210 5184 2338 5239; x_wconf 90' lang='lat' dir='ltr'><strong>mihi</strong></span> <span class='ocrx_word' id='word_1_831' title='bbox 2357 5193 2416 5239; x_wconf 88' lang='lat' dir='ltr'><strong>ut</strong></span> <span class='ocrx_word' id='word_1_832' title='bbox 2429 5183 2640 5238; x_wconf 81' lang='lat' dir='ltr'><strong>faciam.</strong></span> <span class='ocrx_word' id='word_1_833' title='bbox 2663 5182 2846 5253; x_wconf 71' lang='lat' dir='ltr'><strong>(Vens.</strong></span> <span class='ocrx_word' id='word_1_834' title='bbox 2864 5181 2915 5252; x_wconf 72' lang='grc' dir='ltr'>ὅ)</span> <span class='ocrx_word' id='word_1_835' title='bbox 2943 5180 3047 5236; x_wconf 90' lang='lat' dir='ltr'><strong>Sed</strong></span> <span class='ocrx_word' id='word_1_836' title='bbox 3064 5195 3200 5233; x_wconf 88' lang='lat' dir='ltr'><strong>nunc</strong></span> <span class='ocrx_word' id='word_1_837' title='bbox 3213 5195 3331 5232; x_wconf 79' lang='lat' dir='ltr'><strong>vero</strong></span> <span class='ocrx_word' id='word_1_838' title='bbox 3353 5178 3589 5247; x_wconf 71' lang='lat' dir='ltr'><strong>clariﬁca</strong></span> <span class='ocrx_word' id='word_1_839' title='bbox 3607 5193 3702 5240; x_wconf 77' lang='lat' dir='ltr'><strong>me,</strong></span> <span class='ocrx_word' id='word_1_840' title='bbox 3721 5188 3775 5231; x_wconf 77' lang='lat' dir='ltr'><strong>tu</strong></span> 
     </span>
    </p>
   </div>
   <div class='ocr_carea' id='block_1_107' title="bbox 2211 5271 3779 5341">
    <p class='ocr_par' dir='ltr' id='par_1_107' title="bbox 2211 5271 3779 5341">
     <span class='ocr_line' id='line_1_107' title="bbox 2211 5271 3779 5341; baseline -0.005 -12"><span class='ocrx_word' id='word_1_841' title='bbox 2211 5275 2386 5331; x_wconf 86' lang='lat' dir='ltr'><strong>Pater.</strong></span> <span class='ocrx_word' id='word_1_842' title='bbox 2401 5295 2417 5326; x_wconf 74' lang='grc' dir='ltr'><strong><em>ι</em></strong></span> <span class='ocrx_word' id='word_1_843' title='bbox 2442 5275 2674 5331; x_wconf 82' lang='lat' dir='ltr'><strong>Dicendo</strong></span> <span class='ocrx_word' id='word_1_844' title='bbox 2690 5274 2830 5329; x_wconf 89' lang='lat' dir='ltr'><strong>enim</strong></span> <span class='ocrx_word' id='word_1_845' title='bbox 2842 5314 2856 5338; x_wconf 97' lang='lat'><strong>,</strong></span> <span class='ocrx_word' id='word_1_846' title='bbox 2869 5282 2918 5327; x_wconf 90' lang='lat' dir='ltr'><strong>te</strong></span> <span class='ocrx_word' id='word_1_847' title='bbox 2930 5271 3215 5341; x_wconf 81' lang='lat' dir='ltr'><strong>clari/icavi</strong></span> <span class='ocrx_word' id='word_1_848' title='bbox 3226 5287 3381 5341; x_wconf 78' lang='lat' dir='ltr'><strong>super</strong></span> <span class='ocrx_word' id='word_1_849' title='bbox 3392 5280 3586 5323; x_wconf 88' lang='lat' dir='ltr'><strong>terram</strong></span> <span class='ocrx_word' id='word_1_850' title='bbox 3597 5283 3683 5339; x_wconf 63' lang='grc' dir='ltr'><strong>,βε</strong></span> <span class='ocrx_word' id='word_1_851' title='bbox 3691 5283 3779 5322; x_wconf 82' lang='lat' dir='ltr'><strong>au-</strong></span> 
     </span>
    </p>
   </div>
   <div class='ocr_carea' id='block_1_108' title="bbox 2209 5359 3783 5435">
    <p class='ocr_par' dir='ltr' id='par_1_108' title="bbox 2209 5359 3783 5435">
     <span class='ocr_line' id='line_1_108' title="bbox 2209 5359 3783 5435; baseline -0.006 -13"><span class='ocrx_word' id='word_1_852' title='bbox 2209 5378 2314 5422; x_wconf 90' lang='lat' dir='ltr'><strong>tem</strong></span> <span class='ocrx_word' id='word_1_853' title='bbox 2330 5384 2358 5421; x_wconf 90' lang='lat' dir='ltr'><strong>a</strong></span> <span class='ocrx_word' id='word_1_854' title='bbox 2381 5367 2540 5421; x_wconf 90' lang='lat' dir='ltr'><strong>Patre</strong></span> <span class='ocrx_word' id='word_1_855' title='bbox 2562 5365 2701 5435; x_wconf 90' lang='lat' dir='ltr'><strong>apud</strong></span> <span class='ocrx_word' id='word_1_856' title='bbox 2722 5365 2965 5419; x_wconf 77' lang='lat' dir='ltr'><strong>eumdem</strong></span> <span class='ocrx_word' id='word_1_857' title='bbox 2989 5361 3203 5418; x_wconf 86' lang='lat' dir='ltr'><strong>Patrem</strong></span> <span class='ocrx_word' id='word_1_858' title='bbox 3227 5361 3461 5432; x_wconf 89' lang='lat' dir='ltr'><strong>postulat</strong></span> <span class='ocrx_word' id='word_1_859' title='bbox 3483 5359 3783 5425; x_wconf 71' lang='lat' dir='ltr'><strong>clariﬁcan-</strong></span> 
     </span>
    </p>
   </div>
   <div class='ocr_carea' id='block_1_109' title="bbox 2201 5451 3779 5528">
    <p class='ocr_par' dir='ltr' id='par_1_109' title="bbox 2201 5451 3779 5528">
     <span class='ocr_line' id='line_1_109' title="bbox 2201 5451 3779 5528; baseline -0.002 -16"><span class='ocrx_word' id='word_1_860' title='bbox 2201 5458 2348 5521; x_wconf 87' lang='lat' dir='ltr'><strong>dum,</strong></span> <span class='ocrx_word' id='word_1_861' title='bbox 2379 5458 2594 5512; x_wconf 90' lang='lat' dir='ltr'><strong>modum</strong></span> <span class='ocrx_word' id='word_1_862' title='bbox 2614 5454 2853 5528; x_wconf 75' lang='lat' dir='ltr'><strong>profecto</strong></span> <span class='ocrx_word' id='word_1_863' title='bbox 2873 5455 3153 5525; x_wconf 80' lang='lat' dir='ltr'><strong>utriusque</strong></span> <span class='ocrx_word' id='word_1_864' title='bbox 3173 5451 3576 5508; x_wconf 81' lang='lat' dir='ltr'><strong>clariﬁcationis</strong></span> <span class='ocrx_word' id='word_1_865' title='bbox 3606 5458 3779 5509; x_wconf 64' lang='lat' dir='ltr'><strong>ostonr</strong></span> 
     </span>
    </p>
   </div>
   <div class='ocr_carea' id='block_1_110' title="bbox 2204 5543 3780 5616">
    <p class='ocr_par' dir='ltr' id='par_1_110' title="bbox 2204 5543 3780 5616">
     <span class='ocr_line' id='line_1_110' title="bbox 2204 5543 3780 5616; baseline -0.003 -18"><span class='ocrx_word' id='word_1_866' title='bbox 2204 5547 2298 5599; x_wconf 87' lang='lat' dir='ltr'><strong>dit.</strong></span> <span class='ocrx_word' id='word_1_867' title='bbox 2316 5546 2431 5615; x_wconf 70' lang='lat' dir='ltr'><strong>lpsc</strong></span> <span class='ocrx_word' id='word_1_868' title='bbox 2449 5546 2642 5616; x_wconf 81' lang='lat' dir='ltr'><strong>quippe</strong></span> <span class='ocrx_word' id='word_1_869' title='bbox 2655 5545 2870 5600; x_wconf 74' lang='lat' dir='ltr'><strong>Patrem</strong></span> <span class='ocrx_word' id='word_1_870' title='bbox 2896 5543 3208 5599; x_wconf 79' lang='lat' dir='ltr'><strong>clariﬁcavit</strong></span> <span class='ocrx_word' id='word_1_871' title='bbox 3225 5558 3386 5612; x_wconf 76' lang='lat' dir='ltr'><strong>super</strong></span> <span class='ocrx_word' id='word_1_872' title='bbox 3412 5551 3645 5607; x_wconf 75' lang='lat' dir='ltr'><strong>terraml</strong></span> <span class='ocrx_word' id='word_1_873' title='bbox 3658 5556 3780 5595; x_wconf 85' lang='lat' dir='ltr'><strong>eum</strong></span> 
     </span>
    </p>
   </div>
  </div>
