3992 6184
217 271 315 326 θσι

1040 268 1445 323 ιςχευετιαλ.
1487 298 1556 306 -οο
1595 263 1948 321 COMMENT.
1989 265 2055 319 IN
2090 262 2373 322 JOAN.~—
2412 262 2537 317 LIB.
2583 262 2687 315 \‘ll.

3364 260 3469 315 062

214 379 466 450 gentibus
496 380 833 449 prmdlcando
861 402 872 432 .
898 378 1057 433 Pater
1085 393 1210 432 vero
1237 379 1409 447 ipsum
1438 377 1576 447 apud
1601 384 1796 432 semet-
1822 385 1865 440 Α
1898 384 2072 426 autem
2100 376 2168 426 ad
2196 382 2245 426 te
2280 373 2455 436 venio,
2502 385 2621 425 cum
2668 369 2684 443 [
2711 372 2842 441 Aug.
2864 411 2878 435 ,
2908 370 3081 442 unde]
3126 369 3469 428 manifestum

216 469 393 539 ipsum
426 508 440 533 ,
480 468 547 524 ad
579 484 731 524 suam
768 469 1043 525 dexteram
1080 468 1412 524 collocando.
1455 466 1742 536 Subjunxit
1772 487 1785 522 :

214 552 472 613 Claritate
498 569 652 629 quam
687 559 846 613 habui
873 560 1175 631 priusquam
1210 558 1434 613 mundus
1470 559 1615 628 ﬁeret
1652 562 1791 629 apud

214 651 285 703 te.
326 646 470 704 Ordo
499 650 782 703 verberum
812 657 917 715 est,
944 666 1099 720 quam
1137 648 1295 702 habui
1330 648 1472 719 apud
1521 657 1570 702 te
1615 635 1791 719 prius-

214 750 375 807 quam
403 734 628 791 vitandus
663 747 813 791 esset.
864 731 921 792 Ιιι
943 738 1047 793 hoc
1069 738 1209 792 valet
1234 737 1379 808 quod
1406 738 1482 791 ait
1511 756 1524 791 :
1556 737 1625 791 Et
1657 755 1793 792 mmc

216 822 454 897 clariﬁca
495 844 596 892 me,
642 828 745 882 hoc
781 837 887 893 est,
926 829 1064 883 sient
1092 836 1241 893 tunc,
1271 829 1345 882 ita
1373 835 1427 883 et
1457 843 1625 895 nunc;
1656 828 1794 882 sicut

220 930 351 974 tunc
394 919 881 989 puedestinatione,
932 910 1004 973 ita
1050 930 1104 974 et
1148 934 1290 974 nunc
1317 918 1676 989 perfectione;
1710 916 1795 972 t'ac

222 1007 378 1082 [Λίδη
411 1006 607 1080 statue]
655 1009 708 1063 in
751 1011 949 1065 mundo
992 1008 1134 1079 quod
1177 1010 1317 1080 apud
1357 1019 1409 1063 te
1453 1007 1630 1063 fuerat
1671 1016 1794 1063 ante

224 1097 479 1153 mundum
504 1114 518 1165 ;
546 1092 632 1153 fac
654 1092 807 1170 [Ms.,
838 1088 1035 1170 statue]
1063 1099 1114 1152 in
1137 1113 1233 1154 suo
1257 1107 1498 1167 tempore
1525 1098 1668 1168 quod
1694 1112 1792 1151 an-

223 1198 275 1241 te
316 1188 498 1242 omnia
528 1196 769 1258 tempora
809 1188 1066 1243 statuisti.
1119 1179 1379 1243 Convenit
1406 1203 1502 1243 nos
1535 1187 1795 1258 intellige-

223 1295 282 1335 re
322 1280 377 1333 in
420 1279 519 1335 hoc
558 1278 676 1334 loco
710 1280 1230 1349 prmdestinationem
1260 1266 1520 1336 claritatis
1549 1280 1795 1335 humana:

222 1385 343 1439 qua:
373 1370 426 1423 in
456 1368 545 1421 illo
569 1377 651 1423 est
679 1378 906 1433 naturae,
950 1384 1016 1423 ex
1057 1368 1270 1425 mortali
1303 1357 1625 1424 immortalis
1654 1368 1793 1437 apud

223 1456 436 1512 Patrem
466 1455 693 1523 intum;
743 1466 797 1512 ct
834 1457 938 1512 hoc
975 1452 1085 1528 jam
1124 1458 1553 1528 prtedestinando
1594 1457 1794 1513 factum

225 1548 413 1612 fuisse,
438 1557 726 1617 antequam
751 1549 976 1603 mundus
997 1557 1160 1613 esset,
1179 1548 1319 1618 quod
1343 1534 1397 1601 in
1418 1546 1615 1603 mundo
1637 1549 1795 1602 etiam

224 1654 323 1693 suo
356 1647 592 1708 tempore
618 1637 787 1694 ﬂeret.
832 1638 888 1694 Si
911 1639 1050 1694 enim
1075 1640 1138 1694 de
1161 1630 1317 1696 nobis
1345 1639 1479 1694 dixit
1498 1640 1586 1696 hic
1606 1640 1793 1694 videns

1892 473 1975 520 est
2013 480 2137 521 eum
2176 464 2241 520 de
2281 461 2545 534 corporali
2588 479 2684 517 sua
2731 463 2930 518 dixisse
2973 464 3257 533 pra:sentia
3288 481 3300 517 :
3336 461 3470 519 Cum

1892 577 2054 615 essem
2083 576 2200 614 eum
2227 560 2328 621 eis,
2358 575 2450 630 ego
2478 559 2742 612 servabam
2770 563 2855 612 eos
2878 574 2896 623 ,'
2924 558 3087 613 veluti
3106 552 3218 628 jam
3243 574 3365 613 cum
3390 558 3469 615 eis

1892 665 1956 704 ca
1984 651 2265 720 pra-sentin
2296 666 2400 705 non
2443 660 2603 703 esset.
2652 649 2728 702 Eo
2775 650 2938 702 modo
2977 650 3120 704 enim
3164 650 3471 721 significare

1892 740 2061 795 voluit
2104 742 2474 793 ascensionem
2521 754 2643 793 mox
2695 739 2965 805 l‘uturmn,
3019 741 3086 794 de
3137 758 3242 810 qua
3291 742 3466 796 dicit:

1895 826 2052 881 Nune
2082 837 2255 880 autem
2284 826 2353 880 ad
2382 836 2430 880 te
2460 827 2643 880 renio:
2672 830 2846 881 iturus
2875 829 3058 897 utique
3088 829 3152 881 ad
3197 831 3470 887 dexteram

1893 916 2076 970 Patris
2100 931 2114 980 ;
2149 915 2290 970 unde
2319 924 2582 969 venturus
2611 923 2697 970 est
2724 916 2789 969 ad
2819 907 2969 971 vivos
2997 927 3053 972 et
3093 929 3336 974 mortuos
3378 920 3469 991 ju-

1895 1005 2185 1068 dicandos,
2223 1004 2509 1074 praesentia
2550 1004 2735 1057 itidem
2775 1007 3041 1074 corporali
3079 1011 3371 1064 secmnlum
3406 1012 3469 1065 ti-

1893 1094 1979 1148 dei
2017 1093 2256 1165 regulam
2306 1108 2601 1162 sonumque
2635 1095 2954 1150 doctrinam.
3008 1082 3141 1152 Nam
3181 1105 3468 1168 praesentia

1894 1185 2121 1255 spiritali
2159 1200 2282 1239 eum
2317 1185 2396 1239 eis
2429 1193 2548 1239 erat
2581 1200 2815 1256 semper,
2845 1194 2900 1241 et
2936 1202 3057 1241 cum
3090 1198 3197 1265 tota
3232 1190 3469 1245 Ecclesia

1894 1291 1989 1329 sua
2027 1275 2081 1329 in
2115 1276 2219 1331 hoc
2252 1275 2451 1329 mundo
2488 1290 2657 1345 usque
2703 1277 2756 1329 in
2801 1279 3318 1355 consummationem
3372 1295 3470 1334 sa:-

1895 1366 2021 1421 culi.
2056 1385 2074 1418 ι
2103 1364 2255 1433 Quod
2294 1381 2423 1420 vero
2458 1368 2560 1432 ait,
2600 1375 2661 1420 ut
2698 1367 2765 1422 ad
2817 1369 3093 1437 superiora
3146 1369 3466 1433 redeamus,

1898 1456 2228 1527 Manifestari
2283 1475 2468 1512 nomen
2524 1468 2671 1512 tuum
2724 1459 3056 1526 hominibus,
3107 1478 3234 1533 quos
3285 1464 3475 1517 dedisti

1895 1547 2053 1612 milii,
2085 1563 2192 1601 non
2224 1547 2351 1601 illud
2381 1563 2578 1603 nomen
2606 1548 2749 1617 quod
2779 1548 2920 1605 Deus
2954 1566 3046 1615 es,
3087 1533 3178 1606 sed
3216 1551 3343 1606 illud
3381 1568 3475 1606 ιςοι

1897 1650 2017 1690 men
2047 1636 2187 1705 quod
2218 1636 2377 1691 Pater
2404 1653 2556 1692 meus
2594 1654 2690 1693 es:
2724 1639 2866 1708 quod
2909 1655 3099 1695 nomen
3139 1624 3471 1698 manifestari

223 1730 745 1802 prtedestinationem
775 1730 892 1784 Filii
919 1731 1203 1802 Apostolus
1231 1750 1242 1784 ε
1270 1730 1415 1786 Sicut
1444 1731 1594 1802 elegit
1623 1748 1714 1786 nos
1739 1731 1791 1786 in
1824 1710 1868 1769 Β
1899 1742 2003 1782 ιιοιι
2032 1736 2212 1797 potest
2238 1729 2353 1783 sine
2384 1729 2526 1783 illius
2552 1729 2673 1784 Filii
2705 1730 3152 1788 manifestatinne.
3182 1734 3315 1788 Nam
3343 1752 3472 1790 vero

223 1824 336 1891 ipso
361 1829 480 1875 ante
505 1820 684 1874 mundi
715 1821 1129 1875 constitutionem
1153 1821 1367 1894 (Epltes.
1402 1839 1441 1887 ι,
1471 1822 1525 1893 4)
1557 1836 1603 1874 ο.
1636 1842 1653 1874 ι
1688 1821 1795 1877 Nec

225 1913 517 1969 formidare
542 1912 797 1968 debemus
816 1913 1250 1981 prazdestinatum
1277 1914 1455 1970 dicere
1477 1914 1669 1969 Filium
1699 1913 1792 1969 Dei

225 2005 516 2060 secundum
558 2003 967 2071 humanitatem,
1008 2006 1099 2074 qui
1142 2005 1194 2060 in
1238 2014 1478 2075 tempore
1519 2021 1617 2061 suo
1650 2006 1795 2060 venit

224 2094 388 2165 617
435 2093 489 2148 in
525 2094 803 2159 mundum,
832 2103 957 2150 ante
982 2102 1159 2149 tamen
1184 2095 1365 2150 omnia
1393 2106 1630 2165 tempora
1657 2111 1795 2166 prte-

229 2182 553 2238 destinatum
578 2198 696 2239 esse
723 2182 874 2256 μὴ,
900 2185 1308 2255 prtedestinatus
1335 2184 1460 2240 estl.
1498 2203 1515 2236 ι
1540 2184 1671 2238 lllud
1702 2200 1795 2238 au-

229 2284 338 2331 tem
360 2276 796 2345 praedestinatum
817 2274 936 2342 fuit,
963 2276 1103 2347 quod
1127 2277 1360 2331 nondum
1377 2284 1515 2341 erat,
1538 2284 1599 2330 ut
1619 2280 1792 2341 fleret,

225 2367 370 2440 quod
400 2366 539 2422 Deus
570 2366 733 2422 voluit
770 2375 829 2421 ut
860 2376 1022 2422 esset.
1069 2366 1144 2423 De
1186 2382 1292 2438 qua
1329 2366 1796 2437 praedestinatione

227 2457 305 2514 ait
326 2454 612 2528 Apostolus
634 2456 687 2510 in
712 2455 972 2525 principio
999 2455 1250 2526 Epistola:
1270 2455 1335 2508 ad
1361 2454 1630 2509 Romanos
1655 2471 1668 2507 :
1693 2452 1795 2519 Qui

225 2549 397 2620 factus
425 2556 497 2600 est
522 2546 570 2600 ei
594 2562 658 2600 ea:
680 2544 871 2600 semine
909 2544 1074 2600 David
1117 2543 1399 2598 secundum
1438 2558 1669 2607 curaeat,
1705 2544 1795 2613 qui

224 2637 622 2711 pra'destinatus
642 2644 716 2690 est
738 2632 787 2688 F
785 2634 911 2688 ilius
934 2634 1027 2688 Dei
1049 2634 1101 2689 in
1123 2634 1307 2688 virtute
1333 2633 1507 2704 (Rom.
1535 2650 1573 2697 ι,
1594 2634 1669 2704 2).
1700 2631 1796 2687 Se-

227 2727 459 2784 cundum
479 2727 616 2781 hanc
631 2723 1154 2796 prmdestinationem
1178 2724 1341 2778 etiam
1363 2722 1685 2778 clariﬁcatus
1714 2732 1799 2779 est

227 2825 515 2888 antequam
557 2816 787 2870 mundus
829 2825 991 2880 esset,
1018 2822 1077 2868 ut
1102 2821 1156 2870 et
1181 2813 1395 2869 claritas
1418 2813 1533 2883 ejus
1557 2824 1701 2869 esset
1728 2829 1796 2869 ex

226 2907 620 2962 resurrectione
649 2912 978 2960 mortuorum
1004 2904 1142 2973 apud
1167 2902 1378 2957 Patrem
1407 2902 1472 2957 ad
1496 2904 1647 2973 cujus
1667 2904 1797 2958 dex-

227 3007 400 3053 teram
421 2996 583 3050 sedet.
612 3016 630 3047 ι

303 3088 457 3143 Vsus.
498 3087 549 3141 6.
588 3117 659 3126 —-—
697 3085 1023 3156 Manifestari
1065 3102 1246 3139 nomen
1284 3094 1430 3138 tuum
1464 3083 1790 3147 hominibus,

226 3196 357 3253 quos
411 3178 596 3231 dedisti
646 3174 772 3230 mihi
822 3174 886 3228 de
932 3171 1144 3229 mundo.
1187 3174 1338 3242 Quod
1384 3189 1513 3244 ergo
1556 3172 1799 3229 facturus

226 3277 345 3323 erat
373 3282 470 3337 per
492 3264 741 3321 doctores
778 3272 992 3320 sanctos
1024 3260 1079 3319 in
1117 3272 1228 3318 toto
1254 3261 1386 3318 orbe
1419 3269 1542 3333 post
1576 3260 1798 3332 gloriam

230 3355 642 3412 resurrectionis
679 3362 733 3410 et
772 3353 1103 3410 ascensionis
1138 3356 1248 3408 me
1270 3394 1283 3417 ,
1315 3361 1370 3407 et
1405 3360 1528 3422 post
1565 3350 1800 3422 Spiritus

226 3448 402 3502 sancti
449 3447 615 3511 dona,
665 3459 786 3517 quae
830 3444 884 3498 in
930 3443 1218 3514 discipulos
1265 3443 1441 3499 delata
1491 3452 1644 3508 sunt,
1697 3445 1800 3499 boc

229 3535 385 3607 quasi
415 3535 614 3589 factum
644 3549 762 3590 esse
789 3533 943 3589 dixit.
983 3552 1000 3584 ι
1036 3533 1064 3572 ι»
1094 3532 1219 3588 Tale
1260 3543 1344 3589 est
1381 3533 1517 3601 hoc,
1548 3534 1707 3606 quale
1745 3542 1801 3589 et

230 3626 359 3681 illud
389 3625 531 3698 quod
557 3624 725 3681 Paulo
755 3633 880 3680 ante
908 3624 1042 3680 dixit
1073 3642 1086 3678 :
1120 3623 1231 3695 Ego
1259 3635 1307 3679 te
1334 3622 1617 3697 eiariﬁrari
1645 3642 1800 3697 super

230 3730 424 3771 terram
451 3734 470 3773 :
499 3732 598 3788 pro
638 3727 879 3790 tempore
917 3714 1099 3772 futuro
1126 3726 1182 3773 et
1207 3715 1315 3773 illic
1343 3726 1400 3772 et
1426 3711 1514 3774 hic
1552 3717 1797 3788 prmtcri-

231 3817 345 3862 tum
374 3823 579 3878 ponens
610 3818 819 3879 tempus
840 3849 854 3874 ,
887 3808 1025 3863 sicut
1050 3808 1140 3878 qui
1170 3808 1332 3863 sciret
1360 3802 1796 3876 prtedestinatum

229 3912 350 3953 esse
378 3907 437 3952 ut
465 3899 518 3954 id
549 3898 733 3962 ﬂeret,
763 3906 819 3951 et
847 3898 966 3952 ideo
997 3896 1188 3951 fecisse
1214 3913 1272 3951 se
1307 3896 1490 3949 dicens
1517 3895 1657 3962 quod
1683 3897 1801 3948 erat

228 3991 347 4046 sine
373 3989 479 4042 ulla
511 3988 841 4041 dubitatione
869 3984 1129 4040 facturus.
1162 3986 1417 4054 Sequitur
1448 4003 1459 4037 :

307 4077 466 4131 Vens.
505 4073 560 4140 7,
599 4076 652 4130 8.
692 4104 761 4113 —
797 4073 895 4128 Tui
931 4083 1107 4138 erant,
1140 4084 1185 4126 et
1222 4073 1349 4127 milii
1383 4090 1467 4127 eos
1495 4067 1719 4140 dedisti,
1749 4083 1797 4128 et

231 4182 524 4225 sermonem
552 4175 698 4219 tuum
728 4174 1076 4219 seruauerunt.
1121 4163 1275 4218 Nunc
1304 4176 1646 4235 cognoverunt
1675 4166 1798 4238 quia

228 4260 408 4316 omnia
435 4274 551 4330 qua:
579 4256 765 4311 dedisti
793 4257 949 4321 mihi,
982 4256 1072 4309 abs
1096 4265 1144 4310 te
1170 4265 1288 4310 sunt
1309 4294 1323 4320 ,
1353 4257 1477 4327 quia
1505 4257 1656 4310 verba
1683 4274 1799 4328 quae

228 4347 419 4406 dedisti
457 4348 584 4402 mihi
604 4389 618 4413 ,
651 4347 771 4402 dedi
799 4347 904 4412 eis,
938 4356 985 4400 et
1014 4345 1112 4416 ipsi
1141 4355 1444 4416 acceperunt
1471 4354 1517 4400 et
1547 4361 1797 4416 eognove-
1828 4384 1876 4444 ι)

232 4449 351 4494 runt
384 4455 495 4493 rere
530 4438 653 4510 quia
687 4455 718 4491 a
752 4448 800 4491 te
834 4437 968 4492 exivi
988 4477 1002 4502 ,
1037 4446 1083 4490 et
1122 4436 1450 4491 crediderunt
1479 4436 1601 4508 quia
1633 4445 1689 4489 tu
1720 4453 1800 4490 me

229 4530 435 4584 misisti.
489 4526 802 4597 Quanquam
849 4535 903 4581 et
952 4527 1067 4581 luce
1111 4526 1290 4581 omnia
1330 4525 1396 4581 de
1434 4526 1682 4581 omnibus
1720 4524 1802 4581 iu-

229 4621 368 4675 taris
397 4619 640 4674 ﬁdelibus
668 4620 772 4673 dici
805 4619 1076 4689 potuerint
1107 4632 1165 4674 re
1196 4618 1509 4691 imperfecta
1539 4618 1677 4691 [Με.
1708 4634 1802 4689 spe

228 4710 495 4782 perfecta;
525 4711 683 4781 dug.,
707 4710 927 4781 spejam
955 4708 1214 4782 perfecta]
1232 4752 1247 4775 ,
1279 4727 1398 4765 cum
1426 4712 1599 4767 adhuc
1624 4720 1805 4768 essent

230 4804 440 4866 futura,
471 4808 653 4857 tamen
684 4813 738 4856 et
779 4802 891 4857 haec
931 4795 1238 4872 Specialiter
1278 4802 1345 4856 de
1386 4802 1659 4873 discipulis
1697 4804 1803 4858 dici

228 4900 453 4961 possunt
478 4892 542 4946 ad
568 4907 701 4963 quos
731 4899 856 4946 tunc
879 4891 1288 4962 praesentialiter
1313 4891 1653 4961 loquebatur,
1680 4894 1804 4963 quia

232 4981 364 5036 illud
394 4982 536 5052 Quod
568 4983 847 5052 sequitur:
881 4981 1011 5035 Cum
1041 5000 1203 5037 essem
1233 5000 1350 5037 cum
1376 4985 1478 5047 eis,
1513 5001 1603 5055 ego
1633 5001 1805 5039 serra-

231 5076 351 5128 bam
380 5090 464 5128 eos
492 5071 543 5128 in
576 5070 777 5128 nomine
802 5085 931 5139 tuo;
962 5092 1089 5147 quos
1118 5075 1305 5129 dedisti
1333 5075 1460 5129 mihi
1477 5116 1491 5139 ,
1524 5076 1802 5141 custodiri,

229 5176 279 5218 et
310 5181 458 5218 nemo
485 5181 549 5218 ea:
576 5165 655 5218 Itis
682 5166 864 5235 periit,
908 5166 1007 5219 nisi
1046 5165 1190 5235 ﬁlius
1228 5167 1533 5237 perditionis
1575 5165 1804 5235 (ludam

230 5253 542 5324 signiﬁcans
563 5295 578 5318 ,
608 5254 698 5323 qui
732 5254 946 5309 tradidit
977 5270 1131 5320 eum,
1163 5256 1252 5326 qui
1284 5272 1422 5311 unus
1450 5255 1548 5310 fuit
1579 5257 1644 5311 de
1671 5257 1805 5312 duo-

230 5342 441 5413 decim)
466 5343 638 5415 magis
662 5345 786 5399 huic
812 5336 991 5397 sensui
1016 5347 1294 5413 convenit,
1326 5355 1384 5402 ut
1409 5348 1662 5419 apostolis
1687 5365 1806 5419 spe-

231 5433 445 5489 cialiter
491 5436 606 5491 lucc
657 5434 989 5506 loqueretur.
1038 5436 1239 5493 Deinde
1273 5440 1595 5513 subjungit:
1650 5442 1806 5497 Nunc

306 5557 331 5628 ἡ
369 5543 568 5628 Sttpple
582 5562 643 5628 ex
660 5547 1055 5628 Augllocqcit.
1076 5566 1088 5601 :
1111 5566 1136 5628 ιΔ
1153 5549 1262 5602 Cur
1286 5553 1573 5628 abhorrere
1586 5566 1808 5626 putatur

236 5633 267 5670 ιι
316 5626 478 5681 vero,
519 5619 563 5670 si
612 5626 736 5671 tunc
780 5619 940 5674 Pater
985 5623 1143 5686 caput
1186 5626 1428 5674 nostrum
1468 5619 1805 5696 gloritiravit,

1817 3042 1867 3104 C

1896 1808 2021 1871 illud
2052 1831 2246 1872 nomen
2274 1817 2415 1886 quod
2445 1817 2585 1872 Deus
2611 1826 2724 1884 est,
2757 1820 2884 1873 nulli
2918 1831 3123 1877 natura:
3164 1825 3465 1881 rationabili

1895 1904 2224 1977 incognitum
2265 1906 2586 1962 omnimodis
2622 1922 2741 1963 esse
2784 1911 3009 1978 putavit.
3052 1910 3177 1968 ΙΙωο
3202 1925 3284 1969 est
3324 1916 3466 1970 enim

1893 2009 2034 2075 vene
2070 1996 2154 2048 'vis
2189 1990 2512 2061 divinitatis,
2547 2004 2604 2050 ut
2634 2010 2898 2054 creatura:
2929 2000 3172 2055 rationali
3217 2018 3320 2057 non
3350 2019 3467 2059 om-

1894 2083 2022 2138 nino
2052 2084 2353 2156 incognitus
2380 2086 2548 2155 possit
2586 2087 2878 2155 abscondi,
2913 2094 3151 2162 exceptis
3191 2110 3375 2164 ιιτιιιοιε
3416 2098 3468 2151 in

1894 2172 2087 2244 quibus
2114 2185 2305 2229 natura
2336 2177 2615 2233 rationalis
2638 2179 2863 2233 nimium
2893 2180 3181 2251 depravata
3213 2186 3314 2240 eSt.
3337 2186 3472 2243 Pro-

1893 2268 2179 2338 pemodum
2214 2276 2401 2325 omnes
2438 2276 2625 2341 gentes
2661 2271 2829 2326 Deum
2874 2286 2996 2328 esse
3048 2274 3303 2343 fatentur,
3350 2277 3476 2334 licet

1896 2357 2123 2414 diversis
2148 2359 2426 2416 erroribus
2454 2377 2641 2415 verum
2667 2362 2835 2417 Deum
2865 2379 3157 2433 agnoscere
3185 2367 3477 2437 impedian-

1898 2447 2003 2501 tur.
2041 2446 2192 2513 Quod
2222 2464 2351 2503 vero
2383 2449 2434 2503 in
2464 2439 2694 2504 Psalmis
2720 2450 2917 2522 legitur
2943 2471 2955 2505 :
2990 2453 3164 2511 Notus
3200 2458 3253 2512 in
3281 2457 3476 2514 Judaa

1896 2540 2099 2591 tantum
2138 2530 2280 2592 Deus
2318 2533 2508 2609 (Psal.
2542 2556 2681 2594 Lxxv
2705 2580 2719 2605 ,
2748 2541 2852 2612 2),
2891 2544 3016 2613 quia
3057 2546 3295 2617 legitimo
3329 2551 3475 2606 cultu

1899 2628 2267 2681 tantummon
2294 2624 2461 2681 Deum
2488 2644 2672 2683 verum
2700 2643 3066 2702 cognoverunt
3093 2645 3149 2690 et
3172 2638 3472 2694 coluerunt:

1897 2716 1952 2771 in
1991 2717 2094 2772 hoc
2125 2722 2254 2773 vero
2292 2719 2433 2788 quad
2471 2713 2633 2774 Pater
2659 2730 2742 2775 est
2773 2709 2971 2778 Christi
3010 2739 3107 2795 per
3137 2742 3297 2797 quem
3339 2713 3475 2787 tollit

1896 2819 2115 2879 peccata
2138 2849 2153 2875 ,
2186 2810 2426 2881 ignotum
2455 2809 2552 2864 fuit
2578 2821 2866 2882 antequam
2892 2827 3128 2873 venisset
3150 2818 3394 2877 Christus
3423 2824 3477 2878 in

1897 2902 2152 2957 mundum
2178 2920 2191 2967 ;
2225 2903 2326 2957 nisi
2356 2904 2558 2958 tantmn
2584 2889 2776 2974 quibus
2802 2904 2941 2963 Deus
2964 2924 3061 2981 per
3081 2911 3327 2982 spiritum
3354 2929 3478 2984 pro-

1895 2993 2092 3063 phethe
2121 2993 2379 3048 revelavit
2409 2994 2511 3050 hoc
2540 2988 2855 3067 mysterium
2884 3015 3138 3072 magnum
3166 3013 3221 3059 et
3248 3004 3478 3060 abscon-

1900 3085 2099 3150 ditum,
2132 3085 2274 3155 quod
2303 3095 2424 3156 post
2454 3089 2740 3168 alventum
2770 3091 2885 3162 ejus
2920 3094 2973 3147 in
3009 3095 3304 3162 mundum,
3334 3111 3473 3168 pra:-

1901 3174 2137 3230 dieatum
2167 3184 2250 3231 est
2282 3177 2556 3247 gentibus,
2588 3181 2851 3236 creditum
2886 3190 2970 3237 est
3006 3184 3057 3238 in
3096 3184 3197 3241 hoc
3233 3188 3465 3251 tinnula,-

1901 3274 2231 3334 assumptum
2256 3274 2341 3321 est
2368 3267 2421 3321 in
2450 3267 2639 3340 gloria.
2671 3269 2822 3336 Quod
2867 3287 2993 3328 vero
3037 3273 3274 3330 addidit:
3326 3277 3469 3343 Quos

1900 3356 2090 3411 dedisti
2116 3357 2242 3412 milii
2258 3399 2273 3424 ,
2301 3358 2404 3415 hoc
2426 3370 2508 3415 est
2526 3401 2541 3426 ,
2575 3360 2715 3431 quod
2743 3362 2901 3432 paulo
2926 3375 3051 3421 ante
3081 3367 3215 3423 dixit
3243 3386 3258 3421 :
3303 3369 3471 3425 Nemo

1898 3459 2061 3520 potest
2100 3451 2269 3505 venire
2304 3451 2373 3506 ad
2405 3470 2519 3519 me,
2564 3454 2665 3509 nisi
2709 3452 2889 3523 Pater,
2921 3458 3009 3530 qui
3049 3459 3186 3514 misit
3229 3476 3342 3522 me,
3390 3472 3475 3514 at-

1901 3542 2121 3596 traxerit
2156 3559 2292 3598 eum.
2328 3542 2470 3609 Quos
2499 3545 2689 3601 dedisti
2719 3547 2845 3602 milii
2877 3548 2940 3602 de
2967 3551 3159 3604 mundo
3182 3590 3198 3614 ,
3225 3550 3329 3606 ltoc
3355 3562 3474 3613 cst,

1900 3632 2095 3704 quibus
2118 3647 2215 3704 per
2241 3634 2698 3705 regenerationem
2724 3636 2825 3690 bac
2852 3637 3127 3705 praestitit,
3155 3653 3261 3692 non
3285 3639 3479 3710 quibus

1901 3731 2093 3777 natura
2118 3738 2217 3793 per
2242 3722 2574 3778 nativitatem
2597 3724 2841 3779 contulit.
2867 3724 3004 3793 Quid
3030 3735 3115 3782 cst
3136 3729 3279 3799 quod
3305 3732 3477 3801 sequi-

1902 3823 2025 3869 tur:
2071 3813 2169 3868 Tui
2206 3824 2389 3880 erant,
2426 3825 2475 3869 et
2514 3816 2641 3870 milii
2674 3833 2761 3872 eos
2797 3818 3035 3875 dedisti?
3061 3820 3118 3876 In
3147 3822 3481 3888 humanitate

1901 3904 2041 3958 hanc
2074 3912 2394 3972 potestatem
2432 3920 2490 3960 se
2519 3908 2790 3978 accepisse
2828 3925 2857 3963 a
2896 3910 3056 3966 Patre
3090 3913 3253 3980 dicit,
3291 3925 3349 3970 ut
3384 3931 3481 3973 eos

1901 3995 2127 4050 haberet
2153 4011 2290 4066 quos
2318 3996 2476 4052 Pater
2504 3997 2664 4070 elegit
2692 4008 2749 4054 et
2774 4002 3172 4071 praedestinavit
3198 4014 3325 4060 ante
3350 4022 3479 4062 con-

1900 4086 2234 4142 stitutioncm
2271 4089 2492 4155 mundi;
2530 4106 2636 4146 non
2671 4091 2842 4148 soluat
2878 4092 3058 4159 Pater,
3090 4095 3184 4151 sed
3218 4105 3275 4151 ct
3310 4097 3480 4153 Filius

1900 4186 1957 4233 et
1985 4170 2217 4249 Spiritus
2251 4190 2501 4246 sanctus,
2532 4190 2592 4237 ut
2617 4183 2687 4238 sit
2712 4200 2876 4240 unum
2904 4201 3040 4259 opus
3067 4197 3268 4244 sanctze
3296 4188 3477 4248 Trini-

1903 4268 2030 4324 tatis
2070 4270 2445 4340 inscparabilis
2472 4280 2526 4327 et
2553 4275 2861 4331 omnimodo
2886 4278 3125 4347 mqualis.
3168 4278 3363 4335 Pereat
3392 4280 3479 4335 hic

1901 4359 2133 4415 carnalis
2156 4362 2432 4431 cogitatio.
2463 4363 2539 4418 De
2564 4366 2764 4421 mundo
2791 4368 2893 4422 sibi
2918 4383 2947 4420 a
2972 4367 3132 4423 Patre
3158 4369 3288 4424 dicit
3313 4369 3482 4424 Filius

1900 4452 2053 4509 datos
2089 4470 2206 4510 esse
2238 4446 2512 4519 homines,
2542 4457 2736 4527 quibus
2765 4459 2871 4514 alio
2898 4459 3016 4515 loco
3045 4460 3174 4516 dicit
3199 4478 3210 4514 :
3249 4460 3364 4531 Ego
3393 4478 3478 4516 ros

1900 4543 1964 4598 de
1990 4546 2183 4600 arundo
2208 4545 2338 4617 elegi
2370 4546 2569 4617 (Joan.
2603 4565 2692 4615 xv,
2722 4550 2787 4605 i9
2805 4549 2845 4622 ).
2883 4550 3029 4618 Quos
3058 4551 3125 4606 de
3153 4553 3354 4607 mundo
3381 4554 3476 4607 Dei

1898 4635 2069 4690 Filius
2103 4637 2265 4707 elegit
2299 4653 2421 4692 eum
2453 4638 2648 4705 Patre,
2680 4641 2821 4696 idem
2861 4642 2976 4712 ipse
3004 4643 3166 4698 homo
3204 4642 3374 4700 Filius
3414 4645 3482 4701 de

1903 4732 2103 4785 mundo
2141 4747 2235 4788 eos
2271 4736 2482 4804 accepit
2522 4751 2553 4790 a
2589 4736 2770 4792 Patre.
2804 4757 2822 4788 ι
2853 4737 3142 4809 Sequitur:
3178 4738 3245 4795 Et
3279 4756 3479 4794 sermo-

1903 4838 2017 4876 nem
2068 4831 2215 4877 tuum
2269 4836 2596 4880 servaverunt
2627 4844 2645 4881 :
2698 4845 2833 4882 nune
2880 4839 3225 4900 cognoverunt
3252 4870 3266 4894 ,
3316 4830 3483 4899 613

1901 4912 2025 4982 quia
2062 4914 2236 4968 omnia
2278 4932 2394 4985 qua:
2438 4916 2626 4971 dedisti
2667 4918 2827 4983 mihi,
2869 4919 2960 4973 abs
2999 4929 3047 4974 te
3086 4930 3226 4974 sunt.
3268 4919 3325 4975 ld
3364 4928 3479 4985 est,

1903 5012 2299 5072 cognoverunt,
2332 5021 2450 5074 qua:
2480 5007 2575 5062 abs
2608 5016 2657 5062 te
2685 5017 2809 5064 sunt
2838 5007 3011 5080 [Aug.
3033 5051 3048 5076 ,
3076 5019 3442 5081 cognoverunt
3461 5050 3477 5075 ,

1904 5092 2027 5161 quia
2050 5094 2144 5148 abs
2170 5103 2218 5149 te
2238 5094 2400 5167 sum].
2428 5096 2595 5152 Simul
2615 5098 2757 5153 enim
2781 5097 2939 5155 Pater
2958 5101 3105 5156 dedit
3127 5102 3304 5156 omnia
3319 5142 3333 5164 ,
3356 5117 3479 5156 cum

1905 5183 2089 5251 genuit
2112 5181 2282 5256 [eum]
2310 5187 2399 5254 qui
2429 5188 2652 5244 haberet
2671 5192 2853 5245 omnia
2883 5208 2897 5256 ;
2929 5212 2947 5244 ι
2975 5192 3118 5247 sicut
3137 5193 3190 5246 in
3210 5191 3481 5261 prioribus

1903 5272 2061 5342 hujus
2082 5271 2357 5344 Evangelii
2382 5276 2495 5347 ipse
2516 5277 2773 5334 Dominus
2798 5281 2958 5336 dicit:
2987 5280 3134 5336 Sicut
3155 5283 3293 5336 enim
3315 5280 3478 5335 Pater

1904 5360 2054 5412 habet
2075 5364 2231 5414 vitam
2252 5363 2306 5417 in
2327 5365 2616 5434 semetipso,
2632 5369 2707 5421 sic
2722 5368 2866 5423 dedit
2884 5380 2931 5423 et
2952 5368 3092 5424 Filio
3114 5371 3269 5426 vitam
3290 5370 3480 5426 habere

1904 5450 1955 5503 in
1979 5451 2272 5521 semetipso,
2298 5453 2347 5507 id
2370 5462 2480 5519 est,
2504 5457 2687 5526 genuit
2708 5457 2898 5514 Filium
2921 5461 3087 5515 vitam
3112 5460 3397 5516 habentem
3421 5460 3481 5517 in

1904 5559 2118 5640 quando
2139 5576 2235 5640 nos
2254 5564 2310 5640 in
2332 5563 2466 5632 ipso,
2489 5572 2548 5617 ut
2574 5568 2812 5623 membra
2835 5569 2952 5639 ejus
2970 5585 3229 5635 essemus,
3249 5570 3433 5640 elegit;
3450 5589 3474 5626 ι

1978 5628 2004 5668 ιι
2044 5628 2119 5682 Ex
2151 5628 2204 5684 S.
2239 5628 2397 5702 Augi,
2430 5642 2584 5689 tract.
2616 5651 2733 5707 cvi,
2767 5628 2912 5694 ιιιιιῑι.
2952 5641 3000 5704 1,
3028 5640 3078 5703 2,
3112 5640 3166 5708 ι,
3194 5628 3246 5709 5",
3278 5640 3330 5698 6a
