3992 6184
534 282 637 335 965

1376 281 1435 334 Β.
1474 280 1534 335 F.
1575 280 1800 335 ALBlNl
1834 279 1965 334 SE13
2005 280 2276 335 ALCUNI
2316 274 2595 336 OPERL‘M
2631 278 2808 333 PARS
2845 279 2905 333 ll.

3666 287 3801 339 96$

528 391 836 462 semetipso.
867 401 884 439 ι
916 389 1053 454 Quia
1085 391 1232 444 verba
1261 406 1378 461 qua:
1406 391 1596 444 dediin
1634 392 1794 455 mihi,
1832 390 1951 444 dedi
1988 391 2095 455 eis,
2125 400 2172 454 Α
2272 391 2433 445 Vsus.
2472 390 2557 443 ll.
2592 419 2663 429 -—
2696 389 2764 442 Et
2783 389 2930 457 jam,
2961 389 3160 458 inquit,
3190 407 3292 445 non
3323 400 3437 446 sum
3465 393 3523 447 in
3551 397 3799 462 mundo,

527 493 577 538 et
604 483 701 553 ipsi
726 489 1061 549 acceperunt,
1094 480 1145 533 id
1170 489 1283 544 est,
1314 479 1692 534 intellexerunt
1717 491 1879 550 atque
1910 488 2095 535 tenue-

529 579 669 627 runt.
687 570 839 624 Tunc
853 570 996 624 enim
1014 569 1236 625 verbum
1254 571 1534 640 accipitur,
1553 572 1767 640 quando
1785 578 1963 625 mente
1976 584 2096 639 per-

526 663 722 732 cipitur
735 668 790 714 et
802 668 1034 724 tenetur,
1049 674 1117 714 ne
1131 661 1399 715 oblivione
1420 668 1624 729 pereat.
1641 660 1708 713 Et
1724 668 2090 731 cognoverunt,

525 751 730 819 inquit,
754 765 868 803 vere
895 750 1017 819 quia
1048 766 1079 802 a
1109 758 1157 802 te
1181 751 1348 814 exivi,
1372 759 1421 803 et
1442 749 1772 803 crediderunt
1793 750 1917 820 quia
1939 757 1994 801 tu
2014 764 2095 802 me

523 843 730 897 misisti.
771 842 839 896 Et
874 842 963 896 hic
997 841 1422 897 subaudiendum
1453 849 1569 906 est,
1601 858 1731 895 vere.
1766 840 1919 906 Quod
1946 840 2091 894 enim

524 931 688 995 dixit,
712 940 1056 1001 cognoverunt
1086 946 1219 995 vere,
1244 939 1515 1000 esponere
1534 929 1704 982 voluit
1725 927 2091 998 adjungendo;

522 1031 570 1075 et
611 1021 955 1074 crediderunt.
999 1018 1113 1075 [loc
1152 1021 1334 1088 itaque
1374 1018 1717 1074 crediderunt
1755 1034 1917 1085 vere,
1950 1018 2093 1088 quod

522 1115 885 1179 cognoverunt
908 1121 1068 1161 vere:
1096 1108 1150 1162 id
1174 1110 1318 1162 enim
1345 1116 1460 1173 εει,
1490 1125 1522 1162 a
1550 1116 1599 1162 te
1626 1111 1760 1162 exivi
1778 1149 1792 1174 ,
1819 1109 1961 1178 quod
1986 1118 2089 1173 est,

522 1208 580 1251 tu
610 1214 690 1252 me
718 1196 925 1250 misisti.
968 1193 1075 1251 Sed
1104 1205 1280 1251 tamen
1309 1196 1483 1251 adhuc
1519 1210 1625 1250 non
1656 1203 1812 1250 erant
1848 1195 2092 1265 discipuli

523 1287 687 1351 tales,
717 1285 904 1356 quales
930 1300 1024 1339 eos
1050 1286 1182 1340 dicit
1209 1282 1417 1340 futuros
1446 1296 1563 1341 esse
1582 1326 1596 1352 ,
1628 1286 1806 1341 verbis
1833 1287 2092 1357 prazteriti

522 1376 779 1446 temporis
804 1390 960 1431 usus:
987 1377 1140 1445 quasi
1162 1377 1273 1447 jam
1299 1384 1508 1442 csSeut,
1533 1379 1886 1446 pronuntians
1909 1378 2093 1447 quales

519 1466 686 1522 futuri
723 1475 935 1532 essent,
978 1476 1203 1539 accepto
1238 1467 1445 1523 scilicet
1479 1467 1682 1538 Spiritu
1730 1477 1949 1534 sancto,
1998 1470 2091 1539 qui

519 1574 644 1623 eos,
688 1558 826 1613 sicut
862 1558 1186 1626 promissum
1228 1566 1341 1623 est,
1384 1558 1604 1613 doceret
1642 1559 1820 1613 omnia
1848 1568 1898 1613 et
1933 1560 2089 1613 indu-

517 1656 665 1703 ceret
686 1662 780 1702 eus
804 1648 857 1701 in
884 1662 1099 1702 omnem
1123 1648 1426 1702 veritatem.
1456 1649 1612 1703 Dedit
1636 1650 1715 1705 eis
1740 1651 1921 1713 verba,
1950 1651 2090 1705 sicut

2193 489 2241 534 et
2268 480 2321 533 hi
2348 479 2401 533 in
2428 478 2623 532 mundo
2651 487 2791 531 sunt.
2820 477 3104 547 Significat
3132 481 3321 534 horam
3352 482 3404 535 in
3434 497 3541 553 qua
3572 485 3793 539 transi-

2192 575 2350 622 turus
2382 573 2503 622 erat
2533 581 2600 621 ex
2639 566 2742 621 hoc
2777 567 3006 632 mundo,
3038 575 3094 621 et
3129 570 3295 623 Verbo
3320 572 3605 639 praesentis
3633 582 3791 627 tem-

2192 658 2339 728 poris
2374 664 2505 711 usus
2540 655 2624 711 eat
2649 670 2750 725 pro
2788 655 2998 719 futuro,
3032 657 3159 726 quia
3201 659 3307 713 cito
3339 669 3459 714 erat
3489 660 3737 718 futurum
3756 710 3782 735 λ.

2192 746 2347 816 quasi
2368 742 2569 800 factum
2600 749 2747 799 esset
2768 745 2920 800 dixit.
2950 742 3109 813 Quod
3144 756 3323 802 autem
3347 751 3426 803 ait
3448 769 3461 803 :
3484 750 3553 804 Et
3574 753 3631 805 Ιιὶ
3649 764 3784 808 sunt

2188 835 2245 888 in
2275 833 2499 900 mundo,
2530 833 2797 904 signiﬁcat
2832 835 2975 889 enim
3014 844 3109 891 eos
3147 837 3217 891 ad
3258 852 3395 906 quos
3430 839 3777 909 loquebatur,

2192 916 2399 978 tardius
2425 924 2658 978 transire
2685 935 2751 978 ex
2780 924 2886 979 hoc
2913 927 3142 992 mundo,
3173 927 3300 982 dum
3329 928 3420 983 illo
3448 928 3676 986 abeunte
3704 949 3775 987 ex

2190 1014 2297 1068 hoc
2331 1013 2530 1068 mundo
2562 1022 2784 1069 necesse
2814 1023 2993 1082 esset,
3034 1025 3095 1072 ut
3131 1018 3205 1072 illi
3256 1030 3634 1089 remanerent,
3668 1040 3777 1094 per

2192 1106 2327 1173 quos
2368 1104 2752 1174 pnedicaretur
2787 1118 2981 1162 nomen
3019 1107 3136 1176 ejus
3169 1118 3413 1166 Sanctum
3452 1112 3510 1167 in
3544 1118 3774 1174 mundo.

2188 1184 2601 1265 Prmvidensque
2629 1196 2757 1265 quid
2782 1208 2876 1252 eos
2901 1212 3118 1254 movere
3150 1210 3361 1270 posset,
3391 1205 3483 1274 qui
3514 1207 3777 1263 audirent

2191 1283 2305 1339 huic
2331 1281 2448 1353 qua:
2476 1285 2746 1356 legerent,
2777 1282 2974 1358 adjecit
3000 1305 3014 1342 :
3048 1278 3204 1344 Nam:
3232 1298 3405 1347 autem
3429 1296 3501 1365 ad
3524 1306 3575 1350 te
3600 1301 3773 1353 venio;

2189 1373 2530 1429 Ascensionis
2554 1375 2780 1446 gloriam
2809 1378 3082 1450 designat,
3109 1395 3208 1451 per
3231 1397 3392 1452 quam
3416 1384 3662 1442 elevatus
3690 1401 3778 1444 est

2190 1463 2353 1518 hom‘o
2379 1478 2540 1533 super
2566 1464 2903 1521 altitudinem
2929 1469 3187 1525 cmlorum
3206 1512 3220 1536 ,
3252 1476 3306 1526 et
3333 1476 3579 1530 omnium
3607 1492 3777 1550 auge»

2188 1550 2416 1607 licarum
2439 1562 2767 1624 potestatum
2798 1557 3115 1627 dignitates,
3146 1561 3218 1615 ita
3245 1571 3305 1617 ut
3332 1565 3385 1618 in
3413 1565 3644 1623 dextera
3677 1570 3775 1626 Del

2188 1638 2367 1697 Patris
2393 1637 2748 1699 collocaretur
2776 1663 2788 1697 :
2820 1642 3265 1719 commendatque
3294 1667 3387 1707 eos
3417 1652 3604 1721 Patri,
3636 1674 3777 1728 quos

517 1737 685 1802 dixit,
719 1752 839 1806 qua,
866 1736 1013 1792 dedit
1040 1737 1089 1791 ei
1117 1735 1316 1792 pater;
1349 1739 1443 1793 sed
1470 1739 1685 1808 quando
1711 1739 1799 1793 ina
1826 1755 1930 1794 ηοη
1957 1738 2090 1795 foris
2123 1729 2165 1789 Β
2192 1725 2457 1799 corporali
2480 1730 2721 1787 absentia
2748 1733 3033 1790 relicturus
3053 1746 3138 1792 est
3158 1739 3552 1797 dicenszPater
3565 1725 3773 1812 salicta,

516 1826 571 1880 in
603 1827 848 1891 auribus,
880 1825 973 1880 sed
1000 1826 1144 1880 intus
1172 1826 1227 1879 in
1256 1827 1506 1882 cordibus
1532 1828 1846 1896 spiritaliter
1872 1840 2089 1897 accepe-

516 1922 642 1971 ruut
658 1956 673 1981 ,
700 1924 828 1970 tunc
851 1930 979 1970 vere
1005 1923 1360 1985 acceperunt;
1383 1916 1509 1985 quia
1534 1925 1662 1971 tunc
1679 1920 1805 1973 tere
1828 1926 2092 1989 cognove-

512 2016 672 2073 runt;
710 2022 838 2063 vcre
871 2016 1051 2062 autem
1089 2016 1453 2079 cognoverunt
1475 2048 1491 2075 ,
1526 2010 1651 2079 quia
1685 2024 1810 2065 vere
1844 2010 2089 2066 credide-

513 2107 689 2153 runt.»
719 2098 827 2153 Sed
856 2099 972 2154 haec
998 2099 1185 2163 verba,
1213 2114 1333 2169 quae
1360 2100 1491 2155 dicit
1516 2091 1685 2156 Filius
1713 2102 1814 2157 sibi
1845 2103 2087 2168 dedisse,

515 2187 562 2240 si
601 2187 669 2241 ad
699 2187 996 2243 divinitatis
1034 2189 1291 2242 unitatem
1332 2190 1646 2260 intelligitur
1682 2192 1950 2262 pertinere
1975 2232 1990 2257 ,
2026 2209 2090 2248 eo

513 2276 674 2332 modo
707 2278 853 2332 dedit
883 2279 1045 2334 verba
1094 2276 1258 2333 Pater
1304 2278 1460 2347 Filio,
1497 2296 1604 2351 quo
1637 2284 1822 2354 genuit
1855 2285 2089 2340 Verbum

510 2376 838 2423 comternum
870 2369 991 2425 sibi.
1025 2364 1082 2425 Si
1126 2385 1253 2426 vero
1295 2372 1362 2426 ad
1406 2374 1796 2430 humanitatem
1838 2377 2086 2447 reSpicit,

515 2461 639 2530 quis
662 2461 911 2532 intelligit
933 2464 1201 2531 quomodo
1230 2460 1500 2528 dedisset,
1528 2464 1611 2518 vlt]
1643 2466 1909 2535 quomodo
1937 2482 2088 2522 acce-

508 2548 677 2616 pisset
714 2549 857 2604 Deus
897 2551 1058 2605 homo
1095 2542 1267 2608 iactus
1306 2566 1372 2607 ex
1411 2554 1650 2624 virgine,
1682 2557 1893 2626 quando
1923 2558 2085 2612 etiam

507 2641 679 2710 ipsam
698 2684 712 2707 ,
743 2659 861 2714 qua:
890 2640 956 2699 de
983 2646 1187 2718 virgine
1215 2648 1353 2702 facta
1383 2657 1500 2715 est,
1532 2653 1931 2721 generationem
1961 2654 2084 2726 quis

513 2733 831 2789 enarrabili
862 2734 1115 2805 Sequitur
1138 2756 1151 2790 :

582 2823 745 2879 Vens.
790 2824 841 2879 9.
882 2856 953 2865 —
981 2825 1094 2896 Eg'o
1132 2841 1225 2897 pro
1261 2844 1335 2881 ets
1383 2835 1540 2899 rogo,
1598 2838 1700 2885 twit
1745 2849 1840 2902 pro
1888 2818 2081 2888 utumio

513 2929 669 2986 rogo,
698 2917 788 2970 sed
816 2933 910 2988 pro
938 2918 1039 2983 Itis,
1068 2934 1196 2989 quos
1227 2919 1417 2974 dedisti
1448 2923 1592 2977 milii.
1625 2923 1749 2979 ilzec
1775 2926 1918 2979 Enim
1948 2926 2082 2980 dixit

506 3008 647 3063 inter
674 3009 775 3062 alia
795 3050 809 3073 ,
839 3010 963 3064 dum
990 3018 1171 3065 oraret
1200 3025 1299 3080 pro
1326 3012 1405 3067 eis
1426 3053 1440 3078 ,
1471 3019 1607 3084 quos
1632 3015 1777 3070 dedit
1816 3017 1863 3071 ei
1894 3002 2074 3072 Pater.

513 3116 530 3147 ι
565 3110 590 3137 α
624 3096 878 3154 blandum
906 3100 1023 3154 vult
1051 3102 1209 3157 modo
1240 3102 1500 3175 intelligi,
1536 3107 1626 3176 qui
1663 3108 1851 3163 vivunt
1889 3124 2079 3165 secun-

504 3190 629 3244 dum
655 3192 1142 3262 concupiscentiam
1166 3194 1381 3261 mundi,
1405 3204 1460 3251 et
1484 3213 1589 3252 non
1614 3207 1739 3253 sunt
1760 3200 1815 3253 in
1842 3214 1906 3255 ea
1932 3212 2079 3258 sorte

504 3282 689 3352 gratiae
714 3290 774 3337 ut
795 3284 862 3339 ab
886 3283 976 3339 illo
1000 3283 1268 3355 eligantur
1290 3301 1357 3341 ex
1383 3264 1601 3343 mundo.
1630 3288 1745 3345 Non
1771 3291 1953 3364 itaque
1978 3311 2078 3365 pro

504 3372 726 3438 mundo,
746 3373 840 3428 sed
864 3374 962 3443 pro
983 3373 1064 3429 eis
1088 3390 1223 3442 quos
1240 3375 1401 3453 Pater
1420 3378 1596 3444 dedit,
1618 3382 1807 3451 rogare
1831 3398 1890 3438 sc
1910 3385 2072 3441 dicit:

498 3475 597 3530 per
624 3461 726 3517 hoc
753 3462 896 3516 enim
925 3461 1067 3532 quod
1093 3476 1187 3519 eos
1215 3464 1288 3518 illi
1318 3464 1481 3521 Pater
1505 3461 1618 3538 jam
1655 3470 1831 3536 dedit,
1866 3464 2069 3531 laetum

498 3557 584 3604 est
611 3556 669 3604 ut
695 3564 800 3605 non
827 3551 1135 3622 pertineant
1162 3553 1230 3608 ad
1253 3568 1377 3608 eum
1403 3556 1658 3611 mundum
1678 3598 1692 3624 ,
1718 3560 1816 3628 pro
1840 3576 1946 3631 quo
1968 3562 2073 3620 nun

499 3647 673 3709 rogat.
702 3640 903 3696 Deinde
930 3640 1203 3713 Subiungit
1228 3661 1241 3696 :
1272 3639 1410 3708 Quia
1444 3644 1521 3698 tui
1554 3652 1694 3701 sum.
1720 3647 1905 3722 Neque
1930 3655 2074 3708 enim

499 3729 625 3796 quia
665 3729 826 3784 Pater
864 3742 959 3784 eos
998 3730 1135 3786 Filio
1173 3732 1348 3800 dedit,
1377 3735 1561 3792 amisit
1589 3738 1702 3808 ipse
1727 3757 1862 3812 quos
1892 3743 2069 3812 dedit,

498 3831 619 3870 cum
649 3818 826 3874 adhuc
871 3818 1042 3876 Filius
1067 3820 1326 3893 sequatur
1352 3836 1416 3881 ac
1441 3827 1622 3884 dicat:
1659 3829 1842 3903 (Vsus.
1880 3833 1967 3907 l0)
2001 3835 2071 3891 Et

499 3926 614 3965 mea
657 3913 831 3968 omnia
872 3920 965 3967 tua
1002 3924 1154 3982 sunt,
1187 3926 1234 3971 et
1262 3928 1356 3972 tua
1384 3934 1518 3975 mea.
1557 3921 1653 3977 Ubi
1684 3926 1818 3981 satis
1846 3936 2073 3998 apparet

498 4003 765 4072 quomodo
791 4002 1046 4075 unigeniti
1072 4004 1194 4061 Filii
1221 4007 1329 4063 sint
1354 4011 1533 4066 omnia
1559 4024 1678 4083 qua:
1703 4022 1827 4077 sunt
1849 4010 2065 4084 Patris;

494 4103 589 4165 per
617 4099 719 4153 hoc
746 4100 934 4168 utique
962 4100 1104 4169 quod
1132 4102 1297 4156 etiam
1326 4103 1438 4173 ipse
1467 4103 1609 4160 Deus
1636 4114 1751 4172 est,
1783 4113 1838 4162 et
1875 4108 1942 4163 de
1968 4107 2068 4163 Pa-

486 4556 608 4604 eum
637 4546 710 4604 sit
736 4550 831 4606 Dei
856 4550 1032 4607 Patris
1050 4594 1064 4620 ,
1094 4569 1200 4609 non
1225 4556 1383 4611 simul
1409 4567 1551 4614 esset
1571 4567 1626 4615 et
1649 4559 1801 4628 Filii,
1833 4563 1933 4619 nisi
1962 4557 2063 4621 Pa-

487 4632 556 4692 tri
598 4637 767 4694 Filius
806 4648 949 4696 esset
987 4643 1225 4713 aequalis.
1267 4644 1375 4701 Nec
1418 4647 1499 4703 fas
1537 4658 1622 4705 est
1657 4661 1718 4707 ut
1755 4655 1955 4722 sancti,
1995 4656 2061 4712 de

485 4728 680 4797 quibus
706 4729 820 4785 haec
847 4730 1056 4788 locutus
1083 4740 1197 4800 est,
1226 4735 1543 4807 cujusquam
1584 4741 1722 4807 sint,
1754 4743 1856 4799 nisi
1887 4746 2001 4816 ejus
2029 4762 2059 4800 a

484 4831 590 4884 quo
618 4819 787 4874 creati
815 4826 871 4875 et
898 4821 1187 4878 santillcati
1213 4832 1356 4879 sunt.
1395 4825 1536 4898 Ergo
1571 4844 1692 4884 cum
1720 4839 1776 4886 et
1801 4831 1978 4890 Patris
2003 4843 2060 4890 et

483 4905 604 4994 Filii
630 4916 774 4973 sunt,
804 4910 1040 4979 :equales
1063 4926 1183 4967 esse
1201 4911 1593 4982 demonstrant,
1624 4933 1854 4990 quorum
1878 4937 2058 4994 aequa-

482 4983 607 5053 liter
623 4998 766 5055 sunt.
790 5015 808 5053 ι
834 5001 905 5055 Et
929 5003 1250 5074 clariﬁcatus
1272 5024 1389 5063 sum
1405 5030 1421 5077 ,
1448 4983 1659 5081 inquit:
1670 5015 1727 5068 in
1746 5015 1839 5071 eis.
1866 5020 1885 5069 ἀ
1904 4983 2056 5078 Nunc

480 5092 633 5143 Luam
668 5089 1106 5148 clariﬁcationem
1144 5101 1401 5167 tanquam
1439 5097 1580 5155 facta
1620 5102 1689 5157 sit
1725 5104 1883 5172 dicit,-
1928 5119 2053 5164 cum

479 5179 657 5237 adhuc
680 5188 824 5238 esset
850 5181 1050 5240 futura.
1082 5203 1102 5237 ι
1131 5183 1469 5258 Clariﬁcatus
1496 5208 1613 5248 sum
1640 5195 1695 5250 in
1722 5197 1830 5264 eis,
1859 5198 1911 5254 id
1938 5209 2050 5267 est,

477 5272 579 5340 per
618 5285 806 5328 eorum
845 5273 1284 5344 pmdieationem
1327 5278 1653 5341 clariﬁcatus
1693 5301 1812 5343 sum
1847 5290 1900 5345 in
1940 5298 2051 5346 toto

478 5359 700 5416 tuundo.
729 5361 799 5418 Et
825 5363 950 5434 quia
975 5365 1412 5436 praedestinatum
1440 5379 1524 5429 est
1547 5382 1607 5429 ut
1627 5373 1779 5431 iteret
1797 5417 1812 5443 ,
1841 5387 2048 5434 certum

477 5448 646 5505 voluit
677 5467 797 5509 esse
829 5454 972 5524 quod
1004 5452 1245 5512 futurum
1278 5468 1414 5514 erat.
1454 5461 1578 5517 ideo
1613 5467 1870 5533 prmteriti
1908 5475 2045 5523 tem-

477 5535 623 5604 poris
646 5542 812 5600 verbo
834 5559 965 5600 usus
993 5553 1093 5601 est.

548 5653 575 5690 ⁸
610 5650 689 5706 Ex
720 5653 777 5710 8.
803 5656 965 5728 Aug,
995 5666 1152 5714 tract.
1184 5675 1322 5727 cvu,
1355 5679 1502 5719 num.
1538 5633 1608 5719 -
1633 5669 1683 5721 3.

2188 1832 2336 1875 serva
2370 1839 2458 1877 eos
2484 1824 2540 1876 in
2570 1825 2776 1878 nomine
2805 1833 2923 1889 tuo,
2954 1842 3082 1896 quos
3108 1829 3298 1883 dedisti
3334 1833 3480 1888 mihi.
3514 1853 3533 1884 σ
3564 1834 3776 1909 Nempe

2189 1911 2331 1967 sicut
2356 1913 2518 1968 homo
2547 1910 2716 1969 Deum
2749 1924 2898 1986 rogat
2927 1932 3024 1987 pro
3053 1918 3329 1990 discipulis
3358 1924 3472 1979 suis
3500 1942 3645 1996 quos
3672 1945 3771 1985 ac-

2190 2002 2333 2073 cepit
2358 2017 2390 2059 a
2416 2001 2543 2059 Deo.
2572 2004 2799 2063 Atta-nde
2828 2007 2953 2078 quid
2984 2010 3263 2083 sequitur:
3298 2010 3364 2067 Ut
3391 2016 3526 2083 sint,
3558 2018 3768 2090 inquit,

2189 2104 2352 2149 unum
2371 2136 2386 2161 ,
2412 2096 2545 2150 sicut
2572 2092 2621 2150 et
2650 2091 2761 2152 tios.
2794 2094 2908 2154 Non
2938 2102 3043 2166 ait;
3070 2100 3235 2175 619
3259 2113 3317 2159 ut
3344 2106 3629 2165 nobiscum
3657 2114 3767 2166 sint

2189 2199 2354 2239 unum
2381 2201 2395 2253 ;
2428 2194 2522 2241 aut
2560 2196 2619 2241 ut
2657 2189 2825 2245 simus
2865 2204 3030 2245 unum
3061 2193 3161 2263 ipsi
3191 2204 3244 2249 et
3268 2210 3397 2262 nos,
3428 2199 3573 2254 sicut
3602 2218 3765 2255 unum

2189 2282 2373 2332 Sumus
2400 2293 2497 2333 nos
2522 2296 2536 2344 ;
2570 2280 2664 2335 sed
2691 2281 2798 2345 ait,
2828 2291 2884 2335 ut
2914 2282 3017 2337 sint
3047 2288 3208 2338 unum
3234 2288 3369 2341 sicut
3396 2298 3443 2342 et
3482 2308 3579 2345 uos
3606 2310 3625 2357 ;
3663 2295 3763 2365 ipsi

2185 2366 2373 2436 utique
2404 2367 2455 2421 in
2487 2376 2677 2423 natura
2709 2385 2803 2425 sua
2833 2372 2941 2426 sint
2975 2384 3175 2440 unum,
3205 2376 3344 2431 sicut
3369 2386 3422 2433 et
3450 2396 3548 2435 nos
3579 2384 3634 2436 in
3664 2400 3761 2438 no-

2186 2463 2297 2514 Stra
2325 2472 2490 2513 unum
2520 2474 2725 2517 sumus.
2756 2461 2907 2530 Quod
2947 2467 3134 2534 procul
3175 2468 3335 2523 dubio
3376 2486 3482 2525 nou
3517 2473 3760 2541 diceret,

2184 2550 2289 2605 nisi
2327 2553 2619 2605 secundum
2649 2553 2750 2607 hoc
2780 2554 3013 2621 diceret,
3045 2558 3186 2627 Quod
3224 2559 3393 2616 Filius
3421 2564 3651 2634 aequalis
3677 2576 3760 2623 est

2183 2640 2328 2695 Patri
2352 2681 2368 2708 ,
2410 2642 2549 2697 sicut
2588 2644 2640 2697 lu
2681 2641 2786 2701 alio
2824 2646 2941 2701 loco
2978 2649 3147 2704 dicit:
3178 2650 3290 2721 Ego
3315 2644 3363 2706 et
3398 2651 3566 2710 Pater
3599 2666 3757 2713 unum

2180 2730 2360 2785 sumus
2397 2731 2590 2802 (Joan.
2621 2749 2685 2799 χ,
2714 2734 2814 2809 30)
2839 2754 2853 2803 ;
2886 2753 2991 2792 nou
3022 2741 3313 2795 Secundum
3344 2743 3397 2797 id
3424 2748 3570 2815 quod
3601 2740 3757 2805 homd

2180 2828 2303 2873 est:
2338 2818 2460 2875 nam
2491 2827 2783 2879 secundum
2814 2827 2915 2881 hoc
2944 2828 3078 2883 dixit
3106 2844 3121 2883 :
3152 2827 3315 2886 Pater
3352 2836 3527 2905 major
3565 2852 3646 2893 nte
3681 2830 3756 2896 est

2180 2908 2374 2981 (Joan.
2406 2926 2528 2978 xlv,
2558 2913 2698 2985 28);
2744 2917 2836 2971 sed
2879 2918 3131 2987 quoniam
3172 2937 3278 2975 una
3314 2926 3612 2996 eademque
3638 2946 3759 2999 per-

2178 3014 2311 3054 sona
2339 3010 2423 3056 est
2451 3002 2592 3058 Deus
2618 3012 2674 3059 et
2702 3005 2860 3060 homo
2879 3047 2893 3070 ,
2926 3008 3270 3079 intelligimus
3298 3012 3573 3071 hominem
3607 3019 3662 3073 in
3691 3016 3756 3076 eo

2179 3091 2323 3181 quod
2361 3088 2552 3163 rogat:
2599 3095 2943 3168 intelligimus
2982 3108 3164 3155 autem
3204 3102 3373 3158 Deum
3414 3107 3468 3161 in
3507 3118 3574 3162 eo
3613 3114 3756 3181 quod

2177 3172 2343 3234 unum
2383 3185 2542 3250 Sunt,
2587 3192 2645 3239 et
2683 3185 2795 3254 ipse
2834 3195 2890 3242 et
2923 3188 3012 3244 ille
3048 3190 3205 3260 quem
3237 3203 3413 3262 rogat.
3446 3172 3709 3269 Sequitur
3738 3223 3751 3257 :

2179 3268 2365 3340 (Vens.
2417 3269 2506 3343 12)
2535 3272 2668 3327 Cum
2693 3288 2854 3353 essent
2881 3294 2998 3333 cum
3021 3281 3116 3345 eis,
3154 3290 3246 3353 e‘go
3275 3268 3549 3341 servabant
3571 3307 3658 3344 eos
3701 3294 3755 3346 iit

2178 3361 2387 3414 nomine
2435 3370 2545 3416 tuo.
2587 3362 2698 3429 Me,
2740 3352 2947 3436 inquit,
2982 3352 3229 3426 veniente
3267 3374 3335 3429 ad
3383 3384 3623 3434 te-serva
3659 3396 3757 3437 ms

2176 3449 2231 3505 in
2259 3452 2473 3508 nomine
2505 3460 2627 3521 tuo;
2659 3457 2713 3512 in
2741 3459 2847 3528 quo
2874 3463 2998 3527 eos,
3031 3464 3243 3532 quando
3280 3481 3404 3522 cum
3444 3470 3525 3525 eis
3565 3487 3750 3540 eram;

2173 3549 2228 3596 et
2255 3543 2366 3611 ipse
2392 3548 2692 3602 servabam.
2736 3549 2792 3604 ln
2834 3552 3049 3607 nomine
3088 3553 3265 3610 Patris
3302 3560 3555 3616 servabat
3593 3564 3755 3619 disci-

2172 3633 2328 3704 pulos
2356 3649 2482 3690 suos
2507 3636 2676 3694 Filius
2702 3639 2938 3697 hominis
2966 3643 3018 3697 in
3050 3644 3282 3700 humana
3309 3653 3594 3718 prmsentia
3623 3670 3752 3711 con-

2174 3722 2392 3778 stitutus
2423 3742 2436 3777 :
2470 3727 2563 3780 sed
2594 3729 2756 3782 etiam
2791 3728 2954 3784 Pater
2985 3732 3037 3786 in
3069 3734 3289 3790 nomine
3315 3733 3433 3791 Filii
3462 3741 3752 3810 servabat,

2173 3826 2308 3884 quos
2332 3815 2385 3871 in
2411 3818 2626 3874 nomine
2652 3818 2773 3875 Filii
2800 3830 3042 3892 petentes
3066 3826 3396 3882 exaudiebat.
3424 3825 3517 3883 His
3540 3833 3754 3903 quippe

2158 3901 2313 3957 idem
2344 3903 2512 3961 Filius
2540 3907 2754 3963 dixerat
2778 3924 2793 3962 :
2821 3911 3014 3980 Amen,
3042 3933 3193 3973 amen
3215 3910 3331 3975 dico
3356 3920 3509 3988 vobis,
3537 3924 3584 3978 si
3610 3901 3750 3996 quid

2169 3994 2423 4062 petieritis
2453 3992 2666 4051 Patrem
2694 3999 2748 4052 in
2786 4003 2992 4057 nomine
3027 4022 3172 4073 meo,
3198 4009 3342 4064 dabit
3371 4010 3507 4068 vobis
3536 3992 3742 4087 (locri.

2171 4095 2293 4149 xvt,
2323 4083 2393 4139 23
2415 4084 2454 4156 ).
2500 4085 2673 4141 Simul
2708 4090 2851 4145 enim
2892 4108 2990 4149 nos
3025 4099 3333 4155 custodiunt
3356 4083 3619 4170 Pater,vet
3646 4107 3742 4162 Fi-

2162 4537 2355 4624 parare
2399 4545 2649 4594 nataram
2692 4535 2886 4614 [Aug.,
2915 4550 3209 4624 naturas];
3236 4573 3256 4605 ι
3285 4552 3411 4611 licet
3446 4556 3620 4613 ablata
3662 4561 3739 4617 ab

2161 4623 2244 4679 eis
2268 4628 2535 4696 corporali
2561 4633 2849 4700 praesentia
2876 4635 3017 4691 Filii.
3049 4623 3454 4715 Sednunquam
3478 4649 3738 4718 spiritalis

2161 4716 2405 4771 custodia
2445 4719 2659 4785 deerat,
2691 4722 2758 4777 de
2799 4739 2903 4795 qua
2946 4727 3116 4784 dicit:
3164 4731 3299 4788 Ecce
3336 4752 3429 4808 ego
3471 4716 3735 4795 vobiscum

2160 4892 2371 4968 (Matth.
2401 4914 2607 4967 xxvm,
2631 4899 2745 4973 20).
2777 4902 2919 4968 Quas
2945 4906 3136 4963 dedisti
3165 4912 3326 4979 mihi,
3357 4914 3649 4983 custodiv';
3675 4931 3732 4972 et

2154 5002 2304 5042 nemo
2333 5004 2398 5043 ea:
2427 4989 2510 5045 his
2551 4992 2734 5062 periit,
2770 4996 2873 5049 nisi
2910 4996 3058 5066 ﬁlius
3099 5000 3439 5073 perditionis,
3481 5017 3537 5061 ut
3586 5006 3731 5066 Scri-

2152 5085 2308 5146 ptura
2335 5078 2630 5150 impleatur.
2661 5099 2681 5132 ‹
2712 5078 2881 5139 Filius
2923 5088 3239 5155 perditionis
3284 5093 3460 5151 dictus
3501 5099 3731 5156 traditor

2153 5162 2352 5222 Christi
2373 5208 2387 5231 ,
2415 5169 2482 5224 de
2507 5162 2614 5243 quo
2642 5171 2696 5227 in
2721 5172 2929 5244 psalmo
2955 5180 3250 5237 centesimo
3273 5194 3466 5243 octavo
3491 5189 3732 5248 maxime

2149 5259 2519 5328 prophetatur.
2552 5260 2572 5331 (
2594 5263 2753 5319 Vsus.
2784 5265 2914 5337 l5.)
2942 5266 3099 5322 Nunc
3138 5280 3311 5327 autem
3335 5275 3408 5329 ad
3441 5286 3495 5332 te
3535 5281 3685 5333 uenio
3707 5325 3721 5344 ,

2149 5358 2199 5402 et
2231 5349 2343 5404 [uec
2378 5349 2563 5423 loquor
2597 5353 2654 5407 in
2690 5357 2912 5419 mundo,
2944 5369 3001 5412 ut
3022 5359 3246 5435 habeant
3269 5365 3523 5434 gaudium
3553 5382 3726 5423 meum

2147 5437 2413 5508 impletum
2441 5440 2496 5492 in
2520 5442 2824 5513 semetipsis.
2859 5464 2877 5498 ι
2906 5447 3044 5504 Ecce
3070 5450 3122 5505 iu
3152 5454 3351 5510 mundo
3379 5454 3527 5529 loqui
3555 5474 3614 5514 se
3636 5459 3726 5515 di-

2147 5528 2252 5594 cit,
2280 5528 2368 5596 qui
2398 5530 2553 5599 paulo
2578 5542 2703 5588 ante
2728 5536 2936 5592 dixerat
2965 5557 2977 5593 :
3007 5539 3130 5595 lam
3156 5560 3259 5599 non
3282 5556 3396 5600 sum
3422 5547 3478 5602 in
3503 5549 3719 5605 mundo.
