3992 6184
318 267 424 324 965

1133 251 1540 308 EXEGETICA.
1583 280 1655 290 --
1690 249 2042 306 COMMENT.
2086 249 2151 303 IN
2187 245 2376 302 JOAN.
2412 277 2482 287 -—
2520 247 2644 300 LIB.
2690 245 2797 300 VII.

3472 243 3576 301 966

318 381 462 451 Ergo
490 384 546 432 et
570 374 698 446 quia
742 384 847 425 non
884 377 1076 423 natura
1120 366 1232 420 ibat
1272 362 1472 433 [Aug.,
1500 360 1626 429 quia
1657 360 1891 413 [tendum
1921 369 1971 426 Α
1996 358 2279 421 mundum,
2310 367 2357 411 et
2395 373 2488 426 ego
2519 356 2637 409 misi
2666 371 2752 408 eos
2800 356 2854 409 in
2899 356 3171 409 mundum.
3223 355 3368 423 Quos
3394 357 3574 421 misit,

319 450 607 539 abierat],
638 464 727 519 hic
751 461 928 515 adhuc
952 465 1110 521 erat;
1137 463 1195 509 et
1231 452 1358 523 quia
1400 450 1577 505 fuerat
1619 450 1892 514 abiturus,

319 567 411 624 hic
439 556 836 633 quodammodo
860 553 971 623 jam
1002 563 1109 605 non
1138 555 1275 602 erat.
1317 544 1455 611 Quid
1484 544 1556 598 sit
1582 551 1761 596 autem
1794 541 1900 596 hoc

316 654 612 729 gaudium,
658 649 725 703 de
763 659 870 714 quo
910 643 1023 697 ait:
1057 639 1121 693 Ut
1161 637 1385 692 habeant
1428 633 1681 705 gaudium
1727 644 1898 684 meum

316 728 591 818 impletum
616 741 674 794 in
703 735 1010 805 semetipsis,
1034 732 1145 803 jam
1173 728 1418 799 superius
1446 729 1899 818 expressum-cst,

325 811 462 912 [ubi
488 830 604 904 ait]
646 838 701 883 ut
744 828 847 881 sint
891 839 1056 877 unum
1099 822 1232 875 sicut
1271 827 1318 871 et
1360 832 1472 870 nos.
1507 814 1618 869 [Ioc
1649 811 1900 882 gaudium

322 907 520 991 suum,
553 925 608 979 id
636 928 720 977 est
758 936 790 974 a
828 934 887 974 se
924 917 978 971 in
1006 931 1100 970 eos
1128 912 1417 973 collatum,
1448 912 1501 965 in
1532 910 1613 965 eis
1637 908 1770 963 dicit
1798 907 1901 961 im-

325 1019 582 1093 plendum
604 1056 619 1081 ,
645 1018 867 1083 propter
890 1006 1034 1078 quod
1061 1006 1300 1060 locutum
1330 1015 1388 1057 se
1415 1000 1552 1055 dixit
1589 1000 1640 1053 in
1680 998 1900 1053 mundo.

330 1092 457 1166 asc
484 1116 569 1163 est
593 1121 700 1176 pax
729 1104 819 1159 illa
847 1110 900 1157 et
926 1099 1204 1155 beatitudo
1235 1098 1288 1152 in
1318 1095 1501 1150 futuro
1526 1092 1742 1157 smculo,
1772 1105 1901 1160 pro-

327 1209 450 1270 pter
475 1213 639 1269 quam
669 1191 1100 1262 consequendam
1130 1193 1514 1257 temperanter,
1552 1192 1608 1238 et
1642 1183 1784 1254 juste
1806 1220 1819 1242 .
1852 1190 1907 1235 et

328 1291 416 1361 pie
443 1286 731 1342 vivendum
756 1293 841 1340 est
867 1284 921 1337 in
950 1283 1051 1337 hoc
1080 1279 1295 1336 szeculo.
1321 1298 1340 1331 ι
1662 1356 1665 1363 1

404 1380 567 1433 Vens.
602 1377 689 1431 I4.
714 1405 785 1416 ——
811 1374 1062 1444 Loquens
1085 1373 1259 1427 adhuc
1284 1370 1541 1424 Dominus
1566 1367 1634 1421 ad
1653 1365 1903 1431 Patrem,

330 1478 388 1525 et
421 1483 584 1524 orans
617 1482 719 1537 pro
747 1464 1024 1536 discipulis
1052 1462 1163 1517 suis
1188 1479 1201 1515 :
1233 1460 1346 1530 Ego
1371 1459 1491 1513 dedi
1519 1458 1593 1525 eis
1621 1472 1907 1512 sermonem

332 1571 523 1626 tuum;
552 1560 607 1615 in
643 1556 915 1628 prioribus
956 1551 1257 1624 expositum
1296 1559 1398 1606 est.
1447 1549 1513 1603 Et
1559 1548 1783 1603 mundus
1823 1564 1907 1601 eos

335 1651 457 1704 odio
486 1649 687 1702 habuit.
728 1647 1009 1716 Signiﬁcat
1034 1642 1314 1714 passiones
1339 1654 1474 1709 quas
1501 1638 1556 1693 in
1586 1638 1786 1692 mundo
1815 1638 1908 1691 ha-

2001 452 2103 506 nisi
2132 450 2401 520 apostolos
2429 450 2598 505 suos?
2636 448 2767 502 Nam
2796 457 2851 502 et
2886 449 3058 518 ipsum
3088 462 3282 504 nomen
3312 448 3580 519 apostolo-

2003 550 2153 607 rum,
2185 542 2328 612 quod
2357 540 2602 596 Graecum
2631 548 2742 603 est,
2772 538 2902 593 nihil
2942 538 3044 592 nisi
3084 539 3270 593 missos
3311 540 3581 609 signiﬁcat

2003 636 2054 691 in
2095 635 2312 689 Latino.
2389 633 2533 686 Misit
2562 646 2692 701 ergo
2721 630 2977 684 Dominus
3009 628 3153 701 [Al.,
3182 628 3358 702 Deus]
3385 630 3578 686 Filium

2001 739 2157 779 suum
2199 723 2403 793 absque
2449 730 2670 791 peccato
2714 727 3029 788 conceptum
3074 726 3129 773 et
3177 728 3401 786 natum;
3435 723 3582 778 misit

2002 828 2131 884 ergo
2169 813 2339 866 Filius
2377 812 2665 880 discipulos
2703 824 2829 863 suos
2870 823 3004 877 quos
3045 808 3157 879 ipse
3186 812 3541 866 sanctiﬁcavit
3565 854 3580 876 ,

2004 907 2088 962 vel
2130 924 2226 978 per
2264 907 2519 977 baptismi
2562 913 2999 971 sacramentum;
3042 904 3126 961 vel
3172 922 3269 976 per
3308 904 3585 972 sanguinis

2004 999 2086 1052 sui
2134 998 2588 1067 redemptionem,
2629 1004 2690 1049 ut
2726 997 3084 1065 prtedicarent
3111 999 3310 1051 mundo
3340 996 3581 1050 sanctiﬁ-

2005 1088 2269 1143 cationem
2297 1095 2351 1141 et
2380 1085 2704 1140 ablutionem
2734 1086 3210 1153 remissionemque
3240 1095 3583 1153 peccatorum

2005 1195 2243 1235 suorum.
2287 1179 2437 1233 Unde
2474 1186 2528 1230 et
2566 1178 2830 1248 su‘jecit:
2874 1178 3077 1247 (Vens.
3132 1176 3237 1248 l9)
3278 1176 3345 1229 Et
3380 1193 3472 1246 pro
3511 1178 3585 1230 eis

2005 1286 2098 1339 ego
2136 1269 2404 1338 sancti/ica
2434 1268 2705 1338 nteipsum.
2749 1267 2805 1322 Id
2847 1276 2962 1331 cst,
2997 1268 3048 1322 in
3077 1283 3142 1322 eo
3171 1268 3295 1338 quia
3329 1280 3434 1321 non
3461 1267 3583 1321 veni

2008 1359 2184 1414 facere
2209 1359 2539 1413 voluntatem
2568 1374 2743 1412 meam
2767 1396 2781 1422 ,
2812 1359 2904 1413 sed
2943 1357 3272 1413 voluntatem
3313 1358 3429 1428 ejus
3449 1398 3462 1423 ,
3493 1360 3583 1427 qui

2007 1454 2150 1507 misit
2179 1467 2265 1507 me
2291 1451 2485 1506 Patris.
2520 1450 2885 1505 Sanctiﬁcatio
2913 1450 3147 1505 ﬁdelium
3173 1459 3255 1505 est
3282 1450 3583 1504 obedientia

2007 1545 2163 1609 Filii,
2195 1545 2283 1614 qui
2325 1543 2579 1597 obcdiens
2607 1541 2753 1596 Patri
2793 1552 2953 1614 usque
2982 1542 3050 1595 ad
3080 1551 3299 1596 mortem
3318 1582 3331 1605 ,
3367 1552 3585 1594 mortem

2009 1646 2181 1691 autem
2216 1635 2384 1689 crucis
2411 1648 2429 1685 :
2466 1643 2674 1705 prapter
2707 1634 2845 1704 quod
2881 1643 2929 1688 et
2966 1633 3106 1687 Deus
3139 1632 3387 1686 exultavit
3435 1631 3583 1685 illum

332 1703 498 1798 bituri
537 1748 695 1797 erant
731 1756 763 1794 a
790 1703 1258 1809 persecutoribus,
1291 1703 1428 1803 quos
1466 1730 1557 1785 hic
1594 1728 1778 1784 mundi
1808 1743 1905 1782 no-
1944 1703 1980 1759 Ρ
2011 1727 2031 1799 (
2051 1724 2243 1796 Philip.
2268 1742 2340 1789 ιι,
2367 1725 2429 1790 8,
2455 1703 2542 1795 il).
2563 1703 2726 1790 Quod?
2750 1740 2877 1779 vero
2901 1725 3013 1778 ait:
3050 1723 3115 1778 Ut
3145 1725 3243 1779 sint
3266 1725 3436 1795 et-ipsi
3461 1741 3584 1778 san-

334 1837 480 1891 mine
508 1835 860 1890 demonstrat.
881 1828 1084 1884 Deinde
1112 1840 1331 1882 causam
1359 1822 1669 1892 subjiciens,
1696 1836 1794 1876 cur
1818 1828 1911 1874 eos

333 1926 513 1981 oderit
537 1924 803 1987 mundus,
854 1919 979 1989 quia
1008 1935 1112 1973 non
1148 1926 1300 1980 sunt,
1343 1915 1545 1984 inquit,
1588 1913 1651 1967 de
1691 1906 1907 1971 mundo,

334 2018 471 2070 sicut
498 2024 545 2068 et
574 2030 663 2084 ego
692 2029 795 2066 non
822 2026 939 2064 sum
965 2008 1029 2062 de
1052 2002 1267 2062 mundo.
1301 2004 1409 2059 Sed
1437 2004 1596 2058 aliter
1621 2001 1727 2066 illi,
1757 1999 1913 2055 aliter

332 2122 455 2179 ego.
486 2105 566 2159 llli
595 2100 1032 2174 regeneratione,
1071 2112 1172 2168 ego
1210 2094 1573 2167 generatione.
1617 2091 1699 2146 Illi
1738 2104 1904 2161 egue-

338 2206 467 2252 runt
492 2195 724 2250 secunda
752 2192 1034 2247 nativitate
1054 2230 1068 2255 ,
1101 2189 1227 2259 quia
1255 2187 1308 2241 in
1336 2185 1577 2256 peccatis
1606 2183 1716 2238 nati
1749 2188 1908 2237 sunt:

337 2304 440 2359 ego
467 2288 591 2358 quia
618 2286 734 2340 sine
760 2291 985 2353 peccato
1013 2288 1171 2335 natus
1199 2293 1317 2333 sum
1337 2317 1352 2343 ,
1381 2292 1489 2331 non
1527 2274 1650 2345 εδειιί
1692 2287 1915 2344 regene-

343 2378 568 2432 ratione.
596 2374 860 2429 Donatum
893 2378 976 2426 est
1000 2384 1129 2438 ergo
1157 2368 1237 2421 eis
1264 2375 1326 2420 ut
1353 2366 1418 2420 de
1445 2364 1644 2419 mundo
1686 2375 1791 2415 non
1829 2374 1916 2414 es-

341 2474 499 2532 sent;
529 2479 628 2535 ego
655 2476 787 2516 vero
826 2473 1102 2528 nunquam
1141 2455 1213 2510 fui
1255 2456 1321 2510 de
1360 2452 1592 2517 mundo,
1625 2450 1749 2520 quia
1778 2463 1915 2502 mm-

342 2570 504 2625 quam
530 2555 581 2607 in
608 2559 849 2623 peccato.
876 2566 896 2599 ‹
924 2560 948 2587 α
977 2547 1093 2616 Ipse
1123 2552 1302 2599 autem
1329 2542 1394 2596 de
1415 2540 1614 2595 mundo
1640 2549 1916 2606 nunquam

344 2646 443 2700 I'uit
465 2677 479 2710 -,
504 2644 627 2713 quia
652 2644 813 2697 etiam
840 2636 1131 2694 secundum
1161 2635 1390 2689 formam
1417 2632 1586 2695 servi,
1616 2631 1683 2685 de
1712 2629 1916 2698 Spiritu

344 2742 531 2789 sancto
557 2742 716 2788 natus
743 2738 859 2796 est,
888 2729 955 2783 de
982 2741 1089 2796 quo
1117 2725 1191 2779 illi
1223 2722 1414 2779 renati.
1448 2720 1505 2776 Si
1534 2735 1662 2791 ergo
1690 2719 1766 2774 illi
1796 2719 1916 2773 ideo

344 2840 448 2880 non
487 2823 555 2878 de
591 2822 812 2886 mundo,
842 2820 967 2889 quia
1004 2816 1175 2872 renati
1211 2822 1338 2870 sunt
1369 2814 1436 2868 de
1463 2810 1665 2882 Spiritu
1699 2818 1913 2875 sancto,

341 2922 629 2986 pt'opterea
659 2911 747 2966 ille
774 2924 1046 2978 nunquam
1077 2907 1145 2962 de
1171 2905 1404 2969 mundo,
1434 2902 1525 2973 qui
1554 2910 1713 2956 natus
1737 2908 1822 2955 est
1851 2900 1916 2956 de

342 3005 549 3075 Spiritu
585 3011 791 3058 sancto.
826 3001 1011 3072 (Vsus.
1039 2997 1126 3061 t5,
1168 2995 1278 3066 16.)
1314 2993 1439 3049 Non
1464 3009 1608 3064 rogo,
1632 2992 1827 3062 inquit,
1859 2994 1914 3045 ut

344 3094 499 3148 tollas
522 3104 612 3146 eos
632 3093 695 3147 de
727 3091 920 3146 mundo
939 3129 953 3153 ,
981 3088 1070 3143 sed
1100 3096 1156 3141 ut
1186 3101 1354 3141 serves
1391 3101 1478 3139 eos
1505 3100 1570 3139 ea;
1593 3082 1733 3137 malo
1774 3080 1913 3153 [Με.

345 3203 377 3237 a
409 3181 604 3255 male].
652 3182 842 3236 Adhuc
884 3180 1027 3235 enim
1082 3176 1448 3232 necessarium
1489 3172 1624 3238 fuit,
1675 3172 1920 3242 quamvis

341 3277 450 3346 jam
483 3290 587 3328 non
616 3282 799 3328 essent
827 3270 893 3325 de
921 3268 1150 3333 mundo,
1182 3281 1302 3321 esse
1331 3273 1512 3319 tamen
1542 3264 1597 3318 in
1625 3262 1860 3325 mundo;
1893 3280 1911 3313 ι

348 3374 405 3421 ut
434 3365 770 3436 impleretur,
803 3362 945 3432 quod
974 3361 1176 3416 dictum
1213 3367 1301 3414 est
1326 3375 1361 3431 τη
1383 3356 1451 3410 In
1482 3371 1684 3410 omnem
1724 3364 1916 3408 terram

347 3459 501 3512 exivit
551 3472 711 3511 sonus
757 3469 967 3517 eorum,
1013 3461 1061 3506 et
1110 3452 1165 3505 in
1210 3450 1343 3519 ﬁnes
1387 3448 1526 3503 orbis
1571 3455 1723 3502 teme
1766 3445 1918 3500 verba

348 3565 526 3603 eorum
555 3545 736 3620 (Psal.
771 3561 935 3610 xvut,
963 3542 1052 3614 5).

420 3638 579 3693 Vens.
624 3636 708 3691 I7.
747 3665 820 3675 —
856 3632 1141 3703 Sanctiﬁca
1173 3648 1259 3687 eos
1289 3632 1344 3686 in
1373 3632 1607 3686 veritate.
1647 3627 1739 3684 Sic
1774 3628 1918 3683 enim

349 3736 633 3782 servantur
660 3742 725 3781 ex
758 3724 915 3789 malo,
948 3723 1092 3794 quod
1120 3722 1363 3793 superius
1392 3720 1569 3776 oravit
1591 3727 1651 3773 ut
1677 3718 1830 3773 ﬁeret
1852 3716 1921 3771 de

350 3817 491 3871 malo
527 3816 763 3888 perfidia:
801 3816 855 3869 in
884 3828 991 3883 quo
1021 3812 1216 3869 cecidit
1241 3810 1406 3866 Iudas
1435 3808 1695 3879 proditor.
1734 3824 1753 3857 ι
1784 3806 1920 3859 San-

349 3907 655 3961 ctiﬁcantur
682 3907 863 3972 itaque
888 3904 941 3957 in
970 3902 1198 3956 veritate
1225 3899 1463 3954 haeredes
1491 3895 1797 3950 testamenti
1825 3909 1921 3948 no-

349 4000 433 4062 vi,
476 3998 628 4066 cujus
673 3995 919 4050 veritatis
957 3993 1161 4048 umbrae
1206 3991 1422 4046 fuerunt
1465 3989 1922 4045 sanctiﬁcationes

352 4082 560 4145 Veteris
579 4084 935 4149 Testamenti;
959 4091 1156 4138 etcum
1173 4080 1575 4137 sanetiﬁcantur
1593 4081 1648 4134 in
1672 4081 1919 4146 veritate,

349 4181 535 4249 utique
562 4176 966 4235 sanctiﬁcantur
992 4176 1048 4230 in
1078 4173 1312 4237 Christo,
1345 4172 1435 4241 qui
1461 4172 1726 4226 veraciter
1753 4171 1917 4227 dixit:

348 4269 463 4340 Ego
489 4284 607 4323 sum
635 4268 748 4331 ria,
779 4275 827 4319 et
855 4266 1041 4320 ueritas
1060 4304 1074 4329 ,
1104 4272 1153 4317 et
1178 4263 1282 4316 vita
1308 4260 1504 4333 (Joan.
1541 4274 1628 4315 xvi
1648 4298 1663 4326 ,
1692 4258 1781 4332 6).
1822 4258 1918 4315 Ve-

347 4362 477 4415 ritas
517 4356 750 4412 liberabit
789 4371 892 4410 vos.
936 4354 1099 4410 Paulo
1137 4361 1262 4408 ante
1300 4365 1576 4422 exponens
1612 4349 1765 4406 Jesus
1795 4350 1921 4420 quid

348 4434 579 4516 dixerit,
609 4448 666 4505 Si
691 4465 776 4503 vos
801 4446 1022 4524 Filius,
1038 4445 1249 4515 inquit,
1281 4441 1522 4497 liberabit
1550 4440 1702 4512 [Al.,
1732 4440 1921 4494 libera-

347 4541 552 4615 verit],
602 4555 719 4597 uere
765 4536 915 4592 liberi
961 4536 1106 4592 eritis
1146 4533 1345 4607 (Joatt.
1377 4548 1510 4598 vui,
1541 4531 1643 4597 5%,
1673 4529 1820 4603 56):
1863 4537 1924 4585 ut

346 4634 656 4690 ostenderet
701 4631 805 4686 hoc
856 4642 915 4684 se
966 4628 1118 4698 prius
1167 4625 1367 4685 dixisse
1415 4623 1728 4687 veritatem,
1782 4621 1926 4692 quod

346 4722 683 4795 postmodum
722 4719 938 4773 Filium.
987 4716 1125 4784 Quid
1163 4729 1293 4784 ergo
1332 4713 1476 4769 aliud
1513 4721 1570 4769 et
1604 4713 1707 4768 hoc
1735 4710 1920 4784 [loco]

346 4813 515 4868 dixit:
542 4809 825 4880 Sancti/ica
847 4822 932 4863 eos
958 4808 1013 4862 in
1035 4807 1248 4861 veritate
1265 4846 1280 4871 ,
1307 4804 1410 4859 nisi
1440 4801 1716 4859 sanctiﬁca
1741 4815 1838 4857 eos
1863 4801 1919 4854 in

346 4905 474 4959 me?
521 4901 761 4971 Denique
808 4898 1073 4969 sequitur,
1111 4904 1169 4952 et
1207 4896 1309 4951 hoc
1367 4893 1607 4964 apertius
1646 4890 1920 4946 insinuare

347 5010 453 5048 non
483 4993 708 5057 desinit,
739 4988 920 5047 Sermo
945 4989 1103 5044 etiam
1145 4994 1295 5051 tuus,
1339 4984 1551 5054 inquit,
1591 4982 1783 5037 veritas
1820 4988 1918 5035 est.

346 5083 484 5151 Quid
513 5082 653 5137 aliud
676 5081 842 5152 620
864 5079 1032 5143 dixit,
1059 5089 1218 5145 quam
1245 5083 1344 5145 ego
1372 5073 1576 5127 veritas
1597 5069 1758 5125 sum?
1785 5068 1922 5124 San-

346 5172 549 5230 ctiﬁcat
589 5172 772 5241 itaque
809 5170 973 5225 Pater
1009 5170 1065 5224 in
1100 5167 1366 5231 veritate,
1408 5164 1463 5220 id
1497 5171 1617 5230 est,
1660 5162 1713 5217 in
1742 5160 1921 5217 Verbo

346 5280 478 5329 suo,
508 5262 562 5318 in
591 5261 863 5333 unigenito
891 5273 1009 5325 suo,
1038 5273 1165 5314 suos
1191 5256 1434 5313 hteredcs
1454 5293 1470 5321 ,
1499 5254 1721 5325 ejusque
1746 5251 1918 5307 cohae-

349 5356 524 5411 rczles.
581 5353 685 5411 Sed
713 5365 852 5407 nunc
906 5350 1081 5405 adhuc
1106 5348 1172 5403 de
1199 5348 1456 5419 apostolis
1492 5346 1750 5417 loquitur,
1793 5358 1917 5398 nam

347 5456 565 5503 secutus
599 5443 834 5513 adjmgit
879 5460 893 5495 :
929 5440 1129 5512 (Vens.
1167 5439 1266 5509 l8)
1320 5439 1466 5494 Sicut
1510 5456 1590 5493 me
1628 5438 1817 5493 misisti
1861 5436 1914 5488 in

421 5615 443 5640 ιι
486 5600 558 5652 Ex
591 5600 647 5653 S.
682 5599 839 5666 Aug.,
879 5603 1035 5652 tract.
1069 5609 1233 5660 cvm,
1265 5608 1407 5646 num.
1444 5593 1581 5650 1-4.

2011 1818 2223 1886 ctiﬁcuti
2249 1819 2303 1872 in
2330 1819 2559 1872 veritate.
2591 1817 2703 1872 I’Ioc
2730 1826 2811 1872 est
2830 1859 2844 1882 ,
2878 1819 2931 1872 in
2960 1819 3164 1887 me7pso
3190 1834 3204 1883 ;
3238 1818 3377 1872 sicut
3404 1826 3457 1871 et
3484 1832 3583 1889 ego

2011 1908 2375 1963 sanctiﬁcatus
2411 1922 2527 1963 sum
2559 1908 2612 1962 in
2639 1909 2815 1963 Verbo
2842 1908 2955 1962 Dei.
2987 1907 3053 1962 Ut
3082 1916 3128 1961 et
3157 1908 3253 1978 ipsi
3283 1910 3385 1962 sint
3414 1910 3467 1962 in
3498 1925 3579 1963 ve-

2013 2002 2180 2061 ritate,
2213 2016 2332 2070 qua:
2357 2008 2438 2054 est
2463 2001 2698 2054 Verbum
2729 2000 2821 2054 Dci
2840 2042 2854 2065 ,
2882 2001 3211 2069 sanctiﬁcati.
3240 2000 3375 2055 Nam
3404 2015 3586 2055 susce-

2010 2092 2123 2161 ptio
2152 2091 2497 2145 humanitatis
2525 2089 2856 2145 sanctiﬁcata
2885 2100 2967 2145 est
2995 2091 3046 2144 in
3088 2092 3293 2145 unitate
3337 2106 3580 2161 personae

2014 2179 2175 2237 Verbi
2201 2183 2295 2237 Dei
2319 2200 2334 2248 ;
2362 2191 2417 2237 et
2440 2183 2565 2252 quia
2589 2182 2676 2239 Ille
2698 2192 2857 2253 caput
2882 2192 2967 2237 est
2988 2184 3226 2239 omnium
3253 2193 3582 2250 sanctorum,

2012 2281 2067 2327 et
2093 2273 2170 2327 illi
2198 2274 2437 2328 membra
2456 2312 2470 2339 ,
2499 2283 2555 2328 et
2580 2272 2823 2329 membra
2849 2287 3062 2344 quoque
3087 2289 3183 2343 per
3221 2274 3413 2343 capitis
3455 2289 3584 2328 san-

2014 2358 2394 2419 ctiﬁcationern
2416 2365 2530 2419 sint
2560 2373 2746 2420 sancta
2786 2364 2841 2418 in
2882 2379 2946 2418 ea
2984 2364 3243 2429 veritate,
3286 2380 3390 2435 qua
3429 2372 3589 2433 caput

2014 2462 2098 2508 est
2119 2451 2509 2507 sanctiﬁcatum
2531 2471 2543 2505 ι
2571 2453 2688 2508 ideo
2713 2461 2765 2507 et
2796 2454 2848 2507 in
2879 2455 3228 2522 sequentibus
3252 2471 3356 2510 non
3379 2470 3477 2523 pro
3506 2454 3589 2509 his

2017 2549 2224 2596 tantum
2251 2555 2309 2596 se
2338 2557 2528 2613 rogare
2553 2541 2690 2596 dixit
2717 2543 2807 2611 qui
2838 2551 2964 2597 tunc
3001 2543 3264 2611 corporali
3303 2544 3589 2612 przcsentia

2016 2647 2138 2687 cum
2168 2647 2233 2687 eo
2262 2641 2454 2698 erant,
2486 2633 2577 2687 sed
2607 2634 2767 2687 etiam
2795 2649 2892 2703 pro
2928 2634 3177 2687 omnibus
3213 2633 3457 2688 ﬁdelibus
3493 2634 3587 2702 qui

2015 2736 2113 2792 per
2150 2736 2338 2776 eorum
2378 2723 2601 2777 verbum
2646 2722 2902 2778 credituri
2943 2730 3096 2776 erant
3133 2739 3229 2793 per
3269 2738 3380 2778 eos.
3420 2722 3589 2793 Igitur

2017 2827 2062 2866 St
2081 2812 2241 2883 bjecit
2261 2853 2277 2879 ,
2306 2820 2363 2867 et
2388 2814 2463 2867 ait
2489 2831 2501 2866 :

2087 2905 2249 2961 Vens.
2282 2905 2375 2959 20.
2404 2923 2477 2946 —‘—
2501 2905 2623 2961 Non
2648 2924 2741 2978 pro
2769 2907 2851 2961 his
2882 2911 3004 2976 fago
3028 2916 3251 2960 tantum.
3281 2924 3299 2955 ι
3329 2907 3357 2946 b
3383 2905 3439 2960 Id
3469 2916 3588 2973 est;

2016 3006 2116 3068 pro
2141 2995 2433 3065 discipulis,
2460 2997 2550 3066 qui
2576 3012 2699 3052 cum
2727 2997 2817 3051 illo
2842 3004 2970 3051 tunc
2995 3002 3166 3051 erant.
3198 2994 3301 3050 Sed
3324 3006 3370 3049 et
3396 3014 3490 3066 pro
3516 2997 3591 3050 eis

2018 3089 2108 3160 qui
2146 3087 2396 3141 credituri
2426 3097 2545 3140 sunt
2574 3104 2667 3157 per
2694 3087 2899 3141 verbum
2929 3103 3107 3140 eorum
3134 3087 3189 3139 in
3214 3103 3312 3139 me.
3346 3086 3447 3140 Ubi
3476 3101 3592 3139 om—

2018 3193 2116 3233 nes
2160 3192 2284 3233 suos
2328 3174 2550 3247 intelligi
2593 3175 2793 3242 voluit,
2839 3191 2946 3230 non
2989 3176 3161 3231 solum
3202 3191 3296 3231 eos
3332 3176 3422 3245 qui
3465 3183 3593 3230 tunc

2019 3276 2175 3323 erant
2202 3269 2257 3323 in
2282 3283 2465 3334 carne,
2493 3269 2586 3323 sed
2610 3268 2772 3323 etiam
2799 3268 2891 3338 qui
2920 3266 3086 3322 futuri
3116 3276 3290 3322 erant.
3321 3269 3593 3337 Quotquot

2019 3362 2162 3417 enim
2192 3370 2376 3432 postea
2404 3362 2748 3418 crediderunt
2787 3362 2837 3416 in
2876 3374 3029 3427 eum,
3071 3377 3170 3432 per
3207 3360 3430 3416 verbum
3472 3375 3591 3429 apo;

2020 3452 2277 3507 stolorum
2307 3452 2423 3508 sine
2451 3452 2613 3507 dubio
2648 3452 3027 3518 crediderunt,
3068 3459 3120 3508 et
3163 3452 3335 3507 donec
3372 3451 3551 3504 veniat
3576 3491 3590 3515 ,

2020 3544 2277 3599 credituri
2316 3550 2480 3599 sunt:
2525 3545 2656 3614 ipsis
2697 3544 2840 3597 enim
2871 3544 3126 3596 dixerat:
3158 3542 3224 3594 Et
3253 3557 3339 3595 vos
3365 3542 3593 3594 testimo-

2021 3637 2163 3689 nium
2201 3635 2511 3705 perhibetis,
2549 3634 2672 3703 quia
2712 3632 2775 3684 ab
2817 3632 2966 3685 initio
3005 3648 3204 3685 mecum
3244 3633 3365 3685 estis
3388 3672 3400 3693 ,
3430 3644 3475 3684 ct
3502 3647 3593 3702 per

2022 3741 2108 3779 eos
2146 3722 2486 3792 Evangelium
2523 3721 2872 3774 ministratum
2903 3729 2976 3777 est
3005 3720 3024 3794 (
3042 3721 3203 3776 Joan.
3237 3737 3333 3788 xv,
3360 3720 3468 3791 27)
3496 3761 3509 3785 ,
3540 3729 3594 3774 et

2020 3821 2309 3882 antequam
2349 3812 2711 3877 scriberetur;
2743 3820 2799 3866 et
2837 3814 3020 3883 utique
3053 3814 3299 3884 quisquis
3338 3814 3390 3867 in
3432 3811 3588 3868 Chri-

2022 3910 2161 3957 stum
2190 3902 2389 3967 credit,
2414 3917 2509 3971 per
2534 3901 2878 3971 Evangelium
2906 3904 3075 3957 credit
3101 3903 3286 3974 [Aug.,
3304 3903 3596 3973 Evange'io

2021 3990 2237 4063 credit].
2267 3990 2381 4045 Non
2410 3993 2590 4061 itaque
2617 3990 2783 4063 [Ms.,
2812 3991 3034 4064 utique]
3064 3993 3117 4046 bi
3149 4000 3353 4047 tantum
3400 3991 3595 4045 intelli-

2021 4082 2178 4151 gendi
2221 4091 2345 4137 sunt
2388 4096 2523 4151 quos
2562 4081 2639 4135 ait
2687 4082 2740 4135 in
2801 4097 2857 4136 se
2897 4082 3198 4138 credituros
3237 4095 3333 4152 per
3370 4084 3590 4135 verbum

2021 4188 2238 4239 eorum,
2270 4172 2384 4246 [qui
2414 4174 2554 4243 ipsos
2585 4189 2705 4228 cum
2748 4174 2803 4228 in
2844 4190 3005 4230 carne
3044 4175 3285 4231 viverent
3324 4173 3593 4244 apostolus

2023 4263 2339 4329 audierunt,
2368 4264 2462 4319 sed
2503 4273 2559 4319 et
2595 4274 2717 4335 post
2745 4265 2950 4320 obitum
2976 4262 3199 4336 eorum]
3226 4272 3280 4319 ct
3305 4279 3405 4319 nos
3434 4263 3589 4332 longe

1953 4379 1999 4438 υ
2024 4363 2143 4426 post
2172 4357 2314 4421 nati,-
2352 4367 2449 4425 per
2488 4358 2708 4411 verbum
2752 4372 2937 4409 eorum
2980 4355 3306 4409 credidimus
3344 4356 3396 4408 in
3438 4353 3588 4408 Chri-

2024 4455 2203 4503 stum:
2254 4449 2505 4519 quoniam
2556 4448 2652 4518 ipsi
2700 4449 2791 4517 qui
2842 4463 2961 4502 cum
3010 4448 3124 4516 ipso
3169 4456 3298 4502 tunc
3337 4446 3590 4510 fuerunt,

2022 4538 2165 4605 quod
2209 4538 2276 4591 ab
2329 4530 2419 4591 illo
2462 4545 2785 4606 acceperunt
2827 4538 3036 4592 caneris
3080 4538 3527 4607 prtedicavcrunt.
3567 4556 3584 4587 ι

2020 4626 2207 4695 Itaque
2249 4632 2349 4695 per
2384 4626 2605 4681 verbum
2648 4640 2836 4681 eorum
2874 4625 3075 4682 factum
3102 4635 3186 4683 est
3213 4636 3274 4683 ut
3299 4629 3460 4682 etiam
3494 4643 3590 4682 nos

2021 4714 2397 4781 crederemus,
2428 4716 2538 4770 imo
2564 4723 2619 4771 et
2644 4731 2831 4771 omnes
2855 4733 3025 4787 usque
3067 4718 3119 4772 in
3164 4720 3323 4773 tinem
3365 4720 3590 4787 mundi,

2022 4806 2326 4877 ubicunque
2351 4806 2589 4862 Ecclesia
2620 4806 2818 4863 Christi
2849 4810 2988 4874 erit,
3030 4824 3127 4879 per
3166 4812 3330 4865 verba
3371 4820 3587 4881 aposto-

2018 4893 2138 4950 lica:
2158 4897 2550 4965 prtedicationis
2576 4899 2830 4953 credituri
2855 4908 3032 4955 erunt.
3066 4900 3357 4971 Sequitur:
3393 4906 3411 4974 (
3427 4904 3591 4960 Vens;

2022 4983 2113 5056 2|)
2145 4983 2214 5039 Ut
2242 5002 2415 5041 omnes
2442 5003 2605 5041 unum
2635 4990 2757 5044 sint.
2790 4990 2965 5046 Unum
3014 4992 3068 5047 in
3098 4994 3396 5060 cbaritate,
3427 5011 3588 5050 unum

2024 5076 2077 5129 in
2109 5074 2243 5142 ﬁde,
2269 5092 2436 5131 unum
2466 5076 2521 5132 in
2550 5093 2681 5148 pace
2704 5097 2719 5146 ;
2746 5080 2872 5150 quia
2901 5082 2954 5135 in
2984 5098 3148 5137 unum
3175 5098 3399 5152 regnum
3428 5084 3591 5140 futuri

2025 5171 2171 5219 sunt.
2223 5164 2372 5221 Licet
2421 5167 2475 5220 in
2522 5182 2587 5223 eo
2630 5184 2794 5240 regno
2835 5172 3141 5228 mansiones
3182 5173 3407 5229 diversa:
3450 5175 3592 5241 sint,

2024 5261 2246 5325 propter
2271 5255 2461 5310 merita
2501 5265 2810 5313 sanctorum
2848 5258 3102 5316 diversa:
3144 5270 3323 5318 tamen
3364 5262 3593 5334 quicun-

2024 5360 2130 5415 que
2159 5345 2211 5399 in
2239 5360 2305 5401 eo
2343 5362 2511 5417 regno
2549 5349 2687 5414 erit,
2728 5351 2917 5406 beatus
2955 5354 3095 5419 erit,
3135 5362 3190 5408 et
3226 5355 3451 5412 suﬁicict
3490 5358 3591 5413 sibi

2022 5436 2167 5506 quod
2194 5437 2442 5493 habuerit
2463 5479 2477 5504 ,
2508 5446 2562 5492 et
2590 5439 2643 5493 in
2671 5454 2735 5494 eo
2765 5442 2959 5511 gaudet
2983 5444 3124 5510 quod
3150 5446 3405 5513 possidet.
3445 5445 3591 5502 S'cul

2101 5592 2125 5632 δ
2159 5590 2233 5646 Ex
2267 5589 2323 5645 S.
2354 5590 2516 5664 Aug.,
2546 5599 2703 5647 tract.
2735 5608 2854 5661 cxx,
2886 5609 3031 5649 num.
3066 5596 3115 5649 l.
