3992 6184
430 189 529 243 957

1275 181 1337 234 Β.
1379 181 1438 234 F.
1484 179 1701 233 All}le
1743 178 1869 232 SEL'
1910 177 2179 234 ALCHNI
2219 181 2497 238 OPERUM
2537 180 2712 234 PARS
2748 179 2804 235 ιι.

3555 185 3682 239 968

428 313 476 355 ct
503 308 558 353 tu
587 296 745 353 Pater
773 298 827 351 in
856 313 934 350 me
952 337 966 360 ,
997 306 1043 349 et
1072 311 1165 364 ego
1192 294 1245 346 in
1270 303 1337 346 te.
1373 291 1594 363 Hocest
1613 331 1626 353 ,
1659 288 1798 358 quod
1843 287 1999 357 paulo
2029 291 2071 346 Α
2101 288 2214 362 25.)
2239 290 2402 346 Pater
2419 293 2580 362 iuste,
2610 294 2830 347 mundus
2858 302 2907 346 te
2931 310 3033 347 non
3059 296 3312 364 cognorit.
3340 296 3476 360 Qui:
3491 294 3687 364 justas

429 401 553 446 ante
577 390 712 447 dixit
735 404 749 441 :
780 386 888 457 Ego
915 387 968 440 in
1000 382 1160 438 Patre
1183 425 1197 448 ,
1224 393 1271 454 et
1305 379 1465 435 Pater
1489 381 1542 435 in
1568 396 1667 433 me.
1699 376 1831 432 Nam
1858 387 2001 451 totus

429 478 589 534 Pater
615 478 668 532 in
690 476 826 531 Filio
851 483 954 540 est,
982 483 1035 531 et
1064 472 1206 546 totus
1231 471 1397 525 Filius
1421 471 1473 525 in
1498 469 1692 524 Patre:
1720 476 1775 523 et
1798 463 1890 536 Qui
1916 466 2001 521 Fi-

426 572 556 625 lium
586 569 779 631 habet,
805 568 967 621 habet
996 575 1050 620 et
1076 565 1287 619 Patrem
1315 580 1330 628 ;
1358 571 1411 618 et
1436 562 1525 631 qui
1555 561 1769 614 Patrem
1799 557 2000 628 habet,

428 662 592 716 habet
617 666 671 713 et
698 657 911 711 Filium.
946 652 1098 711 Uade
1126 654 1351 724 subjecit
1384 671 1396 706 :
1442 651 1507 705 Ut
1538 661 1588 703 et
1627 650 1724 720 ipsi
1763 649 1816 703 in
1857 648 2001 702 nobis

428 764 589 802 unum
618 747 741 801 sint.
766 745 822 800 ld
849 755 932 800 est
949 786 963 809 ,
990 760 1094 799 una
1120 744 1381 798 charitate
1407 758 1504 797 nos
1528 742 1752 810 diligant
1769 781 1783 802 ,
1812 748 1868 794 ct
1895 755 1998 793 una

427 838 534 895 ﬁde
566 854 665 894 nos
703 837 955 902 credant,
988 845 1042 891 et
1070 836 1123 890 in
1155 851 1260 888 una
1291 849 1385 903 spe
1415 833 1466 886 in
1498 832 1651 886 nobis
1691 832 1997 895 confidant;

428 938 488 984 ut
531 930 606 984 sit
643 929 821 983 unitas
862 928 1103 998 corporis
1145 927 1198 979 in
1240 926 1447 994 capite,
1492 931 1548 977 ct
1586 923 1655 976 sit
1695 938 1833 976 unus
1862 922 2001 977 Deus

428 1021 608 1077 omnia
639 1020 693 1074 in
720 1018 987 1072 omnibus.
1018 1017 1119 1083 Qui
1148 1016 1291 1071 enim
1333 1023 1454 1069 orat
1494 1028 1588 1082 pro
1628 1013 1818 1078 nobis,
1859 1029 2002 1069 mor-

431 1122 552 1167 tuus
583 1118 666 1166 est
693 1124 792 1180 pro
822 1111 975 1163 nol-.is
994 1150 1009 1172 ,
1040 1117 1093 1163 et
1121 1109 1255 1162 vivit
1281 1122 1378 1176 pro
1407 1107 1559 1161 nobis
1580 1147 1594 1171 ,
1624 1115 1682 1161 ut
1720 1122 1819 1161 nos
1855 1108 2003 1161 viva-

428 1216 551 1256 mus
581 1200 635 1254 in
667 1184 757 1277 illo
787 1198 803 1270 ι
831 1181 959 1262 λιι,
989 1214 1109 1253 cum
1141 1180 1294 1275 illo].
1331 1197 1512 1277 Potest
1540 1206 1595 1252 et
1624 1198 1696 1252 ita
1736 1199 1999 1269 intelligi,

428 1301 489 1347 ut
528 1291 580 1347 in
624 1275 779 1344 nobis
818 1304 983 1342 unum
1028 1287 1169 1352 sint,
1213 1287 1264 1342 id
1303 1297 1416 1353 est,
1460 1275 1510 1342 in
1542 1278 1807 1345 charitate
1837 1307 2001 1346 unum

429 1382 538 1437 sint
574 1383 728 1437 nobis
764 1383 1042 1465 templum.
1087 1381 1238 1463 Unde
1275 1364 1509 1459 dicitur:
1550 1382 1683 1458 Quia
1722 1382 1890 1457 factus
1929 1395 2001 1438 est

428 1473 482 1527 in
510 1489 637 1543 pace
663 1471 809 1526 locus
838 1472 951 1542 ejus
973 1513 987 1537 ,
1036 1483 1081 1525 et
1120 1472 1373 1525 habitatio
1401 1472 1515 1541 ejus
1543 1472 1597 1525 in
1651 1470 1779 1526 Sion
1811 1472 1830 1542 (
1854 1469 1999 1525 Psal:

427 1576 589 1627 Luv,
616 1552 681 1633 3)
705 1603 719 1627 ,
751 1578 870 1631 qua".
891 1578 997 1645 ‘nos
1034 1577 1239 1617 sumus.
1285 1560 1351 1614 Et
1382 1562 1605 1615 mundus
1636 1562 1848 1626 credat,
1879 1564 2002 1632 quia

2101 395 2183 445 es,
2213 379 2332 437 ideo
2362 392 2414 437 te
2441 397 2546 449 non
2574 383 2842 453 cognovit.
2864 382 3097 451 Mundus
3124 400 3274 448 vero,
3297 386 3387 452 qui
3412 386 3690 443 damnan-

2102 471 2200 527 dus
2243 482 2326 529 est
2347 488 2445 542 per
2488 472 2774 542 justitiam,
2807 483 2860 530 te
2911 491 3016 530 non
3068 479 3351 546 cognovit;
3402 478 3491 533 ille
3518 495 3681 544 vero.

2101 563 2192 630 qui
2214 563 2498 618 salvandus
2538 573 2656 618 erat
2684 580 2782 634 per
2810 566 3257 631 m'scricordiam,
3287 574 3340 621 te
3365 570 3617 638 cognovit
3662 588 3685 626 :

2103 651 2334 706 mundus
2361 658 2509 717 vero,
2537 669 2694 722 quem
2733 669 2830 723 per
2860 654 3130 709 Christum
3157 658 3519 713 reconciliavit
3543 661 3685 726 sibi,

2102 756 2206 795 non
2231 742 2444 806 merito,
2471 743 2565 798 sed
2592 745 2762 813 gratia
2803 746 3069 816 cognovit.
3097 746 3235 812 Quid
3276 756 3359 803 est
3381 751 3525 804 enim
3544 766 3681 808 eum

2101 845 2446 900 cognoscere,
2464 832 2579 886 ‘nisi
2610 833 2717 886 vita
2751 835 2984 888 :cterna?
3009 850 3170 904 quam
3193 838 3393 892 mundo
3423 832 3683 897 damnato

2100 923 2284 992 utique
2313 938 2417 977 non
2447 923 2612 987 dedit,
2637 925 3000 979 reconciliatio
3025 926 3202 992 dedit;
3223 937 3278 982 et
3300 937 3354 982 ut
3379 944 3685 1000 cognosce-

2102 1018 2205 1075 ret,
2236 1027 2342 1066 non
2366 1012 2416 1067 ei
2444 1013 2654 1077 merito,
2680 1015 2772 1068 sed
2794 1016 2967 1085 gratia
2995 1017 3313 1073 subvenisti.
3332 1019 3685 1091 Deniquese-

2101 1102 2321 1171 quitur:
2355 1100 2463 1170 Ego
2510 1111 2685 1156 autem
2710 1112 2757 1157 te
2785 1107 3016 1175 cognovi.
3061 1105 3184 1179 ipse
3224 1106 3345 1162 fons
3377 1111 3568 1179 gratiae
3588 1120 3688 1166 est

2101 1191 2243 1246 Deus
2276 1201 2496 1255 natura;
2530 1192 2688 1247 homo
2710 1202 2887 1248 autem
2935 1196 3001 1251 de
3038 1196 3238 1266 Spiritu
3272 1209 3457 1254 sancto
3475 1188 3533 1255 et
3558 1203 3683 1266 vir-

2102 1282 2241 1351 gine,
2271 1282 2524 1337 ineﬂ'abili
2574 1284 2768 1353 gratia,
2807 1304 2825 1336 ι
2859 1285 2912 1339 ἱη
2959 1287 3221 1342 unitatem
3266 1302 3507 1358 persona:
3551 1291 3686 1345 Filii

2102 1375 2196 1429 Dei
2223 1386 2531 1445 assumptus
2557 1384 2659 1431 est.
2687 1377 2792 1432 Per
2811 1376 2959 1432 illum
2986 1390 3353 1455 cognoverunt
3373 1382 3448 1446 hi;
3477 1394 3534 1438 et
3559 1399 3687 1439 om-

2105 1481 2200 1521 nes
2232 1481 2332 1536 per
2357 1481 2450 1521 eos
2492 1467 2770 1522 credituri.
2812 1467 2952 1534 Quia
2981 1479 3037 1524 tu
3058 1487 3138 1524 me
3159 1472 3364 1525 misisti.
3398 1491 3418 1523 s
3453 1473 3592 1540 Quia
3619 1485 3684 1531 tu

2104 1572 2191 1611 me
2238 1558 2454 1623 misisti,
2506 1558 2625 1614 ideo
2672 1569 3038 1630 cognoverunt
3072 1579 3085 1614 :
3117 1561 3279 1632 igitur
3304 1578 3401 1633 per
3443 1566 3683 1632 gratiam

428 1663 485 1706 tu
513 1669 595 1706 me
625 1654 833 1707 misisti.
864 1636 1079 1706 Duobus
1110 1651 1285 1706 modis
1307 1691 1321 1715 ,
1362 1660 1421 1705 ut
1460 1651 1693 1705 diximus
1717 1692 1731 1715 ,
1772 1652 2002 1706 mundus
2035 1636 2077 1696 Β
2104 1657 2488 1717 cognoverunt.
2523 1649 2708 1719 (Vsus.
2737 1649 2851 1720 26.)
2898 1651 2965 1705 Et
3013 1661 3191 1705 notum
3229 1652 3330 1721 feci
3358 1655 3451 1717 eis,
3479 1655 3681 1723 inquit,

429 1742 780 1815 intelligitur:
809 1741 967 1796 aliter
996 1742 1049 1795 in
1077 1742 1449 1810 peccatoribus
1468 1783 1481 1803 ,
1513 1742 1670 1796 aliter
1696 1741 1749 1795 in
1779 1742 1998 1796 sanctis.

429 1832 529 1888 llic
558 1828 801 1887 nominat
826 1832 1081 1886 mundum
1101 1872 1114 1896 ,
1142 1846 1237 1886 eos
1267 1831 1356 1899 qui
1396 1829 1651 1885 credituri
1692 1840 1879 1894 erant,
1920 1831 2003 1886 vel

429 1925 517 1993 qui
562 1919 688 1979 tunc
724 1924 1018 1979 credebant
1054 1922 1328 1979 Christum
1366 1922 1557 1977 Filium
1604 1922 1700 1976 Dei
1738 1937 1856 1977 esse
1880 1964 1894 1987 ,
1939 1923 2005 1977 ad

429 2020 657 2074 salutem
709 2017 928 2073 humani
978 2018 1192 2088 generis
1236 2018 1456 2072 missum
1501 2031 1620 2070 esse
1662 2031 1692 2068 a
1742 2014 1903 2068 Patre
1948 2014 2002 2068 in

429 2108 705 2163 mundum.
1926 2176 1932 2185 I

503 2199 664 2253 Vens.
704 2195 795 2254 22.
842 2229 911 2240 —
946 2188 1050 2254 Sed
1083 2209 1131 2253 et
1168 2216 1258 2269 ego
1297 2188 1584 2253 claritatem
1621 2212 1777 2268 quam
1817 2194 2005 2249 dedisti

433 2287 595 2352 mihi,
627 2284 746 2342 dedi
774 2290 867 2344 eis.
900 2288 1029 2354 Quai
1052 2296 1134 2343 est
1164 2288 1268 2343 ista
1296 2287 1646 2351 clariﬁcatio,
1674 2286 1778 2340 nisi
1812 2284 1901 2339 illa
1939 2286 2005 2339 de

428 2391 533 2446 qua
569 2373 728 2446 paulo
770 2376 895 2433 ante
933 2378 1099 2444 dixit,
1142 2366 1427 2447 clariﬁcavi
1468 2393 1653 2431 nomen
1680 2385 1825 2430 tuum
1847 2375 1873 2428 ?
1900 2374 2003 2453 ista

428 2465 764 2532 t-larilieatio,
792 2466 1026 2540 cognitio
1051 2477 1134 2523 est
1161 2468 1398 2523 nominis
1424 2466 1806 2536 omnipotentis
1827 2464 2005 2519 Patris

429 2557 481 2612 in
510 2556 664 2611 Filio.
698 2557 846 2613 lianc
876 2550 1177 2614 claritatem
1209 2559 1354 2614 dedit
1379 2557 1546 2613 Filius
1570 2557 1728 2629 621
1761 2555 2006 2611 ﬁdelibus

426 2645 575 2714 suis,
616 2640 669 2704 id
706 2659 822 2715 est,
861 2635 999 2707 hanc
1037 2639 1472 2722 prmdicationem
1502 2691 1516 2716 ,
1553 2642 1615 2704 ut
1649 2648 2006 2731 praedicarent

426 2750 550 2793 eum
578 2738 723 2793 Patri
753 2756 871 2795 esse
900 2741 1158 2811 aequalem
1188 2741 1241 2795 in
1271 2741 1587 2804 divinitate,
1618 2748 1672 2794 et
1700 2738 1861 2792 Patre
1884 2735 2005 2793 esse

425 2829 688 2885 minorem
727 2830 780 2884 in
822 2829 993 2885 forma
1031 2830 1204 2895 servi,
1241 2831 1294 2884 in
1344 2846 1445 2900 qua
1494 2828 1669 2884 factus
1714 2836 1797 2883 est
1840 2826 2006 2881 Filius

426 2910 681 2985 hominis,
708 2932 767 2975 ut
796 2921 895 2976 nos
923 2920 1165 2977 esScmus
1189 2921 1312 2977 Filii
1338 2914 1432 2978 Dei
1462 2941 1473 2974 :
1504 2923 1557 2977 in
1586 2936 1692 2992 qua
1723 2920 2004 2975 nativitate

2104 1754 2289 1791 nomen
2324 1747 2489 1802 tuum,
2518 1748 2564 1791 et
2606 1748 2784 1792 notum
2824 1739 3036 1808 faciam.
3064 1758 3081 1790 α
3109 1739 3303 1796 Notum
3341 1741 3441 1797 feci
3487 1759 3587 1812 per
3615 1744 3684 1798 li-

2104 1828 2257 1899 dem,’
2275 1838 2458 1884 notum
2483 1828 2674 1885 faciam
2696 1846 2792 1901 per
2813 1832 3063 1900 speciem.
3106 1832 3298 1887 Notum
3323 1832 3421 1888 feci
3444 1835 3495 1888 in
3522 1834 3681 1907 [hoc]

2104 1918 2298 1973 sarculo
2323 1920 2808 1989 peregrinantibus,
2856 1928 3040 1975 notum
3092 1920 3285 1977 faciam
3332 1924 3384 1976 in
3422 1924 3562 1979 ccelo
3589 1940 3680 1979 re-

2103 2010 2406 2077 gnantibus.
2441 2007 2507 2063 Ut
2543 2008 2772 2073 dilectio,
2802 2026 2904 2080 qua
2936 2011 3167 2066 dilexisti
3204 2029 3304 2076 me,
3339 2014 3394 2066 in
3421 2015 3545 2083 ipsis
3588 2015 3679 2077 sit,

2102 2110 2148 2175 et
2184 2116 2275 2170 ego
2301 2101 2356 2153 in
2380 2102 2525 2171 ipsis.
2570 2100 2849 2167 Quomodo
2879 2112 3058 2158 autem
3086 2104 3321 2170 dilectio,
3362 2121 3467 2175 qua
3490 2107 3683 2163 dilexit

2103 2170 2262 2242 Pater
2289 2170 2503 2253 Filium,
2532 2198 2615 2243 est
2637 2198 2692 2243 et
2730 2190 2782 2244 in
2811 2191 2981 2254 nobis,
3012 2193 3126 2267 nisi.
3146 2194 3270 2264 quia
3298 2170 3537 2250 membra
3562 2197 3681 2267 ejus

2104 2295 2306 2344 sumus,
2352 2288 2407 2334 ct
2434 2280 2484 2335 in
2527 2280 2617 2336 illo
2641 2280 2933 2361 diligimur,
2965 2299 3086 2338 cum
3114 2284 3203 2339 ille
3243 2285 3483 2356 diligitur
3505 2296 3676 2355 totus,

2105 2371 2158 2424 id
2186 2379 2288 2443 est,
2321 2380 2482 2439 caput
2529 2380 2584 2425 et
2617 2372 2847 2441 corpus?
2884 2371 3008 2428 Ideo
3057 2374 3332 2443 subju—nrit
3364 2392 3378 2427 :
3406 2374 3473 2428 Et
3503 2392 3593 2445 ego
3621 2377 3681 2430 in

2104 2462 2248 2530 ipsis,
2284 2472 2538 2531 tanquam
2583 2463 2803 2527 diceret,
2845 2465 3091 2534 quoniam
3131 2482 3224 2526 eqo
3257 2482 3374 2519 sum
3416 2476 3466 2519 et
3506 2468 3562 2520 in
3595 2469 3679 2536 ip—

2104 2554 2195 2606 sis.
2246 2573 2264 2604 ›

2176 2641 2485 2699 Terminato
2510 2658 2704 2714 magno
2723 2644 3035 2714 prolixoquc
3064 2661 3332 2710 sermone,
3369 2662 3526 2716 quem
3558 2660 3680 2715 post

2105 2747 2312 2788 comam
2364 2733 2620 2789 Dominus
2644 2735 2710 2789 de
2755 2734 3028 2791 fundendo
3078 2752 3175 2806 pro
3211 2739 3367 2793 nobis
3419 2740 3689 2806 sanguine

2104 2826 2380 2896 proximus
2403 2828 2639 2896 passioni
2669 2828 2735 2880 ad
2761 2828 3051 2897 discipulos
3073 2830 3276 2891 habuit,
3305 2831 3399 2899 qui
3434 2846 3560 2886 cur.
3586 2833 3678 2886 illo

2107 2925 2235 2971 tunc
2260 2926 2432 2980 erant,
2458 2917 2705 2987 adjuncta
2747 2918 3011 2982 oratione,
3037 2932 3197 2988 quam
3245 2920 3443 2974 direxit
3481 2921 3547 2975 ad
3573 2920 3677 2975 Pa-

424 3026 589 3065 unum
637 3009 894 3065 debemus
938 3010 1088 3076 esSc,
1131 3011 1198 3067 de
1235 3028 1339 3082 qua
1384 3000 1441 3066 et
1476 2987 1747 3067 subdidit:
1793 3009 1859 3064 Ut
1892 3010 1997 3065 sint
2024 2987 2072 3051 ο
2102 3017 2238 3065 trem
2274 3024 2372 3080 pro
2423 3010 2562 3079 suis;
2616 3009 2867 3079 deinceps
2921 3009 3038 3079 ejus
3063 2987 3392 3080 passionem
3442 3010 3676 3067 lenones

422 3102 586 3153 unum
607 3140 622 3164 ,
654 3092 788 3155 sicut
818 3108 867 3153 et
905 3104 998 3177 nos
1032 3119 1195 3158 unum
1230 3121 1429 3159 sumus.
1466 3103 1543 3158 illi
1583 3104 1636 3159 in
1670 3119 1767 3159 sua
1803 3098 1996 3159 natura

423 3189 589 3244 unum
626 3189 681 3245 in
720 3190 1024 3259 charitate;
1069 3210 1166 3251 nos
1203 3196 1258 3251 in
1295 3204 1480 3252 nostra
1518 3189 1685 3252 unum
1723 3212 1907 3253 sumus
1944 3196 1996 3253 in

422 3281 630 3338 unitate
658 3277 971 3340 substantia:
998 3295 1055 3341 et
1081 3286 1284 3356 gloriae.
1317 3285 1502 3357 (Vsus.
1530 3272 1643 3354 ἥδ.)
1676 3285 1790 3357 Ego
1816 3286 1871 3341 in
1901 3287 1997 3352 eis,

424 3382 471 3427 et
504 3381 560 3428 tu
586 3368 641 3429 in
670 3390 770 3428 me.
805 3375 917 3447 Ego
951 3375 1005 3430 in
1041 3375 1120 3430 eis
1141 3415 1156 3439 ,
1185 3375 1325 3430 sicut
1353 3384 1515 3446 caput
1541 3375 1595 3430 in
1623 3375 1914 3442 membris;
1944 3386 2001 3453 et

424 3474 481 3519 tu
519 3465 572 3521 in
606 3482 724 3533 me,
763 3467 903 3523 sicut
935 3455 1097 3522 Pater
1130 3466 1184 3520 in
1222 3465 1378 3522 Filio.
1419 3463 1487 3520 Ut
1521 3465 1623 3520 sint
1654 3467 1999 3541 consummati

420 3553 477 3609 in
506 3572 685 3610 unum.
715 3547 772 3612 Id
801 3565 916 3623 est,
945 3555 1206 3628 perfecti,
1230 3557 1373 3629 quod
1395 3554 1639 3627 perficiet
1660 3557 1753 3628 qui
1782 3572 1880 3613 nos
1908 3572 1999 3614 vo-

421 3646 522 3701 luit
547 3663 711 3702 unum
740 3664 858 3704 esse
888 3644 1024 3725 inse
1049 3644 1103 3703 et
1132 3643 1228 3717 per
1254 3663 1331 3704 se.
1367 3647 1434 3703 Ut
1463 3658 1735 3719 cognoscat
1769 3646 1997 3705 mundus

421 3738 545 3808 quia
572 3748 628 3791 tu
658 3756 739 3793 me
775 3740 993 3804 misisti,
1031 3748 1077 3793 et
1114 3740 1343 3798 dilexisti
1380 3758 1465 3796 eos
1499 3741 1633 3796 sicut
1669 3751 1718 3796 et
1755 3759 1836 3797 me
1871 3743 2000 3799 dile-

420 3828 565 3884 xisti.
601 3830 841 3886 Dilexisti
869 3846 996 3897 eos,
1028 3840 1088 3887 ut
1113 3841 1297 3890 essent
1324 3834 1466 3904 quod
1494 3850 1600 3889 non
1640 3843 1831 3902 erant;
1862 3836 1996 3891 dilo-

421 3918 547 3975 xisti
577 3935 696 3987 me,
727 3929 788 3976 ut
819 3936 994 3977 essem
1038 3923 1181 3993 quod
1222 3938 1436 3993 semper
1476 3922 1594 3989 fui;
1635 3924 1870 3980 dilexisti
1911 3940 1998 3981 me

421 4009 562 4064 sicut
592 4011 804 4065 unicum
830 4028 844 4077 ;
881 4012 1000 4067 illos
1030 4013 1211 4083 itaque
1242 4013 1381 4069 sicut
1410 4014 1707 4083 adoptivos.
1754 4016 1995 4071 Dilexistl

422 4117 547 4167 eos,
579 4111 637 4156 ut
662 4118 760 4172 per
787 4119 873 4158 me
903 4104 955 4156 in
986 4111 1036 4158 te
1065 4113 1245 4158 essent
1270 4122 1284 4169 ς
1317 4105 1550 4160 dilexisti
1583 4122 1666 4160 me
1687 4147 1701 4171 ,
1733 4116 1793 4161 ut
1823 4121 1918 4177 per
1944 4116 1997 4164 te

420 4192 474 4247 in
505 4200 555 4247 te
582 4208 773 4247 essem.
807 4195 1064 4264 Sequitur
1104 4214 1116 4248 :
1155 4196 1172 4265 (
1197 4197 1357 4250 Vens.
1387 4197 1492 4267 24)
1534 4196 1714 4263 Pater,
1744 4217 1872 4271 quos
1902 4202 1993 4256 de-

2100 3098 2423 3171 evangelista
2451 3099 2530 3154 sic
2557 3114 2714 3154 orsus
2748 3108 2868 3154 est:

2701 3210 2928 3267 CAPUT
2969 3211 3060 3267 XL

2105 3305 2422 3362 Traditionis
2445 3326 2506 3362 ac
2543 3309 2801 3379 passionis
2840 3310 2952 3381 ejus
2990 3327 3082 3381 per
3117 3312 3353 3366 ordinem
3387 3321 3531 3381 festa
3555 3332 3679 3373 nar-

2777 3390 2980 3435 rantur.

2168 3487 2345 3544 Carm
2382 3505 2533 3554 xvm,
2563 3490 2725 3546 Vens.
2767 3491 2816 3544 l.
2841 3519 2910 3531 —
2942 3489 3073 3546 Hac
3096 3501 3215 3547 cum
3252 3493 3473 3551 dixisset
3495 3494 3672 3563 Iesus,"

2098 3590 2330 3647 egressus
2359 3583 2433 3632 est
2461 3593 2582 3632 cum
2625 3577 2896 3648 discipulis
2942 3580 3052 3634 suis
3088 3589 3234 3636 trans
3263 3591 3542 3642 torrentem
3579 3583 3676 3641 Ce-

2098 3667 2231 3722 dron
2255 3665 2532 3740 [Cedron]:
2554 3666 2837 3724 Genitivus
2858 3668 3078 3740 pluralis
3103 3670 3158 3726 in
3178 3669 3386 3737 Grazco,
3411 3674 3555 3744 quod
3575 3690 3670 3745 po-

2099 3766 2205 3813 test
2224 3758 2416 3817 Latine
2433 3757 2729 3814 Cedrorum
2754 3759 2881 3815 dici.
2905 3759 3056 3816 Tunc
3075 3763 3512 3833 appropinquavit
3530 3772 3666 3821 tem-

2096 3863 2216 3919 pus,
2254 3849 2320 3903 de
2341 3861 2451 3919 quo
2475 3849 2528 3905 in
2557 3848 2774 3904 Psalmo
2801 3847 3036 3920 legitur:
3065 3850 3143 3906 De
3162 3861 3385 3907 torrente
3408 3853 3466 3907 in
3483 3853 3571 3908 uia
3588 3852 3667 3908 bi-

2098 3939 2189 3993 bit.
2236 3940 2292 3994 ln
2318 3940 2405 3994 via
2435 3938 2593 4009 hujus
2638 3941 2765 3994 vita:
2792 3940 3145 3996 detorrente
3189 3944 3457 4013 passionis
3494 3944 3666 4001 bibit:

2094 4040 2363 4101 propterea
2382 4028 2631 4083 exaltabit
2649 4038 2804 4100 caput
2830 4029 3000 4101 (Psal.
3031 4047 3139 4096 cut,
3170 4030 3225 4103 7)
3250 4049 3264 4082 :
3285 4032 3430 4103 quod
3449 4034 3669 4103 Aposto-

2096 4119 2179 4174 lus
2210 4120 2283 4173 ita
2319 4120 2567 4189 exposuit
2598 4137 2611 4172 :
2643 4115 2882 4174 Christus
2923 4119 3164 4176 obedicns
3209 4119 3364 4175 Patri
3400 4139 3562 4195 usque
3605 4123 3670 4177 ad

2094 4218 2330 4269 mortem,
2357 4217 2575 4263 mortem
2599 4218 2771 4262 autem
2819 4210 3009 4263 crucis.
3041 4208 3265 4281 Propter
3295 4212 3438 4283 quod
3458 4223 3508 4266 et
3534 4212 3669 4267 Deus

417 4283 704 4376 distimihi
723 4324 738 4348 ,
769 4284 880 4376 volo
916 4294 971 4337 ut
1008 4284 1094 4338 ubi
1130 4302 1243 4340 sum
1281 4303 1373 4356 ego
1393 4327 1407 4351 ,
1439 4296 1486 4341 et
1523 4286 1600 4341 illi
1629 4288 1732 4342 sint
1772 4307 1990 4348 mecum.
2024 4319 2071 4376 ο
2095 4301 2340 4355 exultavit
2378 4300 2527 4355 illum
2550 4300 2768 4371 (Philip.
2800 4317 2858 4363 Il,
2891 4302 2944 4364 8,
2975 4299 3052 4372 9).
3100 4300 3199 4355 Ubi
3230 4312 3345 4356 erat
3376 4304 3579 4370 hortus,
3615 4306 3667 4358 in

424 4391 443 4424 ι
475 4385 500 4412 ιι
525 4372 677 4429 Nunc
702 4389 798 4444 per
823 4373 979 4429 ﬁdem
998 4416 1012 4440 ,
1039 4383 1165 4432 tunc
1189 4391 1316 4446 ergo
1343 4376 1434 4432 lict
1457 4393 1553 4448 per
1578 4380 1831 4448 SDCCiem-
1859 4382 1993 4438 Cum
2030 4372 2058 4376 —
2093 4409 2244 4463 quem
2272 4393 2503 4446 introivit
2525 4392 2633 4463 ipse
2651 4400 2701 4446 et
2725 4391 2969 4463 discipuli
2989 4393 3125 4463 ejus.
3153 4393 3295 4448 Bene
3319 4395 3373 4448 in
3400 4395 3550 4449 horto
3566 4395 3665 4449 mi~

418 4465 666 4522 Christus
689 4469 998 4538 apparuerit
1019 4470 1128 4523 vita
1157 4478 1373 4534 nostra,
1402 4466 1528 4525 tunc
1553 4481 1607 4525 et
1634 4487 1730 4527 nos
1754 4489 1874 4529 cum
1902 4475 1993 4529 illo
2094 4483 2250 4538 sex-im
2277 4492 2473 4537 nostra:
2529 4482 2952 4552 comprehensus
2987 4490 3088 4543 est,
3121 4490 3181 4536 ut
3226 4498 3327 4539 nos
3356 4484 3411 4539 in
3453 4485 3661 4539 hortum

420 4556 795 4626 apparebimus
832 4559 886 4612 in
929 4558 1094 4629 gloria
1137 4558 1371 4633 (Coloss.
1402 4559 1462 4635 Ill
1487 4602 1501 4626 ,
1530 4560 1619 4632 4).
1659 4582 1676 4615 ι
1716 4564 1992 4635 Τυηοίψ-

2103 4574 2438 4629 beatitudinis
2449 4589 2559 4629 sum
2577 4574 2875 4629 induceret.
2890 4572 3061 4643 Igitur
3080 4573 3133 4628 in
3156 4573 3315 4629 horto
3333 4574 3661 4634 deliciarum.

417 4645 725 4716 parebimus
752 4648 895 4716 quod
927 4657 1052 4703 tunc
1078 4649 1280 4733 erimus
1305 4667 1319 4715 ;
1365 4652 1489 4720 quia
1520 4660 1646 4707 tunc
1674 4655 1952 4723 apparebit
1972 4689 1988 4720 ,

2111 4666 2141 4721 d
2155 4674 2258 4732 est,
2270 4666 2323 4720 in
2335 4665 2495 4737 622
2509 4664 2776 4735 paradiso,
2790 4665 2997 4734 primus
3008 4663 3213 4737 [Pater]
3226 4666 3446 4721 humani
3458 4667 3661 4737 generis

418 4746 708 4808 antequam
734 4752 974 4794 essemus
995 4780 1008 4803 ν
1038 4740 1180 4810 ιιυοίῖ
1210 4747 1339 4795 tunc
1365 4741 1568 4795 erimus
1587 4741 1632 4798 ’κ
2092 4757 2356 4827 peccavit,
2387 4765 2443 4811 et
2463 4756 2587 4811 inde
2615 4755 2820 4825 ejectus
2847 4763 2930 4811 est
2950 4756 3004 4810 in
3025 4757 3165 4811 hanc
3183 4756 3379 4811 vallem
3404 4756 3659 4827 lacryma-

488 4827 556 4883 Ut
587 4828 789 4885 rideant
828 4829 1117 4884 claritatem
1163 4848 1351 4897 meam,
1400 4849 1556 4904 quam
1604 4832 1795 4885 dedisti
1844 4835 1988 4888 mihi.

419 4920 688 4976 Fortassis
717 4936 844 4991 ergo
871 4922 935 4975 de
964 4920 1049 4974 illa
1075 4921 1322 4976 claritate
1358 4922 1506 4984 dicit,
1540 4922 1592 4977 in
1623 4937 1726 4991 qua
1753 4923 1902 4979 sedet
1924 4926 1993 4979 ad

419 5012 693 5065 dexteram
731 5009 825 5064 Dei
879 5008 1075 5063 Patris.
1101 5009 1368 5065 Continuo
1393 5010 1664 5083 subiungit
1698 5030 1709 5065 :
1740 5011 1878 5079 Quia
1905 5015 1991 5069 di-

417 5100 591 5153 lexisti
622 5116 701 5153 me
742 5108 859 5153 ante
884 5100 1302 5153 constitutionem
1342 5101 1539 5154 mundi.
1576 5121 1594 5151 ι
1640 5102 1696 5156 ln
1736 5101 1824 5158 illo
1848 5105 1992 5160 cnim

419 5191 606 5245 dilexit
645 5198 700 5244 et
739 5206 838 5245 nos
890 5199 1013 5244 ante
1054 5191 1494 5246 constitutionem
1536 5194 1741 5261 mundi,
1778 5203 1831 5249 et
1863 5205 1989 5252 tunc

419 5280 817 5347 praedestinavit
838 5281 979 5350 quod
1002 5280 1055 5334 in
1074 5280 1175 5336 line
1201 5280 1443 5336 facturus
1467 5290 1552 5338 est
1571 5284 1772 5339 mundi.
1797 5284 1982 5356 (Vsus.

491 5417 519 5481 ξ
543 5407 620 5481 Ex
645 5407 704 5465 ὃ.
726 5410 886 5481 Aug,
915 5419 1072 5466 tract.
1101 5429 1210 5476 CXI,
1238 5429 1386 5467 num.
1412 5412 1524 5468 4-6.

493 5474 521 5555 ξι
548 5476 707 5547 Aug.,
735 5474 839 5556 lo_c'.
862 5481 954 5535 eit.
992 5499 1003 5533 :
1036 5499 1055 5531 ‹
1089 5474 1240 5556 Tunc
1269 5483 1650 5556 apparebimus
1694 5488 1834 5556 quod
1862 5496 1987 5556 tunc

430 5548 626 5600 erimus
659 5565 670 5595 :
703 5548 825 5617 quia
856 5557 981 5604 tunc
1031 5548 1322 5621 apparebit,
1345 5548 1467 5606 'non
1524 5548 1753 5609 inaniter
1796 5555 1892 5608 nui
1934 5554 1985 5611 id

2095 4861 2235 4901 rum.
2267 4846 2390 4901 ideo
2416 4844 2663 4901 Christus
2688 4845 2955 4901 secundus
2974 4844 3143 4900 Adam
3164 4860 3226 4901 se
3252 4846 3307 4901 in
3332 4847 3493 4902 horto
3521 4861 3659 4902 com-

2093 4937 2352 5008 prehendi
2377 4937 2566 5002 voluit;
2589 4945 2647 4991 ut
2672 4944 2972 5006 peccatum,
2989 4938 3131 5007 quod
3151 4937 3205 4991 in
3232 4937 3394 4993 horto
3425 4939 3658 5008 paradisi

2094 5029 2239 5100 (nam
2267 5027 2546 5097 paradisus
2568 5027 2760 5082 hortus
2777 5027 3088 5082 deliciarum
3118 5027 3532 5099 interpretatur)
3557 5030 3665 5099 pri.

2094 5134 2211 5172 mus
2240 5119 2400 5172 homo
2429 5117 2718 5179 commisit,
2764 5115 3049 5172 deleretur.
3095 5117 3280 5187 (Vens.
3326 5117 3408 5189 2.)
3456 5116 3659 5173 Sciebat

2095 5217 2266 5260 autent
2291 5217 2338 5261 et
2363 5207 2553 5269 ludas,
2582 5207 2673 5275 qui
2697 5206 2934 5259 tradebat
2978 5222 3112 5270 eum,
3160 5206 3349 5272 locum,
3390 5208 3520 5279 quia
3562 5207 3661 5275 {rc-

2097 5306 2306 5364 quenter
2332 5294 2486 5348 Jesus
2511 5306 2817 5348 convenerat
2842 5295 2967 5349 illuc
2987 5313 3102 5351 cum
3126 5297 3416 5368 discipulis.
3446 5315 3465 5349 ι
3502 5309 3526 5338 ε
3551 5297 3663 5356 Hoc

2098 5424 2385 5496 credidisse
2410 5438 2473 5496 ac
2502 5437 2762 5493 sperasse,
2807 5434 3090 5496 antequam
3113 5442 3375 5496 essemus.
3401 5444 3426 5481 s

2167 5506 2187 5532 ο
2217 5494 2292 5546 Ex
2320 5492 2375 5547 S.
2404 5492 2560 5563 Aug.,
2594 5501 2748 5549 tract.
2781 5510 2914 5560 cxn,
2941 5492 3089 5551 num.
3126 5494 3238 5553 1-6.
