3992 6184
333 264 442 326 969

1148 265 1555 322 EXEGETICA.
1594 298 1663 306 —
1701 267 2051 323 COMMENT.
2089 269 2154 323 IN
2192 267 2389 325 ιοΑΝ..
2413 301 2448 311 -
2510 272 2633 327 LIB.
2676 273 2782 330 VII.

3450 276 3554 334 970

328 381 477 451 quod
497 389 700 445 narrat,
721 379 1017 450 ingressum
1040 379 1321 434 Dominum
1344 397 1465 435 cum
1488 382 1762 452 discipulis
1785 381 1896 437 suis
1921 386 1971 441 Α
1997 380 2110 452 Ego
2151 400 2289 448 sum,
2320 385 2467 449 dicit,
2497 395 2551 441 et
2587 388 2779 457 impios
2800 460 2802 462 ν
2823 385 3031 455 dejecit.
3059 386 3195 456 Quid
3219 388 3558 460 iudicaturus

329 469 388 524 in
415 469 651 534 hortum,
683 485 789 524 non
842 470 1092 524 continuo
1121 468 1320 525 factum
1346 480 1448 536 est,
1493 487 1614 526 cum
1643 472 1754 542 ejus
1801 475 1892 528 illa

329 561 480 615 ﬁnita
513 569 658 615 esset
701 561 892 625 ora—tio,
941 561 1007 616 de
1055 561 1205 630 cujus
1251 564 1430 618 verbis
1469 565 1584 619 ait:
1619 565 1745 622 Ηαέ
1778 585 1894 623 cum

327 649 541 704 dixisset
584 649 774 716 Iesus;
826 651 919 706 sed
962 652 1065 706 alia
1099 654 1340 722 quaedam
1386 664 1509 709 sunt
1559 658 1890 728 interposita,

328 755 449 810 quae
469 740 536 794 ab
565 740 667 795 isto
703 742 1083 809 prmtermissa,
1113 743 1252 812 apud
1275 743 1409 798 alios
1436 746 1790 815 evangelistas
1815 747 1892 802 le-

319 840 529 901 guntur
553 848 564 884 :
595 831 734 886 sicut
759 832 898 901 apud
927 833 1068 887 hunc
1097 833 1439 887 inveniuntur
1463 835 1646 900 multa,
1677 852 1794 905 quae
1817 837 1894 891 illi

324 921 576 975 similiter
605 921 658 975 in
693 936 790 975 sua
834 923 1144 978 narratione
1178 933 1480 979 tacuerunt.
1532 925 1613 981 Ad
1638 927 1739 981 hoc
1766 943 1894 984 vero

326 1011 488 1076 valet,
517 1011 658 1080 quod
693 1011 894 1066 dictum
932 1021 1015 1066 est
1047 1031 1058 1066 :
1093 1011 1222 1067 Hcec
1251 1030 1368 1067 cum
1394 1014 1607 1068 dixisset
1631 1014 1807 1081 Iesus,
1836 1025 1896 1071 ut

325 1115 432 1154 non
457 1116 579 1155 eum
600 1109 724 1154 ante
752 1101 1034 1170 opinemur
1063 1103 1247 1156 venire
1275 1104 1327 1156 in
1355 1104 1588 1170 hortum,
1619 1120 1782 1175 quam
1805 1107 1892 1161 illa

325 1189 490 1243 verba
527 1188 724 1255 ﬁniret,
759 1209 777 1241 ι
808 1199 864 1243 et
898 1189 1041 1243 illam
1065 1191 1383 1256 orationem,
1425 1208 1542 1260 qua:
1567 1193 1818 1263 leguntur
1837 1196 1891 1249 in

323 1278 593 1348 prioribus
632 1286 754 1349 post
806 1294 1014 1334 coenam
1061 1289 1300 1335 sanctam
1351 1297 1472 1336 eum
1519 1282 1754 1347 dixisse,
1808 1285 1892 1339 vel

319 1384 524 1423 orasse.
555 1387 573 1420 ί
613 1367 816 1424 Sciebat
842 1380 1034 1436 autem,
1066 1371 1258 1440 inquit,
1288 1381 1337 1424 et
1363 1371 1555 1437 Iudas,
1578 1375 1667 1443 qui
1714 1375 1890 1428 trade-

323 1457 409 1510 bat
437 1474 572 1523 eum,
603 1457 790 1512 locum.
815 1457 958 1515 Ordo
984 1461 1268 1514 verborum
1305 1469 1388 1515 est
1419 1480 1430 1514 :
1462 1462 1666 1517 sciebat
1692 1463 1888 1529 locum,

321 1547 413 1613 qui
439 1547 685 1602 tradebat
705 1562 848 1602 eum.
879 1546 1018 1613 Quia
1037 1549 1347 1620 frequenter,
1381 1551 1571 1620 inquit,
1595 1551 1750 1606 Iesus
1770 1570 1892 1606 con-

320 1645 526 1689 uenerat
547 1635 670 1688 illuc
692 1653 809 1690 cum
837 1636 1103 1707 discipulis
1125 1641 1254 1692 suis.
1273 1639 1349 1693 lbi
1371 1654 1498 1708 ergo
1525 1641 1700 1709 lupus,
1732 1642 1889 1696 ovina

1994 471 2177 539 faciet,
2219 476 2309 544 qui
2351 473 2672 544 iudicandus
2709 478 2812 532 hoc
2856 476 3024 558 fecit?
3053 478 3191 546 Quid
3238 491 3558 554 regnaturus

1994 564 2208 632 poterit,
2255 565 2344 634 qui
2371 566 2662 622 moriturus
2700 568 2803 622 hoc
2843 570 3055 638 potuit?
3080 569 3147 625 Et
3171 587 3314 626 nunc
3360 575 3560 645 ubique

1992 667 2090 720 per
2117 653 2482 724 Evangelium,
2519 657 2631 726 Ego
2668 674 2804 722 sum,
2837 659 2965 713 dicit
2999 659 3281 716 Christus:
3310 670 3364 717 et
3412 679 3441 716 a
3470 663 3558 719 Iu-

1995 741 2122 795 daeis
2155 751 2496 811 exspectatur
2531 743 2911 812 Antichristus,
2945 756 3004 801 ut
3042 757 3186 804 retro
3233 754 3472 818 redeant,
3503 762 3558 808 et

1990 827 2049 880 in
2083 836 2282 882 terram
2311 831 2523 886 cadant.
2559 853 2575 883 ι
2612 834 2789 900 Quare
2816 837 2906 905 qui
2934 849 3193 894 venerunt
3225 842 3290 895 ad
3315 857 3557 914 compre-

1993 919 2352 985 hendendum,
2393 938 2497 978 non
2545 933 2827 980 tenuerunt
2860 943 3040 996 quem,
3070 931 3114 985 si
3169 933 3428 988 noluisset
3471 937 3558 991 ille

1994 1007 2083 1076 qui
2110 1009 2184 1062 ait
2213 1007 2326 1080 Ego
2346 1027 2480 1075 sum,
2512 1028 2616 1066 non
2649 1023 2891 1070 tenerent
2917 1030 2964 1069 α.
2995 1018 3072 1072 Illi
3103 1025 3410 1088 quaerebant
3433 1043 3555 1082 eum

1993 1099 2391 1167 apprehendere
2420 1099 2495 1174 [et
2519 1103 2814 1176 occidere],
2852 1106 2940 1162 ille
2965 1112 3239 1177 quaerebat
3268 1129 3361 1167 eos
3394 1114 3557 1185 [redi-

1993 1186 2161 1259 mere]
2198 1196 2252 1242 et
2276 1189 2567 1257 viviﬁcare,
2594 1203 2821 1263 pr0pter
2857 1197 3002 1265 quod
3029 1201 3178 1254 venit
3198 1201 3264 1255 ad
3297 1219 3416 1258 nos.
3459 1205 3558 1260 Os—

1993 1275 2163 1330 tendit
2205 1280 2567 1346 quaerentibus
2603 1291 2945 1351 potestatem,
2984 1290 3107 1356 quia
3136 1290 3322 1346 habuit
3354 1295 3408 1348 in
3456 1311 3555 1364 po-

1994 1374 2185 1421 testate
2211 1368 2444 1423 animam
2480 1386 2628 1426 suam
2655 1389 2870 1442 ponere,
2898 1392 3056 1446 quam
3091 1383 3270 1448 posuit
3295 1384 3424 1438 hora
3436 1400 3557 1453 pas-

1993 1458 2196 1524 sionis;
2223 1462 2458 1515 ostendit
2503 1463 2646 1531 quod
2681 1464 2832 1535 [Ms.,
2880 1468 2960 1538 ut]
3009 1478 3206 1526 nostra:
3235 1474 3557 1544 redemptio—

1993 1549 2076 1603 nis
2102 1550 2411 1620 impleretur
2426 1556 2758 1624 mysterium.
2793 1558 2975 1628 (Vens.
3006 1560 3081 1631 7.)
3105 1561 3302 1617 Iterum
3328 1583 3448 1637 ergo
3471 1587 3556 1624 eos

1991 1635 2322 1708 interrogavit
2349 1653 2367 1691 .°
2390 1639 2554 1706 Quem
2583 1647 2854 1714 queritis?
2887 1647 2943 1702 Si
2966 1651 3226 1718 quaeritis,
3250 1635 3417 1722 quare
3449 1673 3557 1712 non

318 1723 457 1794 pelle
493 1732 786 1788 contectus,
827 1704 977 1779 inter
1002 1741 1128 1781 oves
1169 1726 1275 1781 alto
1300 1704 1475 1782 Patris
1499 1704 1732 1784 familias
1760 1745 1887 1784 con—
1921 1704 1965 1764 Β
1992 1704 2409 1796 apprehenditis,
2447 1734 2550 1787 nisi
2581 1704 2705 1804 quia
2735 1737 2787 1791 in
2827 1704 3004 1794 vestra
3035 1756 3142 1796 non
3177 1704 3558 1814 estjpotestate

317 1815 438 1870 silio
465 1815 736 1882 toleratus,
763 1816 946 1871 didicit
971 1817 1058 1872 ubi
1085 1818 1150 1872 ad
1177 1824 1386 1890 tempus
1409 1819 1662 1890 exiguum
1683 1821 1887 1890 disper-

314 1912 470 1975 geret
495 1919 730 1974 gregem,
757 1905 966 1961 insidiis
993 1907 1288 1977 appetendo
1313 1917 1604 1978 pastorem.

387 1991 552 2047 Vens.
598 1993 649 2046 5.
694 2023 765 2032 —
793 1993 964 2049 Iudas
1005 2011 1145 2065 ergo,
1201 1997 1392 2066 inquit,
1445 2016 1562 2052 cum
1609 2002 1885 2071 accepisset

317 2081 598 2145 cohortem,
627 2089 673 2134 et
704 2100 735 2135 a
756 2083 1076 2152 principibus
1102 2094 1148 2137 et
1172 2083 1457 2140 Pltarisa'is
1491 2089 1774 2156 ministros,
1806 2109 1882 2145 ue-

318 2170 394 2223 nit
455 2169 578 2223 illuc
633 2187 750 2223 cum
803 2169 1016 2226 latentis
1071 2183 1119 2227 et
1170 2174 1373 2243 facibus
1429 2185 1478 2230 et
1531 2180 1713 2233 armis.
1776 2179 1884 2234 Co-

315 2258 450 2316 hors
466 2276 568 2314 non
591 2259 914 2329 Iudaeorum,
944 2265 1037 2319 sed
1062 2264 1290 2319 militum
1306 2265 1426 2320 fuit.
1457 2267 1499 2320 A
1518 2270 1746 2337 praeside
1778 2272 1880 2325 ita-

317 2365 422 2420 que
476 2351 803 2422 intelligatur
870 2362 1106 2422 accepta,
1163 2363 1416 2424 tanquam
1470 2359 1537 2409 ad
1598 2361 1883 2414 tenendum

318 2456 488 2507 reum,
514 2450 723 2496 servato
759 2443 944 2496 ordine
979 2443 1228 2513 legitimae
1279 2447 1584 2514 potestatis,
1617 2458 1675 2503 ut
1705 2449 1883 2503 nullus

310 2532 621 2585 tenentibus
688 2531 910 2586 auderet
980 2533 1262 2589 obsistere.
1296 2554 1315 2586 ι
1371 2535 1494 2590 Ideo
1566 2546 1714 2592 tanta
1775 2555 1885 2593 ma-

314 2637 416 2675 nus
428 2621 770 2676 inimicorum
807 2629 1131 2693 congregata
1159 2632 1262 2688 est,
1290 2633 1348 2678 ut
1372 2625 1551 2680 nullus
1583 2627 1883 2695 apprehen-

313 2711 563 2766 dentibus
606 2712 689 2766 vel
735 2713 1124 2778 contradicere,
1157 2713 1238 2768 vel
1269 2714 1556 2770 defendere
1586 2714 1765 2772 Iesum
1789 2733 1884 2772 au-

315 2803 487 2858 deret.
547 2823 565 2855 c
597 2804 674 2858 lta
709 2804 903 2874 quippe
941 2802 1056 2871 ejus
1124 2806 1554 2861 abscondebatur
1619 2816 1878 2877 potestas,

311 2893 418 2966 ~[et]
443 2895 835 2950 obtendebatur
863 2895 1166 2962 inﬁrmitas,
1197 2905 1254 2951 ut
1277 2898 1392 2953 hzec
1419 2898 1655 2954 inimicis
1692 2915 1881 2956 neces«

312 2987 459 3041 saria
496 2987 806 3041 viderentur
855 2989 1111 3044 adversus
1152 3005 1294 3054 eum,
1328 2991 1381 3043 in
1422 3005 1581 3060 quem
1628 3005 1733 3046 non
1786 3008 1880 3046 va-

1987 1816 2388 1908 apprehendere
2413 1818 2564 1891 [Ms.,
2594 1826 3025 1893 apprehendendi
3047 1828 3220 1904 hora],
3248 1835 3342 1890 sed
3363 1836 3418 1890 in
3442 1837 3558 1908 ejus

1987 1906 2079 1975 qui
2109 1907 2253 1962 venit
2283 1918 2344 1962 ut
2369 1913 2822 1980 apprehendatur.

2052 1998 2213 2068 623
2245 2000 2405 2055 Vens.
2433 2003 2488 2068 8,
2519 2003 2570 2058 9.
2611 2034 2680 2046 —
2702 2005 2795 2060 Illi
2837 2018 3010 2065 autem
3059 2013 3344 2070 dixerunt:
3371 2016 3554 2074 Iesum

1989 2082 2344 2179 Nazarenam.
2391 2089 2677 2161 Respondit
2712 2094 2909 2152 Iesus:
2935 2099 3062 2154 Dixi
3107 2102 3267 2168 uobis,
3313 2109 3437 2176 quia
3465 2125 3558 2179 ego

1983 2189 2117 2228 sum.
2150 2174 2208 2229 Si
2235 2194 2356 2247 ergo
2391 2197 2472 2233 me
2509 2185 2760 2252 quaeritis,
2789 2186 2941 2241 sinite
2967 2189 3061 2242 hos
3089 2190 3250 2245 abire.
3285 2174 3351 2246 Ut
3381 2174 3554 2250 adim-

1981 2262 2210 2332 pleretur
2241 2283 2429 2334 sermo,
2455 2287 2604 2340 quem
2649 2273 2782 2328 dixit
2814 2289 2831 2327 :
2861 2275 2998 2341 Quia
3026 2296 3153 2350 quos
3183 2282 3372 2337 dedisti
3402 2287 3551 2350 milii.

1982 2369 2085 2406 non
2109 2357 2312 2423 perdidi
2343 2375 2407 2412 ex
2445 2363 2518 2414 eis
2548 2379 2876 2435 quemquam.
2913 2385 2932 2418 ‹
2967 2365 3026 2423 Si
3055 2387 3140 2425 me
3187 2375 3440 2443 queritis,
3472 2378 3556 2432 in-

1983 2441 2290 2537 quin-sinite
2325 2447 2420 2500 hos
2467 2449 2628 2537 abire.
2658 2452 2906 2510 inimicos
2934 2456 3078 2510 videt
3107 2441 3256 2530 [Μέη
3281 2461 3476 2537 jubet],
3495 2476 3557 2522 et

1978 2530 2086 2583 hoc
2108 2530 2310 2586 faciunt
2335 2536 2476 2603 quod
2495 2535 2685 2604 jubet:
2720 2542 2901 2597 sinunt
2927 2544 3025 2599 hos
3066 2547 3220 2603 abire
3261 2566 3396 2620 quos
3444 2530 3555 2610 non

1979 2621 2094 2674 vult
2118 2623 2311 2691 perire.
2345 2625 2592 2696 Nunquid
2619 2640 2796 2686 autem
2841 2649 2946 2688 non
2996 2647 3152 2692 erant
3175 2649 3359 2709 postea
3385 2645 3556 2700 mori-

1980 2711 2128 2764 turi?
2166 2711 2275 2766 Cur
2307 2729 2456 2786 ergo,
2497 2717 2541 2770 si
2578 2725 2705 2774 tunc
2736 2732 3104 2790 morerentur,
3154 2730 3399 2797 perderet
3431 2748 3555 2800 eos.

1983 2801 2085 2855 nisi
2119 2803 2243 2872 quia
2272 2807 2506 2862 nondum
2547 2809 2600 2863 in
2630 2823 2750 2866 eum
2782 2813 2861 2869 sic
2909 2817 3235 2885 credebant,
3289 2826 3556 2890 quomodo

1981 2893 2209 2949 credunt
2247 2897 2551 2969 quicunque
2595 2916 2698 2957 non
2723 2907 2989 2972 pereunt?
3015 2906 3200 2978 (Vens.
3235 2911 3345 2982 10.)
3366 2911 3556 2970 Simon

1984 3002 2103 3056 ergo
2137 2984 2324 3042 Petrus
2348 2991 2538 3046 habens
2561 2993 2798 3064 gladium
2841 2999 3018 3052 eduxit
3046 3019 3183 3069 eum,
3213 3013 3261 3057 et
3302 3009 3558 3075 percussit

312 3074 563 3141 inissent,
601 3075 703 3130 nisi
735 3077 858 3146 quia
891 3075 1043 3148 [Ms.,
1073 3078 1206 3132 nihil
1245 3079 1538 3136 valuissent
1577 3081 1682 3137 nisi
1711 3082 1876 3155 quod]

1990 3079 2228 3146 principis
2258 3097 2458 3134 servum
2491 3083 2605 3154 [Sic
2629 3094 2681 3140 et
2709 3086 2762 3139 in
2786 3103 2920 3153 ms.;
2950 3089 3277 3156 Al.,servum
3304 3096 3556 3169 principis

313 3163 435 3233 ipse
461 3165 752 3219 voluisset:
783 3167 917 3220 bene
954 3175 1110 3222 utens
1154 3169 1326 3224 bonus
1354 3170 1530 3237 malis,
1576 3180 1633 3227 et
1677 3170 1882 3228 faciens
1979 3168 2327 3241 sacerdotum]
2348 3172 2629 3228 θειώδειάῆ
2646 3176 2761 3245 ejus
2783 3178 3074 3233 auriculam
3102 3163 3387 3238 dexteram.

317 3259 460 3316 bona
483 3259 548 3313 de
575 3259 755 3313 malis.
790 3280 807 3310 ι
834 3257 996 3314 Jesus
1020 3268 1216 3322 autem,
1249 3262 1388 3316 sicut
1423 3265 1750 3336 evangelista
1799 3281 1883 3322 se-
1981 3267 2152 3312 αατειη
2182 3277 2361 3315 nomen
2400 3279 2546 3318 δεηνο
2588 3263 2846 3322 ΜαιεΙιιιδο
2894 3268 3050 3326 Solus
3087 3273 3182 3328 hic
3227 3276 3557 3348 evangelista

313 3358 476 3405 cutus
524 3349 796 3420 adjungit:
833 3349 1019 3422 (Vens.
1067 3351 1122 3423 4)
1162 3351 1341 3407 Sciens
1367 3357 1559 3420 omnia,
1594 3374 1710 3428 qua:
1758 3377 1881 3414 ven-
1982 3350 2145 3404 etiam
2183 3367 2376 3407 nomen
2407 3356 2548 3410 servi
2577 3356 2734 3427 hujus
2769 3362 3075 3430 expressit:
3111 3364 3250 3419 sicut
3275 3366 3556 3423 Lucasso—

321 3450 440 3493 tura
467 3451 612 3494 erant
657 3458 811 3511 super
838 3458 974 3494 eum.
1008 3441 1226 3498 Sciebat
1258 3453 1312 3498 et
1335 3445 1509 3500 voluit
1552 3457 1612 3502 ut
1636 3464 1883 3520 compre—

1990 3437 2083 3504 lus,
2109 3442 2250 3510 quod
2291 3443 2406 3514 ejus
2453 3447 2747 3504 auriculam
2785 3451 3044 3509 Dominus
3067 3455 3302 3525 tetigerit
3325 3465 3378 3512 et
3398 3473 3559 3512 sana-

315 3530 686 3596 henderetur;
730 3532 857 3600 quia
915 3531 983 3585 ad
1034 3532 1138 3586 hoc
1181 3534 1333 3588 venit
1384 3535 1437 3588 in
1493 3539 1769 3604 mundum,
1824 3550 1885 3594 ut
1982 3531 2284 3587 vel‘ilcilm.
2317 3535 2553 3591 Malchus
2601 3547 2781 3593 autem
2803 3540 3193 3608 interpretatur
3218 3555 3557 3616 regnaturus.

317 3622 427 3676 hoc
455 3621 606 3675 ﬁeret
634 3622 774 3691 quod
813 3622 997 3689 voluit,
1046 3633 1101 3678 et
1140 3633 1266 3680 tunc
1319 3626 1634 3698 impleretur
1667 3633 1883 3702 quando

1990 3619 2120 3688 Quid
2145 3637 2272 3691 ergo
2306 3626 2453 3678 auris
2487 3642 2585 3694 pro
2606 3627 2831 3681 Domino
2871 3638 3160 3698 amputata,
3196 3641 3251 3688 et
3279 3634 3558 3694 sDomiuo

317 3711 508 3766 soluit.
562 3709 821 3768 Processit
853 3724 900 3767 et
929 3714 1063 3769 dixit
1113 3717 1206 3781 eis,
1241 3735 1390 3787 quem
1438 3721 1712 3790 quwritis?
1748 3722 1882 3775 Pro-

315 3800 500 3864 cessit,
525 3808 746 3869 paratus
795 3802 863 3856 ad
888 3804 1215 3872 passionem,
1246 3814 1302 3859 et
1357 3807 1698 3876 interrogans
1725 3822 1885 3875 quem

321 3899 658 3960 quaarerent;
715 3907 821 3944 non
887 3895 1042 3959 quasi
1101 3895 1318 3962 ignarus
1389 3910 1577 3949 eorum
1637 3897 1884 3952 volunta-

317 3977 415 4040 tis,
463 3978 555 4030 sed
607 3987 668 4030 ut
709 3979 911 4032 scirent
960 3981 1132 4048 ipsum
1190 3996 1310 4037 esse
1359 3999 1519 4052 quem
1559 3996 1882 4055 quiererent.

317 4068 507 4140 (Vens.
539 4068 615 4137 5.)
655 4067 1080 4138 Responderunt:
1109 4070 1291 4125 Iesum
1335 4073 1690 4130 Nasarenunt.
1730 4076 1887 4134 Iesus

323 4155 629 4212 Nazarenus
656 4158 953 4223 dicebatur,
985 4160 1109 4228 quia
1144 4161 1196 4215 in
1224 4161 1490 4218 Nazareth
1520 4167 1751 4222 nutritus
1780 4177 1884 4234 est,

320 4255 382 4300 ut
431 4246 743 4317 impleretur
771 4250 1090 4319 prophetia:
1123 4249 1383 4316 Quoniam
1421 4255 1696 4312 Nasareus
1735 4275 1886 4312 uoca-

1982 3720 2169 3765 sanata
2205 3713 2488 3782 signiﬁcat,
2527 3716 2628 3770 nisi
2675 3719 2912 3775 auditum
2962 3733 3554 3794 amputatavetustate

1984 3807 2315 3864 renovatum,
2345 3809 2403 3854 ut
2431 3803 2501 3859 sit
2529 3804 2583 3857 in
2609 3805 2846 3863 novitate
2872 3811 3110 3880 spiritus,
3139 3826 3194 3870 et
3213 3833 3320 3874 non
3362 3820 3420 3875 in
3461 3836 3553 3877 ve-

1980 3894 2181 3941 tustate
2201 3887 2426 3944 litterae?
2471 3891 2621 3959 Quod
2635 3895 2726 3948 cui
2745 3899 3047 3966 praestitum
3077 3901 3239 3960 fuerit
3266 3923 3296 3961 a
3317 3907 3549 3974 Christo,

1985 3982 2105 4051 quis
2129 3981 2336 4038 dubitet
2361 3994 2706 4055 regnaturum
2731 4004 2850 4045 esse
2878 4003 3000 4046 cum
3022 3993 3274 4052 Christo?
3307 4017 3326 4050 ο
3357 3998 3554 4056 Servus

1986 4071 2162 4131 dictus
2187 4080 2270 4129 est
2311 4085 2532 4147 propter
2591 4083 2900 4139 servitutem
2932 4084 3180 4156 legalem,
3209 4103 3372 4146 sanus
3406 4089 3558 4162 [Ms.,

1987 4165 2228 4238 sanatus]
2262 4175 2438 4223 autem
2468 4169 2664 4225 dicitur
2704 4185 2926 4244 propter
2954 4179 3312 4249 evangelicam
3343 4181 3565 4240 liberta.

1988 4260 2116 4306 tem.
2156 4272 2174 4304 ‹
2207 4252 2427 4319 Factum
2461 4265 2640 4314 tamen
2668 4259 2812 4316 Petri
2842 4263 3102 4320 Dominus
3125 4268 3474 4337 improbavit,
3505 4281 3562 4328 et

318 4337 479 4390 bitur.
506 4336 649 4391 Dicit
675 4339 746 4392 eis
771 4355 790 4392 .-
816 4338 929 4410 Ego
952 4357 1087 4398 sum.
1116 4341 1232 4396 Non
1260 4343 1547 4399 abscondit
1571 4361 1648 4411 se,
1676 4348 1768 4402 sed
1795 4363 1884 4402 os-
1918 4407 1965 4432 “
1984 4345 2235 4414 progredi
2274 4346 2412 4401 ultra
2457 4350 2729 4417 prohibuit
2781 4352 2964 4408 dicens
2995 4372 3008 4409 :
3055 4336 3234 4426 (Vens.
3286 4361 3373 4432 tl)
3411 4362 3561 4417 Mitte

323 4427 532 4494 tendit;
560 4429 689 4498 quia
738 4430 828 4499 qui
862 4407 1134 4486 voluntate
1179 4447 1276 4487 sua
1329 4435 1476 4489 venit
1504 4435 1558 4489 in
1609 4407 1886 4502 mundum,
1916 4407 1966 4465 ι)
1986 4407 2221 4503 qladium
2242 4437 2295 4488 in
2322 4407 2580 4506 vagiiiam.
2611 4437 2838 4496 Calicem
2869 4461 3019 4514 quem
3056 4407 3200 4502 dedit
3225 4407 3560 4517 mihilPater,

323 4518 593 4574 voluntate
640 4535 740 4574 sua
787 4522 976 4591 posuit
1025 4523 1258 4578 animam
1305 4540 1458 4579 suam
1511 4541 1610 4596 pro
1668 4525 1886 4581 mundo.

325 4610 507 4681 (Vens.
531 4612 609 4682 6.)
640 4611 823 4668 Stabat
856 4625 1027 4670 autem
1062 4626 1110 4671 et
1133 4615 1325 4684 Iudas,
1355 4620 1442 4690 qui
1473 4621 1706 4675 tradebat
1746 4639 1888 4688 eum,

324 4719 438 4755 cum
477 4704 623 4773 ipsis.
674 4701 738 4758 Ut
766 4722 885 4776 ergo
919 4707 1051 4762 dixit
1078 4709 1190 4762 eis:
1218 4709 1330 4780 Ego
1359 4727 1494 4776 sum,
1537 4711 1771 4766 abieram
1817 4730 1892 4767 re-

324 4800 567 4857 trorsum,
590 4803 637 4848 et
661 4796 953 4851 ceciderunt
983 4799 1035 4852 in
1061 4808 1274 4854 terram.
1305 4821 1323 4852 ς
1361 4802 1459 4858 Ubi
1493 4819 1633 4858 nunc
1661 4805 1888 4860 militum

325 4881 539 4946 cohors,
612 4892 666 4938 et
713 4886 944 4941 ministri
987 4887 1288 4959 principum
1339 4905 1403 4945 ac
1453 4891 1891 4948 Pharisaeorum?

327 4969 426 5026 Ubi
474 4979 647 5027 terror
672 4983 726 5028 et
762 4977 1032 5032 munimen
1063 4980 1380 5032 armorum?
1403 4979 1602 5050 Nempe
1639 4998 1745 5036 una
1786 4996 1888 5040 vus

325 5061 726 5134 dicentiszEgo
776 5082 911 5131 sum,
961 5075 1164 5123 tantam
1205 5070 1413 5125 turbam
1460 5072 1597 5126 odiis
1633 5072 1886 5141 ferocem,

327 5152 599 5223 armisque
638 5155 952 5223 terribilem,
991 5160 1107 5215 sine
1143 5161 1250 5216 ullo
1277 5161 1384 5217 telo
1413 5164 1697 5232 percussit,
1729 5180 1886 5234 repu-

327 5239 409 5305 lit,
436 5242 645 5297 stravit.
674 5243 818 5298 Deus
843 5245 986 5300 enim
1013 5247 1214 5305 latebat
1238 5252 1290 5306 in
1320 5267 1504 5318 carne,
1525 5261 1579 5307 et
1608 5253 1890 5324 sempiter-

328 5347 431 5387 nus
477 5333 594 5387 dies
619 5332 693 5386 ita
738 5334 996 5390 membris
1026 5340 1393 5397 occultabatur
1417 5344 1686 5407 humanis,
1727 5353 1787 5402 ut
1814 5345 1891 5401 la-

331 5422 498 5477 ternis
545 5428 597 5476 et
624 5419 832 5476 facibus
861 5435 1190 5491 qumremtur
1209 5431 1530 5488 occidendus
1559 5449 1589 5487 a
1631 5435 1889 5491 tenebris.

402 5543 425 5570 ο
461 5528 581 5584 Msa
613 5547 631 5578 ι
667 5527 866 5610 Quare,
897 5530 988 5610 qui
1035 5543 1294 5592 venerunt
1332 5539 1398 5610 ad
1440 5544 1893 5610 comprehenden-

334 5600 480 5661 dum.
534 5612 636 5653 non
683 5607 986 5664 tenuerunt,
1039 5616 1069 5655 a
1118 5618 1222 5671 quo
1247 5607 1528 5662 audierunt
1555 5600 1577 5661 ε’
1598 5612 1709 5680 Ego
1735 5629 1846 5667 sum
1872 5614 1896 5667 ἴ)

574 5689 846 5750 Ριτκυι.
894 5687 966 5752 C.

1993 4543 2095 4580 non
2116 4524 2286 4581 bibam
2311 4527 2500 4582 illum?
2530 4549 2548 4582 ι
2580 4529 2702 4586 Non
2746 4530 2921 4590 bibam
2945 4535 3094 4591 illum
3113 4579 3128 4604 ,
3180 4539 3562 4614 interrogative

1988 4616 2076 4670 vel
2115 4617 2439 4686 increpative
2465 4617 2742 4691 legendum
2781 4633 2894 4691 est,
2953 4629 3105 4698 quasi
3149 4631 3408 4689 dixisset:
3443 4636 3559 4695 Non

1989 4706 2170 4761 bibam
2198 4707 2344 4763 illum
2371 4710 2592 4767 calicem
2619 4727 2777 4782 quem
2798 4708 2966 4770 Pater
3004 4718 3134 4774 mibi
3173 4721 3318 4776 dedit
3339 4725 3563 4781 bibere?

1990 4797 2169 4864 Quare
2199 4801 2448 4857 resistere
2493 4800 2575 4859 vis
2603 4800 2863 4862 voluntati
2926 4810 3306 4879 omnipotentis
3353 4814 3560 4878 Patris.

1996 4890 2104 4946 imo
2141 4897 2197 4945 et
2217 4887 2405 4948 salutis
2427 4900 2532 4950 tua:
2552 4893 2738 4950 calici?
2762 4896 2820 4951 ln
2860 4913 2957 4954 suo
2990 4901 3186 4970 quippe
3214 4900 3356 4958 facto
3375 4903 3463 4965 ille
3483 4905 3563 4959 di-

1994 4980 2226 5049 scipulus
2259 4983 2571 5053 magistrum
2623 4984 2908 5044 defendere
2932 4988 3117 5055 voluit,
3143 4988 3356 5047 nescius
3387 4993 3564 5050 adhuc

1995 5071 2447 5140 dispensationem
2496 5083 2732 5144 paternae
2769 5077 3061 5134 voluntatis
3109 5078 3558 5155 [Ms.,pietatis].

1993 5164 2118 5231 quid
2138 5176 2204 5217 ex
2239 5163 2343 5220 hoc
2365 5165 2478 5220 ﬁeri
2501 5176 2782 5222 venturum
2831 5169 3108 5225 voluisset.
3143 5188 3162 5220 ι
3198 5170 3346 5238 Quod
3376 5183 3556 5230 autem

1993 5269 2022 5306 a
2041 5251 2200 5307 Patre
2237 5253 2338 5308 sibi
2365 5255 2495 5309 dicit
2525 5255 2703 5311 datum
2733 5257 2953 5313 calicem
2981 5259 3276 5328 passionis,
3313 5261 3556 5332 profecto

1991 5339 2119 5394 illud
2143 5349 2224 5394 est
2250 5342 2388 5410 quod
2412 5343 2487 5396 ait
2533 5343 2847 5411 Apostolus:
2879 5345 2940 5401 Si
2968 5347 3105 5402 Deus
3133 5366 3225 5418 pro
3253 5351 3415 5412 nobis.
3441 5355 3556 5423 quis

1992 5439 2172 5484 contra
2203 5431 2332 5484 nos?
2371 5431 2460 5501 qui
2490 5429 2629 5486 Filio
2657 5436 2866 5505 proprio
2909 5453 3011 5491 non
3055 5441 3294 5509 pepercit,
3326 5442 3416 5499 sed
3466 5460 3560 5512 pro

1995 5539 2160 5628 Quian
2183 5550 2308 5597 ante
2353 5558 2456 5599 non
2506 5551 2814 5614 potuerunt,
2842 5561 3003 5616 quam
3028 5547 3286 5605 voluisset
3312 5550 3416 5618 ille,
3465 5555 3559 5628 qui

1995 5612 2062 5665 ait
2095 5610 2226 5680 :Ego
2257 5627 2388 5664 sum.
2430 5632 2448 5664 ›

3048 5709 3120 5769 31
