4000 6190
551 362 649 418 971

1386 361 1445 414 Β.
1487 358 1548 413 F.
1580 358 1803 414 ALBlNl
1840 353 1969 413 SEU
2010 350 2283 409 ALCUlNl
2319 344 2600 406 OPEBUM
2639 342 2815 399 PARS
2847 341 2910 398 ιι,

3677 330 3809 390 97!

551 475 698 531 nobis
734 473 966 529 omnibus
994 472 1209 527 tradidit
1240 489 1355 526 eum
1381 471 1551 544 (Rom.
1593 487 1711 535 vin,
1739 471 1830 535 5i,
1852 468 1965 539 52).
2010 465 2112 522 Ve-
2144 470 2185 524 A
2216 462 2452 516 missima
2480 459 2547 513 ad
2572 457 2731 513 unius
2783 470 2927 510 aura!
2970 454 3257 525 impulsum
3298 458 3409 544 tota
3440 451 3801 544 contremuit,

553 582 670 622 rum
701 548 887 620 auctor
910 563 1090 619 calieis
1108 563 1269 633 hujus
1294 572 1376 618 est
1397 603 1411 627 ,
1458 564 1621 617 etiam
1674 562 1788 631 ipse
1815 560 1907 630 qui
1959 557 2111 613 bibit.

554 652 706 710 Unde
718 653 857 707 idem
875 651 1160 721 Apostolus
1181 652 1307 705 item
1328 650 1456 705 dicit
1482 665 1495 703 :
1523 648 1759 703 Christus
1787 646 1966 699 dilexit
2002 660 2113 707 nos,

551 755 600 800 et
624 744 841 798 tradidit
875 745 1200 815 semetipsum
1242 759 1334 813 pro
1380 743 1546 808 nobis,
1577 742 1888 795 oblationem
1933 748 1981 792 et
2027 737 2119 790 Ito-

551 833 703 889 stiam
720 832 826 887 Deo
840 834 894 887 in
910 835 1117 885 odorem
1130 832 1419 886 suavitatis.
1441 829 1718 901 (Ephes.v,
1731 830 1786 899 2)
1805 829 1987 899 (Vens.
2010 825 2117 897 12.)

553 921 750 977 Cohors
776 940 916 994 ergo,
947 932 993 976 et
1027 921 1280 986 tribunus,
1320 932 1367 976 et
1396 922 1622 974 ministri
1649 920 1958 973 Iudaeorum
1982 934 2123 970 com-

550 1010 929 1081 prehenderunt
942 1009 1142 1076 Iesum,
1157 1021 1202 1063 et
1222 1009 1509 1080 ligaverunt
1536 1026 1671 1063 eum.
1687 1005 2117 1076 Comprehende-

553 1109 699 1164 runt,
729 1100 795 1155 ad
821 1114 981 1168 quem
1022 1115 1127 1153 non
1158 1106 1505 1154 accesserunt
1553 1098 1827 1168 [quoniam
1856 1098 1969 1151 dies
1996 1095 2084 1150 ille
2104 1126 2155 1160 ,ί

556 1186 633 1241 illi
668 1202 798 1241 vero
853 1190 1087 1243 tenebrae
1142 1188 1604 1259 permanserunt];
1659 1203 1758 1243 nec
1802 1186 2117 1241 audierunt:

559 1277 796 1332 Accedite
823 1278 891 1330 ad
935 1294 1071 1343 eum,
1102 1287 1149 1332 et
1193 1277 1563 1331 illuminamini
1595 1274 1765 1348 (Psal.
1812 1293 2005 1340 χχχιιι,
2046 1276 2120 1346 6).

545 1362 708 1422 Nunc
734 1376 912 1422 autem
954 1368 1165 1436 quando
1194 1384 1316 1422 eum
1370 1368 1462 1423 illo
1505 1368 1662 1424 modo
1712 1370 2127 1437 comprehende-

558 1466 703 1523 runt,
735 1465 864 1513 tunc
900 1459 966 1513 ab
991 1473 1054 1513 eo
1082 1458 1292 1529 longius
1341 1470 1679 1515 recesserunt
1706 1478 1718 1516 :
1752 1469 1805 1515 et
1828 1460 2127 1530 ligaverunt

558 1558 705 1615 eum,
736 1564 766 1603 a
798 1560 903 1618 quo
937 1550 1067 1605 solvi
1096 1552 1274 1620 potius
1300 1551 1434 1605 velle
1464 1552 1779 1606 debuerunt.
1821 1570 1839 1602 ι

510 1636 513 1639 ’
635 1658 654 1691 ι
685 1639 1086 1709 aPosteaquam
1140 1650 1512 1710 persecutores
1539 1641 1780 1695 tradente
1818 1639 1951 1694 Juda
1984 1655 2129 1695 com-

558 1726 885 1794 prehensum
916 1728 1197 1783 Dominum
1226 1728 1547 1800 ligaverunt,
1573 1729 1663 1798 qui
1699 1744 1796 1783 nos
1833 1728 2036 1793 dilexit,
2075 1737 2131 1782 et

2218 552 2320 609 Ubi
2358 559 2440 606 est
2462 550 2551 604 illa
2580 545 2944 619 promittentis
2964 544 3209 607 audacia,
3232 550 3284 598 et
3306 542 3374 597 de
3404 556 3463 596 se
3502 540 3807 610 plurimum

2216 637 2622 709 przesumentis?
2651 634 2750 691 Ubi
2772 642 2897 689 sunt
2917 634 3077 688 verba
3104 632 3208 698 illa,
3234 632 3446 701 quando
3466 630 3541 683 ait
3564 647 3578 682 :
3616 628 3809 695 Quare

2219 744 2323 783 non
2341 740 2548 797 possum
2572 725 2714 794 sequi
2735 733 2783 777 te
2808 722 2963 776 modo
2979 723 3004 775 Σ)
3037 721 3277 777 Animam
3301 735 3470 774 meam
3496 735 3589 788 pro
3610 728 3659 772 te
3696 734 3806 789 po-

2220 833 2340 871 nam
2369 815 2546 887 (Ioan.
2572 831 2690 877 xui,
2715 812 2837 883 3'7);
2884 813 2989 867 hoc
3038 828 3143 866 non
3171 822 3253 866 est
3282 810 3434 880 sequi
3456 810 3805 879 magistrum,

2220 905 2314 959 sed
2337 918 2394 958 se
2437 917 2633 970 negare
2666 901 2988 970 discipulum
3026 914 3164 955 esse.
3202 898 3370 953 Sicne
3425 913 3524 967 pro
3570 898 3807 952 Domino

2222 997 2398 1051 anima
2427 995 2660 1064 ponitur,
2684 1000 2743 1048 ut
2781 994 2883 1048 hoc
2912 1009 2979 1049 ne
3003 993 3096 1046 ﬁat
3120 1033 3135 1057 ,
3185 1008 3287 1046 vox
3316 991 3523 1046 ancillae
3545 991 3806 1046 formido:-

2224 1086 2346 1141 tur?
2379 1105 2396 1137 ι
2431 1085 2573 1139 Sane
2602 1085 2657 1137 in
2697 1083 2800 1139 hoc
2825 1082 2989 1156 [loco]
3016 1082 3465 1138 considerandum
3495 1091 3598 1147 est,
3631 1096 3805 1152 quam

2222 1176 2572 1247 periculosum
2604 1174 2674 1229 sit
2714 1173 3024 1230 Christiano
3063 1189 3121 1227 se
3151 1171 3516 1227 Christianum
3542 1188 3665 1227 esse
3700 1187 3805 1228 ne.

2223 1280 2370 1338 gare.
2399 1264 2515 1319 Non
2543 1264 2685 1319 enim
2705 1262 2896 1318 Petrus
2922 1264 2976 1317 in
2999 1264 3102 1318 hoc
3129 1262 3247 1317 loco
3270 1262 3407 1317 dixit
3440 1276 3498 1316 se
3523 1262 3809 1317 Christum

2224 1372 2438 1428 negare,
2471 1355 2564 1410 sed
2614 1355 2935 1425 discipulum
2977 1354 3220 1410 Christi:
3257 1363 3433 1408 tamen
3486 1355 3601 1423 ipse
3646 1354 3811 1410 Chri-

2226 1456 2341 1502 stus
2369 1456 2492 1502 ante
2519 1445 2802 1516 prtedixit:
2838 1444 2939 1498 Ter
2980 1461 3060 1498 me
3103 1453 3383 1514 negaturus
3410 1460 3483 1497 es.
3512 1442 3616 1508 Qui
3658 1444 3809 1496 enim

2227 1534 2544 1605 discipulum
2570 1549 2627 1589 se
2648 1533 2850 1589 Christi
2893 1533 3106 1603 negavit
3141 1547 3262 1587 esse
3288 1531 3657 1585 Christianum
3703 1530 3808 1601 [se]

2227 1625 2473 1695 negavit:
2526 1623 2774 1678 similiter
2831 1622 2923 1692 qui
2963 1636 3021 1675 se
3069 1620 3432 1675 Christianum
3482 1630 3646 1690 negat
3688 1634 3810 1676 esse

2227 1721 2448 1783 prepter
2494 1711 2725 1781 aliquem
2773 1711 3054 1773 timorem,
3105 1709 3267 1763 etiam
3303 1706 3579 1762 Christum
3627 1714 3805 1779 negat.

560 1815 782 1870 tradidit
802 1817 1143 1886 semetipsum
1173 1833 1269 1887 pro
1301 1820 1455 1873 nobis
1484 1819 1749 1881 omnibus,
1775 1826 1829 1873 et
1851 1820 1935 1873 cui
1972 1818 2130 1872 Pater

2233 1805 2417 1877 (Vens.
2451 1803 2560 1876 l8.)
2592 1801 2812 1858 Stabant
2832 1812 3004 1855 autent
3025 1802 3155 1855 servi
3178 1812 3224 1854 et
3252 1801 3476 1853 ministri
3495 1800 3567 1854 ad
3587 1817 3805 1871 prunas,

562 1918 668 1958 non
706 1906 963 1975 pepercit,
988 1908 1080 1961 sed
1112 1924 1208 1977 pro
1253 1909 1407 1964 nobis
1452 1909 1702 1963 omnibus
1741 1908 1959 1962 tradidit
2010 1924 2134 1963 eum

563 1994 741 2066 (Rom.
768 2014 889 2064 vm,
920 2000 1031 2069 52),
1090 2002 1272 2072 (Vens.
1304 2003 1388 2074 13)
1428 2002 1767 2057 Adduxerunt
1793 2020 1909 2057 eum
1932 2003 1999 2056 ad
2025 2002 2134 2055 An-

564 2103 688 2140 nam
725 2088 967 2157 primum.
1020 2088 1130 2144 Nec
1173 2091 1315 2143 enim
1364 2091 1596 2145 Joannes
1641 2092 1796 2145 istam
1825 2099 1964 2145 tacet
2010 2104 2136 2144 cau-

563 2189 699 2247 sam,
725 2191 893 2244 quare
917 2176 1020 2231 hoc
1048 2179 1120 2231 ita
1149 2178 1347 2233 factum
1369 2179 1438 2233 sit
1478 2179 1629 2251 [Ms.,
1662 2195 1825 2248 quare
1855 2181 1957 2233 hoc
1980 2178 2138 2233 fecis-

565 2262 728 2334 sent],
763 2263 980 2319 dicens:
1011 2264 1142 2318 Erat
1167 2267 1324 2332 enim,
1355 2266 1548 2336 inquit,
1588 2284 1734 2321 socer
1760 2267 2003 2337 Caiplue,
2049 2268 2137 2338 qui

564 2362 678 2409 erat
704 2354 937 2424 pontifex
961 2358 1085 2410 anni
1111 2356 1272 2410 illius.
1314 2379 1332 2410 ι
1694 2370 1695 2373 ‘

637 2442 797 2497 Vens.
814 2442 899 2496 Η.
935 2475 991 2484 -
1007 2445 1136 2499 Erat
1151 2456 1318 2501 autem
1334 2445 1579 2517 Caipltas,
1595 2450 1682 2518 qui
1705 2448 1973 2501 consilium
1998 2449 2139 2501 dedit

564 2531 791 2597 Iudwis,
816 2535 939 2604 quia
961 2535 1166 2605 expedit
1188 2554 1346 2590 unum
1375 2538 1633 2592 Immineat
1661 2542 1793 2593 mori
1811 2556 1905 2609 pro
1925 2540 2133 2610 populo.

566 2620 767 2676 Ductus
788 2631 869 2677 est
893 2627 960 2678 ad
977 2625 1185 2678 Annam
1215 2627 1468 2695 primum,
1488 2638 1541 2683 et
1563 2638 1747 2699 postea
1767 2631 1835 2684 ad
1856 2630 2133 2699 Caipham,

564 2715 624 2761 ut
645 2710 893 2779 cognatio
914 2714 1191 2782 sanguinis
1216 2723 1268 2768 et
1300 2716 1518 2771 sceleris
1546 2733 1640 2773 eos
1676 2717 1877 2774 faceret
1920 2735 2138 2775 consor-

518 2824 525 2835 ν
554 2810 665 2855 tes.
693 2800 902 2872 Moyses
923 2804 1032 2858 Deo
1062 2803 1282 2873 jubente
1310 2820 1637 2878 praeceperat
1657 2820 1715 2865 ut
1740 2811 2019 2880 pontiﬁces
2039 2827 2134 2880 pa-

551 2895 742 2950 'tribus
772 2897 1140 2963 succederent,
1173 2907 1232 2951 ut
1258 2901 1619 2968 generationis
1667 2904 1722 2957 in
1774 2905 2138 2961 sacerdotibus

540 3008 545 3015 -
562 2986 732 3040 series
754 2995 1185 3041 conservaretur.
1202 2988 1389 3043 Refert
1407 2988 1668 3062 Josephus
1694 2993 1855 3047 istum
1882 2993 2135 3063 Caipham

555 3073 725 3127 unius
739 3082 946 3127 tantum
970 3075 1095 3128 anni
1123 3077 1188 3132 ab
1209 3076 1415 3133 Herode
1438 3081 1612 3148 pretio
1628 3082 1918 3137 redemisse
1948 3097 2132 3136 sacer~

566 3159 793 3213 dotium.
825 3160 940 3216 Non
971 3177 1097 3234 ergo
1119 3165 1337 3232 mirum,
1367 3168 1412 3223 si
1449 3168 1664 3239 iniquus
1686 3169 1925 3240 pontifex
1954 3172 2134 3240 inique

558 3248 898 3317 iudicaverit.
940 3250 1093 3321 Saepe
1132 3255 1222 3323 qui
1251 3272 1347 3325 per
1378 3259 1658 3313 avaritiam
1684 3259 1750 3313 ad
1780 3261 2136 3315 sacerdotium

561 3338 791 3404 accedit,
821 3355 919 3408 per
971 3340 1288 3409 injustitiam
1313 3354 1560 3400 versatur
1602 3347 1656 3400 in
1706 3362 1791 3413 eo,
1813 3356 1867 3402 et
1909 3349 2139 3403 sociem-

562 3434 679 3482 tum
708 3428 1163 3486 initium‘funesto
1190 3432 1295 3487 ﬁne
1317 3437 1667 3490 consumitur.

634 3518 797 3573 Vens.
826 3519 913 3573 l5.
945 3550 1016 3560 —
1040 3518 1363 3592 Sequebatur
1400 3532 1594 3589 autem,
1626 3525 1817 3594 inquit,
1839 3527 2021 3582 Iesum
2049 3528 2134 3583 Si-

538 3622 682 3660 -mon
714 3606 901 3662 Petrus
943 3619 993 3663 et
1035 3610 1173 3664 alius
1221 3612 1525 3682 discipulus.
1577 3633 1594 3665 ι
1633 3615 1887 3682 Quisnam
1940 3619 2009 3672 sit
2037 3621 2137 3675 iste

560 3698 872 3766 discipulus,
902 3715 1007 3753 non
1045 3707 1247 3757 temere
1274 3702 1642 3759 allirmandum
1697 3717 1796 3772 est,
1826 3710 1949 3778 quia
1995 3719 2138 3766 tace-

562 3793 673 3837 tur.
704 3785 851 3839 Solet
879 3796 1058 3842 autem
1086 3804 1145 3843 se
1175 3790 1314 3845 idem
1343 3790 1577 3849 Joannes
1605 3796 1676 3849 ita
1700 3797 2001 3867 signiﬁcare
2028 3841 2042 3866 ,
2084 3809 2138 3854 et

556 3872 763 3927 addere
788 3890 801 3927 :
828 3891 980 3945 quem
1006 3876 1251 3948 diligebat
1278 3880 1454 3936 Iesus.
1504 3883 1775 3941 Fortassis
1804 3903 1931 3957 ergo
1953 3898 2007 3942 et
2050 3890 2138 3944 hic

530 3962 677 4029 Aipse
696 3971 797 4028 est,
828 3982 848 4015 ι
882 3966 974 4034 qui
993 3966 1146 4035 juxta
1170 3984 1386 4025 crucem
1419 3972 1543 4028 Iesu
1582 3977 1778 4040 stabat,
1805 3978 1889 4031 cui
1912 3978 2001 4034 ille
2024 3995 2136 4034 ma-

561 4052 663 4108 tris
683 4058 1079 4113 commendavit
1123 4063 1439 4117 custodiam.
1490 4065 1629 4120 Dieit
1656 4076 1710 4121 et
1737 4067 2019 4125 Matthaeus
2058 4072 2138 4126 ‘de

559 4140 759 4198 Petro:
799 4144 995 4201 Petrus
1013 4151 1323 4219 sequebatur
1345 4170 1461 4207 eum
1489 4172 1520 4208 a
1560 4155 1709 4227 longe
1739 4158 1952 4228 (Matth.
1986 4178 2134 4229 xxvi,

558 4233 671 4304 58).
694 4233 741 4288 A
766 4236 924 4306 longe
959 4240 1286 4306 sequebatur
1310 4240 1674 4316 [Dominum],
1731 4247 1821 4315 qui
1850 4258 1968 4303 erat
2013 4266 2137 4305 eum

549 4334 847 4395 negaturus
871 4368 886 4392 ,
919 4337 977 4381 ut
1012 4329 1203 4383 videret
1223 4331 1398 4400 ﬁnem,
1431 4334 1513 4388 vel
1544 4349 1728 4390 amore
1766 4340 2030 4408 magistri,
2054 4342 2136 4396 vel

2233 1897 2355 1967 quia
2385 1896 2551 1965 frigus
2575 1903 2706 1957 erat,
2738 1904 2785 1946 et
2823 1892 3194 1963 calefaciebant
3224 1909 3297 1945 se.
3327 1890 3521 1961 Frigus
3540 1901 3665 1946 erat
3692 1892 3808 1946 inti-

2233 1984 2469 2040 delitatis
2489 1984 2541 2036 in
2565 1983 2816 2038 cordibus
2841 1981 3067 2044 illorum,
3103 1981 3157 2035 in
3188 1988 3395 2035 tantum
3423 1981 3593 2035 etiam
3624 1991 3685 2036 ut
3723 1981 3808 2036 ille

2232 2075 2480 2143 princeps
2516 2072 2878 2141 apostolorum
2914 2071 2966 2125 in
2989 2085 3052 2125 eo
3080 2069 3277 2141 frigore
3304 2079 3657 2140 torpesceret,
3681 2072 3799 2142 quia

2233 2162 2459 2217 necdum
2496 2161 2672 2216 calore
2704 2160 2873 2215 sancti
2910 2159 3142 2229 Spiritus
3186 2157 3546 2213 inﬂammatus
3589 2158 3730 2213 fuit:
3758 2161 3807 2213 in

2236 2267 2342 2322 quo
2380 2268 2485 2308 non
2531 2251 2702 2306 solum
2759 2250 2871 2319 ipse
2902 2249 3096 2303 iterum
3148 2256 3269 2317 post
3306 2258 3591 2319 acceptum
3643 2250 3806 2305 sancti

2237 2344 2469 2414 Spiritus
2494 2344 2691 2398 donum
2730 2357 2835 2396 non
2867 2342 3041 2395 timuit
3068 2339 3343 2396 Christum
3376 2358 3563 2397 coram
3585 2343 3807 2412 impera-

2237 2445 2351 2489 tore
2369 2444 2420 2489 et
2438 2434 2633 2505 populo
2655 2432 2895 2486 Romano
2917 2431 3192 2498 cenﬁteri;
3223 2432 3316 2487 sed
3340 2432 3507 2487 etiam
3532 2434 3685 2503 pueri
3715 2434 3809 2488 im-

2234 2525 2427 2578 berbes
2450 2532 2503 2577 et
2530 2523 2739 2592 puellae,
2772 2522 2943 2576 sancti
2969 2521 3198 2590 Spiritus
3236 2523 3415 2577 calore
3440 2522 3805 2588 inﬂammata,

2236 2610 2507 2668 Christum
2531 2612 2745 2682 publice
2766 2626 2936 2681 usque
2966 2611 3033 2664 ad
3054 2620 3279 2665 mortem
3316 2612 3734 2679 conﬁtebantur,
3756 2624 3805 2669 et

2236 2720 2331 2774 pro
2353 2719 2417 2758 eo
2440 2703 2575 2757 mori
2599 2717 2704 2756 non
2734 2702 3055 2765 metuebant,
3083 2716 3242 2770 quem
3272 2701 3511 2774 claviger
3539 2703 3666 2759 cceli
3685 2720 3807 2761 cou-

2238 2794 2375 2851 ﬁteri
2415 2793 2481 2848 ad
2511 2793 2668 2848 unius
2694 2792 2898 2847 ancilla:
2920 2806 3107 2847 vocem
3134 2790 3460 2848 formidavit.

2309 2924 2470 2979 Vens.
2504 2921 2587 2976 l9.
2612 2952 2683 2963 ——
2712 2918 2961 2990 Pontifex
2993 2930 3163 2975 autem
3193 2923 3530 2992 interrogavit
3549 2922 3733 2977 Iesum
3752 2926 3812 2978 ds

2237 3014 2506 3084 discipulis
2536 3014 2671 3083 ejus,
2702 3021 2749 3065 et
2780 3012 2843 3064 de
2864 3011 3103 3065 doctrina
3130 3013 3264 3082 ejus.
3288 3012 3403 3067 Non
3431 3016 3814 3084 cognoscenda

2163 3135 2206 3194 Ο
2239 3103 2482 3159 veritatis
2519 3116 2700 3157 amore
2730 3102 3098 3171 interrogavit,
3127 3103 3220 3157 sed
3254 3111 3316 3157 ut
3353 3118 3571 3159 causam
3609 3105 3817 3161 iuveni-

2240 3200 2323 3246 ret
2343 3207 2447 3260 qua
2468 3192 2628 3246 etiam
2654 3205 2777 3246 eum
2802 3206 3056 3246 accusare
3080 3192 3361 3261 potuisset,
3387 3202 3438 3247 et
3459 3194 3679 3250 tradere
3700 3195 3812 3251 Bo-

2238 3297 2399 3336 mano
2421 3282 2632 3351 prtesidi
2655 3282 2720 3335 ad
2757 3281 3142 3336 damnandum.
3183 3282 3364 3354 (Vi-ms.
3383 3283 3492 3353 20.)
3522 3282 3817 3353 Respondit

2236 3367 2391 3422 Iesus
2418 3382 2434 3419 :
2466 3368 2578 3439 Ego
2593 3367 2767 3439 palam
2791 3367 2992 3422 locutus
3014 3387 3127 3423 sum
3145 3372 3368 3425 mundo:
3391 3388 3482 3443 ego
3507 3376 3815 3443 semperdo-

2239 3458 2389 3511 cuiin
2411 3474 2674 3527 synagoga
2702 3466 2747 3510 et
2777 3459 2831 3511 in
2857 3458 3064 3527 templo,
3095 3477 3195 3530 quo
3225 3478 3404 3516 omnes
3428 3461 3609 3517 Iudtci
3629 3481 3809 3519 conoe-

2238 3547 2407 3610 niunt,
2434 3554 2480 3598 et
2504 3545 2559 3598 in
2588 3543 2788 3598 occulto
2824 3544 3028 3600 locutus
3069 3564 3184 3600 sum
3220 3549 3368 3603 nihil.
3394 3551 3531 3616 Quid
3566 3563 3651 3608 est
3676 3555 3811 3623 quod

2236 3636 2413 3705 palam
2443 3651 2500 3690 se
2529 3637 2659 3691 dicit
2683 3637 2848 3707 loqui,
2867 3647 2921 3691 et
2943 3638 2994 3691 in
3022 3640 3232 3695 occulto
3260 3642 3394 3696 nihil
3419 3643 3588 3712 loqui,
3612 3646 3737 3700 dum
3759 3646 3807 3699 in

2238 3724 2342 3778 alio
2365 3724 2482 3779 loco
2509 3726 2765 3794 apostolis
2791 3727 2942 3792 dicit,
2969 3727 3093 3780 dum
3119 3744 3217 3797 per
3236 3732 3520 3798 parabolas
3548 3734 3717 3788 turbis
3737 3734 3809 3787 lo-

2237 3814 2454 3882 quitur:
2488 3815 2642 3870 Vobis
2662 3816 2843 3869 datum
2878 3827 2952 3870 est
2996 3835 3143 3872 nosse
3170 3822 3473 3889 mysterium
3492 3823 3632 3892 regni
3666 3823 3772 3879 Dei
3794 3863 3809 3887 ,

2237 3905 2434 3958 ca'leris
2460 3914 2633 3959 autem
2668 3906 2721 3959 in
2767 3907 3068 3976 parabolis?
3103 3929 3121 3960 ι
3164 3910 3563 3981 Intelligendum
3604 3923 3689 3969 est
3734 3916 3810 3969 ita

2237 4008 2358 4047 eum
2391 3994 2610 4060 dixisse,
2631 3995 2806 4065 palam
2843 3995 3045 4052 locutus
3069 4016 3184 4053 sum
3209 4003 3424 4066 mundo,
3456 4019 3521 4059 ac
3558 4005 3607 4060 si
3650 4002 3811 4064 dixis-

2238 4090 2362 4135 set:
2397 4080 2544 4137 Multi
2574 4099 2660 4137 me
2702 4084 3005 4154 loquentem
3056 4089 3361 4145 audierunt.
3410 4092 3588 4161 Ipsum
3636 4104 3809 4151 autem

2236 4169 2410 4238 palam
2432 4210 2446 4233 ,
2483 4171 2878 4241 quodammodo
2906 4185 3021 4228 erat
3059 4177 3257 4245 palam,
3290 4182 3683 4249 quodammodo
3718 4199 3810 4238 au-

2239 4265 2344 4311 tem
2375 4274 2479 4312 non
2518 4268 2635 4314 erat
2662 4261 2858 4330 palam.
2894 4261 3074 4318 Palam
3098 4280 3294 4336 quippe
3320 4278 3458 4335 erat,
3487 4271 3610 4341 quia
3660 4272 3810 4327 milhi

2237 4363 2359 4402 eum
2382 4350 2699 4405 audiebant:
2730 4360 2782 4406 et
2801 4369 2988 4409 rursus
3015 4372 3119 4410 non
3159 4366 3275 4410 erat
3301 4359 3478 4428 palam
3499 4402 3513 4427 ,
3562 4363 3682 4431 quia
3708 4379 3810 4417 non

558 4418 789 4528 humana
818 4421 1126 4528 curiositate
1152 4425 1290 4479 scire
1319 4426 1556 4495 cupiens,
1588 4427 1716 4497 quid
1739 4431 1975 4498 pontifex
1993 4432 2136 4501 judi—
2168 4467 2215 4528 ο
2241 4441 2625 4513 iatclligcbant.
2665 4445 2888 4514 thuod
2908 4462 3146 4502 seorsum
3169 4418 3445 4520 discipulis
3475 4418 3810 4521 loquebatur,

555 4520 706 4567 caret
734 4511 827 4613 [de
843 4513 990 4613 Jesu,
1013 4522 1191 4571 utrum
1205 4532 1327 4573 eum
1351 4521 1468 4575 neci
1492 4522 1806 4594 addiceret],
1834 4539 1900 4578 an
1922 4525 2142 4598 ﬂagellis
2170 4511 2214 4528 ν
2242 4548 2348 4586 non
2370 4511 2435 4586 ini
2453 4535 2660 4591 occulto
2683 4511 2866 4605 utique
2890 4537 3227 4607 loquebatur.
3252 4511 3384 4607 Qais
3408 4511 3637 4613 namque
3654 4544 3709 4598 in
3724 4511 3813 4600 oc;

554 4617 752 4657 czesnm
775 4604 1089 4662 dimitteret.
1118 4608 1302 4679 (Vens.
1319 4611 1430 4684 16.)
1448 4613 1747 4685 Discipulus
1759 4628 1931 4672 autem
1945 4619 2050 4685 ille,
2068 4622 2142 4675 in-

553 4693 693 4760 quit,
718 4704 829 4749 erat
855 4706 1004 4751 notus
1024 4701 1277 4770 pontifici,
1300 4713 1347 4757 et
1368 4706 1567 4760 introiit
1591 4726 1707 4763 cum
1726 4708 1854 4765 Iesu
1874 4713 1928 4766 in
1947 4715 2138 4767 atrium

553 4783 836 4852 pontiﬁcis.
861 4784 1053 4843 Petrus
1092 4799 1265 4844 autem
1287 4793 1457 4847 stabat
1502 4796 1571 4849 ad
1594 4798 1781 4851 ostium
1805 4799 1955 4869 foris.
1984 4801 2140 4857 Foris

549 4878 729 4928 autem
744 4875 942 4940 stabat,
960 4878 1082 4947 quia
1106 4890 1395 4950 negaturus
1420 4885 1832 4943 eratDominum
1860 4904 1877 4942 :
1909 4906 2005 4945 nec
2020 4903 2137 4947 erat

548 4960 605 5015 in
622 4960 856 5028 Christo,
872 4966 963 5033 qui
983 4966 1259 5024 Christum
1278 4973 1520 5028 conﬁteri
1538 4992 1639 5030 non
1656 4972 1820 5049 62E.
1833 4978 1933 5034 fuit
1949 4996 2132 5037 ausus.

550 5049 738 5119 (Vens.
765 5052 878 5123 l7.)
906 5054 1052 5108 Exiit
1077 5073 1199 5127 ergo
1217 5060 1503 5133 discipulus
1531 5064 1689 5131 alius,
1717 5068 1806 5137 qui
1841 5080 1953 5123 erat
1980 5083 2132 5126 notus

520 5178 525 5191 .
546 5141 803 5210 pontifici,
827 5153 876 5196 et
901 5145 1034 5199 dixit
1054 5149 1306 5217 ostiarite,
1334 5163 1380 5207 et
1406 5156 1693 5210 introduxit
1721 5155 1955 5214 Petrum.
1988 5161 2132 5217 Dixit

542 5241 666 5320 ergo
688 5227 847 5320 Petro
868 5232 1336 5293 ancilla‘ostiaria:
1363 5240 1617 5314 Nunquid
1638 5254 1687 5299 et
1710 5256 1764 5300 tu
1786 5264 1849 5301 ea:
1860 5248 2128 5320 discipulis

521 5328 599 5367 res
620 5315 849 5373 hominis
875 5321 1028 5377 istius
1042 5324 1233 5379 f'Dicit
1244 5326 1334 5382 ille
1356 5343 1375 5381 :
1407 5327 1530 5385 Non
1553 5342 1689 5387 sum.
1706 5333 1806 5390 llic
1823 5315 2132 5405 agnoscitur

521 5413 711 5493 "quam
739 5420 937 5464 verum
960 5412 1031 5466 sit
1052 5415 1206 5483 quod
1230 5416 1353 5486 ipsa
1368 5420 1580 5478 Veritas
1608 5424 1770 5493 paulo
1793 5433 1919 5481 ante
1961 5427 2095 5482 dixit
2119 5445 2132 5482 :

560 5492 833 5554 Quia'sind
853 5505 1092 5559 me‘n‘lliil
1112 5512 1323 5575 patestis
1346 5510 1537 5580 facere.
1574 5534 1593 5566 ι
1610 5492 1753 5571 Εεοθ
1780 5519 2024 5574 columna
2046 5522 2135 5575 ﬁr-

520 5646 529 5657 ’
615 5663 641 5690 ι
684 5653 761 5707 Ex
786 5655 845 5712 S.
876 5658 1036 5731 Aug.,
1066 5673 1227 5720 tract.
1260 5683 1414 5733 cxm,
1444 5686 1591 5725 num.
1625 5674 1732 5728 1-6.

2237 4623 2384 4677 culto
2400 4624 2655 4693 loquitur,
2671 4627 2759 4696 qui
2791 4643 2971 4682 coram
2988 4631 3112 4685 loth
3133 4632 3386 4688 )minibus
3409 4635 3662 4704 loquitur,
3687 4652 3809 4693 cum

2239 4717 2498 4784 scriptum
2528 4718 2632 4770 sit:
2669 4717 2697 4769 Ι
2702 4734 2734 4770 n
2764 4735 2851 4772 ore
2872 4719 3096 4774 duorum
3123 4721 3201 4775 rel
3236 4724 3398 4777 trium
3424 4729 3630 4780 testium
3652 4728 3810 4782 stabit

2237 4824 2388 4861 omne
2420 4806 2636 4861 Verbum
2663 4809 2837 4878 (Deut.
2866 4826 2978 4874 ΗΧ,
3016 4812 3097 4882 15)
3129 4830 3143 4867 :
3169 4816 3472 4882 praisertim
3494 4817 3538 4870 si
3563 4816 3682 4888 [sic]
3711 4818 3812 4874 hoc

2236 4895 2473 4967 loquitur
2519 4900 2723 4967 paucis,
2754 4901 2895 4968 quod
2937 4918 3033 4970 per
3068 4918 3163 4957 eos
3187 4903 3347 4959 vellet
3388 4907 3725 4962 innotescere
3760 4918 3812 4962 et

2237 4985 2454 5039 multis?
2487 4985 2629 5055 Ergo
2649 4994 2703 5040 et
2728 4988 2828 5043 hoc
2866 4989 3068 5057 ipsum,
3117 4993 3259 5061 quod
3282 4994 3351 5047 ab
3376 5010 3442 5049 eo
3467 4996 3572 5051 dici
3594 4996 3810 5052 vidchao

2236 5083 2322 5130 tur
2344 5077 2569 5143 occulte,
2584 5077 2849 5146 quomodo
2878 5077 3055 5149 (Aug,
3075 5082 3494 5155 quolammodo]
3534 5102 3641 5141 non
3669 5087 3811 5143 dice-

2233 5166 2390 5220 batur
2434 5165 2490 5219 in
2549 5166 2794 5221 occulto?
2842 5167 2976 5233 Quia
3027 5184 3131 5223 non
3180 5170 3254 5225 ita
3292 5172 3595 5239 dicebatur,
3636 5182 3702 5229 ut
3734 5176 3810 5230 ab

2230 5258 2309 5312 cis
2358 5258 2552 5327 quibus
2597 5258 2797 5313 dictum
2855 5258 3031 5319 fuerat
3085 5270 3389 5330 taceretur,
3455 5266 3551 5322 sed
3599 5267 3673 5322 ita
3718 5282 3811 5338 po-

2237 5348 2358 5411 tius,
2399 5355 2457 5401 ut
2514 5362 2893 5418 usquequaque
2947 5351 3348 5418 praedicaretur.
3409 5372 3430 5405 b
3482 5353 3671 5426 (Vens.
3697 5354 3806 5429 ΩΙ.)

2186 5420 2191 5423 ⁵
2238 5432 2376 5499 Quid
2426 5451 2506 5488 me
2555 5434 2882 5506 interrogas?
2937 5435 3211 5510 Interroga
3256 5457 3343 5496 eos
3388 5420 3499 5513 qui.
3529 5420 3812 5500 audierunt

2235 5520 2360 5587 quid
2396 5520 2598 5578 locutus
2636 5541 2751 5579 sum
2799 5527 2923 5596 ipsis
2949 5541 2964 5579 :
2990 5544 3103 5582 ecce
3131 5529 3184 5581 bi
3208 5530 3378 5583 sciunt
3420 5549 3538 5601 qua:
3588 5533 3811 5589 dixerint
