4000 6190
409 282 517 338 οπδ

1180 282 1586 361 exeamus.
1627 317 1693 330 —
1730 286 2083 359 COMMENT.
2126 287 2192 342 IN
2229 285 2419 355 JOAN.
2460 316 2531 330 --
2564 288 2689 343 un.
2733 287 2841 347 vn.

3538 289 3641 345 974

400 406 523 462 rgo.
548 388 709 457 Quasi
742 391 960 445 dixisset
986 409 1000 444 :
1030 390 1169 457 Quid
1205 410 1287 447 me
1309 394 1618 468 interrogas,
1650 413 1679 452 a
1704 413 1811 469 quo
1831 396 1969 452 veri-
1998 402 2044 459 Α
2075 397 2321 468 stu,58),
2351 397 2444 452 sed
2472 396 2668 453 factum
2700 409 2823 466 est,
2875 400 3017 470 quod
3039 400 3125 456 ille
3148 401 3501 472 praedixerat:
3539 400 3641 456 Ter

408 489 576 539 tatem
603 483 788 537 audire
812 495 918 537 non
964 481 1258 547 desideras,
1283 486 1377 541 sed
1399 476 1557 555 quem
1586 488 1843 543 damnare
1884 503 1973 543 eu-

405 574 523 643 pis?
545 574 813 643 Interroga
839 574 1009 645 magis
1034 589 1126 628 eos
1175 574 1241 629 de
1286 591 1516 646 quorum
1545 578 1701 633 dictis
1746 594 1851 634 non
1877 577 1973 633 ha-

409 664 541 718 beas
563 663 834 717 invidiam.
856 664 934 718 ita
962 665 1276 741 temperavit
1295 667 1550 737 Dominus
1572 669 1968 739 responsionem

401 768 577 818 suam,
599 762 660 808 ut
688 770 787 809 nec
817 756 1094 810 veritatem
1126 763 1348 822 taceret,
1371 773 1472 811 nec
1490 748 1550 813 Se
1578 757 1862 814 defendere
1885 748 1969 813 vi-

400 843 638 897 deretur.
668 843 852 914 (Vens.
877 844 994 913 22.)
1044 843 1173 899 Huic
1206 857 1378 900 autem
1402 851 1519 900 cum
1545 846 1791 913 dixisset,
1834 866 1967 902 unus

398 932 646 986 assistens
674 920 1028 987 ministrorum
1055 934 1196 987 dedit
1220 934 1428 1005 alapam
1463 933 1592 989 Iesu
1619 937 1793 990 dicens
1823 950 1841 987 :
1880 934 1968 991 Sic

399 1022 674 1093 respondes
695 1023 926 1093 pontiﬁci
936 1024 963 1076 1’
989 1023 1087 1077 ilic
1116 1023 1385 1093 impletur,
1417 1024 1559 1094 quod
1590 1025 1967 1097 prophetatum

388 1120 482 1165 est
502 1111 569 1166 de
593 1124 696 1165 eo;
740 1110 868 1164 Dedi
897 1098 1168 1165 mamillam
1197 1128 1365 1166 meam
1397 1114 1815 1184 percutientibus.
1838 1115 1966 1170 Per-

392 1203 565 1260 cussit
586 1216 708 1255 eum
730 1202 881 1270 quasi
912 1217 1061 1256 reum
1092 1204 1475 1272 responsionis,
1517 1205 1610 1273 sed
1642 1204 1731 1260 ille
1768 1203 1965 1274 injuste

394 1305 697 1361 percussus,
726 1298 1004 1345 mansuete
1042 1290 1357 1361 respondit:
1389 1292 1571 1364 (Vens.
1605 1291 1694 1363 25)
1728 1290 1787 1347 Si
1829 1293 1965 1346 male

393 1383 596 1436 locutus
628 1399 762 1447 simi,
802 1383 1149 1436 testimonium
1196 1384 1404 1453 perhibe
1452 1385 1516 1439 de
1566 1384 1725 1438 malo.
1776 1384 1962 1440 Omnis

393 1472 573 1541 itaque
604 1473 695 1542 qui
730 1480 921 1527 contra
965 1474 1249 1528 veritatem
1291 1474 1545 1543 loquitur,
1599 1474 1737 1531 male
1780 1476 1959 1546 loqui-

390 1568 480 1614 tur
516 1577 530 1613 :
567 1561 611 1614 si
651 1570 829 1615 autem
859 1562 1141 1616 veritatem
1179 1579 1284 1617 non
1314 1564 1443 1629 dixi,
1493 1565 1559 1619 da
1597 1565 1960 1621 testimonium

389 1660 574 1707 contra
602 1668 708 1718 me,
750 1654 802 1708 in
835 1668 942 1724 quo
974 1657 1311 1711 mendacium
1358 1658 1643 1723 dixissem;
1689 1661 1738 1712 si
1784 1669 1955 1714 autem

2072 501 2154 538 me
2181 485 2409 554 negabis.
2445 506 2463 538 ι
2491 485 2597 541 Sed
2640 489 2756 542 hare
2791 489 2929 543 trina
2955 491 3171 561 negatio
3204 491 3447 563 timoris,
3495 483 3636 557 trina

2071 573 2403 630 confessione
2428 577 2630 631 amoris
2672 577 2912 633 diluitur.
2970 578 3201 635 Necdum
3245 579 3345 643 fuit
3388 595 3539 639 amor
3580 580 3638 636 in

2069 677 2155 723 eo,
2192 663 2282 732 qui
2312 661 2456 719 foras
2503 666 2743 720 mitteret
2798 667 3045 722 timorem
3071 685 3083 719 :
3112 670 3205 723 sed
3259 669 3434 727 adhuc
3476 669 3640 725 timor

2069 751 2278 806 servilis
2299 748 2467 807 valuit
2509 755 2561 807 in
2610 758 2771 811 corde
2797 757 2932 827 ejus,
2984 742 3079 813 sed
3128 758 3351 815 necdum
3400 760 3639 833 respexit

2068 852 2191 892 eum
2218 839 2310 909 qui
2337 842 2449 896 haec
2468 844 2717 911 prmdixit
2746 847 2815 899 ei.
2849 846 2956 901 Sed
2999 856 3053 901 et
3077 848 3177 901 hoc
3204 832 3508 919 magnaDei
3528 842 3640 905 dis-

2061 929 2380 995 pensatione
2409 939 2617 1000 gestum
2655 946 2775 1005 esse
2811 935 3033 989 credere
3062 934 3335 999 debemus,
3372 944 3636 1005 quatenus

2066 1018 2173 1083 ille,
2197 1018 2283 1073 cui
2303 1034 2432 1075 oves
2461 1035 2586 1076 suas
2621 1022 2689 1077 ad
2726 1023 2943 1078 Patrem
2971 1026 3183 1079 rediens
3206 1025 3451 1080 Christus
3492 1014 3637 1082 coin-

2066 1110 2416 1165 mendaturus
2436 1118 2574 1178 erat,
2604 1128 2703 1183 per
2727 1128 2879 1167 suam
2903 1114 3132 1183 disceret
3152 1114 3492 1185 fragilitatem
3517 1117 3637 1173 aliis

2064 1199 2400 1264 misereri,et
2429 1199 2657 1255 fratrum
2687 1202 2871 1271 culpas
2894 1203 3189 1274 ignoscere,
3216 1188 3338 1273 dum
3363 1186 3515 1258 suum.
3553 1221 3637 1262 re-

2063 1293 2378 1347 cordaretur
2400 1302 2700 1362 peccatum,
2722 1300 2773 1348 et
2792 1296 3020 1350 aliorum
3043 1297 3276 1366 compati
3318 1302 3501 1367 posset
3532 1294 3643 1350 fra-

2062 1378 2383 1449 gilitati,qui
2408 1382 2490 1435 sui
2519 1397 2678 1437 casus
2706 1378 2937 1451 ignarus
2968 1399 3073 1437 non
3098 1392 3259 1438 esset.
3289 1382 3513 1439 Peracta
3535 1383 3635 1439 ita-

2063 1483 2167 1538 que
2188 1470 2326 1524 trina
2349 1471 2451 1524 hae
2470 1471 2750 1541 negatione
2768 1470 2929 1537 Petri,
2949 1487 3196 1527 reversus
3211 1482 3292 1526 est
3312 1470 3636 1544 evangelista

2062 1564 2128 1618 ad
2152 1564 2395 1619 ordinem
2439 1564 2765 1619 narrationis
2812 1579 2960 1631 sum,
3009 1564 3101 1619 ubi
3152 1579 3268 1618 eam
3321 1563 3630 1635 reliquerat.

2136 1655 2296 1711 Vens.
2319 1656 2410 1711 28.
2433 1687 2504 1697 -
2524 1656 2803 1710 Adducunt
2826 1673 2968 1725 ergo,
3002 1656 3193 1726 inquit,
3221 1655 3401 1710 Iesum
3425 1657 3494 1709 ad
3513 1653 3635 1710 Cai-

382 1741 531 1805 bene,
566 1742 619 1796 id
646 1748 748 1807 est,
775 1757 920 1806 vere,
953 1744 1079 1813 quid
1102 1761 1182 1797 me
1210 1742 1408 1799 credis?
1433 1745 1569 1811 Quid
1594 1746 1697 1801 ista
1727 1736 2028 1816 respon-D
2056 1744 2211 1815 pham
2238 1747 2292 1799 in
2316 1747 2638 1824 prwtorium.
2675 1764 2693 1796 ι
2724 1758 2749 1785 ι
2781 1744 2861 1799 Ad
2892 1744 3148 1814 Caipham
3172 1747 3365 1815 quippe
3390 1745 3457 1799 ab
3475 1744 3629 1798 Anna

386 1829 537 1884 sione
562 1830 762 1896 verius,
803 1830 1134 1884 mansuetius
1162 1870 1175 1895 ,
1222 1831 1453 1900 justius?
1508 1850 1526 1883 ι
1558 1833 1616 1888 Si
1657 1835 1953 1913 cogitemus

380 1920 506 1989 quis
528 1921 794 1991 acceperit
820 1910 1048 1990 alapam,
1078 1936 1253 1976 nonne
1281 1921 1537 1979 vellemus
1559 1938 1681 1978 eum
1719 1927 1810 1995 qui
1834 1910 1957 1995 pcr-

377 2012 573 2075 'eussit,
607 2020 698 2066 aut
728 2000 930 2067 caelesti
982 2012 1105 2081 igne
1147 2014 1425 2078 consumi,
1479 2022 1571 2068 aut
1616 2022 1759 2071 terra
1799 2016 1953 2072 dehi-

385 2112 568 2159 scente
621 2105 843 2167 sorberi,
888 2089 1003 2159 aut.
1030 2113 1335 2174 correptum
1385 2104 1647 2160 dmmonio
1691 2105 1956 2178 volutari?

378 2194 520 2261 Quid
556 2196 696 2249 enim
727 2196 919 2250 horum
945 2210 1044 2265 per
1067 2196 1362 2265 potentiam
1388 2194 1579 2263 jubere
1615 2212 1719 2252 non
1745 2198 1952 2267 potuis-

374 2292 484 2348 set,
509 2300 605 2355 per
626 2300 783 2355 quem
826 2284 999 2340 factus
1048 2294 1132 2341 est
1164 2288 1396 2340 mundus
1421 2326 1435 2350 ,
1491 2285 1593 2340 nisi
1639 2286 1953 2356 patientiam

376 2396 480 2436 nos
505 2382 696 2436 docere
722 2382 1016 2455 maluisset,
1039 2396 1070 2434 a
1116 2395 1222 2449 quo
1248 2380 1483 2434 vincitur
1507 2381 1737 2435 mundus
1767 2379 1949 2452 [Aug.,

354 2486 483 2543 °qua
517 2472 749 2526 vincitur
775 2470 1063 2541 mundus]?
1101 2489 1119 2521 ι
1159 2469 1321 2525 Forte
1353 2470 1547 2538 aliquis
1575 2469 1736 2545 625
1759 2472 1848 2524 hic
1876 2472 1954 2529 di-

378 2564 473 2626 cit,
504 2576 671 2631 quare
716 2560 937 2615 alteram
973 2561 1244 2615 maxillam
1294 2561 1614 2630 percutienti
1646 2577 1751 2616 non
1798 2562 1953 2617 daret

381 2649 672 2705 secundum
699 2657 1021 2718 pncceptum
1054 2664 1208 2703 suum
1243 2647 1454 2719 (Matth.
1485 2664 1537 2712 v,
1569 2634 1696 2719 59)?
1720 2649 1837 2704 Non
1864 2664 1952 2706 so-

374 2736 691 2808 lum'itaque
715 2740 936 2793 alteram
987 2740 1132 2794 dedit
1166 2740 1445 2811 maxillam
1462 2742 1778 2810 percutienti
1803 2783 1817 2806 ,
1858 2745 1953 2799 sed

379 2827 540 2884 etiam
570 2836 737 2881 totum
762 2842 953 2896 corpus
978 2843 1130 2903 suum
1158 2830 1234 2901 ad
1254 2828 1672 2900 erucitigendum
1703 2832 1947 2897 tradidit,

379 2925 434 2972 et
461 2917 630 2987 magis
656 2916 769 2971 vult
815 2926 1080 2988 praecepta
1120 2933 1221 2999 sua.
1236 2919 1495 2975 Dominus
1521 2910 1572 2991 in
1600 2923 1776 2976 cordis
1804 2930 1948 2976 tran-

376 3009 641 3078 quillitate
692 3024 946 3075 servare,
1003 3025 1162 3080 quam
1203 3011 1256 3065 in
1300 3011 1947 3087 corporis‘ostentatione

373 3100 759 3153 demonstrare.

451 3188 608 3242 Vens.
635 3187 724 3241 24.
747 3218 817 3227 -
855 3187 923 3242 Et
947 3189 1087 3243 misit
1130 3206 1245 3244 eum
1275 3191 1455 3245 Annas
1483 3189 1699 3260 ligatum
1728 3191 1797 3245 ad
1825 3189 1947 3246 Cai-

371 3278 532 3349 pham
567 3276 876 3348 pontiﬁcem.
908 3268 972 3331 Hi
996 3278 1101 3333 duo
1124 3277 1306 3334 Annas
1327 3287 1381 3334 et
1406 3278 1638 3348 Caiphas
1671 3274 1945 3349 principes

374 3366 593 3421 fuerunt
614 3367 971 3429 sacerdotum,
997 3373 1051 3421 et
1078 3380 1173 3434 per
1193 3367 1339 3422 vices
1358 3382 1565 3422 annuas
1588 3369 1945 3423 sacerdotium

372 3457 790 3521 ministrabant;
821 3465 877 3512 et
909 3466 1029 3512 erat
1057 3464 1180 3512 tunc
1204 3473 1376 3513 annus
1395 3458 1630 3528 Caiphae,
1664 3474 1786 3515 cum
1818 3475 1944 3530 pas-

373 3561 468 3602 sus
494 3555 575 3601 est
596 3545 859 3602 Christus.
890 3547 955 3600 Et
985 3547 1307 3602 credendum
1336 3555 1419 3603 est
1446 3549 1737 3604 secundum
1759 3548 1945 3604 volun-

370 3643 538 3688 tatem
561 3633 776 3704 Caiphae
798 3633 998 3689 factum
1019 3648 1137 3690 esse
1158 3644 1215 3690 ut
1242 3636 1392 3706 prius
1425 3637 1711 3693 duceretur
1734 3636 1801 3691 ad
1837 3636 1946 3691 An-

373 3742 519 3790 nam,
544 3735 603 3780 ut
641 3728 863 3782 minoris
891 3727 1061 3797 culpa:
1083 3728 1374 3792 videretur,
1404 3729 1449 3784 si
1479 3730 1700 3784 alterius
1730 3743 1944 3798 quoque

371 3819 768 3873 eonsacerdotis
820 3820 898 3873 sui
927 3821 1271 3873 damnaretur
1297 3821 1580 3874 sententia.
1614 3838 1633 3869 ‹
1668 3819 1773 3873 Sed
1819 3833 1941 3872 cum

370 3909 593 3965 dixisset
628 3911 952 3978 evangelista
981 3912 1123 3977 quod
1148 3924 1269 3962 eum
1319 3909 1537 3978 ligatum
1584 3908 1731 3961 misit
1759 3907 1942 3960 Annas

370 4001 436 4054 ad
464 3999 744 4067 Caipham,
771 4013 1018 4051 reversus
1053 4005 1135 4050 est
1162 3998 1227 4049 ad
1259 3997 1429 4049 locum
1469 3996 1817 4059 narrationis,
1848 3996 1938 4049 ubi

368 4090 658 4157 reliquerat
682 4087 922 4151 Petrum,
939 4097 997 4140 ut
1018 4087 1327 4155 explicaret,
1352 4087 1491 4157 quod
1522 4088 1573 4141 in
1597 4086 1752 4141 domo
1774 4087 1940 4142 Annae

366 4182 436 4233 de
467 4178 604 4232 trina
632 4176 746 4245 eius
774 4178 1059 4246 negatione
1111 4178 1427 4247 contigerat.
1455 4178 1639 4249 (Vens.
1668 4177 1782 4248 25.)
1809 4174 1938 4231 Erat

368 4275 563 4330 autem,
593 4266 785 4335 inquit,
810 4263 994 4320 Simon
1038 4258 1233 4321 Petrus
1272 4278 1417 4322 stans
1445 4277 1494 4321 et
1528 4267 1837 4336 calefaciens
1861 4286 1932 4323 se.

367 4354 482 4410 Hoc
537 4355 855 4423 recapitulat
896 4359 1038 4425 quod
1089 4364 1212 4412 ante
1249 4357 1412 4412 etiam
1462 4358 1688 4412 dixerat.
1739 4358 1937 4414 Deinde

362 4459 485 4514 qua:
513 4452 695 4498 secuta
715 4452 858 4506 sunt,
885 4444 1061 4516 jungit
1091 4464 1102 4498 :
1132 4446 1390 4501 Dixerunt
1410 4464 1529 4518 ergo
1559 4448 1605 4501 ei
1635 4460 1652 4497 :
1681 4444 1934 4519 Nunquid
1944 4496 1949 4501 ,

364 4543 412 4586 et
434 4544 489 4587 tu
526 4550 591 4587 ea:
608 4533 876 4603 discipulis
902 4536 1015 4604 ejus
1054 4537 1149 4589 es?
1178 4535 1397 4607 Negavit
1416 4537 1507 4591 ille
1543 4546 1593 4591 et
1622 4537 1786 4591 dixit:
1811 4534 1932 4593 Non

363 4639 499 4675 sum.
528 4622 647 4677 Jam
694 4624 859 4677 semel
896 4633 1181 4694 negaverat
1210 4628 1276 4681 ad
1312 4627 1519 4682 ancilla:
1552 4643 1738 4683 vocem
1765 4648 1777 4682 :
1808 4644 1934 4684 ecce

368 4714 558 4767 iterum
585 4715 770 4768 eodem
799 4716 990 4771 timore
1017 4718 1335 4785 perterritus
1361 4720 1597 4789 negavit.
1625 4720 1850 4785 Deinde,
1875 4730 1934 4776 ut

365 4808 522 4860 tertia
543 4822 754 4878 quoque
776 4809 988 4877 negatio
1003 4809 1370 4877 perficeretur,
1394 4820 1447 4864 et
1463 4811 1699 4867 Verbum
1720 4812 1931 4868 Domini

363 4900 697 4968 przedicentis
720 4900 1053 4970 impleretur,
1079 4902 1263 4971 (Vens.
1292 4902 1379 4968 26,
1403 4903 1518 4973 27.)
1544 4903 1681 4957 Dicit
1712 4922 1847 4959 unus
1871 4922 1936 4959 ex

366 4990 518 5043 servis
545 4990 800 5058 pontiﬁcis
820 5031 833 5052 ,
877 5000 1124 5060 cognatus
1152 4991 1288 5061 ejus,
1320 4993 1470 5061 cujus
1499 4993 1717 5047 abscidit
1746 4991 1935 5048 Petrus

364 5078 695 5132 auriculam:
726 5079 914 5135 Nonne
960 5098 1052 5152 ego
1114 5092 1163 5136 te
1218 5084 1324 5136 vidi
1368 5084 1421 5137 in
1448 5076 1597 5138 horto
1632 5101 1747 5138 cum
1803 5085 1936 5138 illo?

364 5166 563 5221 Iterum
589 5169 729 5224 sicut
754 5179 910 5225 antea
952 5174 1152 5243 negavit
1194 5171 1381 5228 Petrus
1404 5216 1418 5240 ,
1466 5186 1511 5229 et
1545 5177 1719 5230 statim
1763 5176 1933 5247 gallus

360 5259 606 5311 cantavit.
636 5259 772 5314 Ecce
802 5262 991 5316 medici
1018 5273 1101 5318 est
1133 5264 1396 5333 completa
1427 5268 1722 5337 przedictio,
1747 5270 1931 5339 :egroti

358 5348 601 5402 convicta
635 5351 1145 5419 prtesumptiml‘ion
1177 5356 1318 5410 enim
1366 5352 1565 5411 factum
1612 5367 1693 5413 est
1722 5399 1735 5421 ,
1791 5360 1935 5428 quod

361 5436 463 5492 iste
516 5438 761 5493 dixerat:
791 5440 1032 5494 Animam
1066 5457 1231 5495 meam
1290 5462 1383 5512 pro
1428 5454 1477 5500 te
1522 5463 1711 5516 ponam
1752 5446 1931 5516 (Joan.

432 5564 455 5591 ι
497 5552 575 5607 Ex
599 5550 658 5607 8.
690 5552 1008 5615 Augustino,
1037 5561 1193 5607 tract.
1232 5570 1376 5614 CXIV.
1418 5575 1564 5613 num.
1599 5559 1712 5615 l-Ei.

433 5623 460 5660 ι’
482 5621 623 5676 'Ms.:
656 5639 675 5672 ι
710 5621 1026 5678 Habitaculo
1056 5623 1301 5676 videlicet
1325 5626 1499 5680 alieno
1530 5645 1585 5681 se
1618 5629 1803 5683 violari
1833 5624 1931 5699 pu-

2060 1834 2262 1905 collega
2286 1844 2340 1889 et
2360 1850 2547 1891 socero
2580 1834 2696 1903 ejus
2723 1834 2931 1889 dixerat
2952 1835 3197 1889 missum.
3223 1834 3329 1890 Sed
3354 1834 3398 1889 si
3421 1834 3492 1909 ad
3506 1833 3630 1911 Cai-

2055 1925 2242 1993 pham,
2273 1942 2370 1981 cur
2399 1925 2454 1981 in
2495 1926 2841 1997 praetorium?
2879 1925 3030 1992 Quod
3056 1927 3189 1981 nihil
3218 1926 3360 1981 aliud
3392 1927 3508 1980 vult
3555 1927 3631 1981 in-

2056 2017 2245 2089 telligi,
2276 2034 2436 2088 quam
2498 2019 2591 2073 ubi
2637 2032 2836 2087 praeses
2882 2016 3084 2072 Pilatus
3136 2017 3447 2072 habitabat:
3485 2035 3504 2069 ι
3540 2025 3634 2072 aut

2056 2108 2415 2183 damnationis
2444 2123 2606 2163 causa
2632 2108 2831 2162 Christi
2880 2106 3111 2176 Caiphas
3144 2108 3381 2176 perrexit
3407 2108 3458 2161 in
3485 2121 3629 2180 prai-

2055 2179 2254 2273 torium
2274 2179 2345 2273 ad
2356 2186 2587 2251 Pilatum
2617 2214 2630 2248 :
2662 2204 2754 2250 aut
2773 2196 2975 2251 Pilatus
2998 2197 3052 2250 in
3078 2197 3237 2252 domo
3258 2194 3473 2266 Caiphae

2053 2271 2251 2341 torium
2272 2271 2522 2351 habebat,
2551 2294 2604 2341 et
2628 2294 2777 2340 tanta
2822 2286 2920 2341 fuit
2952 2288 3269 2357 amplitudo,
3296 2296 3353 2341 ut
3372 2298 3632 2357 utrosque

2055 2391 2250 2446 capere
2286 2376 2564 2446 potuisset,
2594 2385 2648 2431 et
2686 2391 2927 2431 seorsum
2968 2378 3300 2432 habitantem
3345 2377 3628 2433 Dominum

2053 2484 2229 2531 suum,
2252 2482 2495 2521 seorsum
2524 2465 2760 2533 judicent
2790 2466 2974 2523 ferret.
2999 2468 3138 2524 Ecce
3163 2478 3361 2539 quanta
3381 2478 3458 2525 e5!
3484 2467 3631 2525 solii-

2053 2559 2234 2614 eitudo
2256 2558 2591 2613 sacerdotum
2615 2558 2671 2612 in
2698 2559 2899 2613 malum
2931 2559 3083 2631 [Ms.,
3118 2561 3170 2614 in
3209 2562 3402 2634 malo]!
3437 2581 3456 2613 ι
3494 2563 3626 2617 Tota

2052 2657 2209 2703 nocte
2229 2649 2537 2720 vigilarunt,
2568 2657 2630 2703 ut
2648 2650 2994 2704 homicidium
3019 2649 3274 2704 facerent.
3303 2650 3432 2704 Erat
3451 2660 3625 2706 autem

2051 2754 2225 2803 mane,
2247 2748 2293 2792 et
2311 2740 2430 2809 ipsi,
2464 2738 2516 2794 id
2540 2748 2640 2803 est,
2662 2740 2751 2809 qui
2780 2738 3261 2807 dueebantlesum,
3290 2754 3393 2794 non
3414 2741 3629 2795 introie-

2029 2838 2172 2899 runt
2198 2828 2254 2881 in
2284 2828 2613 2897 prwtorium.
2646 2828 2758 2884 Hoc
2785 2836 2865 2882 est
2910 2829 2965 2882 in
3017 2843 3136 2883 eam
3184 2837 3390 2898 partem
3434 2831 3627 2887 domus

2050 2932 2213 2988 quam
2233 2918 2437 2973 Pilatus
2465 2919 2719 2985 tenebat,
2766 2918 2811 2972 si
2838 2918 2953 2987 ipsa
2999 2926 3114 2999 erat
3153 2917 3341 2974 domus
3386 2916 3624 2990 Caiphae.

2024 3000 2161 3063 'Cur
2188 3016 2366 3062 autem
2413 3023 2519 3062 non
2542 3007 2867 3062 introierunt
2894 3007 2946 3060 in
2973 3006 3317 3076 praetorium?
3344 3006 3632 3077 Exponam

2051 3116 2289 3165 causam,
2319 3112 2374 3155 ut
2405 3118 2507 3156 non
2532 3088 3029 3165 contaminarentur,
3054 3099 3249 3168 inquit,
3275 3100 3365 3153 sed
3400 3101 3624 3155 mandu-

2048 3205 2222 3251 carent
2257 3190 2481 3246 Pascha.
2513 3190 2638 3247 Dies
2660 3190 2802 3247 enim
2836 3190 2920 3259 agi
2950 3197 3225 3263 coeperant
3271 3206 3583 3261 azymorum
3608 3210 3625 3245 :

2047 3283 2242 3351 quibus
2271 3282 2459 3337 diebus
2489 3280 2872 3361 contaminatio
2910 3281 3014 3336 illis
3036 3289 3151 3335 erat
3183 3282 3234 3335 in
3261 3281 3493 3336 alienum
3524 3282 3625 3335 ha-

2045 3373 2339 3429 bitaculum
2366 3375 2587 3429 intrare.
2628 3375 2672 3431 Ο
2697 3375 2859 3445 impia
2906 3383 2958 3429 et
2982 3373 3141 3428 stulta
3166 3375 3402 3429 caecitas?
3439 3382 3496 3427 ut
3522 3373 3622 3428 ha-

2045 3464 2280 3519 bitaeulo
2301 3464 2549 3520 videlicet
2570 3464 3065 3519 contaminarentur
3087 3464 3281 3528 alieno,
3296 3471 3348 3517 et
3367 3478 3471 3516 non
3494 3477 3623 3517 con-

2045 3555 2442 3611 taminarentur
2481 3555 2703 3624 proprio
2738 3555 2939 3609 scelere
2975 3556 3026 3606 b.
3064 3554 3389 3623 Alienigena:
3425 3550 3625 3620 judieis

2046 3650 2205 3702 domo
2238 3644 2588 3701 contaminari
2622 3645 2917 3703 timebant,
2973 3652 3028 3697 et
3082 3642 3264 3696 fratris
3323 3638 3625 3698 innocentis

2044 3733 2305 3801 sanguine
2326 3748 2431 3786 non
2458 3729 2753 3784 timebant?
2799 3750 2815 3781 ι
2857 3730 3141 3786 Sciendum
3165 3740 3247 3785 est
3283 3731 3410 3801 quid
3445 3731 3514 3785 sit
3535 3730 3619 3785 iu-

2045 3832 2128 3875 ter
2150 3822 2353 3875 Pascha
2389 3829 2443 3873 et
2474 3819 2589 3873 dies
2617 3833 2947 3889 azymorum.
2965 3820 3166 3875 Pascha
3196 3820 3473 3875 dicebatur
3493 3835 3620 3891 pro-

2041 3912 2158 3981 prie
2181 3912 2295 3965 dics
2324 3911 2411 3963 illa
2443 3926 2545 3980 qua
2574 3925 2743 3981 agnus
2772 3911 2837 3964 ad
2875 3926 3154 3981 vesperam
3179 3896 3368 3981 quarta
3412 3913 3617 3969 decima

2040 4000 2165 4053 luna
2189 3998 2564 4064 occidebatur;
2594 4007 2795 4069 septem
2833 4014 2962 4053 vero
3008 4001 3121 4053 dies
3142 4009 3423 4068 sequentes
3448 4041 3463 4065 ,
3501 4001 3619 4057 dies

2041 4104 2350 4161 azymorum
2377 4089 2712 4145 dicebantur.
2746 4089 2872 4143 Dies
2917 4104 3225 4159 azymorum
3253 4087 3468 4143 fuerunt
3495 4129 3510 4154 ,
3560 4090 3617 4145 in

2040 4184 2235 4254 quibus
2274 4182 2406 4238 nihil
2436 4181 2741 4237 fermentati
2788 4180 2842 4235 in
2888 4180 3137 4235 domibus
3170 4178 3385 4236 illorum
3431 4180 3618 4236 debuit

2040 4276 2297 4341 inveniri;
2326 4276 2419 4330 scd
2468 4281 2644 4331 tamen
2695 4275 2811 4329 dies
2838 4272 3115 4329 Paschalis
3166 4273 3437 4328 invenitur
3479 4274 3619 4329 inter

2039 4365 2155 4419 dies
2181 4380 2497 4437 azymorum
2546 4366 2835 4428 nominari,
2859 4372 2917 4417 ut
2945 4364 2997 4417 in
3026 4364 3131 4416 alio
3154 4363 3443 4434 Evangelio
3485 4364 3616 4435 legi-

2044 4466 2132 4512 tur
2158 4475 2171 4510 :
2208 4454 2390 4510 Prima
2419 4466 2591 4509 autem
2633 4456 2716 4508 die
2740 4470 3043 4523 azymorum
3070 4463 3393 4507 accesserunt
3434 4454 3502 4508 ad
3527 4453 3621 4509 Je-

2041 4563 2154 4601 sum
2170 4546 2416 4614 discipuli
2444 4544 2702 4596 dicentes:
2734 4540 2831 4594 Ubi
2859 4543 2934 4595 vis
2958 4582 2972 4606 ,
3012 4557 3255 4612 paremus
3296 4540 3390 4595 tibi
3415 4539 3621 4596 Pascha

2041 4635 2358 4689 manducare
2389 4632 2602 4700 (Matth.
2627 4647 2776 4697 xxvi,
2804 4630 2927 4701 l7)?

2107 4723 2272 4793 626
2296 4722 2457 4777 Vsus.
2483 4720 2572 4784 29,
2602 4721 2691 4775 50.
2722 4750 2791 4760 —
2829 4720 3002 4775 Exivit
3038 4736 3157 4790 ergo
3201 4718 3409 4774 Pilatus
3435 4718 3504 4773 ad
3530 4736 3617 4774 eos

2040 4812 2204 4881 foras,
2227 4820 2271 4864 et
2299 4810 2429 4863 dixit
2459 4824 2477 4860 ε
2508 4808 2679 4875 Quam
2706 4799 3089 4864 accusationem
3137 4812 3339 4880 aﬂ'ertis
3368 4811 3616 4865 adversus

2042 4899 2297 4954 hominem
2327 4899 2462 4953 hunc
2479 4899 2504 4951 ?
2531 4898 2598 4952 Et
2635 4898 3038 4969 responderunt,
3060 4908 3132 4975 ‘et
3158 4898 3403 4953 dixerunt
3433 4900 3483 4953 ei
3507 4911 3526 4950 :
3554 4898 3618 4955 Si

2042 5008 2143 5045 non
2168 5001 2297 5045 esset
2322 4990 2404 5045 hic
2431 4989 2757 5060 malefactor,
2783 5007 2886 5045 non
2912 4991 3004 5044 tibi
3041 4991 3433 5046 tradidissemus
3474 5008 3613 5047 eum.

2042 5079 2194 5135 llune
2230 5080 2371 5134 enim
2394 5080 2664 5133 habebant
2702 5094 2907 5134 morem
2928 5076 3121 5145 Judaei,
3159 5088 3220 5134 ut
3250 5097 3406 5157 quem
3441 5091 3615 5157 morte

2040 5172 2255 5240 dignum
2270 5169 2899 5241 dijudicarent,vinctum
2925 5185 3047 5224 eum
3076 5156 3289 5241 ρι’ωείἆί
3321 5174 3609 5229 traderent.

2045 5279 2064 5310 ‹
2093 5260 2495 5330 interrogentur
2509 5266 2670 5330 atque
2690 5259 3047 5329 respondeant
3089 5263 3156 5317 ab
3187 5246 3476 5319 immundis
3505 5266 3617 5336 spi-

2036 5344 2232 5406 ritibus
2278 5351 2513 5415 liberati,
2549 5344 2783 5421 languidi
2822 5350 3046 5417 sanati,
3102 5340 3296 5426 leprosi
3349 5349 3610 5422 mundati,

2038 5440 2183 5497 surdi
2207 5441 2504 5519 audientes,
2527 5434 2661 5497 muti
2685 5436 2986 5512 loquentes,
3004 5442 3139 5499 caeci
3158 5444 3398 5502 videntes
3414 5489 3428 5512 ,
3470 5464 3612 5504 mor-

2031 5565 2307 5680 paverunt,
2336 5566 2389 5612 et
2416 5574 2517 5612 non
2547 5558 2764 5631 proprio
2800 5560 3003 5623 scelire
3061 5562 3328 5631 inquinari
3370 5578 3427 5618 se
3462 5566 3610 5620 vide-

2075 5636 2183 5679 ant.
2222 5647 2237 5677 ›

2075 5636 2183 5679 ant.
2222 5647 2237 5677 ›
