4000 6190
474 328 576 387 975

1320 327 1377 378 Β.
1421 325 1479 379 1³.
1522 322 1746 378 ALBlNl
1787 319 1917 375 SEU
1955 318 2228 374 ALCUINI
2268 317 2546 374 OPERUM
2585 317 2761 374 PARS
2801 319 2866 374 ll.

3602 323 3708 377 9'16

475 441 552 496 tui
575 446 929 510 resurgentes,
961 444 1138 490 utrum
1167 433 1239 488 sit
1267 434 1580 488 malefactor
1609 432 1784 488 Iesus.
1803 433 1908 488 Sed
1937 433 2037 487 ista
2068 433 2119 491 Α
2143 430 2328 499 (Vens.
2359 429 2450 499 55)
2505 428 2644 494 Quid
2680 430 2888 499 fecisti?
2921 431 3051 486 satis
3093 430 3328 486 ostendit
3364 431 3496 485 illud
3533 434 3582 487 ei
3615 450 3723 504 pro

475 533 743 593 dicebant,
767 529 832 582 de
853 526 1045 596 quibus
1065 540 1161 596 per
1184 525 1501 594 Prophetam
1540 525 1653 593 ipse
1677 523 1997 593 praedixerat
2022 540 2033 573 :

479 616 842 672 Retribuebant
869 614 994 668 mihi
1020 614 1160 668 mala
1181 631 1273 684 pro
1297 614 1441 668 bonis
1463 611 1635 684 (Psal.
1659 628 1846 675 xxxw,
1866 610 1975 680 1'2).
2016 630 2032 662 ι

474 707 656 779 (Vens.
681 703 796 774 51.)
830 703 975 757 Dixit
1015 719 1135 773 ergo
1161 703 1234 757 eis
1267 701 1514 756 Pilatus:
1540 702 1767 771 Accipite
1791 718 1906 755 eum
1931 717 2038 764 ros,

471 802 520 847 et
551 791 834 847 secundum
863 791 1022 862 legem
1043 800 1264 845 vestram
1281 791 1520 861 judicate
1541 807 1677 844 eum.
1713 789 1916 844 Iustior
1944 789 2044 842 fuit

473 885 577 940 illis
588 883 755 953 judex
780 884 1014 953 gentilis,
1041 884 1195 953 quasi
1230 883 1431 938 diceret
1459 899 1471 935 :
1510 882 1706 952 Legem
1735 879 1966 942 habetis,
1989 887 2043 932 et

471 977 767 1034 secundum
798 976 970 1046 legem
1017 982 1250 1029 vestram
1273 973 1512 1044 judicate
1543 987 1664 1026 eum
1693 990 1704 1024 :
1738 984 1832 1024 vos
1855 969 2044 1024 melius

471 1071 646 1127 nostis
690 1069 818 1139 quid
845 1068 910 1122 de
936 1067 1134 1122 talibus
1157 1074 1335 1121 vestra
1366 1066 1454 1120 lex
1479 1064 1715 1133 judicet;
1749 1063 2042 1118 secundum

471 1159 615 1229 quod
634 1159 840 1230 justum
867 1157 1070 1221 sciatis,
1091 1155 1347 1224 judicatc.
1397 1154 1653 1206 Dixerunt
1696 1169 1818 1222 ergo
1867 1152 1913 1204 ei
1940 1151 2044 1203 Ju—

473 1250 619 1303 dwi:
653 1247 817 1302 Nobis
857 1264 958 1301 non
983 1247 1096 1299 licet
1133 1244 1424 1312 interﬁcere
1467 1260 1797 1314 quemquam.
1833 1261 1851 1293 t
1908 1242 2044 1306 Quid

473 1349 556 1396 est
588 1341 730 1410 quod
756 1338 992 1407 loquitur
1017 1338 1203 1390 insana
1246 1334 1569 1390 crudelitas?
1592 1334 1672 1387 An
1703 1349 1808 1387 non
1835 1331 2043 1386 interﬁ-

472 1431 707 1495 ciebant,
735 1445 893 1499 quem
945 1426 1368 1482 interﬁciendum
1401 1425 1732 1480 offerebant?
1761 1445 1778 1476 ι
1807 1425 1889 1479 An
1939 1439 2043 1478 non

471 1519 612 1575 forte
639 1517 1052 1581 interﬁciebant,
1067 1516 1192 1572 dum
1218 1515 1552 1570 clamabant:
1585 1514 1860 1584 Cruciﬁge,
1879 1515 2047 1568 cruci-

471 1611 608 1682 fige?
635 1609 773 1676 Quid
797 1616 878 1663 est
906 1607 1048 1677 quod
1085 1607 1357 1668 dixerunt,
1385 1603 1546 1659 Nobis
1582 1621 1682 1658 non
1709 1604 1822 1658 licet
1851 1603 2048 1672 interﬁ-

471 1720 585 1756 cere
609 1716 940 1774 quemquam,
963 1700 1090 1754 dum
1122 1698 1208 1753 lex
1237 1697 1455 1752 mandat
1497 1696 1816 1761 homicidas,
1843 1696 2046 1750 adulte-

2139 517 2366 572 crimine
2392 517 2684 586 objectum,
2704 528 2958 588 tanquam
2981 519 3183 575 diceret
3212 537 3224 572 :
3251 518 3308 574 Si
3341 535 3522 590 regem
3549 529 3602 576 te
3627 536 3722 578 ne-

2141 624 2235 678 gas
2260 648 2275 672 ,
2321 608 2449 676 quid
2481 607 2652 662 fecisti
2689 616 2747 664 ut
2780 609 3073 667 traderetis
3105 613 3273 666 mihi?
3311 610 3474 678 Quasi
3521 614 3724 670 unitum

2142 713 2249 753 non
2281 706 2446 763 esset,
2483 699 2527 754 si
2549 699 2852 768 puniendus
2865 700 3036 769 judici
3058 702 3382 767 traderetur,
3400 703 3530 771 quid
3555 718 3621 758 se
3639 705 3724 759 di-

2143 795 2289 843 ceret
2327 801 2508 858 regem
2534 803 2691 843 esse:
2723 789 2768 843 si
2795 797 2975 845 autem
3007 791 3112 846 hoc
3141 807 3248 846 non
3295 793 3532 859 diceret,
3566 810 3724 864 quae-

2146 877 2366 933 rendum
2408 879 2475 932 ab
2505 879 2596 934 illo
2622 889 2764 934 esset
2799 882 2930 949 quid
2965 882 3108 938 aliud
3158 881 3298 940 forte
3322 883 3559 950 fecisset,
3582 887 3728 942 unde

2146 968 2283 1023 tradi
2306 966 2475 1036 judici
2505 968 2699 1040 dignus
2719 980 2880 1025 esset.

2218 1057 2378 1112 Vens.
2427 1058 2515 1113 56.
2568 1087 2642 1098 ——
2685 1057 2968 1129 Respondit
3019 1059 3176 1116 Iesus
3210 1077 3228 1114 :
3269 1062 3507 1133 Regnum
3550 1083 3728 1119 meum

2148 1159 2250 1200 non
2276 1155 2349 1199 est
2387 1147 2450 1199 de
2470 1147 2566 1200 hoc
2591 1148 2804 1201 mundo.
2832 1147 2890 1203 Si
2928 1165 2994 1204 ea:
3021 1153 3117 1204 hoc
3145 1151 3340 1206 mundo
3358 1163 3488 1207 esset
3510 1171 3728 1224 regnum

2149 1251 2339 1299 meum,
2368 1235 2593 1289 ministri
2623 1237 2727 1289 mei
2764 1239 2941 1309 utique
2968 1237 3310 1304 decertarent,
3332 1250 3389 1294 ut
3420 1259 3524 1295 non
3543 1243 3729 1296 trade-

2147 1339 2232 1376 rer
2255 1323 2480 1378 Iudrris.
2510 1323 2664 1379 Nunc
2685 1335 2860 1380 autem
2889 1343 3061 1381 meum
3089 1345 3301 1398 regnum
3344 1347 3446 1385 non
3475 1341 3550 1385 est
3579 1333 3726 1388 hinc.

2147 1418 2262 1473 Hoc
2289 1426 2374 1473 est
2405 1420 2544 1488 quod
2569 1421 2742 1476 bonus
2789 1421 3045 1491 magister
3081 1423 3222 1478 scire
3260 1439 3360 1480 nos
3384 1425 3584 1491 voluit;
3634 1428 3733 1482 sed

2147 1507 2297 1576 prius
2334 1509 2490 1563 nobis
2513 1508 2928 1565 demonstranda
2958 1509 3134 1566 fuerat
3176 1527 3312 1567 vana
3349 1515 3634 1570 hominum
3664 1517 3730 1572 de

2149 1613 2313 1668 regno
2343 1599 2459 1669 ejus
2485 1599 2690 1668 opinio,
2713 1600 2825 1654 sive
2869 1599 3142 1666 Gentium,
3172 1602 3284 1658 sive
3309 1602 3654 1668 Judteorum,
3699 1622 3729 1660 a

2147 1690 2344 1758 quibus
2370 1691 2422 1746 id
2473 1691 2678 1746 Pilatus
2710 1693 3170 1762 audieratzquasi
3198 1703 3486 1764 propterea
3535 1696 3734 1754 fuisset

471 1812 584 1861 ros,
609 1768 664 1850 et
699 1768 882 1848 talium
933 1807 1054 1847 reos
1083 1792 1343 1846 scelerum
1375 1791 1621 1846 occidere
1648 1789 1732 1843 vel
1775 1789 2047 1858 lapidare?
2077 1768 2124 1828 Β
2148 1786 2322 1834 morte
2337 1779 2824 1850 plectendus,quod
2851 1780 3094 1836 illicitum
3113 1781 3443 1840 aﬁ‘eetaverit
3463 1800 3727 1854 regnum;

471 1887 575 1942 nisi
601 1885 740 1942 forte
767 1886 871 1939 boc
919 1883 1038 1937 ideo
1084 1881 1380 1944 dixissent,
1429 1886 1650 1950 propter
1705 1877 2045 1932 sanctitatem

471 1977 576 2031 diei
599 1975 723 2031 festi
749 1975 824 2047 [et
848 1968 1294 2040 venerationem],
1327 1979 1386 2024 ut
1411 1985 1516 2024 non
1544 1969 1728 2024 liceret
1749 1968 1828 2022 eis
1854 1981 2048 2021 secun-

467 2068 597 2122 dum
631 2067 802 2134 legem
830 2064 884 2117 in
913 2063 1001 2117 die
1030 2060 1165 2116 festo
1201 2061 1447 2116 occidere
1475 2059 1772 2123 hominem,
1801 2057 1871 2112 ob
1895 2056 2048 2126 cujus

467 2156 577 2213 diei
606 2157 725 2212 festi
757 2153 1361 2218 venerationem,etiam
1399 2152 1710 2222 praetorium
1743 2149 1942 2218 judicis
1966 2149 2048 2204 in-

445 2258 618 2302 ..trare
669 2245 976 2302 noluerunt.
1013 2243 1316 2310 Quomodo,
1353 2257 1386 2296 ο
1433 2242 1625 2307 Judaei,
1653 2256 1686 2296 o
1725 2240 1844 2295 falsi
1877 2241 2048 2296 Israe-

473 2338 603 2401 liun,
629 2353 732 2391 non
758 2334 1031 2390 occidistis
1056 2348 1201 2396 eum,
1226 2348 1383 2402 quem
1419 2331 1865 2401 apprehendiS‘tis,
1887 2345 2048 2400 quem

473 2427 737 2489 duxistis,
777 2439 935 2494 quem
979 2423 1197 2494 praesidi
1231 2423 1559 2486 tradidistis,
1599 2437 1756 2490 quem
1809 2420 2049 2490 cruciﬁgi

464 2516 825 2587 peposcistis?
860 2533 878 2566 ι
929 2513 1144 2576 Audite,
1169 2511 1310 2581 quod
1358 2519 1546 2566 contra
1588 2526 1683 2565 vos
1722 2511 1884 2564 etiam
1916 2508 2048 2562 Pro-

449 2607 634 2676 pheta
660 2605 856 2660 clamat
882 2623 892 2657 :
927 2602 1054 2656 Filii
1075 2603 1362 2664 hominum,
1406 2601 1580 2654 dentes
1607 2617 1782 2654 eorum
1809 2617 1958 2654 arma
2002 2608 2050 2652 et

473 2694 698 2764 sagitta',
747 2702 794 2747 et
833 2691 1012 2762 lingua
1042 2707 1221 2744 eorum
1251 2690 1512 2743 macha'ra
1544 2700 1698 2743 acuta
1734 2687 1906 2760 (Psal.
1941 2705 2048 2752 ωἰ,

473 2786 550 2854 ii).
579 2785 717 2838 Ecce
737 2783 932 2852 quibus
958 2780 1150 2841 armis,
1170 2778 1364 2847 quibus
1396 2778 1626 2848 sagittis,
1653 2793 1755 2847 qua
1784 2779 2050 2831 machaera

472 2877 672 2945 justum
722 2869 1086 2926 interfecistis.
1140 2867 1340 2921 Deinde
1386 2868 1631 2937 sequitur
1675 2867 1908 2938 :(Vsas.
1956 2863 2048 2936 52)

475 2963 590 3016 Hoc
613 2972 786 3016 autem
808 2960 1074 3021 dixerunt,
1103 2965 1158 3009 ut
1196 2972 1363 3010 sermo
1396 2955 1526 3011 Iesu
1553 2955 1873 3027 impleretur,
1901 2971 2052 3026 quem

473 3054 629 3116 dixit,
665 3051 966 3120 signiﬁcans
997 3064 1100 3118 qua
1127 3056 1255 3101 esset
1283 3046 1778 3101 mortemoriturus.
1817 3063 1834 3095 ς
1868 3043 2053 3112 Itaque

476 3141 877 3210 intelligendum
900 3145 982 3193 est
1013 3137 1295 3191 Dominum
1321 3137 1411 3193 hic
1436 3137 1739 3208 signiﬁcare
1772 3150 1880 3190 non
1903 3150 2048 3189 mor-

475 3239 582 3283 tem
607 3227 805 3290 crucis,
822 3226 915 3280 sed
936 3225 1080 3279 illam
1101 3235 1325 3280 mortem
1354 3224 1778 3295 quaJudIL-ieum
1807 3224 2052 3295 gentibus

475 3317 757 3376 tradebant
784 3317 849 3374 ad
881 3315 1229 3373 occidendum
1257 3356 1271 3380 ,
1321 3317 1425 3371 hoc
1448 3326 1552 3380 est,
1584 3315 1870 3378 Romanis;
1928 3329 2050 3369 nam

475 3416 676 3472 Pilatus
697 3414 971 3468 Romanus
996 3414 1131 3467 civis
1183 3408 1281 3466 fmt
1308 3449 1322 3477 ,
1384 3410 1509 3468 licet
1567 3426 1764 3485 genere
1796 3409 2016 3468 Pontius
2035 3456 2049 3478 ,

475 3520 705 3574 eumque
743 3505 795 3558 in
819 3503 1060 3558 Iudaeam
1093 3501 1321 3556 Romani
1351 3503 1632 3571 praesidem
1671 3504 1952 3558 miserant.
1985 3503 2049 3558 Ut

476 3613 605 3668 ergo
633 3598 730 3651 iste
759 3612 929 3649 sermo
952 3594 1080 3649 Iesu
1106 3593 1424 3665 impleretur,
1449 3594 1502 3650 id
1547 3603 1651 3661 est,
1679 3604 1738 3650 ut
1781 3611 1900 3650 eum
1950 3597 2051 3652 sibi

479 3690 733 3744 traditum
765 3687 967 3742 Gentes
1017 3686 1403 3751 interﬁcerent,
1435 3686 1579 3756 quod
1634 3684 1789 3741 Iesus
1815 3686 2050 3742 futurum

478 3792 600 3832 esse
625 3776 969 3846 praedixerat,
994 3777 1096 3830 hoc
1136 3776 1411 3844 impletum
1441 3784 1543 3842 est,
1580 3775 1705 3830 dum
1730 3775 1896 3831 Judrci
1928 3793 2050 3831 eum

478 3869 742 3925 Gentibus
805 3868 1138 3923 tradiderunt
1189 3868 1570 3935 occidendum;
1617 3871 1825 3924 minore
1877 3878 2052 3924 tamen

478 3958 702 4024 scelere,
732 3973 891 4028 quam
920 3957 1111 4024 Judaei,
1143 3959 1232 4028 qui
1289 3975 1347 4014 se
1380 3960 1490 4014 .isto
1521 3960 1678 4014 modo
1724 3961 1791 4014 ab
1820 3961 1935 4030 ejus
1975 3960 2056 4014 in-

481 4049 797 4105 teriectione
833 4047 981 4103 velut
1007 4049 1208 4103 alienos
1257 4047 1434 4103 facere
1474 4049 1798 4114 voluerunt,
1844 4065 1949 4104 non
1996 4057 2055 4103 ut

479 4153 665 4194 eorum
692 4137 1017 4198 innocentia,
1047 4137 1139 4191 sed
1169 4145 1228 4190 ut
1272 4137 1542 4192 dementia
1577 4147 1986 4193 monstraretur.
2029 4158 2046 4189 I

551 4227 710 4283 Vens.
743 4227 831 4280 55.
868 4254 939 4264 -—-
963 4225 1201 4278 Introivit
1242 4225 1430 4278 iterum
1471 4227 1524 4280 in
1565 4227 1870 4296 praetorium
1901 4225 2053 4280 Pila-

479 4329 584 4383 tus,
609 4326 656 4371 et
693 4317 891 4370 vocavit
913 4315 1093 4370 Iesum
1120 4357 1134 4380 ,
1179 4327 1226 4370 et
1252 4317 1383 4371 dixit
1409 4318 1491 4372 ei:
1520 4317 1595 4371 Tu
1624 4335 1676 4372 es
1718 4336 1812 4373 rex
1838 4319 2055 4374 Iudaeo-

479 4409 638 4463 rum?
666 4407 722 4462 In
745 4408 829 4463 bis
851 4409 1027 4463 verbis
1057 4409 1290 4463 ostendit
1317 4407 1518 4463 Pilatus
1541 4409 1644 4464 hoc
1667 4407 1880 4465 Iudaeos
1908 4407 2055 4477 obje-

479 4499 620 4555 nisse
647 4499 696 4554 ei
742 4499 1008 4564 criminis,
1037 4506 1095 4552 ut
1141 4499 1343 4555 diceret
1377 4515 1435 4554 se
1474 4515 1650 4570 regem
1697 4515 1816 4556 esse
1844 4499 2055 4556 Iudico-

480 4603 621 4642 ruin.
660 4587 844 4658 (Vens.
878 4587 993 4659 54.)
1036 4586 1316 4657 Respondit
1343 4587 1498 4642 Iesus
1531 4603 1548 4640 :
1585 4588 1626 4640 Α
1656 4589 1921 4658 temetipso
1960 4589 2056 4643 hoc

479 4679 631 4742 dicis,
661 4695 730 4733 an
755 4677 846 4733 alii
877 4679 968 4732 tibi
1002 4679 1246 4732 dixerunt
1276 4679 1339 4732 de
1365 4681 1486 4732 me?
1518 4698 1536 4730 ‹
1573 4692 1596 4718 α
1632 4678 1848 4735 Sciebat
1874 4680 2058 4747 utique

480 4767 759 4833 Dominus,
789 4777 843 4824 et
863 4769 1004 4837 quod
1028 4769 1143 4838 ipse
1188 4769 1575 4838 interrogabat,
1606 4779 1660 4823 et
1682 4769 1822 4838 quod
1850 4769 1936 4824 ille
1977 4785 2060 4822 re-

480 4874 776 4928 sponsurus
820 4857 919 4914 fuit
960 4857 1086 4931 [Ms.
1119 4859 1306 4912 addit:
1339 4867 1394 4913 et
1437 4859 1567 4927 quid
1620 4859 1694 4912 illi
1723 4859 1928 4912 Pilatus
1979 4874 2061 4912 re—

480 4965 778 5020 sponsurus
803 4959 941 5006 erat.
991 4949 1105 5005 Sed
1131 4950 1228 5003 hoc
1286 4948 1562 5020 redundat]
1593 4967 1604 5001 :
1631 4957 1685 5003 et
1733 4959 1912 5004 tamen
1956 4950 2060 5005 dici

483 5043 670 5110 voluit,
702 5048 1068 5114 nonpropter
1093 5055 1154 5096 se
1190 5041 1280 5110 qui
1316 5042 1495 5095 omnia
1547 5041 1770 5106 sciebat,
1802 5042 1894 5097 sed
1937 5057 2063 5111 pro—

483 5141 604 5202 pter
627 5148 746 5198 nos,
777 5143 838 5187 ut
883 5130 1214 5188 scriberetur
1241 5131 1383 5199 quod
1433 5145 1532 5184 nos
1563 5130 1702 5185 scire
1743 5129 1933 5185 voluit.
1965 5129 2063 5185 Re-

424 5283 431 5287 _
484 5224 688 5292 spondit
738 5221 985 5278 Pilatus:
1020 5219 1273 5292 Nunquid
1321 5237 1412 5291 ego
1458 5220 1682 5276 Iudwus
1721 5222 1883 5277 sum?
1925 5221 2061 5278 Gens

485 5326 576 5370 tua
599 5327 648 5370 et
669 5317 936 5388 pontiﬁces
957 5315 1287 5370 tradiderunt
1303 5324 1352 5369 te
1367 5314 1512 5370 milii.
1544 5314 1684 5381 Quid
1700 5316 1908 5385 fecisti?
1925 5317 2062 5372 Abs-

487 5405 608 5460 tulit
632 5423 664 5461 a
687 5422 745 5462 se
772 5408 1132 5477 suspicionem
1153 5418 1264 5475 qua
1289 5407 1675 5476 possetputari
1709 5421 1740 5460 a
1773 5407 2062 5476 semetipso

487 5492 684 5550 dixisse
709 5497 850 5565 quod
872 5494 1054 5550 Iesum
1085 5508 1267 5564 regem
1317 5495 1527 5549 dixerat
1569 5510 1688 5550 esse
1711 5493 2018 5549 Iudaeorum
2045 5510 2058 5556 ;

475 5585 540 5639 ’Μ
594 5600 650 5637 se
695 5603 723 5638 a
769 5585 967 5640 Judreis
1019 5586 1289 5653 accepisse
1337 5587 1727 5639 demonstrans.
1775 5584 2055 5636 ‘Direndnt

559 5710 584 5737 ι
627 5695 701 5751 Ex
732 5693 788 5748 S.
812 5695 969 5764 Aug.,
997 5703 1150 5747 tract.
1178 5709 1298 5756 cn,
1325 5709 1466 5746 num.
1498 5692 1631 5758 1,4,
1654 5693 1703 5746 ὅ.

2149 1868 2231 1922 vel
2262 1870 2518 1938 quoniam
2575 1869 2748 1924 solent
2797 1871 3096 1940 regnaturis
3137 1872 3377 1928 invidere
3420 1884 3730 1944 regnantes.

2149 1957 2370 2014 Poterat
2394 1967 2574 2014 autem
2603 1959 2864 2016 Dominus
2890 2001 2905 2025 ,
2960 1961 3102 2031 quod
3127 1961 3203 2016 ait
3228 1979 3240 2015 :
3275 1961 3512 2033 Regnum
3555 1980 3734 2017 naeuus

2150 2065 2254 2102 non
2279 2058 2354 2104 est
2377 2049 2442 2104 de
2467 2050 2660 2104 mundo
2686 2050 2783 2104 hoc
2808 2090 2824 2115 ,
2883 2051 2950 2106 ad
2986 2051 3215 2120 primam
3253 2051 3732 2124 interrogatioem

2151 2139 2395 2208 praesidis
2420 2141 2870 2210 respondere,ubi
2885 2142 3022 2197 dixit
3045 2160 3058 2196 :
3089 2142 3168 2197 Tu
3192 2161 3246 2198 es
3275 2144 3689 2200 πελειάων-κη
3709 2149 3734 2200 .’

2153 2227 2258 2284 Sed
2288 2244 2412 2285 eum
2437 2231 2675 2286 vicissim
2705 2231 3022 2303 interrogat,
3059 2239 3241 2287 utrum
3272 2234 3373 2289 hoc
3396 2235 3563 2305 62³1
3590 2251 3623 2290 a
3651 2251 3735 2292 se-

2149 2319 2378 2388 metipso
2434 2320 2656 2386 diceret,
2688 2335 2755 2375 an
2800 2322 3037 2376 audisset
3057 2322 3125 2377 ab
3161 2321 3311 2388 aliis;
3367 2323 3458 2378 illo
3505 2340 3732 2395 respon-

2151 2408 2331 2472 dente,
2363 2409 2646 2463 ostendere
2671 2409 2862 2474 voluit,
2886 2410 2989 2464 hoc
3013 2409 3114 2464 sibi
3143 2409 3281 2480 apud
3316 2411 3464 2466 illum
3510 2410 3678 2468 fuisse
3699 2429 3731 2468 a

2149 2494 2349 2550 ludatis
2399 2497 2545 2550 velut
2592 2498 2797 2552 crimen
2837 2497 3148 2566 obiectum:
3207 2500 3541 2569 patefaciens
3577 2505 3734 2558 nobis

2153 2590 2509 2658 cogitationes
2561 2589 2837 2644 hominum
2892 2605 3027 2659 quas
3062 2591 3175 2660 ipse
3219 2599 3443 2647 noverat
3481 2594 3733 2662 quoniam

2153 2697 2303 2737 vana:
2337 2690 2482 2737 sunt.
2535 2701 2552 2733 ι
2580 2681 2731 2748 Quod
2772 2697 2900 2737 vero
2926 2683 3036 2736 ait:
3070 2681 3304 2752 Regnum
3336 2701 3510 2736 meum
3537 2697 3732 2740 nonest

2152 2773 2216 2827 de
2241 2773 2337 2826 hoc
2370 2773 2586 2838 mundo,
2615 2773 2668 2827 id
2696 2782 2780 2828 est
2798 2814 2813 2838 ,
2859 2773 2912 2826 in
2941 2773 3044 2828 hoc
3073 2773 3292 2828 mundo.
3321 2772 3519 2829 Audite
3547 2789 3735 2830 omnes

2153 2877 2309 2932 reges
2330 2869 2515 2928 terrai;
2567 2877 2673 2917 non
2699 2862 2846 2917 venit
2871 2861 3118 2917 Christus
3145 2877 3370 2933 regnum
3400 2862 3613 2929 tollere,
3640 2866 3732 2919 sed

2154 2955 2311 3020 dare;
2341 2972 2446 3011 non
2470 2956 2733 3022 minuere,
2763 2957 2857 3012 sed
2893 2971 3122 3025 augere;
3156 2971 3336 3026 regem
3365 2972 3424 3012 se
3455 2973 3564 3011 non
3601 2973 3730 3012 con-

2157 3045 2396 3108 tradixit,
2423 3045 2516 3100 sed
2546 3046 2837 3101 carnaliter
2861 3046 2916 3100 in
2943 3047 3046 3101 hoc
3065 3046 3265 3101 mundo
3291 3060 3350 3101 se
3377 3061 3602 3116 regnare
3625 3063 3732 3100 non

2155 3136 2310 3190 dixit.
2345 3135 2498 3202 Quod
2520 3143 2603 3190 est
2629 3134 2742 3202 ejus
2771 3151 3019 3207 regnum,
3051 3135 3154 3194 nisi
3180 3135 3460 3194 credentes
3490 3136 3543 3192 in
3582 3151 3733 3200 eum,

2155 3239 2289 3294 quos
2312 3225 2488 3283 tradet
2516 3240 2742 3300 regnum
2772 3223 2882 3284 Deo
2907 3230 3053 3284 Patri
3093 3230 3148 3284 in
3187 3229 3294 3283 ﬁne
3319 3229 3488 3283 saeculi
3517 3227 3570 3296 (1
3595 3227 3728 3280 Cor.

2155 3315 2378 3391 xuii),
2408 3320 2460 3374 id
2488 3328 2600 3385 est,
2649 3320 2876 3376 adducet
2931 3321 2997 3376 ad
3024 3322 3194 3376 Deum
3221 3320 3428 3375 Patrem
3456 3359 3471 3384 ,
3518 3327 3579 3373 ut
3610 3321 3735 3374 sine

2154 3411 2258 3466 ﬁne
2282 3419 2504 3480 regnent
2525 3426 2651 3465 cum
2689 3410 2812 3465 illo?
2857 3409 2966 3466 Sed
2995 3420 3056 3465 ut
3079 3411 3179 3466 hoc
3203 3411 3492 3481 probaret,
3541 3417 3602 3462 ut
3647 3425 3734 3464 re-

2153 3515 2315 3569 gnum
2341 3500 2457 3570 ejus
2483 3501 2548 3554 de
2574 3501 2678 3555 hoc
2707 3500 2905 3555 mundo
2942 3515 3050 3555 non
3104 3507 3268 3566 esset,
3299 3499 3496 3568 adjecit
3523 3517 3535 3550 :
3571 3498 3632 3553 Si
3669 3499 3736 3554 de

2154 3591 2250 3643 hoc
2275 3589 2468 3643 mundo
2491 3600 2620 3644 esset
2647 3607 2862 3660 regnum
2886 3606 3081 3656 meum,
3107 3591 3332 3644 ministri
3365 3589 3468 3643 ntei
3501 3587 3733 3643 decerta—

2158 3689 2269 3734 rent
2312 3688 2368 3732 ut
2401 3697 2502 3734 non
2530 3680 2765 3733 traderer
2798 3679 3024 3734 Iuda'is.
3071 3679 3186 3734 Non
3217 3681 3292 3733 ait
3337 3697 3349 3732 :
3383 3679 3537 3734 Nunc
3559 3687 3730 3734 autem

2158 3785 2380 3840 regnum
2419 3785 2595 3825 meum
2621 3787 2726 3825 non
2751 3779 2835 3826 est
2862 3771 2943 3824 hic
2964 3811 2980 3834 ,
3011 3771 3102 3825 sed
3129 3786 3234 3824 non
3259 3779 3344 3825 est
3370 3770 3522 3833 hinc;
3545 3770 3730 3824 bicest

2156 3860 2299 3914 enim
2332 3874 2552 3930 regnum
2571 3861 2892 3931 ejus,usque
2915 3861 2966 3914 in
2984 3861 3141 3915 linem
3171 3861 3378 3925 seculi,
3410 3861 3498 3915 sed
3526 3860 3576 3912 in
3607 3874 3726 3914 san-

2157 3953 2259 4007 etis
2291 3953 2423 4018 suis,
2453 3953 2518 4007 de
2541 3953 2735 4022 quibus
2768 3953 2901 4008 dixit
2923 3953 2977 4006 in
3011 3952 3118 4006 alio
3145 3952 3473 4023 Evangelia:
3501 3949 3727 4021 Regnum

2160 4042 2255 4096 Dei
2285 4042 2423 4102 intra
2449 4059 2539 4096 vos
2568 4052 2640 4096 est
2665 4042 2816 4113 (Luc.
2849 4058 2994 4107 xvu,
3044 4043 3155 4113 2|).
3183 4041 3325 4096 Nam
3363 4057 3586 4112 regnum
3610 4039 3732 4109 ejus

2157 4141 2341 4188 sancta
2364 4134 2602 4188 Ecclesia
2625 4143 2729 4189 est.
2754 4134 2906 4190 Unde
2923 4141 2979 4189 et
3005 4134 3071 4188 ad
3097 4133 3319 4188 Mariam
3349 4133 3612 4203 virginem
3634 4146 3728 4184 an-

2158 4227 2308 4297 gelus
2335 4227 2442 4280 ait:
2476 4227 2543 4280 Et
2573 4225 2803 4296 regnabit
2832 4227 2886 4280 in
2915 4225 3067 4280 domo
3093 4225 3258 4278 Iacob
3283 4225 3336 4278 in
3359 4234 3644 4286 cateruam,
3684 4233 3730 4276 et

2161 4317 2305 4387 regni
2331 4317 2445 4386 ejus
2473 4333 2574 4370 non
2603 4317 2705 4370 erit
2725 4316 2848 4385 finis
2877 4315 3027 4386 (Luc.
3058 4333 3097 4378 ι,
3123 4315 3214 4379 32,
3246 4314 3358 4384 55),
3388 4313 3627 4384 spiritale
3652 4328 3732 4367 re-

2159 4421 2322 4476 gnum
2337 4421 2442 4476 quo
2469 4405 2526 4459 in
2552 4406 2752 4461 sanctis
2779 4414 2965 4474 regnat
2989 4405 3361 4460 demonstrare
3383 4405 3560 4460 volens
3576 4444 3591 4467 ,
3626 4418 3730 4457 non

2159 4496 2374 4551 carnale
2402 4495 2542 4566 quod
2573 4511 2713 4565 saepe
2763 4496 2910 4564 impii
2940 4496 3137 4550 habent
3174 4496 3227 4549 in
3257 4495 3358 4550 hoc
3387 4495 3596 4549 mundo.
3649 4492 3726 4546 De

2161 4600 2326 4655 regno
2367 4585 2566 4654 quippe
2599 4602 2697 4641 suo
2737 4587 2867 4640 dicit
2905 4586 3063 4655 paulo
3089 4594 3250 4640 ante:
3280 4585 3354 4640 De
3395 4584 3586 4638 mundo
3625 4599 3730 4636 non

2155 4678 2304 4741 estis,
2327 4677 2417 4732 sed
2446 4694 2536 4748 ego
2562 4694 2649 4731 vos
2670 4677 2733 4731 de
2766 4677 2960 4731 mundo
2986 4676 3136 4746 elegi.

2233 4767 2392 4821 Vsus.
2417 4767 2592 4820 57.-
2612 4765 2754 4820 Dixit
2792 4767 2840 4819 ei
2864 4768 3038 4836 itaque
3072 4763 3280 4820 Pilatus
3308 4779 3326 4816 :
3364 4765 3505 4836 Ergo
3534 4781 3623 4817 res
3667 4779 3726 4816 es

2160 4867 2216 4909 tu
2233 4857 2258 4909 ?
2279 4855 2561 4926 Respondit
2581 4854 2737 4910 Iesus
2761 4868 2778 4906 :
2803 4854 2880 4908 Tu
2903 4855 3055 4919 dicis,
3079 4855 3204 4924 quia
3227 4870 3318 4908 rex
3336 4870 3453 4907 sum
3478 4869 3586 4923 ego.
3615 4849 3734 4907 Non

2163 4946 2286 5014 quia
2309 4961 2366 5000 se
2396 4960 2576 5015 regem
2598 4945 2777 4999 timuit
2813 4944 3080 5009 conﬁteri,
3103 4945 3216 5008 sed,
3239 4952 3295 4996 tu
3323 4943 3473 5005 dicis,
3503 4943 3596 4996 ait.
3641 4941 3737 4996 Sic

2165 5032 2458 5102 respondit,
2489 5041 2548 5086 ut
2575 5047 2758 5087 verum
2787 5033 3006 5097 diceret,
3039 5039 3092 5086 et
3114 5046 3292 5086 sermo
3311 5030 3430 5099 ejus
3455 5031 3737 5086 calumniae

2164 5143 2267 5182 non
2290 5135 2514 5197 pateret.
2537 5126 2748 5180 Dictum
2776 5134 2880 5186 est,
2902 5136 2957 5179 tu
2991 5125 3142 5189 dicis,
3173 5124 3408 5180 carnalis
3448 5123 3739 5179 carnaliter

2163 5217 2315 5270 dicis.
2347 5215 2548 5270 Deinde
2591 5216 2903 5285 subjungit:
2935 5212 3048 5284 Ego
3090 5215 3145 5268 in
3195 5215 3290 5268 hoc
3320 5224 3476 5268 natus
3501 5231 3638 5278 sum,
3686 5223 3737 5267 et

2162 5306 2231 5359 ad
2279 5306 2376 5359 hoc
2401 5305 2518 5359 veni
2540 5306 2594 5359 in
2639 5305 2909 5369 mundum,
2953 5314 3010 5358 ut
3055 5305 3404 5359 testimonium
3439 5305 3738 5376 perhibemus

2162 5393 2383 5447 veritati.
2420 5411 2438 5442 ι
2475 5392 2591 5447 Non
2616 5400 2694 5446 est
2725 5393 3067 5462 producenda
3089 5391 3247 5460 huius
3266 5392 3603 5462 pronominis
3631 5390 3738 5461 syl-

2163 5481 2305 5544 laba,
2336 5481 2477 5551 quod
2505 5483 2615 5536 ait:
2645 5482 2710 5537 In
2736 5484 2831 5536 hoc
2879 5492 3031 5538 natus
3060 5500 3195 5547 sum,
3242 5493 3494 5552 tanquam
3538 5482 3739 5538 dixerit

2165 5569 2240 5640 [in
2267 5570 2367 5624 bac
2393 5584 2449 5623 re
2493 5580 2648 5626 natus
2673 5588 2823 5639 sum;
2856 5571 2948 5628 sed
2985 5572 3339 5651 corripienda,
3369 5581 3628 5642 tanquam
3657 5571 3735 5626 di-
