3992 6184
317 310 425 372 ιιι

1095 309 1504 375 EXEGETICA.
1547 341 1617 353 —
1657 311 2006 381 COMMENT.
2050 313 2116 369 1N
2153 310 2343 370 JOAN.
2371 343 2439 354 —
2477 311 2604 370 LIB.

3459 313 3599 369 9'78-r

316 425 482 497 xerit]
513 422 568 479 in
593 424 733 480 hanc
760 438 873 479 rem
896 431 1054 478 natus
1075 439 1213 489 sum,
1241 423 1326 479 vel
1353 423 1421 478 ad
1443 424 1543 480 hoc
1569 432 1726 479 natus
1744 439 1887 490 sum,
1918 433 1964 493 Α
1993 423 2132 482 idem
2181 440 2396 498 praess
2425 428 2701 483 cohortem
2741 442 2890 483 suam
2938 427 3397 498 permisit'facere
3446 445 3568 499 qua:
3590 450 3607 467 τ

316 518 463 572 sicut
487 514 564 571 ait
588 527 607 569 :
630 514 711 568 Ad
733 514 829 567 hoc
851 514 963 568 veni
988 514 1044 567 in
1066 513 1338 566 mundum.
1366 512 1424 566 in
1452 509 1640 569 (ἔπι-ωεο
1661 529 1892 583 namque

318 609 611 681 Evangelio
640 609 771 664 nihil
791 616 874 663 est
892 606 1052 676 hujus
1065 607 1352 662 locutionis
1383 608 1711 676 ambiguum.
1742 607 1893 663 Unde

318 699 669 756 manifestum
707 708 792 754 est
820 713 942 754 eum
976 697 1322 767 temporalem
1366 696 1700 750 nativitatem
1740 710 1893 750 suam

321 796 416 851 hic
465 807 939 857 commemorasse,
974 806 1080 862 qua
1132 790 1445 845 incarnatus
1467 790 1615 844 venit
1642 789 1696 843 in
1740 803 1896 842 mun-

317 888 451 942 dum
476 904 492 940 :
530 900 640 940 non
665 884 808 938 illam
825 884 944 939 sine
966 882 1139 947 initio,
1160 896 1266 951 qua
1294 881 1437 936 Deus
1451 887 1587 943 crat,
1616 895 1716 950 per
1735 892 1895 948 quem

320 974 485 1031 Pater
505 973 743 1029 condidit
767 971 1045 1027 mundum.
1066 970 1127 1024 ln
1157 971 1261 1024 hoc
1287 983 1418 1039 ergo
1439 983 1497 1023 se
1524 967 1661 1023 dixit
1687 974 1893 1034 natum,

324 1064 383 1120 id
403 1072 507 1128 est,
535 1070 755 1133 propter
771 1062 874 1117 hoc
894 1067 1103 1125 natum,
1131 1067 1186 1113 et
1206 1059 1271 1113 ad
1301 1059 1405 1112 hoc
1426 1057 1635 1112 venisse
1663 1057 1718 1111 in
1744 1072 1898 1110 mun-

321 1157 475 1223 dum,
514 1156 699 1225 utique
738 1152 1008 1208 nascendo
1048 1152 1114 1207 de
1154 1150 1383 1221 virgine,
1421 1156 1483 1203 ut
1528 1148 1896 1204 testimonium

325 1245 611 1316 perbibeat
653 1242 887 1298 veritati.
921 1239 1028 1297 Sed
1055 1240 1179 1311 quia
1208 1254 1314 1294 non
1357 1238 1594 1293 omnium
1639 1245 1721 1293 est
1744 1238 1896 1302 fides,

324 1334 573 1405 adjunxit
598 1341 759 1402 atque
798 1332 909 1387 ait:
962 1329 1145 1385 Omnis
1175 1331 1263 1401 qui
1289 1337 1364 1383 est
1399 1345 1464 1383 ea:
1491 1329 1723 1394 veritate,
1753 1330 1901 1383 audit

328 1442 503 1481 vocem
540 1423 915 1479 meam.Audit
942 1422 1130 1491 utique
1179 1420 1529 1477 interioribus
1576 1420 1815 1485 auribus,
1848 1421 1902 1476 id

326 1524 438 1581 est,
483 1516 703 1571 obaudit
752 1530 885 1569 mea:
928 1514 1076 1580 voci;
1126 1514 1271 1583 quod
1321 1511 1651 1566 tantumdem
1699 1511 1904 1566 valeret

329 1608 485 1679 quasi
534 1608 767 1672 diceret,
815 1605 999 1661 Credit
1048 1604 1202 1660 mihi.
1248 1602 1382 1659 Cum
1429 1602 1611 1673 itaque
1658 1602 1905 1658 Christus

331 1697 695 1753 testimonium
719 1695 964 1766 perhibet
991 1693 1230 1759 veritati,
1267 1690 1510 1762 profecto
1538 1692 1904 1747 testimonium

329 1788 578 1857 perhibet
611 1786 714 1841 sibi
746 1804 759 1839 :
792 1786 910 1856 ejus
959 1784 1156 1855 quippe
1190 1798 1297 1839 vox
1324 1790 1429 1848 est,
1468 1781 1581 1853 Ego
1608 1798 1724 1836 sum
1768 1781 1903 1836 veri-

334 1891 416 1934 tas
436 1878 621 1947 (Iona.
644 1894 756 1942 xiv,
778 1876 853 1947 6).
878 1876 976 1931 Hic
1002 1874 1340 1931 commendat
1360 1873 1608 1944 gratiam,
1625 1888 1724 1944 per
1742 1886 1904 1943 quam

332 1968 514 2023 vocati
561 1981 764 2024 sumus.
792 1967 884 2021 Ait
911 1966 1091 2035 itaque
1116 1984 1130 2018 :
1162 1964 1345 2019 Omnis
1372 1964 1461 2033 qui
1483 1973 1556 2018 est
1576 1978 1640 2018 ea:
1667 1964 1904 2028 veritate,

334 2056 490 2114 audit
517 2073 688 2112 vocem
706 2072 873 2110 meam
900 2053 1080 2125 (Ioan.
1112 2068 1229 2117 vui,
1260 2051 1346 2123 l8)
1380 2070 1393 2105 :
1423 2067 1531 2107 non
1568 2052 1687 2107 ideo
1730 2061 1815 2107 cst
1837 2066 1904 2107 ex

335 2149 585 2213 veritate,
613 2147 742 2216 quia
764 2144 882 2215 ejus
905 2143 1054 2199 audit
1073 2157 1280 2207 vocem,
1306 2142 1399 2197 sed
1432 2142 1550 2197 ideo
1578 2141 1749 2206 audit,
1778 2141 1904 2210 quia

336 2253 404 2293 ex
430 2237 659 2292 veritate
676 2243 780 2300 est,
810 2233 886 2306 [id
909 2232 1012 2306 est]
1068 2233 1193 2302 quia
1220 2232 1322 2286 hoc
1352 2230 1427 2285 illi
1455 2231 1653 2286 donum
1677 2245 1745 2285 ex
1764 2231 1909 2285 veri-

338 2334 450 2382 tate
468 2324 717 2380 collatum
739 2331 850 2388 est;
874 2322 1016 2392 quod
1040 2321 1169 2391 quid
1192 2329 1277 2375 est
1294 2319 1458 2384 aliud,
1488 2334 1650 2381 quam
1672 2320 1909 2375 donante

338 2414 554 2473 Christo
578 2415 798 2469 credere
822 2412 899 2484 [in
924 2409 1258 2481 Christum]?

412 2508 573 2562 Vens.
620 2502 962 2560 58.—Dicit
1012 2503 1061 2555 ei
1085 2499 1292 2554 Pilatus
1318 2514 1337 2552 :
1377 2500 1516 2567 Quid
1566 2511 1643 2569 est
1686 2501 1913 2556 veritas!

340 2595 452 2651 Nec
483 2592 817 2664 exspectavit
840 2590 1054 2655 audire,
1090 2609 1108 2642 ι
1144 2590 1272 2662 quid
1294 2590 1643 2660 responderet
1660 2591 1708 2645 ei
1733 2590 1909 2654 Iesus,

337 2685 467 2756 quia
497 2683 636 2738 forte
660 2681 855 2751 dignus
896 2679 1360 2741 nonibitaudite.
1414 2680 1599 2750 (Vsus.
1640 2679 1754 2751 59.)
1807 2680 1912 2735 Sed

337 2789 458 2828 cum
480 2772 578 2827 ltoc
598 2771 847 2836 dixisset,
865 2771 1051 2824 iterum
1079 2770 1202 2825 exiit
1233 2770 1301 2824 ad
1320 2769 1558 2835 Iudwos,
1581 2779 1628 2824 et
1650 2771 1781 2824 dixit
1806 2772 1910 2827 eis:

345 2859 564 2916 Nullam
586 2860 787 2914 invenio
806 2860 862 2914 in
881 2876 939 2914 eo
965 2877 1197 2914 causam.
1243 2860 1336 2915 Est
1383 2869 1558 2914 autem
1593 2861 1913 2914 consuetudo

339 2952 496 3008 vobis
512 2960 568 3008 ut
605 2967 769 3006 unum
794 2951 1053 3006 dimittam
1079 2951 1220 3007 vobis
1254 2954 1309 3007 in
1339 2950 1580 3018 Pascha;
1602 2951 1758 3007 vultis
1792 2968 1913 3023 ergo

340 3039 602 3097 dimittam
620 3038 760 3094 vobis
784 3056 950 3110 regem
972 3039 1323 3095 Iudaeorum?
1341 3062 1359 3093 ι
1380 3040 1576 3107 Credo,
1597 3057 1720 3097 cum
1747 3042 1910 3097 di‘xis-

340 3138 426 3186 set
451 3127 673 3193 Pilatus,
712 3128 836 3199 quid
872 3137 946 3183 est
989 3130 1198 3195 veritas,
1244 3130 1299 3185 in
1334 3138 1569 3186 mentem
1592 3130 1667 3185 illi
1698 3132 1910 3187 venisse

341 3216 599 3275 continuo
621 3218 1063 3273 consuetudinem
1085 3216 1411 3285 Judzeorum,
1443 3234 1549 3290 qua
1585 3220 1792 3277 solebat
1832 3222 1913 3278 eis

345 3307 544 3363 dimitti
567 3322 709 3362 unus
733 3307 787 3361 in
820 3305 1027 3361 Pascha
1052 3324 1066 3360 :
1096 3315 1152 3361 et
1176 3308 1295 3364 ideo
1320 3323 1423 3363 non
1461 3311 1811 3381 exspectavit,
1853 3320 1915 3367 ut

347 3397 698 3467 responderet
747 3396 797 3451 ei
842 3394 999 3452 Iesus
1048 3396 1177 3465 quid
1224 3405 1369 3452 esset
1398 3400 1617 3466 veritas,
1665 3415 1733 3455 ne
1761 3416 1912 3457 mora

350 3488 519 3551 fleret,
551 3502 673 3543 cum
694 3487 1011 3544 recoluisset
1031 3501 1234 3542 morem
1257 3502 1364 3558 quo
1392 3491 1562 3560 possit
1596 3491 1676 3547 eis
1696 3505 1793 3562 per
1813 3490 1913 3546 Pa-

349 3576 479 3630 scha
499 3575 717 3631 dimitti.
747 3596 766 3630 ι
793 3576 920 3632 Haec
945 3590 1073 3632 vero
1096 3578 1425 3633 consuetudo
1449 3579 1770 3646 dimittendi,
1800 3580 1913 3636 for-

349 3664 510 3719 tussis
547 3673 767 3736 propter
811 3665 1018 3723 Pascha
1070 3665 1211 3736 apud
1259 3665 1470 3724 Iudaeos
1512 3671 1793 3735 remansit,
1845 3666 1914 3726 ob

350 3754 665 3809 memoriam
714 3754 1045 3811 liberationis
1092 3756 1304 3813 illorum
1331 3772 1394 3813 ex
1425 3756 1674 3829 Egypto,
1711 3775 1815 3828 qua
1862 3762 1915 3815 in

350 3842 556 3901 Pascha
579 3843 792 3901 liberati
816 3853 943 3901 sunt
960 3861 991 3900 a
1011 3848 1287 3902 servitute.
1326 3847 1433 3902 Sed
1468 3849 1569 3902 hoc
1595 3850 1874 3903 audientes
1900 3869 1912 3901 :

351 3934 540 4002 (Vnus.
561 3933 677 4003 40.)
698 3934 1060 3989 Clamaverunt
1082 3952 1291 3989 rursum
1321 3952 1494 3991 omnes
1513 3937 1773 3992 dicentes:
1795 3938 1918 3995 Non

355 4019 514 4084 hunc,
560 4018 661 4072 sed
694 4018 1005 4075 Barrabam.
1050 4020 1182 4074 Erat
1230 4030 1404 4075 autem
1452 4022 1715 4080 Barrabas
1758 4026 1914 4082 latro.

353 4106 621 4163 Barrabas
640 4108 741 4163 iste
768 4107 909 4163 ﬁlius
932 4109 1173 4178 magistri
1216 4124 1403 4165 eorum
1434 4111 1833 4183 interpretatur,
1865 4118 1919 4173 id

353 4205 457 4266 est,
512 4198 732 4264 diaboli,
771 4198 861 4268 qui
891 4198 1144 4268 magister
1184 4198 1287 4255 fuit
1323 4201 1409 4256 vel
1456 4202 1582 4259 huic
1621 4204 1814 4261 latroni
1861 4209 1915 4263 in

354 4286 559 4343 scelere
602 4302 719 4353 suo,
761 4286 846 4342 vel
872 4285 1071 4342 Iudaeis
1108 4288 1163 4344 in
1209 4289 1485 4361 impietate
1525 4293 1760 4362 perﬁdia
1785 4311 1915 4352 suae.

1933 3085 1983 3151 Ο

1993 526 2305 586 sequuntur;
2328 520 2512 589 (Vens.
2540 520 2595 582 2,
2621 520 2701 587 3.)
2724 519 2794 573 Et
2813 519 3000 574 milites
3018 518 3301 590 .plectentes
3321 536 3608 575 coronant.

1991 607 2056 659 de
2093 607 2276 676 spinis,
2319 609 2673 678 imposuerunt
2719 610 2876 679 capiti
2902 610 3043 679 eius,
3075 620 3122 664 et
3147 621 3280 665 veste
3307 628 3603 683 purpurea.

1992 696 2440 749 circumdederunt
2460 713 2574 750 eum
2592 737 2607 761 ,
2628 706 2677 749 et
2698 699 2960 752 veniebant
2981 700 3053 775 ad
3082 715 3199 753 eum
3221 709 3271 753 et
3290 700 3528 755 dicebant
3549 715 3575 753 ξ

1992 784 2113 848 Ave,
2136 801 2226 837 rex
2242 784 2552 839 Iuda'orum
2566 802 2585 851 ;
2607 795 2654 840 et
2675 786 2871 840 dabant
2895 789 2941 841 ei
2968 788 3168 857 palmas
3180 787 3311 861 {Ms
3334 789 3599 862 alapas].«

1995 872 2087 928 Sic
2112 874 2486 943 implebantur,
2511 892 2631 945 qum
2657 879 2723 932 de
2742 893 2801 932 se
2821 881 3145 948 praedixerat
3175 880 3454 948 Christus;
3491 884 3572 937 sic

1994 970 2263 1034 martyres
2293 963 2722 1020 informabantur
2744 969 2812 1021 ad
2835 970 3047 1033 omnia,
3069 983 3188 1038 qua:
3210 973 3571 1040 persecutori~

1996 1052 2097 1107 bus
2121 1052 2367 1108 libuisset
2386 1052 2587 1118 facere,
2613 1054 2967 1123 perferenda;
2995 1057 3074 1110 sic
3096 1058 3369 1127 paulisper
3389 1059 3572 1113 occul-

1999 1151 2108 1197 tata
2133 1144 2409 1199 tremenda
2449 1148 2705 1214 potentia,
2754 1148 3234 1203 commendabatur
3258 1149 3411 1218 prius
3453 1150 3573 1204 imi-

1997 1233 2157 1288 tanda
2208 1234 2496 1304 patientia;
2536 1235 2614 1289 sic
2668 1251 2913 1306 regnum,
2944 1238 3086 1308 quod
3112 1239 3179 1294 de
3224 1241 3326 1295 hoc
3373 1241 3575 1297 mundo

1999 1336 2105 1376 non
2129 1329 2268 1385 erat,
2299 1322 2587 1392 superbum
2613 1325 2868 1378 mundum
2898 1342 2999 1380 non
3023 1328 3308 1382 atrocitate
3327 1344 3571 1399 pugnan-

1997 1410 2072 1476 di,
2099 1412 2193 1467 sed
2232 1412 2467 1481 patiendi
2491 1413 2792 1468 humilitate
2818 1416 3100 1481 vincebat;
3128 1417 3221 1471 sed
3253 1416 3437 1490 [Aug.,
3462 1417 3564 1489 sic]

2000 1500 2129 1555 illud
2173 1516 2397 1571 granum
2422 1502 2880 1572 multiplicandum
2923 1506 3289 1560 seminabatur
3332 1507 3576 1564 horribili

1999 1591 2342 1655 contumelia,
2378 1601 2438 1646 ut
2459 1594 2689 1648 mirabili
2712 1595 3001 1664 pullularet
3021 1598 3075 1651 in
3100 1598 3267 1668 gloria

2071 1680 2236 1736 Vens.
2268 1682 2321 1744 4,
2348 1681 2401 1735 5.
2424 1712 2495 1722 -
2515 1681 2684 1754 [Exiit
2728 1685 2916 1738 iterum
2956 1683 3165 1741 Pilatus
3195 1688 3339 1757 foras
3381 1699 3429 1743 et
3449 1691 3576 1745 dicit

2005 1771 2078 1826 eis
2099 1785 2118 1823 :
2140 1771 2276 1827 Ecce
2308 1772 2514 1827 adduco
2550 1790 2667 1828 eum
2700 1776 2863 1845 foras,
2893 1788 2949 1830 ut
2995 1782 3316 1850 cognoscatis
3348 1784 3477 1853 quia
3524 1784 3581 1837 in

2004 1877 2064 1916 eo
2093 1860 2292 1916 nullam
2342 1879 2556 1917 causam
2597 1866 2847 1939 invenio.]
2879 1866 3023 1922 Exiit
3062 1887 3183 1941 ergo
3227 1870 3386 1927 Iesus
3434 1874 3580 1943 foras

2003 1963 2219 2025 portans
2242 1955 2474 2025 spineam
2496 1973 2763 2025 coronam,
2786 1969 2834 2014 et
2857 1977 3187 2031 purpureum.
3202 1966 3577 2033 vestimentum,

2004 2054 2052 2098 et
2077 2044 2205 2099 dicit
2224 2046 2299 2099 eis
2335 2058 2353 2096 :
2384 2045 2519 2100 Ecce
2550 2047 2722 2101 homo.
2756 2048 2890 2106 Hinc
2926 2062 3148 2121 apparet
3168 2069 3273 2108 non
3296 2054 3577 2125 ignorante

2004 2133 2177 2190 Pilato
2221 2136 2338 2191 haec
2363 2151 2393 2190 a
2429 2136 2687 2193 militibus
2713 2138 2873 2204 facta,
2923 2143 3035 2197 sive
3074 2141 3298 2212 jusserit
3335 2159 3418 2209 ea,
3466 2146 3582 2202 sive

2005 2226 2364 2297 permiseritr
2384 2226 2472 2283 illa
2500 2230 2706 2285 scilicet
2741 2246 2902 2287 causa
2938 2249 3100 2304 quam
3134 2249 3294 2307 supra
3325 2238 3579 2304 diximus,

2005 2325 2067 2371 ut
2099 2317 2215 2374 haec
2233 2316 2350 2387 ejus
2372 2318 2599 2375 ludibria
2629 2321 2830 2378 inimici
2864 2322 3212 2382 libentissime
3235 2327 3501 2393 viderent,
3526 2336 3589 2382 et

2007 2408 2233 2463 ulterius
2275 2411 2594 2479 sanguinem
2637 2428 2743 2467 non
2784 2415 3014 2471 sitirent.
3060 2417 3352 2489 Egreditur
3385 2420 3453 2475 ad
3487 2435 3583 2475 eos

2007 2495 2163 2552 Iesus
2184 2507 2408 2567 portans
2433 2500 2672 2568 spineam
2709 2517 2963 2558 coronam
2983 2512 3039 2559 et
3056 2521 3381 2575 purpureum
3415 2511 3580 2564 vesti-

2010 2595 2270 2649 mentum,
2306 2602 2413 2642 non
2443 2588 2623 2643 clarus
2650 2590 2891 2660 imperio,
2919 2592 3012 2646 sed
3044 2593 3235 2663 plenus
3259 2597 3578 2665 opprobrio;

2010 2686 2066 2731 et
2109 2677 2318 2732 dicitur
2343 2680 2424 2733 eis
2449 2698 2473 2732 επ
2511 2678 2645 2733 Ecce
2688 2680 2861 2735 homo.
2895 2681 2952 2737 Si
2996 2684 3107 2755 regi
3155 2684 3425 2751 invidetis,
3466 2684 3581 2753 jam

2010 2766 2235 2837 parcite,
2266 2768 2390 2836 quia
2420 2768 2683 2837 dejectum
2703 2770 2896 2825 videtis
2925 2789 2938 2824 :
2972 2769 3265 2843 ﬂagellatus
3283 2781 3389 2840 est,
3411 2775 3584 2845 spinis

2012 2865 2301 2912 coronatus
2330 2865 2432 2921 est,
2480 2858 2771 2914 ludibriosa
2807 2869 2958 2916 veste
2999 2863 3225 2919 amictus
3253 2871 3355 2929 est,
3383 2866 3584 2922 amaris

2013 2946 2262 3002 comitiis
2282 2946 2469 3002 illusus
2496 2956 2598 3013 est,
2625 2949 2793 3020 alapis
2830 2966 3001 3008 caesus
3040 2962 3123 3009 est
3165 2972 3179 3007 :
3216 2954 3389 3011 fervet
3428 2957 3581 3026 igno-

2012 3036 2200 3101 minia,
2250 3036 2505 3108 frigescat
2547 3039 2764 3094 invidia.
2810 3040 2915 3096 Sed
2942 3057 3047 3097 non
3076 3042 3331 3115 frigescit,
3364 3046 3582 3102 inarde-

2012 3127 2118 3181 scit
2137 3126 2335 3197 potius,
2361 3135 2417 3181 et
2437 3127 2710 3183 increscit.
2740 3129 2924 3201 (Vens.
2946 3131 2997 3195 6,
3017 3132 3094 3203 7.)
3116 3132 3245 3187 Cum
3270 3136 3407 3189 enim
3425 3137 3586 3191 vidis-

2011 3224 2123 3268 sent
2160 3231 2279 3269 eum
2321 3216 2589 3285 pontiﬁces
2614 3228 2662 3271 et
2688 3219 2931 3284 ministri,
2978 3220 3273 3277 clamabant
3309 3224 3535 3280 dicentes
3561 3239 3581 3278 :

2014 3302 2291 3376 Cruciﬁge,
2325 3306 2588 3377 cruci/ige.
2627 3306 2767 3361 Dicit
2792 3309 2869 3362 eis
2916 3306 3123 3365 Pilatus
3152 3323 3171 3362 :
3200 3311 3427 3383 Accipite
3467 3330 3584 3368 eum

2011 3409 2118 3457 vos,
2148 3403 2197 3447 et
2226 3395 2544 3465 cruciﬁgite;
2565 3413 2657 3468 ego
2676 3399 2813 3452 enim
2835 3415 2939 3454 non
2964 3400 3166 3456 invenio
3186 3402 3241 3455 in
3262 3419 3323 3456 ea
3348 3419 3583 3457 causam.

2014 3479 2409 3553 Responderunt
2426 3485 2473 3538 ei
2491 3485 2671 3540 Iuda'i
2684 3500 2703 3537 :
2729 3485 2842 3542 Nos
2870 3487 3031 3558 legem
3051 3490 3319 3554 habemus,
3341 3499 3390 3543 et
3406 3506 3591 3546 secun-

2013 3572 2140 3628 dum
2195 3572 2357 3644 legem
2403 3574 2549 3628 debet
2595 3577 2748 3640 mori,
2792 3577 2916 3645 quia
2957 3576 3159 3631 Filium
3204 3576 3301 3633 Dei
3345 3595 3402 3633 se
3444 3579 3588 3648 fecit.

2015 3660 2154 3717 Ecce
2189 3661 2360 3716 altera
2409 3662 2582 3730 major
2616 3661 2835 3716 invidia.
2864 3661 3037 3718 Parva
3086 3665 3284 3737 quippe
3312 3667 3400 3722 illa
3442 3668 3591 3724 vide-

2014 3750 2195 3814 batur,
2226 3749 2374 3803 velut
2402 3748 2662 3805 affectatae
2702 3751 2888 3808 illicito
2914 3767 3047 3810 ausu
3069 3756 3230 3827 regite
3275 3758 3583 3826 potestatis;

2014 3847 2070 3893 et
2093 3848 2272 3894 tamen
2298 3848 2552 3895 neutrum
2592 3841 2694 3896 sibi
2731 3841 2887 3899 Iesus
2916 3846 3246 3903 mendaciter
3274 3850 3585 3920 usurpavit;

2016 3930 2112 3984 sed
2139 3936 2427 4000 utrumque
2444 3946 2633 3987 verum
2651 3940 2752 3997 est,
2781 3941 2837 3989 et
2854 3935 3157 4006 unigenitus
3181 3947 3265 3993 est
3285 3939 3377 3994 Dei
3400 3940 3590 4006 Filius,

2016 4029 2072 4075 et
2115 4034 2213 4074 rex
2252 4019 2322 4075 ab
2362 4035 2428 4076 eo
2473 4019 2625 4093 [Ms.,
2658 4020 2845 4095 abeo]
2886 4024 3208 4082 constitutus
3250 4042 3413 4097 super
3458 4028 3586 4084 Sion
3637 4030 3640 4039 ’

2018 4117 2253 4163 montem
2284 4117 2529 4165 sanctum
2574 4109 2689 4180 ejus
2713 4129 2727 4166 :
2751 4122 2808 4168 et
2847 4121 3135 4185 utrumque
3179 4132 3323 4173 nunc
3369 4119 3590 4174 demou-

2016 4205 2239 4264 straret,
2275 4200 2379 4255 nisi
2407 4210 2608 4271 quanto
2633 4211 2751 4257 erat
2774 4205 3061 4273 potentior,
3096 4214 3246 4263 tanto
3269 4208 3450 4265 mallet
3470 4225 3591 4267 esse

2014 4289 2327 4358 patientior.

361 4373 532 4475 anon
551 4376 1050 4475 .reprehendimus,
1074 4391 1109 4431 o
1153 4375 1548 4475 Iudaei,_.
1573 4398 1672 4453 per
1710 4383 1915 4441 Pascha
1946 4412 1997 4475 υ
2086 4390 2251 4445 Vens.
2274 4390 2327 4445 8.
2351 4420 2423 4430 -—
2447 4391 2578 4445 Cum
2605 4407 2726 4462 ergo
2747 4394 2976 4448 audisset
2999 4391 3210 4451 Pilatus
3236 4397 3333 4452 hoc
3355 4399 3587 4467 verbum,

355 4462 597 4520 liberatis
622 4470 928 4529 nocentem,
958 4465 1215 4536 sedquod
1250 4469 1496 4525 occiditis
1533 4471 1871 4530 innocentem
1901 4496 1914 4531 :

356 4555 499 4624 quod
522 4564 702 4611 tamen
720 4556 831 4611 nisi
846 4556 1019 4623 ﬁeret,
1034 4574 1220 4614 verum
1242 4560 1447 4617 Pascha
1473 4580 1579 4620 non
1609 4566 1780 4623 fieret.
1814 4568 1919 4625 Sed

359 4646 549 4700 umbra
570 4645 814 4700 veritatis
834 4659 865 4698 a
890 4642 1088 4701 hdaeis
1104 4648 1271 4719 628
1288 4653 1594 4709 errantibus
1620 4658 1918 4724 tenebatur,

359 4742 420 4789 ιιι
457 4735 689 4791 mirabili
728 4736 1125 4807 diSpensatione
1148 4737 1342 4795 divina:
1366 4742 1661 4811 sapientiae,
1688 4761 1786 4816 per
1816 4748 1918 4804 bo-

360 4825 531 4880 mines
575 4824 823 4892 fallaces,
856 4823 1094 4894 ejusdem
1121 4827 1327 4883 umbrae
1361 4832 1563 4888 veritas
1587 4834 1919 4906 impleretur,

359 4916 484 4985 quia
509 4924 570 4970 ut
596 4932 782 4973 verum
801 4916 1008 4973 Pascha
1036 4916 1211 4983 ﬂeret,
1250 4917 1496 4979 Christus
1518 4925 1664 4981 velut
1691 4929 1808 4984 ovis
1830 4929 1927 4985 im-

361 5007 680 5063 molabatur.
724 5028 744 5061 ι

430 5097 608 5154 Carus
642 5114 755 5153 xix.
784 5100 945 5155 Vens.
967 5101 1018 5154 i.
1041 5132 1114 5143 —
1149 5103 1293 5158 Tunc
1338 5106 1671 5173 apprehendit
1720 5105 1926 5165 Pilatus

362 5187 566 5253 Iesum,
612 5196 662 5242 et
702 5187 1002 5257 ﬂagellauit.
1036 5209 1055 5242 ι
1085 5203 1110 5232 ι
1135 5191 1250 5247 Hoc
1283 5191 1486 5249 Pilatus
1521 5211 1628 5249 non
1675 5198 1744 5252 ob
1779 5198 1922 5253 aliud

362 5275 556 5331 fecisse
599 5274 900 5331 credendus
931 5285 1033 5340 est,
1089 5281 1194 5335 nisi
1231 5291 1291 5336 ut
1337 5280 1452 5351 ejus
1500 5282 1710 5353 injuriis
1754 5285 1922 5344 εἶυάιεί

361 5365 562 5429 satiati,
592 5359 835 5418 subicere
861 5363 964 5417 sibi
999 5366 1389 5436 existimarent,
1418 5381 1475 5427 et
1506 5389 1675 5444 usque
1713 5377 1782 5432 ad
1808 5379 1924 5448 ejus

362 5463 591 5510 mortem
630 5453 817 5510 saevire
856 5452 1192 5510 desisterent.
1224 5457 1305 5512 Ad
1352 5461 1454 5517 hoc
1478 5467 1732 5534 pertinet,
1780 5470 1923 5542 quod

434 5640 459 5670 ι
500 5626 577 5684 Ex
607 5627 665 5685 S.
694 5627 853 5701 Aug.,
879 5636 1038 5687 tract.
1067 5644 1213 5699 cxvv,
1243 5646 1390 5689 num.
1423 5612 1537 5693 1-9..

2022 4483 2189 4551 magis
2211 4483 2418 4535 timuit:
2442 4491 2490 4536 et
2509 4483 2772 4552 ingressus
2799 4488 3105 4555 praetorium
3128 4490 3335 4558 iterum,
3360 4493 3487 4548 dicit
3519 4496 3588 4548 ad

2022 4572 2241 4628 Iesum:
2275 4572 2422 4629 Unde
2445 4592 2498 4630 es
2519 4586 2574 4630 tu
2590 4577 2616 4631 Ρ
2637 4575 2792 4633 Iesus
2812 4589 2984 4635 autem
3008 4598 3306 4653 responsum
3329 4602 3431 4640 non
3449 4586 3592 4642 dedit

2023 4663 2091 4716 ei.
2150 4662 2262 4718 [loc
2310 4664 2579 4720 silentium
2618 4666 2831 4723 Domini
2872 4672 3045 4743 nostri
3068 4670 3193 4727 ﬁssa
3241 4673 3437 4731 Christi
3468 4688 3593 4737 non

2025 4751 2191 4806 semel
2214 4752 2433 4820 factum,
2463 4755 2672 4813 collatis
2693 4759 2936 4815 omnium
2973 4763 3420 4837 evangelistamm
3468 4782 3592 4824 narr

2025 4840 2321 4898 rationibus
2363 4846 2648 4915 reperitur,
2679 4854 2734 4903 et
2758 4850 2897 4918 apud
2934 4851 3206 4923 principes
3228 4856 3588 4921 sacerdotum,

2024 4938 2079 4985 et
2133 4930 2271 5002 apud
2317 4931 2581 4990 Herodem
2623 4936 2674 4990 δ.
2714 4956 2733 4990 ι
2766 4937 2968 4996 Tamen
3011 4950 3231 5013 propter
3250 4943 3359 5010 illa,
3398 4946 3594 5016 quibus

2025 5020 2197 5075 noluit
2240 5024 2585 5093 respondere,
2616 5027 2685 5083 ad
2722 5028 2827 5084 hoc
2867 5031 2990 5086 data
3019 5041 3103 5088 est
3131 5034 3197 5089 de
3226 5050 3362 5106 agno
3402 5037 3593 5097 simili-
3640 5036 3641 5041 “

2026 5110 2172 5173 tudo,
2196 5120 2254 5165 ut
2275 5128 2373 5166 suo
2396 5113 2609 5171 silentio
2641 5132 2747 5172 non
2776 5134 2923 5187 reus,
2960 5124 3056 5181 sed
3081 5124 3340 5183 innocens
3366 5129 3594 5186 habere-

2026 5204 2130 5251 tur.
2160 5197 2343 5268 (νεεδ.
2360 5202 2472 5273 Η.)
2499 5203 2780 5276 Respondit
2801 5209 2958 5266 Iesus
2979 5225 2998 5264 :
3024 5197 3385 5273 Nonltaberes
3410 5221 3595 5279 adver-

2027 5300 2143 5338 sum
2169 5303 2249 5341 me
2269 5298 2570 5358 potestatem
2604 5294 2790 5362 ullam,
2816 5301 2917 5354 nisi
2942 5301 3042 5355 tibi
3065 5315 3196 5360 esset
3222 5308 3403 5362 datum
3441 5311 3597 5368 desu.

2179 5375 2484 5471 Propterea,
2508 5383 2598 5453 qui
2621 5387 2837 5443 tradidit
2863 5407 2945 5445 me
2975 5393 3088 5461 tibi,
3126 5399 3301 5469 majus
3325 5414 3595 5471 peccatum

2027 5464 2196 5520 habet.
2219 5485 2237 5516 ι
2262 5467 2399 5523 Ecce
2414 5473 2706 5542 respondit,
2721 5484 2775 5530 et
2804 5486 2980 5536 tamen
3009 5498 3113 5540 non
3140 5464 3339 5556 ubique
3367 5508 3592 5564 respon-

2100 5643 2129 5685 ι
2168 5642 2439 5702 Deiectum
2470 5648 2655 5722 supple
2681 5664 2747 5705 ex
2777 5662 2964 5710 sancto
2985 5657 3282 5732 Augustino
3309 5664 3412 5722 loc.
3440 5666 3533 5721 cit.
