4000 6190
489 385 595 444 979

1317 378 1378 434 Β.
1413 379 1475 434 r.
1516 377 1742 436 ALBINI
1781 375 1912 433 seu
1945 373 2222 431 ALCUlNl
2259 346 2548 430 OPERUM.
2574 374 2752 430 rans
2791 371 2863 434 11..

3620 375 3717 436 990

489 497 570 554 dig
590 507 652 560 s;
692 509 800 549 non
831 492 972 547 sicut
1004 505 1128 546 reus
1155 490 1270 545 sive
1295 491 1531 555 dolosas,
1569 489 1663 546 sed
1697 489 1838 544 sicut
1863 502 2049 557 agnus,
2080 488 2130 546 Α
2157 485 2263 546 nali
2303 485 2528 558 sedisset
2555 483 2780 548 Pilatus,
2807 481 2934 538 dicit
2973 481 3177 542 Induis
3205 503 3222 539 :
3249 485 3386 543 Ecce
3425 505 3514 544 rex
3543 503 3717 547 tester.

488 587 591 640 hoc
624 593 730 652 est,
765 582 904 638 sicut
939 580 1164 651 simplex
1197 587 1358 649 atque
1399 581 1682 643 innocens,
1708 593 1816 634 non
1843 575 2054 646 aperuit

485 685 550 728 os
574 686 756 727 suum.
797 668 1030 726 Proinde
1073 669 1164 725 ubi
1212 681 1320 724 non
1363 668 1742 738 respondebat,
1771 666 1908 722 sicut
1936 665 2054 720 ovis

486 759 710 824 silebat;
743 759 836 814 ubi
871 747 1246 827 respondebat,
1287 758 1426 812 sicut
1453 765 1638 826 pastor
1671 757 1916 812 docebat.
1957 754 2050 810 Di-

485 863 703 906 scamus
725 863 853 921 ergo
878 847 1022 918 quod
1053 848 1208 913 dixit,
1237 849 1378 917 quod
1409 855 1465 902 et
1494 863 1592 916 per
1613 845 1926 914 Apostolum
1953 845 2050 898 do-

484 939 615 1005 cuit,
641 939 766 1008 quia
795 953 903 994 non
929 947 1016 993 est
1036 946 1274 1008 potestas
1294 939 1395 998 nisi
1423 954 1454 992 a
1478 938 1587 992 Deo
1613 937 1790 1007 (Rom.
1817 929 1936 1006 xui,
1963 935 2046 1006 l):

489 1036 544 1084 et
572 1029 701 1098 quia
725 1028 846 1098 plus
876 1036 1066 1096 peccat
1102 1028 1192 1098 qui
1225 1027 1477 1096 potestati
1527 1027 1865 1082 innocentem
1910 1023 2053 1080 occi-

489 1117 724 1174 dandum
757 1117 926 1172 livore
963 1118 1150 1182 tradit,
1197 1132 1357 1184 quam
1399 1122 1637 1185 potestas
1681 1115 1816 1183 ipsa,
1850 1113 1894 1168 si
1929 1127 2052 1168 eum

487 1219 614 1268 cum
636 1205 826 1262 timore
848 1205 1068 1260 alterius
1093 1205 1314 1274 majoris
1343 1204 1624 1272 potestatis
1649 1203 2052 1258 occidit.Talem

486 1294 682 1364 quippe
723 1295 864 1350 Deus
907 1294 1080 1348 Pilato
1131 1294 1354 1351 dederat
1397 1301 1743 1362 potestatem,
1800 1303 1859 1349 ut
1908 1304 2053 1351 esset

483 1380 646 1436 etiam
670 1382 769 1437 sub
795 1381 1022 1438 Caesaris
1045 1389 1343 1452 potestate-
1370 1382 1727 1453 Quapropter,
1759 1400 1862 1438 non
1896 1385 2051 1440 habe-

485 1484 586 1534 res,
633 1470 826 1540 inquit,
878 1475 1150 1528 adversum
1183 1490 1263 1527 me
1304 1482 1608 1542 potestatem
1650 1473 1842 1540 ullam,
1865 1475 1916 1530 id
1945 1487 2052 1541 est,

483 1559 1006 1630 quantulamcunque
1045 1561 1230 1626 habes,
1274 1562 1376 1618 nisi
1415 1562 1518 1616 hoc
1563 1561 1770 1630 ipsum,
1795 1565 2051 1633 quidquid

483 1655 586 1713 est,
640 1648 732 1701 tibi
787 1659 917 1704 esset
973 1651 1154 1708 datum
1205 1650 1443 1720 desuper.
1499 1649 1606 1705 Sed
1649 1653 1900 1722 quoniam
1937 1655 2050 1710 scio

2151 571 2466 649 (ἵειιεηίῦ.)
2487 563 3070 626 Ιιιὶααιεηιέιαγηαὺαηι
3093 591 3111 630 :
3136 572 3300 642 Tolle,
3317 575 3456 641 tolle,
3482 569 3723 649 cruci/iga

2149 638 2290 719 eum.
2312 638 2533 716 bicit'eis
2551 651 2755 716 Pilatus
2770 675 2788 712 :
2805 659 2991 733 Regem
3011 671 3231 716 vestrum
3254 638 3556 736 cruci/igam
3572 669 3597 720 Ρ

2149 753 2254 824 huc
2285 761 2543 808 terrorem
2569 768 2729 824 quem
2757 751 2823 808 de
2852 751 3064 809 Caesare
3095 753 3430 824 ingesserant
3467 773 3721 828 superare

2147 850 2401 906 conatur,
2425 841 2492 894 de
2518 841 2803 912 ignominia
2832 858 3020 896 eorum
3047 843 3235 898 volens
3257 859 3350 899 eos
3375 843 3622 918 frangere
3639 850 3671 898 τι
3685 851 3729 902 i-

2149 935 2318 986 ceudo
2338 951 2350 984 :
2370 929 2560 1002 Regem
2581 940 2804 985 vestrum
2817 932 3117 1002 cruci/igam
3133 933 3158 986 1’
3177 932 3320 1000 Quos
3341 935 3407 989 de
3428 928 3716 1006 ignominia

2149 1022 2350 1077 Christi
2370 1022 2616 1092 mitigare
2639 1037 2742 1076 non
2764 1022 2965 1092 potuit:
2992 1025 3083 1078 sed
3111 1024 3304 1078 timore
3317 1041 3443 1080 mox
3469 1027 3717 1082 vincitur.

2219 1113 2380 1166 Vsus.
2411 1111 2496 1165 16.
2519 1139 2588 1150 ——
2610 1109 3005 1181 Responderunt
3041 1121 3212 1166 autem
3253 1114 3519 1184 pontiﬁces
3550 1129 3568 1167 :
3593 1111 3720 1170 Non

2148 1201 2394 1258 habemus
2425 1217 2594 1272 regem
2628 1200 2726 1254 nisi
2752 1199 3032 1256 Ca'sarem.
3073 1201 3217 1257 Tunc
3243 1220 3364 1274 ergo
3399 1201 3616 1260 tradidit
3643 1208 3724 1261 eis

2147 1291 2318 1358 illum,
2363 1301 2418 1346 ut
2445 1292 2849 1362 cruciﬁgeretur.
2890 1275 3240 1362 Apcitissime
3292 1296 3488 1366 quippe
3529 1305 3717 1351 contra

2148 1381 2416 1437 Ctesarem
2445 1379 2628 1436 venire
2663 1374 2959 1449 videretur,
2995 1383 3040 1438 s'i
3071 1399 3252 1455 regem
3294 1402 3352 1442 se
3381 1401 3486 1440 non
3515 1388 3719 1443 habere

2149 1471 2251 1527 nisi
2275 1470 2542 1526 Ctesarem
2570 1465 2970 1540 proﬁtentibus,
3015 1468 3177 1528 alium
3221 1490 3400 1545 regem
3440 1475 3597 1531 vellet
3635 1478 3716 1531 in-

2150 1560 2390 1631 telligere
2434 1558 2618 1630 [.lug.,
2651 1559 2940 1632 ingerere],
2998 1563 3314 1619 dimittendo
3373 1567 3714 1634 impunitum,

2149 1668 2306 1722 quem
2333 1661 2553 1722 propter
2579 1653 2678 1706 hos
2707 1638 2869 1708 ausus
2893 1655 2940 1708 ei
2971 1638 3302 1710 tradiderant
3343 1658 3712 1712 occidendum.

482 1749 741 1812 quantum
775 1743 865 1809 sit,
913 1742 1042 1814 (non
1080 1743 1224 1797 enim
1271 1750 1476 1798 tantum
1521 1753 1622 1810 est,
1663 1753 1723 1798 ut
1765 1746 1860 1800 tibi
1901 1749 2046 1802 omni
2079 1809 2118 1819 _
2151 1734 2388 1796 Tradidit
2415 1758 2534 1819 ergo
2565 1740 2712 1795 illum
2752 1743 2860 1806 eis,
2899 1752 2952 1796 ut
2990 1741 3394 1814 cruciﬁgeretur.
3445 1736 3552 1800 Sed
3579 1762 3717 1800 nun-

481 1809 642 1892 modo
688 1809 1054 1906 liberum‘sit),
1102 1846 1372 1906 propterea
1411 1837 1500 1907 qui
1547 1809 1764 1892 tradidit
1806 1855 1887 1892 me
1930 1840 2042 1906 tibi,
2077 1809 2122 1866 Β
2151 1829 2282 1900 quid
2316 1809 2545 1885 aliudvct
2577 1839 2701 1886 ante
2739 1831 3005 1900 cupiebat,
3041 1809 3408 1888 cum'dicebat
3440 1849 3453 1886 :
3479 1833 3715 1918 .Accipite

480 1923 652 1995 majus
677 1933 944 1995 peccantur
968 1926 1139 1980 habet.
1190 1926 1281 1981 llle
1306 1927 1502 1996 quippe
1543 1942 1628 1982 me
1667 1936 1770 1982 tuac
1794 1929 2045 1997 potestati

479 2015 700 2073 tradidit
741 2016 1052 2081 invidendo,
1091 2028 1150 2070 tu
1186 2031 1317 2071 vero
1351 2017 1592 2072 eamdem
1627 2025 1949 2087 potestatem
1989 2021 2048 2074 in

479 2119 570 2160 me
602 2105 940 2161 exerciturus
975 2120 1034 2162 es
1069 2107 1374 2161 metuendo.
1419 2105 1525 2163 Nec
1562 2107 1796 2162 timendo
1829 2111 2043 2184 quidem

477 2203 777 2274 prmsert'un
804 2201 970 2273 629
993 2202 1351 2268 innocentem,
1382 2205 1544 2258 homo
1579 2205 1852 2261 hominem
1889 2207 2048 2264 debet

476 2287 760 2346 occidere:
791 2291 887 2344 sed
915 2299 1090 2346 tamen
1125 2293 1179 2348 id
1207 2293 1429 2350 zelando
1452 2294 1652 2360 facere,
1681 2297 1850 2353 multo
1875 2300 2046 2370 mag‘is

477 2375 680 2432 malum
711 2385 797 2434 est
833 2393 996 2448 quam
1037 2381 1292 2439 timendo.
1339 2383 1410 2438 Et
1451 2384 1572 2440 ideo
1617 2400 1723 2440 non
1769 2371 1847 2440 ait
1880 2403 2046 2445 verax

476 2467 766 2536 magister:
793 2469 894 2534 Qui
920 2484 1007 2524 me
1033 2471 1128 2524 tibi
1157 2473 1391 2539 tradidit,
1420 2474 1533 2544 ipse
1556 2476 1718 2532 habet
1741 2489 2042 2548 peccatum,"

476 2563 731 2626 tanquam
761 2557 850 2614 ille
878 2572 984 2612 non
1006 2559 1231 2640 haberet
1257 2579 1270 2616 :
1299 2562 1392 2618 sed
1421 2565 1518 2628 ait,
1548 2567 1720 2636 majus
1745 2569 1898 2624 habet
1924 2588 2044 2640 pec—

473 2654 671 2712 eatum,
701 2655 767 2702 ut
785 2647 951 2702 etiam
976 2663 1035 2703 sc
1057 2650 1260 2706 habere
1298 2653 1637 2724 intelligeret.
1688 2657 1872 2728 Neque
1895 2661 2040 2716 enim

471 2745 756 2807 propterea
787 2737 918 2794 illud
945 2739 1148 2796 nullum
1175 2749 1280 2808 est,
1309 2743 1435 2812 quia
1463 2745 1567 2800 hoc
1591 2745 1768 2814 majus
1795 2757 1896 2803 est.

542 2827 704 2884 Vens.
747 2827 832 2885 l2.
859 2859 933 2870 —
970 2829 1178 2886 Exinde
1223 2835 1485 2903 quatrebat
1526 2833 1734 2892 Pilatus
1781 2839 2039 2898 dimittere

471 2935 608 2973 eum.
657 2919 796 2986 Quid
842 2928 926 2974 est
947 2920 1054 2976 hoc
1096 2923 1238 2990 quod
1267 2925 1469 2980 dictum
1501 2937 1602 2994 est,
1633 2932 1839 2999 exinde,
1883 2937 2039 3003 quasi

471 3014 632 3062 antea
677 3022 786 3063 non
832 3009 1138 3076 quaerebat?
1171 3011 1312 3082 Lege
1346 3016 1640 3084 superiora,
1691 3029 1748 3075 et
1797 3022 2047 3080 invenies

462 3095 586 3198 jam
604 3097 1230 3198 fam-quaerere
1277 3103 1551 3198 dimittere
1572 3105 1776 3166 Jesum.
1825 3111 2036 3170 Exinde
2063 3129 2108 3198 ρ

467 3185 652 3254 itaque
679 3185 1082 3257 intelligendum
1107 3199 1211 3256 est,
1236 3203 1445 3264 propter
1464 3196 1584 3262 hoc,
1613 3199 1668 3253 id
1705 3208 1808 3266 est,
1837 3217 1904 3256 ex
1933 3203 2036 3259 hac

465 3289 662 3341 causa,
697 3292 766 3332 ne
801 3278 1027 3336 haberet
1052 3291 1330 3349 peccatum
1370 3287 1663 3344 occidendo
1695 3291 2041 3350 innocentem

466 3363 570 3426 sibi
607 3365 897 3430 traditum,
927 3369 1173 3447 quamuis
1205 3371 1380 3428 minus
1419 3388 1650 3440 peccans
1675 3392 1836 3446 quam
1864 3380 2034 3438 Judaei

463 3453 556 3523 qui
585 3453 736 3510 illum
761 3459 814 3510 ei
845 3456 1176 3511 tradiderant
1218 3459 1588 3517 occidendum.
1631 3464 1838 3522 Exinde
1879 3485 2032 3542 ergo,

463 3542 520 3600 id
541 3545 822 3610 est,_ideo,
846 3563 918 3602 ne
953 3547 1058 3602 hoc
1095 3557 1375 3616 peccatum
1423 3551 1624 3608 faceret
1653 3553 1805 3626 [Λίδη
1831 3558 2032 3632 ﬂeret],

465 3647 577 3690 non
621 3651 766 3691 nunc
804 3637 1000 3706 primo,
1045 3637 1138 3694 sed
1169 3638 1237 3694 ab
1290 3638 1443 3699 initio
1471 3645 1744 3712 quaerebat
1794 3661 1916 3705 eum
1951 3651 2034 3706 di-

463 3723 700 3779 mittere.
729 3723 909 3778 Judtri
938 3735 1114 3780 autem
1140 3726 1454 3796 clamabant,
1497 3732 1725 3792 dicentes
1753 3751 1772 3789 :
1803 3737 1866 3794 Si
1891 3740 2030 3795 hunc

463 3812 710 3878 dimittis,
735 3831 840 3870 non
863 3832 917 3870 es
949 3819 1148 3876 amicus
1173 3816 1402 3876 Caesaris
1423 3840 1442 3878 :
1484 3827 1652 3880 omnis
1675 3830 1834 3894 enim,
1864 3834 1954 3903 qui
1975 3849 2030 3890 se

463 3917 637 3972 regem.
679 3903 829 3973 facit,
881 3907 1191 3962 contradicit
1238 3907 1456 3966 Caesari.
1489 3912 1745 3984 Majorem
1779 3919 2029 3979 timorem

461 4005 523 4048 se
566 3992 820 4062 ingerere
855 4002 1176 4063 putaverunt
1205 3998 1396 4064 Pilato,
1426 4006 1676 4063 terrendo
1704 4007 1768 4061 de
1793 4007 2024 4078 Caesare,

461 4089 521 4136 ut
538 4082 813 4138 occideret
837 4085 1133 4151 Christum,
1161 4102 1323 4155 quam
1339 4092 1612 4159 superius,
1629 4095 1720 4150 ubi
1747 4097 2023 4156 dixerant:

463 4168 578 4226 Nos
607 4169 771 4242 legem
821 4171 1090 4238 habemus,
1115 4184 1164 4227 et
1188 4177 1471 4232 secundum
1499 4178 1660 4250 legem
1686 4183 1833 4240 debet
1869 4189 2024 4254 mori,

459 4261 584 4331 quia
611 4258 812 4315 Filium
850 4259 945 4314 Dei
981 4278 1036 4315 se
1071 4262 1212 4332 fecit.
1251 4263 1447 4320 Eorum
1497 4268 1691 4340 quippe
1727 4270 1900 4342 legem
1937 4275 2027 4334 ille

461 4362 570 4404 non
599 4348 776 4427 timuit
795 4355 855 4404 ut
871 4349 1283 4418 occideret,.sed
1307 4353 1478 4424 magis
1505 4355 1696 4412 Filium
1726 4359 1822 4416 Dei
1848 4363 2027 4420 timuit

2145 1936 2264 1972 eum
2295 1935 2406 1984 vos,
2433 1919 2482 1972 el
2514 1919 2830 1988 cruci/igite;
2861 1919 2942 1974 vel
2971 1923 3133 1976 etiam
3175 1924 3456 1991 superius:
3483 1921 3714 1993 Accipite

2144 2025 2263 2064 eum
2297 2026 2406 2074 ros,
2437 2016 2484 2062 et
2521 2010 2801 2064 secundum
2839 2007 2999 2080 legem
3039 2021 3256 2066 vestram
3286 2013 3525 2082 jndicate
3559 2017 3716 2070 eum?

2146 2098 2254 2154 Cur
2282 2107 2458 2154 autem
2489 2097 2562 2152 illi
2593 2106 2868 2174 tantopere
2914 2099 3220 2170 nolnemut,
3244 2101 3482 2162 dicentes
3508 2120 3520 2158 :
3547 2101 3713 2163 Nobis

2146 2179 2250 2248 non
2297 2185 2414 2248 licet
2460 2193 2746 2261 interﬁcere
2786 2210 3112 2264 quemquam,
3161 2201 3218 2248 et
3256 2196 3402 2250 omni
3443 2193 3602 2250 modo
3633 2198 3711 2252 iu-

2145 2293 2375 2348 stantes,
2409 2279 2468 2338 ut
2505 2299 2611 2338 non
2650 2284 2717 2338 ab
2757 2284 2868 2350 eis,
2905 2285 2999 2340 sed
3037 2300 3067 2339 a
3095 2287 3320 2354 pneside
3355 2287 3709 2353 occideretur,

2143 2365 2198 2431 et
2246 2376 2364 2430 ideo
2409 2391 2533 2430 eum
2582 2373 2929 2430 occidendum
2980 2378 3224 2445 accipere
3278 2389 3611 2446 recusantes,
3663 2383 3708 2436 si

2143 2481 2286 2522 nunc
2331 2480 2456 2520 eum
2496 2466 2784 2539 accipiunt.
2811 2464 3197 2522 occidendum?
3238 2467 3346 2524 Aut
3387 2470 3433 2524 si
3467 2470 3568 2526 hoc
3602 2485 3706 2526 non

2143 2556 2224 2621 ﬁt,
2254 2571 2351 2610 cur
2375 2556 2579 2611 dictum
2608 2563 2691 2628 est
2717 2573 2728 2608 :
2757 2547 2901 2609 Tunc
2931 2555 3052 2625 ergo
3080 2557 3296 2612 tradidit
3321 2561 3405 2613 eis
3434 2560 3606 2626 illum,
3647 2571 3718 2614 ut’

2141 2633 2570 2714 cruciﬁgeretur?
2612 2642 2694 2698 An
2740 2643 2941 2714 aliquid
2987 2645 3244 2702 interest?
3269 2645 3433 2702 Planc
3462 2649 3704 2712 interest.

2141 2745 2246 2787 non
2277 2742 2362 2788 est
2379 2733 2524 2787 enim
2548 2731 2750 2787 dictum
2776 2751 2786 2786 :
2816 2731 2960 2786 Tunc
2983 2739 3102 2804 ergo
3128 2735 3344 2790 tradidit
3362 2738 3435 2791 eis
3455 2733 3624 2803 illuni,
3651 2749 3706 2792 ut

2139 2819 2500 2890 cruci/igerent
2541 2837 2688 2886 eum;
2737 2821 2830 2878 sed
2869 2830 2928 2875 ut
2974 2824 3383 2894 cruciﬁgeretur,
3428 2825 3482 2880 id
3515 2837 3617 2893 est,
3649 2837 3705 2882 ut

2133 2909 2338 2980 judicio
2407 2919 2462 2966 et
2506 2919 2772 2982 potestate
2818 2914 3064 2982 prmsidis
3111 2912 3534 2984 crucifigeretur.
3601 2916 3706 2972 Sed

2138 3000 2258 3059 ideo
2291 3001 2396 3060 illis
2423 3003 2677 3058 traditum
2713 3004 2846 3058 dixit
2871 3005 3230 3076 Evangelista,
3267 3013 3326 3061 ut
3351 3006 3447 3062 eos
3473 3008 3698 3064 crimine

2137 3089 2458 3163 implicatos,
2495 3110 2529 3150 a
2562 3109 2669 3163 quo
2707 3093 2866 3149 alieni
2902 3109 3022 3150 esse
3065 3097 3418 3162 conabantur,
3452 3098 3699 3152 ostende

2139 3195 2259 3240 ret:
2289 3201 2398 3240 non
2433 3185 2576 3240 enim
2602 3183 2806 3241 Pilatus
2845 3186 2946 3252 hoc
2977 3186 3197 3253 faceret,
3229 3189 3329 3243 nisi
3376 3193 3430 3242 ut
3472 3186 3529 3243 id
3550 3190 3700 3257 quod

2135 3289 2230 3330 eos
2259 3289 2454 3344 cupere
2479 3273 2755 3339 cernebat,
2787 3273 3050 3345 impleret.
3083 3273 3236 3344 Quod
3275 3285 3392 3348 ergo
3419 3275 3690 3348 sequitur:

2136 3353 2483 3435 Susceperunt
2525 3375 2698 3419 autem
2730 3363 2948 3432 Iesum,
2991 3377 3039 3420 et
3083 3361 3394 3432 eduierunt,
3419 3369 3595 3438 potest
3627 3367 3697 3423 ad

2132 3451 2458 3520 militesjam
2490 3452 2677 3507 referri
2702 3453 3034 3526 apparitores
3057 3455 3320 3524 prmsidis.
3351 3455 3484 3510 Nam
3509 3466 3692 3526 postea

2130 3542 2428 3596 evidentius
2458 3541 2652 3597 dicitur
2691 3561 2704 3595 :
2753 3541 2944 3597 Milites
2985 3562 3109 3615 ergo
3154 3563 3272 3599 cum
3319 3545 3694 3615 cruciﬁxissent

2129 3648 2248 3686 eum
2289 3649 2306 3686 :
2347 3629 2592 3702 quamvis
2635 3634 2982 3704 evangelista,
3027 3635 3239 3691 etiamsi
3285 3633 3457 3692 totum
3502 3636 3692 3693 Iudaeis

2130 3721 2337 3787 tribuit,
2382 3723 2576 3776 merito
2615 3717 2772 3788 facit;
2823 3725 2924 3796 ipsi
2971 3724 3114 3780 enim
3161 3737 3512 3796 susceperunt
3553 3727 3686 3797 quod

2130 3811 2438 3866 avidissime
2479 3809 2876 3882 ﬂagitaverunt,
2923 3821 2976 3868 et
3019 3813 3120 3884 ipsi
3164 3813 3413 3870 fecerunt
3441 3816 3704 3886 quidquid.

2128 3908 2189 3954 ut
2213 3899 2366 3955 ﬁeret
2394 3908 2757 3956 extorserunt.
2788 3897 2810 3954 ὁ

2203 4011 2358 4065 Vnus.
2403 4009 2566 4062 l7.—
2603 4027 2621 4059 ‹
2654 4009 2682 4049 b
2703 4008 2983 4065 Judicaute
3016 4018 3177 4080 atque
3205 4011 3495 4067 damnante
3516 4001 3684 4066 Dilata

2125 4115 2224 4170 pro
2251 4099 2502 4154 tribunali
2529 4099 2814 4154 Dominum
2836 4098 3020 4154 Jesum
3046 4090 3345 4167 Christum,
3371 4102 3504 4156 hora
3536 4101 3682 4170 quasi

2125 4199 2277 4246 sexta
2323 4199 2672 4259 susceperunt
2714 4204 2836 4244 eum
2889 4201 2943 4246 et
2988 4190 3308 4246 eduxerunt.
3351 4190 3418 4244 Et
3447 4191 3680 4261 bajulans

2123 4280 2221 4334 sibi
2239 4295 2464 4343 crucem,
2484 4279 2639 4332 exivit
2661 4278 2716 4332 in
2735 4294 2872 4343 eum,
2895 4279 2984 4350 qui
3002 4275 3194 4332 dicitur
3215 4277 3472 4334 Calvaria:
3496 4279 3687 4342 locum,

2123 4369 2379 4424 Hebraice
2417 4365 2690 4438 Golgotha,
2732 4363 2818 4420 ubi
2847 4384 2964 4422 cum
3002 4369 3396 4437 cruci/iurant.
3435 4369 3564 4436 Quid
3598 4377 3690 4424 est

459 4452 529 4528 ne
569 4438 856 4528 occideret.
907 4437 1060 4496 Nunc
1101 4455 1230 4527 vero
1252 4457 1356 4497 non
1385 4444 1464 4502 sic
1488 4448 1663 4518 potuit
1686 4459 2028 4514 contemnere
2053 4459 2106 4522 ι)
2127 4473 2278 4528 ergo,
2303 4458 2445 4527 quod
2471 4437 2682 4516 Marcus
2715 4457 3039 4528 evangelista
3067 4458 3163 4524 ait,
3191 4457 3324 4512 Erat
3363 4467 3524 4512 autem
3546 4459 3678 4509 liora

459 4525 764 4594 Caesarem,
821 4536 1096 4610 auctorem
1145 4517 1429 4599 poiestatis
1475 4517 1623 4603 suae,
1678 4543 2040 4610 quemadmo-.

457 4618 600 4675 dum.
633 4617 804 4690 legem
853 4607 1027 4688 gentis
1065 4619 1272 4676 alienae.
1325 4625 1509 4694 (Vens.
1551 4628 1640 4694 ιδ,
1678 4607 1789 4702 is.)
1840 4633 2024 4690 Adhuc

457 4708 688 4796 Pilatus,
737 4725 856 4764 cum
883 4710 1110 4766 audisset
1145 4713 1240 4768 Itos
1277 4732 1536 4773 sermones
1555 4760 1571 4786 ,
1611 4722 1834 4780 adduxit
1878 4727 2023 4796 foras

453 4792 662 4880 Iesum,
685 4809 735 4854 ct
753 4799 887 4856 sedit
906 4817 1000 4871 pro
1030 4802 1283 4858 tribunali
1311 4807 1366 4860 in
1390 4805 1526 4873 loco,
1546 4810 1636 4880 qui
1657 4811 1852 4871 dicitur
1869 4792 2024 4872 litho-

454 4877 646 4976 sLtrotus
665 4929 680 4954 ,
722 4887 980 4944 Hebraice
1037 4899 1214 4976 autem
1263 4883 1489 4974 gabatha
1535 4877 1684 4969 [qu
1721 4897 2017 4976 Golgotha].

457 4963 592 5031 Erat
628 4976 802 5031 autem
835 4993 1110 5046 parasceue
1151 4966 1372 5036 Pasclue
1392 4983 1522 5038 liora
1536 4963 1696 5055 quasi
1714 4963 2021 5056 sexta..Qu‘a

455 5065 587 5122 hora
635 5065 706 5124 sit
749 5059 1006 5122 Dominus
1050 5068 1369 5136 cruciﬁxus,
1413 5082 1634 5144 propter
1680 5080 2037 5150 evangelista:-

453 5155 677 5212 alterius
724 5157 1108 5225 testimonium,
1141 5158 1255 5232 [qui
1285 5163 1440 5237 dixit]
1467 5183 1480 5218 :
1505 5165 1639 5222 Erat
1677 5180 1853 5225 autem
1889 5171 2020 5229 liora

455 5245 626 5313 tertia,
666 5255 715 5303 et
749 5244 1124 5333 cruciﬁmerunt
1149 5267 1300 5320 eum;
1325 5257 1578 5324 quoniam
1618 5275 1813 5333 magna
1845 5263 2018 5322 disces

452 5335 620 5402 ptatio
643 5335 782 5392 solet
807 5331 1010 5394 oboriri
1029 5379 1046 5406 ,
1080 5355 1203 5396 cum
1237 5343 1304 5400 ad
1333 5344 1509 5416 ipsum
1553 5331 1751 5415 locum,
1778 5353 1869 5408 ubi
1895 5369 2019 5408 cru-

453 5417 645 5505 ciﬁxus
683 5433 960 5494 narratur,
1004 5421 1222 5485 rentum
1271 5427 1464 5498 fuerit,
1497 5424 1557 5488 ut
1589 5438 1944 5505 potuerimus,
1969 5440 2017 5494 si

453 5501 712 5565 Dominus
739 5513 991 5579 voluerit,
1027 5509 1370 5574 disseremus.
1405 5519 1538 5598 Cum
1565 5501 1695 5594 ergo
1721 5539 1819 5595 pro
1849 5501 2016 5580 tribu-

481 5685 488 5692 .
524 5631 552 5662 ι
588 5618 767 5706 Aug;
805 5623 994 5706 ξ.
1041 5627 1332 5706 respondit.
1384 5636 1439 5706 et
1487 5638 1668 5688 tamen
1709 5633 2014 5706 ubicumque

452 5687 561 5750 non
590 5687 884 5762 respondit,
915 5687 1023 5746 non
1057 5687 1194 5748 sic'ut
1223 5687 1364 5762 rcus,
1391 5687 1492 5752 etc.
1534 5718 1552 5750 ι

2123 4547 2300 4610 tertia,
2325 4556 2373 4600 et
2405 4545 2774 4613 cruciﬁxerunt
2806 4562 2921 4600 eum
2948 4544 3139 4614 (Marc.
3169 4562 3258 4611 xv,
3289 4546 3401 4619 25),
3430 4546 3526 4600 nisi
3551 4544 3677 4614 quia

2123 4636 2255 4693 hora
2303 4637 2462 4692 tertia
2507 4635 2799 4692 cruciﬁxus
2831 4645 2916 4690 est
2943 4636 3200 4692 Dominus
3244 4637 3439 4710 linguis
3469 4636 3676 4692 iudaic—

2123 4741 2264 4791 rum,
2307 4727 2440 4782 hora
2467 4734 2618 4781 sexta
2649 4723 2897 4780 manibus
2923 4727 3193 4782 militum?
3225 4727 3297 4783 Ut
3325 4728 3684 4796 intelligamus

2121 4815 2309 4873 horam
2335 4815 2581 4885 quintam
2599 4813 2713 4882 jam
2746 4813 2912 4872 fuisse
2945 4823 3292 4880 transactam,
3319 4801 3480 4886 630
3504 4824 3555 4870 et
3576 4814 3676 4870 ali-

2121 4903 2250 4982 quid
2291 4904 2358 4958 de
2404 4910 2554 4959 sexta
2599 4911 2856 4972 cleptum,
2883 4903 3098 4984 quando
3135 4903 3274 4960 sedit
3302 4919 3400 4973 pro
3429 4902 3678 4958 tribunali

2119 4992 2350 5058 Pilatus;
2383 5009 2502 5062 qua:
2529 4993 2668 5048 dicta
2700 5000 2782 5054 est
2821 5007 2853 5046 a
2885 4991 3088 5048 Joanne
3127 4993 3262 5056 hora
3303 4994 3456 5063 quasi
3496 5002 3673 5058 sexta;

2120 5090 2175 5138 et
2196 5099 2319 5139 cum
2345 5083 2632 5141 duceretur
2659 5091 2719 5138 ut
2750 5083 2804 5140 in
2832 5081 2976 5153 ligno
3003 5099 3127 5138 cum
3155 5081 3682 5138 duobuslatronibus

2118 5171 2494 5242 conﬁgeretur,
2521 5179 2576 5226 et
2603 5169 2758 5240 juxta
2797 5185 3011 5227 crucem
3045 5161 3161 5240 ejus
3190 5167 3526 5243 gererentur,
3559 5186 3704 5241 qua

2117 5273 2268 5336 gesta
2305 5271 2612 5326 narrantur,
2654 5261 2788 5317 hora
2832 5268 2983 5318 sexta
3033 5261 3240 5342 integra
3287 5258 3714 5334 complereturzi

2115 5368 2316 5422 exqua
2357 5353 2490 5408 hora
2531 5365 2701 5420 usque
2739 5351 2807 5405 ad
2831 5365 3026 5406 nonam
3059 5349 3170 5411 sole
3205 5352 3491 5407 obscurato
3530 5359 3678 5404 tene-

2112 5443 2240 5498 bras
2285 5425 2471 5504 t‘actas,
2501 5440 2662 5496 trium
2704 5439 3172 5511 evangelistarum,
3219 5425 3474 5506 Matthxi,
3507 5435 3672 5494 Marci

2114 5539 2170 5586 et
2199 5529 2359 5586 Luca:
2386 5538 2715 5587 contestatur
2739 5519 3050 5587 auctoritas.
3081 5520 3186 5588 Sed
3220 5525 3472 5602 quoniam
3505 5525 3675 5586 Judtei

2185 5643 2214 5685 ιι
2250 5641 2328 5696 Ex
2361 5641 2418 5698 S.
2449 5643 2620 5716 Aug.,.
2643 5653 2798 5702 tract.
2831 5662 2995 5712 cur",
3025 5659 3172 5704 num.
3203 5647 3312 5704 1-5.
