3992 6184
434 353 537 409 983

1265 345 1325 399 Β.
1367 344 1428 399 F.
1468 338 1692 397 ALBlNl
1732 336 1861 393 SEU
1900 333 2175 390 ALCUINI
2211 331 2491 389 OPE'RUM
2531 330 2706 386 PARS
2741 331 2799 385 ll.

3564 333 3660 387 98$

434 478 558 520 cum
585 468 727 517 esset
749 457 912 512 etiam
953 454 1067 524 ipse
1093 466 1347 507 numerus
1388 449 1766 514 duodenarius,
1798 447 1853 500 id
1893 453 1995 506 est,
2028 447 2077 504 Α
2100 451 2209 508 tur,
2239 442 2372 496 nihil
2401 457 2586 498 eorum
2642 443 2747 496 rite
2774 442 3069 511 perﬁcitur.
3106 439 3389 507 Quomodo
3413 458 3543 515 ergo
3577 461 3666 515 per

434 549 854 624 quadripartitus
882 548 935 600 in
972 554 1177 607 ternos,
1220 552 1274 597 et
1318 556 1506 598 omnes
1545 547 1726 598 essent
1772 539 2000 592 interro-

432 642 573 711 gati,
614 638 757 693 solus
794 637 986 691 Petrus
1006 634 1282 706 respondit
1310 648 1326 686 :
1361 631 1437 685 Tu
1468 649 1521 686 es
1565 630 1800 685 Christus
1833 625 2002 680 Filius

431 730 531 784 Dei
558 728 674 792 vivi,
701 736 756 781 et
780 728 830 781 ei
865 727 1063 781 dicitur
1099 743 1110 776 :
1159 723 1271 777 Tibi
1300 722 1435 775 dabo
1470 721 1640 774 claves
1672 719 1814 787 regni
1853 715 2004 770 caelo-

433 837 550 874 rum
581 817 797 890 (Matth.
829 834 941 880 xvr,
985 815 1073 880 16,
1106 815 1224 885 19);
1263 822 1521 880 tanquam
1565 809 1764 881 ligandi
1808 815 1862 862 et
1898 805 2003 860 sol-

429 909 589 965 vendi
618 908 763 966 solus
793 908 1062 975 acciperet
1104 902 1256 975 (Ms.,
1303 897 1592 969 acceperit)
1641 903 1998 966 potestatem:

431 1013 556 1054 cum
611 1005 664 1052 et
715 995 849 1051 illud
903 1011 1041 1048 unus
1081 1008 1179 1062 pro
1225 990 1475 1046 omnibus
1504 989 1742 1051 dixerit,
1799 994 1851 1040 et
1901 985 2004 1039 hoc

432 1107 554 1148 cum
617 1091 864 1144 omnibus
925 1095 1178 1153 tanquam
1241 1096 1526 1151 personam
1584 1093 1778 1148 gerens
1835 1076 2003 1145 ipsius

432 1180 652 1235 unitatis
713 1177 1017 1245 acceperit;
1071 1174 1190 1228 ideo
1243 1187 1381 1225 unus
1434 1186 1532 1240 pro
1568 1169 1838 1232 omnibus,
1877 1165 2002 1235 quia

433 1272 610 1327 unitas
656 1279 738 1324 est
788 1269 841 1324 in
890 1267 1158 1322 omnibus.
1211 1263 1363 1317 Unde
1405 1269 1460 1316 et
1514 1261 1604 1314 hic
1662 1275 1784 1313 cum
1837 1257 2004 1312 dixis-

431 1371 547 1426 set,
600 1360 818 1428 desuper
868 1364 1127 1418 contexta,
1178 1352 1402 1415 addidit,
1470 1367 1562 1420 per
1612 1358 1797 1402 totum.
1849 1345 2002 1412 Quod

431 1451 479 1505 si
513 1449 812 1505 referamus
855 1447 921 1501 ad
953 1447 1006 1500 id
1051 1444 1194 1514 quod
1230 1441 1519 1514 signiﬁcat,
1565 1455 1721 1495 nemo
1756 1446 1840 1494 est
1886 1437 2002 1506 ejus

431 1552 652 1608 expers,
684 1537 776 1608 qui
821 1535 1090 1606 pertinere
1132 1533 1437 1588 inveniatur
1465 1531 1532 1585 ad
1581 1537 1755 1584 totum
1789 1546 1802 1581 :
1836 1541 1865 1580 a
1895 1541 2002 1596 quo

429 1636 560 1691 toto,
594 1629 733 1682 sicut
780 1625 969 1682 Gmeca
1014 1624 1216 1679 indicat
1259 1623 1470 1692 lingua,
1514 1619 1789 1675 Catholica
1840 1633 2002 1673 voca-

431 1725 520 1771 tur
549 1714 805 1771 Ecclesia.
854 1715 912 1770 ln
963 1713 1108 1768 sorte
1145 1722 1325 1767 autem
1353 1711 1514 1780 quid,
1554 1711 1659 1765 nisi
1703 1710 1796 1764 Dei
1827 1710 1999 1780 gratia

2089 1629 2164 1673 Ven
2198 1612 2340 1680 ﬁlius
2391 1623 2529 1666 tuus.
2591 1611 2792 1667 Deinde
2837 1613 2961 1666 dicit
3013 1613 3269 1683 discipulo
3320 1629 3337 1665 :

2103 534 2155 588 id
2186 534 2326 603 quod
2359 535 2480 588 mali
2502 533 2725 596 faciunt,
2758 533 2891 586 nihil
2923 532 3051 587 boni
3078 531 3442 602 signiﬁcatur,
3461 537 3671 603 quando

2100 638 2198 692 per
2219 638 2433 678 crucem
2455 623 2654 677 Christi
2680 637 2841 690 quam
2870 622 3112 675 fecerunt
3142 620 3268 675 mali
3289 663 3304 686 ,
3335 623 3390 675 in
3429 624 3675 680 celebra-

2101 713 2245 766 tione
2292 720 2750 766 sacramentorum
2795 711 2913 780 ejus
2959 712 3158 765 bonum
3201 711 3360 766 nobis
3393 728 3547 768 omne
3586 715 3673 770 si-

2101 804 2326 874 gnatur?
2371 823 2390 856 ι

2176 912 2196 945 ι
2232 907 2258 934 ι
2297 893 2566 948 Cruciﬁxo
2587 893 2832 957 Domino,
2858 901 3142 963 postquam
3165 893 3358 950 divisio
3378 896 3672 951 vestitum-

2103 994 2277 1041 torum
2324 983 2438 1053 ejus
2485 985 2649 1039 etiam
2688 985 2853 1040 missa
2908 994 3052 1040 sorte
3095 986 3358 1055 completa
3410 998 3524 1052 est,
3553 1004 3671 1058 qua:

2101 1074 2292 1130 deinde
2322 1083 2505 1128 narret
2533 1073 2766 1128 Joannes
2790 1075 3144 1144 evangelista,
3160 1077 3458 1133 videamus.
3485 1078 3676 1148 (Vens.

2099 1160 2284 1233 25-27)
2328 1162 2396 1215 Et
2439 1162 2627 1216 milites
2653 1164 2860 1234 quidem
2897 1165 3007 1218 lure
3033 1166 3285 1234 fecerunt.
3319 1166 3542 1221 Stabant
3573 1186 3676 1222 ast-

2101 1263 2202 1308 tem
2233 1255 2393 1323 juxta
2444 1271 2647 1308 crucem
2692 1254 2820 1309 Iesu
2867 1266 3036 1310 mater
3077 1258 3228 1327 ejus,
3262 1269 3309 1312 et
3364 1275 3516 1312 soror
3559 1277 3676 1314 nsa-

2099 1344 2194 1397 tris
2230 1344 2345 1412 ejus
2393 1342 2567 1396 Maria
2596 1343 2836 1414 Cleoplue
2880 1353 2928 1398 et
2976 1343 3150 1400 Maria
3183 1345 3510 1416 Magdalene.
3539 1347 3680 1402 Cum

2101 1432 2314 1487 vidisset
2375 1449 2495 1502 ergo
2554 1431 2710 1487 Iesus
2765 1445 2984 1488 matrem
3049 1445 3098 1488 et
3153 1436 3468 1506 discipulum
3521 1449 3672 1492 stan-

2101 1533 2230 1589 tem,
2277 1540 2429 1594 quem
2490 1523 2773 1594 diligebat,
2799 1563 2804 1567 .
2831 1525 2956 1578 dicit
3022 1527 3180 1579 matri
3231 1543 3342 1581 suat
3387 1541 3406 1578 .'
3459 1527 3675 1594 Mulier,

3395 1613 3529 1670 Ecce
3564 1634 3680 1670 ma-

2101 1710 2180 1755 ter
2214 1711 2325 1756 tua.
2382 1700 2452 1754 Et
2488 1718 2553 1756 ea:
2595 1700 2689 1756 illa
2727 1702 2856 1757 hora
2902 1705 3097 1773 accepit
3136 1721 3250 1758 eam
3289 1705 3576 1776 discipulus
3624 1708 3678 1760 in

430 1806 806 1863 commendata.
829 1805 947 1859 est?
977 1803 1069 1858 Sic
1093 1805 1286 1874 quippe
1331 1804 1385 1857 in
1413 1819 1519 1857 uno
1554 1802 1621 1856 ad
1646 1817 1833 1857 omnes
1878 1817 2002 1871 per.
2030 1785 2074 1844 B
2100 1807 2216 1844 sua.
2247 1790 2373 1845 "330
2395 1791 2647 1844 nimirum
2676 1800 2757 1846 est
2787 1791 2877 1846 illa
2901 1793 3053 1858 hora,
3083 1793 3150 1848 de
3169 1809 3272 1862 qua
3299 1792 3457 1849 Iesus
3481 1811 3682 1864 aquam

430 1897 614 1960 venit,
669 1909 798 1950 eum:
836 1909 954 1949 sors
1007 1895 1256 1950 omnibus
1311 1893 1553 1963 placuit,
1611 1893 1736 1963 quia
1789 1901 1843 1947 et
1902 1892 1997 1947 Dei

430 1985 602 2056 gratia
649 1985 710 2038 in
737 1984 942 2038 unitate
977 1983 1045 2038 ad
1092 1999 1277 2039 omnes
1306 1983 1582 2052 pervenit;
1622 1991 1677 2036 et
1716 1997 1841 2037 cum
1881 1997 2000 2036 sors

430 2073 680 2139 mittitur,
710 2087 815 2127 non
839 2087 1082 2141 persona:
1121 2073 1379 2142 cujusque
1399 2073 1489 2124 vel
1524 2070 1752 2135 meritis,
1776 2071 1870 2125 sed
1906 2087 1999 2128 oc-

432 2163 583 2218 eulto
604 2162 696 2216 Dei
725 2161 926 2231 judicio
951 2163 1180 2216 ceditur.
1225 2161 1333 2215 Nec
1379 2161 1497 2215 ideo
1528 2161 1631 2214 ista
1662 2175 1768 2214 non
1797 2161 2006 2229 aliquid

427 2249 560 2306 boni
599 2251 930 2321 signiﬁcasse
959 2252 1078 2321 quis
1115 2250 1333 2314 dixerit,
1363 2250 1489 2319 quia
1517 2265 1615 2318 per
1643 2249 1812 2304 malos
1857 2248 1997 2304 facta

431 2350 590 2406 sunt;
627 2356 732 2395 non
782 2341 988 2396 scilicet
1013 2356 1111 2410 per
1139 2356 1232 2395 eos
1263 2340 1356 2409 qui
1385 2339 1660 2394 Christum
1687 2339 1878 2402 secuti,
1907 2339 2000 2393 sed

430 2427 526 2500 qui
565 2436 691 2484 sunt
712 2429 997 2498 persecuti.
1039 2427 1181 2494 Quid
1203 2427 1347 2482 enim
1377 2427 1443 2481 de
1470 2427 1585 2495 ipsa
1614 2442 1775 2481 cruce
1805 2427 2000 2481 dicturi

431 2535 639 2587 sumus,
660 2534 780 2590 qua:
799 2527 943 2574 certe
969 2519 1216 2574 similiter
1243 2519 1310 2572 ab
1353 2517 1588 2572 inimicis
1614 2525 1776 2587 atque
1824 2517 2002 2586 impiis

433 2609 648 2666 Christo
675 2608 817 2665 iacta
839 2618 894 2664 et
925 2607 1154 2680 impacta
1201 2609 1316 2663 est?
1346 2607 1413 2662 Et
1467 2616 1646 2662 tamen
1681 2623 1743 2662 ea
1798 2608 2003 2679 signiﬁ-

431 2699 544 2756 cari
572 2707 718 2754 recte
747 2699 1083 2771 intelligitur,
1115 2699 1265 2769 quod
1286 2699 1361 2753 ait
1399 2698 1688 2767 Apostolus
1718 2712 1732 2752 :
1760 2698 1891 2764 Qua:
1927 2709 2002 2753 est

433 2786 655 2842 latitudo
681 2828 696 2854 ,
739 2796 788 2842 et
839 2787 1144 2859 longitudo,
1176 2797 1225 2842 et
1273 2787 1534 2853 altitudo,
1583 2796 1632 2842 et
1681 2789 2002 2859 profundum

434 2879 648 2951 (Ephes.
686 2895 770 2944 ιιι,
809 2879 916 2950 18).
945 2879 1074 2933 Lata
1094 2887 1178 2934 est
1195 2879 1390 2947 quippe
1427 2879 1481 2932 in
1505 2887 1813 2934 transverso
1835 2879 2001 2951 ligno,

436 2983 544 3036 quo
572 2967 930 3023 extenduntur
951 2967 1232 3035 pendentis
1259 2976 1540 3033 manus,et
1553 2969 1817 3040 signiﬁcat
1838 2983 2004 3038 opera

435 3055 576 3110 bona
604 3056 665 3109 in.
689 3055 967 3110 latitudine
993 3056 1302 3125 charitatis;
1339 3058 1495 3129 longa
1526 3067 1611 3114 est
1634 3075 1666 3114 a
1687 3067 2001 3114 transverso

434 3146 580 3216 ligno
613 3161 781 3214 usque
807 3149 875 3200 ad
905 3155 1124 3214 terram,
1150 3149 1244 3205 ubi
1282 3151 1501 3205 dorsum
1550 3160 1605 3206 et
1632 3152 1796 3222 pedes
1826 3152 1999 3222 ﬁgun-

437 3243 551 3297 tur,
579 3241 634 3286 et
660 3234 924 3303 signiﬁcat
951 3240 1413 3307 perseverantiam.
1435 3240 1490 3293 in
1512 3239 1843 3310 longitudine
1869 3247 2003 3295 tem-

435 3320 608 3389 poris,
627 3337 796 3391 usque
825 3325 894 3380 ad
923 3325 1112 3391 ﬁnem;
1139 3328 1246 3382 alta
1273 3337 1357 3383 est
1385 3330 1438 3383 in
1465 3331 1743 3384 cacumine
1761 3371 1776 3395 ,
1808 3332 1950 3400 quod
1971 3347 2002 3385 a

433 3420 745 3466 transverso
791 3413 934 3483 ligno
978 3429 1190 3469 sursum
1244 3432 1430 3471 rursus
1482 3419 1791 3472 extenditur
1842 3418 2000 3489 [Ᾱιις.

438 3514 543 3568 quo
570 3489 935 3558 transversum
963 3503 1166 3575 lignum
1195 3520 1408 3560 sursum
1448 3521 1637 3562 versus
1680 3509 2002 3580 exceditur],

435 3600 491 3647 et
515 3591 782 3662 signiﬁcat
815 3609 1106 3663 supernum
1153 3595 1313 3650 ﬁnem
1353 3611 1459 3665 quo
1494 3604 1685 3652 cuncta
1712 3611 1875 3668 opera
1918 3613 2004 3653 re-

435 3676 707 3746 feruntur,
729 3683 982 3751 quoniam
1012 3691 1204 3738 cuncta
1236 3700 1355 3754 qua:
1374 3685 1654 3741 latitudine
1687 3701 1751 3740 ac
1773 3686 2004 3756 longitu-

437 3767 562 3823 dine
599 3770 735 3824 bene
762 3785 827 3824 ac
851 3783 1260 3839 perseveranter
1288 3777 1425 3830 ﬁunt
1447 3817 1462 3842 ,
1504 3784 1726 3846 propter
1775 3777 2004 3832 altitudi-

435 3871 559 3912 nem
585 3857 897 3914 divinorum-
920 3861 1166 3918 facienda
1189 3873 1313 3920 sunt
1338 3868 1716 3936 praemiorum;
1738 3869 2004 3940 profunda

433 3955 519 4003 est
546 3948 600 4002 in
629 3964 692 4004 ea
727 3960 901 4020 parte,
957 3968 1062 4023 qua
1114 3953 1169 4008 in
1216 3965 1362 4010 terra
1396 3957 1578 4027 ﬁgitur
1615 3977 1628 4012 :
1685 3960 1760 4016 ibi
1809 3963 2005 4032 quippe

433 4035 644 4090 occulta
671 4045 774 4103 est,
806 4054 906 4094 nec
925 4041 1094 4095 videri
1124 4043 1321 4111 potest,
1358 4045 1452 4098 sed
1479 4055 1673 4101 cuncta
1701 4046 1818 4115 ejus
1845 4065 2006 4119 appa-

432 4128 607 4182 rentia
659 4137 714 4183 et
761 4129 1061 4185 eminentia
1101 4133 1224 4188 inde
1277 4145 1638 4206 consurgunt;
1688 4138 1826 4192 sicut
1866 4140 2005 4194 bona

432 4226 617 4273 nostra
637 4219 702 4274 de
733 4219 1095 4290 profunditate
1118 4221 1304 4290 gratiae
1329 4223 1444 4289 Dei,
1473 4241 1590 4293 qua:
1623 4227 2004 4297 comprehendi

433 4323 499 4363 ac
541 4308 818 4376 dijudicari
848 4325 954 4364 non
1001 4319 1198 4380 potest,
1226 4313 1478 4368 universa
1531 4317 1848 4385 procedunt.
1900 4317 2006 4374 Sed

433 4405 486 4451 et
527 4398 571 4452 si
608 4412 738 4453 crux
792 4398 988 4453 Christi
1042 4399 1146 4454 hoc
1179 4399 1350 4455 solum
1406 4402 1690 4472 signiﬁcet,
1739 4406 1880 4474 quod
1929 4406 2005 4460 ait

431 4482 768 4555 Apostolus:
803 4486 905 4552 Qui
959 4496 1132 4541 autem
1177 4498 1297 4543 sunt
1342 4490 1469 4545 Iesu
1516 4490 1733 4558 Christi,
1791 4511 2000 4549 carnem

431 4593 581 4630 suam
609 4576 978 4646 cruciﬁxerunt
1003 4596 1120 4632 cum
1145 4581 1468 4650 passionibus
1498 4592 1547 4638 et
1581 4587 2003 4657 concupiscentiis

434 4663 578 4738 (Cal.
603 4680 657 4730 v,
682 4664 772 4738 Ἡ)
796 4705 810 4730 ,
833 4682 996 4736 quam
1033 4683 1285 4738 magnum
1313 4671 1510 4725 bonum
1540 4674 1660 4728 est?
1689 4673 1800 4730 Nec
1823 4684 2003 4731 tamen

432 4753 536 4810 hoc
561 4753 712 4820 facit,
749 4755 853 4811 nisi
881 4760 1262 4827 concupiscens
1288 4760 1546 4818 adversus
1584 4778 1802 4819 carnem
1846 4767 2006 4836 spiri-

435 4850 519 4898 tus
545 4845 739 4910 bonus,
779 4861 901 4900 cum
926 4847 1070 4902 illam
1113 4864 1328 4905 crucem
1376 4850 1579 4907 Christi
1606 4852 1796 4910 fecerit
1831 4856 2005 4912 inimi-

434 4949 553 4999 cus,
585 4935 638 4989 id
665 4945 768 5002 est,
797 4940 1016 5008 spiritus
1037 4943 1226 4997 malus.
1258 4943 1538 5001 Postremo
1571 4949 1700 5017 quid
1732 4958 1817 5004 est
1859 4953 2004 5020 quod

433 5039 623 5112 omnes
646 5039 910 5084 noverunt
927 5031 1136 5101 signum
1162 5035 1338 5089 crucis
1357 5033 1556 5092 Christi
1584 5037 1767 5111 [Aug.,
1791 5041 2003 5112 signum

433 5110 690 5187 Christi],
721 5117 823 5172 nisi
851 5133 982 5173 crux
1003 5120 1237 5177 Christi?
1269 5123 1422 5190 Quod
1448 5110 1688 5196 signum,
1721 5129 1824 5184 nisi
1849 5110 2004 5186 adhi-

432 5202 627 5258 beatur
666 5205 778 5260 sive
810 5207 1074 5267 frontibus
1101 5213 1453 5279 credentium,
1476 5217 1588 5270 sive
1617 5218 1717 5288 ipsi
1757 5235 1909 5291 aqua:
1937 5236 2003 5276 ex

436 5309 542 5362 qua
595 5312 1005 5369 regenerantur,
1033 5304 1147 5360 sive
1180 5305 1299 5361 oleo
1339 5321 1447 5377 quo
1498 5309 1827 5367 charismate
1866 5311 2000 5385 [Al.,

437 5385 708 5461 crismatc]
736 5391 896 5464 632
940 5403 1233 5466 unguntur,
1262 5397 1375 5452 sive
1401 5399 1670 5457 sacriﬁcio
1709 5418 1818 5474 quo
1851 5403 2008 5458 alun-

516 5527 540 5594 ς
565 5516 643 5594 ξι
667 5519 729 5594 S._
757 5521 915 5594 Aug.,
938 5534 1100 5582 tract.
1131 5543 1275 5591 οιιι,
1301 5543 1448 5584 num.
1483 5531 1598 5585 1-6.

472 5581 540 5667 .-δ
570 5584 766 5667 Supple
802 5581 1048 5667 ei'ﬁug.’
1069 5581 1178 5667 loc.
1209 5581 1677 5667 ciiiiinain'im
1723 5603 1824 5656 hoc
1861 5601 2002 5658 fece-

441 5658 544 5718 rit,
581 5658 722 5723 quod
751 5658 1255 5731 sequitur'indicat;
1297 5666 1372 5720 ait
1423 5669 1564 5723 enim
1607 5670 1946 5742 Evangelista
1983 5689 1993 5725 :

2025 3105 2074 3170 (ι

2099 1895 2458 1935 conversurus
2504 1879 2556 1933 in
2587 1881 2766 1934 vinum
2810 1881 3020 1936 dixerat
3047 1882 3208 1936 matri
3241 1901 3254 1934 :
3284 1881 3425 1948 Quid
3471 1885 3597 1937 mihi
3630 1895 3680 1938 et

2099 1970 2191 2024 tibi
2219 1979 2293 2024 est
2321 1969 2546 2023 mulier?
2572 1969 2821 2024 Nondum
2843 1971 2977 2024 venit
3003 1971 3134 2024 liora
3165 1989 3278 2025 mea
3299 1971 3483 2043 (Ioan.
3508 1990 3569 2039 ιι,
3598 1974 3688 2044 ι),

2101 2060 2249 2114 Hanc
2271 2062 2450 2130 itaque
2485 2061 2674 2114 horam
2713 2061 3036 2130 przedixerat
3058 2101 3073 2125 ,
3115 2077 3234 2130 qua:
3274 2071 3402 2117 tunc
3438 2065 3678 2119 nondum

2099 2158 2344 2214 venerat,
2372 2150 2427 2202 in
2455 2165 2560 2218 qua
2589 2150 2809 2204 deberet
2837 2151 3055 2218 agnosci
3085 2165 3118 2205 a
3148 2161 3321 2206 matre
3363 2154 3684 2218 moriturus,

2101 2241 2166 2296 de
2195 2256 2298 2309 qua
2344 2240 2520 2295 fuerat
2570 2242 2874 2296 mortaliter
2918 2251 3095 2296 natus.
3138 2243 3289 2298 Tunc
3329 2259 3458 2313 ergo
3500 2246 3684 2301 divina

2101 2329 2361 2394 facturus,
2397 2347 2504 2385 non
2556 2331 2874 2391 divinitatis.
2905 2333 3000 2386 sed
3049 2333 3383 2389 inlirmitatis
3428 2346 3679 2400 matrem,

2101 2421 2245 2475 velut
2277 2420 2600 2492 incognitam
2625 2421 2903 2478 refellebat
2923 2421 3105 2494 [Αυθη
3143 2425 3458 2498 repellebat]
3489 2445 3501 2478 :
3530 2443 3682 2482 nunc

2103 2521 2281 2568 autem
2324 2513 2557 2568 humana
2591 2513 2704 2582 jam
2744 2514 2987 2584 patiens,
3038 2531 3104 2571 ex
3135 2533 3241 2587 qua
3288 2517 3465 2574 fuerat
3508 2518 3686 2575 factus

2101 2602 2279 2663 homo,
2313 2600 2514 2656 aﬁ‘ectu
2563 2603 2976 2658 commendabat
3030 2607 3284 2662 humano.
3339 2609 3490 2664 Tunc
3535 2612 3684 2666 enim

2102 2691 2195 2762 qui
2233 2691 2457 2746 Mariam
2498 2702 2777 2746 creaverat
2800 2734 2814 2759 ,
2865 2693 3236 2752 innotescebat
3263 2699 3491 2766 virtute;
3543 2717 3684 2758 nunc

2103 2799 2231 2838 vero
2252 2800 2410 2853 quem
2432 2783 2600 2839 Maria
2625 2790 3208 2856 pepererat,pendebat
3226 2790 3280 2844 in
3305 2807 3486 2846 cruce.
3512 2811 3530 2842 ι
3549 2792 3692 2848 Mor-

2103 2870 2226 2927 talis
2252 2872 2417 2943 igitur
2446 2873 2751 2929 insinuatur
2779 2875 2988 2931 locutus
3017 2877 3146 2947 IMs.
3193 2888 3241 2932 et
3275 2880 3434 2950 Aug.,
3466 2879 3693 2937 Muralis

2105 2963 2406 3017 insinuatur
2429 2964 2622 3037 locus].
2649 2966 2800 3022 Facit
2827 2969 2969 3037 quod
2994 2969 3304 3026 faciendum
3330 2973 3610 3040 admonet,
3631 2984 3688 3031 et

2105 3053 2349 3122 exemplo
2393 3069 2490 3110 suo
2519 3070 2645 3110 suos
2682 3057 2937 3112 instruxit
2977 3069 3275 3129 przeceptor
3304 3063 3475 3117 bonus
3501 3105 3515 3128 ,
3567 3073 3628 3118 ut
3652 3082 3696 3119 a-

2107 3144 2232 3200 ﬁliis
2251 3145 2355 3215 piis
2394 3146 2735 3216 impendatur
2763 3164 2892 3204 cura
2920 3153 3234 3220 parentibus
3273 3171 3286 3206 :
3320 3162 3574 3223 tanquam
3621 3157 3688 3211 li-

2105 3250 2268 3305 gnum
2296 3235 2428 3291 illud
2447 3236 2538 3291 ubi
2577 3247 2734 3292 erant
2757 3239 2864 3293 ﬁxa
2891 3243 3131 3297 membra
3168 3246 3473 3310 morientis,
3514 3249 3686 3303 etiam

2104 3325 2358 3381 cathedra
2389 3325 2554 3381 fuerit
2576 3329 2820 3399 magistri
2844 3332 3086 3387 docentis
3107 3333 3156 3387 ιι.
3189 3333 3275 3388 Ea:
3303 3335 3400 3389 illa
3426 3337 3554 3391 liora
3595 3354 3689 3392 ac-

2105 3416 2239 3485 cepit
2264 3433 2388 3470 eam-
2405 3417 2696 3488 discipulus
2723 3420 2779 3473 in
2805 3437 2921 3483 sua,
2947 3421 3013 3476 de
3042 3424 3336 3492 semetipso
3359 3427 3564 3481 dicens.
3594 3427 3686 3483 Sic

2105 3507 2302 3576 quippe
2348 3523 2776 3567 commemorare
2803 3528 2862 3568 se
2906 3513 3064 3579 solet,
3109 3517 3255 3584 quod
3283 3532 3408 3590 eum
3433 3518 3689 3589 diligebat

2103 3593 2303 3651 Iesus:
2335 3599 2426 3666 qui
2465 3599 2650 3668 utique
2694 3617 2910 3667 omnes,
2959 3604 3053 3658 sed
3105 3605 3279 3673 ipsum
3325 3621 3438 3676 pra:
3475 3611 3688 3664 ueteris

2104 3691 2161 3738 et
2201 3683 2520 3742 familiarius
2572 3688 2862 3760 diligebat,
2917 3692 2991 3746 ita
3037 3702 3094 3747 ut
3129 3695 3182 3748 in
3235 3697 3482 3752 convivio
3524 3714 3689 3767 super

2103 3781 2291 3842 pectus
2335 3789 2491 3829 suum
2530 3777 2869 3834 discumbere
2896 3780 3140 3837 faceret:
3175 3786 3365 3851 credo,
3414 3796 3472 3840 ut
3521 3789 3684 3843 istius

2105 3861 2398 3931 Evangelii,
2427 3865 2568 3932 quod
2595 3881 2692 3935 per
2716 3881 2840 3921 eum
2869 3867 3046 3923 fuerat
3093 3873 3501 3939 praedicaturus,
3537 3874 3684 3928 divi-

2105 3967 2230 4006 nam
2265 3953 2640 4009 excellentiam
2691 3957 2794 4013 hoc
2842 3960 3011 4015 modo
3043 3963 3208 4018 altius
3254 3964 3683 4020 commendaret.

2176 4044 2338 4097 Vsus.
2385 4043 2570 4099 28-50.
2601 4077 2675 4087 —
2700 4046 2891 4102 Postea
2941 4052 3108 4106 sciens
3151 4051 3309 4106 Iesus
3353 4055 3479 4124 quia
3505 4056 3682 4108 omnia

2105 4144 2461 4189 consummata
2485 4147 2624 4201 sunt,
2646 4147 2701 4191 ut
2727 4151 3178 4195 consummaretur
3191 4142 3490 4213 Scriptura,
3514 4145 3641 4200 dicit
3661 4159 3682 4198 :

2107 4220 2263 4278 Sitio.
2308 4224 2407 4279 Vas
2433 4244 2553 4297 ergo
2578 4230 2804 4298 positum
2831 4241 2943 4284 erat
2965 4243 3109 4286 aceto
3129 4232 3363 4302 plenum.
3389 4234 3484 4288 Illi
3511 4245 3680 4290 autem

2104 4315 2372 4385 spongiam
2393 4315 2601 4385 plenam
2623 4327 2764 4371 aceto
2783 4319 3004 4388 hyssopo
3025 4322 3474 4392 circumponentes
3486 4324 3686 4378 obtule-

2106 4412 2227 4457 runt
2254 4405 2335 4458 ori
2360 4405 2494 4474 ejus.
2511 4405 2641 4460 Cum
2663 4425 2784 4479 ergo
2801 4411 3082 4480 accepisset
3100 4410 3256 4466 Iesus
3274 4424 3499 4477 acetum,
3513 4416 3680 4468 dixit:

2107 4488 2538 4548 Consummatum
2565 4505 2659 4550 est.
2700 4495 2770 4549 Et
2798 4497 3048 4553 inclinato
3078 4502 3246 4571 capite
3275 4504 3490 4556 tradidit
3522 4503 3681 4574 spiri-

2108 4591 2238 4637 tum.
2279 4583 2410 4649 Quis
2431 4593 2604 4655 potest
2629 4601 2747 4656 quae
2783 4586 2914 4642 facit
2955 4590 3032 4644 ita
3067 4590 3383 4660 disponere,
3414 4593 3681 4663 quomodo

2107 4677 2372 4745 disposuit
2398 4679 2561 4735 homo
2595 4681 2697 4736 iste
2733 4683 2821 4751 qui
2859 4697 3054 4752 passus
3088 4692 3172 4739 est
3201 4685 3385 4757 [Ang.,
3416 4702 3535 4756 quae
3556 4702 3686 4757 pas—

2107 4781 2201 4822 sus
2220 4765 2360 4839 est]?
2383 4767 2490 4824 Sed
2517 4771 2678 4825 homo
2721 4773 2987 4828 mediator
3015 4774 3110 4829 Dei
3149 4785 3206 4829 et
3232 4775 3543 4841 hominum;
3583 4777 3680 4832 ho-

2107 4873 2231 4925 mo,
2269 4860 2798 4930 dequoprzedictum
2824 4863 3037 4935 legitur,
3067 4873 3122 4920 et
3159 4867 3318 4920 homo
3344 4875 3448 4930 est,
3479 4875 3531 4920 et
3559 4865 3685 4935 quis

2109 4953 2355 5023 agnoscit
2390 4969 2512 5008 eum
2527 4955 2561 5008 ?-
2597 4953 2860 5022 Quoniam
2911 4973 3099 5013 omnes
3138 4974 3234 5028 per
3264 4975 3402 5029 quos
3444 4960 3561 5016 haec
3589 4959 3685 5016 lib

2106 5043 2255 5104 bant,
2312 5044 2566 5099 videbant
2622 5046 2894 5101 hominem
2917 5087 2930 5110 ,
2984 5048 3077 5102 sed
3122 5063 3229 5102 non
3287 5050 3689 5119 cognoscebant

2107 5127 2274 5182 Deum
2298 5141 2344 5182 ο.
2370 5130 2542 5184 Homo
2568 5147 2797 5202 namque
2818 5135 3133 5202 apparebat,
3164 5136 3256 5204 qui
3278 5136 3420 5191 Deus
3444 5137 3682 5201 latebat,

2105 5218 2411 5288 patiebatur
2435 5221 2550 5274 haec
2595 5221 2775 5274 omnia
2819 5222 2910 5291 qui
2955 5225 3266 5293 apparebat,
3295 5233 3351 5278 et
3376 5225 3521 5279 idem
3571 5225 3686 5295 ipse

2109 5307 2423 5377 disponebat
2461 5309 2574 5363 haec
2613 5310 2794 5364 omnia
2837 5311 2929 5380 qui
2975 5310 3190 5366 latebat.
3221 5312 3368 5367 Vidit
3389 5326 3523 5384 ergo
3548 5327 3686 5384 quo—

2107 5400 2253 5454 niam
2295 5407 2663 5456 consummata
2705 5408 2832 5456 sunt
2880 5402 3068 5458 omnia
3108 5417 3238 5474 quas
3277 5403 3568 5474 oportebat
3617 5411 3687 5460 ut

2108 5531 2176 5585 Et
2197 5547 2262 5585 ea:
2287 5528 2381 5583 illa
2404 5529 2555 5592 hora,
2579 5536 2682 5586 etc.
2718 5551 2738 5584 ι

2177 5610 2201 5638 ε
2234 5598 2371 5669 Aug.
2400 5616 2412 5651 :
2448 5615 2466 5648 ι
2503 5596 2764 5676 Quoniam
2795 5601 3042 5676 homines
3065 5617 3226 5676 ,_per
3253 5618 3390 5676 quos
3433 5605 3552 5662 hac
3585 5601 3684 5659 ﬁo-

2105 5671 2256 5736 bant,
2285 5683 2390 5723 non
2421 5671 2777 5738 agnoscebant
2795 5671 3068 5729 hominem
3089 5671 3288 5730 Deum:
3311 5693 3328 5728 ι
