4000 6190
315 351 422 416 9835

1085 346 1489 407 EXEGETICA.
1532 383 1602 391 —
1637 350 1986 410 COMMENT.
2029 348 2098 404 IN
2129 346 2318 406 IOAN.
2359 379 2428 388 —
2466 347 2593 404 LIB.
2631 346 2740 403 VII.

3450 341 3554 399 986

317 474 526 530 fierent,
552 474 834 539 antequam
857 463 1122 531 acciperet
1143 468 1354 515 acetum
1379 468 1435 514 et
1461 459 1696 515 traderet
1716 460 1878 530 spiri»
1908 465 1954 521 A
1984 460 2258 524 crucibus,
2286 476 2538 531 magnum
2562 460 2702 514 diem
2743 457 2938 513 festum
2977 457 3060 511 sui
3091 457 3326 513 diuturni
3353 457 3556 510 crucia-

319 572 455 628 tum,
485 567 646 626 atque
683 563 740 608 ut
776 555 878 607 hoc
915 552 1079 608 etiam
1123 559 1606 614 cousummaretur,
1636 550 1776 618 quod
1807 549 1882 602 ait

319 649 596 717 Scriptura
622 663 634 697 :
659 641 728 696 Et
753 645 806 697 in
830 644 917 696 siti
954 658 1068 695 mea
1090 649 1394 712 potauerunt
1421 657 1500 693 me
1534 651 1679 694 aceto
1703 637 1876 711 (Psal.

317 753 506 800 uvut,
529 735 640 805 22).
669 733 823 797 Sitio,
847 734 1057 803 inquit;
1103 741 1357 799 tanquam
1383 731 1623 785 diceret:
1653 731 1753 784 hoc
1782 730 1883 783 mi-

317 845 419 884 nus
446 827 674 890 fecistis,
700 825 824 880 date
848 823 991 894 quod
1011 823 1162 877 estis.
1193 821 1360 876 Iudaei
1389 823 1583 891 quippe
1606 821 1706 890 ipsi
1728 829 1882 874 erant

316 927 548 984 acetum,
579 918 966 988 degenerantes
993 929 1025 968 a
1050 914 1174 967 vino
1197 913 1624 982 patriarcharum
1654 919 1710 966 et
1753 927 1882 980 pro-

315 1011 632 1082 phetarum;
673 1015 729 1063 ct
755 1015 1011 1076 tanquam
1037 1004 1104 1058 de
1134 1001 1292 1072 pleno
1329 1017 1478 1066 vase,
1501 1002 1568 1056 de
1600 1001 1883 1070 iniquitate

317 1103 502 1158 mundi
544 1100 701 1170 hujus
751 1099 985 1169 impleti,
1014 1113 1109 1153 cor
1153 1097 1412 1151 habentes
1437 1096 1583 1150 velut
1607 1097 1880 1166 Spongiam

317 1191 624 1246 caveruosis
673 1186 1065 1259 quodammodo
1117 1193 1279 1256 atque
1324 1185 1582 1239 tortuosis
1651 1186 1884 1241 latibulis

316 1281 734 1338 fraudulentum.
760 1277 1059 1348 Hvssopum
1079 1285 1258 1332 autem
1278 1275 1364 1330 cui
1384 1275 1883 1346 circumposuerunt

315 1372 597 1444 spongiam
621 1381 774 1426 aceto
802 1369 1046 1440 plenam,
1067 1367 1321 1438 quoniam
1363 1367 1529 1421 herba
1559 1367 1775 1422 humilis
1801 1377 1885 1422 est

315 1476 370 1522 et
397 1474 582 1536 pectus
628 1473 839 1536 purgat,
873 1464 1042 1534 ipsius
1095 1461 1294 1518 Christi
1347 1459 1707 1514 humilitatem
1757 1474 1883 1513 con-

315 1569 571 1628 gruenter
605 1556 898 1624 accipimus
935 1572 948 1608 :
992 1569 1154 1624 quam
1205 1551 1698 1615 circumdederunt,
1725 1559 1780 1604 et
1826 1565 1886 1604 se

314 1645 737 1703 circumvenisse—
770 1651 1111 1715 putaverunt.
1167 1641 1318 1698 Unde
1355 1641 1484 1696 illud
1520 1641 1574 1694 in
1623 1639 1835 1695 Psalmo
1867 1657 1880 1692 :

315 1739 565 1810 Asperges
613 1755 694 1792 me
747 1739 990 1808 hyssopo,
1039 1746 1089 1791 et
1129 1735 1422 1790 mundabor
1477 1732 1649 1808 (Psal.
1701 1751 1750 1797 ι,
1803 1734 1878 1804 9).

312 1831 514 1888 Christi
571 1846 812 1900 namque
853 1829 1154 1885 humilitate
1209 1830 1530 1884 mundamur
1560 1847 1572 1882 :
1607 1828 1731 1898 quia
1777 1828 1878 1882 nisi

315 1922 650 1976 humiliasset
676 1921 1039 1988 semetipsum,
1058 1917 1234 1974 factus
1253 1919 1510 1972 obediens
1536 1917 1683 1972 Patri
1714 1932 1884 1985 usque

312 2009 382 2068 ad
400 2021 627 2068 mortem
655 2012 854 2075 crucis,
873 2011 1060 2079 utique
1076 2010 1302 2080 sanguis
1322 2008 1440 2076 ejus
1459 2009 1512 2062 in
1535 2017 1883 2078 peccatorum

315 2103 709 2167 remissionem,
734 2101 837 2155 hoc
866 2107 966 2164 est,
997 2104 1051 2153 lu
1085 2108 1325 2153 nostram
1352 2097 1752 2152 mundationem
1777 2111 1882 2150 non

315 2197 503 2252 fuisset
533 2196 754 2252 effusus.
802 2193 918 2248 Nec
940 2201 1156 2248 moveat
1190 2192 1458 2262 quomodo
1482 2193 1761 2262 spongiam
1801 2191 1882 2244 ori

311 2287 428 2355 cjus
451 2287 724 2356 potuerint
744 2286 1052 2348 admovere,
1081 2283 1173 2352 qui
1209 2283 1265 2336 in
1317 2296 1478 2338 cruce
1527 2281 1703 2337 fuerat
1739 2282 1884 2337 exal-

313 2387 455 2432 tatus
495 2392 526 2431 a
574 2386 738 2432 terra.
791 2375 942 2431 Sicut
985 2377 1128 2432 enim
1186 2377 1326 2445 apud
1357 2376 1490 2430 alios
1531 2375 1886 2446 evangelistas

311 2470 526 2540 legitur,
569 2471 711 2537 quod
761 2469 848 2523 hic
896 2469 1264 2538 praetermisit,
1292 2469 1347 2521 in
1383 2468 1642 2521 arundine
1683 2475 1765 2520 est
1805 2464 1884 2518 fa-

308 2567 477 2621 ctum,
506 2559 668 2629 633
716 2567 776 2612 ut
815 2559 1036 2628 spongia
1066 2559 1189 2612 talis
1215 2564 1374 2627 potus
1403 2557 1470 2610 ad
1500 2556 1679 2610 crucis
1721 2555 1885 2607 subli-

309 2651 419 2706 mia
447 2650 734 2705 levaretur.
764 2649 870 2706 Per
896 2651 1212 2705 arundinem
1243 2665 1371 2704 vero
1399 2647 1680 2716 Scriptura
1719 2644 1886 2714 signi-

312 2742 590 2804 ficabatur,
632 2756 752 2808 quae
792 2739 1111 2809 implebatur
1165 2741 1268 2793 hoc
1311 2736 1474 2790 facto.
1529 2733 1681 2789 Sicut
1739 2731 1884 2786 enim

312 2835 492 2903 lingua
519 2832 716 2886 dicitur
755 2831 837 2886 vel
875 2830 1081 2895 Grteca,
1113 2829 1196 2884 vel
1222 2828 1436 2890 Latina,
1473 2825 1558 2880 vel
1607 2825 1709 2878 alia
1740 2839 1886 2892 qua:-

313 2926 443 2980 libet
485 2937 673 2978 sonum
719 2921 1028 2992 significans
1073 2919 1161 2990 qui
1205 2919 1388 2990 lingua
1447 2916 1752 2986 promitur,
1807 2911 1885 2966 sic

313 3015 522 3070 arundo
565 3013 670 3068 dici
697 3019 874 3082 potest
904 3012 1106 3076 littera,
1137 3024 1256 3080 qua;
1282 3008 1544 3062 arundine
1588 3005 1878 3068 scribitur;

313 3105 408 3160 sed
454 3102 844 3174 signiﬁcantius
873 3115 1032 3156 sonos
1059 3099 1215 3173 [Aug.
1236 3141 1250 3165 ,
1300 3113 1460 3190 sonos
1491 3093 1880 3190 significantes]
1910 3126 1960 3190 ο

315 3192 462 3248 vocis
489 3193 736 3247 humanae
764 3191 1117 3245 usitatissime
1142 3190 1369 3244 dicimus
1413 3187 1650 3258 linguam
1694 3205 1707 3236 :
1740 3184 1887 3239 Scri-

315 3293 526 3356 pturam
548 3298 677 3338 vero
698 3282 1014 3336 arundinem
1039 3281 1143 3336 dici
1166 3296 1273 3351 quo
1293 3281 1472 3334 minus
1500 3287 1582 3332 est
1609 3277 1884 3341 usitatum,

314 3392 382 3431 co
399 3375 569 3444 magis
597 3382 682 3430 est
727 3373 953 3442 mystice
982 3371 1290 3443 figuratum.
1347 3368 1480 3423 Cum
1516 3384 1636 3438 ergo
1665 3367 1890 3436 accepis-

314 3473 394 3519 set
423 3462 577 3518 Iesus
617 3471 839 3526 acetum,
889 3461 1024 3514 dixit
1061 3473 1080 3512 :
1129 3459 1557 3514 Consummatum
1606 3467 1702 3512 est.
1751 3455 1890 3523 Quid

315 3555 419 3610 nisi
440 3555 582 3625 quod
607 3554 869 3623 propheta
895 3559 1048 3606 tanto
1074 3557 1200 3605 ante
1229 3547 1360 3621 [Al.,
1389 3547 1549 3618 paulo
1575 3547 1720 3619 ante]
1752 3556 1889 3602 tem-

317 3661 449 3717 pore
492 3644 850 3715 praedixerat?
899 3643 1100 3698 Deinde
1147 3641 1273 3710 quia
1329 3639 1461 3694 nihil
1509 3645 1886 3702 remanserat,

317 3735 461 3804 quod
514 3742 800 3804 antequam
857 3740 1160 3788 moreretur
1201 3730 1315 3785 fieri
1365 3730 1540 3785 adhuc
1585 3729 1885 3798 oportebat,

319 3833 572 3896 tanquam
611 3824 700 3880 ille
743 3824 834 3894 qui
881 3830 1203 3893 potestatem
1233 3823 1472 3876 habebat
1497 3819 1730 3888 ponendi
1774 3817 1891 3870 ani-

316 3928 460 3967 mam
501 3927 651 3967 suam
679 3919 735 3966 et
760 3912 958 3964 iterum
987 3909 1232 3964 sumendi
1276 3922 1397 3960 eam
1415 3946 1429 3970 ,
1456 3904 1692 3972 peractis
1718 3903 1891 3956 omni-

315 4005 417 4059 bus
454 4017 576 4072 qua:
603 4009 661 4054 ut
703 4007 1088 4069 peragerentur
1135 3995 1504 4064 exspectabat,
1530 3991 1781 4046 inclinato
1803 4008 1891 4045 ca-

315 4093 420 4164 pite
465 4088 685 4142 tradidit
732 4086 993 4157 spiritum.
1028 4083 1160 4150 Quis
1189 4083 1262 4137 ita
1307 4083 1506 4137 dormit
1547 4081 1760 4151 quando
1797 4098 1888 4137 vo-

317 4179 499 4242 merit,
529 4178 666 4231 sicut
695 4174 852 4231 Iesus
897 4182 1143 4228 mortuus
1170 4179 1254 4228 est
1279 4173 1495 4242 quando
1523 4171 1729 4225 voluit?
1758 4171 1891 4238 Quis

319 4279 393 4325 ita
420 4275 626 4324 vestem
655 4268 872 4338 deponit
916 4267 1129 4337 quando
1153 4267 1401 4332 voluerit,
1450 4267 1592 4322 sicut
1635 4282 1693 4321 sc
1730 4283 1891 4322 carne

317 4357 468 4415 exuit
508 4357 721 4427 quando
755 4357 958 4412 voluit?
1000 4356 1130 4424 Quis
1177 4359 1252 4412 ita
1309 4375 1430 4413 cum
1478 4357 1706 4413 voluerit
1752 4358 1884 4422 abit,

1983 559 2068 604 tus
2087 552 2312 606 horrore
2341 550 2624 606 fmdarcnt.

2049 655 2214 710 Vens.
2259 655 2442 710 52-54.
2475 685 2544 694 -
2579 652 2840 707 Venerunt
2868 669 2990 722 ergo
3039 653 3248 716 milites,
3301 664 3348 707 et
3398 655 3554 724 primi

1980 745 2188 815 quidem
2211 745 2474 814 fregerunt
2500 761 2672 806 crura,
2702 753 2750 797 et
2779 741 2996 797 alterius
3024 745 3112 814 qui
3140 744 3421 813 cruciﬁxus
3443 757 3554 798 erat

1982 851 2100 888 cum
2129 851 2207 887 eo.
2239 835 2320 886 Ad
2358 832 2540 888 Iesum
2567 845 2741 887 autem
2770 850 2889 887 cum
2923 834 3196 897 renissent,
3229 843 3283 886 ut
3315 834 3555 888 viderunt

1981 939 2099 975 eum
2127 923 2245 991 jam
2292 934 2588 987 mortuum,
2631 940 2734 977 non
2783 923 3046 992 fregerunt
3091 924 3204 992 ejus
3235 941 3410 976 crura.
3449 924 3556 978 Sed

1982 1030 2115 1067 unus
2149 1012 2374 1065 militum
2401 1012 2583 1066 lancea
2611 1012 2749 1066 latus
2790 1030 2906 1084 ejus
2934 1016 3169 1083 aperuit,
3216 1024 3263 1068 et
3310 1017 3556 1068 continuo

1981 1109 2136 1162 exiuit
2173 1107 2386 1176 sanguis
2429 1117 2476 1160 et
2521 1123 2677 1176 aqua.
2732 1107 2974 1176 Eleganti
3013 1106 3365 1175 vigilantique
3392 1107 3564 1161 verbo

1981 1197 2306 1268 evangelista
2356 1213 2486 1250 usus
2537 1204 2638 1260 est,
2693 1205 2748 1250 ut
2795 1212 2902 1250 non
2932 1197 3135 1250 diceret
3173 1213 3185 1248 :
3240 1196 3401 1250 Latus
3441 1198 3564 1266 ejus

1980 1288 2266 1359 percussit,
2292 1295 2385 1340 aut
2412 1286 2729 1348 vulneravit,
2774 1293 2866 1340 aut
2912 1286 3040 1354 quid
3083 1285 3259 1350 aliud;
3309 1286 3398 1338 sed
3440 1301 3563 1355 ape-

1984 1382 2128 1433 ruit:
2161 1388 2220 1432 ut
2256 1378 2364 1432 illic
2407 1377 2802 1446 quodammodo
2832 1377 2957 1430 vitae
2983 1377 3180 1430 ostium
3209 1377 3558 1446 panderetur,

1982 1472 2124 1526 unde
2147 1477 2484 1524 sacramenta
2515 1467 2768 1522 Ecclesiae
2813 1475 3185 1526 manaverunt.
3217 1468 3334 1521 sine
3362 1467 3562 1536 quibus

1983 1564 2050 1616 ad
2093 1563 2257 1615 vitam
2299 1575 2420 1628 qua:
2453 1575 2580 1612 vera
2619 1559 2728 1612 vita
2753 1568 2856 1622 est,
2897 1574 3002 1612 non
3029 1559 3281 1611 intratur.
3323 1557 3416 1611 llle
3439 1573 3566 1612 san-

1983 1656 2102 1726 guis
2128 1655 2182 1708 in
2207 1652 2573 1708 remissionem
2609 1650 2761 1705 fusus
2784 1659 2868 1704 est
2899 1657 3281 1719 peccatorum;
3307 1665 3446 1718 aqua
3473 1648 3566 1702 illa

1985 1747 2219 1801 salutare
2282 1743 2601 1812 temperavit
2654 1741 2902 1812 poculum
2961 1760 2973 1794 :
3027 1741 3141 1795 hate
3182 1749 3236 1794 et
3288 1739 3564 1794 lavacrum

1986 1843 2204 1906 praestat
2236 1843 2290 1888 et
2317 1841 2522 1903 potum.
2572 1830 2685 1885 Hoc
2731 1829 3125 1899 prec-nuntiabat
3166 1829 3305 1897 qqu
3346 1827 3456 1882 Noe
3507 1828 3561 1881 iu

1986 1929 2152 1983 latere
2191 1941 2330 1982 arca:
2357 1925 2557 1980 ostium
2584 1923 2760 1978 facere
2802 1921 2986 1991 jussus
3017 1929 3117 1986 est,
3157 1937 3262 1992 qua
3294 1922 3562 1975 intrarent

1985 2018 2235 2073 animalia
2277 2034 2398 2088 qua;
2435 2033 2542 2072 non
2585 2025 2742 2070 erant
2787 2015 2986 2070 diluvio
3038 2015 3314 2084 peritura,
3365 2014 3566 2084 quibus

1983 2107 2428 2179 pnetigurabatur
2453 2106 2693 2160 Ecclesia
2732 2105 2885 2175 (Gen.
2918 2123 2992 2169 Vl,
3043 2105 3152 2174 16).
3190 2105 3418 2174 Propter
3456 2106 3558 2160 hoc

1983 2201 2158 2270 prima
2205 2199 2392 2253 mulier
2453 2197 2594 2251 facta
2644 2206 2725 2252 est
2777 2197 2842 2252 de
2903 2196 3005 2250 viri
3064 2195 3234 2250 latere
3291 2195 3564 2250 dormien-

1986 2293 2086 2356 tis,
2122 2299 2176 2346 et
2211 2289 2476 2361 appellata
2508 2297 2593 2344 est
2617 2288 2728 2342 vita
2779 2297 3058 2356 materque
3107 2288 3350 2342 vivorum
3391 2284 3560 2348 (Cen.

1984 2401 2058 2445 ιι,
2103 2383 2174 2436 22
2199 2423 2214 2446 ,
2251 2382 2403 2452 seq.).
2442 2380 2693 2450 Magnum
2746 2381 2943 2450 quippe
2993 2380 3314 2451 significavit
3341 2381 3563 2445 bonum,

1985 2478 2109 2523 ante
2158 2484 2410 2538 magnum
2461 2470 2925 2537 praevaricalionis
2986 2470 3220 2533 nmium,
3274 2471 3327 2524 in
3377 2469 3566 2524 habitu

1976 2557 2206 2626 jacentis
2250 2574 2314 2612 ac
2362 2557 2695 2611 dormientis.
2729 2558 2795 2611 Et
2829 2559 2916 2612 hic
2973 2561 3240 2613 secundus
3269 2561 3438 2614 Adam
3489 2562 3565 2615 in-

1985 2645 2184 2700 clinato
2209 2646 2386 2714 capite
2413 2646 2464 2698 in
2495 2661 2654 2701 cruce
2681 2646 2953 2711 dormivit,
2982 2655 3042 2700 ut
3073 2647 3198 2702 imlc
3235 2649 3566 2704 fermaretur

1985 2738 2034 2791 ei
2057 2738 2250 2806 conqu
2279 2753 2398 2805 qua:
2423 2737 2488 2790 de
2518 2736 2685 2790 latere
2705 2736 3022 2792 dormientis
3050 2738 3271 2794 ellluxit.
3302 2740 3346 2795 Ο
3392 2757 3562 2807 mors,

1984 2827 2127 2881 unde
2161 2826 2356 2880 mortui
2388 2827 2742 2881 reviviscunt!
2769 2828 2955 2892 (Vens.
2986 2827 3204 2900 36,57.)
3230 2829 3396 2884 Facta
3427 2833 3564 2886 enim

1983 2926 2103 2970 sunt
2116 2915 2454 2984 Ittec,inquit,
2471 2925 2526 2968 ut
2558 2915 2831 2986 Scriptura
2861 2916 3190 2987 impleretur:
3209 2918 3281 2972 0s
3303 2936 3404 2974 non
3426 2938 3568 2975 com-

1985 3007 2225 3060 minuetis
2246 3022 2310 3060 ex
2345 3022 2424 3060 eo.
2462 3006 2525 3060 Et
2550 3007 2736 3060 iterum
2768 3005 2875 3060 alia
2907 3006 3178 3077 Scriptura
3208 3009 3374 3064 dicit:
3411 3008 3548 3065 Vide-

1989 3097 2131 3162 bunt,
2181 3098 2238 3151 in
2297 3113 2446 3166 quem
2503 3097 2897 3166 transﬁxerunt.
2969 3098 3083 3154 Duo
3147 3101 3450 3156 testimonia
3497 3103 3567 3158 de

1989 3188 2282 3258 Scripturis
2320 3189 2550 3243 reddidit
2574 3189 2798 3258 singulis
2842 3190 3024 3253 rebus,
3067 3205 3202 3258 quas
3233 3192 3402 3247 factas
3433 3209 3564 3247 nar-

1990 3281 2146 3334 ravit.
2174 3279 2310 3334 Nam
2350 3279 2476 3350 quia
2514 3279 2723 3334 dixerat
2753 3298 2766 3334 :
2798 3280 2879 3334 Ad
2906 3279 3087 3334 Iesum
3119 3291 3290 3334 autem
3321 3299 3435 3336 cum
3486 3301 3568 3338 re-

1989 3372 2200 3436 nissent,
2230 3388 2333 3425 non
2381 3371 2641 3440 fregerunt
2682 3371 2795 3441 ejus
2840 3388 3028 3436 crura,
3079 3372 3146 3426 ad
3187 3371 3290 3428 hoc
3336 3376 3567 3442 pertinet

1989 3462 2352 3516 testimonium
2387 3477 2401 3515 :
2429 3461 2501 3516 Os
2522 3479 2623 3516 non
2655 3465 3014 3518 comminuetis
3040 3481 3104 3518 ea:
3133 3481 3192 3519 co
3221 3479 3239 3516 :
3263 3465 3402 3534 quod
3430 3481 3566 3535 pra:-

1989 3562 2201 3622 ceptum
2227 3560 2308 3608 est
2340 3554 2421 3608 eis
2445 3553 2535 3622 qui
2567 3553 2842 3608 celebrare
2879 3554 3085 3608 Pascha
3125 3554 3263 3621 jussi
3293 3565 3421 3609 sunt
3446 3559 3566 3612 ovis

1989 3644 2354 3698 immolatione
2378 3643 2429 3696 in
2468 3643 2635 3696 veteri
2674 3641 2809 3710 lege,
2839 3656 2957 3709 quae
2983 3642 3274 3697 Dominicte
3302 3645 3569 3712 passionis

1988 3733 2178 3786 umbra
2219 3738 2587 3800 praecesserat.
2625 3729 2777 3784 Unde
2808 3729 3016 3785 Pascha
3059 3741 3292 3787 nostrum
3324 3735 3568 3792 immola-

1989 3832 2072 3875 tus
2094 3832 2165 3874 est
2186 3820 2422 3874 Christus
2445 3819 2496 3889 (Ι
2526 3819 2647 3872 Cor.
2677 3837 2731 3885 v,
2763 3820 2815 3893 ’7)
2861 3840 2872 3874 :
2915 3823 2985 3876 de
3015 3839 3119 3894 qua
3144 3823 3324 3897 [Aug.,
3349 3827 3414 3882 de
3436 3830 3564 3904 quo]

1989 3922 2044 3966 et
2067 3913 2234 3966 Isaias
2249 3912 2506 3981 propheta
2526 3913 2846 3979 praedixerat
2868 3913 3046 3968 :Sicut
3076 3919 3184 3970 ovis
3205 3918 3276 3971 ad
3298 3921 3571 3978 immolan-

1988 4006 2113 4058 dum
2143 4003 2328 4057 ductus
2354 4012 2428 4057 est
2457 4002 2610 4074 (lsai.
2638 4021 2752 4067 Llll,
2793 4004 2868 4074 7).
2911 4005 3040 4060 Item
3072 4005 3244 4081 [quia]
3277 4011 3567 4079 subjunxe-

1990 4102 2077 4147 rat
2099 4093 2281 4147 dicens
2323 4111 2334 4145 :
2368 4091 2470 4146 Sed
2490 4110 2626 4147 unus
2649 4093 2874 4147 militum
2915 4094 3095 4149 lancea
3125 4095 3264 4152 latus
3303 4102 3418 4169 ejus
3447 4119 3568 4172 ape-

1991 4184 2117 4248 ruit,
2141 4183 2207 4238 ad
2249 4183 2352 4237 hoc
2392 4183 2628 4250 pertinet
2666 4183 2894 4239 alterum
2936 4186 3304 4242 testimonium
3343 4207 3355 4242 ;
3418 4188 3568 4245 Vide-

1990 4274 2142 4338 bunt,
2175 4274 2230 4328 in
2275 4288 2425 4344 quem
2467 4284 2877 4343 comparaverunt
2927 4289 2946 4326 :
2992 4277 3082 4331 ubi
3130 4278 3430 4346 promissus
3484 4288 3568 4335 est

1989 4361 2237 4417 Christus
2266 4363 2319 4415 in
2361 4375 2425 4416 ea
2471 4377 2574 4431 qua
2603 4360 2892 4418 cruciﬁxus
2944 4373 3030 4418 est
3081 4381 3245 4420 carne
3284 4376 3562 4424 venturus.

317 4449 584 4547 (ἰυθπξοδθ
609 4464 731 4547 cum
757 4447 929 4547 ν⁰¹ι¹ίξ
952 4449 1120 4547 οξξίίίῗ
1145 4449 1353 4547 Qua?“
1396 4448 1661 4547 δβθτξηδθ
1700 4448 1784 4503 νεὶ
1822 4449 1888 4502 ﬁ”
1918 4463 1969 4523 Β
2062 4474 2222 4527 Vens.
2251 4473 2337 4534 58,
2368 4472 2456 4525 39.
2481 4501 2552 4510 —-
2577 4471 2704 4524 Post
2730 4473 2841 4525 haec
2888 4484 3059 4528 autem
3097 4479 3291 4547 rogavit
3329 4475 3564 4534 Pilatum

319 4539 511 4594 menda
536 4546 775 4609 potestas
802 4547 886 4593 est
909 4539 1217 4608 judicantis,
1249 4540 1293 4594 si
1325 4541 1571 4608 apparuit
1601 4547 1747 4594 tanta
1777 4555 1892 4593 mo-

319 4628 543 4685 rientis‘t
572 4649 590 4680 ι

395 4735 414 4770 ι
450 4731 474 4758 ι
498 4717 853 4785 Posteaquam
883 4717 1140 4771 Dominus
1171 4718 1350 4783 Iesus,
1380 4720 1616 4788 peractis
1642 4719 1892 4774 omnibus

321 4824 442 4880 quae
463 4816 589 4864 ante
607 4823 758 4864 suam
787 4815 1014 4862 mortem
1039 4810 1224 4878 peragi
1266 4816 1514 4878 Oportere
1553 4809 1887 4877 przesciebat,

322 4899 536 4968 quando
571 4899 742 4954 voluit
771 4897 990 4952 tradidit
1018 4897 1288 4966 spiritum,
1311 4913 1430 4966 quae
1472 4897 1663 4953 deinde
1706 4906 1888 4951 secuta

323 4991 434 5044 sint
485 4991 808 5062 evangelista
868 4997 1123 5044 narrante
1177 4989 1474 5044 videamus.
1535 4989 1720 5060 (Vens.
1773 4988 1888 5057 31.)

321 5076 500 5132 Iudtei
527 5096 668 5151 ergo,
699 5079 892 5148 inquit,
936 5081 1182 5150 quoniam
1224 5095 1499 5150 parascere
1534 5088 1664 5142 erat,
1702 5087 1756 5132 ut
1788 5095 1892 5132 non

323 5177 645 5222 remanerent
687 5169 745 5221 in
778 5184 930 5222 cruce
957 5186 1173 5239 corpora
1205 5169 1418 5222 sabbato
1457 5167 1589 5238 (erat
1615 5169 1750 5220 enim
1781 5183 1892 5220 ma-

321 5270 453 5324 gnus
487 5257 598 5310 dies
647 5255 734 5310 ille
761 5257 1014 5328 sabbati),
1064 5268 1374 5328 rogaverunt
1403 5255 1634 5312 Pilatum
1661 5269 1717 5312 ut
1745 5259 1891 5328 fran-

322 5354 564 5413 gerentur
581 5362 762 5400 eorum
788 5362 968 5410 crura,
997 5356 1046 5400 et
1075 5349 1401 5404 tollerentur.
1433 5348 1550 5404 Non
1579 5365 1740 5404 crura
1787 5351 1888 5404 tol-

299 5433 584 5512 lerentur,
624 5438 718 5493 sed
758 5438 814 5492 hi
840 5437 1033 5506 quibus
1062 5438 1182 5494 ideo
1222 5441 1609 5514 frangebantur
1627 5451 1688 5499 ut
1709 5459 1887 5499 more-

321 5536 530 5597 reutur,
560 5538 614 5586 et
660 5528 1001 5586 auferrentur
1052 5544 1118 5585 ex
1161 5531 1304 5604 ligno
1337 5554 1349 5590 :
1381 5553 1450 5592 ne
1496 5540 1788 5609 pendentes
1838 5538 1889 5594 in

393 5690 417 5718 η
457 5678 532 5732 Ex
564 5680 621 5736 S.
663 5680 820 5750 Aug,
851 5691 1005 5736 tract.
1035 5698 1156 5747 cxx,
1189 5699 1335 5763 num.
1370 5685 1476 5742 1-7.

1994 4559 2176 4629 Ioseph
2224 4559 2288 4611 ab
2315 4558 2631 4624 Arimathia,
2657 4575 2718 4613 eo
2753 4561 2894 4631 quod
2931 4573 3060 4617 esset
3087 4565 3372 4636 discipulus
3415 4569 3563 4638 Iesu,

1989 4647 2219 4701 occultus
2248 4655 2418 4699 autem
2444 4656 2653 4717 propter
2677 4660 2871 4703 metum
2902 4650 3210 4707 Iudazorum
3230 4697 3244 4720 ,
3275 4667 3331 4711 ut
3360 4658 3565 4715 tolleret

1989 4753 2173 4807 corpus
2193 4734 2320 4789 Iesu
2350 4750 2367 4787 :
2395 4747 2441 4790 et
2471 4738 2704 4807 permisit
2733 4737 2961 4796 Pilatus.
3002 4741 3150 4798 Venit
3195 4764 3316 4818 ergo
3355 4759 3404 4804 et
3447 4751 3566 4805 tulit

1989 4842 2174 4896 corpus
2203 4825 2330 4881 Iesu
2356 4841 2374 4878 :
2407 4825 2557 4881 Venit
2583 4838 2754 4883 autem
2777 4841 2824 4885 et
2851 4832 3186 4901 Nicodamus,
3226 4820 3317 4908 qui
3358 4851 3564 4896 venerat

1995 4916 2064 4969 ad
2084 4914 2265 4970 Iesum
2303 4927 2448 4971 nocte
2474 4919 2729 4988 primum,
2759 4922 2928 4990 ferens
2952 4925 3236 4980 mixturam
3270 4932 3494 4999 myrrha:
3517 4943 3566 4987 et

1997 4999 2158 5066 aloes,
2195 5003 2343 5072 quasi
2385 5001 2545 5057 libras
2595 5016 2818 5060 centum.
2868 5005 2983 5063 Non
3017 5010 3091 5064 ita
3133 5012 3563 5084 distinguendum

1996 5099 2095 5152 est,
2112 5099 2173 5145 ut
2196 5093 2452 5158 dicamus,
2467 5095 2692 5164 primum
2706 5097 2875 5166 ferens
2889 5101 3170 5155 mixturam
3189 5105 3446 5174 myrrhae;
3471 5108 3567 5164 sed

1998 5181 2116 5243 hoc,
2140 5183 2283 5252 quod
2310 5184 2511 5240 dictum
2532 5189 2882 5257 estprimum,
2909 5191 2974 5245 ad
3001 5194 3331 5262 superiorem
3347 5211 3564 5254 sensum

1997 5272 2252 5340 pertinet,
2281 5285 2483 5328 venerat
2527 5278 2664 5329 enim
2722 5277 3042 5336 Nicodemus
3086 5283 3156 5336 ad
3196 5283 3376 5341 Iesum
3418 5298 3566 5344 nocte

1992 5365 2218 5433 primum
2250 5377 2268 5414 :
2299 5367 2440 5435 quod
2478 5366 2620 5421 idem
2657 5365 2893 5424 Ioannes
2926 5375 3170 5429 narravit
3199 5375 3251 5430 in
3291 5379 3566 5446 prioribus

1993 5453 2268 5524 Evangelii
2297 5455 2380 5509 sui
2417 5455 2578 5529 634
2597 5458 2841 5528 partibus
2870 5459 3048 5532 (Joan.
3078 5480 3162 5530 Ill,
3185 5465 3270 5539 2).
3312 5467 3407 5526 Hic
3435 5484 3564 5542 ergo

1993 5543 2392 5615 intelligendum
2435 5555 2537 5614 est,
2583 5551 2650 5604 ad
2697 5547 2879 5606 Iesum
2918 5568 3024 5609 non
3071 5564 3198 5611 tunc
3244 5558 3434 5625 solum,
3469 5563 3561 5617 sed
