4000 6190
249 370 367 443 osa?

1034 354 1439 424 Exsurgite».
1477 395 1548 404 -
1581 354 1933 418 COMMENT.
1972 358 2040 414 IN
2076 358 2263 416 JOAN.
2300 385 2373 400 --
2408 358 2534 412 un.
2574 356 2681 411 vn.-

3384 352 3488 407 990

251 500 360 559 tur,
383 472 509 562 quia
531 491 642 559 ipsa
662 483 840 556 passio
872 467 1246 548 Redemptoris
1276 468 1443 562 nostri
1468 475 1624 545 longe
1658 490 1688 527 a
1714 484 1814 528 no-
1844 482 1891 535 Α
1920 471 2041 525 bum
2085 467 2266 539 (locu.
2291 483 2343 531 i,
2373 465 2555 562 l)...Et
2580 466 2737 534 quasi
2773 465 2840 517 ad
2866 465 3032 533 pedes
3069 465 3219 520 sedet
3247 463 3489 534 angelus,

249 585 369 640 atra
391 560 921 651 missurum-cra
948 574 1062 636 est;
1091 560 1346 639 quaniam
1366 568 1480 636 ipse
1513 568 1628 620 sine
1659 566 1814 634 culpa

249 666 491 745 pertulit,
515 666 656 735 quod
685 675 782 717 nos
806 674 931 715 cum
949 659 1107 728 culpa
1147 652 1459 711 tdler'amus.
1482 656 1599 724 Ipse
1627 663 1819 723 sponte

248 758 410 819 morti
438 755 784 812 subcumbere
807 752 992 815 voluit,
1026 749 1101 803 ad
1135 746 1297 818 quam
1340 756 1439 801 nos
1466 747 1710 800 venimus
1738 747 1821 798 in-

251 846 368 905 viti.
397 840 689 914 Séqnitu‘r:
720 836 905 913 (Vens.
935 834 1007 912 8)
1046 839 1192 893 Tunc
1236 855 1364 907 ergo
1384 837 1613 890 introivit
1656 845 1704 889 et
1732 834 1820 887 ille

251 926 559 1005 discipulus,
597 935 695 1004 qui
722 928 925 987 venerat
951 931 1096 1000 prior
1121 929 1189 980 ad
1230 932 1637 980 monumentum.
1668 916 1822 977 Ρὸειέ

252 1026 416 1098 quam
462 1020 706 1078 introivit
746 1022 981 1083 Petrus,
1035 1020 1308 1086 ingressus
1351 1020 1524 1069 estet
1566 1012 1817 1066 Joannes.

254 1114 526 1171 Posterior
550 1111 788 1175 intravit,
810 1111 905 1181 qui
923 1110 1070 1179 priOr
1084 1112 1321 1162 venerat.
1350 1098 1547 1158 Notum
1574 1110 1657 1157 est
1681 1103 1823 1172 quod

256 1208 308 1262 in
353 1204 459 1259 line
508 1202 711 1265 mundi,
744 1201 811 1254 a’d
842 1198 1217 1268 Redemptoris
1239 1197 1399 1250 ﬁdem
1441 1195 1613 1248 etiam
1638 1192 1822 1247 Judma

254 1292 556 1365 colligetur,
589 1291 753 1345 Paulo
796 1295 1105 1351 attestante,
1142 1286 1234 1355 qui
1274 1286 1348 1338 ait
1383 1303 1394 1336 :
1439 1284 1621 1337 Donec
1661 1283 1826 1353 pleni-

254 1380 384 1443 tudo
435 1384 662 1454 genitum
721 1383 959 1443 intraret,
1009 1384 1058 1432 et
1101 1377 1177 1431 sic
1224 1371 1393 1429 omnis”
1444 1371 1616 1427 Israel
1652 1372 1829 1427 suibus

254 1478 403 1549 ﬁeret
434 1474 609 1546 (Rom.
638 1466 714 1537 xi,
745 1472 834 1537 τὶ,
866 1470 977 1542 26).

328 1564 399 1619 Et
428 1564 551 1620 uidit
577 1570 624 1617 e't
655 1563 891 1616 credidit.
917 1561 1056 1627 Quid
1079 1564 1209 1630 ergo
1230 1558 1381 1623 Vidit,
1407 1565 1470 1612 et
1501 1558 1637 1627 quid
1654 1558 1829 1612 credi-

258 1659 371 1715 dit?
399 1657 545 1713 Vidit
571 1654 882 1712 linteamina
909 1655 1106 1723 posita,
1130 1660 1186 1707 et
1211 1646 1439 1706 credidit
1466 1652 1607 1721 quod
1635 1650 1830 1705 mulier

258 1750 489 1812 dixerat,
523 1748 589 1801 de
614 1752 961 1800 monumento
987 1743 1274 1798 Dominum
1298 1741 1465 1796 fuisse
1489 1741 1778 1796 sublatum.
1803 1759 1822 1791 ι

1918 572 2039 615 cum
2061 559 2296 614 dicitur:
2325 557 2394 610 Et
2435 553 2650 610 Verbum
2672 564 2795 610 caro
2822 555 3019 623 factum
3045 565 3143 619 est,
3162 565 3208 609 et
3241 554 3503 608 habitauit

1916 655 1978 707 in
2005 652 2170 706 nobis.
2200 650 2492 706 Possumus
2513 656 2694 703 autem
2726 647 2876 719 [Ms.,
2905 647 3095 719 etiam]
3121 662 3217 717 per
3243 647 3375 703 duos
3397 662 3494 701 au-

1918 743 2065 813 gelos
2109 743 2214 797 duo
2259 744 2587 796 testamenta
2622 752 2976 811 cognoscere.
3022 753 3186 793 unum
3226 738 3406 806 prius,
3437 746 3503 793 et.

1920 834 2067 886 aliud
2087 834 2336 900 sequens.
2365 831 2467 897 Qui
2495 830 2747 885 videlicet
2779 830 2956 897 angeli
2985 842 3081 898 per
3104 829 3280 883 locum
3311 818 3496 883 Domi-

1920 921 2027 975 nici
2055 920 2299 988 corporis
2325 919 2675 987 sibimetipsis
2712 925 2837 972 sunt
2861 917 3153 985 conjuncti,
3182 917 3307 987 quia
3338 919 3495 972 nimi-

1923 1024 2046 1065 rum
2064 1016 2297 1077 utraque
2316 1014 2656 1071 testamenta,
2682 1008 2944 1076 dum'pari
2971 1023 3130 1062 sensu
3152 1008 3492 1061 incarnatum

1923 1110 1979 1157 et
2006 1102 2315 1165 mortuum,
2362 1113 2426 1152 ac
2471 1097 2836 1152 resurrexisse
2881 1097 3163 1151 Dominum
3213 1098 3490 1161 nuntiant,

1922 1196 2076 1266 quasi
2112 1201 2491 1250 testamentum
2537 1191 2687 1260 prius
2715 1190 2780 1244 ad
2808 1198 2990 1257 caput,
3030 1197 3086 1244 et
3114 1196 3497 1243 testamentum

1925 1284 2193 1357 posterius
2240 1284 2309 1337 ad
2332 1283 2496 1352 pedes
2522 1281 2690 1335 wdet.
2734 1280 3041 1348 Requirunt
3065 1279 3287 1333 Mariam
3321 1277 3500 1348 angeli

1925 1376 2203 1431 dicentes:
2236 1372 2418 1445 (Vens.
2448 1370 2545 1442 l5)’
2567 1368 2778 1433 Mulier,
2812 1369 2939 1439 quid
2979 1367 3193 1437 ploras?
3220 1367 3360 1420 Dicit
3387 1366 3497 1420 eis:

1929 1464 2069 1530 Quia
2085 1461 2317 1517 tulerunt
2339 1459 2622 1514 Dmnimtm
2642 1470 2825 1512 meum
2837 1476 2875 1511 at
2890 1466 3240 1519 Monumento,
3259 1464 3304 1509 et
3330 1455 3501 1508 nescio

1927 1556 2014 1609 ubi
2047 1562 2326 1625 posuerunt
2355 1568 2491 1613 eum.
2521 1551 2639 1620 Ipsa
2667 1558 2898 1620 natoque
2942 1564 3095 1605 sacra
3120 1548 3352 1617 eloquia,
3383 1560 3515 1616 quas.

1930 1649 1983 1703 in
2031 1647 2185 1701 nobis
2212 1645 2479 1714 lacrymas
2496 1643 2713 1697 'anldris
2735 1642 2999 1706 excitant,
3039 1649 3260 1711 prapto'r
3286 1639 3504 1695 bon‘ta—

1933 1747 2038 1792 tem
2086 1736 2391 1791 Salvatoris-
2430 1736 2599 1789 nostri
2644 1742 2700 1789 et
2752 1734 3069 1788 memoriam
3115 1734 3306 1787 mortis
3364 1732 3509 1786 illius

261 1850 289 1880 ιι
318 1806 506 1892 Adhuc
534 1836 677 1890 enim
703 1818 938 1889 tenebrae
963 1841 1120 1888 erant
1153 1834 1211 1886 in
1236 1838 1601 1897 monumento,
1631 1831 1685 1885 id
1709 1837 1823 1891 est.
1862 1806 1903 1873 θ
1933 1840 2093 1900 quam
2114 1840 2305 1900 passas
2323 1828 2407 1885 est
2428 1838 2526 1898 pro
2550 1836 2736 1883 nostro
2761 1833 2965 1892 amore,
2991 1828 3208 1881 easdem
3234 1826 3507 1896 lacrymas

260 1928 319 1981 in
348 1926 616 1981 mentibus
652 1924 864 1978 illorum
889 1937 903 1976 :
937 1923 1057 1976 ideo
1085 1922 1327 1992 sequitur
1356 1928 1410 1973 et
1438 1920 1606 1985 dixit:
1641 1920 1825 1992 (Vens.

260 2016 314 2080 9,
354 2015 440 2084 10)
478 2013 726 2067 Nondum
745 2013 882 2067 enim
906 2011 1137 2065 sciebant
1165 2008 1491 2080 Scripturam
1524 2010 1646 2080 quia
1674 2025 1831 2079 opor-

260 2108 362 2163 tuit
408 2120 524 2159 eum
558 2121 589 2156 a
615 2104 837 2157 mortuis
864 2116 1147 2171 resurgere.
1190 2100 1442 2153 Abierant
1482 2112 1602 2169 ergo
1643 2101 1831 2153 iterum

262 2193 506 2265 discipuli
549 2193 617 2246 ad
647 2192 980 2261 semetipsos;
1010 2191 1064 2245 id
1107 2197 1219 2256 est,
1259 2190 1352 2244 ubi
1401 2190 1749 2253 habitabant,
1780 2201 1834 2242 et

261 2284 404 2338 unde
429 2283 497 2336 ad
523 2288 928 2336 monumentum
954 2287 1327 2335 cucurrerant.
1361 2278 1545 2349 (Vens.
1574 2275 1685 2349 il.)
1714 2277 1832 2330 Ma-

263 2377 345 2428 ria
379 2383 552 2429 autem
577 2372 745 2427 stabat
771 2372 839 2425 ad
867 2364 1259 2424 Monumentum
1287 2369 1417 2438 foris
1450 2368 1681 2437 plorans.
1708 2370 1833 2423 Haec

265 2466 430 2527 Maria
463 2485 485 2516 ι
510 2467 538 2505 δ
559 2471 844 2533 postquam
892 2463 1041 2516 venit
1083 2462 1151 2515 ad
1183 2466 1587 2513 monumentum
1607 2497 1622 2521 ,
1654 2460 1835 2527 ibique

262 2570 461 2626 corpus
503 2553 840 2608 Dominicnm
870 2562 977 2603 non
1006 2550 1237 2611 invenit,
1274 2546 1543 2601 sublatum
1572 2546 1831 2609 credidit,

265 2660 430 2718 atque
468 2644 748 2713 discipulis
791 2641 1094 2695 nuntiavit:
1123 2639 1214 2707 qui
1247 2637 1523 2691 venientes
1559 2636 1830 2699 viderunt,

266 2746 429 2807 atque
466 2735 542 2788 ita
566 2738 706 2796 esSe,
733 2738 794 2784 ut
818 2728 1011 2783 mulier
1037 2729 1267 2791 dixerat,
1298 2725 1663 2789 crediderunt,
1686 2731 1740 2776 et
1768 2724 1835 2777 de

264 2827 353 2890 his
380 2825 627 2895 protinus
646 2821 902 2890 scriptum
931 2826 1050 2873 est:
1078 2815 1327 2869 Abierant
1352 2830 1473 2884 ergo
1494 2812 1739 2882 discipuli
1765 2812 1833 2865 ad

265 2915 579 2982 semetipsos.
601 2910 679 2966 Ac
703 2909 894 2964 deinde
922 2907 1265 2977 subiungitur
1285 2923 1299 2959 :
1323 2896 1497 2958 Maria
1526 2914 1698 2957 autem
1728 2912 1835 2957 sta—

268 3006 355 3059 bat
393 3001 460 3055 ad
492 3004 880 3054 Monumentum
928 2997 1056 3066 foris
1085 2996 1318 3068 plorans.
1346 2994 1461 3060 Qua
1497 2995 1553 3047 in
1594 3009 1655 3049 re
1696 3009 1833 3064 pen-

229 3116 235 3121 ~
268 3092 493 3153 sandu'm
528 3089 790 3158 estghuju's
818 3088 1059 3143 mulieris
1088 3093 1321 3141 mentem
1346 3093 1547 3155 quanta
1571 3086 1655 3140 vis
1683 3098 1832 3139 amo-

269 3184 347 3238 ris
394 3143 745 3243 accenderal,
784 3184 904 3246 Quae
946 3191 977 3231 a
1023 3143 1381 3231 monumento.
1412 3176 1643 3240 Domini,
1669 3176 1830 3230 etiam
1859 3143 1907 3206 ο

269 3268 543 3338 diScipulis
586 3267 961 3322 recedentibus
1008 3281 1115 3320 non
1157 3266 1460 3321 recedebat.
1505 3260 1835 3335 Exquirebat

270 3372 430 3428 quem
459 3372 565 3411 non
610 3356 917 3421 invenerat,
958 3355 1122 3411 debat
1155 3357 1489 3426 inquirendo,
1539 3365 1594 3412 et
1634 3356 1835 3411 amoris

269 3448 353 3504 sui
382 3448 501 3518 igne
527 3452 783 3501 Succensa
811 3447 948 3516 ejus,
979 3462 1138 3516 quem
1180 3447 1415 3501 ablatum
1453 3448 1707 3511 credidit,
1748 3461 1835 3500 ar-

269 3540 431 3593 debat
461 3538 725 3593 dcsiderio
750 3555 762 3590 :
786 3556 805 3589 ι
835 3544 891 3592 et
914 3538 1055 3593 oculi
1083 3539 1174 3608 qui
1202 3537 1484 3593 Dominum
1507 3540 1836 3609 quaesieram

269 3637 328 3685 et
371 3636 477 3683 non
519 3630 854 3693 invenerant,
886 3629 1140 3701 lacrymis
1165 3630 1279 3700 jam
1319 3633 1689 3701 exundabant;
1719 3651 1837 3690 am-

268 3720 412 3797 plius
454 3718 694 3774 dolentes
722 3721 864 3791 quod
909 3721 1088 3775 fuerat
1115 3721 1324 3778 ablatus
1370 3724 1436 3778 de
1464 3733 1832 3791 monumento,

269 3824 433 3881 quam
479 3811 618 3878 quod
668 3806 846 3865 fuerat
887 3813 1098 3867 occisus
1127 3813 1180 3866 in
1220 3813 1399 3883 ligno:
1429 3816 1681 3883 quoniam
1715 3829 1832 3868 ma-

194 3906 195 3909 “
270 3900 422 3970 gistri
454 3900 609 3963 tanti,
637 3900 791 3969 cujus
814 3902 863 3953 ei
893 3902 1004 3954 vita
1047 3903 1323 3954 subtracta
1363 3900 1559 3965 fuerat,
1593 3916 1695 3954 nec
1723 3915 1838 3955 me-

269 3991 441 4049 moria
464 3989 796 4042 remanebat.
832 4007 851 4038 ‹
884 3986 1034 4041 Unde
1067 3988 1291 4056 contigit
1312 3995 1374 4040 ut
1408 4001 1531 4041 eum
1568 3988 1680 4041 sola
1707 3996 1837 4044 tunc

269 4080 498 4146 rideret,
537 4090 657 4142 qua:
684 4075 942 4129 remansit
979 4081 1039 4128 ut
1084 4083 1384 4143 quaereret:
1414 4077 1540 4146 quia
1581 4078 1834 4133 nimirum

268 4169 443 4221 Virtus
467 4164 593 4218 boni
637 4165 817 4233 operis
840 4166 1242 4233 perseverantia
1267 4172 1351 4221 est
1377 4184 1391 4219 :
1422 4175 1482 4222 ut
1505 4172 1637 4224 voce
1680 4169 1837 4225 Veri-

269 4257 397 4315 tatis
415 4255 613 4309 dicitur
630 4274 643 4307 :
672 4248 774 4320 Qui
795 4264 967 4310 autem
985 4264 1378 4326 perseveraverit
1398 4275 1559 4330 usque
1582 4262 1637 4314 in
1653 4262 1833 4329 linem,

270 4351 351 4412 liis
392 4356 566 4403 salvus
592 4350 688 4403 erit
717 4349 928 4419 (Matth.
975 4364 1042 4417 ι,
1075 4350 1195 4423 22).
1238 4351 1343 4407 Ista
1378 4354 1559 4424 itaque
1599 4371 1719 4425 qua:
1758 4356 1837 4411 sic

271 4439 510 4537 amabat,
540 4453 657 4537 qum
682 4451 741 4493 se
765 4437 832 4492 ad
857 4447 1262 4495 monumentum
1298 4440 1441 4512 quad
1466 4452 1832 4512 perspexerat,
1866 4480 1911 4537 ο

272 4529 466 4584 iterum
486 4528 728 4592 inclinat,
752 4529 1026 4584 videamus
1047 4546 1154 4599 quo
1176 4531 1351 4585 fructu
1372 4532 1453 4586 vis
1475 4532 1673 4588 amoris
1696 4535 1750 4587 in
1771 4549 1834 4589 ea

273 4617 562 4688 ingeminat
584 4622 718 4686 opus
750 4617 1130 4687 inquisitionis.
1162 4619 1452 4690 Sequitur:

337 4708 503 4778 636
527 4708 685 4763 Vens.
711 4708 798 4762 12.
816 4738 886 4747 -
915 4708 1052 4763 Vidit
1080 4710 1213 4765 duos
1240 4714 1450 4783 angelos
1493 4715 1548 4767 in
1585 4712 1718 4769 albis
1758 4733 1836 4770 se-

273 4796 467 4860 dentes,
491 4811 650 4849 unum
667 4796 734 4849 ad
757 4805 933 4866 caput,
950 4807 997 4850 et
1018 4814 1180 4852 unum
1206 4800 1274 4853 ad
1297 4801 1472 4870 pedes,
1494 4802 1584 4856 ubi
1611 4803 1836 4873 positum

273 4884 445 4952 fuerat
484 4898 668 4956 corpus
695 4884 843 4940 Iesu.
866 4886 1006 4952 Quid
1040 4895 1123 4943 est
1165 4890 1308 4958 quod
1342 4890 1395 4944 in
1427 4890 1544 4945 loco
1572 4891 1834 4947 Dominici

273 4973 513 5041 corporis
535 4972 641 5029 duo
681 4976 858 5047 angeli
897 4975 1164 5041 videntur,
1203 4993 1345 5032 unus
1370 4980 1437 5033 ad
1465 4988 1643 5050 caput,
1679 4984 1837 5052 atque

270 5064 409 5118 alius
429 5063 497 5117 ad
521 5066 683 5134 pedes
706 5068 918 5132 sedens,
947 5068 1051 5123 nisi
1079 5069 1221 5140 quod
1250 5056 1436 5125 Latina
1469 5071 1648 5144 lingua
1677 5089 1836 5145 ange-

272 5151 358 5211 lus
382 5154 602 5210 nuntius
629 5156 845 5224 dicitur,
869 5162 924 5212 et
956 5159 1044 5215 ille
1070 5174 1135 5214 ex
1161 5162 1408 5230 passione
1447 5177 1542 5217 sua
1583 5165 1837 5218 nuntian-

274 5242 374 5297 dus
414 5244 564 5310 erat,
604 5248 694 5316 qui
733 5255 789 5301 et
820 5248 962 5304 Deus
999 5258 1082 5307 est
1108 5261 1234 5307 ante
1259 5254 1476 5322 amula,
1504 5264 1561 5311 et
1586 5258 1753 5313 homo
1779 5257 1835 5312 in

273 5331 379 5387 ﬁne
408 5335 759 5391 surculorum?
790 5337 955 5404 Quasi
982 5344 1049 5395 ad
1072 5351 1235 5412 caput
1258 5346 1410 5400 sedet
1441 5346 1683 5417 angelus,
1711 5362 1834 5403 cum

271 5436 371 5493 per
392 5424 707 5495 Apostolum
732 5426 945 5485 dicatur
967 5442 1016 5496 υ,
1045 5438 1170 5501 quia
1196 5437 1252 5490 in
1274 5434 1530 5512 principio
1558 5448 1671 5496 erat
1715 5439 1838 5496 γετί.

271 5513 412 5581 tum,
447 5526 495 5570 et
534 5516 756 5572 Verbum
778 5530 890 5575 erat
925 5516 1065 5593 apud
1104 5524 1291 5589 Deum,
1325 5538 1371 5583 et
1398 5531 1538 5587 Deus
1568 5543 1678 5588 erat
1711 5531 1837 5588 Ver-

343 5638 365 5705 ξι
397 5624 686 5705 ﬂuensque
712 5646 777 5686 ex
798 5628 866 5705 _S.
893 5632 1172 5705 Gregorio.

341 5694 367 5733 ιν
395 5695 471 5749 [ix
500 5694 864 5775 S.,Grrgorio,
897 5694 1039 5760 honi'.
1065 5704 1155 5770 ‘25,
1185 5722 1329 5760 num.
1363 5709 1469 5765 l-7.

1934 1922 2315 1986 consolantur,
2359 1920 2483 1974 dum
2532 1919 2689 1974 nobis
2744 1917 3122 1987 Redemtrtoris
3165 1916 3333 1972 nostri
3380 1928 3503 1983 spe-

1934 2013 2070 2070 ciem
2130 2014 2517 2084 promittnnt.s
2568 2008 2757 2081 Angeli
2809 2012 3319 2079 interrogaverunt,
3366 2006 3505 2072 Quid

1932 2106 2151 2177 ploras?
2166 2106 2331 2172 Quasi
2354 2104 2618 2159 dixissent
2641 2121 2653 2155 :
2679 2098 2795 2157 Non
2815 2110 2902 2157 est
2929 2114 3066 2171 Opus
3089 2109 3363 2155 mortuum
3395 2100 3521 2169 pio—-

1936 2208 2081 2259 rare,
2107 2208 2271 2263 quem
2294 2194 2563 2247 viventem
2593 2192 2817 2246 credere
2832 2192 3015 2246 debes.
3044 2190 3111 2243 nt
3136 2191 3227 2244 illa
3256 2191 3333 2245 ait
3361 2209 3373 2242 :
3410 2190 3510 2243 Tu-

1932 2284 2105 2338 lerunt
2123 2285 2406 2339 Dominum
2444 2292 2634 2348 meum,
2656 2291 2709 2336 et
2741 2283 2911 2337 nescio
2939 2282 3029 2335 ubi
3054 2291 3337 2352 posuerunt
3367 2296 3516 2335 eum.

1934 2374 2220 2429 Dominum
2252 2385 2406 2429 suum
2433 2384 2634 2429 vocaris
2658 2373 2873 2428 Domini
2894 2373 2975 2428 sui
3017 2387 3213 2443 corpus
3236 2374 3515 2438 exanime,

1935 2478 1967 2516 a
1993 2470 2145 2531 parte
2185 2470 2357 2515 totum
2399 2461 2740 2528 signiﬁcans;
2779 2462 2919 2514 sicut
2955 2476 3144 2515 omnes
3189 2460 3513 2517 conﬁtemur

1933 2549 2116 2605 losum
2153 2548 2427 2602 Christum
2469 2547 2662 2600 Filium
2693 2543 2787 2600 Dei
2815 2549 3034 2602 unicum
3079 2549 3363 2603 Dominum
3408 2563 3506 2608 no-

1936 2650 2130 2705 strum,
2153 2640 2297 2708 quod
2330 2639 2517 2709 utique
2542 2636 2702 2691 simul
2734 2644 2818 2691 est
2855 2646 2910 2691 et
2939 2639 3194 2703 Verbum,
3225 2647 3281 2693 et
3305 2641 3513 2705 animo,

1934 2742 1991 2787 et
2017 2744 2182 2787 caro:
2214 2730 2529 2786 cruciﬁxum
2573 2732 2751 2783 tainon
2792 2736 2846 2784 et
2893 2730 3181 2798 sepultura,
3226 2744 3348 2784 cum
3396 2730 3513 2785 sola

1935 2821 2050 2890 eius
2074 2819 2282 2891 sepulta
2307 2819 2377 2874 sit
2405 2831 2551 2873 caro.
2578 2816 2648 2871 Et
2679 2830 2872 2884 nescio,
2892 2818 3085 2888 inquit,
3110 2818 3200 2872 ubi
3227 2827 3513 2888 posuerunt

1935 2926 2072 2966 eum.
2100 2910 2229 2966 Hinc
2265 2917 2389 2965 erat
2409 2923 2572 2965 causa
2617 2906 2791 2976 major
2817 2908 3039 2975 doloris,
3065 2910 3206 2979 quod
3237 2909 3513 2965 nesciebat

1936 3016 2045 3073 quo
2080 3002 2185 3056 iret
2221 3001 2290 3055 ad
2326 2998 2707 3054 consolandum
2753 2997 3024 3063 dolorem;
3070 2998 3164 3053 sed
3190 3010 3363 3068 prope
3390 3005 3512 3053 erat

1936 3095 2070 3149 hora
2100 3098 2204 3163 qua
2237 3091 2455 3155 tristitia
2479 3090 2597 3159 ejus
2634 3096 2933 3145 verteretur
2960 3090 3016 3143 in
3055 3084 3328 3160 gaudium.
3358 3089 3511 3147 Unde

1935 3185 2179 3254 sequitur
2212 3201 2225 3237 :
2259 3183 2442 3254 (Vens.
2476 3180 2563 3252 14)
2599 3180 2727 3236 Htec
2749 3194 2867 3236 cum
2889 3182 3128 3245 dixisset,
3151 3188 3353 3233 reversa
3373 3176 3515 3249 (AL,

1934 3274 2201 3345 conversa]
2227 3280 2301 3328 est
2331 3283 2632 3338 retrorsum,
2659 3282 2706 3326 et
2731 3273 2857 3327 sidit
2876 3271 3059 3327 Iesum
3086 3279 3322 3329 stantem.
3348 3280 3395 3324 et
3425 3287 3517 3324 ne.

1933 3366 2125 3420 sciebat
2150 3365 2272 3435 quia
2289 3363 2447 3417 Iesus
2468 3362 2618 3417 esset.
2650 3374 2670 3415 t
2698 3363 2999 3418 Notandum
3026 3362 3167 3431 quod
3196 3361 3362 3415 Maria
3392 3376 3517 3430 qum

1934 3458 2111 3512 adhuc
2133 3455 2201 3509 de
2225 3454 2433 3510 Domini
2463 3455 2855 3509 resurrectione
2887 3453 3186 3517 dubitabat,
3213 3459 3517 3505 retrorsum

1934 3560 2195 3602 conversa
2243 3554 2325 3600 est
2355 3552 2415 3599 ut
2458 3544 2668 3600 videret
2705 3542 2926 3597 Jesum:
2966 3544 3091 3610 quia
3122 3541 3371 3595 videlicet
3414 3554 3523 3609 per

1935 3639 2181 3693 eamdem
2210 3635 2594 3690 dubitationem
2624 3644 2794 3692 suam,
2820 3632 2975 3697 quasi
3003 3639 3151 3700 terga
3180 3627 3378 3700 [Greg.,
3406 3639 3517 3685 ter.

1934 3727 2083 3798 gum]
2121 3727 2176 3780 in
2207 3724 2419 3778 Domini
2445 3721 2639 3776 faciem
2682 3719 2921 3784 miserat,
2955 3732 3114 3788 quem
3152 3721 3517 3776 resurrexisso

1937 3816 2155 3869 minime
2184 3813 2456 3866 credebat.
2483 3810 2589 3865 Sed
2614 3810 2740 3880 quia
2778 3811 2995 3865 durabat
3020 3819 3078 3866 et
3101 3808 3404 3877 dubitabat,
3430 3814 3516 3867 vi-

1936 3904 2115 3966 debat,
2142 3910 2197 3954 et
2222 3916 2328 3955 non
2365 3899 2745 3970 cognoscebat,
2770 3912 3001 3968 eumque
3040 3900 3115 3953 illi
3155 3910 3209 3955 et
3237 3915 3391 3957 amor
3417 3915 3509 3957 os-

1937 3991 2181 4045 tenderat
2207 3998 2263 4043 et
2289 3984 2535 4044 dubietas
2560 3989 2942 4043 abscondebat.
2970 3987 3135 4056 Cujus
3162 3990 3337 4045 adhuc
3362 3992 3519 4059 ignm

1937 4081 2111 4135 rantis
2136 4080 2472 4149 exprimitur,
2505 4093 2628 4133 cum
2657 4078 2924 4133 infertur:
2963 4079 3147 4150 (Vens.
3199 4079 3287 4151 l5)
3317 4077 3387 4136 Et
3416 4096 3511 4134 ns-

1934 4171 2124 4225 sciebat
2161 4172 2286 4239 quia
2330 4168 2485 4225 Jesus
2518 4176 2667 4224 esset.
2711 4169 2814 4236 Qui
2846 4170 2973 4225 dicit
2997 4171 3046 4224 ei
3076 4185 3096 4222 :
3124 4169 3338 4235 Mulier,
3385 4171 3517 4241 quid

1933 4260 2156 4332 ploras?
2180 4260 2344 4326 Quem
2369 4262 2598 4333 quwris?
2614 4260 2984 4332 lnterrogatur
3005 4261 3208 4317 doloris
3237 4274 3422 4326 causa,
3452 4270 3525 4315 ut-

1936 4360 2195 4421 augeatur
2215 4351 2563 4417 desiderium,
2587 4358 2991 4421 quatenuscum
3018 4352 3324 4406 nominaret
3349 4364 3510 4421 quem

1935 4446 2234 4507 quaereret,
2263 4441 2319 4495 in
2358 4454 2541 4496 amore
2576 4439 2692 4509 eius
2744 4436 3025 4494 ardentius
3079 4450 3351 4496 aestuaret.
3400 4432 3512 4495 Illa

1934 4532 2236 4584 existimans
2261 4531 2386 4600 quia
2407 4528 2716 4582 hortulanus
2754 4534 2902 4593 ossa,
2933 4529 3059 4582 dicit
3084 4531 3130 4582 ei
3153 4546 3172 4583 :
3194 4530 3431 4595 Domine,
3463 4533 3514 4586 si

1934 4628 1991 4673 tu
2018 4619 2276 4674 sustulisti
2301 4628 2442 4684 eum,
2467 4619 2626 4673 dicito
2649 4616 2777 4674 mihi
2815 4620 2905 4673 ubi
2934 4622 3153 4691 posuisti
3175 4632 3314 4689 eum,
3339 4633 3389 4678 et
3416 4636 3523 4694 ego

1936 4735 2054 4772 eum
2072 4715 2274 4771 tollam.
2288 4716 2539 4772 Forsitan
2560 4730 2661 4773 nec
2685 4720 2916 4777 errando
2937 4721 3053 4778 haec
3074 4723 3268 4779 mulier
3284 4726 3507 4791 erravit,

1937 4821 2056 4877 qua:
2088 4806 2273 4864 Jesum
2300 4807 2646 4864 hortulanum
2677 4811 2922 4867 credidit.
2949 4812 3031 4868 Ah
3076 4826 3182 4870 non
3211 4814 3261 4870 ei
3292 4816 3509 4886 spirita-

1938 4896 2061 4953 liter
2086 4897 2411 4954 hortulanus
2422 4906 2560 4967 erat,
2589 4900 2682 4970 qui
2709 4901 2765 4955 in
2792 4902 2907 4973 ejus
2933 4905 3152 4972 pectore
3182 4916 3279 4974 per
3306 4909 3513 4962 amoris

1938 4991 2020 5045 sui
2054 4992 2264 5046 semina
2290 4992 2549 5047 virtutum
2586 4992 2819 5048 virentia
2859 4993 3132 5065 piantabat
3173 4996 3322 5053 sata?
3353 5016 3372 5050 ι
3401 4996 3508 5054 Sed

1937 5084 2065 5152 quid
2108 5091 2211 5147 est,
2238 5084 2381 5154 quod
2420 5086 2540 5140 viso
2565 5100 2651 5152 eo,
2684 5096 2844 5158 quem
2870 5088 3210 5146 hortulum
3254 5090 3505 5161 credidit,

1937 5171 2023 5225 cui
2055 5172 2285 5227 necdum
2314 5173 2524 5229 dinem
2541 5183 2699 5243 quem
2725 5181 3022 5247 quaerebat,
3051 5182 3127 5237 ait
3147 5183 3197 5237 ei
3221 5196 3235 5237 :
3263 5178 3513 5250 Domine,

1936 5262 1982 5314 si
1997 5269 2053 5313 tu
2077 5261 2336 5317 sustulisti
2353 5270 2489 5330 eum,
2506 5266 2667 5320 dicito
2680 5269 2825 5332 mihi,
2855 5278 2961 5325 etc.
2986 5289 3005 5324 ο
3027 5270 3193 5328 Nemo
3216 5272 3511 5330 calumnie-

1945 5358 2034 5405 tur
2068 5352 2373 5420 mulierem,
2399 5358 2544 5425 quod
2578 5360 2921 5416 hortulanum
2960 5364 3158 5419 dixerit
3198 5361 3514 5436 Dominum,

1941 5451 1997 5498 et
2019 5442 2200 5500 Jesum
2229 5447 2564 5517 magistrum.
2595 5450 2671 5505 ibi
2700 5453 2845 5507 cnim
2873 5452 3113 5525 rogabat,
3146 5458 3233 5514 hlc
3256 5462 3511 5518 noscebat

1945 5532 2076 5606 [At.,
2100 5536 2477 5609 agmiscebat];
2508 5540 2580 5593 ibi
2608 5539 2907 5598 honorabat
2934 5541 3207 5603 hominem
3231 5563 3261 5604 a
3286 5564 3393 5620 quo
3416 5553 3510 5609 be-

1944 5645 2267 5771 cafugzegn
2304 5668 2321 5700 ι
2353 5648 2483 5705 Cum
2530 5660 2627 5721 per
2666 5657 2963 5723 apostolum
3005 5660 3262 5720 Joannem
3312 5671 3509 5739 pl‘ﬂldl-
