4000 6190
503 351 602 407 931

1349 339 1404 393 Β.
1449 340 1508 394 F.
1549 337 1772 393 ALBlNl
1812 336 1940 392 εει]
1982 334 2256 407 ALCUlNl
2289 334 2572 391 OPERUM
2609 331 2786 391 PARS
2821 333 2866 390 ll

3647 344 3756 403 Μ

504 457 753 513 nellcium
797 450 1122 523 postulabat,
1164 447 1253 503 hic
1284 447 1554 502 recolebat
1585 447 1858 502 doctorem
1895 461 1924 499 a
1965 460 2072 514 quo
2097 450 2148 509 Α
2171 446 2492 499 annuntians
2539 446 2848 517 discipulis:
2881 448 3018 512 Quia
3059 447 3166 504 vidi
3201 451 3502 508 Dominum.
3538 453 3604 508 Et
3636 458 3748 513 hac
3815 509 3826 519 _

503 550 807 603 discernere
851 542 1082 596 humana
1123 550 1181 593 et
1223 539 1398 593 divina
1445 538 1707 593 discebat.
1753 536 2070 607 Appellabat

501 636 784 690 Dominum
827 630 978 699 cujus
1017 629 1208 683 ancilla
1253 644 1358 684 non
1393 638 1531 694 erat,
1562 637 1623 683 ut
1666 629 1973 697 perveniret
2002 629 2069 682 ad

497 726 781 780 Dominum
819 721 969 792 cujus
1015 731 1152 778 erat.
1182 721 1355 776 Aliter
1397 736 1526 792 ergo
1574 721 1856 775 Dominum
1889 721 2064 774 dixit:

497 813 834 870 Sustulerunt
862 813 1142 867 Dominum
1171 826 1373 866 meum:
1396 811 1554 866 aliter
1577 821 1752 866 autem
1779 827 1794 866 :
1823 811 2069 876 Domine,

492 904 539 955 si
565 912 620 955 tu
661 900 920 956 sustulisti
949 900 1120 967 illum,
1147 900 1220 955 ibi
1247 914 1313 954 ex
1341 899 1586 963 veritate,
1618 900 1708 954 hic
1732 915 1799 952 ex
1843 901 2066 954 honore.

493 993 780 1059 Quaerebat
822 993 1024 1061 itaque,
1065 999 1119 1045 et
1157 1006 1266 1044 non
1311 990 1544 1054 dicebat,
1575 1005 1694 1058 quae
1733 1005 1851 1042 eum
1893 988 2026 1042 dixit
2044 999 2064 1041 ':

491 1083 734 1146 Domine,
765 1083 811 1136 si
833 1091 888 1135 tu
917 1080 1173 1136 sustulisti
1203 1097 1340 1134 eum.
1373 1098 1392 1130 α
1414 1079 1536 1134 Hoc
1555 1079 1717 1134 habet
1743 1079 1823 1134 vis
1846 1080 2066 1145 amoris,

494 1175 597 1228 hoc
624 1188 784 1243 agere
819 1173 958 1228 solet
981 1173 1036 1226 in
1063 1172 1264 1236 animo,
1290 1179 1350 1225 ut
1383 1186 1544 1240 quem
1572 1171 1685 1239 ipse
1717 1184 1930 1240 semper
1972 1186 2068 1225 co-

493 1264 655 1334 gitat,
686 1263 890 1317 nullum
935 1263 1099 1318 alium
1129 1263 1314 1317 credat
1348 1276 1615 1332 Ignorare.
1659 1261 1826 1316 Recte
1854 1269 1910 1316 et
1954 1262 2069 1316 haec

495 1355 702 1418 mulier,
734 1370 892 1424 quem
920 1355 1113 1424 quaerit
1140 1369 1246 1409 non
1275 1354 1424 1421 dicit,
1450 1361 1508 1409 et
1544 1363 1726 1409 tamen
1752 1354 1902 1418 dicit,
1933 1355 1979 1407 si
2011 1363 2067 1406 tu

491 1446 746 1501 sustulisti
764 1464 900 1511 eum,
919 1447 1042 1516 quia
1066 1446 1220 1501 alteri
1236 1460 1342 1500 non
1364 1453 1516 1516 putat
1538 1445 1884 1516 incognitum,
1907 1460 2066 1514 quem

491 1537 571 1592 sic
594 1537 707 1606 ipsa
734 1537 987 1591 continuo
1014 1538 1216 1609 plangit
1241 1537 1534 1592 desiderio.

567 1625 722 1679 Vens.
749 1625 832 1678 ll}.
851 1656 918 1664 —
943 1625 1080 1679 Dicit
1107 1626 1154 1679 ei
1177 1623 1334 1680 Iesus
1357 1640 1374 1678 :
1403 1625 1596 1680 Maria.
1628 1625 1917 1694 Postquam
1943 1639 2064 1679 eam

488 1714 760 1769 communi
783 1715 1040 1769 vocabulo
1066 1715 1351 1784 appellavit
1369 1730 1436 1768 ex
1463 1730 1614 1782 sexu,
1638 1723 1694 1770 et
1721 1715 1934 1784 agnitus
1958 1729 2064 1767 non

487 1812 590 1868 est,
624 1813 780 1859 vocat
809 1821 872 1859 ex
923 1782 1154 1861 nomine.
1182 1807 1261 1861 Ac
1297 1808 1340 1862 si
1384 1816 1566 1877 aperte
1592 1808 1642 1862 ei
1675 1782 1855 1862 dicat:
1890 1809 2063 1862 Reco-
2101 1782 2153 1842 Β

488 1910 686 1963 guosce
726 1911 846 1949 eum
893 1912 923 1949 a
951 1912 1056 1965 quo
1105 1897 1525 1968 recognosceris.
1571 1897 1818 1952 Perfecto
1853 1910 2072 1965 quoque-

488 1983 604 2038 viro
621 1985 814 2039 dicitur
830 2005 842 2040 τ
861 1985 916 2039 Ν
919 1987 998 2040 ovi
1012 1996 1060 2039 te
1074 2003 1138 2040 ex
1150 1985 1563 2058 nomine(E;r.od.
1578 2003 1770 2050 xxxx",
1790 1985 2064 2060 {2);637

492 2073 618 2141 quia
666 2074 846 2139 homo,
878 2089 1162 2130 commune
1187 2076 1427 2130 omnium
1466 2085 1710 2131 nostrum
1745 2083 2064 2137 vocabulum

492 2170 594 2226 est,
626 2163 834 2233 Moyses
861 2179 990 2218 vero
1019 2166 1320 2234 proprium,
1349 2165 1436 2220 cui
1466 2174 1611 2220 recte
1641 2168 1834 2223 dicitur
1853 2173 1977 2240 quia
1999 2187 2065 2227 ex

494 2255 708 2308 nomine
738 2255 944 2310 scitur:
976 2269 1041 2309 ac
1067 2256 1111 2309 si
1143 2264 1328 2324 aperte
1367 2256 1627 2312 Dominus
1661 2259 1824 2326 dicat,
1867 2277 1972 2316 non
2016 2270 2066 2316 te

489 2345 812 2414 generaliter
839 2353 897 2399 ut
943 2356 1188 2410 caeteros,
1221 2346 1314 2400 sed
1363 2347 1672 2416 specialiter
1716 2350 1850 2404 scio.
1896 2351 2063 2407 Maria

493 2449 641 2503 ergo,
663 2450 782 2502 qua:
801 2443 1024 2489 vocatur
1047 2450 1112 2488 ex
1141 2436 1375 2500 nomine,
1401 2440 1743 2507 recognoscit
1762 2449 2061 2508 auctorem,

490 2533 654 2593 θυμω
674 2537 796 2577 eum
819 2523 1063 2592 protinus
1088 2521 1342 2587 Rabboni,
1370 2524 1421 2577 id
1444 2533 1527 2578 est
1546 2527 1864 2596 magistrum
1884 2539 2060 2599 vocat,

489 2616 616 2683 quia
655 2623 709 2669 et
744 2614 856 2684 ipse
889 2623 1008 2667 erat
1044 2614 1134 2682 qui
1164 2613 1507 2684 quaerebatur
1539 2617 1810 2684 exterius,
1850 2627 1905 2672 et
1948 2620 2063 2688 ipse

488 2721 611 2760 eam
661 2705 887 2759 interius
927 2712 986 2758 ut
1033 2711 1331 2772 qumreret,
1376 2704 1620 2760 docebat.
1667 2705 1788 2762 ιω
1829 2723 1954 2764 vero
1996 2712 2062 2766 ab

487 2795 817 2865 evangelista
848 2809 956 2849 non
987 2793 1236 2850 subditur
1266 2794 1395 2863 quid
1425 2795 1616 2850 mulier
1639 2795 1846 2863 fecerit,
1874 2801 1968 2855 sed
1995 2815 2058 2855 ex

487 2900 554 2940 eo
585 2885 827 2940 innuitur
852 2887 996 2956 quod
1039 2886 1264 2950 audivit,
1298 2886 1382 2940 eui
1421 2887 1652 2942 dicitur:
1685 2889 1813 2943 Noli
1839 2906 1919 2944 me
1946 2900 2063 2946 tan-

488 2992 630 3045 gere,
658 2975 888 3029 nondum
930 2977 1068 3030 enim
1095 2976 1304 3030 ascendi
1327 2977 1394 3030 ad
1423 2974 1634 3033 Patrem
1671 2995 1858 3034 meum.
1887 2980 1944 3035 In
1979 2982 2063 3036 his

490 3077 720 3133 namque
754 3063 936 3120 verbis
959 3065 1281 3130 ostenditur,
1309 3065 1451 3134 quod
1493 3066 1659 3122 Maria
1688 3068 1937 3137 amplecti
1965 3085 2060 3124 vo-

2170 535 2304 588 dixit
2331 535 2485 588 mihi.
2530 535 2670 591 Ecce
2706 538 2924 591 humani
2955 542 3169 608 generis
3193 542 3348 612 culpa
3382 545 3458 599 ibi
3481 545 3751 602 abscindi-

2172 630 2278 688 tur,
2310 624 2450 678 unde
2494 626 2776 693 processit.
2808 626 2942 692 Quia
2989 629 3134 682 enim
3174 631 3228 684 in
3265 633 3519 702 paradiso
3554 636 3750 692 mulier

2171 712 2288 767 viro
2314 713 2618 783 propinavit
2645 724 2896 781 mortem,
2931 733 2961 770 a
2989 719 3237 788 sepulcro
3271 722 3466 778 mulier
3490 726 3618 782 viris
3650 743 3752 782 an-

2171 802 2439 856 nuntiavit
2459 803 2643 869 vitam,
2667 813 2722 858 et
2750 805 2892 860 dicta
2919 809 3002 862 sui
3026 809 3376 868 viviﬁcatoris
3399 825 3604 881 narrat,
3627 832 3752 886 quae

2171 894 2435 950 mortiferi
2469 895 2731 965 serpentis
2760 899 2924 953 verba
2953 909 3286 957 narraverat.
3313 903 3391 958 Ac
3429 905 3474 959 si
3511 907 3747 966 humano

2171 988 2352 1057 generi
2381 1002 2487 1041 non
2513 989 2692 1043 verbis
2722 989 3000 1056 Dominus,
3023 992 3117 1046 sed
3148 994 3310 1048 rebus
3333 996 3476 1050 dicat
3501 1012 3516 1049 :
3540 997 3615 1053 De
3639 1015 3744 1070 qua

2171 1092 2332 1132 manu
2359 1078 2510 1134 vobis
2539 1079 2718 1134 illatus
2751 1089 2836 1134 est
2870 1089 3030 1150 potus
3074 1085 3280 1149 mortis,
3311 1087 3376 1140 de
3409 1088 3523 1156 ipsa
3569 1093 3744 1146 susci-

2168 1167 2282 1236 pite
2330 1169 2581 1238 poculum
2633 1169 2778 1224 vitae.
2828 1171 2953 1227 Ilaec
3005 1175 3070 1228 de
3113 1174 3450 1242 expositione
3495 1177 3745 1237 lectionis

2167 1257 2489 1328 evangelicae
2512 1260 2782 1316 succincte
2805 1264 3259 1319 transcurrimus:
3284 1281 3428 1320 nunc
3447 1268 3747 1336 opitulante

2167 1351 2357 1406 eodem
2399 1353 2465 1408 de
2504 1369 2609 1423 quo
2637 1353 2908 1424 loquimur
2945 1356 3192 1424 Domino,
3230 1367 3286 1414 et
3331 1364 3752 1421 resurrectionis

2169 1441 2329 1515 [ejus]
2359 1443 2605 1515 gloriam,
2633 1453 2690 1500 et
2714 1446 2931 1515 pietatis
2963 1449 3172 1503 viscera
3199 1451 3623 1508 consideremus.
3654 1453 3743 1508 Ci-

2167 1531 2274 1586 tius
2300 1531 2446 1586 enim
2481 1547 2510 1585 a
2543 1540 2719 1588 morte
2763 1534 2933 1590 voluit
2974 1552 3282 1608 resurgere,
3309 1555 3378 1594 ne
3423 1549 3607 1597 nostra
3650 1543 3740 1598 diu

2166 1623 2343 1678 anima
2370 1623 2422 1678 in
2449 1623 2777 1680 infidelitatis
2801 1636 2974 1684 morte
3000 1640 3324 1686 remaneret.
3345 1651 3367 1685 ι

2751 1757 2979 1817 CAPUT
3015 1761 3170 1815 XLII.

2169 1863 2465 1943 Cu_m_fores
2491 1878 2655 1943 essent
2679 1868 2891 1943 clausae,
2917 1871 3122 1924 veniens
3145 1871 3213 1924 ad
3244 1872 3526 1943 discipulos
3556 1892 3740 1943 pacem

2236 1890 2301 1919 nu
2329 1890 2465 1933 ιυνεσ
2491 1890 2654 1922 essem
2679 1890 2891 1933 ctausw,
2917 1890 3122 1924 vemens
3145 1890 3211 1924 aa
3244 1890 3374 1924 atsct
3411 1890 3526 1928 utos
3556 1892 3739 1943 pacem

2236 1937 2412 2009 infert,
2454 1938 2692 2009 inertibus
2723 1939 2982 2009 lateraque
3010 1951 3314 2009 monstrato.
3347 1890 3545 2006 Juibus
3579 1946 3739 1999 etiam

2235 2021 2328 2073 per
2346 2005 2739 2078 insufﬂationem
2765 2005 3022 2076 signiﬁcat
3050 2008 3303 2078 Spiritum
3327 2005 3582 2064 sanctum.
3607 2012 3738 2068 Item

2234 2084 2348 2142 post
2373 2077 2482 2129 dies
2521 2087 2648 2148 octo_
2673 2076 2896 2130 Thomas
2923 2076 3157 2148 inspectu
3191 2078 3266 2133 vel
3294 2089 3436 2132 tactu
3463 2080 3644 2134 lateris
3681 2101 3738 2135 ac

2237 2161 2486 2220 manuum
2527 2147 2581 2197 in
2614 2145 2767 2212 [idem
2800 2145 3140 2220 conﬁrmatur
3176 2147 3393 2202 audiens
3418 2164 3435 2200 .'
3465 2150 3617 2204 Beati
3648 2153 3738 2220 qui

2237 2229 2343 2267 non
2371 2213 2638 2279 viderunt,
2671 2223 2724 2269 et
2753 2213 3115 2270 crediderunt.

2235 2347 2396 2402 Vens.
2417 2347 2500 2401 19.
2514 2345 2726 2402 -—-Cum
2747 2365 2861 2403 sero
2883 2348 3080 2417 factum
3101 2360 3230 2404 esset
3253 2367 3358 2404 una
3380 2351 3740 2412 sabbatorum,

2162 2445 2209 2488 et
2235 2435 2372 2504 fores
2413 2446 2577 2490 essent
2607 2437 2818 2504 clausae,
2856 2439 2947 2492 ubi
2981 2449 3129 2494 erant
3156 2441 3400 2511 discipuli
3441 2447 3734 2512 congregati

2162 2533 2369 2592 propter
2409 2535 2599 2579 metum
2639 2526 2980 2594 Judtcorum,
3019 2531 3153 2584 venit
3191 2530 3375 2595 Iesus,
3415 2543 3463 2586 et
3503 2535 3636 2587 stetit
3675 2535 3734 2589 in

2163 2612 2332 2666 medio
2353 2629 2550 2667 eorum.
2574 2632 2592 2664 ι
2617 2614 2794 2681 llt-Quid
2817 2617 3014 2671 mirum
3035 2619 3078 2672 si
3101 2618 3300 2674 clausis
3315 2620 3498 2691 januis
3514 2631 3635 2691 post
3655 2637 3736 2677 re

2164 2703 2551 2758 surrectionem
2574 2719 2724 2758 suam
2747 2705 2803 2761 in
2822 2715 3080 2762 mternum
3102 2707 3214 2777 jam
3234 2710 3476 2767 victurus
3494 2713 3726 2778 intravit,

2164 2791 2256 2860 qui
2284 2793 2577 2847 moriturus
2604 2794 2824 2849 veniens
2849 2810 2956 2850 non
2983 2805 3168 2866 aperto
3196 2805 3351 2854 utero
3375 2800 3600 2870 virginis
3622 2804 3715 2856 esi-

2164 2879 2274 2933 vit?
2301 2880 2406 2935 Sed
2430 2881 2553 2950 quia
2595 2882 2660 2935 ad
2702 2881 2828 2937 illud
2862 2899 3077 2953 corpus,
3118 2887 3260 2956 quod
3289 2887 3460 2946 videri
3496 2898 3732 2958 poterat,

2165 2967 2296 3024 ﬁdes
2329 2971 2646 3025 intuentium
2673 2972 2986 3039 dubitabat,
2999 2976 3220 3028 ostendit
3244 2977 3318 3030 eis
3350 2978 3596 3045 protinus
3625 2996 3734 3032 ma-

2165 3076 2262 3114 nus
2308 3077 2370 3114 ac
2413 3059 2552 3114 latus
2579 3077 2598 3115 :
2637 3061 2957 3132 palpandam
3000 3080 3217 3120 carnem
3261 3067 3520 3148 praebuit,
3569 3082 3731 3137 quam

488 3151 586 3206 luit
618 3122 734 3222 eius
758 3153 1004 3222 vestigia,
1035 3169 1194 3224 quem
1231 3122 1558 3224 recognovit.
1589 3156 1694 3211 Sed
1720 3122 2059 3230 ei‘magister
2082 3122 2129 3185 ο
2160 3151 2356 3207 clausis
2377 3151 2558 3220 jauuis
2583 3153 2894 3210 introduxit.
2926 3175 2944 3208 ι
2984 3153 3178 3212 Clavus
3212 3122 3352 3212 edim
3381 3141 3572 3213 manus
3586 3122 3732 3214 ltixe-

489 3242 655 3297 dicit:
689 3243 816 3298 Noli
863 3259 944 3298 me
985 3252 1223 3314 tangere;
1255 3259 1360 3299 non
1390 3247 1513 3315 quia
1542 3255 1666 3315 post
1709 3249 2060 3304 resurrectio-

491 3346 613 3386 nem
648 3332 904 3386 Dominus
952 3340 1152 3386 tactum
1199 3334 1378 3409 renuit
1424 3333 1777 3401 feminarum,
1823 3353 1947 3391 cum
1991 3337 2058 3392 de

489 3423 696 3480 duabus
735 3422 804 3480 ad
853 3421 1155 3492 sepulcrum
1194 3420 1312 3489 ejus
1359 3422 1751 3496 [venientibus]
1796 3428 2053 3495 scriptum

489 3517 562 3570 sit
595 3531 612 3570 :
644 3515 981 3570 Accesserant
1035 3519 1084 3568 et
1136 3519 1408 3568 tenuerunt
1455 3513 1606 3585 pedes
1657 3515 1771 3586 ejus
1831 3516 2054 3589 (Matth.

489 3621 724 3674 xxsvut,
758 3606 832 3680 9).
883 3605 990 3662 Sed
1043 3621 1140 3662 cur
1176 3606 1321 3677 tangi
1364 3622 1470 3662 non
1512 3607 1724 3673 debeat,
1757 3609 1894 3664 ratio
1928 3625 2061 3680 quo-

490 3711 595 3765 que
639 3697 880 3764 additur,
927 3712 1047 3752 cum
1096 3696 1463 3752 subinl'ertur:
1499 3688 1751 3752 Nondum
1793 3701 1929 3754 enim
1974 3719 2059 3755 as-

491 3786 639 3838 cendi
666 3786 733 3839 ad
766 3783 980 3839 Patrem
1005 3803 1194 3840 meum.
1224 3786 1282 3841 In
1309 3787 1474 3843 corde
1497 3788 1694 3843 etenim
1725 3797 1909 3845 nostro
1935 3799 2062 3846 tunc

490 3873 646 3930 Jesus
674 3876 920 3932 ascendit
942 3875 1010 3931 ad
1038 3876 1274 3942 Patrem,
1301 3894 1423 3934 eum
1447 3879 1670 3949 aequalis
1696 3881 1933 3936 creditur
1957 3881 2060 3936 Pa-

494 3963 583 4020 tri.
613 3963 748 4020 Nam
784 3964 1026 4036 quisquis
1061 3981 1184 4022 eum
1212 3968 1470 4036 aequalem
1518 3968 1666 4022 Patri
1708 3984 1815 4024 non
1858 3971 2058 4036 credit,

492 4055 664 4112 adhuc
686 4057 741 4111 in
761 4056 876 4128 ejus
900 4066 1115 4125 pectore
1136 4058 1203 4112 ad
1225 4058 1440 4113 Patrem
1467 4059 1721 4114 Dominus
1744 4076 1849 4115 non
1875 4076 2062 4116 ascen-

488 4146 586 4202 dit.
611 4147 706 4204 llle
727 4164 855 4220 ergo
875 4147 1056 4202 Jesum
1083 4150 1348 4203 veraciter
1373 4151 1562 4221 tangit,
1581 4152 1671 4219 qui
1699 4151 1844 4207 Patri
1867 4153 2059 4207 Filium

490 4247 813 4293 coaeternum
840 4239 1035 4294 credit.

576 4324 714 4381 Vade
757 4336 930 4382 autem
954 4328 1022 4381 ad
1071 4327 1258 4396 fratres
1298 4345 1456 4394 meos,
1492 4340 1539 4384 et
1569 4331 1653 4384 dic
1677 4334 1750 4386 eis
1773 4345 1792 4384 :
1826 4333 2062 4387 Ascendo

491 4417 561 4470 ad
588 4415 803 4470 Patrem
830 4433 1001 4471 meum
1038 4426 1088 4471 et
1130 4418 1200 4472 ad
1247 4415 1456 4474 Patrem
1495 4431 1739 4489 vestrum,
1781 4424 1849 4479 ad
1895 4423 2063 4478 Deum

491 4525 662 4564 meum
690 4518 736 4562 et
759 4508 926 4562 Deum
951 4518 1190 4562 vestrum.
1215 4509 1347 4564 Cum
1377 4528 1550 4565 meum
1569 4513 1715 4566 dicat
1737 4523 1792 4568 et
1817 4524 2058 4580 vestrum,

492 4617 592 4656 cur
637 4616 742 4656 non
789 4601 1146 4656 communiter
1188 4601 1318 4656 dicit
1357 4603 1632 4656 nostrum?
1661 4603 1767 4660 Sed
1809 4605 2068 4661 distincte

493 4691 716 4762 loquens
745 4691 946 4746 indicat
972 4691 1098 4761 quia
1126 4692 1375 4746 eumdem
1403 4693 1620 4748 Patrem
1647 4703 1703 4750 et
1721 4695 1888 4750 Deum
1916 4697 2065 4750 simi-

495 4780 618 4836 liter
642 4780 805 4836 habet
833 4781 966 4850 ipse,
1009 4795 1170 4850 quem
1193 4797 1292 4836 nos
1319 4781 1444 4852 [Ms.
1474 4783 1658 4838 melius
1683 4799 1700 4836 :
1734 4785 2065 4840 dissimiliter

494 4873 657 4929 habet
697 4873 834 4943 ipse,
860 4887 1023 4944 quam
1064 4871 1206 4945 nos].
1233 4872 1468 4928 Ascendo
1494 4875 1563 4928 ad
1602 4873 1818 4930 Patrem
1857 4892 2060 4940 meum,

493 4964 742 5019 videlicet
775 4979 874 5033 per
903 4971 1183 5029 naturam;
1209 4973 1257 5018 et
1297 4962 1513 5020 Patrem
1543 4975 1768 5020 vestrum
1813 4981 1910 5034 per
1935 4983 2063 5035 gra-

494 5056 656 5122 tiam;
686 5055 754 5109 ud
780 5053 949 5110 Deum
977 5072 1166 5120 meum,
1194 5056 1318 5126 quia
1363 5057 1632 5122 descendi,
1660 5057 1728 5111 ad
1766 5057 1932 5112 Deum
1975 5076 2062 5113 ve-

493 5156 680 5213 strum,
709 5146 834 5217 quia
857 5148 1158 5203 ascendetis
1190 5146 1344 5218 [Ms.,
1368 5146 1728 5221 asoendistis].
1757 5149 1892 5216 Quia
1920 5151 2062 5206 enim

495 5243 551 5289 et
588 5252 687 5308 ego
716 5236 896 5303 homo,
941 5237 1082 5292 Deus
1108 5237 1240 5292 mihi
1268 5245 1380 5304 est;
1407 5237 1533 5306 quia
1560 5252 1658 5293 vos
1684 5239 1752 5294 ab
1778 5255 1960 5295 errore
1995 5240 2062 5292 li-

498 5324 664 5382 berati
698 5327 830 5383 estis
865 5326 1016 5400 [Ms.,
1054 5327 1290 5401 liberat],
1324 5328 1465 5384 Deus
1489 5337 1573 5385 est
1601 5329 1774 5385 vobis.
1804 5329 2066 5385 Distinete

493 5430 627 5486 ergo
654 5416 786 5472 mihi
810 5417 971 5472 Pater
997 5425 1054 5472 et
1079 5417 1222 5473 Deus
1243 5427 1354 5484 est;
1384 5419 1508 5489 quia
1533 5436 1693 5491 quem
1723 5428 1847 5474 ante
1871 5419 2065 5475 saecula

504 5505 668 5560 Deum
693 5509 893 5578 genuit,
920 5509 1191 5565 hominem
1219 5511 1274 5564 in
1312 5511 1420 5566 line
1457 5513 1772 5571 sicariorum
1801 5527 1887 5567 me
1912 5511 2064 5583 [Δίκη

503 5596 734 5666 mecum]
765 5598 987 5651 creavit.
1016 5599 1201 5669 (Vsus.
1233 5600 1342 5670 l8.)
1380 5599 1522 5655 Venit
1553 5593 1726 5656 Μαι-ἔα
1759 5598 2067 5673 Magdalene

585 5710 600 5732 '
631 5706 706 5760 Et
740 5705 795 5761 S.
827 5708 1011 5778 (ἕως,
1037 5711 1182 5766 hom.
1213 5711 1300 5766 ‘26.
1333 5728 1478 5766 num.
1509 5712 1615 5766 1-3.

2158 3251 2260 3305 rat,
2286 3242 2468 3298 lancea
2489 3243 2628 3299 latus
2652 3253 2964 3314 aperuerat;
2989 3247 3088 3301 ubi.
3104 3246 3256 3318 [Ms.,
3278 3247 3367 3318 ibi]
3389 3249 3454 3303 ad
3471 3249 3731 3303 dubitati...

2157 3332 2290 3385 tium
2312 3331 2475 3386 corda
2511 3333 2750 3388 sananda
2775 3333 3058 3388 vulnerum
3095 3344 3223 3390 sunt
3245 3344 3448 3390 servata
3471 3337 3741 3408 vestigiaa

2163 3438 2181 3469 ι
2213 3419 2328 3486 Qua
2365 3420 2418 3473 in
2460 3435 2520 3474 re
2549 3421 2655 3476 duo
2681 3420 2817 3475 mira
2843 3430 2898 3475 et
2938 3421 3095 3492 juxta
3137 3424 3426 3478 humanam
3463 3426 3728 3482 rationem

2157 3509 2260 3566 sibi
2289 3509 2442 3566 valde
2467 3510 2739 3565 contraria
2765 3511 3034 3578 ostendit,
3066 3513 3194 3567 dum
3228 3520 3349 3583 post
3380 3517 3729 3571 resurrectio-

2157 3621 2280 3660 nem
2303 3621 2496 3674 corpus
2521 3621 2674 3660 suum
2698 3614 2753 3660 et
2784 3607 3210 3676 incorruptibile,
3246 3616 3304 3662 et
3325 3616 3506 3663 tamen
3548 3609 3725 3680 palpa-

2156 3694 2263 3750 bile
2283 3695 2688 3750 demonstravit.
2714 3695 2846 3750 Nam
2869 3705 2924 3751 et
2946 3698 3213 3766 corrumpi
3241 3712 3462 3753 necesse
3484 3708 3565 3754 est
3589 3700 3725 3768 quod

2158 3784 2424 3854 palpatur,
2450 3793 2504 3838 et
2539 3785 2746 3855 palpari
2775 3801 2881 3840 non
2911 3794 3087 3856 potest
3113 3787 3257 3856 quod
3303 3803 3410 3841 nou
3435 3789 3724 3858 corrumpi-

2159 3883 2264 3929 tur.
2291 3874 2397 3930 Sed
2425 3876 2562 3932 miro
2588 3876 2749 3932 modo
2790 3885 2952 3948 atque
2998 3878 3362 3933 inmstimabili
3407 3879 3722 3947 Redemptor

2159 3975 2343 4020 noster
2364 3974 2422 4020 et
2450 3966 2855 4036 incorruptibile
2881 3968 3046 4038 638
3080 3976 3202 4037 post
3242 3968 3682 4022 resurrectionem
3701 4005 3722 4029 .

2159 4063 2215 4108 et
2237 4055 2500 4124 palpabile
2539 4070 2733 4124 corpus
2761 4055 3035 4120 exhibuit,
3065 4064 3124 4110 ut
3163 4058 3512 4112 monstrando
3553 4057 3721 4110 incor-

2163 4145 2411 4213 ruptibile
2439 4145 2690 4200 invitaret
2713 4146 2781 4201 ad
2807 4146 3108 4215 praemium,
3141 4147 3428 4216 praebendo
3469 4147 3722 4217 palpabile

2162 4234 2420 4289 l'ormaret
2463 4233 2663 4305 [Creg.,
2692 4235 2952 4307 ﬁrmaret]
2982 4222 3049 4292 ad
3091 4237 3269 4292 fidem.
3297 4238 3365 4291 Et
3394 4239 3712 4308 incorrupti-

2162 4323 2322 4378 bilem
2345 4337 2402 4379 se
2423 4339 2550 4395 ergo
2568 4333 2622 4379 et
2640 4325 2961 4394 palpabilem
2981 4327 3388 4393 demonstravit,
3404 4338 3465 4383 ut
3487 4329 3724 4398 profecto

2165 4427 2284 4468 esse
2308 4422 2430 4481 post
2457 4416 2908 4470 resurrectionem
2935 4416 3243 4472 ostenderet
3270 4433 3466 4488 corpus
3492 4399 3637 4472 suum
3665 4429 3719 4472 et

2163 4502 2399 4572 ejusdem
2430 4513 2636 4560 natura:
2655 4513 2710 4560 et
2734 4506 2958 4562 alterius
2982 4507 3186 4576 glorite.
3212 4527 3230 4561 ι

2233 4593 2370 4646 Dicit
2396 4594 2468 4647 eis
2492 4609 2509 4644 :
2545 4593 2656 4648 Pax
2683 4596 2841 4649 vobis.
2875 4595 3068 4652 Pacem
3094 4596 3374 4664 olferebat,
3398 4599 3489 4668 qui
3513 4606 3722 4666 propter

2162 4697 2352 4750 pacem
2373 4683 2546 4749 venit;
2573 4691 2626 4737 et
2655 4685 2850 4753 quibus
2883 4696 3009 4740 ante
3035 4687 3170 4741 dixit
3196 4705 3208 4740 :
3243 4687 3432 4741 Pacem
3462 4704 3622 4742 meam
3646 4706 3726 4742 reo

2161 4768 2342 4838 linquo
2373 4771 2532 4832 vobis,
2559 4789 2738 4841 pacem
2761 4790 2925 4826 meam
2954 4775 3020 4827 do
3046 4776 3207 4839 vobis,
3235 4776 3392 4831 modo
3419 4778 3579 4832 dicit:
3606 4777 3723 4830 Pas:

2160 4865 2320 4918 vobis.
2348 4863 2516 4929 Quam
2545 4878 2732 4933 pacem
2759 4875 3010 4921 nascente
3031 4866 3246 4922 Christo
3275 4869 3448 4939 angeli
3476 4868 3728 4938 praedica-

2162 4960 2355 5005 verunt
2381 4953 2438 5006 in
2464 4954 2684 5008 mundo.
2714 4951 2783 5008 Et
2810 4956 2996 5009 iterum
3027 4957 3260 5012 secundo
3285 4957 3359 5010 ait
3384 4974 3398 5010 :
3426 4957 3540 5010 Pax
3563 4955 3726 5019 tabis,

2163 5047 2223 5093 ut
2250 5050 2579 5096 monstraret
2609 5043 2892 5114 paciﬁcata
2921 5060 3040 5100 esse
3079 5059 3199 5114 quae
3233 5047 3288 5101 in
3327 5046 3480 5101 caelis
3523 5053 3647 5099 sunt
3673 5054 3726 5097 et

2164 5147 2283 5202 qua:
2309 5132 2362 5186 in
2393 5133 2560 5188 terris
2579 5142 2724 5200 sunt,
2750 5151 2847 5205 per
2872 5137 3187 5207 sanguinem
3207 5153 3385 5192 suum.
3411 5137 3597 5208 (Vens.
3613 5135 3724 5206 21.)

2163 5227 2302 5281 Dicit
2327 5229 2442 5282 eis:
2477 5226 2598 5283 Pas:
2621 5229 2778 5284 vobis.
2807 5229 3046 5297 Iteratio,
3086 5231 3422 5287 conﬁrmatio
3450 5239 3554 5286 est.
3585 5230 3729 5285 Sicut

2164 5319 2303 5374 misit
2323 5319 2593 5386 mePater,
2620 5331 2669 5376 et
2694 5339 2786 5391 ego
2811 5322 2956 5377 mitto
2983 5339 3090 5378 vos.
3121 5341 3141 5374 ε
3159 5323 3319 5379 Pater
3345 5322 3540 5376 Filium
3567 5321 3727 5382 misit,

2165 5417 2258 5487 qui
2287 5417 2430 5471 hunc
2458 5432 2558 5486 pro
2579 5417 2947 5486 redemptione
2971 5418 3186 5487 generis
3209 5415 3426 5472 humani
3461 5412 3730 5469 incarnari

2167 5507 2468 5572 constituit;
2498 5523 2658 5576 quem
2684 5508 2933 5563 videlicet
2958 5507 3014 5564 in
3039 5509 3237 5564 mundo
3263 5505 3464 5580 [Greg.,
3493 5506 3548 5559 in
3583 5519 3707 5557 mun

2169 5594 2315 5668 dum]
2339 5597 2523 5652 venire
2548 5598 2612 5654 ad
2642 5598 2944 5668 passionem
2973 5597 3167 5662 voluit;
3199 5597 3290 5653 sed
3325 5605 3501 5651 tamen
3539 5593 3731 5648 amavit
