4000 6190
291 311 396 370 993

1069 311 1472 368 EXEGETICA.
1514 342 1583 353 —
1621 311 1974 368 COMMENT.
2017 310 2080 364 IN
2117 307 2305 366 JOAN.
2343 342 2410 352 —
2446 311 2572 366 LIB.
2619 313 2724 369 VII.

3432 318 3535 373 99$

292 426 488 482 Filium
510 439 670 496 quem
708 425 776 480 ad
800 425 1104 494 passionem
1130 425 1296 479 misit.
1325 423 1534 480 Electos
1561 439 1686 478 vero
1730 440 1858 494 apo-
1889 431 1935 488 Α
1964 422 2065 486 nis,
2097 421 2150 475 in
2181 421 2332 476 nobis
2374 421 2592 476 vulnera
2624 431 2840 477 sanaret
2865 421 3216 478 inﬁdelitatis.
3245 424 3369 482 Plus
3390 429 3534 488 enim

291 517 460 574 stolos
493 516 749 572 Dominus
776 529 880 569 non
908 514 975 568 ad
1006 513 1188 568 mundi
1218 514 1431 584 gaudia,
1460 515 1551 570 sed
1579 515 1719 568 sicut
1746 514 1859 584 ipse

291 608 491 661 missus
535 613 652 668 est,
692 604 758 658 ad
803 604 1080 673 passiones
1116 603 1168 657 in
1200 605 1455 657 mundum
1498 602 1679 656 mittit.
1724 603 1858 668 Quia

289 711 420 765 ergo
449 703 502 749 et
538 693 709 748 Filius
751 702 961 747 amatur
991 709 1020 746 a
1050 692 1229 756 Patre,
1271 699 1324 746 et
1352 700 1528 745 tamen
1557 691 1620 745 ad
1654 690 1858 760 ρεπεδίοο

289 800 413 840 nem
442 782 696 846 mittitur,
723 781 795 835 ita
816 789 870 835 et
898 780 1144 849 discipuli
1165 787 1416 833 amantur
1439 795 1471 832 a
1497 779 1741 842 Domino,
1769 778 1860 846 qui

290 884 470 929 tamen
511 872 578 924 ad
606 870 909 940 passionem
948 869 1232 922 mittuntur
1275 869 1330 922 in
1371 869 1649 922 mundum.
1678 866 1860 934 Itaque

288 962 519 1018 dicitur:
555 957 700 1013 Sicut
745 958 882 1011 misit
910 973 990 1010 me
1034 954 1215 1020 Pater,
1241 966 1287 1010 et
1328 973 1419 1026 ego
1469 957 1614 1009 mitto
1651 966 1773 1008 vos:
1808 953 1860 1006 id

287 1063 387 1116 est,
414 1065 478 1106 ea
504 1047 765 1104 charitate
786 1062 884 1101 vos
901 1046 1068 1124 diligo
1094 1061 1214 1100 cum
1236 1045 1377 1099 inter
1403 1043 1648 1098 scandala
1675 1057 1859 1110 perse-

288 1152 535 1198 cutorum
563 1140 736 1203 mitto,
774 1152 877 1207 qua
907 1152 992 1191 me
1015 1136 1276 1191 charitate
1320 1135 1480 1189 Pater
1507 1133 1677 1204 diligit
1704 1132 1856 1205 [Ms.,

288 1231 533 1303 dilexit],
565 1243 722 1299 quem
765 1227 948 1282 venire
972 1227 1037 1281 ad
1072 1225 1377 1280 tolerandas
1404 1225 1682 1296 passiones
1708 1224 1854 1279 fecit.

289 1322 474 1393 (Vsus.
497 1320 610 1389 ‘22.)
657 1317 771 1371 Hoc
800 1333 917 1370 cum
943 1315 1180 1379 dixisset,
1205 1314 1480 1385 insuﬁlavit
1508 1324 1556 1368 et
1590 1314 1714 1367 dicit
1743 1315 1816 1367 eis
1838 1327 1856 1364 :

286 1414 514 1484 Accipite
553 1410 808 1482 Spiritum
856 1417 1114 1462 sanctum.
1162 1407 1517 1474 Quaerendum
1560 1406 1716 1460 nobis
1753 1413 1854 1468 est,

285 1502 414 1572 quid
441 1508 523 1556 est
548 1500 692 1570 quod
723 1497 986 1568 Spiritum
1017 1506 1262 1551 sanctum
1301 1495 1558 1550 Dominus
1598 1502 1782 1550 noster
1804 1503 1859 1548 et

273 1590 452 1646 semel
481 1589 625 1643 dedit
661 1587 716 1642 in
742 1593 888 1640 terra
926 1586 1248 1650 consistens,
1276 1591 1326 1640 et
1356 1584 1522 1638 semel
1555 1583 1693 1638 cmlo
1718 1599 1857 1652 pra:-

274 1680 497 1736 sidens?
526 1678 707 1748 Neque
746 1677 889 1732 enim
916 1676 1020 1731 alio
1051 1676 1104 1730 in
1145 1675 1262 1730 loco
1293 1678 1449 1729 datus
1477 1673 1708 1742 Spiritus
1736 1687 1858 1727 san-

283 1781 404 1828 ctus
436 1783 619 1842 aperte
649 1777 994 1835 monstratur,
1022 1769 1125 1822 nisi
1157 1783 1299 1822 nunc
1337 1782 1461 1822 cum
1489 1781 1588 1834 per
1617 1764 1854 1819 insuﬂla-
1887 1756 1930 1814 Β

286 1863 484 1917 tionem
529 1861 842 1932 percipitur,
873 1868 928 1914 et
956 1857 1295 1928 postmodum
1335 1870 1456 1910 cum
1497 1855 1562 1909 de
1600 1853 1737 1909 cmlo
1765 1869 1856 1906 ve-

285 1952 443 2007 niens
463 1953 516 2007 in
545 1952 741 2023 linguis
768 1951 933 2006 variis
954 1951 1372 2006 demonstratur.
1402 1946 1512 2002 Cur
1551 1961 1679 2016 ergo
1705 1945 1856 2014 prius

285 2042 342 2097 in
375 2051 516 2098 terra
555 2041 827 2113 discipulis
856 2041 1032 2106 datur,
1061 2039 1398 2110 postmodum
1429 2038 1494 2092 de
1519 2036 1657 2092 cmlo
1685 2034 1857 2088 mitti-

286 2141 390 2196 tur,
424 2133 524 2187 nisi
551 2133 691 2200 quod
717 2133 823 2186 duo
850 2138 974 2185 sunt
1007 2136 1275 2200 praecepta
1315 2126 1616 2190 charitatis,
1642 2124 1856 2179 dilectio

284 2224 535 2280 videlicet
562 2223 658 2278 Dei
685 2231 740 2278 et
769 2222 1036 2292 proximi?
1061 2221 1118 2275 In
1161 2228 1306 2274 terra
1334 2219 1491 2273 datur
1534 2215 1768 2285 Spiritus
1799 2222 1857 2268 ut

283 2314 541 2384 diligatur
569 2313 882 2385 proximus:
912 2328 943 2368 e
985 2311 1123 2366 cmlo
1156 2310 1314 2365 datur
1354 2307 1589 2378 Spiritus
1627 2313 1687 2360 ut
1728 2305 1853 2360 dili-

285 2413 442 2475 gatur
465 2403 624 2458 Deus.
655 2402 808 2457 Sicut
834 2417 962 2470 ergo
989 2417 1096 2456 una
1124 2407 1207 2454 est
1235 2399 1470 2453 charitas
1499 2405 1554 2452 et
1587 2398 1692 2451 duo
1720 2411 1857 2464 prae-

282 2503 460 2564 cepta,
490 2492 566 2546 ita
594 2505 734 2559 unus
777 2490 1010 2559 Spiritus
1037 2496 1092 2542 et
1119 2489 1225 2543 duo
1262 2488 1406 2542 data.
1437 2486 1593 2541 Prius
1619 2501 1650 2540 a
1679 2484 1858 2540 consi-

281 2590 460 2638 stente
487 2578 713 2635 Domino
738 2576 794 2632 in
827 2583 993 2642 terra,
1025 2575 1366 2646 postmodum
1396 2590 1428 2630 e
1449 2574 1618 2640 ccelo;
1650 2573 1774 2643 quia
1803 2573 1856 2626 in

279 2668 515 2741 proximi
561 2681 744 2722 amore
771 2666 968 2722 dicitur
1003 2664 1234 2736 qualiter
1260 2664 1529 2735 perveniri
1569 2663 1760 2718 debeat
1788 2662 1856 2718 ad

285 2774 523 2816 amorem
554 2758 670 2814 Dei.
694 2777 714 2812 ι
741 2756 855 2812 Hoc
893 2771 1016 2812 cum
1042 2754 1285 2820 dixisset,
1315 2754 1600 2809 insulilavit
1639 2763 1696 2809 et
1729 2753 1860 2808 dicit

283 2849 402 2904 eis:
432 2847 660 2917 Accipite
693 2845 949 2917 Spiritum
996 2854 1253 2908 sanctum,
1295 2842 1612 2899 iusuﬂlando
1653 2843 1856 2913 signiti-

285 2937 430 2993 cavit
454 2935 716 3008 Spiritum
755 2943 1004 2991 sanctum
1034 2949 1140 2988 non
1170 2933 1348 2990 Patris
1381 2934 1548 2990 solius
1573 2948 1695 2988 esse
1736 2933 1855 3003 Spi-

289 3030 480 3094 ritum,
525 3027 623 3084 sed
673 3036 732 3082 et
787 3042 961 3082 suum.
1011 3025 1198 3099 (Vens.
1407 3025 1641 3092 Quorum
1700 3026 1850 3079 remi-

1960 513 2114 568 nobis
2143 513 2362 568 Thomae
2397 514 2681 569 infidelitas
2719 516 2785 569 ad
2816 515 2995 580 iidem,
3043 532 3203 586 quam
3245 517 3376 575 fides
3419 536 3536 578 creo

1959 602 2198 656 dentium
2230 602 2612 673 discipulorum
2661 602 2860 671 profuit
2889 623 2900 658 :
2931 605 3054 674 quia
3088 607 3214 660 dum
3254 607 3341 662 ille
3374 610 3442 663 ad
3472 610 3533 664 il-

1959 691 2079 746 dem
2107 691 2368 760 palpando
2414 692 2702 756 reducitur,
2730 703 2911 748 nostra
2942 710 3093 749 mens
3136 696 3282 750 omni
3326 697 3534 753 dubita-

1959 782 2108 836 tione
2133 783 2427 852 postposita
2455 783 2510 836 in
2552 784 2656 838 {ide
2697 785 2975 841 solidatur.
3019 786 3108 842 Sic
3145 790 3339 860 quippe
3370 792 3531 846 disci-

1958 869 2139 937 pulum
2169 879 2288 938 post
2331 873 2776 928 resurrectionem
2801 890 2954 929 suam
2997 876 3240 933 dubitare
3267 882 3530 950 permisit,

1958 975 2057 1014 nec
2086 967 2264 1014 tamen
2293 960 2345 1015 in
2378 963 2708 1018 dubitatione
2735 966 2990 1032 deseruit,
3022 968 3160 1023 sicut
3186 979 3310 1024 ante
3339 973 3532 1027 nativi-

1960 1054 2122 1100 tatem
2160 1063 2315 1102 suam
2343 1048 2541 1104 habere
2569 1049 2788 1105 Mariam
2821 1069 3076 1121 sponsum
3112 1056 3296 1121 voluit,
3329 1059 3419 1127 qui
3449 1070 3531 1112 ta-

1959 1153 2078 1194 men
2103 1139 2172 1193 ad
2189 1137 2306 1208 ejus
2331 1140 2544 1210 nuptias
2571 1156 2674 1194 non
2706 1143 2964 1210 pervenit.
2992 1144 3124 1198 Nam
3156 1147 3228 1200 ita
3254 1146 3421 1202 factus
3448 1161 3531 1204 est

1955 1227 2249 1297 discipulus
2278 1229 2529 1284 dubitans
2549 1239 2604 1284 et
2627 1231 2868 1300 palpans,
2901 1233 3053 1287 testis
3083 1249 3222 1288 vera:
3248 1235 3412 1306 639
3446 1253 3530 1291 re-

1956 1321 2322 1383 surrectionis,
2345 1320 2485 1374 sicut
2506 1337 2733 1391 sponsus
2759 1323 2945 1377 matris
2974 1323 3150 1377 fuerat
3177 1335 3360 1379 custos
3389 1326 3527 1381 inte-

1957 1409 2204 1478 gerrima;
2250 1410 2590 1480 virginitatis.
2636 1410 2877 1480 Palpavit
2909 1423 3109 1478 autem,
3169 1423 3224 1468 et
3261 1415 3530 1470 exclama-

1958 1502 2078 1554 vit:
2113 1499 2302 1572 (Vens.
2337 1500 2425 1566 28,
2477 1502 2568 1574 29)
2613 1501 2870 1557 Dominus
2914 1521 3055 1558 meus
3097 1515 3143 1558 et
3179 1505 3317 1560 Deus
3363 1524 3526 1562 meus.

1960 1591 2096 1644 Dicit
2125 1592 2171 1645 ei
2200 1590 2355 1646 Iesus
2376 1605 2396 1646 .'
2429 1593 2566 1659 Quia
2589 1596 2759 1649 vidisti
2790 1613 2887 1662 me,
2916 1597 3200 1652 credidisti.
3226 1597 3360 1653 Cum
3390 1597 3530 1654 Pau-

1959 1681 2041 1736 lus
2062 1683 2332 1751 apostolus
2353 1685 2493 1738 dicat
2517 1703 2529 1738 :
2559 1683 2656 1739 Est
2688 1687 2824 1739 enim
2847 1687 2977 1755 fides
3001 1689 3380 1757 sperandarum
3409 1692 3531 1746 sub-

1955 1774 2149 1826 stantia
2180 1791 2369 1838 rerum,
2400 1785 2761 1845 argumentum
2793 1793 2894 1829 non
2931 1779 3292 1846 apparentium
3339 1777 3526 1850 (Hebr.

1956 1878 2031 1927 xx,
2059 1863 2108 1931 l)
2137 1880 2149 1916 :
2181 1862 2426 1918 Profecto
2463 1864 2628 1934 liquet
2655 1866 2779 1934 quia
2809 1866 2941 1920 ﬁdes
2980 1866 3195 1920 illarum
3234 1883 3413 1923 rerum
3443 1886 3532 1925 ar-

1955 1959 2265 2020 gumentum
2293 1959 2404 2017 est,
2433 1967 2553 2021 qua:
2597 1968 2858 2023 apparere
2887 1969 2992 2008 non
3017 1963 3257 2024 possunt.
3289 1955 3418 2023 Qum
3447 1966 3530 2012 et-

1955 2041 2100 2095 enim
2148 2051 2408 2110 apparent
2446 2041 2558 2112 jam
2589 2043 2746 2097 iidem
2786 2060 2894 2098 non
2925 2045 3141 2111 habent,
3173 2046 3266 2100 sed
3306 2048 3531 2118 agnitio-

1957 2148 2103 2187 nem.
2139 2133 2271 2186 Dum
2304 2147 2431 2202 ergo
2461 2133 2593 2188 vidit
2623 2133 2878 2198 Thomas,
2911 2135 3035 2189 dum
3065 2136 3322 2205 palpavit,
3352 2153 3449 2192 cur
3479 2143 3528 2193 el

1953 2219 2184 2274 dicitur:
2215 2219 2353 2284 Quia
2383 2221 2556 2274 vidisti
2586 2237 2683 2285 me,
2716 2222 3019 2276 credidisti?
3044 2221 3149 2277 Sed
3192 2223 3335 2278 aliud
3364 2225 3493 2279 vidit
3512 2265 3526 2287 .

1953 2309 2097 2364 aliud
2128 2310 2375 2364 credidit.
2402 2309 2448 2363 A
2474 2310 2685 2364 mortali
2714 2312 2910 2380 quippe
2937 2311 3150 2366 homine
3175 2313 3428 2367 divinitas
3452 2316 3529 2368 vi-

1954 2399 2072 2454 deri
2105 2415 2212 2453 non
2240 2399 2432 2468 potuit.
2459 2399 2738 2454 Hominem
2766 2401 2932 2470 igitur
2958 2401 3108 2465 vidit,
3133 2410 3187 2455 et
3210 2401 3374 2456 Deum
3399 2419 3526 2457 con-

1953 2488 2129 2541 fessus
2155 2494 2259 2552 est,
2287 2486 2472 2541 dicens
2497 2504 2509 2539 :
2539 2486 2679 2540 Deus
2704 2503 2846 2541 meus
2890 2498 2938 2540 et
2968 2488 3222 2542 Dominus
3250 2507 3414 2544 meus.
3441 2492 3532 2546 Vi-

1954 2576 2127 2630 dendo
2149 2589 2276 2644 ergo
2299 2574 2528 2629 credidit
2566 2575 2656 2642 qui
2696 2576 3086 2630 considerando
3114 2577 3406 2644 hominem,
3441 2594 3531 2632 ve-

1956 2681 2072 2720 rum
2101 2664 2302 2737 [Greg.,
2327 2663 2418 2734 qui
2443 2665 2830 2719 considerando
2856 2681 3040 2720 verum
3068 2666 3362 2739 hominem]
3389 2669 3532 2723 hunc

1956 2759 2122 2813 Deum
2163 2772 2323 2827 quem
2351 2756 2534 2812 videre
2575 2772 2680 2810 non
2720 2765 2949 2826 poterat,
2972 2757 3322 2812 exclamavit.
3375 2757 3533 2812 Laeti-

1954 2851 2081 2906 ﬁcat
2103 2848 2257 2903 valde
2288 2847 2430 2918 quod
2456 2848 2732 2917 sequitur:
2761 2844 2910 2900 Beati
2936 2848 3023 2917 qui
3059 2863 3162 2900 non
3188 2848 3450 2913 viderunt,
3481 2857 3532 2900 et

1954 2938 2304 2992 crediderunt.
2329 2937 2386 2990 In
2413 2951 2516 3005 qua
2541 2935 2792 2990 nimirum
2821 2935 3082 2989 sententia
3105 2951 3202 2990 nos
3227 2937 3534 3006 specialiter

1954 3027 2147 3098 signati
2176 3042 2381 3091 sumus,
2426 3025 2516 3094 qui
2561 3040 2683 3079 eum
2714 3039 2873 3093 quem
2918 3038 3082 3080 carne
3127 3040 3234 3079 non
3277 3026 3528 3092 vidimus,

289 3123 481 3187 seritis,
527 3120 727 3191 inquit,
780 3127 989 3190 peccata
1005 3089 1034 3184 ,‘
1069 3089 1403 3174 remittuntur
1429 3119 1532 3183 eis;
1558 3127 1606 3172 et
1635 3133 1854 3189 quorum
1881 3089 1927 3155 ο
1959 3089 2138 3174 mente
2183 3089 2492 3172 retinemus.
2531 3114 2638 3169 Nos
2683 3089 2874 3185 signati
2917 3129 3126 3179 sumus,
3157 3114 3252 3169 sed
3278 3114 3323 3169 si
3369 3089 3529 3171 ﬁdem

281 3212 622 3277 retinueritis,
649 3219 847 3264 retenta
888 3219 1028 3264 sunt.
1064 3227 1082 3261 ι
1111 3221 1138 3250 α
1164 3209 1302 3264 Ecce
1341 3209 1578 3264 charitas
1601 3225 1720 3278 quae
1761 3223 1858 3277 per

292 3303 550 3374 Spiritum
592 3309 836 3358 sanctum
884 3300 1198 3356 diil‘unditur
1240 3301 1296 3355 in
1341 3300 1594 3355 cordibus
1627 3301 1854 3366 nostris,

280 3393 609 3461 participum
650 3406 868 3446 suorum
907 3399 1128 3459 peccata
1176 3389 1426 3454 dimittit,
1453 3405 1640 3445 eorum
1680 3399 1857 3446 autem

290 3479 381 3548 qui
404 3495 513 3534 non
541 3488 667 3534 sunt
693 3480 808 3549 ejus
837 3478 1144 3548 participes,
1177 3486 1338 3532 tenet.
1359 3478 1484 3534 Ideo
1509 3487 1856 3548 posteaquam

290 3569 463 3625 dixit:
494 3569 723 3639 Accipite
756 3567 1009 3639 Spiritum
1053 3578 1323 3634 sanctum,
1362 3569 1465 3623 hoc
1504 3569 1755 3624 continuo
1792 3570 1856 3626 de

289 3668 629 3729 peccatorum
679 3658 994 3714 remissione
1060 3673 1125 3713 ac
1186 3659 1490 3714 detentione
1553 3660 1798 3729 subjecit.
1832 3679 1849 3712 ι

291 3744 576 3802 Sciendum
601 3761 732 3801 vero
757 3755 840 3801 est
875 3748 1015 3816 quod
1044 3747 1099 3802 hi
1129 3748 1219 3818 qui
1248 3750 1421 3817 primo
1449 3747 1708 3818 Spiritum
1734 3763 1859 3803 san-

277 3845 436 3890 ctum
484 3837 804 3903 habuerunt,
847 3847 906 3892 ut
934 3847 988 3891 et
1026 3838 1126 3906 ipsi
1157 3838 1472 3892 innocenter
1512 3838 1776 3901 viverent,
1805 3847 1861 3891 et

293 3928 346 3980 in
376 3928 748 3997 przedicatione
774 3927 1091 3996 quibusdam
1117 3929 1451 3994 prodessent,
1477 3924 1679 3979 idcirco
1717 3925 1860 3978 hunc

291 4026 411 4084 post
439 4015 884 4069 resurrectionem
920 4013 1130 4067 Domini
1162 4019 1408 4080 patenter
1431 4021 1769 4081 acceperunt,
1802 4021 1860 4068 ut

292 4104 546 4174 prodesse
573 4117 676 4156 non
704 4102 909 4170 paucis,
937 4101 1031 4155 sed
1055 4099 1298 4168 pluribus
1321 4110 1558 4170 possent.

366 4191 523 4244 Vens.
551 4189 639 4243 24.
657 4220 729 4230 —
751 4189 974 4244 Thomas
1003 4199 1177 4243 autem
1206 4207 1340 4244 unus
1364 4207 1428 4244 ex
1451 4191 1744 4258 duodecim,
1769 4193 1859 4262 qui

292 4279 486 4332 dicitur
512 4277 786 4348 Didymus,
813 4294 916 4332 non
943 4288 1052 4332 erat
1079 4295 1197 4332 cum
1233 4280 1326 4344 eis,
1367 4279 1574 4350 quando
1605 4281 1740 4333 venit
1768 4279 1860 4334 Je-

291 4384 402 4422 sus.
450 4385 468 4418 ι
497 4367 650 4424 blste
678 4385 816 4424 unus
855 4371 1145 4440 discipulus
1192 4371 1377 4437 defuit,
1419 4386 1670 4427 reversus
1715 4371 1858 4442 quod

291 4467 504 4528 gestum
530 4468 610 4513 est
637 4461 858 4525 audivit,
881 4461 1062 4516 audita
1091 4463 1310 4518 credere
1351 4463 1548 4518 renuit.
1581 4463 1736 4519 Venit
1762 4464 1859 4518 ite-

297 4563 416 4602 rum
455 4549 730 4615 Dominus,
771 4559 827 4605 et
855 4567 960 4606 non
993 4551 1232 4608 credenti
1263 4553 1523 4623 discipulo
1568 4553 1708 4608 latus
1740 4553 1859 4624 pal-

295 4639 528 4704 panduin
557 4640 802 4709 praebuit,
827 4655 1018 4697 manus
1036 4643 1290 4708 ostendit,
1317 4651 1372 4698 et
1398 4653 1613 4699 ostensa
1641 4659 1861 4700 suorum

296 4721 575 4777 vulnerum
598 4723 868 4788 cicatrice,
902 4724 1233 4782 inﬁdelitatis
1256 4726 1398 4782 illius
1417 4727 1608 4784 vulnus
1630 4731 1858 4784 sanavit.

297 4809 454 4876 Quid,
482 4811 676 4867 fratres
707 4815 1028 4882 charissimi,
1057 4817 1185 4886 quid
1208 4818 1349 4873 inter
1383 4818 1499 4874 hzec
1533 4820 1863 4874 animadver-

299 4899 443 4954 titis‘?
470 4901 720 4971 Nunquid
755 4919 883 4958 casu
929 4913 1138 4974 gestum
1168 4905 1409 4972 creditis,
1439 4914 1499 4960 ut
1541 4906 1744 4962 electus
1773 4906 1859 4961 ille

299 4988 590 5059 discipulus
621 4999 746 5046 tunc
774 4992 1016 5059 deesset;
1047 5002 1167 5063 post
1208 4995 1323 5050 haec
1362 4994 1507 5049 venit
1549 5003 1611 5050 ut
1650 4996 1860 5050 audiret

300 5080 500 5153 [Greg.,
527 5092 648 5153 post
682 5095 860 5140 autem
901 5087 1122 5142 veniens
1159 5085 1421 5159 audiret],
1452 5088 1676 5142 audiens
1708 5086 1861 5142 dubi-

298 5181 456 5238 taret,
485 5174 735 5231 dubitans
776 5177 1037 5245 palparet,
1064 5177 1286 5248 palpans
1311 5177 1590 5232 crederet?
1615 5175 1730 5232 Non
1759 5177 1862 5231 hoc

297 5276 446 5327 casu,
471 5263 565 5317 sed
586 5263 764 5317 divina
787 5263 1182 5332 dispensatione
1210 5273 1417 5336 gestum
1443 5272 1542 5319 est.
1569 5263 1691 5335 Egit
1714 5279 1861 5318 nam-

297 5368 402 5423 que
453 5355 592 5410 miro
642 5354 800 5410 modo
843 5370 1071 5422 superna
1118 5357 1430 5420 clementia,
1471 5363 1531 5411 ut
1569 5354 1862 5426 discipulus

294 5442 569 5511 dubitans,
590 5445 717 5499 dum
746 5445 800 5498 in
829 5444 1085 5513 magistro
1113 5459 1209 5500 suo
1229 5447 1448 5502 vulnera
1473 5446 1718 5518 palparet
1742 5460 1862 5502 car-

367 5568 392 5594 ι
421 5555 497 5610 Ex
529 5556 586 5610 S.
613 5554 775 5623 Aug,
802 5561 955 5608 tract.
981 5569 1125 5615 cm,
1156 5571 1300 5610 num.
1329 5557 1380 5609 4.

369 5625 397 5664 δ
426 5624 503 5680 Ex
532 5624 590 5679 S.
615 5622 774 5697 Greg.
805 5623 1019 5680 humilia
1049 5625 1234 5694 citata,
1253 5641 1406 5681 nutu.
1433 5628 1542 5685 7-9.

1957 3219 2198 3264 nostram
2225 3207 2478 3277 operibus
2514 3205 2806 3275 sequimur.
2838 3205 2930 3260 Ille
2951 3205 3160 3260 etenim
3197 3221 3323 3260 vere
3360 3208 3533 3261 credit

1956 3299 2047 3369 qui
2066 3306 2284 3353 exercet
2303 3296 2579 3366 operando
2599 3295 2739 3365 quod
2757 3295 2948 3350 credit.
2964 3315 2981 3346 ›
3014 3295 3171 3367 [Quia
3196 3295 3397 3368 autem]
3421 3296 3496 3351 ait
3515 3314 3528 3350 :

1956 3386 2105 3440 Beati
2133 3387 2222 3458 qui
2249 3403 2328 3440 me
2353 3402 2456 3438 non
2478 3384 2733 3445 viderunt,
2751 3392 2806 3436 «et
2828 3382 3179 3447 crediderunt,
3215 3400 3234 3432 ι
3265 3393 3286 3421 ε
3311 3391 3534 3452 praeter-

1951 3476 2015 3530 iti
2063 3476 2318 3545 temporis
2366 3490 2494 3529 usus
2541 3482 2625 3528 est
2669 3474 2862 3536 verbo;
2921 3481 3176 3541 tauquam
3225 3472 3313 3527 ille
3342 3472 3434 3540 qui
3475 3472 3529 3526 id

1956 3566 2100 3635 quod
2127 3574 2244 3620 erat
2289 3563 2550 3627 futurum,
2594 3565 2646 3616 in
2682 3578 2777 3616 sua
2806 3571 3032 3615 noverat
3058 3560 3531 3629 praedestinatione

1947 3652 2058 3720 jam
2082 3653 2302 3717 factum,
2318 3671 2335 3703 ›
2363 3653 2457 3705 sed
2485 3652 2570 3703 his
2590 3648 2766 3700 verbis
2790 3647 3009 3714 proprie
3027 3648 3290 3712 gentium,
3313 3656 3371 3701 ut
3395 3647 3530 3702 dixi-

1957 3762 2096 3810 mus,
2123 3746 2256 3799 ildes
2283 3744 2545 3812 signatur.

2027 3836 2189 3889 Vens.
2217 3831 2305 3886 50.
2322 3860 2395 3872 —
2422 3828 2594 3884 Multa
2620 3827 2826 3899 quidem
2855 3837 2902 3882 et
2926 3828 3032 3881 alia
3057 3829 3203 3898 signa
3232 3827 3350 3897 fecit
3375 3829 3530 3884 Iesus

1955 3926 2010 3978 in
2031 3933 2304 3992 conspectu
2325 3919 2700 3990 discipulorum
2721 3933 2962 3971 suorum.
3002 3916 3281 3985 Significat
3301 3933 3532 3988 evange-

1958 4017 2081 4070 lista
2102 4014 2331 4083 plurima
2359 4010 2512 4084 [Ms.,
2534 4007 2712 4079 plura]
2737 4005 2928 4060 fecisse
2943 4004 3131 4058 Jesum
3168 4004 3318 4072 signa
3345 4014 3400 4059 et
3421 4007 3526 4060 mi-

1959 4105 2141 4161 racula
2155 4103 2346 4159 salutis
2363 4111 2419 4158 et
2443 4097 2865 4174 praedicationis,
2879 4108 2998 4164 quae
3010 4107 3116 4148 non
3137 4091 3336 4163 scripta
3352 4103 3534 4149 essent

1953 4203 2178 4266 propter
2207 4193 2604 4248 multitudinem
2625 4191 2840 4247 illarum
2865 4203 3048 4246 rerum
3092 4201 3212 4255 qua:
3233 4192 3396 4256 gesta:
3423 4183 3536 4240 fue-

1961 4295 2088 4340 runt
2111 4285 2179 4340 ab
2201 4299 2290 4340 eo.
2343 4283 2601 4355 Sequitur
2625 4289 2834 4337 autem:
2867 4280 3053 4351 (Vens.
3084 4275 3174 4347 51)
3208 4275 3338 4330 Herc
3359 4283 3532 4328 autem

1952 4379 2150 4448 scripta
2181 4385 2320 4440 sunt,
2344 4385 2399 4429 ut
2421 4374 2644 4430 credatis
2670 4373 2793 4443 quia
2813 4370 2968 4424 Iesus
2993 4376 3068 4422 est
3097 4365 3335 4420 Christus
3365 4363 3409 4417 F
3411 4364 3534 4418 ilius

1963 4467 2078 4532 Dei,
2130 4475 2177 4520 et
2207 4475 2262 4519 ut
2290 4464 2554 4520 credentes
2579 4463 2740 4515 vitam
2789 4458 3023 4512 habeatis
3076 4457 3132 4508 in
3162 4455 3368 4508 nomine
3395 4454 3528 4523 ejus.

1963 4557 2101 4626 Quid
2125 4557 2309 4611 dicunt
2333 4555 2425 4623 qui
2454 4549 2897 4607 asseruntJesum
2923 4545 3198 4602 Christum
3223 4541 3418 4598 Filium
3437 4541 3531 4596 Dei

1964 4660 2070 4700 non
2099 4657 2237 4707 esse,
2264 4642 2390 4697 dum
2420 4641 2522 4695 iste
2548 4636 2876 4708 evangelista
2909 4635 3019 4689 Deo
3043 4633 3270 4688 dilectus
3293 4639 3349 4686 et
3371 4645 3402 4686 a
3421 4631 3534 4684 Deo

1963 4734 2167 4790 electus
2195 4731 2327 4805 [Al.,
2363 4729 2576 4802 doctus]
2597 4728 2734 4784 dixit
2759 4729 2898 4784 hanc
2921 4724 3024 4780 sibi
3051 4738 3169 4780 esse
3192 4721 3531 4778 occasionem

1961 4823 2233 4880 scribendi
2261 4822 2365 4876 hoc
2397 4818 2763 4888 Evangelium,
2811 4825 2870 4870 ut
2898 4815 3205 4871 crederetur
3231 4811 3356 4880 quia
3376 4806 3532 4863 Jesus

1959 4922 2044 4970 est
2069 4913 2316 4970 Christus
2343 4909 2513 4964 Filius
2541 4907 2676 4962 Dei?
2727 4906 2818 4960 ille
2839 4907 2930 4975 qui
2955 4905 3024 4959 ab
3046 4901 3236 4973 angelo
3255 4899 3533 4954 nuntiatus

1961 5011 2062 5068 est,
2083 5011 2138 5056 et
2167 5015 2361 5056 nomen
2397 4998 2473 5053 illi
2491 4995 2799 5066 impositum
2826 5002 2910 5049 est
2926 4991 3101 5057 Jesus,
3145 4990 3270 5045 dum
3292 4987 3441 5042 venit
3464 4987 3532 5040 ad

1961 5093 2221 5163 virginem
2250 5089 2386 5145 dixit
2416 5105 2430 5142 :
2463 5085 2648 5141 Paries
2676 5084 2864 5155 ﬁlium,
2896 5091 2944 5136 et
2971 5080 3175 5135 vocabis
3205 5093 3390 5132 nomen
3416 5075 3532 5146 ejus

1960 5180 2142 5235 Iesum
2169 5178 2320 5250 (Luc.
2347 5194 2388 5242 ι,
2415 5176 2539 5248 51):
2579 5175 2670 5230 hic
2705 5184 2884 5228 autem
2924 5168 3098 5231 Jesus,
3131 5166 3222 5236 qui
3257 5173 3417 5220 natus
3449 5175 3534 5220 est

1964 5286 2031 5325 ex
2055 5270 2261 5339 virgine
2281 5268 2466 5330 Maria,
2493 5267 2662 5323 Filius
2693 5273 2778 5321 est
2801 5262 2919 5327 Dei,
2966 5260 3106 5316 sicut
3153 5257 3257 5312 iste
3297 5270 3530 5326 evange-

1966 5361 2087 5416 lista
2113 5366 2360 5421 testatur,
2414 5365 2470 5411 et
2498 5365 2558 5412 ut
2574 5370 2763 5412 omnes
2790 5355 2844 5408 in
2869 5355 2970 5407 hac
2995 5350 3100 5405 ﬁde
3135 5349 3298 5404 vitam
3324 5347 3532 5416 possint

1967 5452 2166 5507 habere
2192 5448 2574 5518 sempiternam
2625 5446 2680 5500 in
2707 5443 2919 5498 nomine
2967 5439 3104 5508 ejus.
3159 5437 3294 5506 Quid
3335 5439 3401 5494 de
3425 5437 3531 5495 illis

2040 5569 2062 5598 ε
2100 5558 2174 5613 Ex
2208 5557 2263 5612 S.
2298 5558 2454 5627 Aug,
2485 5555 2585 5609 loc.
2611 5555 2701 5608 cit.
2733 5565 2874 5606 num.
2907 5548 2957 5606 5..
