4000 6190
549 276 654 331 995

1374 264 1437 316 Β.
1478 262 1535 318 ιτ.
1580 259 1802 315 ALBLVI
1842 256 1972 313 διὶῐὶ
2012 256 2284 314 Αιειλικι
2318 254 2599 311 OPERUM
2634 254 2815 310 PARS
2849 254 2914 308 ll.

3682 253 3816 311 996

538 380 919 449 aestimandum
946 386 1030 433 est
1055 376 1149 445 qui
1181 388 1305 429 eum
1350 387 1463 427 non
1514 372 1748 426 credunt
1787 370 1984 425 Filium
2018 367 2113 423 Dei
2142 373 2188 428 Α
2219 366 2512 421 rectionem
2541 380 2692 420 suam
2732 365 2988 429 Dominus
3026 365 3079 422 in
3122 365 3304 425 littore
3340 367 3508 433 stetit,
3550 368 3640 437 qui
3666 375 3818 447 ante

549 489 667 530 esse
694 485 900 533 verum,
927 467 1021 523 sed
1050 464 1377 535 adoptivum,
1421 462 1523 517 nisi
1578 461 1717 516 forte
1745 469 1803 515 ut
1840 472 2113 528 nunquam

551 565 781 621 habeant
806 561 971 614 vitam
996 556 1290 613 mternam?
1340 555 1538 608 Dicunt
1565 554 1743 621 itaque
1795 551 2118 621 assumptio-

546 670 671 711 ncm
698 661 753 707 et
778 651 1121 721 adeptionem
1148 662 1313 702 unum
1358 661 1508 709 esse;
1544 654 1613 701 .et
1637 643 1819 703 Jesum
1845 643 2117 699 Christum

546 742 837 800 sectutdum
880 740 1021 810 quod
1057 740 1219 794 homo
1270 744 1373 799 est,
1424 744 1644 805 propter
1696 732 2118 800 assumptionem

546 832 898 890 humanitatis
920 830 1223 886 necessarie
1248 828 1555 896 adoptivum
1596 840 1731 886 esse,
1774 836 1880 889 non
1928 822 2121 879 intelli-

548 933 737 997 gentes
795 931 993 992 quanta
1018 928 1101 975 est
1128 921 1244 976 lucc
1268 916 1573 973 absurditas
1618 930 1735 983 qua:
1763 914 2005 983 sequitur
2028 927 2121 966 eos

548 1015 698 1091 μη..
735 1014 856 1087 eis].
917 1012 1051 1066 Nam
1074 1012 1120 1066 si
1146 1010 1427 1079 ad0ptivus
1452 1015 1532 1062 est
1558 1014 1777 1079 propter
1794 1003 2121 1077 assumptio-

547 1126 693 1173 nem,
748 1109 912 1179 igitur
933 1105 1053 1160 Filii
1082 1117 1311 1172 persona
1344 1100 1629 1168 adoptivus
1655 1105 1773 1161 .est,
1804 1095 2121 1166 quia,Filius

545 1198 837 1268 assumpsit
880 1195 1182 1258 hominem,
1233 1198 1287 1246 et
1324 1199 1405 1244 est
1437 1198 1562 1242 tunc
1588 1202 1753 1256 nepos
1785 1186 1893 1243 Deo
1929 1182 2075 1239 Patri
2104 1202 2116 1237 :

548 1286 691 1358 quod
719 1301 879 1355 quam
902 1284 1119 1352 impium
1144 1281 1231 1343 sit,
1258 1278 1459 1333 nullum
1484 1276 1689 1330 mstimo
1714 1273 1948 1328 ﬁdelium
1972 1274 2123 1345 igno—

547 1391 690 1431 rare.
740 1372 1130 1429 Tantummodo
1156 1365 1632 1425 credamusiesum
1659 1380 1778 1420 esse
1802 1363 2118 1436 [Christum]

549 1466 745 1521 Filium
774 1464 1075 1517 Deiverum
1104 1460 1156 1513 in
1185 1467 1416 1527 utraque
1451 1464 1662 1511 natura.
1702 1456 1767 1509 Et
1794 1455 2122 1510 sicut.Filius

542 1559 641 1614 Dei
674 1571 797 1612 vere
821 1564 904 1610 est
926 1555 1091 1608 Filius
1112 1552 1368 1615 hominis,
1428 1552 1497 1604 ita
1535 1550 1701 1605 Filius
1723 1550 1957 1604 hominis
1995 1564 2121 1604 vere

545 1657 628 1703 est
649 1646 816 1703 Filius
840 1645 955 1699 Dei.
1004 1643 1110 1698 Sed
1133 1644 1248 1697 hcec
1262 1642 1393 1695 alias
1416 1641 1659 1711 plenius;
1690 1657 1834 1695 nunc
1860 1655 1985 1693 vero
2001 1655 2119 1708 qua:

545 1743 843 1806 sequuntur
870 1732 1162 1786 videamus.

623 1844 641 1874 ι
662 1838 687 1865 α
704 1823 806 1878 Sed
822 1825 921 1878 hoc
934 1821 1223 1891 capitulum
1243 1819 1523 1875 velutlibri
1535 1816 1694 1886 hujus
1710 1818 1908 1871 indicat
1924 1817 2083 1873 linem
2104 1835 2115 1869 :

548 1924 725 1973 tamen
754 1924 1006 1968 narratur
1033 1914 1122 1967 hic
1145 1910 1337 1967 deinde
1389 1909 1836 1980 quemadmodum
1866 1924 1924 1963 se
1952 1907 2122 1962 mani-

548 2004 828 2059 festaverit
874 2003 1131 2057 Dominus
1160 2001 1227 2055 ad
1277 2016 1425 2054 mare
1480 1999 1779 2057 'l‘ibcriadis
1804 2039 1818 2063 ,
1859 1998 1990 2059 etin
2026 2012 2119 2051 ca-

547 2102 703 2162 ptura
757 2092 982 2162 piscium
1020 2090 1477 2146 commendaverit
1514 2089 1767 2142 Ecclesia:
1815 2102 2122 2142 sacramen-

551 2185 875 2255 tum,qualis
896 2183 1069 2237 futura
1084 2192 1165 2238 est
1187 2183 1372 2237 ultima
1394 2181 1716 2235 resurrectio
1734 2179 1916 2251 [Aug.,
1934 2180 2120 2234 ultima

549 2276 964 2345 resurrectione]
994 2284 1345 2330 mortuorum.
1370 2293 1387 2324 ι
1409 2272 1531 2328 Ideo
1549 2272 1702 2341 quasi
1727 2273 1792 2325 ab
1809 2272 1912 2324 alio
1935 2271 2123 2341 incipit

546 2367 831 2438 principio,
852 2367 974 2434 quia
1003 2366 1111 2418 vita
1135 2364 1368 2418 ﬁdelium
1385 2363 1453 2416 ab
1475 2362 1582 2416 alio
1614 2370 1737 2415 tunc
1766 2361 1959 2431 incipit
1975 2362 2123 2430 prin—

549 2460 711 2530 cipio,
742 2459 838 2514 ubi
882 2458 1016 2512 nihil
1061 2455 1220 2523 hujus
1252 2454 1674 2524 perturbationis
1701 2452 1941 2507 futurum
1990 2454 2116 2515 erit,

547 2564 685 2619 quas
730 2547 825 2604 ie
852 2547 1087 2616 patimur
1116 2546 1168 2599 in
1196 2546 1298 2599 hac
1326 2545 1455 2599 vita.
1536 2542 1688 2598 Unde
1730 2550 1784 2597 et
1834 2542 1906 2595 ita
1932 2541 2122 2612 incipit

545 2638 778 2707 qualiter
803 2639 916 2692 haec
955 2635 1323 2693 tnanil’estasio
1359 2640 1503 2689 esset
1525 2641 1665 2697 acta.
1726 2631 1865 2686 Dicit
1886 2630 2059 2699 enim:

1013 2745 1178 2818 ϐω
1204 2745 1431 2800 CAPUT
1461 2743 1639 2798 xum.

549 2836 847 2906 Manifeth
898 2853 951 2890 se
996 2837 1181 2889 iterum
1212 2836 1451 2887 adnare
1479 2832 1770 2886 Tiberiadis
1818 2831 2123 2906 Wdi-

615 2903 827 2974 scijiulis
880 2907 934 2959 in
974 2916 1198 2974 captura
1243 2906 1464 2973 piscium
1497 2913 1698 2969 centum
1741 2903 2121 2973 quinquaginta

615 2978 791 3036 trium,
834 2992 951 3028 cum
974 2975 1334 3028 resurrexisset
1364 2992 1395 3026 a
1423 2974 1660 3025 mortuis.

2218 456 2669 509 resurrectionem
2699 470 2853 509 suam
2882 470 3065 509 coram
3096 456 3373 525 discipulis
3393 458 3507 513 suis
3525 459 3582 511 in
3623 458 3819 521 ﬂucti-

2217 544 2319 598 bus
2343 546 2506 600 maris
2534 545 2859 599 ambulavit?
2903 544 3067 614 Cujus
3096 546 3170 599 rei
3203 546 3342 600 ratio
3362 545 3553 602 festiue
3591 564 3815 619 cogno-

2218 635 2408 699 scitur,
2435 634 2480 691 si
2504 637 2617 706 ipsa
2647 652 2765 705 qum.
2791 646 2917 691 tunc
2941 637 3116 692 inerat
3140 652 3302 693 causa
3325 646 3596 708 pensetur.
3653 634 3810 705 Quid

2218 729 2361 785 enim
2388 744 2557 795 mare,
2610 731 2712 784 nisi
2751 745 2992 801 prtescns
3025 730 3281 785 saxulum
3333 731 3617 801 signiﬁcat,
3647 731 3809 801 quod

2219 834 2277 875 se
2311 834 2592 874 causarum
2624 821 2848 883 tumultu
2877 828 2930 875 et
2959 821 3118 876 undis
3138 821 3261 893 vita:
3287 821 3654 892 corruptibilis
3695 820 3810 876 illi-

2220 912 2334 966 dit?
2397 912 2536 981 Quid
2570 928 2667 982 per
2718 912 3041 985 soliditatem
3089 912 3305 975 littoris,
3336 913 3440 983 nisi
3475 912 3562 968 illa
3601 928 3805 991 pellic-

2222 1001 2385 1056 tuitas
2412 1002 2609 1071 quietis
2632 1010 2846 1073 πίει-μω
2870 1001 3166 1073 ﬁguratur?
3207 1001 3340 1068 Quia
3370 1003 3532 1073 igitur
3546 1003 3798 1075 discipuli

2220 1092 2396 1146 adhuc
2421 1090 2673 1145 ﬂuetibus
2694 1090 2938 1161 mortalis
2974 1091 3097 1148 vita:
3119 1092 3349 1155 inerant,
3404 1092 3458 1145 in
3488 1093 3626 1147 mari
3645 1093 3801 1159 labo-

2222 1183 2435 1237 rabant.
2492 1179 2627 1248 Quia
2658 1190 2839 1235 autem
2889 1182 3214 1251 Redetnptor
3238 1192 3426 1241 noster
3466 1182 3578 1249 jam
3608 1200 3801 1239 corm-

2220 1272 2458 1341 ptionem
2482 1271 2661 1327 carnis
2688 1278 3007 1334 excesserat,
3026 1278 3159 1343 post
3170 1272 3613 1327 resurrectionem
3637 1288 3797 1335 mam

2227 1364 2501 1431 in,li_ttore
2528 1364 2724 1419 stabat.
2780 1360 2857 1417 Ac
2902 1362 2946 1416 si
2996 1362 3170 1434 ipsum
3229 1364 3635 1419 resurrectionis
3680 1382 3801 1421 sua:

2222 1454 2538 1524 mysterium
2576 1453 2738 1507 rebus
2762 1450 3368 1525 discipulisloqucretur
3402 1452 3617 1508 dicens:
3648 1452 3795 1527 {Hic}

2216 1543 2332 1613 jam
2360 1543 2512 1599 vobis
2552 1543 2607 1597 in
2637 1542 2773 1597 mari
2799 1557 2906 1597 non
2940 1557 3195 1615 appareo,
3241 1544 3367 1615 quia
3408 1544 3690 1599 vobiscum
3744 1547 3795 1600 ia

2223 1634 2682 1704 perturbationum
2716 1630 2970 1688 ﬂuctibus
3000 1648 3107 1695 non
3132 1649 3272 1705 sum.
3305 1633 3468 1707 Facta
3489 1643 3576 1689 est
3613 1645 3794 1692 autem

2152 1719 2195 1781 Β
2223 1724 2499 1795 discipulis
2523 1724 2833 1792 piscationis
2860 1739 3053 1798 magna
3076 1724 3395 1788 .diﬂicultas,
3440 1733 3503 1778 ut
3535 1727 3795 1796 magis'ro

2224 1817 2471 1879 veniente
2517 1815 2672 1871 ﬁeret
2699 1815 3071 1883 admirationis
3096 1831 3287 1893 magna
3332 1817 3655 1885 sublirnitas,
3704 1819 3793 1890 qui

2224 1905 2469 1974 protinus
2491 1904 2654 1961 dixit:

2294 1994 2454 2053 Vnus.
2487 1992 2537 2046 6.
2561 2023 2632 2033 —-
2658 1992 2851 2047 Mittite
2895 1994 2950 2046 in
2977 1994 3244 2063 dexteram
3272 1998 3463 2069 navigii
3483 2006 3611 2063 rete,
3643 2009 3693 2052 et
3716 1999 3793 2053 in.

2222 2084 2449 2139 venietis.
2530 2084 2621 2139 Bis
2647 2084 2700 2137 in
2737 2092 2925 2138 sancto
2954 2084 3245 2154 Evangelio
3284 2086 3480 2161 legitur
3528 2088 3660 2157 quia
3687 2087 3788 2142 Do-

2223 2174 2570 2245 minusjussit
2588 2184 2648 2229 ut
2675 2175 2740 2229 ad
2766 2176 3081 2244 piscandum
3120 2177 3251 2241 retia
3282 2179 3645 2241 mitterentur,
3673 2187 3791 2233 ante

2198 2267 2526 2337 passionem
2565 2267 2816 2323 videlicet
2857 2275 2911 2321 et
2936 2276 3077 2339 post
3136 2270 3612 2323 resurrectionem.
3690 2269 3789 2331 Sed

2221 2348 2534 2428 priusquam
2552 2357 2876 2427 Redemptor
2886 2366 3071 2413 noster
3087 2367 3364 2429 pateretur
3382 2367 3436 2414 et
3466 2370 3787 2430 resurgeret,

2222 2448 2362 2501 mitti
2413 2446 2628 2516 quidem
2660 2455 2773 2505 rete
2796 2446 2871 2513 (ad
2916 2448 3227 2519 piscandum
3259 2448 3431 2515 jubet,
3473 2450 3567 2507 sed
3614 2459 3790 2507 utrum

2222 2538 2276 2592 in
2317 2538 2583 2600 dextram,
2639 2552 2707 2590 an
2738 2537 2793 2589 in
2844 2537 3119 2592 sinistram
3154 2538 3296 2592 mitti
3337 2539 3636 2611 debuisset,
3683 2556 3786 2611 npn

2215 2628 2398 2698 jubet:
2439 2634 2564 2696 post
2586 2627 3031 2683 resurrectionem
3062 2642 3187 2683 vero
3209 2629 3486 2699 discipulis
3507 2645 3786 2701 apparens,

2221 2719 2362 2773 mitti
2380 2727 2491 2773 rete
2516 2718 2569 2772 in
2592 2718 2868 2787 dexteram
2899 2718 3094 2788 navigii
3112 2719 3282 2788 jubet.
3310 2719 3370 2787 in
3391 2720 3478 2775 illa
3499 2722 3789 2791 piscatione

2222 2812 2357 2873 tanti
2377 2811 2518 2880 capti
2544 2819 2686 2875 sunt,
2736 2819 2795 2862 ut
2819 2810 2953 2866 retia
2981 2818 3387 2881 rumperentur:
3415 2813 3473 2866 in
3496 2812 3600 2867 ista
3617 2822 3787 2879 autem

2218 2910 2277 2956 et
2310 2902 2462 2957 multi
2499 2901 2643 2969 capti
2671 2908 2812 2965 sunt,
2856 2909 2910 2955 et
2940 2902 3073 2959 retia
3120 2911 3276 2972 rupta
3321 2918 3428 2965 non
3466 2915 3610 2958 sunt.
3663 2900 3789 2971 Quis

2220 3007 2350 3045 vero
2389 2992 2595 3047 nesciat
2614 2993 2784 3055 bonos
2814 2992 2867 3046 in
2909 2992 3147 3056 dextera,
3176 3000 3235 3053 et
3278 2993 3447 3059 malos
3478 2995 3537 3049 in
3575 2996 3788 3061 sinistra

614 3086 793 3149 CW“
828 3101 939 3147 xx"
972 3084 1130 3138 vms'
1162 3086 1278 3138 1⁸5·
1309 3116 1379 3125 -·
1428 3084 1786 3155 ΜαῑιίῙεε-ιαυίτ
1826 3102 1880 3151 ,se
1926 3085 2118 3149 iterum
2151 3056 2193 3113 (ἶ
2226 3081 2476 3152 ﬁgurari?
2529 3081 2621 3135 llla
2673 3097 2800 3152 ergo
2845 3082 3090 3151 piscatio,
3146 3082 3202 3137 in
3243 3056 3346 3151 qua
3384 3056 3695 3153 speciali“;
3720 3056 3791 3140 ‘h,

546 3176 615 3227 ad
667 3190 809 3226 mare
850 3172 1536 3244 1'iberiadis,manifes!avit
1584 3186 1759 3229 autem
1803 3176 1897 3241 sic.
1951 3174 2119 3229 Erant

538 3262 702 3316 simul
726 3260 916 3316 Petrus
943 3273 990 3317 et
1020 3263 1263 3328 Thomas,
1292 3266 1381 3334 qui
1407 3264 1604 3318 dicitur
1626 3263 1905 3333 Didymus,
1933 3274 1981 3318 et
2012 3262 2124 3316 Na-

546 3354 775 3416 tltanael,
807 3356 895 3424 qui
933 3365 1045 3409 erat
1086 3372 1117 3407 α
1164 3354 1313 3410 Cana
1341 3354 1596 3419 Calilwa',
1627 3366 1674 3408 et
1712 3356 1815 3423 ﬁlii
1863 3354 2119 3416 Zebcda‘i,

544 3452 591 3495 et
625 3442 717 3495 alii
746 3459 809 3496 ex
836 3442 1105 3511 discipulis
1132 3444 1246 3512 ejus
1271 3443 1397 3496 duo.
1439 3442 1575 3495 Dicit
1596 3443 1669 3495 eis
1694 3442 1873 3499 Simon
1902 3442 2121 3498 Petrus:

554 3531 700 3586 Vade
720 3533 933 3601 piscari.
965 3532 1158 3586 Dicunt
1172 3533 1254 3586 ei:
1286 3530 1529 3585 Venimus
1545 3540 1591 3583 et
1615 3547 1706 3584 nos
1726 3540 1914 3583 tecum.
1962 3531 2123 3584 Exie-

544 3634 663 3686 runt
686 3634 740 3695 et
758 3624 1098 3695 ascenderunt
1119 3625 1173 3676 in
1200 3640 1404 3686 navem,
1437 3633 1481 3675 et
1507 3623 1599 3675 illa
1631 3632 1775 3676 nocte
1802 3623 1933 3675 nihil
1977 3640 2122 3692 cepe-

547 3724 687 3767 runt.
742 3732 759 3762 σ
797 3715 824 3752 b
853 3713 1033 3777 Quaeri
1071 3713 1213 3766 enim
1237 3719 1414 3780 potest
1446 3727 1542 3773 cur
1577 3711 1798 3776 Petrus,
1832 3712 2123 3781 quilpisca-

496 3856 505 3863 ,
548 3811 633 3857 ιοι·
666 3808 789 3856 ante
836 3802 1242 3856 conversionem
1284 3802 1406 3865 fuit,
1452 3808 1577 3870 post
1611 3802 2015 3859 conversionem
2052 3802 2119 3855 ad

494 3891 897 3963 -piseationem
941 3892 1129 3949 rediit?
1184 3892 1412 3947 Etcum
1459 3893 1671 3947 Veritas
1713 3893 1901 3948 dicat:
1948 3892 2117 3949 Nemo

502 4022 509 4029 ο
549 3986 752 4039 mittens
807 3999 1021 4041 manum
1063 4000 1214 4037 suam
1255 3984 1309 4037 in
1355 3992 1609 4049 aratrum,
1658 3991 1705 4036 et
1749 3984 2004 4053 aspiciens
2043 4000 2121 4037 rc-

538 4082 646 4137 .tro,
678 4082 828 4144 aptus
857 4083 931 4131 est
960 4089 1116 4143 regno
1142 4073 1240 4127 Dei
1287 4072 1438 4141 (Luc.
1468 4089 1541 4135 ιχ,
1575 4072 1662 4143 62)
1689 4088 1704 4138 ;
1755 4088 1852 4128 cur
1905 4074 2119 4143 repetiit

544 4162 687 4230 quod
712 4162 1030 4231 dereliquit?
1075 4161 1181 4215 Sed
1205 4162 1252 4215 si
1285 4162 1456 4215 virtus
1499 4162 1838 4229 discretionis
1880 4163 2119 4223 intendi-

492 4306 495 4309 .
545 4260 634 4309 tur
686 4251 812 4323 [.Ms.
848 4260 896 4306 et
925 4248 1459 4321 Greg.,inspicitur],
1510 4251 1671 4305 citius
1711 4252 1941 4316 videtur,
1990 4253 2117 4322 quia

492 4390 497 4399 .
544 4343 798 4401 nimirum
823 4341 1094 4411 negotium
1115 4340 1257 4409 quod
1281 4347 1404 4394 ante
1425 4340 1833 4395 conversionem
1854 4342 1971 4396 sine
1988 4356 2111 4410 pec-

545 4445 668 4492 cato
693 4436 921 4497 exstitit,
956 4436 1057 4490 hoc
1084 4435 1244 4489 etiam
1281 4440 1403 4503 post
1434 4434 1840 4489 conversionem
1870 4440 2125 4505 repeteret

543 4527 705 4597 culpa
718 4541 833 4583 non
852 4525 975 4583 fuit.
1022 4525 1156 4583 Nam
1177 4527 1501 4596 piscatorem
1538 4526 1779 4591 Petrum,
1806 4526 2112 4583 Matthaeum

492 4656 497 4663 ο
545 4637 677 4675 vero
716 4620 1082 4675 .telonearium
1140 4620 1380 4686 scimus;
1437 4630 1493 4677 et
1541 4631 1663 4690 post
1708 4622 2113 4682 conversionem

547 4726 699 4764 suam
728 4750 743 4773 ,
800 4710 869 4765 ad
920 4711 1271 4779 piseationem
1327 4712 1522 4768 Petrus
1580 4713 1782 4777 rediit,
1832 4713 2115 4771 Matthaaus

543 4800 1385 4873 veroadteloneinegotiumnon
1414 4803 1570 4857 rediit
1616 4800 1819 4873 [ϐυ-ες..
1842 4818 2114 4863 nonrese-

543 4890 679 4964 dit];
702 4892 833 4962 quia
850 4901 905 4947 et
932 4893 1077 4947 aliud
1094 4901 1194 4949 .est
1216 4894 1414 4947 victum
1440 4909 1537 4964 per
1561 4893 1915 4963 piscationem
1971 4908 2115 4962 quae-

545 4996 689 5046 rere,
710 4982 869 5036 aliud
895 4982 1087 5038 telouei
1122 4982 1288 5038 lucris
1344 4983 1599 5049 exercitia
1628 4980 1805 5053 [Cm].
1826 4982 2111 5054 pecunias]

544 5086 761 5142 augere.
806 5071 965 5127 .Sunt
992 5073 1134 5128 enim
1160 5073 1421 5144 pleraque.
1436 5074 1652 5143 negotia
1690 5089 1810 5143 qua:
1841 5075 2115 5147 sine/pec-

543 5159 681 5214 catis
699 5160 943 5223 extuberi
970 5168 1064 5216 aut
1086 5161 1187 5216 .vix
1213 5171 1309 5217 aut
1353 5163 1928 5235 nullatenuspossunt.
1983 5166 2113 5233 Qua:

543 5261 677 5319 ergo
695 5248 1066 5321 ad.peecatum
1090 5252 1383 5322 implicant,
1402 5254 1521 5308 -ad.
1540 5255 1654 5313 haec
1686 5266 2017 5312 necesseest
2048 5265 2118 5311 .ut

542 5351 665 5410 post
678 5346 1769 5407 conversionemaniammnnnrecurrat.
1800 5348 1979 5416 Quaeri
2022 5364 2117 5419 po-

547 5440 651 5485 test
682 5449 781 5488 cur
816 5435 1187 5505 discipulian
1212 5439 1352 5492 mari
1376 5439 1745 5499 laborantibus
1785 5448 1907 5509 post
1936 5455 2117 5496 resur-

619 5616 641 5635 ·
687 5604 756 5656 liv
786 5607 991 5673 eodem,
1024 5617 1364 5675 tract.cxxu,
1388 5627 1533 5664 num.
1570 5612 1618 5664 l.

2225 3188 2383 3242 quam
2412 3180 2620 3241 partem
2650 3172 2786 3225 mitti
2819 3173 3149 3237 rete.debeat
3170 3188 3276 3229 non
3293 3172 3529 3242 jubetur,
3544 3190 3794 3243 praesen-

2227 3273 2333 3320 tem
2360 3264 2654 3333 Ecclesiam
2686 3265 2986 3334 designavit
3009 3281 3127 3333 qua:
3148 3267 3317 3320 bonos
3340 3264 3494 3319 simul
3518 3280 3585 3319 ac
3612 3264 3793 3321 malos

2222 3354 2454 3422 colligit;
2505 3368 2606 3409 nec
2668 3353 2816 3423 eligit
2882 3368 3016 3423 quos
3046 3356 3244 3418 trahat,
3279 3354 3396 3422 quia
3415 3362 3471 3408 et
3512 3354 3791 3422 quos_eli-

2222 3460 2350 3513 gere
2375 3447 2545 3515 possit
2578 3446 2814 3515 ignorat:
2850 3444 2965 3500 haec
2981 3453 3161 3501 autem
3190 3445 3417 3512 piscatio
3437 3453 3557 3513 post
3581 3443 3788 3499 Domini

2224 3536 2671 3590 resurrectionem
2703 3535 2863 3600 facta,
2913 3537 2966 3590 in
2993 3535 3463 3591 solamdexteram
3494 3536 3659 3590 missa
3686 3543 3783 3598 est,

2221 3625 2346 3692 quia
2373 3626 2441 3678 ad
2468 3626 2752 3680 videndam
2779 3626 3040 3681 claritatis
3063 3624 3178 3693 ejus
3204 3626 3432 3695 gloriam
3457 3626 3571 3681 sola
3596 3625 3786 3681 electo.

2221 3729 2338 3767 tum
2365 3713 2603 3768 Ecclesia
2637 3715 2901 3783 pertinget
2947 3730 3063 3782 quae
3107 3715 3173 3768 de
3204 3716 3424 3770 sinistro
3451 3730 3610 3783 opere
3656 3712 3783 3771 nihil

2222 3805 2458 3865 habebit.
2510 3804 2569 3867 In
2592 3804 2679 3858 illa
2709 3806 3004 3875 piscatione
3024 3820 3135 3874 prec
3175 3805 3517 3867 multitudine
3556 3805 3783 3870 piscium

2220 3902 2332 3949 rete
2345 3893 2634 3962 rumpitur,
2654 3895 2778 3962 quia
2803 3909 2945 3949 nunc
2970 3894 3034 3948 ad
3052 3893 3440 3951 confessionem
3465 3893 3780 3956 fidei,etiam

2220 4000 2341 4038 cum
2367 3986 2553 4041 electis
2580 3987 2788 4055 reprobi
2819 3987 2953 4061 tanti
3001 3986 3222 4051 intrant,
3267 3988 3360 4055 qui
3388 3987 3552 4056 ipsam
3575 3997 3782 4054 quoque

2219 4074 2513 4129 Ecclesiam
2543 4076 2838 4133 hmresibus
2860 4075 3158 4135 scindant:
3214 4077 3266 4129 in
3318 4077 3423 4133 ista
3453 4090 3580 4130 vero
3612 4075 3782 4144 piscao

2217 4166 2361 4221 tione
2385 4174 2439 4220 et
2464 4168 2615 4225 multi
2646 4168 2820 4236 pisces
2846 4176 2899 4221 et
2924 4168 3101 4237 magni
3124 4169 3429 4238 capiuntur,
3469 4176 3526 4222 et
3548 4177 3656 4223 rete
3679 4182 3777 4220 non

2218 4258 2502 4327 rumpitur,
2527 4260 2649 4328 quia
2678 4266 2861 4317 sancta
2890 4258 3183 4314 electorum
3204 4259 3441 4314 Ecclesia
3467 4259 3520 4313 in
3536 4258 3777 4314 continua

2217 4350 2559 4407 anetorissui
2587 4364 2718 4417 pace
2746 4350 3107 4418 requiescens,
3148 4350 3312 4404 nullis
3332 4349 3448 4416 jam
3499 4348 3780 4403 dissensio-

2217 4443 2376 4499 nibus
2403 4442 2705 4499 dilaniatur.
2750 4441 2932 4511 Captis
2960 4451 3139 4497 autem
3167 4450 3275 4496 tam
3300 4442 3506 4511 magnis
3525 4438 3777 4510 piscibus,

2219 4531 2403 4602 (Vens.
2443 4529 2530 4599 ll)
2569 4529 2799 4589 ascendit
2836 4529 3015 4585 Simon
3046 4528 3258 4594 Petrus,
3299 4541 3347 4585 et
3389 4530 3547 4585 traxit
3573 4537 3676 4582 rete
3724 4529 3781 4581 in

2213 4629 2431 4675 terram.
2477 4617 2596 4679 lam
2645 4620 2807 4681 credo
2839 4620 2981 4688 quod
3012 4630 3191 4677 vestra
3239 4620 3492 4677 Charitas
3541 4618 3783 4683 advertat

2217 4710 2348 4779 quid
2373 4718 2458 4766 est
2507 4709 2868 4778 quod.Petrus
2909 4719 3023 4765 rete
3081 4712 3148 4766 ad
3190 4721 3391 4766 terram
3444 4711 3629 4765 trahit.
3678 4707 3781 4777 ipsi

2214 4799 2411 4869 quippe
2436 4808 2625 4856 sancta
2646 4799 2886 4856 Ecclesia
2910 4806 2993 4854 est
3018 4802 3321 4868 commissa,
3349 4802 3509 4874 651
3543 4802 3639 4871 ipsi
3662 4814 3784 4872 spe-

2220 4891 2428 4946 cialiter
2459 4890 2658 4949 dicilur
2693 4909 2706 4945 :
2752 4890 2933 4945 Simon
2968 4891 3227 4956 Joannis,
3261 4910 3410 4947 amas
3457 4893 3581 4947 me?
3616 4890 3784 4947 Pasce

2218 4998 2336 5035 oves
2359 4998 2500 5036 meas
2529 4980 2712 5052 (Joan.
2735 4982 2951 5056 131,15,
2982 4982 3087 5053 16).
3125 4982 3278 5049 Quod
3302 4997 3432 5052 ergo
3448 4982 3781 5053 postmodum

2219 5072 2460 5141 aperitur
2508 5072 2563 5127 in
2604 5087 2764 5135 .voce,
2826 5074 2927 5127 hoc
2964 5071 3150 5145 [nunc]
3199 5073 3444 5142 signatur
3500 5074 3555 5127 in
3592 5087 3779 5143 opere.

2218 5162 2353 5229 Quia
2377 5162 2538 5233 igitur
2564 5161 2885 5231 prmdicator
2903 5161 3154 5219 Ecclesia:
3200 5176 3299 5223 nos
3342 5177 3375 5216 a
3396 5162 3585 5218 mundi
3616 5158 3781 5233 [vita]

2218 5251 2377 5321 hujus
2401 5252 2650 5308 ﬂuctibus
2670 5260 2903 5321 separat,
2936 5252 3187 5307 nimirum
3217 5265 3438 5308 necesse
3481 5262 3566 5307 est
3592 5262 3655 5306 ut
3676 5258 3784 5306 rete

2216 5348 2431 5418 plenum
2454 5348 2690 5417 piscibus
2711 5346 2904 5401 Petrus
2931 5347 2997 5401 ad
3020 5354 3219 5402 terram
3258 5347 3436 5401 ducat.
3501 5345 3621 5416 Ipse
3643 5344 3783 5401 enim

2214 5438 2390 5506 pisces
2416 5438 2483 5491 ad
2512 5437 2835 5492 soliditatem
2886 5436 3085 5490 littoris
3131 5438 3419 5505 pertrahit,
3462 5436 3594 5507 quia
3632 5432 3781 5507 μισ..

2283 5608 2312 5647 ι’
2347 5608 2421 5662 Ex
2457 5608 2717 5680 S.Gng.,
2741 5610 2886 5667 hom.
2917 5609 3009 5677 2i.
3035 5625 3182 5665 num.
3206 5610 3315 5665 1-6.
