4000 6190
323 291 427 345 997

1114 286 1523 341 EXEGETICA.
1564 316 1636 329 —
1672 284 2025 340 COMMENT.
2068 285 2133 340 IN
2171 284 2361 341 ΙΟᾹΝ.
2403 315 2471 327 —-
2513 286 2635 341 LIB.
2676 286 2775 341 ΥΠ.

3476 293 3580 350 Ωθε

316 397 432 470 qui]
462 359 661 453 sanctae
706 392 1101 465 przedieationis
1134 407 1266 447 voce
1304 392 1651 446 stabilitatem
1680 400 1894 447 acterna:
1921 398 1969 456 Α
1998 394 2050 449 in
2074 395 2292 449 denario
2312 394 2387 467 [et
2408 397 2597 468 gratiae
2618 396 2672 450 in
2697 396 3046 472 septenario],
3067 399 3202 457 satis
3216 415 3580 477 ροηεηιρηιει.

315 488 507 561 patriae
535 484 777 539 ﬁdelibus
803 482 1054 536 ostendit.
1119 478 1230 536 Hoc
1257 482 1368 551 egit
1390 479 1590 547 verbis,
1641 481 1743 537 hoc
1788 482 1900 551 epi-

317 575 491 633 stolis.
514 571 739 641 hocagit
762 570 1002 638 quotidie
1028 569 1410 623 miraculorum
1436 570 1626 641 signis.
1678 569 1902 637 Quoties

317 680 417 736 per
445 678 567 717 eum
589 660 657 714 ad
707 674 945 713 amorem
998 660 1195 729 quietis
1245 668 1461 714 aeterna:
1513 661 1897 724 convertimur,

317 755 530 826 quoties
554 751 607 824 [a
638 749 995 822 terrenarum]
1011 765 1190 805 rerum
1221 750 1537 804 tumultibus
1566 765 1899 820 separamur,

318 844 447 917 quid
483 843 626 898 aliud
647 857 809 912 quam
834 842 984 896 missi
1012 842 1154 896 intra
1181 849 1296 896 rete
1310 839 1434 896 ﬁdei
1457 841 1633 911 pisces
1661 842 1729 895 ad
1754 841 1903 895 littus

321 934 623 991 trahimur?
661 932 767 988 Sed
791 948 914 988 cum
934 941 1050 987 rete
1068 932 1307 1003 piscibus
1346 933 1555 1002 magnis
1588 931 1802 1000 plenum
1831 930 1905 986 di-

321 1025 483 1088 citur,
533 1023 752 1077 additur
778 1030 834 1076 et
861 1022 1096 1091 quantis,
1149 1022 1355 1077 scilicet
1400 1030 1615 1077 centum
1642 1020 1906 1092 quinqua-

324 1116 471 1185 ginta
506 1113 698 1169 tribus.
759 1111 1022 1184 Amagno
1065 1113 1323 1184 mysterio
1362 1113 1463 1167 iste
1491 1127 1749 1167 numerus
1798 1127 1905 1168 non

320 1212 504 1266 vacat,
530 1203 627 1257 sed
646 1203 881 1256 intentos
908 1217 1002 1256 vos
1030 1201 1166 1255 tanti
1195 1202 1433 1272 mysterii
1453 1200 1790 1271 profunditas
1812 1215 1907 1255 ex-

323 1301 552 1365 spectat.
608 1291 791 1361 Neque
818 1293 1015 1345 etenim
1042 1292 1357 1361 quantitatis
1376 1308 1639 1346 summam
1683 1291 1908 1346 solerter

324 1382 658 1454 evangelista
709 1382 1056 1450 exprimeret,
1097 1382 1198 1436 nisi
1243 1382 1382 1437 hanc
1435 1391 1775 1437 sacramento
1801 1382 1910 1451 pie-

325 1490 453 1529 nam
475 1488 595 1528 esse
614 1471 928 1540 judicasset.
1012 1471 1175 1526 Scitis
1200 1488 1433 1541 namque
1482 1474 1625 1543 quod
1656 1474 1708 1526 in
1738 1481 1905 1529 testa-

326 1570 509 1617 mento
534 1560 704 1614 veteri
735 1560 911 1613 omnis
948 1562 1192 1629 operatio
1219 1577 1316 1630 per
1362 1563 1608 1632 Decalogi
1656 1564 1908 1617 mandata

317 1648 667 1717 praecipitur:
691 1646 746 1700 in
769 1662 908 1702 novo
936 1658 1115 1704 autem
1141 1649 1341 1704 eisdem
1355 1651 1683 1720 operationis
1711 1652 1904 1717 virtus,

2003 486 2273 540 convenit.
2350 485 2455 541 Sed
2479 486 2635 556 plura
2657 498 2883 557 possunt
2912 489 3039 545 inde
3054 493 3382 557 considerari
3403 494 3583 553 admi~

2002 576 2210 632 ratione
2236 577 2416 648 digna,
2464 593 2583 648 qua:
2606 577 2765 645 hujus
2789 581 3046 649 temporis
3066 585 3309 653 angustia
3333 586 3580 654 prohibet

2002 682 2101 722 nos
2125 669 2304 722 omnia
2336 668 2534 723 dicere.

2073 754 2178 810 Sed
2206 755 2335 824 quid
2357 764 2440 810 est
2459 756 2601 825 quod
2614 756 2943 827 Redemptor
2962 767 3145 814 noster
3160 761 3367 830 piscem
3400 779 3577 819 assum

2000 852 2123 915 post
2152 846 2599 900 resurrectionem
2626 848 3077 915 manducavit;-et
3099 850 3151 904 in
3175 851 3277 906 alio
3292 852 3582 922 Evangelia

2003 934 2220 998 dicitur,
2268 950 2388 989 cum
2426 936 2573 1004 pisce
2622 952 2744 991 asso
2773 938 2952 994 favum
2980 941 3183 1005 mellis,
3242 943 3294 996 in
3323 943 3427 998 isto
3456 960 3583 1000 vero

2001 1040 2194 1095 partem
2213 1026 2540 1094 cumpisce?
2574 1046 2591 1078 (
2614 1026 2906 1092 Quide‘nim
2932 1031 3097 1097 piscis
3121 1048 3276 1087 assus
3297 1035 3581 1105 significat,

2004 1115 2107 1170 nisi
2128 1115 2399 1170 Christum
2426 1116 2678 1185 passum?
2755 1114 2893 1181 Quid
2919 1116 3072 1171 favus
3098 1120 3289 1183 mellis,
3312 1123 3414 1176 nisi
3447 1125 3585 1177 [tivi~

2004 1206 2193 1260 nitatis
2220 1205 2588 1260 dulcedinem?
2665 1206 2836 1262 Piscis
2860 1216 2964 1273 est,
3002 1210 3129 1277 quia
3159 1210 3270 1278 ipse
3318 1210 3486 1266 latere
3509 1214 3586 1267 di-

2003 1303 2197 1365 gnatus
2246 1294 2300 1348 in
2329 1295 2485 1363 aquis
2507 1295 2738 1363 generis
2770 1294 3008 1359 humani,
3048 1297 3167 1365 capi
3192 1297 3361 1351 voluit
3394 1299 3584 1369 laqueo

2006 1385 2198 1441 mortis
2227 1392 2442 1448 nostrae,
2470 1393 2530 1437 et
2555 1385 2707 1453 quasi
2746 1384 3088 1439 tribulatione
3108 1395 3317 1441 assatus
3339 1396 3423 1442 est
3453 1397 3588 1443 tem-

2005 1488 2137 1542 pore
2159 1472 2424 1542 passionis
2460 1489 2593 1526 suae.
2639 1471 2742 1528 Sed
2766 1474 2856 1543 qui
2881 1474 3042 1542 piscis
3063 1489 3217 1529 assus
3249 1474 3362 1530 ﬁeri
3399 1477 3587 1548 digna-

2009 1569 2096 1615 tus
2116 1570 2197 1616 est
2226 1562 2280 1615 in
2320 1563 2591 1632 passione,
2623 1560 2776 1617 favus
2802 1562 2975 1617 mellis
2999 1564 3152 1618 nobis
3178 1566 3387 1619 exstitit
3411 1567 3464 1620 in
3492 1582 3581 1622 re-

2009 1651 2360 1706 surrectione.
2406 1650 2487 1704 An
2511 1651 2602 1721 qui
2631 1651 2686 1704 in
2722 1651 2868 1719 pisce
2897 1667 3019 1706 asso
3051 1652 3265 1725 ﬁgurari
3296 1655 3464 1710 voluit
3493 1655 3589 1709 tris

315 1754 424 1807 per
448 1738 810 1808 septiformem
840 1740 1065 1808 gratiam
1089 1741 1261 1796 sancti
1301 1741 1533 1811 Spiritus
1585 1736 1981 1813 multiplica-8
2008 1740 2337 1796 bulationem
2358 1740 2623 1809 passionis
2663 1755 2791 1804 sum,
2842 1741 2894 1794 in
2921 1739 3043 1794 favo
3088 1742 3261 1797 mellis
3308 1751 3592 1813 utramque

329 1829 401 1882 tis
427 1827 672 1881 fidelibus
697 1826 884 1880 datur:
926 1844 1085 1897 quem
1106 1827 1375 1897 Propheta
1395 1831 1717 1886 denuntians
1742 1831 1904 1886 dicit:

328 1917 552 1987 Spiritus
566 1917 835 1987 sapientia:
854 1926 899 1971 et
920 1915 1227 1983 intellectus,
1245 1920 1457 1989 spiritus
1473 1920 1678 1974 consilii
1692 1930 1738 1973 et
1761 1921 1913 1990 {orti-

326 2007 546 2069 tudinis,
569 2005 783 2076 spiritus
806 2007 1034 2061 scientia:
1059 2017 1105 2061 et
1120 2009 1345 2078 pietatis,
1374 2018 1421 2062 et
1445 2008 1652 2079 replebit
1672 2027 1789 2064 cum
1808 2011 1915 2079 spi-

332 2098 462 2151 ritus
480 2098 680 2150 timoris
712 2096 923 2150 Domini
948 2095 1099 2168 (Isai.
1133 2115 1209 2162 xi,
1233 2097 1311 2168 2).
1351 2098 1456 2152 Sed
1485 2098 1572 2153 ille
1600 2099 1652 2152 in
1686 2099 1787 2152 hoc
1807 2097 1914 2167 spi-

332 2187 438 2240 ritu
453 2188 818 2256 operationem
830 2187 1075 2258 percipit,
1091 2188 1180 2257 qui
1195 2187 1638 2242 ﬁdemTrinitatis
1651 2188 1911 2257 agnoscit,

329 2289 392 2334 ut
411 2288 462 2335 et
480 2280 715 2346 Patrem,
745 2281 1023 2348 etFilium,
1052 2291 1106 2337 et
1130 2283 1377 2337 eumdem
1393 2281 1653 2351 Spiritum
1672 2291 1914 2338 sanetum

332 2373 492 2427 unius
523 2372 736 2427 virtutis
757 2372 962 2438 credat,
990 2374 1149 2428 unius
1176 2374 1490 2428 substantiae
1513 2387 1631 2428 esse
1658 2373 1912 2426 fateatur.

330 2460 467 2526 Quia
495 2460 656 2529 igitur
681 2468 906 2528 septem,
960 2476 1078 2528 quae
1109 2461 1357 2528 superius
1388 2460 1643 2525 diximus,
1688 2474 1786 2528 per
1811 2458 1919 2513 No-

308 2565 459 2603 vum
496 2549 898 2603 Testamentum
933 2549 1094 2602 latius
1125 2551 1247 2603 data
1277 2558 1424 2613 sunt,
1453 2549 1638 2604 decem
1665 2565 1794 2604 vero
1822 2564 1919 2619 per

326 2650 491 2695 vetus
516 2647 804 2709 praecepta,
857 2638 1032 2693 omnis
1060 2647 1243 2693 nostra
1270 2639 1440 2694 virtus
1466 2647 1522 2694 et
1546 2640 1795 2708 operatio
1820 2653 1923 2709 per

338 2730 522 2785 decem
552 2736 606 2783 et
633 2738 833 2799 septem
865 2729 1020 2798 plene
1058 2736 1236 2799 potest
1284 2727 1683 2798 comprehendi.
1748 2729 1919 2782 Duca-

333 2835 457 2874 mus
481 2833 609 2887 ergo
633 2833 730 2887 per
758 2819 1024 2888 trigonum
1056 2819 1243 2871 decem
1270 2824 1321 2873 et
1351 2828 1579 2887 septem,
1623 2827 1677 2871 et
1698 2818 1921 2873 veniunt

336 2907 729 2979 quinquaginta
773 2914 828 2959 et
874 2920 1058 2961 unum.
1144 2905 1248 2972 Qui
1294 2906 1534 2976 profecto
1581 2920 1838 2960 numerus
1887 2919 1917 2957 a

336 3012 532 3066 magno
562 2996 817 3066 mysterio
846 3011 950 3050 non
978 3003 1152 3059 vacat,
1193 2996 1316 3065 quia
1352 2996 1402 3048 in
1442 2994 1789 3047 Testamento
1816 2993 1919 3047 Ve-

2012 1839 2258 1886 naturam
2282 1829 2580 1899 exprimere
2595 1829 2764 1885 voluit
2777 1843 3018 1899 persona:
3030 1833 3168 1885 sum?
3206 1831 3383 1888 Favus
3394 1835 3590 1904 quippe

2013 1922 2117 1976 mel
2138 1921 2299 1993 642
2330 1922 2382 1975 in
2410 1936 2534 1976 cera
2566 1929 2677 1976 est:
2727 1921 2832 1977 mel
2856 1936 2985 1978 vero
3034 1923 3087 1977 in
3118 1938 3243 1978 cera
3268 1932 3352 1980 est
3402 1925 3593 1981 divini-

2017 2021 2097 2067 tas
2130 2013 2183 2067 in
2208 2012 2559 2066 humanitate.
2610 2011 2761 2076 Quod
2781 2011 2853 2065 ab
2875 2011 2978 2065 hac
2999 2026 3208 2079 quoque
3237 2011 3467 2067 lectione
3484 2028 3589 2067 non

2015 2101 2312 2170 discrepat:
2346 2116 2469 2154 nam
2500 2101 2729 2154 comedit
2755 2101 2954 2169 piscem
2980 2108 3033 2154 et
3064 2116 3278 2169 panem.
3327 2101 3428 2167 Qui
3448 2102 3591 2157 enim

2015 2189 2181 2242 assari
2206 2190 2442 2257 utpiscis
2464 2189 2637 2258 potuit
2664 2202 2731 2243 ex
2757 2189 3111 2254 humanitate,
3139 2205 3275 2259 pane
3302 2207 3401 2245 nos
3421 2192 3594 2246 reﬁcit

2007 2293 2081 2332 ex
2110 2278 2387 2334 divinitate
2406 2320 2419 2343 ,
2475 2279 2564 2348 qui
2601 2279 2677 2333 ait
2704 2296 2716 2331 :
2747 2276 2858 2348 Ego
2886 2295 3001 2331 sum
3027 2280 3178 2350 panis
3207 2282 3368 2347 υἰυιιδ,
3410 2282 3501 2351 qui
3529 2281 3596 2336 de

2014 2366 2139 2420 caelo
2162 2366 2402 2421 descendi
2428 2367 2610 2438 (Joan.
2640 2384 2719 2431 vr,
2737 2365 2827 2428 41,
2863 2366 2977 2437 52).
3009 2367 3209 2422 Assum
3228 2370 3603 2440 θυμω

2017 2459 2249 2511 comedit
2275 2466 2331 2511 et
2360 2473 2585 2526 panem,
2620 2460 2815 2529 ntipso
2838 2473 2935 2514 suo
2960 2460 3080 2514 cibo
3102 2460 3256 2514 nobis
3287 2461 3595 2516 ostenderet

2018 2548 2157 2617 pia.
2175 2556 2233 2602 et
2256 2548 2560 2617 passionem
2591 2563 2657 2603 ex
2682 2556 2869 2604 nostra
2898 2549 3510 2618 humanitatevpertulit,
3540 2558 3596 2604 et

2018 2637 2363 2694 refectionem
2403 2647 2644 2694 nostram
2680 2653 2754 2694 rex
2783 2653 2879 2691 sua
2935 2636 3216 2691 divinitate
3266 2640 3594 2707 procuravit.

2018 2726 2319 2782 Notandum
2337 2743 2550 2798 quoque
2572 2727 2715 2798 quod
2740 2727 2981 2782 ultimum
3011 2727 3313 2782 convivium
3338 2728 3598 2782 Dominus

2019 2815 2141 2872 cum
2167 2826 2374 2887 septem
2420 2817 2695 2887 discipulis
2723 2817 2976 2872 habuisse
3019 2817 3359 2873 describitur.
3408 2817 3602 2874 Petrus

2019 2923 2252 2977 namque
2275 2916 2330 2962 et
2377 2908 2633 2972 Thomas,
2688 2906 2984 2961 Nathanael
3012 2914 3067 2960 et
3086 2907 3189 2961 ﬁlii
3231 2908 3502 2973 Zebedtei,
3536 2918 3601 2962 .et

2022 2997 2110 3052 alii
2133 3014 2198 3051 ex
2228 2997 2503 3067 discipulis
2534 2995 2651 3065 ejus
2685 2997 2789 3052 duo
2835 2997 2887 3050 in
2912 3012 2976 3051 eo
3015 2996 3181 3052 fuisse
3209 3006 3598 3064 memorantur,

343 3064 450 3142 teri
471 3064 720 3156 legirnus,
773 3086 914 3156 quod
945 3098 1118 3141 annus
1167 3085 1639 3155 quinquagesimus
1672 3081 1919 3151 jubilmus

2021 3087 2129 3144 Cur
2159 3106 2281 3145 cum
2306 3064 2511 3159 septem
2537 3090 2814 3160 discipulis
2854 3091 3101 3146 ultimum
3127 3093 3430 3147 convivium
3459 3092 3602 3148 cele-

334 3178 518 3231 ‘mcari
543 3177 725 3245 jussus
754 3184 854 3241 est,
914 3176 965 3229 in
998 3192 1104 3247 quo
1145 3176 1395 3231 videlicet
1437 3181 1662 3229 cunctus
1691 3172 1917 3241 populus

341 3268 408 3322 ab
441 3268 585 3321 omni
637 3283 800 3336 opere
851 3269 1213 3337 requiesceret
1253 3266 1439 3337 (Leuit.
1478 3281 1603 3330 xxv,
1634 3262 1741 3334 li).
1813 3251 1946 3317 Sed'

339 3370 466 3413 vera
504 3358 719 3427 requies
746 3358 797 3411 in
826 3359 1032 3411 unitate
1052 3365 1151 3411 est.
1192 3356 1362 3411 Dividi
1393 3356 1591 3427 quippe
1624 3370 1789 3409 unum
1814 3369 1918 3408 non

343 3457 547 3519 potest:
577 3450 666 3503 ubi
700 3450 841 3502 enim
869 3450 1101 3503 scissura
1125 3448 1402 3503 divisionis
1424 3454 1522 3513 est,
1554 3462 1683 3501 vera
1707 3445 1920 3514 requies

343 3556 448 3595 non
474 3549 574 3595 est.
631 3543 899 3596 Ducamns
944 3558 1071 3613 ergo
1097 3556 1192 3612 per
1223 3542 1492 3610 trigonum
1532 3539 1921 3610 quinquaginta

347 3639 399 3684 et
420 3647 608 3696 unum,
662 3639 716 3685 et
765 3631 899 3685 ﬁunt
934 3641 1147 3685 centum
1194 3631 1579 3701 quinquaginta
1608 3629 1732 3683 tria.
1785 3628 1921 3695 Quia

350 3720 515 3789 igitur
536 3730 589 3775 et
617 3722 791 3776 omnis
816 3722 1056 3790 operatio
1086 3728 1270 3777 nostra
1300 3728 1353 3775 et
1368 3721 1539 3775 virtus
1567 3721 1619 3773 in
1675 3718 1779 3773 ﬁde
1806 3718 1925 3771 Tri-

349 3812 533 3868 uitatis
563 3813 800 3869 exhibita
833 3815 899 3867 ad
928 3814 1163 3882 requiem
1192 3811 1381 3875 tendit,
1422 3818 1627 3879 septem
1656 3816 1709 3862 et
1740 3810 1923 3863 decem

351 3911 432 3959 ter
460 3904 719 3965 ducimus,
748 3911 809 3957 ut
854 3905 918 3957 ad
955 3903 1339 3971 quinquaginta
1361 3906 1414 3953 et
1439 3914 1604 3952 unum
1631 3898 1813 3950 venire
1834 3898 1927 3950 de-

347 3994 588 4050 beamus.
643 3994 710 4046 Et
736 4009 861 4046 vera
888 4002 1069 4046 nostra
1093 3992 1302 4059 requies
1327 3999 1455 4043 tunc
1476 3997 1578 4052 est,
1604 4004 1726 4042 eum
1754 3990 1925 4057 ipsam

345 4090 454 4158 jam
486 4086 783 4140 claritatem
816 4084 1093 4139 Trinitatis
1116 4082 1475 4154 agnoscimus,
1516 4097 1677 4151 quam
1714 4082 1767 4134 in
1800 4080 1928 4137 Uni-

353 4182 466 4229 tate
489 4173 785 4228 divinitatis
810 4189 929 4228 esse
957 4180 1163 4227 certum
1189 4181 1452 4226 tenemus.
1532 4169 1927 4241 Quinquaginta

354 4274 409 4319 et
430 4280 593 4318 unum
614 4274 696 4319 ter
717 4265 974 4331 ducimus,
1030 4272 1084 4319 et
1121 4264 1414 4320 electorum
1443 4279 1707 4318 summam
1755 4264 1809 4318 in
1840 4280 1930 4319 su-

356 4360 521 4423 perna
550 4355 741 4423 patria,
782 4355 935 4423 quasi
963 4362 1176 4410 centum
1226 4353 1613 4424 quinquaginta
1655 4354 1815 4408 trium
1841 4354 1927 4422 pi-

2017 3179 2159 3245 brat,
2210 3181 2311 3235 nisi
2335 3182 2460 3250 quia
2486 3196 2580 3237 eos
2606 3182 2997 3245 tantummodo,
3028 3183 3120 3252 qui
3143 3182 3442 3252 septiformi
3478 3198 3603 3254 gm-

2020 3271 2094 3324 tia
2119 3273 2290 3327 sancti
2312 3272 2546 3343 Spiritus
2570 3274 2711 3342 pleni
2728 3283 2872 3339 sunt,
2900 3272 3112 3329 futuros
3124 3290 3304 3330 secum
3323 3276 3377 3331 in
3399 3284 3600 3337 aeterna

2018 3360 2311 3417 refectione
2339 3365 2651 3420 denuntiat?
2723 3364 2941 3435 Septem
2966 3379 3178 3436 quoque
3209 3367 3399 3423 diebus
3444 3381 3604 3423 omne

2020 3453 2124 3507 hoc
2168 3462 2380 3524 tempus
2427 3454 2718 3510 evolvitur:
2766 3464 2822 3510 et
2854 3472 2994 3527 sazpe
3019 3458 3329 3526 septenario
3377 3471 3606 3511 numero

2020 3542 2280 3613 perfectio
2310 3544 2639 3614 designatur.
2704 3545 2781 3598 llli
2836 3562 2963 3615 ergo
3014 3546 3207 3600 ultimo
3262 3544 3509 3600 convivio
3534 3547 3606 3601 de

2021 3633 2306 3700 praesentia
2329 3633 2572 3687 veritatis
2609 3634 2913 3700 epulantur,
2965 3635 3056 3700 qui
3083 3648 3228 3687 nunc
3260 3632 3609 3700 perfectionis

2023 3722 2201 3776 studio
2227 3730 2434 3774 terrena
2465 3720 2868 3785 transcendunt,
2893 3736 3026 3789 quos
3052 3723 3236 3777 mundi
3267 3708 3425 3790 hujus
3450 3739 3606 3785 amor

2024 3826 2131 3864 non
2154 3811 2346 3879 alligat,
2380 3810 2573 3877 quibus
2595 3810 2696 3864 etsi
2719 3818 2986 3882 utcunque
3009 3829 3106 3882 per
3129 3822 3462 3871 tentamenta
3498 3816 3599 3872 ob-

2026 3897 2239 3964 strepit,
2288 3904 2462 3964 ceepta
2490 3905 2668 3951 tamen
2698 3913 2882 3952 eorum
2922 3903 3183 3957 desideria
3213 3920 3318 3959 non
3343 3905 3600 3961 retundit.

2026 3988 2102 4043 De
2133 3988 2237 4041 hoc
2263 3996 2503 4043 extremo
2532 3989 2777 4043 convivio
2807 3989 2941 4044 alias
2966 4006 3062 4059 per
3095 3992 3353 4047 Joannem
3379 3995 3609 4049 dicitur:

2027 4077 2178 4132 Beati
2202 4080 2291 4150 qui
2311 4079 2379 4132 ad
2401 4096 2595 4134 cernam
2620 4082 2919 4156 nuptiarum
2933 4081 3069 4151 Agni
3090 4084 3257 4136 vocati
3283 4092 3401 4136 sunt
3419 4082 3609 4153 (Apoc.

2028 4184 2146 4234 xxx,
2172 4168 2249 4240 9).
2312 4169 2516 4225 Idcirco
2537 4171 2680 4225 enim
2707 4187 2812 4226 non
2839 4172 2904 4225 ad
2934 4172 3235 4241 prandium,
3276 4174 3370 4227 sed
3398 4173 3464 4227 ad
3499 4188 3608 4229 co:-

2029 4275 2154 4315 nam
2182 4270 2401 4318 vocatos
2423 4270 2623 4325 narrat,
2677 4263 2800 4332 quia
2832 4262 3086 4317 nimirum
3131 4263 3182 4316 in
3214 4262 3320 4318 ﬁne
3344 4262 3448 4317 diei
3472 4278 3606 4318 con-

2030 4352 2229 4406 vivium
2256 4368 2407 4408 coena
2430 4362 2530 4408 est.
2582 4353 2682 4419 Qui
2704 4370 2830 4423 ergo
2854 4352 3004 4408 ﬁnito
3026 4354 3308 4421 praesentis
3333 4355 3455 4408 vita:
3477 4363 3611 4408 tem-

356 4444 525 4497 scium
554 4456 837 4498 numerum
863 4453 1126 4501 tenemus.
1172 4443 1299 4498 Post
1323 4444 1772 4500 resurrectionem
1801 4459 1939 4500 vero
1959 4421 2012 4483 θ
2033 4458 2164 4515 pore
2178 4444 2244 4499 ad
2261 4442 2603 4499 refectionem
2626 4459 2870 4512 supernae
2883 4443 3345 4513 contemplationis
3364 4443 3611 4504 veniunt,

358 4530 569 4589 Domini
625 4535 846 4588 missum
879 4543 991 4589 rete
1019 4535 1237 4606 dignum
1264 4535 1384 4602 fuit,
1414 4546 1474 4590 ut
1501 4543 1580 4591 tot
1623 4537 1799 4608 pisces
1841 4552 1931 4591 ea—

354 4635 528 4697 peret,
566 4635 696 4696 quot
720 4627 1052 4682 solummodo
1076 4628 1276 4683 electos
1304 4628 1450 4684 cives
1479 4643 1723 4697 supernce
1743 4628 1933 4699 patria:

359 4717 717 4786 designarent.
742 4736 759 4767 1
778 4716 871 4770 Est
890 4731 1100 4786 quoque
1126 4717 1227 4771 alia
1258 4718 1561 4787 supputatio
1582 4716 1739 4786 hujus
1759 4726 1935 4787 septe-

357 4807 496 4860 narii
527 4806 604 4878 [et
624 4805 863 4878 idenarii]
891 4807 1118 4861 numeri.
1155 4804 1290 4862 Nam
1318 4809 1362 4862 si
1398 4809 1466 4863 ab
1494 4824 1601 4864 uno
1630 4823 1815 4863 omnes
1834 4825 1935 4863 nu-

360 4913 538 4953 meros
550 4907 827 4969 computes
850 4914 1019 4967 usque
1041 4900 1106 4953 ad
1123 4899 1305 4953 decem
1332 4908 1381 4953 et
1406 4908 1609 4968 septem
1630 4900 1731 4955 hoc
1745 4900 1932 4953 modo:

361 5001 550 5055 unum,
578 4990 702 5056 duo,
735 4998 842 5044 tres
866 4990 1031 5055 ﬁunt;
1063 4990 1197 5045 adde
1229 4999 1363 5056 tres,
1417 4991 1552 5045 ﬁunt
1578 5007 1700 5055 sex;
1736 4991 1820 5044 his
1843 4991 1937 5045 ad-

359 5077 521 5149 junge
551 5091 800 5150 quatuor,
833 5081 964 5136 ﬁunt
993 5081 1208 5146 decem;
1254 5081 1341 5137 his
1365 5081 1617 5152 quinque,
1642 5089 1695 5135 et
1716 5079 1941 5135 habebis

367 5171 701 5240 quindecim;
732 5180 787 5225 et
819 5174 897 5227 sic
923 5173 1290 5229 crescentibus
1310 5173 1548 5228 numeris
1577 5181 1632 5227 et
1681 5170 1938 5240 multipli-

368 5259 505 5315 catis
542 5274 713 5329 usque
738 5260 806 5314 ad
830 5260 1016 5316 decem
1049 5272 1104 5318 et
1126 5272 1356 5334 septem,
1417 5264 1473 5315 Iit
1501 5262 1739 5316 omnium
1757 5275 1943 5315 nume-

367 5360 553 5403 rorum
578 5362 787 5402 summa
813 5347 1058 5414 istorum,
1087 5353 1176 5419 qui
1202 5351 1626 5421 multiplicantur
1646 5350 1714 5405 ab
1727 5365 1834 5404 uno
1855 5362 1944 5403 us-

369 5452 476 5508 que
505 5440 572 5495 ad
603 5440 788 5496 decem
815 5446 870 5494 et
896 5447 1119 5508 septem,
1154 5452 1367 5497 centum
1403 5442 1788 5513 quinquaginta
1818 5441 1941 5494 tria.

370 5528 500 5594 Quae
520 5530 847 5601 computatio
880 5530 1143 5599 superiori
1168 5530 1561 5600 signiﬁcationi,
1597 5530 1648 5585 id
1682 5539 1782 5597 est,
1814 5528 1948 5599 legis

444 5651 469 5679 ι
510 5641 585 5693 Ex
616 5639 673 5694 S.
702 5639 860 5709 Aug.,
891 5647 1047 5693 tract.
1082 5655 1273 5705 cum,
1305 5656 1454 5693 num.
1491 5641 1608 5696 1-5.

2036 4550 2142 4589 non
2189 4535 2255 4591 ad
2284 4534 2418 4605 Agni
2460 4533 2766 4604 prandium,
2815 4534 2909 4588 scd
2953 4534 3018 4588 ad
3068 4550 3279 4591 coenam
3328 4543 3606 4589 vocantur.

2034 4625 2166 4692 Qua:
2190 4627 2440 4682 videlicet
2460 4644 2613 4684 omna
2640 4628 2740 4682 hoc
2763 4628 2950 4685 ultimo
2980 4630 3223 4684 convivio
3268 4628 3609 4698 exprimitur,

2039 4718 2123 4774 cui
2150 4726 2357 4787 septem
2377 4720 2621 4789 discipuli
2650 4721 2840 4777 adesse
2868 4729 3261 4787 memorantur,
3310 4722 3436 4789 quia
3472 4719 3612 4784 illos,

2038 4816 2099 4863 ut
2124 4808 2377 4872 diximus,
2403 4817 2531 4864 tunc
2553 4809 2763 4865 interna
2786 4809 3008 4866 refectio
3030 4808 3186 4879 [Ms.,
3206 4807 3519 4880 refectione]
3533 4823 3614 4863 re-

2039 4904 2214 4966 parat,
2262 4897 2353 4966 qui
2375 4897 2515 4967 pleni
2538 4913 2678 4953 nune
2699 4882 3190 4968 septiformi'gratia
3217 4898 3270 4952 in
3287 4913 3481 4957 amore
3496 4896 3618 4966 Spir

2041 4994 2177 5049 ritus
2203 4993 2479 5048 anhelant.
2510 5012 2530 5046 1

2119 5102 2138 5134 1
2169 5096 2193 5123 ει
2224 5084 2283 5139 ln
2305 5100 2370 5141 eo
2395 5088 2535 5156 quod
2562 5084 2721 5140 tertio
2748 5085 3009 5140 Dominus
3028 5091 3148 5154 post
3170 5077 3617 5138 resurrectionem

2044 5173 2409 5231 manifestavit
2445 5189 2505 5230 se
2555 5175 2828 5243 discipulis
2856 5176 2990 5240 suis,
3043 5173 3189 5228 beati
3212 5171 3617 5229 Joannisevan-

2043 5266 2249 5335 gelistac
2275 5266 2620 5338 Evangelium
2646 5265 2977 5320 terminatur.
3029 5264 3214 5333 (Vens.
3242 5261 3353 5332 i2.)
3382 5260 3521 5317 Dicit
3547 5261 3622 5315 eis

2043 5356 2234 5411 Iesus:
2272 5356 2475 5421 Venite,
2503 5355 2773 5426 prandete.
2841 5354 2909 5408 Et
2945 5369 3092 5406 nemo
3116 5351 3346 5407 audebat
3392 5350 3620 5411 discum-

2046 5449 2274 5505 bentium
2300 5450 2619 5519 interrogare
2641 5463 2760 5502 eum
2781 5459 2799 5497 :
2850 5445 2933 5499 Tu
2948 5444 3067 5516 quia
3087 5445 3180 5499 es?
3227 5444 3446 5499 scientes
3470 5442 3621 5514 quia

2049 5544 2301 5600 Dominus
2323 5551 2415 5596 est.
2449 5539 2650 5595 Sensus
2671 5552 2798 5609 ergo
2820 5538 2906 5592 hic
2932 5546 3043 5593 est:
3082 5536 3248 5591 Tanta
3279 5534 3625 5590 eratcviden-
