4000 6190
484 291 588 347 999

1324 291 1385 346 Β.
1427 292 1486 344 F.
1529 288 1752 343 ALBINI
1792 288 1922 345 SEU
1961 287 2233 344 ALCUINI
2273 288 2552 346 OPERUM
2595 287 2770 343 PARS
2807 288 2865 343 ll.

3582 287 3726 342 1000

484 406 560 460 tia
581 401 846 467 veritatis,
888 403 1008 471 quia
1036 403 1219 473 [Aug.,
1254 402 1381 474 qua]
1433 400 1588 456 Jesus
1624 401 1730 456 illis
1777 401 2051 470 discipulis
2081 407 2125 463 Α
2155 401 2242 454 nia
2273 419 2286 453 :
2325 420 2342 452 ι
2387 402 2523 456 sicut
2552 401 2651 456 iste
2690 401 2829 454 idem
2859 399 3091 453 Joannes
3121 408 3373 455 testatur.
3407 398 3573 455 multa
3601 414 3734 456 eum

484 496 794 567 apparebat,
829 501 890 547 ut
911 508 1096 548 eorum
1122 509 1229 548 non
1258 494 1429 549 solum
1454 507 1672 564 negare,
1694 491 1785 546 scd
1816 507 1882 546 ne
1901 492 2054 546 dubi-

485 596 600 640 tare
642 583 852 652 quidem
882 583 1020 636 ullus
1068 583 1316 636 auderet:
1370 583 1620 651 quoniam
1671 581 1714 635 si
1769 581 2052 650 quisquam

482 674 768 737 dubitaret,
806 672 988 741 utique
1042 671 1371 740 interrogare
1403 671 1638 724 deberet.
1693 668 1781 721 Sic
1816 683 1945 738 ergo
1973 666 2054 720 di-

481 771 625 818 ctum
666 769 775 816 est:
821 760 990 815 Nemo
1020 760 1246 814 audebat
1283 760 1636 829 interrogare:
1703 757 1779 810 Tu
1814 757 1929 830 quis
1975 773 2050 819 es,

479 869 542 909 ac
564 855 609 908 si
634 854 928 908 diceretur:
983 852 1150 906 Nemo
1174 851 1404 906 audebat
1431 851 1698 913 dubitare,
1745 852 1884 918 quod
1941 850 2052 917 ipse

478 953 640 998 esset.
679 942 846 1013 (Vsus
872 942 983 1012 15.)
1018 961 1036 992 ‹
1068 941 1136 996 Et
1165 943 1296 996 venit
1336 939 1513 1006 Iesus,
1546 950 1592 994 et
1623 941 1816 1010 accepit
1841 956 2050 1010 panem,

478 1043 526 1088 et
553 1033 693 1087 dedit
717 1033 824 1098 eis;
850 1044 898 1086 et
912 1033 1101 1103 piscem
1124 1032 1384 1086 similiter.
1418 1032 1556 1086 Ecce
1571 1031 1770 1085 dictum
1787 1039 1869 1084 est
1889 1030 2050 1084 etiam

481 1125 609 1194 quid
633 1125 980 1192 pranderent,
1031 1124 1095 1176 de
1117 1122 1268 1190 cujus
1301 1121 1690 1192 significatione
1715 1123 1766 1175 in
1805 1122 2050 1192 superio—

481 1212 629 1268 ribus
659 1213 908 1266 diximus.
979 1208 1238 1280 Superius
1264 1225 1474 1280 quoque
1501 1217 1776 1264 narratum
1806 1218 1888 1263 est
1911 1210 2052 1278 quod

481 1303 748 1371 discipuli,
789 1299 1003 1369 quando
1045 1301 1434 1354 descenderunt
1461 1299 1513 1352 in
1543 1307 1761 1363 terram,
1806 1299 2054 1351 viderunt

481 1408 677 1460 prunas
704 1391 906 1459 positas
949 1398 1001 1444 et
1038 1391 1239 1458 piscem
1273 1390 1687 1460 superpositum,
1734 1398 1786 1443 et
1833 1404 2048 1457 panem.

483 1482 578 1536 Ubi
606 1496 708 1534 non
737 1489 817 1533 est
839 1479 1234 1550 intelligendum
1257 1479 1419 1532 etiam
1462 1493 1652 1546 panem
1678 1476 1841 1530 fuisse
1867 1493 2053 1546 super-

479 1570 706 1636 positum
728 1569 932 1637 prunis,
961 1569 1051 1622 sed
1077 1578 1280 1621 tantum
1317 1567 1764 1629 subaudiendum,
1793 1567 2047 1620 viderunt.

477 1660 628 1726 Quod
655 1660 874 1713 verbum
896 1660 938 1712 si
966 1668 1268 1727 repetamus
1289 1673 1353 1712 eo
1372 1659 1488 1711 loco
1509 1660 1599 1712 ubi
1625 1659 2050 1712 subaudiendum

2155 488 2344 544 fecisse
2371 505 2488 558 qua:
2517 505 2623 544 non
2653 499 2780 544 sunt
2799 491 3016 560 scripta.

2223 576 2574 651 [Invenimus]
2607 579 2818 633 collatis
2844 578 3251 648 Evangeliorum
3276 581 3598 637 testimoniis
3626 579 3729 639 de-

2151 667 2261 720 cies
2293 667 2574 722 Dominum
2598 669 2774 722 visum
2798 683 2917 723 esse
2939 671 3005 723 ab
3028 671 3353 736 hominibus,
3379 687 3410 726 a
3437 673 3516 728 die
3542 675 3736 742 prima

2151 755 2560 811 resurrectionis
2603 772 2712 812 sum
2749 773 2918 826 usque
2957 760 3024 813 ad
3076 759 3216 815 diem
3259 762 3734 832 quadragesimum

2152 846 2482 899 ascensionis
2512 859 2640 900 suzc.
2686 845 2868 900 Primo
2923 848 3135 917 quidem
3182 848 3362 904 Mariae
3405 849 3736 920 Magdalenm

2152 935 2300 990 ﬂenti
2329 935 2396 990 ad
2423 945 2860 1003 monumentum;
2904 935 3095 994 deinde
3121 939 3294 994 eidem
3338 940 3532 1007 Mariae,
3558 951 3610 997 et
3644 943 3733 996 al-

2154 1027 2253 1080 teri
2295 1025 2539 1095 ejusdem
2571 1026 2801 1082 nominis
2843 1027 3073 1095 femime,
3101 1030 3527 1101 regredientibus
3550 1049 3580 1086 a
3605 1049 3730 1088 mo-

2152 1123 2406 1170 numento
2443 1116 2688 1171 nuntiare
2709 1118 2983 1188 discipulis
3005 1134 3122 1189 qua:
3147 1119 3220 1174 ibi
3253 1121 3514 1187 viderant,
3534 1137 3666 1178 occu
3677 1140 3722 1177 r-

2153 1223 2277 1262 rens
2298 1209 2574 1278 apparuit;
2629 1211 2788 1264 tertio
2834 1209 3040 1264 Simoni
3095 1211 3274 1276 Petro,
3303 1211 3430 1267 licet
3473 1214 3573 1269 hoc
3612 1231 3730 1270 non

2153 1297 2380 1366 legatur,
2412 1298 2501 1350 ubi
2553 1306 2696 1352 esset
2738 1297 2960 1363 factum,
3011 1307 3185 1354 tamen
3235 1299 3435 1354 factum
3484 1317 3598 1356 esse
3648 1319 3729 1358 ex

2152 1387 2439 1456 Evangelia
2461 1386 2620 1442 Luca:
2643 1388 2960 1452 invenimus,
2981 1387 3071 1442 ubi
3093 1387 3169 1441 ait
3189 1387 3476 1459 discipulos
3491 1389 3725 1448 dixisse:

2155 1473 2291 1540 Quia
2319 1491 2431 1528 vere
2450 1477 2676 1529 surrexit
2702 1476 3037 1539 Dominus,ct
3069 1479 3309 1546 apparuit
3341 1477 3541 1533 Simoni
3568 1481 3725 1552 (Luc.

2153 1579 2301 1627 xxiv,
2323 1564 2436 1634 54).
2461 1563 2686 1631 Quarto,
2717 1565 2966 1636 Cleopha:
2997 1575 3050 1620 et
3098 1567 3244 1622 socio
3273 1567 3415 1635 ejus,
3449 1586 3574 1623 cum
3604 1572 3730 1640 qui-

2152 1651 2252 1706 bus
2275 1652 2389 1720 ipse
2412 1652 2664 1722 gradiens
2691 1654 2740 1708 in
2763 1654 3039 1718 Emmaus,
3065 1653 3195 1708 inibi
3217 1653 3269 1709 in
3292 1658 3445 1725 panis
3463 1656 3729 1714 fractione

476 1758 578 1811 est,
610 1750 681 1804 ita
709 1757 874 1802 totum
905 1749 1005 1803 diei
1036 1756 1233 1817 potest:
1275 1749 1538 1803 Viderunt
1576 1765 1775 1818 prunas
1821 1749 2046 1818 positas,
2081 1738 2126 1796 Β
2153 1742 2396 1812 ωεηὶιυε
2418 1751 2498 1797 eSl
2525 1783 2537 1794 ι
2571 1743 2660 1812 qui
2702 1757 2822 1797 mox
2864 1743 3065 1798 Υετθΐεὶ
3094 1743 3536 1816 Hierosolymam.
3573 1750 3714 1804 inve-

477 1847 530 1892 et
572 1839 771 1907 piscem
815 1839 1204 1907 superpositum
1233 1836 1551 1910 [viderunt],
1595 1839 1843 1894 viderunt
1869 1848 1924 1894 et
1952 1855 2049 1909 pa-

476 1944 618 1983 nem.
682 1929 776 1983 Vel
809 1929 880 1983 ita
928 1931 1136 1998 potius:
1190 1929 1450 1984 Viderunt
1493 1945 1694 1998 prunas
1730 1931 1956 1999 positas,
1996 1941 2052 1985 et

473 2019 674 2090 piscem
731 2021 1141 2090 superpositum,
1191 2019 1440 2074 viderunt
1466 2029 1521 2076 et
1544 2037 1760 2090 panem.
1822 2021 2051 2078 Jubente

475 2109 635 2163 etiam
701 2109 924 2163 Domino
968 2110 1260 2163 attulerunt
1294 2119 1348 2163 et
1390 2113 1454 2165 de
1484 2112 1724 2181 piscibus
1765 2127 1898 2182 quos
1951 2113 2052 2182 ipsi

475 2205 754 2268 ceperant:
799 2198 940 2266 quod
980 2214 1072 2253 eos
1115 2198 1306 2254 fecisse
1334 2202 1580 2269 quamvis
1603 2219 1630 2255 a
1661 2211 1917 2257 narrante
1945 2219 2050 2257 non

477 2288 548 2342 sit
569 2302 904 2357 expressum,
936 2296 1111 2343 tamen
1142 2289 1423 2344 Dominum
1447 2291 1671 2360 iussisse.
1695 2307 1798 2346 non
1829 2295 2049 2347 tacitum

474 2387 576 2433 est.
606 2379 693 2431 Ait
715 2379 856 2432 enim
885 2395 896 2430 :
936 2378 1130 2448 A/ferte
1154 2380 1217 2433 de
1235 2381 1460 2450 piscibus
1485 2398 1614 2452 quos
1641 2383 2052 2453 appreltendistis

476 2485 632 2522 nunc.
693 2469 760 2523 Et
792 2471 973 2540 utique
987 2471 1210 2539 jubente
1251 2472 1361 2538 illo,
1407 2487 1501 2527 eos
1552 2489 1657 2528 non
1685 2473 1876 2529 fecisse
1924 2477 2048 2546 quis

475 2558 698 2612 credat?
761 2557 896 2613 Hinc
930 2573 1055 2629 ergo
1084 2558 1206 2615 fecit
1236 2561 1518 2629 prandium
1555 2563 1810 2618 Dominus
1838 2563 1942 2617 illis
1967 2578 2052 2617 se-

473 2649 906 2719 ptemdiscipulis
932 2651 1080 2705 suis:
1133 2651 1198 2705 de
1234 2651 1384 2721 pisce
1421 2652 1646 2717 scilicet,
1675 2669 1833 2722 quam
1865 2654 2051 2724 prunis

474 2739 868 2808 superpositum
897 2740 1162 2806 viderant,
1193 2741 1319 2795 huic
1365 2742 1658 2813 adiungens
1679 2759 1744 2798 ex
1783 2744 1886 2798 illis
1916 2761 2050 2814 quos

474 2837 753 2896 ceperant,
793 2836 847 2882 et
879 2829 943 2884 de
974 2844 1108 2899 pane
1142 2844 1300 2898 quem
1349 2831 1697 2887 nihilominus
1721 2848 1814 2888 eos
1851 2835 2050 2892 vidisse

478 2928 754 2973 narratum
777 2928 879 2974 est.
928 2919 1098 2973 Piscis
1133 2935 1306 2984 assus,
1332 2930 1392 2974 ut
1417 2922 1669 2988 diximus,
1697 2923 1942 2981 Christus
1967 2935 2050 2983 est

472 3025 686 3080 passus,
730 3011 841 3080 ipse
871 3017 947 3064 est
1001 3018 1055 3062 et
1089 3011 1262 3079 panis,
1325 3013 1411 3080 qui
1463 3013 1527 3069 de
1572 3015 1707 3068 coelo
1754 3017 2044 3072 descendit.

475 3077 585 3154 iluc
609 3077 975 3154 corroboravit
995 3077 1288 3155 Ecclesium
1315 3077 1498 3174 [itugq
1522 3103 1655 3159 iiuic
1684 3106 2051 3175 incorporatur
2076 3077 2122 3139 Ο

479 3187 775 3258 Ecclesia],
828 3188 892 3241 ad
915 3189 1340 3260 participandum
1363 3193 1743 3248 beatitudinem
1772 3197 2057 3265 sempiter-

471 3292 626 3339 nam;
655 3295 673 3328 ι
709 3291 826 3345 quae
856 3279 1015 3332 etiam
1045 3280 1095 3332 in
1120 3280 1202 3334 his
1226 3289 1429 3350 septem
1454 3283 1730 3352 discipul's
1754 3285 2049 3354 signiﬁcata

475 3371 578 3428 est,
621 3380 740 3433 qua:
761 3381 882 3419 cum
906 3367 1120 3421 Christo
1150 3368 1202 3420 in
1235 3376 1432 3421 aeterna
1455 3371 1783 3426 beatitudine
1811 3382 1932 3442 post
1970 3373 2049 3426 la-

471 3455 630 3509 bores
655 3455 810 3523 hujus
833 3456 1011 3510 surculi
1039 3464 1320 3524 regnatura
1347 3459 1468 3512 erit.
1523 3478 1538 3509 ι
1565 3459 1700 3515 Hine
1729 3460 2046 3534 [Aug.,Hic]

467 3545 609 3597 extim
633 3544 892 3608 Ecclesia,
921 3545 1093 3614 qualis
1121 3547 1174 3598 in
1203 3546 1329 3600 solis
1355 3549 1508 3602 bonis
1538 3548 1714 3604 futura
1737 3562 1838 3617 est,
1879 3553 2046 3623 signi-

470 3635 661 3690 ficatur
707 3651 802 3706 per
851 3645 1129 3706 capturam
1185 3646 1398 3691 centum
1457 3642 1842 3710 quinquaginta
1882 3644 2046 3697 trium

467 3728 724 3794 piscium:
754 3729 880 3780 etin
906 3730 987 3780 eis
1007 3729 1094 3795 qui
1119 3729 1230 3780 haec
1258 3729 1502 3791 credunt,
1530 3739 1769 3800 sperant,
1796 3733 2042 3804 diligunt,

470 3817 806 3884 participatio
832 3823 992 3868 tanta!
1016 3816 1363 3871 beatitudinis
1391 3833 1489 3887 per
1519 3821 1619 3874 hoc
1647 3822 1930 3887 prandium
1953 3825 2046 3878 de—

470 3914 818 3960 monstratur.

538 3998 698 4071 65.3
713 3999 870 4054 Vens.
890 4000 973 4053 Μ.
996 4031 1064 4040 -
1079 4001 1191 4055 Hoc
1207 4001 1322 4072 jam
1341 4004 1514 4068 tertio,
1533 4005 1721 4074 inquit,
1738 4007 2042 4077 manifesta-

474 4098 552 4142 tus
576 4099 648 4142 est
675 4088 711 4143 Ι
715 4107 830 4144 esus
852 4090 1119 4160 discipulis
1131 4093 1257 4155 suis,
1277 4109 1389 4146 cum
1409 4097 1716 4150 surrexisset
1741 4115 1771 4151 a
1797 4101 2035 4165 mortuis,

470 4178 620 4246 Quod
649 4195 750 4234 non
800 4181 866 4234 ad
905 4181 1048 4250 ipsas
1092 4182 1597 4250 demonstrationes,
1630 4187 1721 4241 sed
1753 4185 1890 4259 [ad]
1923 4189 2038 4244 dies

468 4271 668 4326 referre
693 4271 947 4325 debemus
975 4290 988 4324 :
1029 4272 1080 4326 id
1109 4281 1208 4334 est,
1235 4273 1411 4342 primo
1433 4275 1534 4339 die,
1554 4291 1675 4330 cum
1701 4281 2031 4347 resurrexit;

465 4369 519 4416 et
545 4367 664 4430 post
685 4360 798 4414 dies
825 4369 964 4423 octo,
998 4361 1216 4430 quando
1243 4361 1533 4432 discipulus
1555 4365 1791 4423 Thomas
1822 4369 1958 4424 vidit
1980 4378 2037 4425 et

465 4451 720 4516 credidit;
752 4459 804 4504 et
827 4451 984 4505 hodie
1011 4452 1222 4521 quando
1248 4453 1350 4508 hoc
1377 4454 1442 4508 de
1468 4455 1704 4526 piscibus
1730 4457 1884 4525 fecit;
1913 4469 2034 4530 post

463 4550 593 4610 quot
622 4550 798 4596 autem
826 4542 940 4597 dies
959 4543 1012 4597 id
1040 4542 1245 4610 fecerit,
1276 4545 1365 4600 hic
1392 4547 1589 4602 dictum
1616 4565 1720 4604 non
1750 4558 1832 4606 est
1860 4569 1872 4605 :
1907 4567 2032 4608 nam

465 4631 578 4700 ipso
606 4633 780 4702 primo
819 4633 904 4688 die
941 4647 1045 4688 non
1086 4635 1251 4690 semel
1277 4637 1426 4692 visus
1455 4645 1556 4703 est,
1584 4640 1724 4695 sicut
1769 4641 2033 4714 evangeli-

462 4728 664 4776 starum
698 4723 936 4778 omnium
965 4724 1269 4778 testimonia
1297 4726 1488 4781 collata
1513 4729 1911 4798 demonstrant,
1937 4734 2030 4788 sed

461 4812 600 4868 sicut
625 4813 823 4868 dictum
850 4822 951 4879 est,
999 4815 1288 4870 secundum
1344 4816 1458 4872 dies
1505 4821 1851 4875 numeranda:
1906 4830 2031 4877 sunt

458 4903 921 4960 manifestationes
943 4902 1074 4972 ejus.
1094 4916 1149 4960 ut
1177 4907 1277 4960 ista
1311 4907 1379 4962 sit
1408 4908 1602 4975 tertia;
1636 4909 1808 4979 prima
1834 4911 2029 4982 quippe

458 4993 701 5050 habenda
731 5006 814 5050 est
841 4999 1024 5052 eadem
1054 5014 1158 5053 una
1192 4997 1349 5070 [Aug.
1369 5041 1382 5066 ,
1410 5001 1652 5055 habenda
1683 5003 1782 5062 sit.
1809 5003 2026 5059 eadem-

459 5103 562 5159 que
584 5085 710 5159 una]
757 5099 976 5160 propter
1020 5107 1183 5145 unum
1215 5092 1354 5147 diem
1375 5134 1389 5157 ,
1415 5095 1838 5165 quotiescunque
1875 5111 1933 5151 se
1975 5106 2030 5152 et

458 5181 864 5252 quibuscunque
908 5183 961 5237 in
1008 5183 1098 5238 illo
1146 5199 1252 5254 quo
1303 5186 1618 5250 resurrexit,
1643 5188 1906 5255 ostendit;
1939 5205 2027 5245 se-

457 5277 627 5329 cunda
666 5284 785 5345 post
823 5275 937 5332 dies
975 5285 1117 5344 octo,
1141 5286 1196 5333 et
1223 5278 1334 5333 haec
1365 5279 1549 5346 tertia;
1595 5287 1648 5334 et
1677 5281 1867 5338 deinde
1892 5297 2024 5352 quo-

457 5361 557 5414 ties
607 5365 792 5430 voluit,
830 5383 998 5438 tuque
1055 5369 1122 5422 ad
1175 5369 1312 5424 diem
1371 5371 1862 5443 quadragesimum,
1913 5389 2020 5444 quo

458 5453 697 5506 ascendit
726 5455 778 5508 iu
808 5458 1002 5512 caelum
1025 5500 1038 5526 ,
1085 5460 1329 5529 quamvis
1377 5477 1481 5515 non
1523 5464 1720 5534 scripta
1763 5465 1869 5518 sint
1898 5480 2017 5520 om-

2149 1841 2343 1887 nerunt
2383 1832 2671 1902 discipulos
2712 1833 3011 1902 loquentes,
3038 1832 3177 1898 Quia
3206 1835 3431 1891 surreait
3469 1837 3728 1896 Dominus

2151 1939 2284 1989 rere,
2315 1934 2361 1978 et
2393 1925 2636 1994 apparuit
2677 1923 2912 1992 Simoni;
2966 1943 3090 1982 nam
3136 1927 3291 1998 plene
3339 1927 3486 1995 alibi,
3510 1932 3728 2000 quando

2153 2013 2356 2068 Simoni
2397 2017 2723 2084 apparuerit,
2754 2031 2858 2070 non
2885 2017 3097 2089 legitur.
3129 2017 3348 2084 Quinto,
3384 2023 3632 2090 apparuit
3649 2023 3727 2077 eis

2153 2104 2205 2157 in
2232 2104 2420 2158 eodem
2445 2103 2562 2158 loco
2576 2103 2756 2174 januis
2783 2106 3001 2172 clausis,
3027 2097 3115 2162 ubi
3147 2123 3252 2162 non
3290 2117 3407 2163 erat
3451 2109 3722 2173 Thomas;

2152 2200 2326 2258 sexto,
2351 2201 2474 2262 post
2495 2193 2610 2248 dies
2633 2203 2777 2259 octo,
2795 2197 3008 2265 quando
3023 2205 3140 2250 erat
3159 2211 3283 2251 cum
3302 2197 3381 2252 eis
3399 2205 3456 2252 et
3469 2197 3721 2263 Thomas,

2149 2285 2236 2339 cui
2267 2300 2458 2340 manus
2505 2294 2560 2338 et
2605 2285 2743 2342 latus
2789 2287 3044 2343 Dominus
3089 2289 3410 2360 palpandum
3455 2293 3718 2357 ostendit;

2151 2379 2398 2448 septimo,
2422 2379 2755 2448 piscantibus
2795 2382 2863 2435 ad
2900 2397 3049 2436 mare
3097 2383 3416 2450 Tiberiadis,
3442 2394 3498 2439 et
3540 2389 3723 2441 eonvi-

2150 2469 2400 2524 vantibus
2442 2486 2564 2525 cum
2611 2473 2708 2537 eis,
2738 2473 2826 2528 ubi
2866 2482 2920 2527 et
2967 2473 3208 2539 Petrum,
3237 2491 3303 2528 an
3352 2491 3411 2531 se
3453 2476 3714 2548 diligeret,

2153 2563 2312 2618 tertio
2340 2563 2721 2636 interrogavit;
2763 2575 2973 2632 octavo,
3022 2567 3076 2620 in
3118 2576 3297 2622 monte
3343 2565 3576 2624 Galilzea:
3621 2571 3724 2624 illis

2149 2654 2396 2709 undecim
2421 2657 2686 2726 apparuit,
2709 2657 2848 2712 sicut
2869 2658 3142 2712 constituit
3163 2658 3241 2712 eis
3268 2667 3392 2712 ante
3418 2661 3721 2728 passionem

2150 2765 2330 2814 suam;
2361 2761 2413 2805 et
2441 2751 2752 2806 nudieribus
2780 2751 3035 2820 praecepit
3055 2751 3132 2805 eis
3156 2750 3336 2806 dicere
3378 2760 3438 2805 ut
3484 2753 3624 2807 irent
3668 2754 3718 2807 in

2150 2836 2422 2894 Galilaeam
2443 2879 2457 2905 ,
2476 2841 2564 2894 ubi
2593 2855 2714 2895 eum
2746 2841 2913 2896 visuri
2947 2850 3146 2896 essent.
3173 2839 3342 2906 Nono,
3374 2841 3720 2912 regredienti-

2150 2930 2253 2986 bus
2280 2930 2383 2986 illis
2404 2932 2650 2987 undecim
2677 2931 2930 3002 apparuit
2951 2930 3027 3002 [in
3063 2929 3287 3002 monte],
3309 2931 3376 2985 de
3401 2946 3508 3001 quo
3538 2946 3721 2985 ascen-

2152 3023 2229 3077 dit
2257 3023 2310 3076 in
2341 3023 2554 3088 cadum,
2583 3024 2721 3078 sicut
2748 3023 2960 3079 Marcus
2983 3021 3164 3078 refert.
3211 3023 3446 3087 Decimo,
3479 3022 3721 3077 viderunt

2152 3127 2274 3166 eum
2302 3113 2415 3181 ipsa
2444 3113 2551 3178 die,
2585 3129 2687 3167 non
2711 3115 2822 3184 jam
2851 3114 2902 3167 in
2935 3122 3076 3168 terra
3121 3114 3374 3183 positum,
3401 3115 3494 3168 sed
3541 3114 3719 3169 eleva-

2153 3209 2264 3254 tum
2295 3201 2348 3254 in
2377 3216 2523 3264 aera,
2553 3202 2827 3271 coalosque
2851 3210 3220 3270 penetrantem
3270 3203 3559 3256 dicentibus
3612 3203 3716 3258 sibi

2151 3290 2353 3360 angelis
2386 3307 2398 3343 :
2429 3289 2516 3345 Sic
2552 3292 2736 3356 veniet,
2763 3292 3199 3356 quemadmodum
3225 3292 3414 3346 vidistis
3442 3308 3558 3345 eum
3586 3308 3718 3346 eun-

2149 3389 2249 3433 tem
2277 3382 2331 3434 in
2358 3379 2538 3434 caelum
2572 3380 2706 3451 (Act.
2741 3397 2779 3445 ι,
2809 3381 2914 3451 Η).
2945 3379 3081 3446 Quid
3118 3396 3247 3437 vero
3293 3389 3468 3435 actum
3516 3381 3588 3436 sit
3638 3382 3718 3434 vel

2149 3474 2348 3528 dictum
2404 3474 2454 3526 in
2491 3473 2578 3526 illo
2605 3473 2850 3529 convivio
2879 3474 3090 3528 Domini
3132 3474 3300 3527 nostri
3347 3473 3474 3528 Jesu
3521 3471 3715 3528 Christi

2147 3562 2441 3616 novissimo
2494 3578 2616 3615 cum
2668 3563 2943 3633 discipulis
2983 3564 3113 3628 suis,
3145 3570 3539 3632 consequenter
3559 3575 3713 3630 expo-

2146 3651 2252 3728 suit
2281 3651 2644 3722 Evangelista,
2673 3653 2860 3708 dicens
2895 3669 2908 3707 :

2570 3744 2797 3800 CAPUT
2837 3745 2997 3800 XLIV
3036 3762 3105 3799 ετ
3139 3745 3293 3801 XLV.

2146 3831 2316 3903 L'sque
2346 3834 2497 3887 tertio
2519 3833 2643 3887 dicit
2676 3833 2854 3920 Petro,
2888 3837 3051 3890 Amas
3077 3852 3163 3891 me
3182 3837 3208 3890 .9
3243 3839 3370 3920 quia
3392 3849 3466 3892 ter
3483 3855 3593 3920 eum
3620 3854 3704 3890 ne-

2212 3913 2455 3975 gauerat;
2484 3913 2532 3956 et
2549 3905 2836 3972 pascendos
2854 3922 2966 3958 oves
2990 3923 3132 3975 a'que
3155 3905 3306 3960 tertio
3330 3909 3703 3969 commendans,

2209 3972 2506 4056 grtensione
2532 3988 2780 4054 manuum
2804 3972 3063 4056 signiﬁcat
3089 3977 3523 4056 eiz‘quodffucis‘
3548 3991 3707 4056 mum

2210 4041 2342 4109 [oret
2379 4042 2631 4109 martyrio
2659 4041 3007 4096 coronandus.
3044 4041 3274 4097 —Dicit
3317 4043 3523 4100 Simoni
3559 4046 3707 4100 Petro

2207 4108 2362 4162 Jesus
2393 4108 2624 4185 :_Sir_iion
2673 4109 2914 4177 Joannis,
2951 4112 3128 4185 diligis
3162 4128 3249 4168 me
3292 4115 3412 4185 plus
3441 4115 3565 4170 his?
3589 4126 3702 4181 etc.,

2209 4194 2368 4248 usque
2397 4177 2788 4235 clarificaturus
2814 4189 2956 4236 esset
2981 4177 3171 4238 Deum.

2207 4294 2369 4349 Vens.
2396 4292 2480 4347 i5.
2512 4324 2582 4334 —
2618 4293 2757 4348 Dicit
2797 4293 2997 4350 Simoni
3051 4294 3210 4350 Petro
3264 4294 3420 4350 Iesus
3469 4311 3488 4348 :
3533 4295 3705 4352 Simon

2063 4420 2110 4480 υ
2133 4383 2358 4438 Joannis
2388 4383 2562 4454 diligis
2588 4400 2667 4438 me
2689 4383 2806 4454 plus
2833 4385 2955 4438 his?
2977 4383 3116 4438 Dicit
3141 4385 3188 4439 ei
3212 4399 3229 4436 :
3261 4384 3457 4480 Etiam,
3473 4384 3702 4480 Domine,

2138 4483 2194 4528 tu
2222 4473 2323 4528 scis
2348 4473 2472 4544 quia
2501 4489 2618 4526 amo
2649 4483 2715 4528 te.
2749 4491 2768 4524 ι
2791 4485 2814 4513 ι
2845 4474 3106 4530 Virtutem
3135 4475 3289 4529 nobis
3312 4473 3554 4545 perfectae
3574 4473 3698 4526 dile-

2140 4564 2334 4620 ctionis
2357 4579 2595 4634 praesens
2621 4564 2832 4619 Domini
2869 4565 3038 4620 nostri
3082 4566 3432 4636 interrogatio
3456 4563 3698 4620 ostendit.

2137 4655 2378 4712 Perfecta
2403 4655 2546 4711 enim
2570 4656 2784 4713 dilectio
2805 4666 3024 4728 est,qua
3045 4657 3327 4713 Dominum
3351 4657 3501 4731 [ﬂs.,
3516 4654 3702 4728 Deum]

2137 4763 2204 4805 es
2231 4756 2344 4804 toto
2373 4748 2555 4814 corde,
2581 4755 2692 4803 tota
2732 4748 2908 4803 anima
2930 4789 2944 4814 ,
2972 4757 3084 4804 tota
3135 4750 3361 4816 virtute,
3402 4750 3700 4819 proximum

2137 4848 2316 4896 autem
2337 4849 2592 4909 tanquam
2615 4839 2858 4910 uosipsos
2879 4839 3099 4912 diligere
3113 4837 3367 4908 iubemur
3394 4859 3406 4894 :
3441 4849 3496 4894 et
3517 4847 3698 4894 neutra

2133 4931 2323 4985 harum
2354 4927 2568 4984 dilectio
2595 4929 2711 4984 sine
2740 4929 2906 4984 altera
2934 4927 3075 4982 valet
3097 4944 3216 4983 esse
3259 4928 3525 4998 perfecta;
3575 4927 3701 4996 quia

2133 5035 2233 5075 nec
2259 5020 2399 5076 Deus
2426 5033 2553 5075 vere
2581 5020 2696 5076 sine
2723 5021 2988 5091 proximo,
3011 5033 3112 5074 nec
3150 5019 3266 5074 sine
3303 5021 3412 5075 Deo
3456 5034 3579 5074 vere
3607 5034 3702 5088 po-

2132 5117 2237 5164 test
2257 5108 2533 5180 proximus
2557 5109 2748 5164 amari.
2781 5109 2932 5166 Unde
2974 5108 3231 5166 Dominus
3270 5108 3432 5163 toties
3477 5109 3704 5162 interro-

2131 5207 2257 5270 gato
2287 5199 2446 5255 Petro
2472 5215 2538 5254 an
2570 5215 2627 5255 se
2658 5199 2922 5270 diligeret,
2952 5208 3006 5254 et
3039 5197 3129 5254 illo
3175 5199 3529 5268 respondente
3562 5198 3704 5268 quod

2128 5305 2253 5345 eum
2285 5291 2398 5360 ipso
2437 5299 2573 5346 teste
2623 5290 2888 5362 diligeret,
2917 5289 3238 5360 adjungehat
3271 5303 3368 5359 per
3392 5287 3602 5359 singula
3629 5288 3703 5342 ita

2129 5379 2454 5435 concludens
2480 5395 2494 5435 :
2526 5378 2691 5434 Pasce
2716 5378 2880 5451 6M
2910 5395 3023 5434 ores
3053 5395 3214 5443 meas,
3237 5379 3350 5434 sive
3372 5394 3524 5448 pasce
3541 5393 3703 5448 agnos

2129 5485 2289 5523 meos.
2323 5469 2397 5524 Ac
2425 5473 2466 5525 si
2497 5479 2680 5542 aperte
2712 5470 2910 5526 diceret
2946 5487 2957 5522 :
2986 5467 3109 5523 Hzec
3163 5467 3274 5523 sola
3323 5475 3377 5521 et
3441 5481 3566 5521 vera
3619 5475 3703 5521 est

527 5617 550 5646 ⁸
579 5605 652 5660 Ex
684 5607 828 5661 hom.
875 5611 1004 5664 Ven.
1035 5611 1192 5666 Beda:
1226 5613 1276 5665 in
1324 5613 1518 5681 vigiliis
1545 5626 1851 5672 sanctorum
1879 5618 2024 5672 Petri
2061 5631 2113 5673 et
2144 5619 2316 5677 Pauli.
