3992 6184
280 242 408 299 1001

1051 240 1456 298 EXEGETICA.
1497 269 1569 283 --
1606 241 1959 298 COMMENT.
2003 239 2069 295 IN
2101 238 2291 298 JOAN.
2335 270 2401 280 -—
2439 239 2566 294 LIB.
2614 238 2718 294 VII.

3392 240 3530 292 ηοξ

276 355 525 430 probatio
549 353 742 425 integri
773 353 823 407 in
858 353 1142 409 Dominum
1173 355 1394 420 amoris,
1424 355 1470 409 si
1499 369 1626 426 erga
1656 354 1850 408 fratres
1877 361 1926 421 Α
1954 367 2112 407 nosse
2140 366 2303 421 quam
2332 350 2448 420 ipsa
2475 364 2533 404 se
2561 347 2888 404 conscientia
2914 347 3177 402 ullatenus
3203 361 3363 403 nosse
3385 349 3529 402 suill-

277 445 550 506 studueris
570 459 754 500 curam
783 445 998 498 solliciti
1023 460 1280 499 exercere
1317 445 1544 511 laboris;
1578 462 1701 500 nam
1736 446 1855 516 qui-

279 551 493 606 cunque
537 533 694 588 fratri
725 549 860 603 opus
907 534 1124 604 pietatis
1165 533 1306 602 quod
1349 534 1492 588 valet
1548 533 1858 604 impendere

279 626 524 700 negiigit,
547 626 726 680 minus
753 623 902 692 justo
939 639 997 679 se
1039 626 1371 680 conditorem
1413 625 1634 694 diligere
1677 633 1860 680 osten-

279 719 377 784 dit,
409 717 563 786 cujus
591 717 844 770 mandata
875 716 928 768 in
960 716 1305 770 sustentanda
1351 715 1584 784 proximi
1624 717 1859 771 necessi-

281 815 392 861 tate
417 805 736 864 contemnit.
766 804 896 871 Quae
921 803 1162 872 profecto
1185 805 1442 875 charitas,
1460 804 1714 874 quoniam
1743 805 1860 860 sine

282 895 477 949 divinm
503 893 692 962 gratiae
713 892 1064 960 inspiratione
1094 891 1279 962 [Beda,
1313 893 1430 948 sine
1458 893 1650 948 divina:
1687 894 1859 964 gratia

282 980 670 1052 inspirationis]
707 980 926 1033 minime
951 981 1122 1049 possit
1153 981 1361 1045 haberi,
1394 981 1554 1036 tacite
1598 983 1859 1050 quodam-

282 1071 446 1127 modo
471 1071 731 1126 Dominus
758 1070 1014 1134 insinuat,
1047 1071 1140 1139 qui
1176 1071 1398 1126 Petrum
1422 1072 1488 1127 de
1514 1072 1602 1126 illa
1626 1073 1860 1127 interro-

281 1177 436 1232 gans,
465 1161 738 1216 Simonem
773 1175 896 1214 eum
924 1159 1161 1224 Joannis,
1191 1177 1350 1231 quem
1383 1179 1657 1232 nunquam
1711 1163 1858 1235 [Ms.

285 1263 335 1306 et
373 1251 540 1316 Beda,
564 1251 706 1320 quod
729 1249 1016 1321 nusquam]
1054 1251 1203 1313 alias,
1237 1253 1621 1321 cognominat:
1658 1251 1859 1317 Simon,

285 1343 494 1412 inquit,
519 1341 769 1406 Joannis,
797 1341 972 1411 diligis
999 1358 1080 1395 me
1110 1341 1228 1412 plus
1253 1343 1376 1396 his?
1399 1343 1500 1398 Ubi
1539 1344 1784 1411 quamvis
1812 1351 1866 1397 et

289 1433 612 1502 simpliciter
635 1431 840 1486 mentio
871 1431 1012 1486 facta
1038 1433 1239 1487 terreni
1267 1433 1510 1502 parentis
1541 1433 1656 1501 ejus
1697 1432 1866 1501 possit

285 1524 536 1594 intelligi,
568 1539 674 1577 non
698 1530 877 1576 tamen
905 1524 974 1577 ab
1005 1537 1062 1576 re
1085 1529 1168 1576 est
1186 1562 1200 1586 ,
1227 1523 1274 1576 si
1307 1523 1428 1591 quis
1453 1523 1671 1576 nomine
1695 1521 1865 1575 Joan-

290 1617 370 1670 nis
418 1615 618 1670 donum
647 1629 894 1684 supernae
931 1614 1296 1682 generationis
1321 1613 1545 1683 mystice
1572 1612 1867 1667 indicatum

1954 451 2130 508 ceret;
2162 443 2228 497 de
2260 441 2482 494 fraterni
2513 441 2729 509 quidem
2759 439 2938 494 cordis
2958 438 3181 493 occultis
3209 438 3342 492 nihil
3376 455 3530 509 pror-

1955 547 2048 584 sus
2075 531 2236 586 audet
2256 531 2518 586 delinire:
2551 531 2616 584 de
2643 529 2725 584 sui
2766 537 2944 582 autem
2979 530 3180 584 amoris
3225 529 3535 600 integritate

1955 635 2062 674 non
2090 621 2288 675 suimet
2311 619 2496 685 solius,
2525 620 2621 674 sed
2646 628 2699 673 et
2722 618 2891 689 ipsius
2920 617 3012 688 qui
3037 618 3402 689 interrogabat
3431 621 3537 674 Do-

1957 712 2088 765 mini
2131 713 2495 766 testimonium
2523 713 2727 782 pandit,
2756 711 2932 766 Etiam
2952 752 2966 776 ,
2997 712 3268 781 inquiens,
3292 711 3534 776 Domine,

1958 812 2015 856 tu
2035 804 2137 856 scis
2157 803 2280 872 quia
2308 819 2427 856 amo
2448 813 2516 856 te.
2541 802 2584 858 Ο
2609 819 2772 872 quam
2795 803 2922 858 felix
2944 812 2999 858 et
3023 820 3154 873 pura
3186 804 3534 866 conscientia,

1959 908 2077 961 quae
2105 891 2369 946 conditori
2396 908 2514 958 suo,
2544 895 2698 963 cujus
2727 893 2868 947 nuda
2895 895 3065 949 oculis
3088 904 3144 949 et
3171 904 3356 964 aperta
3389 897 3539 950 novit

1959 984 2160 1046 omnia,
2190 983 2369 1038 dicere
2398 999 2503 1037 non
2533 985 2726 1038 metuit
2758 1001 2770 1034 :
2809 984 3043 1047 Domine,
3073 995 3128 1037 tu
3149 988 3250 1039 scis
3269 987 3392 1056 quia
3421 1003 3538 1040 amo

1928 1130 1939 1136 _
1962 1085 2010 1129 te
2026 1075 2046 1126 ,ν
2084 1073 2256 1140 Quam
2281 1083 2431 1129 casta
2453 1091 2516 1130 ac
2537 1083 2720 1130 sancta
2741 1076 2939 1139 anima,
2957 1091 3076 1143 qum
3100 1083 3157 1128 et
3179 1091 3330 1128 suam
3360 1077 3544 1144 cogni-

1963 1168 2166 1221 tionem
2212 1167 2441 1221 Domino
2469 1174 2652 1236 patere
2688 1181 2794 1218 non
2823 1165 3050 1229 dubitat,
3078 1175 3131 1220 et
3177 1181 3234 1218 se
3277 1165 3353 1218 nil
3397 1165 3545 1218 aliud

1963 1274 2124 1328 quam
2149 1274 2211 1312 ea
2234 1274 2353 1328 quae
2375 1258 2633 1311 Dominus
2663 1259 2952 1326 approbat,
2977 1260 3216 1328 cogitare
3249 1276 3355 1312 non
3396 1260 3545 1328 igno-

1965 1350 2080 1402 rat!
2112 1347 2342 1402 Provida
2383 1355 2561 1402 autem
2587 1347 2785 1417 pietate
2830 1349 3088 1402 Dominus
3117 1350 3276 1402 tertio
3325 1349 3542 1404 Petrum

1967 1455 2034 1492 an
2091 1454 2148 1493 se
2201 1433 2741 1508 diligat'interrogat,
2768 1448 2829 1492 ut
2875 1440 2986 1508 ipsa
3027 1439 3164 1492 trina
3211 1439 3548 1493 confessione

1967 1529 2202 1594 vincula,
2229 1543 2347 1598 quae
2380 1528 2528 1581 illum
2561 1537 2644 1582 ter
2666 1529 2910 1599 negando
2932 1529 3248 1599 ligavcrant,
3273 1529 3544 1593 absolvat;

1969 1633 2025 1679 et
2075 1625 2286 1694 quoties
2311 1625 2534 1678 territus
2575 1624 2692 1692 ejus
2737 1623 3006 1692 passione,
3036 1639 3140 1693 qua
3194 1623 3340 1676 illum
3393 1638 3550 1677 nosse

290 1707 422 1761 velit
449 1706 722 1776 accipere;
766 1706 832 1760 de
857 1720 964 1774 quo
990 1703 1225 1760 Joannes
1245 1704 1520 1773 apostolus
1537 1703 1872 1759 admenendo
1903 1697 1946 1756 Β
1975 1714 2165 1786 [seum
2189 1714 2332 1784 quod
2367 1729 2489 1769 eum
2520 1713 2723 1786 nosset]
2751 1722 3071 1784 negaverat,
3102 1714 3262 1768 toties
3309 1715 3426 1784 ejus
3467 1730 3550 1768 τε-

292 1803 525 1850 testatur
543 1814 556 1849 :
571 1794 901 1861 Charissimi,
919 1795 1202 1865 diligamus
1230 1796 1469 1859 invicem,
1483 1795 1732 1865 quoniam
1748 1794 1875 1846 cha-

177 1906 197 1922 ο
292 1887 424 1939 ritas
441 1901 506 1940 ex
528 1884 639 1939 Deo
668 1893 742 1938 est
758 1894 836 1938 :et
863 1886 1030 1938 omnis
1052 1886 1142 1955 qui
1165 1883 1358 1954 diligit,
1379 1900 1444 1938 ex
1465 1883 1575 1936 Deo
1603 1892 1756 1936 natus
1778 1889 1872 1945 est,

291 1985 342 2028 et
389 1975 650 2044 cognoscit
702 1973 866 2028 Deum
920 1973 969 2045 (I
996 1973 1159 2028 Joan.
1193 1989 1266 2038 IV,
1289 1973 1365 2046 7).
1415 1971 1601 2028 Simon
1647 1985 1876 2040 namque

293 2064 574 2128 obediens,
599 2061 834 2119 Joannes
872 2064 1072 2119 dicitur
1105 2063 1200 2118 Dei
1241 2063 1414 2134 gratia
1444 2080 1458 2115 :
1488 2070 1543 2118 et
1589 2070 1874 2132 propterea

294 2161 446 2208 recte
469 2153 676 2222 primus
697 2153 1079 2222 apostolorum,
1111 2168 1235 2208 cum
1266 2154 1333 2208 de
1353 2167 1538 2208 amore
1569 2166 1668 2207 suo
1695 2151 1877 2222 requi-

299 2242 457 2308 ritur,
489 2242 674 2298 Simon
718 2242 966 2309 Joannis,
1006 2243 1059 2297 id
1109 2250 1226 2309 est,
1266 2244 1522 2299 obediens
1563 2243 1659 2298 Dei
1703 2243 1877 2314 gratia

301 2331 490 2404 [Beda,
517 2331 725 2404 gratias]
757 2343 981 2388 vocatur
1009 2351 1022 2386 :
1065 2343 1125 2387 ut
1158 2335 1360 2402 liquido
1385 2333 1594 2387 cunctis
1629 2333 1880 2388 ostenda-

301 2430 410 2486 tur,
436 2422 541 2477 hoc
565 2424 710 2490 quod
739 2421 941 2489 majore
965 2438 1078 2492 prae
1103 2422 1316 2476 exteris
1336 2421 1639 2477 obedientia
1667 2421 1879 2476 Domini

294 2511 465 2581 jussis
501 2513 840 2582 obsequitur,
884 2513 1054 2582 quod.
1081 2514 1376 2570 ardentiori
1419 2514 1568 2568 illum
1612 2513 1880 2568 charitate

301 2601 664 2672 amplectitur,
692 2617 799 2657 non
833 2603 1053 2658 humani
1099 2603 1298 2668 meriti,
1325 2603 1419 2658 sed
1461 2603 1702 2658 muneris
1760 2617 1881 2658 esse

303 2692 492 2747 divini.
538 2692 688 2747 Unde
713 2701 769 2747 et
790 2694 1066 2762 apostolus
1087 2694 1285 2748 Paulus
1311 2696 1497 2750 eadem
1538 2694 1709 2764 gratia
1747 2709 1878 2750 con-

305 2788 536 2842 fortatus
557 2788 736 2843 aiebat
762 2807 774 2842 :
809 2789 949 2854 Quia
977 2789 1206 2843 charitcs
1240 2789 1340 2844 Dei
1363 2789 1562 2858 di/fusa
1585 2799 1658 2843 est
1687 2789 1741 2843 in
1767 2804 1882 2842 cor-

228 2899 240 2909 ε
304 2878 458 2932 dibus
480 2881 665 2933 nostris
694 2896 787 2950 per
816 2877 1070 2950 Spiritum
1094 2889 1355 2944 sanctum,
1387 2880 1477 2949 qui
1509 2879 1664 2933 datus
1689 2887 1764 2931 est
1789 2893 1883 2931 no-

306 2972 387 3026 bis
417 2971 588 3042 (Rom.
619 2988 671 3037 v,
693 2972 769 3043 5).
795 2973 895 3038 Qui
929 2987 1059 3043 ergo
1093 2976 1304 3027 caeteris
1337 2971 1653 3042 ﬂagrantius
1693 2968 1880 3025 Domi-

1973 1804 2308 1857 surreetione
2334 1811 2631 1866 recreatus,
2658 1801 2799 1870 quod
2848 1801 2998 1855 illum
3045 1810 3156 1856 toto
3193 1812 3337 1856 amet
3388 1805 3553 1858 corde

1973 1901 2217 1948 testetur.
2243 1890 2471 1947 Provida
2497 1892 2899 1962 dispensatione
2925 1893 3083 1946 tertio
3101 1893 3376 1946 confitenti
3404 1909 3550 1947 amo—

1975 1996 2108 2047 rem,
2133 1981 2293 2035 tertio
2321 1995 2472 2049 teque
2502 1981 2798 2051 pascendas
2826 1995 2952 2035 suas
2995 1996 3124 2035 oves
3176 1983 3548 2045 commendat;

1973 2070 2100 2140 quia
2130 2069 2355 2125 decebat
2378 2077 2438 2124 ut
2460 2070 2670 2139 quoties
2700 2069 2752 2122 in
2784 2069 3015 2138 pastoris
3057 2069 3156 2124 fide
3206 2070 3550 2133 titubaverat.

1976 2161 2138 2216 toties
2187 2176 2311 2216 cum
2357 2168 2614 2214 renovata
2661 2159 2764 2215 fide
2809 2161 3040 2231 pastoris
3067 2163 3307 2216 membra
3340 2178 3554 2236 quoque

1975 2253 2092 2323 ejus
2115 2251 2345 2322 pastoris
2367 2251 2622 2321 jubeatur
2641 2265 2853 2307 curare.
2870 2250 3021 2318 Quod
3042 2253 3184 2306 enim
3206 2253 3293 2308 hic
3314 2254 3442 2308 dicit
3465 2256 3511 2310 ei
3541 2274 3552 2308 :

1977 2344 2146 2399 Pasce
2173 2362 2286 2408 oves
2315 2361 2477 2409 meas,
2505 2346 2608 2400 hoc
2633 2355 2719 2400 est
2744 2347 2946 2415 utique,
2971 2347 3114 2416 quod
3133 2348 3182 2402 ei
3206 2357 3331 2402 ante
3350 2347 3558 2416 passio-

1978 2449 2101 2488 nem
2143 2433 2385 2503 apertius
2417 2433 2630 2488 dixerat
2661 2451 2673 2485 :
2713 2433 2827 2504 Ego
2852 2444 3024 2488 autem
3077 2439 3256 2506 rogavi
3283 2453 3376 2506 pro
3405 2448 3473 2502 te,
3500 2448 3558 2490 ut

1979 2540 2082 2578 non
2103 2522 2313 2592 deﬁciat
2339 2523 2470 2591 fides
2497 2533 2586 2577 tua
2615 2535 2632 2573 :
2661 2532 2708 2577 et
2737 2532 2792 2576 tu
2813 2523 3096 2594 aliquando
3126 2541 3561 2590 conversus,con-

1977 2616 2134 2683 firma
2164 2614 2355 2684 fratres
2375 2613 2671 2686 tuos‘(Luc.
2701 2630 2839 2679 χιιι,
2870 2614 2980 2685 35).
3010 2614 3240 2669 Pascere
3273 2630 3402 2686 ergo
3430 2630 3560 2670 oves

1979 2707 2182 2762 Christi
2199 2715 2279 2763 est
2307 2707 2591 2762 credentes
2613 2705 2666 2760 in
2689 2705 2962 2762 Christum
2992 2722 3058 2760 ne
3085 2721 3114 2760 a
3157 2707 3262 2762 lide
3308 2705 3564 2762 deficiant

1981 2797 2330 2863 confirmare;
2361 2805 2415 2852 et
2448 2806 2507 2852 ut
2532 2797 2693 2870 645
2731 2799 2786 2853 in
2812 2798 2916 2854 ﬁde
2943 2799 3119 2870 magis
3138 2799 3416 2870 magisque
3435 2816 3560 2871 pro-

1980 2887 2186 2953 ﬁciant,
2205 2888 2474 2943 instanter
2497 2901 2714 2960 operam
2741 2889 2899 2945 dare:
2935 2909 2954 2942 ι
2979 2889 3328 2946 saecularibus
3349 2905 3564 2961 quoque

1986 2977 2240 3039 subsidiis
2295 2991 2391 3031 eos
2433 2985 2695 3046 quantum
2736 2977 2914 3034 valeat
2957 2978 3233 3049 adjuvare,
3265 2980 3564 3050 cogitantes

308 3077 438 3115 num
469 3075 651 3116 amare
686 3063 964 3131 probatur,
1001 3062 1143 3132 filius
1176 3061 1400 3116 Joannis
1447 3061 1884 3132 cognominatur;
1909 3043 1958 3106 (ἶ
1989 3065 2256 3137 superﬂue
2281 3068 2346 3122 de
2370 3043 2588 3123 caducis
2610 3069 2880 3139 corrigere
2903 3043 3358 3141 [Ms:,adjuvare:
3375 3087 3562 3126 erran-

311 3159 439 3227 quia
467 3157 726 3212 nimirum
752 3158 928 3213 virtus
953 3155 1191 3225 ejusdem
1242 3158 1443 3212 amoris
1485 3173 1591 3212 non
1635 3156 1740 3211 nisi
1787 3171 1886 3225 per

311 3250 540 3319 gratiam
563 3247 800 3318 Spiritus
817 3248 1130 3318 percipitur.
1150 3247 1249 3313 Qui
1275 3257 1450 3302 tamen
1467 3248 1577 3317 ipse
1591 3247 1886 3302 notandum

310 3353 475 3416 quam
501 3353 655 3400 caute
679 3353 736 3400 et
763 3345 1151 3413 circumspecte
1173 3343 1538 3397 testimonium
1576 3356 1675 3396 suo
1711 3341 1888 3396 reddit

311 3435 504 3500 amori,
533 3449 654 3488 cum
684 3433 910 3488 Domino
936 3432 1231 3487 sciscitanti
1259 3447 1328 3486 an
1357 3445 1414 3486 se
1450 3429 1570 3500 plus
1608 3430 1727 3485 aliis
1767 3430 1887 3484 dili-

313 3532 486 3595 geret,
511 3539 618 3578 non
653 3539 818 3578 ausus
845 3530 929 3576 est
951 3522 1272 3592 respondere
1296 3538 1316 3574 .'
1350 3519 1425 3573 Tu
1455 3521 1556 3575 scis
1599 3521 1723 3590 quia
1768 3536 1886 3573 ante

311 3625 364 3669 te
387 3615 504 3684 plus
527 3617 627 3681 Itis,
654 3615 748 3672 sed
787 3621 1082 3685 temperata
1110 3628 1175 3668 ac
1215 3612 1443 3683 simplici
1484 3627 1634 3675 voce,
1675 3610 1884 3676 Etiam,

313 3704 505 3774 inquit,
527 3705 766 3770 Domine,
795 3714 852 3758 tu
887 3704 988 3758 scis
1025 3703 1150 3774 quia
1175 3719 1294 3756 amo
1323 3711 1389 3756 te.
1416 3700 1571 3768 Quod
1597 3707 1682 3754 est
1705 3707 1888 3768 aperte

311 3794 528 3852 dicere:
553 3794 678 3852 Scio
705 3796 1086 3865 quidem,quia
1113 3795 1228 3864 ipse
1255 3802 1326 3857 te,
1341 3800 1402 3846 ut
1431 3801 1486 3846 tu
1514 3792 1704 3845 melius
1725 3789 1884 3850 nosti,

311 3883 525 3954 integro
572 3885 737 3939 corde
784 3883 976 3951 diligo;
1035 3896 1199 3950 quam
1243 3894 1370 3958 vere
1409 3877 1597 3948 [Beda,
1624 3884 1887 3944 quantum

311 3975 466 4047 vero]
511 3985 564 4028 te
601 3974 692 4027 alii
717 3971 940 4040 diligant
981 3969 1110 4024 mihi
1136 3968 1639 4038 quidem‘ignotum,
1667 3966 1761 4020 sed
1792 3965 1887 4020 tibi

311 4074 442 4122 sunt
461 4063 643 4118 omnia
665 4068 812 4116 nota.
841 4057 1004 4128 Cujus
1029 4057 1239 4112 cautela
1279 4056 1648 4126 responsionis
1689 4063 1888 4111 nostrae

311 4153 558 4228 profecto
586 4161 670 4208 est
696 4149 962 4206 institutio
985 4148 1288 4212 locutionis,
1313 4147 1473 4202 simul
1499 4155 1555 4202 et
1567 4147 1889 4217 cognitionis

317 4245 510 4322 [Beda,
530 4240 926 4316 cogitationis];
965 4250 1024 4296 ut
1044 4240 1295 4296 videlicet
1309 4238 1424 4308 ejus
1451 4239 1696 4309 exemplo
1723 4239 1889 4294 disca-

315 4352 436 4394 mus
451 4335 628 4390 minus
641 4333 706 4388 de
719 4340 915 4388 nostrae
926 4331 1266 4386 conscientiae
1281 4329 1514 4401 puritate
1525 4343 1849 4398 praesumere
1867 4345 1882 4394 ;

317 4426 494 4480 minus
516 4433 718 4478 temere
745 4421 812 4474 de
833 4420 1088 4475 fraternae
1122 4419 1469 4474 conscientiae
1495 4415 1887 4484 occultisjudi-

320 4529 468 4577 care,
481 4513 534 4566 in
551 4513 731 4567 dubiis
757 4511 991 4566 maxime
1007 4511 1189 4574 rebus,
1201 4509 1345 4578 quod
1366 4522 1472 4578 qua
1493 4507 1788 4562 intentione
1803 4506 1886 4560 vei

320 4602 640 4657 necessitate
663 4606 919 4672 gerantur
946 4598 1212 4667 inspicere
1241 4597 1524 4667 nequimus
1549 4610 1668 4664 quze
1689 4597 1756 4650 ab
1783 4595 1889 4650 illis

321 4693 404 4760 agi
433 4691 811 4761 conspicimus.
837 4687 989 4758 Siqui
1011 4691 1112 4742 lem
1139 4693 1193 4741 et
1214 4687 1329 4757 ipse
1348 4685 1542 4741 Petrus
1579 4685 1781 4740 idcirco
1827 4699 1889 4740 se

321 4783 375 4836 in
397 4784 498 4837 bac
519 4782 796 4838 Dominica
834 4779 1254 4850 interrogatione
1282 4777 1490 4833 cautius
1519 4777 1889 4846 respondendo

321 4873 623 4938 cohibebat,
653 4872 778 4941 quia
819 4870 1066 4925 meminit
1089 4884 1146 4924 se
1170 4867 1376 4939 pridem
1395 4909 1409 4933 ,
1434 4867 1748 4922 imminente
1775 4867 1892 4936 ejus

321 4963 590 5033 passione,
615 4964 733 5034 plus
751 4964 852 5019 sibi
882 4961 1199 5019 constantiae
1227 4961 1480 5014 tribuisse
1519 4975 1681 5029 quam
1723 4959 1891 5014 babe-

324 5063 427 5118 ret,
451 5055 759 5123 spondendo
777 5055 1027 5110 videlicet
1050 5066 1108 5108 se
1126 5067 1244 5107 esse
1273 5059 1521 5120 paratum
1551 5059 1605 5104 et
1633 5051 1687 5104 in
1711 5064 1892 5104 carce-

324 5161 438 5200 rem
465 5153 520 5200 et
546 5145 600 5199 in
623 5152 848 5198 mortem
875 5145 953 5198 ire
975 5160 1098 5199 cum
1129 5143 1240 5208 illo,
1265 5141 1356 5212 qui
1383 5141 1609 5196 necdum
1638 5149 1758 5195 erat
1781 5141 1896 5195 ido-

325 5251 459 5291 neus
482 5237 713 5291 instante
735 5234 974 5302 periculo
1001 5235 1192 5288 saltem
1227 5233 1470 5289 confiteri
1489 5273 1504 5297 ,
1533 5231 1660 5301 quia
1707 5239 1892 5286 nosset

325 5327 496 5390 illum,
514 5326 599 5379 vel
628 5325 755 5393 quia
784 5323 975 5377 fuisset
1002 5323 1286 5390 aliquando
1313 5341 1435 5381 cum
1460 5323 1568 5380 illo.
1594 5323 1892 5378 instructus

325 5434 458 5488 ergo
510 5415 749 5486 periculo
804 5416 983 5485 priore
1026 5415 1236 5470 cautius
1289 5417 1429 5486 loqui
1475 5433 1597 5472 cum
1633 5415 1890 5479 Domino,

327 5522 490 5579 quem
529 5505 664 5558 bene
693 5503 956 5558 didicerat
984 5503 1232 5556 humanae
1277 5505 1618 5560 conscientiae
1669 5504 1890 5577 [statum

267 5646 272 5651 .
331 5597 557 5670 (fidit,
586 5593 926 5650 conscientize
970 5591 1329 5645 constantiam
1380 5593 1600 5663 statim)
1641 5594 1660 5665 ]
1700 5597 1893 5651 melius

729 5689 1002 5749 Pnaoc.
1042 5682 1111 5745 C.

1985 3165 2068 3212 tes
2115 3156 2429 3230 corrigere],
2462 3166 2754 3214 maerentes
2791 3159 3090 3225 consolari,
3132 3175 3318 3215 omnes
3368 3177 3560 3233 magna

1983 3247 2199 3317 pietatis
2243 3264 2373 3303 cura
2419 3248 2486 3302 ad
2531 3258 2804 3320 perpetuae
2849 3250 2974 3305 vitm
3001 3251 3295 3321 perducere
3340 3266 3560 3321 pascua.

1991 3355 2009 3388 ι
2041 3337 2147 3394 Sed
2176 3339 2276 3394 hoc
2306 3341 2505 3410 pastori
2554 3349 2636 3396 est
2679 3340 2786 3396 fixo
2831 3342 2993 3397 corde
3020 3344 3340 3407 tenendum,
3371 3353 3429 3397 ut
3471 3359 3566 3398 eos

1985 3430 2182 3498 quibus
2218 3440 2413 3500 praeest
2455 3447 2560 3486 non
2591 3433 2744 3501 quasi
2774 3448 2900 3488 suos
2926 3433 3193 3502 proprios,
3217 3433 3310 3488 sed
3355 3441 3414 3486 ut
3461 3432 3566 3486 Do-

1986 3521 2116 3574 mini
2145 3522 2226 3576 sui
2253 3535 2469 3592 gregem
2493 3530 2726 3575 tractare
2747 3522 3075 3585 meminerit,
3090 3520 3242 3588 juxta
3267 3521 3394 3575 illud
3420 3522 3563 3590 quod

1985 3608 2148 3665 Petro
2175 3610 2374 3664 dicitur
2399 3627 2410 3661 :
2447 3607 2504 3662 Si
2533 3608 2708 3676 diligis
2747 3623 2854 3671 me,
2880 3624 3034 3678 pasce
3059 3624 3173 3662 ores
3199 3625 3360 3663 meas.
3397 3609 3562 3674 Meas,

1987 3699 2179 3768 inquit,
2207 3713 2312 3751 non
2336 3707 2453 3751 tuas
2477 3715 2490 3761 ;
2525 3713 2671 3752 meas
2699 3698 2797 3753 tibi
2819 3713 2949 3754 oves
2980 3701 3386 3756 commendatus
3408 3701 3564 3768 scito,

1986 3795 2041 3839 et
2078 3787 2176 3839 has
2213 3785 2367 3852 quasi
2411 3800 2560 3838 meas
2587 3799 2791 3854 regere,
2817 3786 2863 3840 si
2891 3802 2978 3841 me
3004 3789 3242 3856 perfecte
3273 3805 3441 3856 amas,
3480 3805 3564 3845 rc-

1987 3874 2102 3928 cole
2134 3889 2148 3927 :
2173 3881 2234 3927 ut
2261 3887 2434 3927 meam
2454 3873 2704 3928 videlicet
2730 3875 2784 3928 in
2815 3875 2895 3930 eis
2921 3875 3166 3946 gloriam,
3188 3894 3364 3932 meum
3395 3881 3565 3934 domi-

1987 3966 2158 4031 nium,
2213 3978 2333 4020 mea
2381 3965 2553 4031 lucra,
2596 3981 2702 4020 non
2753 3973 2842 4020 tua
2890 3967 3106 4038 propria
3161 3984 3390 4038 quieras.
3438 3971 3565 4026 Veri

1987 4061 2166 4109 autem
2198 4053 2452 4123 pastoris,
2476 4062 2531 4109 et
2557 4054 2644 4109 cui
2675 4054 2886 4110 sincera
2939 4063 3023 4110 est
3067 4071 3198 4111 cura
3245 4056 3312 4112 de
3350 4058 3563 4125 ovibus,

1986 4145 2208 4201 evidens
2237 4160 2300 4200 ac
2343 4145 2576 4216 speciale
2624 4146 2880 4202 indicium
2910 4155 2996 4202 est
3014 4189 3028 4214 ,
3051 4164 3173 4203 cum
3202 4150 3430 4220 quisque
3457 4166 3564 4206 non

1987 4234 2158 4290 solum
2213 4236 2511 4292 commodis
2551 4235 2801 4292 omnibus
2847 4238 2970 4292 vita:
3002 4241 3310 4308 temporalis
3334 4257 3562 4307 carere;

1990 4327 2084 4382 sed
2111 4327 2282 4398 ipsam
2308 4342 2521 4397 quoque
2543 4327 2704 4383 vitam
2730 4341 2830 4398 pro
2855 4343 3015 4400 grege
3043 4328 3243 4385 Christi
3267 4346 3483 4401 ponere,
3510 4333 3563 4388 in

1989 4427 2240 4488 promptu
2265 4420 2449 4474 habet.
2476 4418 2628 4473 Unde
2655 4433 2798 4472 nunc
2826 4419 2971 4488 ipse,
2999 4427 3281 4489 postquam
3327 4437 3557 4491 pascen-

1989 4511 2085 4566 das
2107 4525 2233 4565 snas
2259 4523 2387 4563 oves
2408 4507 2589 4572 Petro,
2612 4508 2716 4563 hoc
2742 4516 2844 4574 est,
2875 4508 3059 4578 plebes
3084 4511 3350 4566 docendas
3373 4514 3566 4582 guber-

1989 4599 2302 4668 nandasque
2325 4596 2614 4662 commisit,
2646 4598 3036 4667 subscquenter
3065 4599 3233 4665 addit,
3263 4600 3446 4658 dicens
3479 4621 3493 4656 :

2061 4690 2225 4744 Vsus.
2258 4689 2345 4744 i8.
2369 4717 2442 4729 —
2467 4687 2651 4753 Antea,
2677 4706 2829 4742 amen
2858 4690 2975 4743 dico
3004 4690 3116 4756 tibi,
3145 4707 3262 4744 cum
3300 4709 3435 4748 esses
3463 4695 3563 4764 ju-

1992 4787 2126 4850 nior,
2142 4784 2379 4855 cingebas
2402 4793 2471 4847 te,
2494 4793 2541 4838 et
2562 4783 2975 4838 ambulabas-ubi
2998 4785 3199 4838 volebas
3215 4799 3232 4836 :
3251 4803 3368 4840 cum
3389 4796 3562 4841 autent

1989 4875 2244 4937 senueris,
2269 4873 2511 4928 extendes
2557 4889 2743 4926 manus
2774 4882 2912 4938 tuas,
2939 4885 2987 4928 et
3033 4873 3171 4929 alius
3206 4884 3255 4929 te
3294 4878 3478 4946 cinget,
3514 4889 3563 4933 et

1991 4965 2142 5018 ducet
2166 4980 2268 5035 quo
2299 4981 2402 5019 non
2445 4965 2538 5016 vis.
2569 4962 2626 5017 in
2680 4965 2995 5020 extensione
3037 4966 3237 5020 etenim
3283 4981 3562 5034 manuum,

1992 5055 2311 5124 positionem
2338 5053 2703 5107 membrorum
2751 5053 2887 5122 ejus,
2921 5069 3026 5124 qua
3056 5055 3204 5110 cruci
3231 5064 3347 5110 erat
3374 5067 3564 5126 aptan-

1994 5144 2112 5207 dus,
2145 5143 2410 5206 insinuat;
2467 5141 2520 5196 in
2575 5143 2842 5197 cinctione
2879 5143 3119 5204 alterius,
3168 5144 3563 5213 impositionem

1993 5231 2348 5294 vinculorum,
2375 5230 2571 5298 quibus
2593 5246 2623 5283 a
2646 5241 2990 5299 persecutore
3017 5241 3132 5286 erat
3157 5233 3442 5302 arcendus,
3468 5251 3565 5291 ex-

1996 5323 2208 5393 primit;
2232 5322 2283 5374 in
2312 5320 2476 5376 ductu
2499 5335 2606 5389 quo
2632 5321 2814 5386 nollet,
2847 5323 3017 5391 ipsam
3045 5323 3233 5378 mortis
3267 5339 3330 5380 ac
3357 5329 3563 5396 passio-

1997 5415 2081 5468 nis
2112 5412 2458 5467 accrbitatem
2487 5411 2706 5475 indicat,
2729 5428 2887 5481 quam
2916 5415 3211 5483 corporalis
3253 5417 3367 5485 ejus
3407 5418 3562 5474 inlir-

1999 5504 2159 5559 mitas
2186 5503 2466 5566 horrebat,
2496 5501 2648 5570 cujus
2673 5502 2836 5556 animi
2868 5502 3092 5558 ﬁrmitas
3119 5504 3374 5573 spiritalis
3399 5507 3564 5562 etiam

2001 5596 2223 5650 adversa
2249 5609 2345 5664 pro
2373 5593 2598 5650 Domino
2623 5594 2904 5650 laetabatur
2936 5604 3123 5652 cuncta
3165 5595 3403 5653 sufferre.
3447 5597 3562 5654 Non

3131 5689 3208 5748 32
