4000 6190
481 319 622 382 ιθοδ

1327 313 1383 365 Β.
1427 311 1488 366 ιτ.
1527 307 1752 364 ALBlNl
1789 304 1918 362 SEU
1958 297 2234 357 ALCUINI
2271 293 2554 353 OPERUM
2592 288 2771 347 PARS
2807 288 2872 344 Ῑῐ.

3581 277 3728 334 1004

483 434 630 491 enim
679 429 1004 486 voluntatem
1056 440 1239 488 suam,
1272 423 1363 477 sed
1404 421 1734 475 voluntatem
1773 413 2050 484 quaerebat
2078 415 2124 471 Α
2153 407 2243 463 ille
2270 403 2565 474 discipulus
2589 414 2750 469 quem
2780 396 3036 491 diligebat
3075 394 3265 491 Iesus;
3302 391 3538 451 Joannes

487 526 606 598 ejus
621 524 712 594 qui
739 521 884 576 misit
903 534 1046 583 eum,
1069 516 1290 572 Christi.
1313 514 1596 568 Praemissa
1619 511 1780 582 igitur
1798 505 2057 561 Dominus

486 595 665 673 ovium
692 627 908 669 suarum
937 609 1200 680 pastione,
1218 605 1491 678 subjungit
1517 617 1664 665 mox,
1687 599 1859 658 eidem
1884 595 2058 666 primo

485 702 691 774 pastori
735 700 1013 754 insinuans
1054 694 1214 750 etiam
1245 691 1511 763 passionis
1544 703 1654 743 suae
1694 685 2056 754 triumphum,

487 790 775 856 Extendes,
798 788 1066 858 inquiens,
1096 800 1282 838 manus
1313 792 1450 845 tuas,
1481 791 1526 833 et
1553 780 1688 833 alius
1719 786 1767 829 te
1794 775 1981 843 cinget,
2011 780 2060 824 et

480 884 636 936 ducet
662 896 764 951 quo
790 895 893 932 non
927 878 1034 941 vis;
1061 891 1124 930 ac
1153 874 1196 928 si
1228 879 1474 943 patenter
1513 870 1656 924 dicat
1687 885 1700 920 :
1737 864 1944 932 Quanta
1975 875 2062 915 me

491 973 756 1034 cbaritate
780 968 991 1038 diligas,
1016 966 1141 1019 hinc
1159 963 1362 1031 liquido
1389 957 1660 1030 probabis,
1677 970 1797 1010 cum
1823 967 1919 1022 pro
1941 965 2064 1019 par-

491 1064 740 1118 vulorum
774 1072 1017 1114 meorum
1050 1056 1161 1108 vita
1210 1066 1380 1120 usque
1425 1049 1495 1103 ad
1535 1056 1762 1101 mortem
1810 1041 2064 1098 certando

494 1151 840 1224 perveneris;
886 1156 941 1203 et
968 1157 1029 1200 ut
1055 1145 1129 1199 illi
1159 1145 1212 1198 in
1243 1156 1469 1210 corpore
1518 1139 1726 1209 possint
1771 1135 1972 1205 pariter
2011 1139 2066 1185 et

486 1248 676 1298 mente
704 1239 934 1301 salvari,
965 1236 1076 1304 ipse
1115 1239 1381 1287 tormenta
1433 1229 1674 1296 corporis
1720 1224 1900 1278 omnia
1947 1235 2066 1290 qua:

498 1331 866 1388 adversarium
898 1324 1137 1393 inﬁigere
1180 1321 1328 1384 libet,
1361 1318 1485 1372 forti
1527 1315 1723 1370 mentis
1760 1310 2067 1368 constantia

495 1421 750 1478 tolerabis
773 1415 961 1489 [Beda,
976 1409 1338 1480 toleraveris].
1364 1409 1518 1475 Quod
1537 1407 1650 1476 ipse
1670 1417 1882 1473 quoque
1907 1416 2069 1456 evan-

495 1512 682 1584 gelista
704 1510 1091 1576 subsequenter
1117 1503 1395 1557 insinuans
1421 1499 1497 1552 ait
1524 1515 1536 1551 ε
1575 1496 1691 1551 Hoc
1716 1503 1886 1548 autem
1913 1494 2066 1556 dixit,

495 1581 798 1675 signiﬁcans
834 1615 937 1669 qua
967 1604 1130 1650 morte
1161 1591 1544 1660 clariﬁcaturus
1570 1595 1701 1640 esset
1726 1585 1911 1637 Deum.
1944 1581 2068 1636 Cla-

499 1674 732 1750 riﬁcavit
753 1690 947 1760 quippe
973 1687 1167 1740 Petrus
1189 1690 1360 1736 morte
1388 1695 1482 1734 sua
1517 1680 1706 1741 Deum,
1725 1674 1940 1745 quando
1968 1674 2072 1727 hoc

2158 499 2283 554 licet
2313 498 2444 569 ipse,
2470 493 2564 564 qui
2597 493 2702 547 hoc
2730 486 2945 558 scripsit
2995 485 3363 556 Evangelium,
3408 489 3569 551 atque
3612 479 3744 533 ideo

2159 604 2310 646 suam
2338 599 2626 657 personam
2653 581 2845 636 maluit
2872 577 3086 634 indiciis
3121 589 3301 630 rerum
3349 570 3744 631 accidentium,

2159 693 2320 748 quam
2347 674 2566 746 proprio
2588 673 2872 741 designare
2904 667 3186 722 vocabulo.
3235 664 3502 734 Diligebat
3554 669 3746 715 autem

2161 783 2284 823 eum
2309 765 2496 828 Jesus,
2520 777 2628 818 non
2663 760 2904 830 exceptis
2931 757 3143 813 caneris
3169 755 3512 826 singulariter
3537 751 3747 814 solum.

2163 858 2258 913 sed
2295 871 2406 926 pra:
2447 853 2660 909 caeteris
2703 865 2838 922 quos
2874 849 3128 918 diligebat
3171 845 3489 900 familiarius
3536 859 3746 904 unum,

2165 963 2323 1017 quem
2351 943 2602 1016 specialis
2639 939 2994 1012 praerogativa
3037 935 3299 990 castitatis
3337 933 3580 1003 ampliori
3607 932 3751 986 dile-

2166 1039 2345 1093 ctione
2369 1035 2574 1090 fecerat
2595 1032 2836 1100 dignum.
2859 1028 3060 1084 Omnes
3078 1027 3275 1095 quippe
3295 1037 3353 1078 se
3373 1023 3594 1092 diligere
3615 1037 3751 1091 pro-

2166 1129 2280 1192 bat,
2303 1127 2502 1196 quibus
2541 1131 2666 1177 ante
2705 1119 3009 1190 passionem
3058 1117 3296 1186 loquitur
3323 1131 3336 1168 :
3363 1111 3507 1167 Sicut
3559 1111 3753 1164 dilatis

2167 1235 2248 1272 me
2279 1215 2461 1280 Pater,
2489 1224 2538 1268 et
2557 1229 2649 1283 ego
2671 1210 2830 1265 dilexi
2859 1225 2967 1272 vos,
2993 1215 3195 1261 manete
3228 1205 3282 1257 in
3311 1203 3584 1257 dilectione
3628 1216 3755 1254 mea

2172 1304 2352 1378 (Joan.
2385 1318 2475 1367 xv,
2505 1303 2583 1372 9).
2617 1299 2723 1354 Sed
2768 1300 2913 1353 hunc
2968 1309 3080 1367 pra:
3123 1292 3372 1347 omnibus
3414 1290 3610 1358 diligit,
3650 1288 3754 1356 qui

2169 1398 2322 1465 virgo
2349 1394 2552 1449 electus
2581 1393 2648 1446 ab
2669 1392 2808 1460 ipso,
2829 1389 2984 1457 virgo
3003 1387 3055 1440 in
3079 1399 3250 1440 aevum
3278 1381 3594 1452 permansit.
3619 1380 3754 1433 Tra-

2173 1487 2308 1542 dunt
2331 1497 2564 1554 namque
2606 1471 2847 1536 historiae
2873 1478 3015 1547 quod
3042 1489 3163 1530 eum
3204 1474 3271 1528 de
3315 1471 3518 1541 nuptiis
3564 1470 3754 1524 voles!~

2177 1585 2282 1631 tem
2308 1577 2514 1630 nubere
2539 1571 2842 1633 vocaverit;
2886 1577 2940 1622 et
2965 1575 3250 1637 propterea
3273 1579 3433 1633 quem
3467 1577 3497 1615 a
3544 1560 3755 1616 carnali

2176 1668 2451 1737 voluptate
2478 1670 2798 1724 retraxerat,
2831 1659 3038 1730 potiore
3080 1659 3165 1713 sui
3217 1656 3418 1711 amoris
3466 1654 3756 1710 dulcedine

499 1782 696 1838 indicio
725 1747 934 1833 cunctis
961 1781 1219 1843 quantum
1243 1771 1384 1825 Deus
1409 1775 1553 1824 esset
1585 1765 1840 1822 colendus
1883 1777 2068 1816 aman-
2097 1749 2145 1808 Β
2175 1759 2411 1815 donavit.
2451 1755 2691 1822 Denique
2729 1751 2856 1806 huic
2893 1750 3185 1805 moriturus
3214 1747 3267 1801 in
3309 1760 3471 1800 cruce
3520 1751 3756 1798 matrem

500 1874 708 1940 dusque
736 1863 1142 1927 demonstravit,
1173 1863 1298 1917 dum
1344 1860 1458 1928 ipse
1487 1858 1613 1912 data
1641 1856 1860 1924 optione
1890 1850 2076 1905 mallet

499 1959 678 2015 crucis
705 1956 886 2012 subire
909 1959 1254 2013 tormentum,
1276 1963 1437 2018 quam
1462 1962 1494 2001 a
1513 1945 1749 2001 ccelestis
1769 1941 1915 1995 verbi
1942 1953 2078 2008 prze-

500 2047 770 2104 dicatione
785 2057 1023 2101 cessare.
1061 2059 1080 2094 ι

1069 2170 1296 2229 CAPUT
1323 2168 1504 2225 XLVI.

505 2296 644 2350 Dicit
677 2293 930 2348 Dominus
962 2288 1121 2342 Petro
1155 2299 1174 2339 :
1215 2284 1454 2353 Sequere
1479 2295 1586 2343 me,
1633 2293 1799 2353 usque
1821 2275 1908 2329 ubi
1954 2273 2082 2353 dici-

577 2347 666 2419 tur
680 2347 712 2414 7:
736 2347 802 2417 et
834 2362 1038 2416 scimus
1058 2356 1183 2425 quia
1213 2347 1401 2408 verum
1427 2359 1511 2405 est
1535 2347 1899 2403 testimonium
1944 2347 2080 2411 ejus.

579 2499 740 2552 Vens.
767 2495 858 2548 20.
880 2522 953 2532 —-
976 2492 1124 2545 Dixit
1149 2488 1306 2543 Iesus
1331 2483 1492 2538 Petro
1519 2497 1535 2534 :
1563 2481 1790 2552 Sequere
1818 2495 1918 2541 me.
1949 2476 2087 2533 Con-

508 2603 683 2643 versus
704 2595 879 2639 autem
903 2579 1255 2646 Petrus,vidit
1281 2575 1432 2630 illum
1460 2571 1793 2642 discipulum,
1826 2585 1979 2639 quem
2007 2567 2088 2621 di-

509 2677 698 2750 ligebat
724 2673 902 2740 Iesus,
927 2680 1240 2743 sequentem,
1258 2666 1348 2737 qui
1373 2674 1419 2718 et
1444 2661 1675 2716 recubuit
1692 2661 1746 2714 in
1769 2675 1913 2712 creua
1935 2672 2092 2727 super

507 2747 682 2840 pectus
704 2767 839 2836 ejus.
871 2782 890 2815 ι
928 2775 954 2803 ι
985 2758 1338 2817 Commendat
1376 2753 1522 2809 enim
1557 2751 1712 2806 nobis
1745 2747 2091 2804 beatissimus

513 2837 847 2929 evangelista
885 2861 939 2908 et
967 2848 1241 2920 apostolus
1263 2844 1498 2899 Joannes
1523 2841 1864 2913 privilegium
1893 2837 2094 2892 amoris

511 2948 789 3019 praecipui,
845 2959 952 3014 quo
995 2940 1204 2996 caeteris
1249 2936 1478 3006 amplius
1525 2934 1724 3002 meruit
1772 2930 2094 2986 honoraria

517 3018 771 3099 Domino;
802 3028 1144 3087 commendat
1170 3024 1533 3081 testimonium
1555 3020 1876 3092 evangelica:
1896 3018 2098 3074 descri-

515 3127 736 3199 ptionis,
762 3123 904 3192 quod
932 3122 1163 3176 veritate
1211 3120 1392 3174 divina
1444 3116 1729 3172 subnixum
1757 3114 1936 3168 nullus
1963 3112 2095 3168 ﬁde-

519 3218 651 3270 lium
675 3215 920 3270 dubitare
944 3212 1302 3282 permittitur;
1335 3206 1677 3264 commendat
1697 3205 1963 3275 placidam
1985 3218 2096 3258 suae

512 3305 699 3361 carnis
743 3302 1163 3366 absolutionem,
1191 3314 1353 3371 quam
1404 3297 1630 3351 Domino
1685 3294 1997 3364 specialiter
2037 3308 2097 3349 se

518 3393 772 3449 visitante
819 3391 1079 3462 percepit.
1111 3389 1403 3456 Postquam
1451 3385 1597 3439 enim
1635 3383 1894 3437 Dominus
1938 3381 2099 3437 Jesus

522 3485 846 3558 signilicavit
909 3482 1072 3538 Petro
1122 3495 1229 3549 qua
1278 3484 1455 3532 morte
1506 3475 1904 3530 clariﬁcaturus
1951 3481 2099 3530 esset

523 3577 712 3640 Deum,
742 3573 989 3645 protinus
1017 3568 1261 3640 adjungit
1289 3585 1302 3620 :
1335 3564 1559 3637 Sequere
1593 3581 1695 3619 me.
1734 3563 1814 3620 Ac
1840 3565 1886 3620 si
1915 3571 2102 3634 aperte

524 3668 670 3723 dicat
700 3684 714 3721 :
744 3665 879 3734 Quia
914 3665 1030 3734 ipse
1056 3661 1209 3732 prius
1234 3675 1335 3730 pro
1376 3667 1470 3713 tua
1516 3657 1883 3726 redemptione
1923 3657 2102 3712 crucis

524 3757 844 3826 supplicium
872 3755 1056 3809 subire
1078 3766 1184 3806 non
1215 3749 1388 3815 timui,
1417 3749 1545 3820 quid
1569 3755 1626 3801 tu
1661 3763 1761 3818 pro
1811 3747 1917 3802 mei
1975 3761 2104 3802 con-

525 3847 764 3902 fessione
792 3843 1024 3898 nominis
1071 3856 1291 3898 crucem
1335 3841 1446 3910 pati
1482 3837 1756 3903 formides,
1781 3838 1872 3907 qui
1899 3852 1964 3892 eo
1989 3836 2102 3907 glo-

529 3936 754 3991 riosiore
793 3932 1038 4004 martyrii
1082 3932 1260 4002 palma
1312 3927 1722 4002 gloriﬁcaberis,
1752 3942 1860 3997 quo
1904 3929 1958 3982 in
2001 3927 2102 3983 hac

527 4025 882 4100 promerenda
928 4023 1170 4094 magistri
1218 4022 1324 4076 iter
1367 4018 1645 4090 sequeris?
1689 4017 1811 4073 Jam
1853 4033 1985 4074 vero
2034 4019 2103 4074 ab

483 4180 485 4183 ,
529 4118 860 4190 evangelista
888 4130 997 4171 non
1027 4113 1275 4169 subditur
1293 4111 1422 4182 quid
1444 4119 1564 4180 post
1586 4111 1703 4165 haec
1743 4109 1887 4166 dicta
1923 4109 2105 4165 Domi-

530 4224 638 4284 nus
663 4216 718 4262 et
740 4204 986 4275 discipuli
1012 4202 1268 4268 fecerint;
1301 4201 1395 4256 sed
1423 4215 1490 4254 ex
1515 4213 1582 4255 eo
1610 4207 1788 4254 tamen
1838 4199 2102 4264 innuitur,

530 4298 675 4366 quod
703 4295 1006 4364 subiungit:
1035 4288 1322 4346 Conversus
1356 4287 1566 4352 Petrus,
1591 4288 1718 4342 uidit
1760 4288 1909 4342 illum
1946 4289 2105 4343 disci-

526 4384 732 4458 pulum,
755 4401 906 4457 quem
932 4380 1178 4452 diligebat
1199 4379 1376 4471 Iesus,
1406 4387 1718 4471 sequentem.
1750 4376 1906 4432 Patet
1952 4394 2105 4433 nam-
2133 4411 2179 4471 ι)

532 4491 637 4548 que
667 4476 792 4545 quia
819 4470 988 4546 [cum]
1022 4471 1244 4527 dixisset
1268 4470 1430 4526 Petro
1458 4486 1472 4522 :
1506 4465 1730 4539 Sequere
1760 4483 1873 4532 me,
1900 4466 1955 4521 id
1991 4476 2101 4534 est,

531 4565 696 4636 646
731 4577 945 4619 crucem
971 4560 1222 4630 patiendo
1250 4574 1337 4614 me
1369 4559 1603 4624 imitare,
1633 4557 1872 4612 surrexit
1895 4557 1960 4612 de
1988 4557 2106 4614 loco

535 4652 768 4709 convivii
797 4660 864 4711 ,et
893 4649 1043 4703 abire
1062 4647 1176 4719 jam
1204 4647 1385 4718 coepit.
1419 4645 1650 4702 Secutus
1693 4653 1776 4700 est
1800 4653 1979 4698 autem
2005 4642 2109 4699 Pe-

535 4755 652 4800 trus
675 4742 838 4797 etiam
858 4741 1068 4796 incessu
1089 4737 1304 4808 pedum,
1334 4736 1556 4805 cupiens
1579 4734 1800 4803 implere
1823 4732 1967 4802 quod
2005 4746 2106 4786 au-

537 4834 671 4891 divit
698 4849 712 4887 :
747 4829 970 4902 Sequere
997 4844 1111 4894 me;
1140 4835 1356 4883 secutus
1382 4833 1438 4880 et
1484 4824 1572 4880 ille
1599 4822 1913 4892 discipulus,
1945 4837 2104 4890 quem

539 4925 798 4997 diligebat
832 4921 990 4979 Jesus
1016 4939 1028 4975 :
1052 4925 1228 4991 neque
1252 4919 1394 4974 enim
1426 4917 1717 4972 arcendum
1751 4928 1811 4968 se
1845 4929 1876 4967 a
1914 4928 2106 4969 conse-

534 5023 687 5071 ctatu
713 5013 913 5070 Christi
938 5013 1178 5082 putabat,
1205 5009 1296 5078 qui
1333 5023 1439 5064 non
1463 5007 1669 5060 minore
1700 5019 1759 5060 se
1786 5003 1956 5074 gratia
1979 5004 2109 5058 dile-

535 5105 735 5162 ctionis
758 5121 787 5159 a
810 5102 1028 5159 Christo
1049 5099 1385 5170 complexum
1408 5103 1650 5154 noverat.
1678 5093 1860 5163 Neque
1887 5094 2111 5148 incredi-

542 5199 646 5255 bile
671 5207 754 5255 est
781 5197 903 5253 ideo
926 5205 1212 5264 utrumque
1245 5192 1567 5262 discipulum
1607 5187 1870 5259 corporali
1920 5203 2108 5260 gressu

542 5291 766 5363 vestigia
793 5289 1004 5344 Domini
1029 5294 1291 5351 secutum,
1322 5287 1446 5355 quia
1474 5283 1703 5338 necdum
1731 5281 2110 5337 intellexerunt

538 5377 668 5446 quid
700 5377 1082 5448 signiﬁcaverit
1104 5379 1158 5432 in
1183 5391 1248 5432 eo
1271 5377 1413 5445 quod
1451 5373 1671 5429 Petrum
1695 5385 1753 5426 se
1781 5371 1930 5440 sequi
1975 5385 2112 5440 prae-

543 5471 704 5538 sepit.
736 5469 932 5526 Notum
961 5480 1141 5526 autem
1169 5469 1296 5525 novi
1324 5475 1517 5523 vestra:
1541 5464 1870 5521 fraternitati
1892 5463 2015 5531 quis
2040 5461 2112 5516 sit

2175 1845 2571 1903 commendavit
2597 1858 2770 1906 suam,
2798 1850 2858 1896 ut
2889 1839 3152 1908 virginem
3174 1837 3326 1907 virgo
3371 1843 3620 1890 servaret
3656 1852 3668 1886 :
3703 1842 3758 1888 et

2177 1939 2294 2007 ipso
2321 1943 2446 2007 post
2477 1941 2704 1989 mortem
2755 1939 2813 1986 et
2857 1928 3309 1985 resurrectionem
3355 1926 3523 1979 caelos
3570 1937 3760 1978 ascen-

2179 2027 2358 2089 dente,
2387 2039 2497 2078 non
2520 2024 2729 2078 deesset
2754 2019 2870 2088 ejus
2915 2017 3161 2088 genitrici
3195 2015 3354 2080 ﬁlius,
3405 2013 3560 2081 cujus
3607 2023 3754 2068 casta

2180 2117 2292 2170 vita
2321 2114 2437 2182 ejus
2457 2113 2623 2168 castis
2643 2120 2886 2166 tueretur
2903 2108 3195 2177 obsequiis.
3221 2106 3380 2160 Ponit
3399 2113 3455 2158 et
3476 2105 3625 2158 aliud
3651 2119 3758 2159 sua:

2181 2218 2429 2274 personae
2453 2203 2643 2256 beatus
2676 2199 2911 2254 Joannes
2941 2199 3198 2253 indicium
3230 2197 3564 2266 subjungens
3593 2212 3606 2248 :
3659 2193 3761 2259 Qui

2183 2303 2230 2346 et
2259 2291 2489 2345 recubuit
2514 2292 2568 2344 in
2593 2306 2738 2344 creua
2763 2305 2917 2359 super
2935 2296 3111 2357 pectus
3132 2287 3265 2355 ejus,
3289 2296 3336 2338 et
3367 2285 3499 2338 dixit
3529 2297 3548 2335 :
3578 2284 3760 2337 Domi-

2186 2401 2268 2450 ne,
2299 2385 2416 2454 quis
2453 2392 2526 2436 est
2551 2384 2640 2453 qui
2670 2382 2840 2436 tradet
2868 2381 2956 2434 te?
2982 2378 3095 2434 Hoc
3129 2377 3400 2448 quomodo
3433 2385 3643 2446 gestum
3673 2375 3761 2434 sit.

2186 2475 2465 2546 superiora
2489 2474 2651 2544 hujus
2676 2471 2955 2540 Evangelii
2985 2471 3101 2525 loca
3151 2469 3364 2539 plenius
3415 2467 3701 2522 ostendunt
3746 2483 3758 2516 :

2187 2567 2314 2636 quia
2344 2567 2593 2620 videlicet
2617 2565 2669 2618 in
2701 2577 2877 2627 cinna,
2909 2577 3067 2631 quam
3101 2562 3344 2616 ultimam
3388 2569 3516 2614 ante
3559 2560 3764 2628 passio-

2191 2670 2315 2710 nem
2363 2669 2487 2709 cum
2527 2652 2802 2722 discipulis
2833 2650 3082 2706 Salvator
3109 2651 3317 2714 habuit,
3354 2651 3408 2704 in
3443 2666 3551 2720 qua
3582 2666 3763 2706 eorum

2190 2749 2356 2818 pedes
2383 2745 2540 2810 lavit,
2570 2745 2758 2814 eisque
2791 2744 3034 2812 corporis
3057 2750 3112 2797 et
3136 2744 3414 2812 sanguinis
3447 2745 3528 2797 sui
3555 2743 3768 2798 tradidit

2193 2835 2452 2907 mysteria
2473 2833 2822 2898 celebranda;
2852 2832 3147 2902 discipulus
3170 2832 3276 2896 ille,
3300 2845 3462 2901 quem
3495 2831 3767 2902 diligebat,

2193 2944 2358 2998 super
2380 2935 2568 2997 pectus
2589 2924 2705 2994 ejus
2730 2925 3064 2991 recnbuerit;
3118 2933 3175 2979 et
3219 2940 3341 2979 cum
3389 2924 3615 2978 dixisset
3643 2924 3722 2978 eis
3755 2943 3766 2975 ε

2145 3077 2162 3099 θ
2193 3019 2377 3082 Amen,
2401 3033 2550 3070 amen
2571 3015 2689 3070 dico
2710 3015 2872 3080 vobis,
2899 3015 3023 3073 quia
3046 3031 3182 3068 unus
3210 3031 3274 3068 ea:
3299 3014 3443 3068 vobis
3470 3014 3643 3068 tradet
3667 3029 3768 3075 me,

2198 3106 2534 3176 responderit
2555 3104 2644 3160 ille
2673 3104 2990 3174 discipulus,
3015 3105 3270 3159 innuente
3300 3103 3459 3157 Petro
3497 3112 3557 3157 ut
3606 3105 3774 3158 inter-

2194 3208 2428 3272 rogaret,
2460 3207 2516 3253 et
2539 3199 2734 3254 dixerit
2753 3199 2805 3253 ei
2847 3216 2860 3251 :
2898 3199 3141 3265 Domine,
3177 3200 3291 3269 quis
3316 3199 3430 3252 est?
3451 3197 3542 3252 Ait
3579 3199 3774 3252 Domi-

2195 3305 2296 3345 nus
2333 3307 2345 3343 :
2380 3287 2480 3343 Ille
2523 3298 2619 3354 est,
2648 3289 2857 3357 inquit,
2884 3290 2969 3342 cui
2997 3305 3090 3358 ego
3116 3290 3386 3344 intinctum
3412 3304 3600 3358 panem
3641 3306 3775 3358 por-

2196 3395 2397 3434 rexero.
2431 3376 2582 3446 Quod
2610 3387 2790 3432 autem
2819 3377 3116 3447 discipulus
3135 3378 3226 3434 ille
3249 3393 3407 3448 super
3434 3387 3628 3447 pectus
3662 3393 3775 3433 ma-

2199 3468 2356 3540 gistri
2375 3467 2646 3533 recubuit,
2670 3481 2776 3521 non
2797 3469 3080 3536 praesentis
3101 3467 3433 3522 solummodo
3456 3467 3772 3534 dilectionis,

2198 3561 2292 3616 sed
2317 3568 2374 3614 et
2402 3558 2570 3614 futuri
2597 3568 2715 3614 erat
2744 3560 2954 3630 signum
3003 3560 3278 3630 mysterii;
3327 3560 3661 3629 ligurabatur
3699 3571 3772 3615 et-

2199 3651 2343 3707 enim
2358 3649 2474 3720 iam
2497 3659 2625 3705 tunc
2638 3649 3004 3720 Evangelium,
3017 3650 3160 3720 quod
3181 3650 3322 3704 idem
3345 3651 3640 3720 discipulus
3659 3660 3770 3705 erat

2199 3742 2518 3810 scripturus,
2551 3739 2768 3794 uberius
2795 3747 2956 3808 atque
2984 3739 3147 3794 altius
3174 3740 3390 3794 caeteris
3434 3755 3604 3794 suem
3629 3739 3768 3794 Scri-

2202 3837 2373 3900 ptura
2394 3827 2606 3899 paginis
2627 3843 2825 3883 arcana
2852 3828 3047 3883 divina:
3066 3827 3370 3897 majestatis
3387 3843 3504 3883 esse
3527 3841 3769 3896 compre-

2202 3919 2518 3974 hensurum.
2537 3916 2672 3984 Quia
2687 3917 2829 3972 enim
2848 3918 2902 3972 in
2915 3926 3134 3987 pectore
3155 3917 3283 3973 Jesu
3311 3927 3435 3973 sunt
3456 3931 3644 3974 omnes
3664 3919 3769 3973 the-

2202 4007 2351 4062 sauri
2379 4007 2657 4077 sapientiae
2683 4013 2738 4062 et
2765 4007 3006 4063 scientia
3032 4008 3335 4063 absconditi
3369 4006 3586 4079 (Coloss.
3610 4024 3669 4071 ιι,
3697 4009 3767 4076 3),

2203 4097 2400 4152 merito
2420 4112 2582 4166 super
2602 4106 2790 4167 pectus
2815 4097 2934 4168 ejus
2957 4099 3210 4163 recubat,
3233 4113 3394 4168 quem
3425 4100 3627 4168 majore
3670 4114 3769 4154 cae-

2204 4187 2335 4242 teris
2357 4187 2632 4270 sapientiae.
2662 4187 2738 4259 [et
2752 4186 3012 4260 scientiae]
3041 4187 3329 4258 singularis
3352 4205 3576 4245 munere
3596 4191 3767 4246 donat.

2203 4275 2440 4332 Caeteros
2459 4276 2654 4347 quippe
2677 4277 3032 4346 evangelistas
3054 4278 3303 4333 novimus
3330 4277 3484 4348 plura
3523 4279 3594 4335 de
3620 4279 3773 4334 mira-

2205 4367 2341 4422 culis
2363 4359 2530 4423 nostri
2553 4366 2868 4432 Salvatoris,
2883 4367 3134 4436 pauciora
3157 4368 3224 4423 de
3234 4366 3516 4423 divinitate
3537 4368 3770 4425 locutos:

2208 4457 2442 4514 Joannes
2455 4467 2632 4513 autem
2648 4472 2912 4527 perpauca
2933 4459 2999 4514 de
3023 4459 3271 4514 humanis
3291 4461 3529 4515 scribens
3544 4459 3774 4520 actibus,

2210 4552 2391 4621 potius
2420 4565 2479 4606 se
2502 4550 2834 4619 exponendis
2861 4550 3055 4605 divinae
3079 4558 3291 4606 natura:
3318 4551 3512 4606 indidit
3533 4550 3775 4613 arcanis;

2209 4648 2458 4711 patenter
2492 4639 2771 4695 insinuans
2793 4649 2995 4709 quanta
3038 4640 3104 4694 de
3145 4651 3366 4710 pectore
3411 4639 3540 4696 Jesu
3582 4639 3776 4695 fluenta

2206 4729 2465 4785 doctrinae
2484 4729 2741 4794 caelestis,
2768 4744 2887 4798 quae
2910 4729 3066 4784 nobis
3094 4737 3349 4792 ructaret,
3379 4729 3641 4785 hauserit.
3676 4728 3774 4783 Se.

2208 4825 2392 4895 quitur
2422 4841 2435 4877 :
2469 4823 2665 4897 (Vsus.
2689 4821 2788 4893 21)
2818 4821 2975 4876 Hunc
3016 4838 3138 4892 ergo
3164 4837 3281 4875 cum
3318 4823 3527 4877 vidisset
3550 4820 3741 4875 Petrus
3762 4861 3778 4885 ,

2210 4917 2333 4972 dicit
2361 4916 2489 4970 Jesu
2514 4930 2532 4968 :
2565 4915 2802 4978 Domine,
2833 4916 2916 4968 hic
2946 4924 3116 4968 autem
3139 4915 3264 4983 quid
3285 4915 3310 4968 7
3349 4915 3486 4981 Quia
3508 4928 3564 4968 se
3590 4916 3780 4968 beatus

2209 5005 2404 5061 Petrus
2448 5005 2688 5060 audierat
2713 5019 2811 5073 per
2834 5004 3136 5072 passionem
3161 5005 3340 5059 crucis
3363 5004 3780 5059 clariﬁcaturum

2211 5111 2330 5152 esse
2359 5097 2548 5160 Deum,
2577 5093 2743 5148 voluit
2779 5093 2942 5148 etiam
2991 5092 3057 5147 de
3100 5091 3268 5147 fratre
3316 5101 3372 5146 et
3415 5092 3783 5162 condiscipulo

2211 5199 2557 5256 cognoscere,
2583 5199 2689 5253 qua
2717 5190 2859 5238 εεεει
2887 5182 3002 5251 ipse
3048 5193 3220 5237 morte
3247 5191 3564 5253 perpetuam
3610 5191 3780 5238 trans-

2212 5277 2386 5332 iturus
2415 5276 2481 5330 ad
2500 5276 2686 5330 vitam.

2284 5369 2446 5425 Vsus.
2478 5368 2568 5422 22.
2597 5398 2669 5409 -
2687 5367 2825 5422 Dicit
2851 5369 2898 5422 ei
2919 5369 3074 5424 Iesus
3100 5382 3117 5420 :
3147 5367 3233 5423 Sic
3270 5385 3391 5424 eum
3420 5369 3536 5424 uolo
3577 5383 3784 5423 manere

2214 5467 2376 5521 donec
2414 5469 2579 5533 venio,
2603 5466 2727 5538 quid
2747 5465 2817 5520 ad
2841 5466 2927 5521 te?
2955 5465 3031 5519 Tu
3062 5480 3142 5518 me
3159 5477 3390 5535 sequere.
3423 5460 3563 5527 Non,
3587 5459 3782 5530 inquit,

617 5635 642 5662 ι
675 5624 754 5679 Ex
781 5625 927 5681 hom.
955 5629 1090 5683 Ven.
1119 5627 1276 5682 Beda:
1305 5627 1360 5698 in
1389 5627 1476 5682 die
1509 5625 1678 5679 sancti
1723 5620 1944 5676 Joannis
1988 5618 2214 5688 apostoli
2245 5628 2298 5675 et
2321 5621 2679 5691 evangelistae.
