4000 6190
329 295 466 349 Ιθοίἱ
1123 295 1526 357 ΕΧἘΟΕΠΕΑ.
1564 332 1637 344 -
1673 303 1862 361 ΕΟΜΜ

1966 307 2023 360 Τ.
2065 306 2132 360 ΙΝ
2167 305 2354 364 JOAN.
2394 341 2464 350 -—-
2499 311 2623 365 LIB.
2661 306 2768 367 V'll.
3426 325 3561 379 1006

320 416 445 457 eum
469 417 564 472 per
596 407 895 474 passionem
923 409 1166 477 martyrii
1216 409 1338 464 volo
1375 413 1762 477 consummari,
1795 413 1888 468 sed
1911 415 1962 473 Δ
1991 425 2296 482 exercetur,
2319 418 2550 473 activam
2575 419 2784 476 scilicet
2816 429 2870 475 et
2900 424 3394 496 contemplativam,
3421 430 3564 486 desi-

317 494 522 590 absque
549 496 801 590 violentia
828 500 1186 566 persecutoris
1207 500 1350 556 diem
1377 511 1689 570 exspecta-re
1714 502 1891 558 novis-
1991 512 2184 573 gnatas
2217 507 2483 576 accipere,
2523 523 2750 577 quarum
2801 511 2978 566 activa
3021 494 3322 571 communis
3367 520 3562 590 populo

315 583 536 648 simum,
573 585 785 652 quando
815 587 928 655 ipse
950 587 1172 642 veniens
1194 601 1319 643 eum
1346 589 1401 643 in
1427 600 1631 644 aeterna
1658 590 1890 646 beatitu-
1987 593 2084 649 Dei
2120 597 2209 652 via
2238 598 2450 652 vivendi
2477 606 2596 652 est:
2630 600 2697 653 ad
2739 601 3210 672 contemplativam
3255 583 3406 672 vero,
3430 583 3557 676 per-

315 674 502 729 tidinis
524 677 804 769 mansione
833 679 1088 748 recipiam
1117 697 1133 733 :
1162 689 1219 735 et
1244 681 1374 750 quid
1407 681 1510 736 hoc
1555 681 1620 736 ad
1672 683 1760 737 te?
1807 683 1887 736 Tu
1987 685 2179 752 pauci,
2201 693 2256 740 et
2284 687 2385 741 hoc
2407 685 2601 757 [Beda,
2635 694 2691 744 et
2718 689 2770 742 in
2802 689 2926 762 hoc]
2979 693 3316 751 sublimiores
3359 674 3558 769 quique

312 771 523 819 tantum
561 767 741 822 crucis
777 769 1076 837 patibulum
1103 771 1382 826 subeundo
1423 785 1542 825 mea
1566 778 1621 826 te
1664 773 1885 842 vestigia

307 857 460 926 sequi
517 857 716 914 debere
771 871 1060 917 memento.
1109 863 1176 916 Et
1221 863 1437 932 quidem
1485 864 1624 917 hanc
1669 863 1883 919 Domini

307 951 714 1020 responsionem
751 951 950 1009 fratres
976 962 1106 1010 tunc
1133 955 1392 1024 temporis
1436 955 1510 1009 ita
1559 955 1878 1017 tractabant,

305 1038 461 1107 quasi
481 1037 717 1094 Joannes
739 1057 1014 1112 nunquam
1042 1051 1186 1098 esset
1211 1044 1538 1106 moriturus;
1586 1044 1729 1112 quod
1775 1059 1886 1098 non

304 1127 380 1182 ita
407 1140 527 1182 esse
546 1126 969 1197 intelligendum,
995 1131 1110 1200 ipse
1133 1129 1368 1186 Joannes
1407 1131 1698 1186 admonere
1725 1145 1883 1185 cura-

303 1219 406 1284 vit,
436 1220 528 1290 qui
575 1235 698 1276 cum
743 1221 1097 1291 praemisisset
1134 1223 1330 1277 exiisse
1368 1236 1670 1277 sermonem
1718 1222 1880 1277 istum

302 1310 450 1364 inter
469 1309 669 1366 fratres
685 1311 810 1381 quia
836 1312 1128 1382 discipulus
1150 1313 1238 1366 ille
1257 1329 1363 1368 non
1388 1313 1638 1377 moritur,
1654 1313 1882 1369 solerter

300 1398 497 1468 adjecit
527 1409 689 1470 atque
711 1400 788 1455 ait
812 1415 827 1454 :
852 1401 1040 1472 (Vsus.
1088 1401 1180 1472 25)
1202 1401 1270 1455 Et
1294 1417 1395 1455 non
1429 1401 1562 1454 dixit
1605 1401 1652 1454 ei
1697 1399 1880 1468 Iesus,

301 1508 407 1545 non
433 1492 678 1557 moritur,
704 1492 795 1547 sed
819 1494 895 1546 sic
921 1508 1038 1546 eum
1085 1491 1198 1547 uolo
1240 1507 1449 1545 manere
1466 1531 1480 1554 ,
1505 1491 1665 1545 donec
1707 1493 1874 1557 uenio,

299 1579 430 1648 quid
459 1579 530 1633 ad
563 1580 649 1634 te?
682 1579 798 1636 Non
821 1595 951 1650 ergo
974 1580 1286 1650 putandum,
1316 1579 1442 1648 quia
1471 1580 1764 1650 discipulus
1789 1579 1878 1634 iile

302 1685 410 1723 non
435 1670 508 1724 sit
531 1678 778 1726 mortuus
803 1671 858 1725 in
886 1685 1070 1735 carne,
1104 1671 1229 1740 quia
1280 1685 1381 1725 nec
1419 1671 1674 1726 Dominus
1712 1670 1874 1742 657

1984 784 2107 844 post
2136 777 2520 845 perfectionem
2543 779 2646 849 piae
2675 780 2904 836 actionis
2944 785 3260 840 ascendunt.
3294 786 3351 841 ln
3375 803 3439 843 eo
3474 799 3556 844 et-

1985 865 2128 918 enim
2150 866 2292 934 quod
2321 866 2398 919 ait
2421 865 2582 921 Petro
2607 867 2894 924 Dominus:
2915 870 3176 926 Extendes
3205 891 3390 930 manus
3410 887 3551 940 tuas,

1982 960 2032 1004 et
2053 950 2191 1004 alius
2220 960 2268 1006 te
2305 952 2492 1022 cinget,
2515 963 2564 1007 et
2608 955 2758 1010 ducet
2784 972 2886 1027 quo
2911 975 3016 1012 non
3042 961 3138 1026 vis,
3167 962 3549 1029 perfectionem

1981 1041 2236 1109 exprimit.
2261 1043 2448 1097 activae
2467 1046 2913 1112 conversationis,
2936 1062 3056 1117 quae
3085 1053 3438 1108 tentationum
3464 1069 3551 1109 so-

1983 1133 2056 1188 let
2083 1136 2204 1206 igne
2226 1137 2465 1206 probari.
2497 1136 2649 1192 Unde
2676 1137 2802 1192 alibi
2848 1140 2914 1193 dc
2966 1155 3028 1194 ea
3074 1142 3203 1196 dicit
3247 1146 3485 1211 apertius
3534 1163 3547 1198 :

1979 1223 2132 1278 Beati
2159 1226 2248 1294 qui
2274 1227 2681 1296 persecutionem
2728 1228 3003 1299 patiuntur
3048 1242 3258 1302 propter
3289 1235 3552 1303 justitiam

1981 1315 2199 1384 (Matth.
2232 1331 2287 1380 v,
2313 1315 2423 1386 i0).
2456 1315 2554 1371 Cui
2587 1327 2732 1372 recte
2759 1319 3034 1390 subjungit
3067 1321 3294 1378 dicens:
3322 1323 3551 1394 Sequere

1978 1419 2078 1458 me.
2103 1402 2238 1470 Quia
2262 1405 2515 1460 nimirum
2535 1403 2689 1473 juxta
2712 1404 2952 1475 ejusdem
2972 1408 3115 1463 Petri
3141 1425 3325 1466 vocem
3351 1426 3366 1466 :
3397 1413 3550 1468 Chri-

1977 1503 2090 1548 stus
2124 1511 2311 1564 passus
2337 1504 2411 1548 est
2434 1509 2528 1564 pro
2559 1495 2728 1559 nobis,
2750 1495 3044 1566 relinquens
3067 1497 3216 1552 nobis
3238 1501 3550 1571 exemplum,

1979 1593 2034 1637 ut
2056 1599 2336 1654 sequamur
2357 1584 2570 1653 uestigia
2592 1584 2706 1654 ejus
2737 1583 2786 1656 (1
2812 1583 2956 1639 Petr.
2982 1585 3169 1660 11,21).
3191 1587 3343 1654 Quod
3369 1599 3548 1646 autem

1978 1673 2109 1728 dicit
2136 1674 2202 1727 de
2246 1671 2474 1738 Joanne,
2501 1671 2588 1727 Sic
2616 1689 2734 1726 eum
2763 1673 2876 1728 uolo
2907 1691 3149 1742 manere,
3174 1677 3338 1732 donec
3380 1681 3548 1746 uenio,

299 1757 406 1813 hoc
435 1759 500 1814 de
520 1758 613 1814 illo
637 1758 875 1814 futurum
905 1760 1172 1828 praedixit.
1203 1760 1270 1814 Et
1295 1759 1580 1815 Psalmista
1600 1761 1677 1814 ait
1701 1778 1714 1813 :
1745 1759 1875 1825 Quis
1905 1759 1952 1820 Β
1979 1771 2176 1818 statum
2197 1763 2625 1832 contemplativa:
2653 1763 2870 1818 virtutis
2897 1765 3156 1833 insinuat,
3177 1783 3298 1837 qua:
3318 1785 3424 1824 non
3450 1785 3549 1840 per

296 1861 372 1905 est
400 1853 577 1918 homo,
620 1853 709 1924 qui
749 1853 888 1918 uiuit,
946 1862 993 1907 et
1028 1869 1130 1907 non
1178 1852 1366 1907 ridebit
1418 1861 1636 1907 mortem
1682 1853 1701 1924 (
1723 1851 1871 1908 Psal.

298 1956 559 2006 Lxxxvm,
574 1938 692 2011 L9)?
720 1939 828 1996 Sed
848 1942 923 1996 ita
946 1942 1126 2012 potius
1144 1941 1543 2012 intelligendum
1555 1943 1697 2011 quod
1717 1951 1875 1997 caete-

295 2032 374 2086 ris
406 2031 605 2087 Christi
648 2031 926 2102 discipulis
968 2047 1066 2101 per
1107 2032 1410 2101 passionem
1463 2031 1868 2095 consummatis,

295 2120 412 2190 ipse
437 2123 489 2176 in
513 2137 645 2192 pace
677 2122 930 2178 Ecclesiae
955 2124 1244 2178 adventum
1281 2137 1530 2191 superna:
1571 2122 1871 2176 vocationis

294 2215 712 2282 exspectaverit,
740 2223 796 2269 et
818 2216 924 2271 hoc
947 2230 1068 2271 esse
1107 2215 1250 2284 quod
1287 2215 1364 2269 ait
1388 2214 1545 2269 Jesus
1570 2232 1583 2266 :
1615 2214 1704 2269 Sic
1749 2231 1866 2268 eum

297 2303 413 2357 uolo
441 2321 669 2371 manere,
694 2306 857 2361 donec
880 2309 1048 2372 venio,
1076 2322 1182 2362 non
1207 2305 1332 2375 quia
1373 2320 1478 2361 nou
1499 2313 1554 2360 et
1583 2305 1698 2376 ipse
1731 2303 1870 2360 mul-

294 2401 380 2448 tos
401 2402 558 2449 antea
591 2394 804 2452 labores
821 2411 920 2465 pro
940 2396 1168 2451 Domino
1193 2409 1580 2464 pressurasque
1601 2395 1868 2448 malorum

293 2482 637 2547 toleraverit,
661 2484 754 2538 sed
779 2485 902 2554 quia
932 2483 1179 2537 ultimum
1213 2483 1267 2536 in
1312 2498 1444 2551 pace
1472 2483 1681 2536 senium
1715 2482 1868 2538 finie-

293 2571 398 2636 rit;
428 2580 489 2626 ut
511 2579 640 2642 pote
666 2572 909 2627 ecclesiis
934 2571 1134 2627 Christi
1160 2586 1258 2640 per
1295 2572 1481 2627 Asiam
1522 2587 1682 2641 quam
1709 2588 1864 2643 rege-

292 2659 540 2731 bat,jam
567 2661 726 2733 longe
746 2661 958 2731 lateque
983 2660 1237 2716 fundatis.
1263 2660 1398 2716 Nam
1441 2669 1496 2716 et
1539 2661 1592 2714 in
1643 2661 1866 2718 Actibus

292 2751 678 2822 apostolorum.
706 2768 828 2808 cum
856 2754 1068 2809 ueteris
1107 2753 1362 2822 apostolis
1395 2751 1688 2822 ﬂagellatus
1718 2755 1865 2809 inve-

291 2845 460 2908 nitur,
492 2843 584 2913 qui
613 2843 766 2915 [Ms.,
792 2844 1030 2918 quando}
1059 2845 1201 2900 ibant
1221 2844 1502 2916 gaudentes
1529 2861 1561 2898 a
1589 2854 1862 2916 conspectu

289 2932 519 2999 concilii,
550 2933 797 3004 quoniam
825 2935 970 3005 digni
1014 2935 1176 2989 habiti
1219 2943 1339 2988 sunt
1380 2951 1473 3004 pro
1502 2935 1705 2988 nomine
1732 2933 1860 2989 Iesu

288 3023 654 3080 contumeliam
681 3026 792 3095 pati
851 3023 986 3096 (Act.
1011 3041 1066 3089 v,
1092 3024 1213 3096 si);
1254 3032 1308 3079 et
1341 3040 1372 3078 a
1408 3024 1710 3080 Domitiano
1747 3025 1860 3081 Ca3-

291 3128 416 3170 sare
449 3113 504 3169 in
526 3111 785 3169 ferventis
810 3114 916 3168 olei
945 3113 1146 3169 dolium
1174 3113 1372 3168 missus
1395 3114 1450 3167 in
1495 3113 1856 3168 ecclesiastica
1880 3100 1933 3166 Ο

289 3212 542 3258 narratur
563 3202 822 3268 historia;
848 3218 914 3259 ex
936 3219 1042 3272 quo
1065 3211 1246 3258 tamen
1267 3201 1448 3257 divina
1473 3217 1531 3257 se
1548 3210 1860 3273 protegente

288 3295 482 3366 gratia,
507 3304 616 3351 tam
641 3295 874 3352 intactus
922 3295 1142 3359 exierit,
1173 3309 1335 3365 quam
1380 3292 1554 3348 fuerat
1598 3310 1628 3349 a
1671 3309 1858 3349 corru-

289 3387 473 3455 ptione
498 3387 949 3456 concupiscentiae
969 3385 1205 3441 carnalis
1227 3393 1535 3441 extraneus.
1557 3385 1668 3441 Nec
1692 3385 1860 3440 multo

288 3484 408 3546 post
431 3477 498 3532 ab
520 3477 705 3532 eodem
727 3477 987 3550 principe,
1009 3486 1229 3548 propter
1251 3477 1662 3547 insuperabilem
1697 3491 1862 3532 evan-

289 3565 552 3636 gelizandi
591 3567 972 3631 constantiam,
1004 3567 1060 3622 in
1099 3565 1357 3622 Patbmos
1398 3565 1626 3622 insulam
1667 3566 1858 3623 exsilio

289 3655 578 3726 relegatur,
603 3657 696 3712 ubi
724 3658 958 3712 humano
979 3658 1106 3714 licet
1129 3658 1414 3715 destitutus
1436 3657 1647 3724 solatio,
1661 3659 1854 3715 divinze

289 3753 466 3802 tamen
491 3747 713 3803 visionis
739 3756 795 3803 et
820 3748 1159 3804 allocutionis
1192 3749 1394 3804 meruit
1435 3749 1629 3804 crebra
1659 3762 1854 3803 conso-

287 3833 484 3890 latione
511 3836 758 3892 ‘relevari.
790 3837 1027 3907 Denique
1053 3837 1256 3894 ibidem
1284 3837 1672 3908 Apocalypsin,
1696 3850 1858 3904 quam

287 3923 338 3978 ei
377 3923 634 3979 Dominus
679 3924 745 3979 de
787 3932 930 3980 statu
973 3923 1225 3979 Ecclesiae
1268 3924 1541 3992 praesenti,
1569 3921 1653 3975 vel
1678 3921 1857 3976 futuro

287 4014 568 4077 revelavit,
595 4029 756 4067 manu
794 4029 892 4068 sua
931 4012 1271 4081 conscripsit.
1301 4011 1457 4066 Unde
1484 4017 1696 4066 constat
1733 4025 1858 4081 pro-

287 4104 596 4160 missionem
625 4105 705 4160 sic
727 4105 1000 4169 manendi,
1024 4105 1196 4159 donec
1214 4102 1423 4158 veniret
1447 4102 1728 4166 Dominus,
1748 4116 1854 4156 non

285 4211 352 4250 eo
381 4194 651 4264 pertinere
675 4195 820 4263 quod
841 4195 958 4251 sine
985 4195 1169 4250 labore
1197 4194 1508 4250 certaminis
1535 4194 1774 4250 victurus
1800 4194 1853 4248 in

288 4283 509 4348 mundo,
532 4283 627 4339 sed
663 4283 756 4338 illo
787 4285 988 4354 potius,
1022 4285 1164 4354 quod
1206 4284 1325 4340 sine
1360 4284 1544 4339 dolore
1589 4284 1855 4354 passionis

287 4371 613 4426 transiturus
641 4379 784 4426 esset
812 4371 879 4427 de
905 4373 1122 4427 mundo.
1172 4370 1327 4428 Sicut
1365 4372 1508 4427 enim
1551 4372 1604 4426 in
1633 4371 1852 4428 Patrum

1974 1860 2201 1907 mortem
2225 1851 2455 1907 ﬁnienda
2479 1859 2538 1906 ut
2564 1853 2768 1918 activa;
2796 1854 2889 1908 sed
2909 1863 3032 1924 post
3055 1865 3281 1912 mortem
3319 1866 3403 1914 est
3425 1874 3549 1928 per-

1974 1943 2166 1998 fectius
2189 1942 2416 1996 Domino
2434 1943 2682 1998 veniente
2702 1944 3036 2012 complenda.
3059 1946 3281 2002 Activus
3312 1965 3543 2020 namque

1972 2029 2124 2085 labor
2146 2045 2269 2086 cum
2301 2039 2474 2085 morte
2496 2031 2697 2096 deficit,
2725 2033 3030 2086 mercedem
3053 2041 3176 2102 post
3201 2043 3427 2091 mortem
3448 2052 3542 2092 ac-

1971 2126 2228 2189 cepturus
2250 2127 2508 2174 aeternam
2544 2137 2557 2172 :
2585 2120 2912 2188 speculativa
2945 2129 3124 2178 autem
3149 2122 3398 2191 felicitas,
3423 2141 3543 2196 qua:

1970 2209 2059 2263 hic
2083 2209 2397 2274 inchoatur,
2425 2207 2535 2264 illic
2570 2209 2688 2264 sine
2736 2208 2843 2264 fine
2898 2211 3199 2281 perficitur.
3228 2216 3442 2282 quando
3489 2225 3546 2270 et

1968 2316 2324 2370 supernorum
2355 2301 2574 2367 civium,
2590 2308 2647 2356 et
2673 2301 2843 2372 ipsius
2861 2303 3075 2358 Domini
3102 2307 3410 2375 praesentia,
3429 2323 3537 2363 non

1967 2408 2065 2462 per
2101 2393 2376 2462 speculum
2403 2402 2460 2447 et
2487 2393 2542 2447 in
2584 2395 2870 2466 aenigmate
2899 2397 3039 2452 sicut
3079 2414 3254 2466 nunc,
3285 2400 3378 2456 sed
3407 2399 3541 2456 facie
3605 2458 3611 2465 _

1967 2481 2034 2533 ad
2061 2479 2254 2535 faciem
2273 2481 2544 2535 videbitur
2574 2481 2627 2552 (Ι
2666 2479 2789 2537 Cor.
2817 2499 2941 2551 xm,
2965 2486 3074 2558 l2).
3100 2486 3357 2559 Sequitur
3381 2509 3394 2544 :

2037 2569 2199 2624 Vsus.
2223 2569 2311 2623 24.
2333 2599 2406 2609 —
2424 2568 2527 2623 Hic
2545 2579 2620 2624 est
2639 2569 3049 2641 discipulusille,
3071 2578 3161 2646 qui
3189 2581 3539 2635 testimonium

1964 2657 2190 2728 perhibet
2210 2658 2274 2712 de
2294 2658 2396 2723 his,
2419 2667 2466 2713 et
2485 2660 2692 2728 scripsit
2733 2660 2844 2714 Ιιωσ
2864 2673 2883 2711 :
2914 2670 2962 2715 et
2994 2664 3187 2719 scimus
3212 2667 3335 2737 quia
3361 2683 3538 2722 verum

1963 2758 2039 2802 est
2072 2749 2422 2803 testimonium
2443 2749 2577 2819 ejus.
2619 2749 2738 2804 Jam
2766 2750 3050 2807 manifeste
3077 2754 3270 2811 beatus
3305 2754 3538 2812 Joannes

1964 2853 2119 2894 suam
2164 2853 2447 2908 personam
2480 2840 2725 2910 designat
2750 2855 2817 2895 ex
2841 2839 3035 2909 cilicio,
3067 2859 3229 2915 quam
3258 2847 3538 2916 designare

1961 2932 2098 2985 vitat
2122 2946 2185 2986 ex
2223 2931 2501 2987 vocabulo.
2533 2930 2648 2987 Non
2694 2939 2874 2988 autem
2911 2942 3299 3004 prtetereuntcr
3327 2938 3537 2993 intuen—

1963 3023 2110 3088 dum,
2141 3022 2282 3092 quod
2309 3022 2543 3077 dicitur:
2578 3021 2680 3088 Qui
2717 3024 3068 3079 testimonium
3093 3027 3321 3096 perhibet
3345 3029 3533 3092 dehis,

1960 3124 2008 3168 et
2036 3115 2242 3185 scripsit
2274 3114 2405 3169 haec.
2433 3114 2710 3170 Perhibuit
2736 3115 2933 3185 quippe
2974 3116 3340 3172 testimonium
3368 3121 3531 3175 verba

1961 3204 2055 3258 Dei
2083 3201 2213 3276 [Ms.
2243 3211 2292 3257 et
2319 3201 2484 3267 Beda,
2510 3204 2678 3258 verbo
2703 3202 2822 3276 Dei]
2849 3198 3191 3274 praedicando
3218 3223 3233 3272 ;
3264 3208 3537 3276 perhibuit

1959 3294 2282 3359 scribendo;
2321 3293 2592 3363 perhibuit
2635 3293 2832 3359 denuo,
2855 3294 3043 3349 eadem
3075 3309 3194 3364 quae
3242 3298 3536 3367 scripserat

1958 3383 2243 3449 docendo;
2298 3382 2541 3453 perhibet
2589 3383 2752 3438 etiam
2807 3397 2970 3448 nunc,
2995 3383 3340 3455 Evangelium
3393 3387 3534 3457 quod

1959 3471 2242 3541 descripsit
2266 3471 2320 3524 in
2344 3469 2602 3526 Ecclesiis
2630 3471 2912 3541 legendum
2937 3473 3240 3540 pandendo.
3273 3484 3298 3512 ι
3331 3472 3535 3544 [Siqui-

1957 3561 2081 3618 dem
2107 3578 2138 3617 a
2177 3570 2415 3632 tempore
2457 3562 2748 3617 Dominicae
2787 3564 3073 3630 passionis,
3121 3564 3534 3619 resurrectionis

1957 3660 2014 3707 et
2038 3651 2368 3707 ascensionis
2399 3652 2456 3705 in
2482 3651 2702 3714 ctelum,
2730 3665 2902 3719 usque
2929 3651 2997 3704 ad
3023 3651 3210 3705 ultima
3240 3651 3529 3707 Domitiani

1956 3741 2214 3812 principis
2248 3748 2509 3808 tempora,
2557 3753 2656 3807 per
2697 3753 2868 3794 annos
2908 3739 3128 3795 circiter
3174 3741 3451 3812 sexaginta
3478 3752 3535 3798 et

1957 3831 2194 3899 quinque
2221 3869 2236 3894 ,
2281 3829 2482 3896 absque
2511 3827 2620 3883 ullo
2647 3827 2918 3884 scribendi
2953 3829 3280 3887 adminiculo
3307 3831 3531 3887 verbum

1957 3919 2052 3974 Dei
2080 3918 2423 3988 praedicabat.
2459 3918 2531 3972 At
2569 3919 2660 3974 ubi
2704 3918 2870 3990 648
2894 3933 2927 3973 a
2964 3919 3290 3988 Domitiano,
3327 3922 3419 3991 qui
3448 3937 3535 3978 se—

1956 4010 2161 4064 cundus
2228 4016 2352 4080 post
2409 4009 2675 4066 Neronem
2733 4009 3159 4064 Christianorum
3218 4020 3534 4080 persecutor

1954 4101 2178 4168 exstitit,
2208 4102 2263 4158 in
2293 4101 2538 4157 exsilium
2581 4103 2778 4158 missus
2819 4109 2921 4167 est,
2948 4101 3305 4173 irrumpentes
3330 4103 3384 4158 in
3430 4102 3533 4160 Ec-

1955 4191 2174 4248 clesiam
2201 4192 2458 4256 haeretici,
2492 4191 2646 4263 quasi
2693 4191 2747 4246 in
2773 4191 3027 4246 destituta
3056 4207 3087 4245 a
3113 4199 3332 4261 pastore
3361 4191 3524 4248 ovilia

1954 4281 2083 4352 lupi,
2115 4281 2376 4346 Marcion,
2397 4281 2706 4345 Corinthus,
2729 4280 2922 4345 Ebion,
2952 4280 3239 4351 caaterique
3257 4278 3532 4335 Antichri-

1956 4373 2045 4439 sti,
2074 4373 2166 4444 qui
2192 4369 2464 4427 Christum
2488 4369 2653 4426 fuisse
2677 4378 2804 4425 ante
2837 4369 3056 4424 Mariam
3086 4369 3372 4440 negabant,
3400 4370 3531 4426 sim-

287 4459 484 4514 litteris
509 4459 830 4528 invenimus,
857 4475 982 4516 cum
1006 4461 1166 4532 longo
1194 4460 1473 4517 confectus
1496 4461 1669 4527 senio,
1691 4463 1856 4517 sciret
1882 4434 1932 4493 D
1957 4434 2250 4535 plicitatem
2276 4463 2398 4518 fidei
2422 4462 2744 4533 evangelicae
2768 4475 3021 4530 perversa
3065 4460 3404 4516 maculavere
3431 4463 3528 4517 do-

288 4549 573 4606 imminere
620 4549 764 4605 diem
811 4565 1056 4607 recessus
1095 4552 1202 4617 sui,
1231 4552 1540 4608 convocatis
1581 4553 1859 4623 discipulis

286 4641 400 4697 suis
425 4655 524 4712 per
551 4640 754 4696 monita
791 4639 981 4714 [Beda,
1004 4650 1126 4712 post
1163 4643 1388 4716 monita]
1422 4644 1856 4701 exhortationum

288 4745 352 4786 ac
373 4732 662 4787 missarum
686 4732 1127 4799 celebrationem,
1151 4734 1398 4790 ultimum
1429 4736 1508 4791 eis
1536 4736 1652 4792 vale
1682 4736 1812 4793 fecit
1841 4755 1856 4791 :

287 4819 477 4876 deinde
495 4820 824 4876 descendens
844 4821 898 4874 in
917 4818 1189 4876 defossum
1212 4823 1501 4892 sepulturae
1524 4839 1634 4880 sua:
1654 4825 1858 4892 locum,

287 4907 428 4964 facta
455 4911 720 4976 oratione,
744 4911 1018 4981 appositus
1040 4918 1125 4966 est
1147 4911 1214 4965 ad
1233 4920 1415 4980 patres
1442 4927 1568 4968 suos
1591 4921 1700 4967 tam
1724 4915 1860 4970 liber

288 5013 319 5051 a
347 4997 532 5053 dolore
556 5000 770 5065 mortis,
796 5014 958 5069 quam
986 5015 1018 5054 a
1043 5002 1388 5070 corruptione
1425 5002 1606 5056 carnis
1649 5004 1857 5059 inveni-

287 5096 378 5143 tur
405 5088 629 5144 alienus.
656 5089 835 5160 Atque
861 5091 937 5145 ita
962 5092 1228 5163 completa
1251 5099 1333 5147 est
1351 5091 1588 5147 veridica
1616 5091 1709 5150 illa
1735 5092 1855 5148 Sal-

287 5177 492 5232 vatoris
532 5180 821 5243 sententia,
861 5180 988 5247 quia
1039 5181 1118 5236 sic
1159 5194 1285 5235 eum
1334 5178 1565 5234 voluerit
1616 5194 1858 5247 manere,

289 5268 460 5322 donec
498 5267 615 5337 ipse
639 5269 868 5322 veniret.
896 5269 1192 5326 Possumus
1219 5279 1399 5326 autem
1431 5270 1658 5340 mystice
1695 5271 1749 5324 in
1776 5272 1862 5328 bis

288 5372 408 5427 quae
434 5356 595 5414 Petro
622 5365 677 5412 et
698 5355 888 5412 Joanni
916 5374 947 5412 a
975 5356 1478 5430 Domino'przedicta
1510 5368 1670 5430 atque
1696 5360 1748 5415 in
1783 5361 1864 5417 eis

289 5456 416 5503 sunt
439 5456 613 5521 gesta,
644 5449 777 5504 duas
803 5447 1059 5504 Ecclesiae
1102 5451 1264 5517 vitas,
1285 5453 1480 5521 quibus
1508 5451 1564 5506 in
1608 5453 1863 5522 praesenti

1953 4557 2146 4611 ctrina.
2204 4553 2312 4610 Sed
2357 4555 2483 4608 dum
2528 4555 2643 4623 ipse
2688 4561 2812 4622 post
2845 4551 3169 4609 occisionem
3215 4551 3527 4619 Domitiani,

1952 4644 2297 4714 permittente
2333 4643 2422 4714 pio
2461 4644 2706 4714 principe
2749 4641 2942 4708 Nerva,
2991 4643 3193 4698 rediret
3231 4643 3524 4713 Ephesum,

1953 4733 2260 4803 compulsus
2285 4741 2368 4789 est
2393 4735 2460 4788 ab
2483 4733 2731 4789 omnibus
2756 4749 2893 4804 pene
2929 4740 3055 4789 tunc
3079 4734 3220 4789 Asia:
3255 4735 3524 4806 episcopis

1961 4832 2013 4880 et
2040 4823 2331 4880 multarum
2359 4824 2720 4880 Ecclesiarum
2765 4825 3135 4894 legationibus,
3167 4827 3233 4880 de
3260 4834 3527 4880 coaeterna

1963 4915 2112 4969 Patri
2141 4914 2422 4970 divinitate
2459 4914 2660 4969 Christi
2701 4913 2863 4969 altius
2904 4912 3082 4968 facere
3110 4928 3434 4981 sermonem,
3461 4930 3528 4970 eo

1963 5004 2105 5073 quod
2131 5003 2186 5058 in
2217 5004 2380 5058 trium
2426 5003 2871 5073 evangelistarum
2914 5002 3148 5072 scriptis,
3180 5001 3416 5058 Matthaei
3451 5004 3533 5058 vi-

1957 5093 2173 5158 delicet,
2201 5092 2386 5158 Marci,
2418 5099 2473 5148 et
2503 5091 2680 5158 Lucte,
2709 5092 2776 5147 de
2811 5091 3144 5147 humanitate
3187 5090 3323 5162 ejus,
3369 5107 3434 5148 ac
3461 5094 3529 5148 de

1956 5180 2064 5244 his,
2091 5195 2212 5249 qua:
2255 5196 2352 5249 per
2392 5180 2663 5235 hominem
2709 5182 2892 5250 gessit,
2936 5177 3203 5235 sufﬁciens
3234 5179 3334 5236 sibi
3383 5181 3530 5238 vide-

1957 5281 2146 5325 rentur
2171 5273 2372 5327 habere
2398 5273 2786 5328 testimonium.
2832 5270 2984 5338 Quod
3023 5270 3112 5326 ille
3139 5285 3199 5326 se
3235 5286 3345 5327 non
3369 5271 3528 5327 aliter

1958 5361 2224 5416 facturum
2268 5363 2560 5433 respondit,
2605 5363 2709 5417 nisi
2755 5361 2957 5418 indicto
2991 5360 3196 5432 jejunio
3239 5374 3430 5417 omnes
3471 5361 3525 5415 in

1958 5465 2241 5508 commune
2269 5451 2551 5506 Dominum
2593 5457 2960 5522 precarentur,
2987 5458 3048 5505 ut
3091 5449 3183 5506 illo
3209 5450 3368 5521 digna
3395 5450 3529 5506 scri-

298 5573 308 5680 'I
429 5582 1034 5680 Qqagh'ic‘sequonntm
1073 5583 1294 5680 incinis
1344 5584 1570 5651 inclusa,
1617 5585 1863 5657 superius
1899 5587 2000 5644 col.
2045 5588 2168 5655 740,
2191 5591 2352 5650 etiam
2396 5589 2597 5646 inserta
2639 5590 2903 5646 habentur
2929 5589 2981 5646 in
3025 5587 3262 5658 Epistula
3317 5585 3530 5642 dedica-

291 5651 429 5706 toria
451 5649 520 5707 ad
538 5649 740 5709 Gislam
764 5649 826 5708 et
845 5653 1212 5709 Richtrudam.
