3992 6184
337 330 476 386 1009

921 309 931 318 ’
1008 329 1412 388 EXEGETICA.
1452 360 1522 370 —
1559 329 1802 386 EXPGS.
1847 330 1913 384 IN
1954 331 2166 386 EPIST.
2209 331 2266 387 S.
2307 331 2512 390 PAULI
2547 333 2639 388 AD
2677 331 2908 392 TITUM.

3445 313 3578 395 toto

336 443 606 512 bliotheca
654 443 1022 506 Eiusiedleusi,
1056 443 1422 498 benevolentia
1468 445 1570 497 viri
1620 443 1906 498 clarissimi
1940 451 1979 502 Α
2010 444 2307 512 polationes
2359 445 2568 499 uncinis
2619 444 2975 500 discrevimus
3018 446 3070 500 in
3120 448 3460 502 commodum
3505 451 3580 505 lu-

338 512 403 566 D.
428 511 487 566 P.
523 512 777 566 Meinradi
809 512 1040 566 Prenzer
1063 513 1298 578 ejusdem
1345 513 1655 581 principalis
1679 514 1910 567 cmnohii

340 581 540 636 alumni
570 583 893 650 accepimus,
925 590 978 636 et
1002 596 1068 635 ex
1096 582 1210 651 ipso
1239 582 1356 636 cod.
1404 597 1503 635 ms.
1538 583 1692 636 nobis
1720 584 1912 651 perbe-

339 653 501 720 nigne
551 651 946 706 communicato
994 651 1415 720 descripsimus;
1459 661 1620 718 atque
1661 652 1761 706 hoc
1795 651 1912 706 loco

339 729 594 790 tanquam
623 721 909 790 genuinum
939 720 1148 774 Alcuini
1178 721 1345 774 nostri
1385 731 1598 790 partum
1639 720 1913 789 hucusque

341 788 598 844 ineditum
625 788 747 844 cum
773 790 995 845 eruditis
1030 788 1504 854 communicamus,
1532 788 1687 843 ﬁdem
1714 788 1915 844 codicis

339 873 476 926 pene
501 860 683 923 cozevi,
710 875 807 928 per
830 859 1067 928 ejusdem
1089 861 1263 914 aetatis
1286 860 1602 928 scriptorem
1627 859 1913 914 confirma—

341 937 470 992 tam,
499 930 689 984 secuti.
1166 941 1169 943 '

409 996 676 1052 Caeterum
703 1000 843 1054 sicut
886 998 1142 1054 Alcuinus
1173 999 1225 1052 in
1266 997 1485 1066 reliquis
1518 999 1630 1053 suis
1653 999 1708 1052 in
1745 997 1913 1053 libros

340 1082 510 1138 sacra:
541 1067 831 1138 Scriptura:
855 1068 1258 1138 commentariis
1276 1083 1445 1138 pauca
1469 1084 1537 1122 ex
1557 1083 1654 1122 suo
1670 1068 1909 1138 ingenio,

341 1135 971 1208 sedlnauimamparlem
997 1153 1064 1208 ex
1087 1135 1313 1190 aliorum
1338 1145 1645 1208 sanctorum
1669 1135 1910 1208 Patrum,

338 1206 408 1258 ab
440 1205 681 1262 Ecclesia
716 1205 804 1261 diu
853 1207 1266 1274 approbatorum
1301 1206 1516 1274 scriptis
1562 1206 1912 1274 deprompsit,

337 1285 499 1344 prout
533 1275 648 1343 jam
677 1275 958 1344 aliquoties
998 1277 1323 1340 monuimus,
1363 1276 1436 1328 ita
1465 1284 1519 1331 et
1557 1276 1654 1330 bos
1695 1291 1831 1344 quos
1857 1275 1913 1328 in

337 1345 588 1400 manibus
633 1346 894 1400 habemus
933 1345 1218 1399 Tractatus
1243 1360 1308 1400 ex
1340 1344 1530 1399 iisdem
1567 1344 1909 1413 compilavit;

337 1413 593 1468 nimirum
617 1414 753 1470 duos
779 1416 987 1484 priores
1013 1429 1078 1468 ex
1115 1414 1531 1484 Commentariis
1576 1415 1748 1478 sancti
1780 1414 1909 1469 Hie-

337 1484 584 1554 ronymi;
614 1482 860 1554 ultimum
883 1499 1016 1554 vero
1051 1499 1117 1538 ex
1143 1484 1313 1554 sancti
1344 1482 1569 1554 Ioannis
1595 1484 1916 1554 Chrysostof

336 1551 411 1605 mi
441 1551 675 1609 homiliis
718 1554 770 1607 in
818 1553 1110 1622 Epistolam
1149 1553 1216 1607 ad
1261 1553 1551 1618 Hebraeos;
1597 1551 1914 1622 secutusibi

339 1623 641 1677 versionem
687 1621 909 1676 Mutiaiii
958 1623 1286 1687 scholastici,
1335 1623 1510 1691 qualis
1538 1631 1716 1678 exstat
1761 1621 1913 1691 initio

338 1699 470 1762 tom.
523 1691 615 1746 XII
664 1691 898 1762 Operam
939 1694 1109 1749 sancti
1156 1691 1310 1746 Joan.
1355 1690 1637 1762 Clirysost.
1683 1690 1907 1762 edit.D.

2009 524 2239 567 ctorum.

2081 583 2248 656 Porro
2273 583 2419 638 hisce
2440 584 2777 656 Tractatibus
2799 585 3096 656 lragmeuta
3118 587 3358 656 quaedam
3383 587 3582 642 addere

2010 669 2116 732 non
2147 653 2510 732 importunum
2537 654 2660 732 erit,
2691 670 2754 732 ex
2781 653 3089 732 pervetusto
3107 653 3361 732 cod._m§.
3385 656 3582 732 biblio-

2012 723 2182 796 thecae
2224 721 2569 777 illustrissimi
2608 721 2822 796 capituli
2863 726 3266 796 metropolitani,
3309 725 3580 796 Salisbur-

2046 791 2191 845 ensis
2240 800 2428 864 notato
2472 808 2619 864 num.
2654 793 2720 864 _7l
2762 791 3050 864 descripta;
3076 795 3166 849 ubi
3209 795 3402 849 Albino
3430 798 3582 851 attri-

2049 870 2250 912 uuntur
2263 862 2451 914 breves
2472 861 2844 929 Expositiones
2861 861 3210 929 quorumdam
3229 865 3582 929 Singularium

2011 937 2277 993 textuum,
2326 930 2683 998 Epistolarum
2729 937 2897 986 sancti
2946 933 3093 986 Pauli
3133 930 3358 998 apostoli
3387 936 3453 989 ad
3479 935 3582 990 Co—

2012 999 2260 1061 rinthios,
2292 999 2360 1052 ad
2391 999 2670 1066 Ephesios,
2693 1001 2760 1052 ad
2790 1001 2968 1054 Titum
2996 1011 3050 1054 et
3071 1003 3138 1055 ad
3159 999 3431 1059 Hebraeos.
3456 1004 3585 1059 Nul-

2011 1068 2094 1122 lus
2121 1067 2494 1129 enim:dubito,
2527 1067 2779 1121 Albinum
2822 1069 2972 1122 illum
3003 1085 3122 1124 esse
3151 1070 3436 1126 Alcuin'um
3484 1090 3581 1126 no—

2011 1147 2200 1207 strum.
2234 1136 2390 1207 cujus
2429 1137 2571 1207 aetati
2597 1137 2828 1207 codicis
2854 1153 3066 1207 quoque
3109 1148 3240 1193 aetas
3267 1144 3582 1205 concordat,

2011 1215 2066 1261 et
2097 1206 2266 1276 stylus
2294 1205 2431 1276 stylo
2458 1206 2666 1259 Alcuini
2690 1206 2884 1276 rsimilis
2913 1205 3014 1269 est,
3044 1218 3103 1261 ut
3127 1224 3286 1263 ovum
3315 1224 3436 1263 ovo.
3468 1208 3585 1263 Non

2013 1285 2213 1340 tamen,
2241 1275 2438 1343 inquis,
2471 1275 2760 1330 concordat
2804 1277 3068 1344 expositio
3107 1277 3293 1332 isthmc
3321 1294 3442 1333 cum
3473 1278 3584 1342 illa,

2011 1361 2130 1414 qua:
2157 1345 2224 1400 ad
2251 1345 2468 1399 eosdem
2501 1351 2678 1400 textus
2705 1344 2722 1414 ι

2793 1345 2898 1398 itur
2922 1346 2975 1399 in
3002 1346 3131 1414 ipsis
3157 1347 3428 1415 prioribus
3454 1348 3588 1402 Tra-

2010 1413 2243 1484 ctatibus
2269 1415 2324 1468 in
2353 1413 2615 1484 Epistolas
2651 1413 2717 1468 ad

2792 1415 2922 1486 itum
2943 1423 3006 1486 et
3048 1415 3317 1486 Hebraeos.
3347 1417 3589 1486 Respon-

2011 1485 2110 1540 deo
2137 1483 2489 1539 differentiam
2520 1499 2626 1538 non
2666 1497 2806 1546 esse,
2851 1483 2955 1538 nisi
3002 1485 3142 1552 quod
3186 1486 3257 1539 ibi
3292 1487 3397 1540 alio
3427 1483 3588 1542 modo

2010 1567 2147 1623 pene
2172 1553 2312 1607 idem
2340 1553 2590 1623 dicatur,
2637 1561 2696 1606 ut
2739 1552 3032 1623 conferenti
3083 1555 3306 1623 patebit.
3339 1555 3476 1610 llinc
3502 1557 3583 1609 vi-

2011 1621 2170 1677 detur
2193 1623 2311 1692 haee
2331 1621 2626 1692 fragmenta
2663 1636 2862 1692 noniex
2887 1621 3158 1692 prierilius
3185 1625 3586 1680 commentariis

2011 1690 2598 1764 e;cerpta_fuisse,‘sed
2625 1690 2931 1764 singulares
2949 1692 3196 1748 fortassis
3223 1709 3342 1749 esse
3365 1709 3587 1764 respon—

335 1758 595 1841 Dernardi
627 1762 691 1816 de
711 1758 1085 1841 jMontlaltcon.
1127 1762 1356 1841 Texturn
1395 1758 1560 1831 igitur
1581 1778 1711 1841 cum
1754 1761 1912 1841 editis
1943 1783 1986 1841 Β
2013 1758 2192 1841 siones
2219 1761 2286 1815 ad
2305 1761 2639 1841 .quatstioues
2682 1758 2860 1841 super“
2880 1761 2997 1841 illos
3039 1770 3217 1841 textus
3260 1764 3359 1834 ipsi
3394 1758 3589 1836 propo-

336 1828 550 1903 illorum
580 1840 884 1903 sanctorum
911 1828 1440 1903 PatrumOperibus
1467 1832 1810 1903 contulimus,
1841 1830 1915 1885 le-
1945 1828 1986 1841 "
2014 1832 2165 1896 sitas,
2197 1828 2383 1901 quales
2408 1830 2581 1886 eidem
2607 1828 2800 1903 saepius
2831 1830 2946 1886 ﬁeri
2976 1831 3237 1888 solebant.

337 1899 542 1955 ctiones
572 1901 838 1958 variantes
863 1909 917 1957 et
949 1901 1160 1957 Alcuini
1203 1899 1506 1956 additlones
1551 1910 1711 1970 atque
1745 1901 1913 1956 inter-

911 2131 1074 2206 650
1113 2130 1635 2194 EXPLANATIO
1677 2130 1756 2190 IN
1803 2127 2259 2189 EPISTOLAM
2312 2128 2546 2190 PAULI
2599 2129 2708 2189 AD
2763 2129 3034 2190 TITUM.

921 2320 1290 2378 PREFATIO

407 2434 556 2488 Hanc
584 2434 867 2503 epistolam
890 2433 1078 2486 scribit
1115 2430 1403 2500 Apostolus
1431 2444 1461 2482 a
1487 2427 1758 2497 NicOpolis
1781 2425 1913 2480 civi-

338 2532 470 2589 tate,
512 2537 632 2591 qua:
671 2521 774 2576 sita
799 2528 883 2576 est
911 2521 966 2574 in
1006 2519 1261 2574 Hactiaco
1307 2516 1574 2590 {Actiaco}
1609 2517 1808 2577 littore,
1846 2513 1912 2567 ad

341 2617 522 2669 Titum
551 2612 874 2684 discipulum
914 2625 1070 2666 suum
1115 2618 1172 2664 et
1198 2609 1252 2663 in
1286 2608 1504 2664 Christo
1532 2607 1724 2670 ﬁlium,
1751 2618 1912 2673 quem

337 2705 513 2762 Creta:
531 2705 716 2760 insulae
736 2702 1028 2772 reliquerat
1053 2701 1121 2756 ad
1141 2700 1396 2755 ecclesias
1415 2696 1772 2754 instruendas.
1805 2694 1911 2749 No-

339 2796 438 2849 luit
477 2795 621 2850 enim
656 2808 753 2849 sua
793 2793 1035 2867 absentia
1079 2791 1364 2847 Cretenses
1393 2789 1448 2844 in
1480 2789 1701 2857 antiquo
1727 2799 1914 2841 errore

338 2899 678 2954 permanere,
700 2898 730 2937 a
753 2883 948 2952 quibus
975 2874 1210 2952 primum
1232 2879 1545 2935 idololatriae
1571 2877 1777 2932 semina
1799 2875 1912 2946 pulo

341 2973 596 3028 lulurunt.
643 2973 710 3027 Et
753 2972 879 3026 dum
924 2971 1106 3026 Titum
1150 2970 1354 3040 rogavit
1401 2975 1621 3040 propter
1656 2966 1914 3036 praulica-

339 3065 504 3119 tionis
531 3063 904 3119 necessitatem
938 3061 1006 3116 ad
1031 3076 1089 3117 se
1118 3060 1319 3125 venire,
1349 3059 1594 3129 praecipit
1619 3056 1693 3111 ibi
1729 3053 1914 3109 venire

340 3153 633 3208 Artbeman
665 3160 759 3206 aut
782 3150 1083 3217 Tichicum.
1113 3163 1342 3221 quorum
1371 3146 1614 3206 doctrina
1641 3153 1695 3201 et
1723 3141 1915 3200 solatio

341 3244 652 3300 foverentur
671 3241 973 3300 Cretenses.

854 3375 1079 3438 CAPUT
1103 3375 1388 3433 PRIMUM.

412 3490 570 3545 Vsus.
600 3488 652 3546 I.
678 3517 751 3530 --
791 3487 994 3544 Paulus
1041 3506 1216 3544 servus
1269 3489 1382 3556 Dei,
1426 3488 1694 3560 apostolus
1741 3498 1915 3544 autem

342 3577 534 3633 Christi
571 3577 720 3633 Iesu.
750 3590 776 3619 ι
805 3577 862 3634 In
908 3578 1144 3649 Epistela
1174 3579 1243 3634 ad
1282 3577 1554 3655 Romanos
1592 3579 1665 3634 ita
1692 3593 1918 3635 exorsus

341 3679 461 3726 est:
507 3666 709 3726 Paulus
754 3658 931 3725 servus
957 3668 1089 3725 Iesu
1126 3668 1340 3736 Christi,
1367 3679 1577 3725 vocatus
1613 3668 1915 3740 apostolus:

343 3763 396 3816 in
433 3760 532 3816 hac
565 3769 747 3816 autem
771 3776 986 3817 servum
1030 3777 1089 3816 se
1131 3761 1227 3816 Dei
1253 3761 1425 3826 dicit;
1458 3761 1757 3830 apostolum
1788 3773 1918 3814 vero

342 3851 538 3907 Christi
563 3849 710 3907 Iesu.
759 3850 816 3906 Si
841 3853 984 3908 enim
1010 3851 1171 3906 Pater
1210 3858 1265 3904 et
1290 3851 1461 3904 Filius
1487 3864 1652 3903 unum
1694 3855 1836 3909 sunt,
1863 3854 1920 3902 et

343 3945 434 4014 qui
467 3943 757 3998 crediderit
782 3943 835 3996 in
878 3941 1097 4004 Filium,
1124 3940 1296 3996 credit
1325 3942 1378 3994 in
1407 3941 1644 4002 Patrem,
1683 3939 1917 3993 servitus

343 4049 559 4105 quoque
601 4031 965 4086 indiﬂ’erenter
987 4030 1212 4098 apostoli
1242 4029 1388 4084 Pauli
1417 4028 1494 4101 [et
1519 4029 1758 4084 omnium
1789 4043 1917 4083 san-

343 4121 578 4192 ctorum]
622 4122 690 4176 ad
729 4121 943 4176 Patrem
989 4128 1074 4176 est
1101 4119 1401 4183 referenda,
1450 4119 1537 4174 vel
1580 4118 1649 4173 ad
1692 4117 1916 4183 Filium,

345 4215 495 4288 [quia
516 4229 654 4269 unus
677 4214 820 4270 Deus
844 4221 926 4268 est
961 4211 1124 4267 Pater
1145 4220 1200 4268 et
1235 4211 1420 4276 Filius,
1447 4220 1503 4268 et
1527 4228 1634 4267 una
1659 4212 1922 4267 servitute

343 4305 600 4362 colendus
627 4313 727 4360 est.
759 4302 886 4358 Haec
914 4312 1092 4358 autem
1123 4303 1352 4359 servitus
1377 4302 1656 4358 charitatis
1679 4310 1781 4365 est,
1811 4317 1918 4358 non

2013 2322 2158 2377 sunt,
2189 2313 2283 2367 sed
2308 2312 2484 2368 electi.
2522 2311 2828 2368 Electorum
2874 2325 3086 2381 quoque
3130 2313 3368 2383 ipsorum
3396 2328 3589 2383 magna

2015 2404 2297 2459 diversitas
2324 2411 2429 2467 est,
2469 2418 2567 2471 pro
2588 2405 2850 2459 varietate
2879 2420 3121 2472 operum,
3151 2421 3404 2462 sensuum
3430 2417 3592 2476 atque

2013 2506 2340 2547 sermonum.
2371 2490 2516 2562 [Ideo
2543 2491 2783 2546 addidit:
2834 2491 3134 2547 Secundum
3161 2496 3476 2564 agnitionem
3511 2513 3594 2552 ae-

2016 2581 2202 2643 ritatis,
2229 2579 2279 2633 id
2315 2589 2418 2643 est,
2449 2579 2540 2647 qui
2564 2580 2857 2634 secundum
2885 2579 3045 2634 [Idem
3071 2581 3272 2636 habent
3310 2583 3591 2639 scientiam

2015 2669 2278 2724 veritatis.
2327 2669 2397 2724 Ut
2435 2676 2726 2740 utrumque
2767 2669 3074 2735 concordet,
3110 2677 3168 2725 et
3210 2669 3343 2725 ﬁdes
3383 2687 3510 2727 vera
3537 2682 3595 2728 et

2016 2759 2253 2829 cognitio
2277 2758 2538 2823 veritatis,
2567 2757 2808 2812 addidit:
2857 2755 2986 2823 Quw
3033 2758 3315 2812 secundum
3351 2761 3597 2830 pietatem

2016 2857 2134 2914 est;
2165 2849 2290 2918 quia
2319 2849 2563 2918 quadam
2596 2848 2796 2902 veritas
2821 2863 2928 2902 non
2971 2856 3056 2903 est
3093 2848 3385 2904 secundum
3423 2850 3593 2920 pieta-

2020 2945 2151 3002 tem,
2203 2945 2263 2991 ut
2315 2937 2685 3008 grammatica,
2737 2937 3034 3003 dialectica,
3086 2939 3382 3008 geometria
3431 2948 3595 3012 atque

1939 3020 1985 3085 C
2016 3026 2354 3082 arithmetica
2386 3023 2426 3097 :]
2461 3025 2658 3080 habent
2697 3025 2839 3081 enim
2883 3026 2966 3081 hre
3011 3037 3156 3083 artes
3182 3041 3366 3083 veram
3412 3029 3589 3086 scien—

2017 3117 2146 3171 tiam
2173 3124 2318 3172 recte
2346 3116 2618 3186 loquendi,
2651 3115 2744 3171 sed
2763 3131 2869 3171 non
2891 3124 2974 3170 est
2998 3117 3223 3173 scientia
3243 3117 3331 3172 illa
3357 3119 3598 3190 pietatis.

2017 3205 2253 3262 Scientia
2281 3206 2498 3277 pietatis
2516 3214 2598 3261 est
2618 3221 2776 3262 nosse
2804 3207 2976 3278 legem
3004 3207 3120 3273 Dei,
3153 3209 3448 3280 intelligere
3469 3226 3594 3283 pro-

2015 3294 2223 3364 phetas,
2256 3294 2599 3366 Evangelium
2641 3296 2881 3363 credere,
2924 3297 3286 3368 apostolorum
3320 3300 3462 3356 dicta
3487 3317 3611 3358 non.

2019 3388 2292 3457 ignorare,
2325 3385 2402 3458 [et
2426 3394 2684 3456 quantum
2704 3388 2904 3442 bonum
2934 3387 3024 3452 sit,
3055 3388 3223 3444 Deum
3244 3405 3312 3445 ex
3341 3396 3452 3445 toto
3475 3405 3605 3448 cor-

2017 3479 2102 3545 de,
2134 3494 2202 3535 ex
2230 3486 2339 3533 tota
2379 3479 2558 3534 anima
2589 3487 2644 3535 et
2669 3481 2918 3536 omnibus
2945 3481 3149 3536 viribus
3176 3480 3443 3553 diligere.]
3472 3481 3598 3540 Ilaec

2018 3579 2198 3626 autem
2243 3569 2463 3633 veritas,
2516 3569 2670 3638 cujus
2714 3569 2950 3635 cognitio
3001 3568 3292 3622 secundum
3339 3571 3596 3640 pietatem

2019 3670 2120 3726 est,
2154 3660 2338 3732 (Vnus.
2368 3659 2426 3727 2)
2473 3660 2529 3712 in
2574 3674 2662 3728 spe
2709 3659 2826 3712 vita:
2873 3665 3081 3712 azternte
3115 3659 3292 3728 posita
3331 3669 3432 3726 est,
3470 3662 3600 3733 quia

2018 3750 2201 3806 statim
2228 3749 2280 3802 ei
2318 3748 2410 3817 qui
2435 3762 2553 3802 eam
2593 3748 2926 3818 cognoverit,
2957 3751 3241 3819 praemium
3280 3753 3470 3810 tribuit
3497 3755 3598 3812 im-

2019 3836 2405 3901 mortalitatis;
2453 3836 2656 3905 absque
2694 3837 2896 3906 pietate
2943 3854 3070 3894 vero
3113 3843 3304 3897 notitia
3353 3845 3599 3904 veritatls

2021 3927 2251 3984 delectat
2276 3926 2344 3982 ad
2364 3940 2622 3995 praesens,
2651 3925 2744 3981 sed
2769 3926 3126 3982 aeternitatem
3153 3944 3262 3984 non
3283 3931 3444 3988 habet
3461 3949 3608 4003 pm.

2020 4017 2275 4083 miorum,
2302 4033 2460 4089 quam
2476 4017 2712 4086 promisit
2735 4032 2837 4071 non
2856 4016 3081 4072 mendas;
3104 4017 3244 4073 Deus
3265 4030 3385 4075 ante
3403 4024 3614 4080 alecula.

2020 4117 2260 4166 aeterna:
2305 4115 2360 4163 et
2396 4107 2581 4178 (Vens.
2627 4105 2682 4178 5)
2729 4105 3081 4175 manifestavit
3128 4121 3247 4163 eam
3285 4111 3616 4180 temporibus-

2019 4201 2129 4255 suis
2151 4199 2208 4254 in
2233 4198 2449 4257 Christo
2471 4197 2618 4254 Iesu.
2642 4197 2742 4255 Cui
2763 4205 2940 4254 autem
2961 4207 3087 4257 ante
3096 4202 3362 4271 promisit,
3379 4213 3434 4258 et
3453 4215 3602 4273 post-

2023 4309 2087 4352 ea
2120 4293 2249 4350 fecit
2287 4293 2648 4364 perspicuam,
2693 4293 2800 4348 nisi
2836 4292 3115 4362 sapientiae
3161 4309 3293 4361 suat,
3325 4309 3445 4364 quae
3481 4306 3600 4352 erat

347 4397 478 4467 legis
509 4395 702 4450 littera:
729 4407 848 4464 quae
874 4393 1090 4458 occidit,
1131 4393 1227 4448 sed
1268 4393 1488 4462 spiritus
1516 4391 1608 4462 qui
1635 4390 1915 4462 vivificat.]
1949 4406 1997 4466 ι)
2021 4397 2236 4453 semper
2258 4397 2381 4438 cum
2422 4381 2602 4446 Patre,
2631 4395 2754 4436 cum
2790 4380 3062 4436 lauaretur
3101 4383 3232 4437 orbe
3256 4383 3520 4452 perfecto,
3545 4395 3600 4442 et

350 4489 550 4543 Servus
579 4487 672 4540 Dei
695 4486 782 4541 ille
808 4492 910 4550 est,
939 4485 1030 4554 qui
1057 4499 1163 4544 non
1191 4492 1275 4539 est
1303 4498 1492 4539 servus
1516 4483 1720 4552 peccati
1745 4498 1759 4546 ;
1798 4481 1924 4550 quia

350 4579 516 4631 omnis
555 4578 644 4648 qui
681 4576 806 4645 facit
847 4583 1136 4644 peccatum,
1177 4589 1355 4628 servus
1383 4582 1458 4629 est
1502 4573 1698 4643 peccati
1737 4569 1921 4642 (Ioan.

351 4684 470 4734 vm,
501 4669 612 4739 54).

424 4757 698 4828 Apostolus
718 4765 893 4812 autem
919 4756 1047 4813 Iesu
1074 4755 1286 4810 Christi.
1316 4756 1582 4811 Grandem
1606 4755 1709 4812 sibi
1727 4754 1926 4808 Paulus

356 4848 495 4903 inter
529 4847 864 4904 Christianos
905 4848 1142 4902 vindicat
1178 4847 1552 4901 auctoritatem
1579 4860 1592 4898 :
1623 4843 1924 4915 apostolum

357 4939 554 4994 Christi
583 4941 738 4995 titulo
760 4940 1100 5009 praenotavit,
1130 4945 1187 4992 ut
1209 4954 1276 4994 ex
1302 4938 1413 5006 ipsa
1437 4937 1670 4992 lecturos
1695 4935 1927 4990 nominis

358 5031 674 5085 auctoritate
718 5037 967 5094 terreret,
1013 5028 1090 5101 [et
1125 5027 1386 5083 excitaret
1429 5025 1495 5080 ad
1524 5025 1774 5078 timorem
1817 5039 1928 5078 sua:

357 5118 752 5188 praedicationis
774 5117 820 5188 ε]
846 5119 1088 5174 indicans
1121 5131 1308 5176 omnes
1349 5113 1525 5184 quiin
1558 5112 1774 5168 Christo
1811 5127 1927 5166 cre-

359 5212 565 5272 derent,
599 5209 792 5264 debere
835 5208 934 5262 sibi
960 5221 1079 5263 esse
1117 5208 1404 5277 subjectos.
1436 5202 1735 5258 Secundum
1771 5202 1926 5270 ﬁdem

360 5299 639 5353 electorum
685 5297 779 5350 Dei
824 5307 870 5350 et
917 5297 1527 5365 agnitionem'oeritatis.
1571 5293 1926 5350 Referendum

361 5399 445 5444 est
471 5390 537 5443 ad
580 5387 873 5458 superiora,
920 5387 1070 5454 quod.
1101 5387 1314 5442 intulit:
1355 5388 1557 5442 Paulus
1597 5403 1773 5441 servus
1813 5384 1927 5446 Dei,

364 5477 630 5548 apostolus
669 5487 839 5530 autent
883 5474 1079 5530 Christi
1118 5474 1265 5529 Iesu.
1311 5476 1606 5531 Secundum
1634 5475 1790 5544 ﬁdem
1833 5472 1934 5526 ele-

365 5575 570 5622 ctorum
614 5566 733 5631 Dei,
779 5566 832 5621 id
877 5574 976 5628 est,
1025 5579 1211 5620 eorum
1239 5565 1330 5634 qui
1374 5581 1476 5620 non
1521 5575 1725 5620 tantum
1761 5563 1934 5618 vocati

2027 4473 2284 4544 gauderet
2310 4485 2472 4540 super
2497 4470 2634 4524 ﬁlios
2655 4469 2952 4535 hominum,
2978 4479 3034 4526 et
3060 4472 3368 4540 repromisit
3387 4473 3468 4529 eis
3487 4477 3603 4546 qui-

2028 4576 2240 4630 cunque
2263 4560 2321 4614 in
2345 4558 2436 4613 illa
2465 4559 2720 4614 credituri
2747 4567 2946 4626 essent,
2987 4561 3268 4618 habituros
3291 4577 3412 4619 esse
3434 4565 3598 4623 vitam

2027 4651 2328 4708 :eternam?
2355 4650 2657 4719 Antequam
2685 4648 2834 4704 orbis
2869 4649 3074 4720 jaceret
3109 4651 3472 4718 fundamenta,
3502 4669 3600 4710 an-

2029 4753 2244 4813 tequam
2274 4743 2445 4798 maria
2485 4739 2828 4807 diffunderet,
2855 4750 3071 4798 montes.
3100 4751 3380 4810 statueret,
3407 4744 3602 4800 caelum

2031 4831 2399 4905 suspenderet,
2452 4839 2652 4886 terram
2711 4830 2915 4899 dejecta
2970 4833 3111 4888 mole
3163 4832 3436 4898 solidaret,
3488 4835 3604 4890 haec

2029 4926 2335 4996 repromisit
2376 4924 2537 4988 Deus,
2580 4923 2636 4978 in
2669 4938 2775 4992 quo
2804 4923 3140 4980 mendacium
3176 4939 3282 4978 non
3319 4933 3439 4978 est:
3484 4939 3611 4978 non.

2028 5019 2153 5090 quia
2181 5005 2609 5087 possit'inentiri,
2637 5015 2682 5069 si
2722 5013 2888 5075 nollet,
2915 5013 3112 5085 [Ilier.,
3143 5023 3199 5069 et
3239 5012 3392 5086 nolit]
3421 5015 3474 5068 in
3503 5013 3601 5069 l‘al-

2029 5109 2202 5164 sitatis
2226 5107 2389 5162 verba
2413 5119 2763 5177 prorumpere
2787 5121 2817 5168 ;⁴
2832 5104 2926 5158 sed
2951 5105 3075 5172 quia
3103 5103 3193 5173 qui
3232 5101 3392 5157 Pater
3415 5103 3486 5158 sit
3512 5119 3602 5159 ve-

2031 5196 2204 5252 ritatis
2248 5193 2324 5266 [et
2363 5195 2478 5264 ipse
2505 5189 2712 5262 verax],
2763 5191 2965 5246 nullum
2997 5191 3049 5245 in
3092 5205 3149 5244 se
3187 5197 3365 5259 potest
3405 5190 3605 5246 habere

2035 5285 2389 5341 mendacium.

2103 5377 2221 5432 Non
2261 5375 2462 5443 absque
2498 5389 2556 5428 re
2594 5373 2803 5427 videtur
2830 5371 3064 5426 breviter
3103 5373 3466 5444 perstringere
3505 5387 3612 5430 cur:

2039 5468 2177 5522 Deus
2200 5466 2345 5521 solus
2369 5479 2555 5528 verax,
2597 5471 2651 5517 et
2694 5464 2868 5519 omnis
2901 5463 3062 5518 homo
3107 5463 3334 5518 mendax
3362 5462 3616 5533 Apostoli

2042 5571 2171 5614 voce
2200 5554 2448 5612 dicatur?
2490 5553 2555 5608 Et
2582 5551 2683 5607 nisi
2714 5551 2884 5620 fallor,
2917 5551 3182 5622 quomodo
3219 5552 3362 5607 solus
3405 5553 3604 5607 habere

441 5686 466 5715 ⁸
514 5673 590 5731 Ex
643 5672 699 5731 S.
754 5673 1062 5743 Hieronymi
1115 5670 1508 5728 Commentario
1554 5673 1606 5726 in
1649 5673 1817 5742 Epist.
1865 5670 1943 5727 ad.
1970 5669 2164 5724 Titum.
