4000 6190
459 300 584 356 IOH

1311 298 1368 350 Β.
1407 298 1470 351 F.
1511 299 1734 354 ALBlNl
1775 299 1904 354 SEU
1941 297 2220 354 ALCUINI
2255 298 2540 356 OPERUM
2572 299 2751 356 PARS
2787 301 2850 356 ll.

3569 305 3716 363 1012

455 412 652 466 dicitur
676 410 1150 474 immortalitatem,
1181 425 1302 464 cum
1329 419 1384 464 et
1406 411 1624 481 angelos
1639 419 1695 466 et
1719 411 1916 466 multas
1937 426 2024 465 ra-
2055 415 2102 472 Α
2130 413 2365 480 mundo,
2405 421 2462 469 et
2500 415 2807 471 hominibus
2848 425 2976 471 nota
3019 416 3199 481 ﬂeret,
3231 416 3384 484 juxta
3424 418 3716 489 imperium

458 501 739 556 tionabiles
782 499 908 554 fecit
950 509 1230 557 creaturas
1275 503 1474 571 quibus
1505 502 1715 557 dederit
1754 503 2032 557 immorta-

455 591 658 645 litatem
681 607 696 655 ;
723 590 793 644 ita
816 598 870 645 et
889 591 1034 645 solus
1055 591 1252 646 dicitur
1269 607 1386 647 esse
1408 608 1590 658 verax,
1615 609 1722 649 non
1743 592 1901 664 651
1925 607 2036 661 quo

453 679 654 752 “lien,
685 679 849 754 quod]
894 689 948 737 et
975 683 1154 736 creteri
1194 699 1300 738 non
1340 682 1673 738 immortales
1704 691 1759 738 et
1794 682 2035 738 veritatis

455 769 563 824 sint
599 777 892 836 amatores,
936 771 1030 826 sed
1064 787 1170 841 quo
1199 772 1288 828 ille
1329 773 1474 828 solus
1522 773 1838 828 naturaliter
1880 774 1950 828 sit
1977 782 2034 828 et

456 861 778 916 immortalis
828 869 883 916 et
929 877 1133 916 verus:
1176 863 1356 918 cazteri
1409 878 1541 918 vero
1578 863 2032 918 immortalitatem

455 961 510 1007 et
557 955 839 1008 veritatem
886 969 952 1009 ex
997 953 1282 1025 largitione
1326 954 1469 1010 illius
1513 963 1948 1024 consequantur;
1978 964 2032 1009 et

455 1043 598 1098 aliud
626 1044 698 1098 sit
731 1058 918 1098 verum
958 1058 1078 1098 esse
1119 1044 1318 1097 habere
1359 1042 1479 1115 [per
1523 1051 1771 1097 naturam
1819 1042 1896 1115 et]
1933 1057 2032 1112 per

455 1132 821 1200 semetipsum,
872 1132 1019 1187 aliud
1056 1132 1109 1184 in
1155 1140 1425 1200 potestate
1469 1132 1718 1186 donantis
1745 1147 1862 1186 esse
1889 1134 2030 1201 quod

456 1224 673 1278 habeas.
705 1221 811 1278 Sed
836 1238 936 1276 nec
955 1223 1058 1277 hoc
1085 1222 1295 1276 silentio
1314 1223 1739 1290 praetereundum
1765 1222 2031 1292 quomodo

456 1329 562 1370 non
585 1313 815 1368 mendax
842 1312 1001 1375 Deus,
1032 1319 1156 1366 ante
1184 1321 1381 1366 aeterna
1409 1311 1603 1367 saecula
1630 1319 1887 1367 aeternam
1907 1326 2030 1380 spo-

454 1403 703 1474 ponderit
725 1402 910 1457 vitam.
957 1402 1037 1456 Ex
1066 1416 1195 1472 quo,
1236 1402 1389 1473 juxta
1418 1401 1698 1456 historiam
1731 1401 2026 1466 Genescos,

455 1491 628 1548 factus
652 1499 735 1548 est
773 1493 1026 1558 mundus,
1052 1500 1105 1546 et
1147 1506 1244 1561 per
1268 1493 1414 1548 vices
1439 1493 1677 1547 noctium
1703 1507 1767 1548 ae
1794 1491 2026 1558 dierum,

452 1587 716 1642 mensium
761 1586 960 1656 pariter
1006 1593 1061 1640 et
1101 1600 1386 1650 annorum,
1438 1594 1680 1654 tempora
1735 1585 2027 1641 constituta

451 1683 596 1742 sunt,
619 1677 676 1730 in
701 1677 803 1732 hoc
829 1675 1096 1731 curriculo
1119 1684 1176 1732 et
1198 1683 1316 1731 rota
1353 1676 1536 1731 mundi
1578 1685 1818 1744 tempora
1839 1676 2029 1730 labun-

2135 500 2430 557 Salvatoris
2459 500 2585 568 Dei,
2613 504 2706 572 qui
2737 517 2836 559 nos
2860 504 3036 560 salvos
3062 521 3182 561 esse
3219 505 3414 575 voluit,
3447 510 3529 575 id,
3568 515 3720 581 quod

2131 590 2404 660 pollicitus
2419 589 2616 658 fuerat,
2639 593 2928 664 implendo.
2957 593 3046 667 [In
3066 596 3437 666 pradicatioue
3456 615 3572 667 qua
3599 617 3720 655 ere-

2131 679 2243 733 dita
2272 688 2347 734 est
2373 681 2503 736 mihi
2535 682 2820 737 secundum
2857 693 3169 754 praxeptum
3213 683 3498 742 Saluatoris
3537 693 3721 745 ποίη-ί

2130 765 2249 820 Dei.
2276 767 2527 838 Legimus
2548 769 2603 823 in
2624 769 2850 826 Actibus
2869 772 3255 841 apostolorum,
3281 778 3546 844 quomodo
3566 777 3719 831 Pau-

2129 853 2213 910 lus
2239 858 2293 910 in
2318 857 2404 910 via
2427 856 2747 913 Damascum
2779 875 3011 932 pergens
3047 862 3225 916 subito
3255 873 3474 921 vocatus
3507 875 3630 930 est,
3661 881 3720 927 et

2130 947 2396 1015 quomodo
2423 946 2645 1003 Ananiae
2677 949 2874 1005 dicitur
2904 970 2918 1005 :
2949 951 3056 1007 Iste
3082 963 3155 1007 est
3175 955 3303 1008 mihi
3328 973 3419 1010 vas
3448 957 3719 1013 electionis

2132 1032 2267 1102 (Act.
2302 1049 2378 1098 Ix,
2410 1033 2519 1104 15).
2552 1035 2620 1088 Et
2653 1036 2847 1091 iterum
2877 1055 2891 1091 :
2925 1038 3204 1110 Segregate
3235 1043 3364 1097 mihi
3389 1041 3621 1100 Paulum
3669 1059 3717 1102 et

2129 1121 2429 1177 Barnabam
2456 1123 2619 1196 (Ibid.
2645 1141 2765 1191 xm,
2791 1126 2867 1198 2).
2899 1127 3011 1184 Hoc
3045 1139 3125 1184 est
3153 1142 3480 1202 praeceptum
3523 1135 3718 1191 Salva-

2131 1212 2294 1278 toris,
2342 1223 2401 1267 ut
2445 1215 2737 1284 praedicent
2784 1218 3033 1287 gentibus
3075 1218 3396 1288 Christum.)
3449 1224 3643 1281 Sermo
3691 1229 3720 1270 δ

2129 1306 2324 1375 quippe
2350 1315 2406 1362 et
2427 1309 2690 1378 sapientia
2712 1319 2769 1364 et
2795 1311 3059 1378 doctrina,
3088 1328 3193 1382 qua
3221 1315 3374 1370 Titus
3395 1316 3594 1373 Christi
3616 1335 3716 1376 ec-

2127 1395 2322 1451 clesias
2349 1397 2670 1466 instruebat,
2699 1399 3004 1456 eiliciebant
3026 1417 3150 1458 eum
3173 1405 3451 1479 proprium
3479 1409 3717 1479 apostoli

2129 1485 2320 1554 tilium,
2346 1497 2400 1543 et
2428 1489 2496 1544 ab
2519 1489 2666 1544 omni
2696 1490 2923 1546 aliorum
2957 1495 3228 1548 consortio
3262 1505 3594 1567 separatum.
3620 1499 3716 1553 Vi-

2127 1577 2353 1634 deamus
2378 1582 2636 1648 posthaec
2667 1583 2809 1652 quod
2836 1585 3082 1653 sequitur
3112 1603 3125 1639 :
3158 1585 3458 1642 Secundum
3481 1606 3708 1645 contm-

2129 1683 2246 1721 nem
2267 1667 2444 1736 ﬁdem.
2476 1670 2796 1726 Utrumnam
2819 1673 3060 1728 omnium
3081 1675 3173 1746 qui
3204 1677 3260 1731 in
3281 1676 3498 1734 Christo
3528 1681 3715 1736 crede-

451 1775 562 1832 tur,
586 1775 640 1821 et
659 1767 898 1834 veniunt,
920 1775 975 1821 et
995 1775 1091 1822 aut
1114 1765 1294 1822 futura
1320 1776 1464 1834 sunt,
1495 1776 1588 1823 aut
1611 1767 1847 1822 fuerunt.
1876 1767 2026 1822 Unde
2058 1757 2101 1816 Β
2128 1756 2280 1822 bant.
2310 1772 2648 1815 communem
2673 1763 2873 1818 dixem
2893 1762 3073 1832 ﬁdem:
3103 1780 3170 1820 ³η
3199 1781 3540 1824 Communem
3560 1785 3715 1826 suam

452 1857 670 1925 quidam
697 1856 1139 1926 philosophorum
1165 1872 1274 1912 non
1299 1864 1494 1926 putant
1515 1871 1635 1912 esse
1656 1864 1867 1926 tempus
1893 1871 2029 1925 pra:-

449 1959 599 2009 sens,
624 1945 719 1999 sed
745 1953 838 2000 aut
882 1946 1217 2016 praeteritum
1262 1954 1356 1999 aut
1399 1945 1673 2022 futurum;
1720 1946 1845 2015 quia
1871 1960 2031 1998 omne

449 2035 593 2104 quod
617 2034 906 2103 loquimur,
930 2035 1158 2106 agimus,
1181 2035 1502 2106 cogitamus,
1526 2041 1618 2087 aut
1640 2033 1764 2088 dum
1788 2031 1867 2097 ﬁt,
1896 2047 2030 2102 pra:—

451 2125 612 2189 terit;
640 2133 734 2179 aut
757 2125 803 2179 si
828 2125 1062 2179 nondum
1099 2123 1302 2192 factum
1341 2133 1445 2188 est,
1476 2129 1822 2192 exspectatur
1854 2121 2026 2192 [Hier,

447 2212 865 2284 exspectamus].
896 2214 1037 2268 Ante
1079 2214 1196 2268 htec
1221 2191 1349 2282 ergo
1375 2213 1561 2266 mundi
1579 2191 2030 2280 temporaia'ter-

447 2304 674 2359 nitatem
703 2304 993 2373 quamdam
1019 2302 1334 2359 saculorum
1363 2301 1529 2357 fuisse
1571 2301 1898 2357 credendum
1923 2311 2026 2368 est,

447 2395 646 2464 quibus
674 2408 888 2464 semper
905 2408 1027 2449 cum
1052 2393 1190 2449 Filio
1213 2401 1267 2450 et
1293 2391 1498 2462 Spiritu
1524 2400 1713 2447 saneto
1738 2390 1900 2446 fuerit
1925 2391 2028 2446 Pa-

447 2497 571 2542 ter:
596 2494 672 2552 et,
713 2493 774 2540 ut
811 2485 883 2540 ita
912 2484 1106 2550 dicam,
1137 2500 1304 2540 unum
1329 2492 1543 2554 tempus
1568 2483 1684 2549 Dei,
1727 2491 1812 2538 est
1850 2482 2028 2538 omnis

446 2575 762 2631 aeternitas:
807 2575 920 2631 imo
963 2575 1372 2632 innumerabilia
1419 2583 1658 2644 tempora
1709 2579 1853 2639 sunt,
1903 2588 2026 2627 cum

445 2665 687 2720 infinitus
723 2664 794 2720 sit
828 2664 966 2735 ipse,
1012 2665 1104 2735 qui
1153 2671 1278 2720 ante
1321 2673 1563 2732 tempora
1609 2678 1770 2718 omne
1817 2671 2028 2732 tempus

444 2755 676 2812 excedit.
707 2755 810 2812 Sex
848 2756 1015 2810 millia
1045 2753 1242 2827 [Hier.,
1279 2769 1374 2810 sex
1404 2751 1572 2825 mille]
1598 2752 1828 2808 necdum
1855 2753 2026 2807 nostri

444 2853 595 2908 orbis
627 2852 916 2924 implentur
945 2851 1091 2917 anni,
1135 2857 1190 2904 et
1217 2857 1448 2919 quantas
1489 2847 1640 2918 prius
1674 2845 2024 2910 aeternitates,

444 2952 646 3014 quanta
671 2952 913 3012 tempora
960 2948 1085 2996 ante
1114 2939 1431 2996 saeculorum
1468 2937 1704 3008 origines
1750 2934 1917 2990 fuisse
1941 2949 2028 2989 ar-

443 3035 752 3092 bitrantium
796 3040 899 3098 est,
947 3033 1000 3086 in
1043 3033 1239 3101 quibus
1282 3029 1478 3100 angeli,
1528 3027 1727 3092 throni,
1777 3025 2021 3080 domina-

2131 1859 2340 1907 tantum
2365 1862 2418 1909 et
2455 1853 2594 1909 Titi?
2627 1855 2780 1923 Quod
2821 1858 3036 1928 quidem
3077 1860 3208 1915 mihi
3251 1861 3445 1917 melius
3479 1863 3715 1929 videtur,

2130 1944 2354 2012 apostoli
2385 1944 2536 1999 Pauli
2558 1954 2614 2000 et
2642 1947 2748 2001 Titi
2774 1946 2934 2003 fidem
2962 1947 3131 2005 fuisse
3156 1965 3520 2018 communem,
3552 1968 3714 2021 quam

2127 2037 2368 2092 omnium
2412 2040 2776 2104 credentium,
2822 2041 2876 2095 in
2909 2042 3106 2111 quibus
3141 2058 3240 2112 pro
3270 2045 3530 2099 varietate
3566 2061 3706 2100 men-

2127 2126 2262 2180 tium
2311 2127 2442 2182 ﬁdes
2493 2129 2796 2184 communis
2845 2144 2965 2185 esse
3015 2146 3121 2186 non
3171 2142 3424 2202 poterat,
3486 2134 3584 2188 sed
3640 2136 3708 2190 di-

2127 2230 2283 2269 versa
2293 2255 2306 2267 .

2198 2306 2279 2361 Ad
2309 2320 2610 2364 extremum
2634 2311 2878 2382 praefatio
2903 2313 3143 2384 epistola:
3167 2322 3223 2370 et
3244 2314 3497 2371 salutatio
3523 2318 3710 2387 puera-

2129 2397 2290 2451 tionis
2313 2398 2555 2467 Apostoli
2584 2403 2653 2456 ad
2676 2402 2856 2457 Titum
2884 2403 2978 2458 tali
3013 2403 3121 2459 fine
3145 2405 3450 2476 completur
3478 2425 3494 2461 :
3525 2407 3705 2479 (Vens.

2127 2486 2183 2558 ι)
2212 2487 2398 2542 Gratia
2446 2498 2496 2543 et
2521 2507 2628 2561 pax
2660 2509 2693 2546 a
2718 2493 2828 2548 Deo
2856 2493 3015 2550 Patre
3041 2505 3091 2548 et
3118 2495 3328 2551 Christo
3351 2496 3482 2552 Iesu
3523 2496 3709 2554 Solea-

2127 2587 2239 2633 τοι-θ
2271 2589 2447 2636 nostra
2478 2595 2497 2632 :
2529 2583 2644 2638 sive
2682 2585 2826 2653 quod
2861 2593 2919 2642 et
2959 2588 3131 2658 gratia
3162 2595 3218 2642 et
3250 2603 3353 2658 pax
3385 2596 3502 2645 tam
3538 2607 3568 2645 a
3603 2591 3711 2646 Deo

2126 2667 2288 2722 Patre
2310 2670 2401 2734 sit,
2431 2685 2591 2740 quam
2613 2687 2642 2727 a
2663 2672 2881 2730 Christo
2904 2673 3053 2741 Jesu,
3078 2684 3136 2732 et
3157 2685 3451 2749 utrumque
3474 2681 3543 2735 ab
3566 2689 3710 2735 utro-

2127 2771 2233 2826 que
2258 2758 2442 2813 datum
2470 2760 2641 2828 possit
2684 2761 2940 2834 intelligi;
2971 2764 3086 2819 sive
3125 2766 3267 2835 quod
3295 2768 3468 2838 gratia
3508 2769 3576 2823 ad
3611 2768 3710 2823 Pa-

2129 2853 2297 2912 trem,
2324 2854 2379 2902 et
2412 2863 2519 2918 pax
2544 2849 2814 2905 referatur
2842 2853 2910 2908 ad
2935 2852 3154 2908 Filium.
3193 2856 3381 2927 (Vens.
3420 2856 3500 2928 5.)
3533 2857 3710 2927 Hujus

2128 2939 2205 2992 rei
2243 2939 2415 3008 gratia
2456 2939 2641 3010 reliqui
2667 2950 2718 2996 te
2745 2941 2914 2998 Creta:
2933 2985 2948 3011 ,
2971 2954 3030 2999 ut
3063 2963 3125 2999 ea
3153 2963 3270 3017 qua
3296 2948 3513 3004 deerant
3548 2950 3708 3021 652

2129 3031 2432 3099 corrigeres.
2471 3028 2815 3102 [Apostolicte
2852 3034 3129 3105 dignitatis
3164 3035 3267 3091 fuit
3301 3037 3706 3095 fundamentum

443 3126 642 3191 tiones,
663 3131 977 3191 caeterzeque
994 3099 1224 3177 virtutes
1251 3099 1537 3176 servierint
1549 3117 1794 3173 Creatori
1825 3113 2023 3191 [Hier.,
2055 3099 2100 3161 C
2128 3133 2346 3189 ponere,
2375 3099 2516 3177 είοιίι
2540 3099 2757 3192 gapien,
2792 3099 3152 3194 ποιῇιεαωες
3189 3127 3298 3183 Tm
3335 3145 3462 3185 vero
3489 3139 3545 3184 ει
3569 3130 3706 3185 alio.

441 3215 732 3271 servierint
761 3211 913 3285 Deo},
945 3219 1002 3267 et
1044 3212 1248 3282 absque
1289 3218 1589 3280 temporum
1627 3205 1835 3261 vicibus
1865 3213 2027 3273 atque

2127 3225 2247 3264 rum
2294 3211 2676 3282 discipulorum
2722 3215 2841 3285 ejus
2891 3216 3363 3291 superaediﬁcareJ
3409 3218 3705 3288 Postquam

442 3303 733 3368 mensuris,
759 3303 874 3357 Deo
883 3301 1126 3370 jubente,
1160 3299 1501 3356 substiterint
1537 3309 1586 3349 ι.
1624 3296 1763 3350 Ante
1790 3295 1906 3349 haec
1925 3293 2029 3348 ita-
2125 3301 2260 3356 dura
2282 3299 2619 3358 Cretensium
2647 3303 2846 3360 paulus
2869 3306 2936 3362 ad
2961 3305 3161 3362 Christi
3190 3307 3351 3364 ﬁdem
3373 3309 3540 3365 corda
3561 3307 3702 3363 ωσι-

441 3409 553 3466 que.
593 3393 773 3449 omnia
825 3399 1088 3460 tempora,
1138 3404 1258 3460 quze
1307 3402 1408 3442 nec
1458 3400 1634 3442 sermo
1679 3384 1879 3452 eloqui,
1925 3398 2025 3438 nec

441 3499 597 3543 mens
621 3483 1098 3554 comprehendere,
1137 3494 1240 3534 nec
1267 3477 1523 3548 cogitatio
1550 3474 1713 3529 tacita
1743 3474 1906 3528 audet
1941 3481 2024 3526 at-

441 3576 669 3646 tingere,
696 3571 945 3644 promisit
981 3570 1127 3626 Deus
1163 3567 1324 3624 Pater
1349 3563 1626 3634 sapientis:
1655 3577 1767 3617 sure
1793 3561 2018 3616 verbum

438 3682 623 3730 suum,
664 3673 720 3718 et
747 3665 920 3732 ipsam
962 3660 1281 3730 sapientiam
1326 3670 1502 3720 suam,
1546 3660 1602 3709 et
1635 3653 1801 3707 vitam
1830 3666 2018 3705 eorum

437 3754 530 3822 qui
560 3751 814 3806 credituri
849 3755 1026 3814 erant,
1071 3747 1273 3802 mundo
1296 3760 1416 3801 esse
1447 3753 1752 3798 venturam.
1788 3741 2020 3811 Diligen-

437 3851 521 3897 ter
566 3841 826 3896 attendite
852 3849 1062 3897 textum
1085 3847 1140 3894 et
1178 3838 1423 3894 ordinem
1451 3834 1716 3897 lectionis,
1748 3832 2018 3903 quomodo

437 3931 633 4004 [Hier.,
677 3927 954 4000 quoniam]
999 3927 1108 3982 vita
1151 3934 1375 3991 aeterna,
1423 3939 1586 3996 quam
1632 3937 1742 3979 non
1783 3923 2015 3977 mendax

432 4027 574 4081 Deus
601 4031 726 4078 ante
751 4021 945 4078 saecula
985 4028 1188 4076 aeterna
1212 4017 1488 4089 promisit,
1512 4031 1619 4071 non
1645 4014 1751 4070 alia
1795 4015 1866 4070 sit
1891 4014 2017 4070 abs-

431 4133 536 4190 que
560 4117 724 4172 verbo
752 4115 870 4170 Dei.

2123 3390 2310 3456 lierat,
2336 3399 2392 3447 et
2418 3400 2530 3446 tam
2565 3393 2621 3448 in
2657 3409 2904 3450 sermone
2939 3411 3101 3466 quam
3137 3396 3304 3466 signis
3333 3397 3647 3453 edomuerat
3675 3408 3698 3434 ε

2122 3493 2251 3544 eos,
2283 3489 2345 3535 ut
2369 3481 2423 3535 in
2453 3482 2621 3538 Deum
2657 3482 2872 3538 Patrem
2913 3492 2968 3539 et
2997 3484 3050 3538 in
3086 3483 3363 3547 Christum
3398 3488 3700 3548 crederent,

2123 3570 2340 3641 reliquit
2377 3570 2555 3626 Titum
2583 3572 2901 3643 discipulum
2940 3572 3143 3642 Cretae,
3171 3583 3233 3630 ut
3275 3577 3584 3632 rudimenta
3612 3593 3700 3631 na-

2121 3661 2322 3716 scentis
2348 3659 2601 3716 Ecclesize
2625 3660 2993 3730 confirmaret,
3015 3671 3071 3718 et
3094 3664 3140 3720 si
3156 3665 3287 3734 quid
3304 3661 3589 3722 videbatur
3613 3667 3700 3722 ἀοι

2117 3746 2268 3814 eSse,
2298 3751 2623 3822 corrigeret,
2650 3752 2872 3823 ipseque
2895 3767 3124 3824 pergens
3153 3753 3224 3808 ad
3260 3754 3396 3811 alias
3433 3755 3690 3817 nationes.

2116 3845 2177 3892 ut
2203 3854 2418 3893 rursum
2447 3839 2502 3894 in
2537 3840 2617 3895 eis
2645 3840 2846 3896 Christi
2880 3843 3088 3912 jaceret
3119 3841 3518 3899 fundamentum
3553 3846 3689 3914 :qui

2115 3923 2244 3985 licet
2267 3930 2334 3984 ab
2359 3929 2622 4000 Apostolo
2648 3933 2878 3988 correcti
2903 3932 3135 4000 fuerant,
3165 3943 3351 3991 tamen
3364 3936 3536 3993 adhuc
3560 3935 3690 3991 indi-

2112 4018 2312 4089 gebant
2331 4021 2683 4075 correctione.
2707 4021 2876 4078 Omne
2896 4031 3075 4078 autem
3098 4024 3242 4094 quod
3264 4026 3574 4096 corrigitur,
3599 4027 3689 4081 imo

2111 4105 2408 4175 perfectum
2435 4116 2538 4164 est.
2565 4107 2636 4163 Et
2658 4112 2944 4166 constituas
2967 4129 3058 4184 per
3086 4115 3319 4170 civitates
3346 4117 3688 4188 presbyteros,

503 4206 854 4277 Manifestum
887 4203 1059 4266 enim,
1081 4202 1271 4270 inquit,
1303 4200 1616 4269 temporibus
1640 4213 1751 4252 suis
1785 4196 2010 4251 Verbum
2107 4198 2241 4251 sicut
2268 4206 2315 4251 et
2331 4214 2423 4269 ego
2441 4199 2674 4269 disposui
2693 4200 2804 4254 tibi.
2824 4201 2986 4274 [Sunt
3004 4212 3183 4258 autem
3207 4203 3446 4277 episcopi
3461 4207 3687 4275 quidam,

428 4315 583 4354 suum
607 4311 626 4348 :
657 4295 708 4350 id
736 4302 848 4359 est,
884 4306 1046 4362 quam
1082 4289 1333 4361 promisit
1363 4288 1530 4342 vitam
1567 4295 1850 4350 aeternam,
1891 4285 2006 4354 ipsa
2107 4302 2214 4342 non
2244 4289 2435 4343 merita
2463 4290 2793 4358 singulorum
2830 4293 3233 4359 examinantes,
3263 4295 3360 4350 sed
3399 4310 3586 4351 eorum
3614 4282 3686 4348 vel

427 4396 512 4445 est
537 4386 772 4440 Verbum
803 4397 997 4448 suum,
1024 4381 1167 4451 quod
1202 4380 1258 4435 in
1285 4377 1547 4450 principio
1576 4384 1696 4432 erat
1727 4375 1870 4447 apud
1908 4374 2005 4429 Pa-
2038 4429 2085 4459 ἢ
2109 4377 2284 4434 cilicio
2310 4379 2518 4435 deliniti
2536 4421 2550 4446 ,
2579 4381 2664 4436 vel
2701 4384 2961 4454 sanguine
2978 4383 3198 4457 juncti.]
3225 4384 3304 4442 Ex
3335 4402 3444 4459 quo
3472 4386 3688 4442 manife-

705 4475 846 4528 Deus
872 4429 997 4527 erat:
1018 4429 1253 4527 Verbum
1273 4429 1370 4535 {et
1387 4429 1623 4524 Verbum
1654 4429 1787 4522 card
1805 4464 2004 4520 factum
2038 4429 2086 4490 θ
2109 4473 2252 4522 stum
2277 4475 2375 4532 est,
2403 4483 2498 4523 eos
2518 4429 2610 4538 qui
2631 4429 2874 4540 ApostZIi
2902 4429 3019 4544 lege
3043 4429 3686 4546 coutémpta‘ecclesiasti-

425 4574 535 4631 est,
555 4574 610 4621 et
636 4563 898 4620 habitavit
923 4562 978 4616 in
1007 4561 1180 4616 nobis.
1220 4559 1372 4626 Quod
1407 4568 1588 4614 autem
1614 4558 1848 4615 Verbum
1888 4557 2004 4623 Dei,
2109 4572 2232 4612 eum
2255 4559 2478 4629 gradum
2509 4575 2615 4614 non
2641 4561 2838 4616 merito
2861 4562 3128 4618 voluerint
3153 4563 3314 4620 alicui
3342 4564 3574 4631 deferre,
3595 4565 3687 4620 sed

425 4658 665 4720 hoc'est,
694 4653 942 4710 Christus
962 4652 1076 4722 ipse
1103 4651 1174 4705 sit
1198 4650 1305 4704 vita
1321 4691 1337 4715 ,
1376 4649 1431 4704 in
1467 4649 1572 4704 alio
1619 4648 1736 4704 loco
1779 4655 2009 4703 testatur
2107 4649 2302 4718 gratia,
2327 4656 2514 4702 contra
2539 4648 2814 4705 Christum
2841 4649 3038 4716 facere,
3061 4652 3153 4722 qui
3178 4651 3356 4723 qualis
3383 4653 3440 4708 in
3465 4654 3686 4710 ecclesia

424 4747 610 4802 dicens
642 4763 655 4798 :
681 4743 795 4815 Ego
823 4759 940 4798 sum
977 4741 1080 4796 vita
1107 4738 1288 4812 (Joan.
1318 4754 1429 4803 xiv,
1465 4738 1541 4810 6).
1580 4739 1704 4793 Vita
1734 4753 1864 4793 vero
1898 4753 2004 4792 non
2104 4740 2388 4810 presbyter
2414 4739 2820 4797 constituendus
2847 4743 2944 4808 sit,
2973 4758 3071 4812 per
3103 4743 3424 4813 Apostolum
3451 4759 3599 4799 suum
3629 4745 3685 4798 in

425 4837 622 4900 brevis,
649 4848 758 4888 non
793 4832 1062 4903 aliquibus
1093 4828 1503 4898 circumscripta
1531 4826 1880 4895 temporibus,
1911 4824 2005 4879 sed
2107 4827 2456 4898 sequentibus
2478 4837 2766 4886 exsecutus
2797 4839 2898 4887 est.
2937 4829 3136 4904 [Super
3159 4832 3276 4888 haec
3312 4833 3490 4888 omnia
3515 4834 3688 4886 maxi-

424 4938 703 4999 perpetua,
723 4925 820 4982 sed
839 4933 1076 4981 aeterna:
1100 4938 1218 4994 quae
1239 4919 1580 4977 manifestata
1598 4928 1681 4976 est
1695 4921 1749 4974 in
1769 4918 1969 4974 novissi
1987 4946 2003 4960 -
2107 4935 2252 4974 mum
2276 4919 2476 4973 malum
2497 4927 2600 4985 est,
2622 4920 2714 4990 qui
2736 4922 3051 4979 muneribus
3067 4923 3384 4980 clericatum
3405 4924 3646 4980 obtinent
3671 4940 3687 4978 :

423 5019 525 5074 mis
544 5015 756 5074 saeculis
775 5031 873 5086 per
887 5013 1338 5086 praedicationem,
1361 5026 1482 5081 qua:
1502 5009 1707 5065 credita
1728 5015 1811 5062 est
1830 5003 2000 5061 Paulo
2101 5023 2290 5064 omnes
2335 5010 2530 5066 beatus
2574 5008 2768 5067 Petrus
2816 5012 3068 5083 princeps
3111 5014 3480 5084 apostolorum
3531 5015 3690 5071 initio

422 5107 630 5164 doctori
674 5105 917 5178 gentium
959 5111 1016 5160 et
1058 5103 1356 5175 magistro,
1394 5109 1455 5156 ut
1489 5099 1900 5159 annuntiaretur
1937 5097 1992 5153 in
2095 5102 2352 5159 Ecclesia:
2377 5102 2432 5158 in
2457 5101 2678 5158 Simone
2696 5103 2851 5176 Mago
2871 5105 3185 5162 terribiliter
3205 5105 3486 5180 percutit.]
3518 5106 3688 5177 Opor-

489 5252 518 5282 ι
554 5239 872 5309 Opinionem
901 5239 968 5295 de
1006 5238 1317 5310 angelorum
1351 5235 1622 5293 creatione
1638 5241 1790 5310 _a_nte
1832 5231 1990 5302 hujus
2091 5245 2214 5310 eum
2241 5237 2385 5310 terra
2419 5245 2485 5286 ac
2519 5230 2640 5288 luce
2664 5231 2840 5302 prima
2867 5232 2954 5289 die
2981 5235 3167 5291 mundi
3205 5236 3453 5293 conditos
3489 5238 3681 5296 fuisse.

420 5299 857 5389 mundi'visibilis
882 5299 1270 5389 conditionem,
1297 5323 1364 5362 an
1389 5314 1606 5389 sanctus
1638 5299 1996 5389 [fieronxinus
2099 5299 2622 5389 Ευέτςηγεξριξςῌω
2948 5374 2996 5389 η
3036 5383 3046 5389 _
3158 5375 3170 5388 .

422 5392 488 5431 ex
515 5380 753 5448 propria,
784 5395 852 5432 an
876 5379 1104 5433 aliorum
1130 5369 1572 5434 veterummeute
1593 5375 1811 5438 referat,
1840 5369 1995 5429 dubi-

422 5453 537 5500 tare
560 5448 704 5502 licet.
734 5448 868 5503 Vide
893 5447 1131 5508 ejusdem
1157 5448 1315 5508 epist.
1345 5449 1410 5502 18
1435 5448 1503 5503 ad
1527 5447 1815 5501 Damasum
1841 5459 1989 5498 num.

2171 5369 2200 5410 δ
2239 5369 2336 5424 llic
2371 5370 2631 5426 omissum
2670 5371 2726 5427 in
2763 5387 2867 5428 ms.
2911 5374 3122 5430 videtur
3157 5375 3371 5431 initium
3405 5376 3685 5448 Epistolm.

2127 5439 2244 5508 [uod
2273 5441 2628 5508 supplendum
2654 5456 2723 5498 ex
2755 5442 2905 5499 Hier.
2935 5444 3010 5500 ibi
3043 5459 3058 5498 :
3090 5446 3282 5501 scribit
3317 5455 3499 5504 autem
3532 5449 3684 5508 Apo-

420 5447 537 5500 tare
560 5448 704 5502 licet.
734 5448 868 5503 Vide
893 5447 1131 5516 ejusdem
1157 5448 1315 5517 epist.
1345 5449 1410 5502 18
1435 5448 1503 5503 ad
1527 5447 1815 5501 Damasum
1841 5459 1989 5498 num.
2102 5447 2244 5508 quod
2273 5447 2628 5522 supplendum
2650 5456 2723 5522 ex
2756 5447 2905 5524 Hier.
2935 5447 3010 5500 ibi
3043 5459 3058 5498 :
3090 5447 3282 5501 scribit
3317 5447 3499 5504 autem
3532 5449 3654 5518 Apo

421 5515 473 5597 7.
514 5514 825 5597 Oppositum
857 5519 1094 5597 dogma
1120 5519 1274 5597 longe
1310 5517 1548 5597 plurium.
1579 5515 1832 5597 Ecclesiae
1885 5513 1990 5597 ξει-
2099 5507 2415 5597 smlu'snTtto
2439 5510 2748 5597 ebansstnto
2771 5512 2905 5597 ﬁlio.
3021 5593 3030 5597 _
3571 5587 3585 5597 _

419 5575 902 5644 trum-auctoritate
923 5575 1468 5653 s'uﬂultumi'nvaluit;
1498 5587 1753 5642 nimirum
1775 5582 1992 5654 angelos
2102 5643 2120 5654 _
2169 5586 2191 5615 °
2230 5575 2358 5631 Hier
2395 5579 2551 5654 addit
2571 5599 2583 5634 :
2619 5599 2637 5633 ι
2673 5591 2740 5654 et_
2750 5575 3038 5638 edocuerat
3075 5599 3168 5639 eos
3198 5601 3308 5642 non
3333 5587 3681 5643 vernaculum

2095 5643 2301 5712 levem,
2325 5649 2418 5704 sed
2441 5649 2496 5704 in
2519 5649 2688 5708 Deum
2712 5651 2926 5708 Patrem
2952 5661 3005 5708 et
3024 5654 3077 5709 in
3099 5654 3372 5713 Christum
3400 5658 3637 5714 credere.
3655 5677 3673 5710 ›
