4000 6190
397 284 535 341 1013

1079 288 1482 345 EXEGETICA.
1523 319 1594 331 —
1630 290 1875 346 EXPOS.
1919 288 1985 342 IN
2031 288 2247 345 EPIST.
2306 291 2362 347 S.
2397 293 2600 350 PAULI
2638 295 2726 348 AD
2766 295 2995 354 TITUM.

3511 307 3646 362 θοι-ι

393 407 464 452 tet
500 397 637 451 enim
678 397 970 466 episcopum
1007 397 1117 451 sine
1159 399 1373 452 crimine
1411 415 1547 463 esse,
1584 409 1832 470 tanquam
1868 399 1964 452 Dei
1993 397 2040 455 A
2067 399 2243 468 scopis
2269 416 2375 456 non
2403 401 2564 458 licere
2596 406 2826 461 transire
2853 405 2919 462 de
2952 408 3176 464 ecclesia
3208 419 3302 465 aut
3327 412 3392 466 de
3420 413 3642 471 civitate

392 488 821 556 dispensatorem.
847 484 990 539 ldem
1029 494 1112 540 est
1142 501 1272 557 ergo
1297 488 1596 557 presbyter,
1637 490 1727 559 qui
1764 498 1817 544 et
1857 489 1967 558 epi-

393 589 588 643 scapus
618 586 640 616 ι
677 591 691 626 :
724 580 779 626 et
817 580 1103 642 antequam
1141 575 1333 630 diaboli
1373 576 1630 633 instinctu
1659 578 1834 633 studia
1863 576 1966 649 [di—

2069 487 2137 541 ad
2162 490 2445 546 ecclesiam
2475 504 2712 562 quaestus
2745 511 2925 550 causa.
2967 496 3102 564 Quia
3137 513 3291 554 rarus
3327 509 3411 554 est
3447 502 3539 570 qui
3576 503 3643 560 de

2066 580 2258 649 majori
2293 590 2349 636 et
2379 582 2540 654 653
2588 584 2769 640 ditiori
2804 587 3034 642 transire
3075 588 3253 656 cupiat
3287 588 3355 642 ad
3380 591 3642 647 minorem

391 662 571 736 versa]
599 663 653 717 in
691 663 949 734 religione
977 665 1340 722 ecclesiastica
1371 667 1581 734 ﬁerent,
1612 678 1666 724 et
1697 669 1966 724 diceretur
2064 673 2117 720 et
2136 671 2562 743 pauperculam]
2587 671 2756 727 Filios
2780 675 2973 729 habens
2993 675 3193 744 ﬁdeles,
3217 693 3317 730 non
3347 677 3400 732 in
3428 696 3643 734 accusa-

391 758 447 831 in
476 757 684 827 populis
715 775 727 810 :
758 755 871 826 Ego
898 774 1011 812 sum
1042 757 1232 825 Pauli;
1270 777 1362 830 ego
1399 759 1617 829 Apollo;
1660 777 1752 831 ego
1790 770 1963 814 autem

392 845 578 916 (Iephte
604 843 659 916 (Ι
680 843 800 899 Cor.
831 861 871 911 ι,
899 845 1006 917 12),
1033 849 1298 902 communi
1322 851 1759 920 presbyterorum
1788 852 1964 906 consi-

2064 755 2203 810 tione
2231 757 2476 824 luxurire,
2501 771 2591 814 aut
2625 779 2729 816 non
2761 764 2994 818 subditos
3015 773 3261 832 peccato.
3302 765 3419 820 Non
3455 769 3638 838 itaque

2054 840 2232 910 justus
2259 848 2516 915 polluitur
2537 866 2604 905 ex
2632 853 2778 908 vitiis
2806 854 3058 920 ﬁliorum,
3090 857 3184 910 sed
3210 856 3430 912 libertas
3459 857 3644 932 [casti-

389 934 463 990 lio
484 933 726 989 ecclesia:
749 935 1204 1004 gubernabantur.
1221 937 1510 1008 Postquam
1531 953 1659 994 vero
1679 941 1965 1010 unusquis—
2063 935 2221 1004 gandi
2249 936 2402 1009 aliOS]
2432 939 2684 996 Ecclesiae
2705 943 2930 1012 principi
2953 946 3018 999 ab
3034 945 3288 1013 Apostolo
3309 958 3639 1005 reservatur.

388 1040 495 1095 que
521 1039 614 1079 eos
635 1039 771 1094 quos
794 1022 1174 1094 baptizaverat,
1200 1027 1419 1097 putabat
1439 1044 1584 1094 suos,
1611 1045 1717 1086 non
1739 1030 1960 1096 Christi,

385 1116 441 1170 in
469 1123 582 1170 toto
613 1115 745 1169 orbe
782 1116 1055 1170 decretum
1085 1127 1205 1184 est,
1251 1127 1309 1173 ut
1345 1136 1486 1176 unus
1523 1121 1588 1176 de
1631 1123 1962 1194 presbyteris

384 1207 591 1262 electus
619 1215 1068 1277 superponeretur
1091 1211 1322 1276 ueteris,
1353 1213 1420 1266 ad
1446 1227 1606 1280 quem
1629 1213 1804 1269 omnis
1831 1229 1960 1271 cura

384 1294 637 1351 Ecclesia:
661 1296 985 1365 pertineret,
1015 1305 1069 1352 et
1098 1299 1446 1354 schismatum
1481 1301 1684 1356 semina
1708 1302 1961 1358 tolleren-

383 1395 508 1439 tur:
536 1383 701 1458 [qnod
729 1401 795 1441 ex
821 1386 1062 1455 epistolis
1085 1387 1208 1442 aliis
1230 1389 1468 1458 ejusdem
1496 1391 1720 1460 apostoli
1740 1393 1959 1460 probari

381 1477 608 1548 poterit;
641 1476 723 1530 vel
753 1477 915 1531 etiam
966 1492 1033 1532 ex
1077 1477 1300 1534 Actibus
1339 1481 1732 1549 apostolorum,
1761 1484 1849 1538 ubi
1881 1483 1960 1537 di-

379 1570 541 1635 citur,
571 1583 792 1624 vocasse
817 1569 1040 1624 Paulum
1067 1572 1134 1626 de
1171 1571 1380 1642 Epheso
1417 1575 1807 1648 presbyteros,]
1834 1575 1956 1644 qui-

381 1661 479 1717 bus
509 1670 694 1732 postea
721 1662 860 1717 inter
884 1671 1078 1718 caetera
1106 1664 1178 1719 sit
1213 1663 1421 1720 locutus
1461 1683 1474 1717 :
1517 1665 1778 1720 Attendite
1815 1667 1953 1722 vobis

2065 1025 2367 1098 [Quomodo
2391 1029 2651 1086 festucam
2690 1034 2911 1089 alterius
2943 1037 3008 1090 de
3043 1038 3200 1091 domo
3227 1038 3397 1093 altera
3428 1037 3647 1112 (Suppl.

2064 1116 2272 1188 tollere)
2303 1127 2500 1188 potest,
2524 1123 2614 1190 qui
2638 1124 2845 1178 trabem
2874 1125 3034 1180 habet
3062 1127 3115 1179 in
3147 1127 3378 1181 ﬁliorum
3406 1132 3648 1199 peccatis

2062 1205 2114 1258 in
2145 1221 2240 1260 sua
2263 1207 2459 1263 domo?
2479 1210 2626 1265 Talis
2645 1212 2788 1266 enim
2811 1213 2972 1268 debet
2992 1215 3272 1284 cpiscopus
3293 1231 3431 1282 esse,
3455 1226 3516 1271 ut
3535 1234 3640 1272 non

2060 1297 2248 1352 timeat
2275 1308 2495 1370 propter
2535 1302 2665 1356 vitia
2703 1302 2993 1358 liberorum
3029 1312 3318 1360 extraneos
3359 1307 3644 1376 reprehen-

2059 1387 2219 1454 dere,
2265 1404 2333 1443 ne
2377 1388 2514 1445 forte
2557 1393 2809 1460 quislibet
2855 1394 3049 1448 tacitus
3090 1394 3255 1449 frater
3298 1397 3639 1466 respondeat,

2059 1494 2225 1547 quare
2257 1481 2506 1550 proprios
2533 1481 2731 1538 liberos
2766 1498 2869 1538 non
2901 1484 3187 1539 emendare
3213 1500 3399 1539 curam
3439 1486 3643 1542 habes?

2061 1570 2118 1624 Si
2147 1571 2289 1624 enim
2320 1581 2539 1641 peccata
2575 1574 2806 1630 ﬁliorum
2838 1576 2906 1630 ab
2944 1577 3253 1645 episc0patu
3278 1575 3483 1644 justum
3512 1593 3640 1648 pro-

2058 1660 2264 1726 bibent,
2294 1673 2492 1731 quanto
2519 1665 2689 1734 magis
2716 1666 2930 1736 propria
2956 1675 3171 1735 peccata
3212 1682 3489 1723 removere
3515 1684 3638 1724 cum

377 1760 425 1806 et
453 1725 595 1805 omni
621 1752 784 1822 gregi,
813 1752 869 1806 in
896 1769 996 1822 quo
1027 1769 1112 1807 vos
1149 1751 1379 1824 Spiritus
1409 1765 1620 1809 sanctus
1646 1756 1818 1825 posuit
1845 1757 1956 1825 epi-
1987 1725 2036 1786 Β
2063 1725 2258 1806 debent
2287 1725 2353 1806 ab
2384 1754 2540 1809 altari
2569 1725 2768 1810 Christi
2783 1725 2832 1828 ?]
2856 1757 2933 1812 Ad
2956 1725 3269 1812 'extremum
3313 1759 3416 1815 hoc
3454 1760 3639 1814 dicen-

378 1858 556 1913 scopos
581 1858 790 1910 pascere
817 1841 1105 1896 Ecclesium
1135 1843 1365 1909 Domini,
1393 1863 1551 1916 quam
1573 1847 1844 1917 acquisivit
1869 1864 1962 1920 per
2063 1839 2187 1894 dum
2218 1850 2322 1906 εει,
2354 1843 2407 1896 in
2446 1841 2741 1914 Scripluris
2779 1843 2916 1899 ﬁlios
2942 1846 3216 1918 λογισμοὺς
3235 1886 3248 1912 ,
3287 1847 3338 1901 id
3366 1855 3470 1911 est.
3499 1851 3642 1918 cogi-

375 1936 682 2006 sanguinem
712 1952 865 1990 suum
897 1934 1032 2008 (Act.
1065 1952 1133 1991 xx
1153 1977 1167 2002 ,
1194 1937 1306 2007 28).
1337 1937 1506 2009 [Quos
1530 1948 1654 1994 ante
1680 1940 1960 2010 presbyte-

375 2038 484 2091 ros,
512 2041 655 2080 nunc
676 2034 856 2080 autem
885 2026 1168 2096 episcopos
1196 2027 1474 2101 appellat.]
1512 2029 1578 2084 Et
1608 2030 1802 2086 Petrus
1822 2073 1836 2096 ,
1865 2033 1956 2099 qui

373 2130 439 2171 ex
473 2115 595 2171 ﬁdei
622 2114 876 2171 ﬁrmitate
900 2130 1093 2172 nomen
1124 2118 1365 2187 accepit,
1399 2119 1454 2173 in
1484 2119 1722 2196 Epistola
1746 2136 1841 2175 sua
1871 2121 1954 2176 lo-

373 2207 576 2277 quitur,
624 2208 806 2262 dicens
852 2223 866 2261 :
917 2207 1242 2277 Presbyteros
1288 2225 1409 2279 ergo
1455 2211 1511 2264 in
1557 2210 1698 2264 vobis
1744 2211 1954 2267 obsecro

372 2296 751 2366 compresbgter
777 2307 823 2352 et
854 2298 997 2352 testis
1035 2295 1228 2352 Christi
1263 2301 1600 2368 passionum;
1636 2302 1830 2370 pascite
1863 2303 1952 2370 qui

371 2385 427 2438 in
457 2385 596 2439 vobis
624 2395 699 2439 est
731 2402 933 2455 gregem
960 2384 1169 2439 Domini
1193 2385 1246 2456 (I
1270 2384 1414 2440 Petr.
1447 2402 1502 2450 v,
1535 2388 1608 2457 l).
1637 2387 1799 2458 [Olim
1826 2403 1953 2445 vero

370 2473 548 2526 omnis
570 2473 852 2542 presbyter
877 2473 1158 2541 episcopus
1193 2481 1338 2528 recte
1376 2474 1654 2529 dicebatur
1687 2493 1698 2528 :
1731 2484 1787 2530 at
1811 2492 1955 2533 nunc

370 2560 548 2616 omnis
593 2559 877 2630 episcopus
920 2561 1200 2631 presbyter
1236 2569 1413 2631 potest
1454 2561 1594 2628 dici,
1632 2579 1739 2618 non
1777 2567 1953 2621 omnis

371 2649 652 2719 presbyter
679 2649 994 2726 episcopus;
1033 2649 1189 2718 quia.
1216 2657 1276 2703 ut
1317 2649 1664 2706 dissensionis
1687 2652 1954 2723 plantaria

373 2739 803 2802 excluderentur,
839 2725 906 2795 ad
936 2756 1099 2795 unum
1141 2741 1317 2796 omnis
1350 2741 1650 2798 sollicitudo
1688 2743 1956 2800 Ecclesia-

373 2845 514 2893 rum,
546 2830 700 2900 quasi
729 2831 796 2884 ad
831 2829 1066 2896 Patrem,
1098 2831 1340 2902 delegata
1379 2840 1481 2896 est,
1511 2833 1602 2902 qui
1630 2836 1780 2903 quasi
1819 2835 1957 2892 ﬁlios

373 2918 591 2988 diligat,
639 2926 695 2974 et
734 2918 997 2988 gubernet
1034 2919 1302 2988 subjectos
1343 2921 1472 2982 sibi,
1527 2937 1632 2976 non
1679 2923 1956 2978 tribunitia

370 3018 672 3081 potestate,
722 3010 817 3064 sed
857 3009 1058 3080 pietate
1101 3019 1368 3081 paterna:
1413 3012 1681 3082 iidemque
1717 3023 1772 3069 et
1794 3015 1949 3084 quasi

372 3099 499 3166 ﬁlii,
536 3101 732 3172 singuli
759 3100 958 3171 gradus
985 3101 1040 3155 in
1066 3101 1327 3168 ecclesiis,
1361 3105 1716 3161 honoriﬁccnt
1743 3108 1949 3176 episco-

369 3203 468 3260 pos
496 3188 668 3260 suos.]
695 3189 984 3245 Videamus
1013 3190 1176 3260 igitur
1200 3191 1374 3260 qualis
1395 3192 1676 3264 presbyter
1699 3195 1812 3250 sive
1838 3197 1950 3266 epi-

373 3291 566 3346 scopus
590 3276 921 3332 ordinandus
950 3277 1041 3332 sit.

444 3369 606 3425 Vens.
645 3367 715 3434 6,
753 3368 806 3422 7.
843 3397 917 3410 --
953 3367 1013 3424 Si
1058 3370 1174 3439 quis
1220 3379 1296 3424 est
1344 3372 1455 3425 sine
1497 3374 1742 3438 crimine,
1794 3379 1948 3430 unius

372 3458 552 3511 uxoris
583 3457 678 3522 vir,
697 3456 838 3527 ﬁlios
864 3456 1058 3511 habens
1081 3457 1279 3526 ﬁdeles,
1304 3475 1406 3513 non
1432 3460 1486 3513 in
1508 3463 1836 3516 accusatione
1861 3463 1946 3518 lu-

370 3549 558 3610 xuriae,
589 3557 681 3600 aut
707 3563 809 3602 non
838 3547 1072 3602 subditos
1096 3557 1335 3618 peccato.
1361 3547 1572 3620 Oportet
1596 3553 1732 3605 enim
1753 3555 1948 3624 episco-

371 3655 493 3709 pum
515 3639 624 3693 sine
654 3639 868 3692 crimine
907 3655 1050 3703 esse,
1091 3649 1341 3709 tanquam
1381 3640 1479 3694 Dei
1518 3641 1942 3711 dispensatorem.

371 3728 609 3783 Primum
639 3729 779 3784 enim
810 3730 926 3784 sine
951 3729 1176 3786 crimine
1202 3730 1272 3786 sit
1301 3728 1582 3802 [ejusmodi
1612 3733 1948 3804 dispensator

371 3821 625 3878 Ecclesia:
651 3821 904 3894 Christi];
928 3823 1069 3891 quod
1097 3824 1237 3892 apud
1262 3824 1606 3878 Timotheum
1625 3825 1948 3893 irreprehen-

369 3913 570 3968 sibilem
603 3913 750 3967 dicit.
783 3912 1059 3977 Quomodo
1099 3913 1241 3965 enim
1270 3920 1447 3981 potest
1477 3909 1729 3981 [praeesse
1763 3913 1946 3969 Eccle-

371 4003 484 4064 siae,
521 3999 596 4071 et]
627 3998 839 4054 auferre
865 3998 1064 4052 malum
1091 3999 1158 4052 de
1199 3999 1375 4054 medio
1418 4000 1567 4069 ejus,
1593 4001 1684 4070 qui
1726 4001 1778 4055 in
1816 4002 1947 4056 deli-

371 4099 517 4146 ctum
572 4087 744 4143 simile
791 4088 1099 4143 corruerit?
1143 4087 1249 4142 Aut
1298 4103 1401 4158 qua
1453 4089 1699 4146 libertate
1750 4094 1947 4162 poterit

368 4177 642 4247 corrigere
667 4184 1002 4246 peccantem,
1017 4177 1143 4232 dum
1164 4179 1312 4233 novit
1339 4195 1396 4234 se
1425 4179 1634 4245 eadem,
1650 4196 1767 4250 qua:
1786 4183 1946 4238 casti-

371 4275 465 4339 gat
489 4267 541 4321 in
577 4265 715 4333 alio,
743 4267 1023 4323 admisisse
1061 4267 1258 4340 [Hier.,
1289 4286 1412 4326 cum
1451 4270 1644 4326 tacitus
1684 4271 1788 4326 sibi
1832 4273 1944 4342 ipse

370 4357 721 4428 respondeat,
750 4357 941 4413 eadem
985 4359 1296 4426 admisisse,
1323 4375 1442 4430 quae
1475 4360 1754 4434 corripit]?
1791 4361 1944 4428 Quod
1967 4384 2020 4443 ι)

370 4455 549 4502 autem
579 4445 681 4511 ait,
719 4447 876 4500 unius
906 4449 1086 4502 uxoris
1112 4450 1210 4514 vir,
1237 4449 1316 4504 sic
1345 4449 1639 4520 intelligere
1665 4451 1942 4520 debemus,

371 4537 453 4610 [ut
483 4537 798 4592 honorabilc
822 4539 1149 4594 connubium
1179 4538 1402 4605 habeat,
1429 4540 1520 4610 qui
1551 4541 1602 4595 in
1638 4543 1947 4613 episcopatu

369 4627 647 4699 eligendus
677 4636 762 4683 est
799 4645 814 4681 :
851 4642 958 4682 non
999 4643 1134 4699 vaga
1174 4628 1395 4685 libidine
1432 4631 1742 4700 inquinatus
1788 4627 1946 4688 altari

371 4715 465 4771 Dei
490 4718 744 4773 assistere
772 4715 1009 4788 audeat.]
1032 4715 1149 4771 Non
1176 4725 1356 4774 tamen
1381 4720 1705 4776 omnimodis
1730 4736 1946 4777 omnem

370 4819 748 4876 monogamum
787 4804 1002 4876 digamo
1042 4812 1296 4875 putamus
1329 4821 1450 4862 esse
1495 4807 1801 4876 meliorem;
1851 4811 1944 4865 sed

372 4911 478 4965 quo
515 4897 561 4952 is
602 4897 774 4967 possit
817 4895 886 4950 ad
926 4895 1318 4965 monogamiam
1357 4904 1408 4950 et
1440 4897 1825 4952 continentiam
1853 4914 1946 4954 co-

373 4988 610 5054 hortari,
643 4987 734 5057 qui
764 5002 920 5042 suum
947 4984 1250 5054 exemplum
1277 4985 1496 5054 praefert
1527 4985 1722 5058 [Hier.,
1755 4988 1948 5058 praefe-

373 5069 478 5149 rat]
509 5078 564 5132 in
598 5077 857 5132 docendo.
900 5075 1064 5148 [Sunt
1097 5075 1189 5144 qui
1215 5074 1289 5130 ita
1324 5074 1625 5144 intelligunt
1650 5075 1754 5132 hoc
1794 5093 1947 5131 man-

372 5167 558 5221 datum
572 5164 811 5234 Apostoli
836 5183 848 5218 :
872 5167 1027 5220 unius
1048 5166 1224 5219 uxoris
1245 5166 1433 5230 virum,
1459 5165 1513 5219 id
1536 5172 1640 5231 est,
1669 5166 1946 5222 catholicas

372 5258 625 5316 Ecclesiae
649 5259 945 5323 doctorem,
975 5273 1045 5312 ne
1068 5273 1166 5326 per
1192 5258 1472 5314 haereticas
1499 5258 1792 5327 pravitates
1816 5257 1947 5314 επε-

375 5362 527 5408 ratur
554 5350 700 5405 foras
723 5364 821 5418 per
848 5347 1124 5417 lupanaria
1152 5349 1484 5405 diversarum
1514 5356 1803 5404 sectarum.
1838 5348 1947 5406 Sed

373 5447 430 5496 et
455 5440 720 5495 aestimant
745 5436 984 5506 quidam,
1012 5449 1080 5490 ex
1107 5435 1210 5491 hac
1230 5439 1520 5508 apostolica
1549 5440 1813 5495 sententia
1833 5441 1946 5510 epi-

449 5560 474 5588 α
513 5548 588 5601 De
617 5548 716 5601 hac
739 5544 911 5618 sancti
939 5544 1250 5618 Hieronymi
1277 5548 1563 5618 sententia,
1584 5547 1648 5603 de
1671 5548 1944 5618 episcopo-

381 5632 497 5673 rum
527 5630 683 5686 supra
709 5615 1050 5685 presbyteros
1079 5613 1360 5684 dignitate,
1385 5616 1490 5670 vid.
1520 5617 1673 5685 epist.
1704 5613 1940 5687 ejusdem

2060 1931 2314 1997 tationes,
2364 1931 2501 1988 ﬁlias
2538 1948 2667 1988 vero
2703 1937 2943 2011 πράξεις,
2990 1936 3042 1990 id
3075 1947 3188 2000 est,
3221 1953 3376 2006 opera
3415 1937 3640 2010 intelligi

2059 2016 2254 2074 debere
2295 2038 2307 2074 :
2349 2031 2407 2076 et
2451 2037 2572 2076 eum
2619 2038 2762 2078 nunc
2798 2025 3106 2094 episcopum
3155 2026 3401 2096 praecipit
3443 2026 3640 2083 debere

2059 2107 2172 2164 ﬁeri
2194 2151 2209 2174 ,
2239 2112 2330 2181 qui
2371 2121 2428 2166 et
2465 2113 2815 2184 cogitationes
2842 2123 2898 2168 et
2929 2129 3090 2184 opera
3130 2117 3182 2170 in
3229 2131 3325 2171 sua
3357 2117 3519 2172 habet
3543 2133 3640 2188 po—

2057 2206 2268 2264 testate,
2299 2208 2353 2253 et
2378 2213 2505 2253 vere
2527 2202 2714 2255 credat
2742 2202 2794 2255 in
2822 2201 3058 2269 Christo,
3086 2211 3142 2259 et
3168 2204 3311 2260 nulla
3335 2204 3639 2276 subripien.

2056 2290 2190 2344 tium
2218 2291 2473 2345 vitiorum
2499 2291 2619 2346 labe
2644 2293 2958 2349 maculatur.

2127 2376 2339 2445 Oportet
2365 2395 2486 2449 ergo
2511 2381 2806 2450 episcopum
2830 2385 2942 2437 sine
2976 2386 3191 2440 crimine
3226 2403 3354 2452 esse,
3386 2395 3636 2458 tanquam

2052 2464 2150 2518 Dei
2175 2466 2604 2534 dispensatorem.
2633 2472 2904 2535 Qumritur
2929 2488 3060 2544 ergo
3082 2476 3222 2530 inter
3241 2477 3640 2545 dispensatores

2053 2562 2112 2607 ut
2143 2553 2315 2609 ﬁdelis
2339 2557 2461 2625 quis
2484 2557 2807 2624 inveniatur,
2833 2569 2887 2614 et
2915 2575 3020 2614 non
3052 2563 3340 2618 comedens
3365 2573 3419 2618 et
3445 2563 3637 2620 bibens

2055 2657 2176 2697 cum
2221 2643 2481 2710 ebriosis,
2527 2647 2796 2713 percutiat
2833 2663 3017 2703 servos
3049 2659 3104 2703 et
3138 2651 3358 2706 ancillas
3402 2650 3636 2724 [Domini

2055 2731 2195 2804 sui];
2223 2733 2316 2788 sed
2343 2735 2606 2789 incertum
2646 2735 2856 2793 Domini
2899 2736 3097 2810 [Hier.,
3126 2740 3242 2812 Dei]
3276 2739 3510 2815 [cautus]
3543 2758 3637 2800 ex-

2055 2830 2262 2892 spectet
2287 2824 2605 2890 adventum,
2641 2835 2696 2880 et
2723 2827 2811 2882 det
2850 2829 3125 2884 conservis
3161 2830 3212 2883 in
3250 2840 3490 2902 tempore
3517 2831 3637 2905 [do-

2055 2911 2244 2966 etrinze
2271 2911 2572 2985 catholicae]
2600 2914 2821 2969 cibaria.
2866 2913 3014 2970 Sciat
3044 2925 3223 2972 autem
3262 2918 3545 2990 episcopus
3580 2931 3638 2976 et

2055 3001 2336 3073 presbyter
2359 3003 2457 3058 sibi
2481 3005 2732 3074 populum
2761 3022 3079 3062 conservum
3101 3024 3244 3072 esse,
3264 3025 3370 3064 non
3394 3026 3632 3071 servum.

2054 3089 2417 3164 [Quapropter
2462 3111 2568 3150 non
2615 3097 2884 3165 opprimat
2930 3113 3052 3152 eum
3092 3101 3245 3168 quasi
3283 3101 3390 3156 vile
3430 3104 3635 3158 manci—

2048 3181 2229 3251 pium,
2263 3184 2358 3239 sed
2396 3186 2608 3241 erudiat
2645 3201 2768 3241 eum
2809 3203 2930 3243 cum
2975 3191 3120 3244 omni
3167 3192 3434 3247 cbaritate
3479 3196 3636 3262 quasi

2049 3271 2264 3346 ﬁlium.]
2318 3275 2443 3330 Non
2485 3277 2796 3343 superbum,
2840 3279 2894 3334 id
2927 3286 3040 3344 est,
3079 3296 3186 3335 non
3217 3288 3511 3338 tumentem
3540 3292 3632 3340 aut

2048 3363 2346 3434 placentem
2375 3367 2478 3421 sibi
2504 3367 2646 3436 quod
2681 3369 2965 3438 episcopus
2991 3370 3094 3435 sit,
3127 3368 3221 3426 sed
3248 3387 3383 3441 opus
3409 3371 3632 3444 [bonum

2048 3455 2459 3525 amplectentem
2511 3455 2596 3530 et]
2655 3458 2712 3513 id
2762 3459 3128 3528 requirentem
3192 3461 3332 3530 quod
3385 3461 3634 3530 plurimis

2047 3547 2235 3616 prosit.
2268 3546 2393 3602 Non
2414 3549 2721 3602 iracundum
2743 3589 2757 3613 ,
2787 3548 2863 3622 [id
2892 3557 3008 3612 est,
3038 3549 3141 3603 levi
3170 3559 3330 3603 vento
3367 3551 3518 3617 quasi
3546 3549 3630 3604 fo-

2049 3635 2175 3690 lium
2204 3639 2443 3701 pendens
2467 3638 2521 3690 in
2552 3651 2702 3689 ramo
2731 3637 3054 3708 moveatur.]
3084 3637 3150 3690 Et
3179 3654 3364 3692 revera
3391 3639 3524 3693 nihil
3549 3649 3633 3695 est

2049 3725 2245 3781 fmdius
2267 3733 2597 3794 praeceptore
2623 3722 2826 3780 furioso
2855 3740 2868 3778 :
2902 3723 3030 3798 [non
3059 3726 3204 3780 enim
3226 3728 3318 3796 qui
3343 3729 3630 3799 aliquando

2049 3815 2320 3879 irascitur,
2362 3813 2652 3867 iracundus
2677 3823 2791 3879 est;
2828 3815 2920 3869 sed
2957 3815 3044 3870 ille
3078 3815 3277 3871 dicitur
3312 3819 3625 3886 iracundus,

2049 3904 2137 3972 qui
2163 3903 2354 3957 crebro
2379 3903 2480 3956 hac
2501 3903 2749 3971 passione
2779 3905 3109 3978 superatur.]
3136 3907 3259 3960 Non
3287 3908 3624 3973 vinolentum.

2049 3992 2157 4047 Sed
2185 3992 2287 4046 hoc
2319 4007 2462 4047 nunc
2487 3992 2685 4047 dixisse
2712 3991 2960 4058 sufﬁciat,
2988 3993 3129 4063 quod
3161 3996 3453 4049 secundum
3483 3996 3627 4067 Αρος

2047 4083 2243 4138 stolum
2277 4083 2330 4137 in
2370 4083 2497 4137 vino
2533 4081 2743 4137 luxuria
2786 4091 2867 4138 est
2896 4099 2911 4138 :
2940 4093 2994 4138 et
3029 4085 3334 4154 ubicunque
3369 4087 3628 4142 saturitas

2047 4181 2209 4244 atque
2234 4172 2466 4228 ebrietas
2487 4171 2702 4240 fuerint,
2727 4175 2801 4230 ibi
2838 4175 3003 4231 libido
3026 4176 3346 4231 dominetur.
3371 4176 3628 4234 Miramur

2049 4271 2228 4319 autem
2260 4263 2558 4334 apostolum
2601 4264 2654 4320 in
2685 4266 2952 4336 episcopis
2979 4268 3092 4322 sive
3118 4269 3448 4339 presbyteris
3476 4269 3626 4324 dam-

2048 4370 2206 4411 nasse
2225 4355 2590 4420 vinolentiam,
2623 4371 2747 4412 cum
2775 4357 2831 4410 in
2854 4358 3026 4412 veteri
3053 4372 3265 4426 quoque
3288 4357 3403 4428 lege
3423 4374 3625 4429 praece—

2045 4455 2194 4518 ptum
2225 4447 2297 4500 sit
2319 4447 2646 4510 sacerdotes,
2679 4462 2802 4500 cum
2841 4447 3212 4516 ingrediuntur
3240 4449 3494 4518 templum
3523 4453 3625 4506 mi-

2045 4535 2277 4590 nistrare
2301 4535 2446 4598 Deo,
2479 4534 2662 4588 vinum
2703 4536 2921 4590 omnino
2957 4552 3065 4591 non
3103 4537 3288 4593 bibere
3324 4537 3510 4610 (Leuit.
3541 4541 3616 4612 κ).

2047 4624 2339 4697 [Nazareos
2362 4639 2575 4695 quoque
2607 4625 2675 4680 ab
2702 4627 2848 4681 omni
2877 4627 3001 4681 vino
3042 4633 3093 4681 et
3141 4628 3342 4695 sicera,
3383 4630 3620 4699 quandiu

2045 4721 2282 4769 sanctam
2303 4730 2511 4770 comam
2531 4716 2790 4782 nutriant,
2812 4717 3082 4772 abstinere
3112 4716 3300 4788 (Num.
3322 4717 3458 4792 vr).]
3497 4719 3620 4775 Non

2043 4818 2392 4874 percussorem
2421 4816 2438 4854 :
2468 4803 2609 4873 quod
2637 4805 2855 4876 quidem
2880 4811 2934 4861 et
2954 4805 3268 4875 simpliciter
3291 4807 3617 4864 intellectum

2043 4890 2271 4947 aediﬁcat
2299 4893 2625 4958 audientem,
2652 4908 2720 4949 ne
2743 4893 2899 4950 facile
2919 4909 3137 4949 manum
3157 4897 3398 4967 porrigat
3420 4898 3488 4953 ad
3515 4914 3619 4955 cre-

2042 4981 2275 5038 dendum
2309 4981 2415 5055 [vel
2445 4982 2510 5037 ad
2549 4996 2699 5036 arma
2733 4997 3082 5053 prorumpere
3118 5002 3132 5038 :
3164 4985 3259 5040 sed
3292 4985 3453 5042 altius
3487 5002 3619 5043 con-

2042 5073 2338 5128 sideratum
2373 5073 2565 5129 melius
2591 5071 2849 5139 aediﬁcat,
2872 5089 2941 5130 ne
2967 5075 3166 5145 aliquid
3203 5077 3483 5147 episcopus
3505 5076 3617 5134 elli-

2043 5163 2173 5228 ciat,
2203 5164 2346 5232 quod
2375 5171 2584 5218 mentes
2609 5163 3018 5236 intelligentium
3043 5173 3099 5220 et
3123 5165 3416 5220 videntium
3449 5165 3617 5223 offen—

2043 5253 2170 5320 dat,
2215 5255 2309 5308 sed
2360 5255 2432 5308 sit
2477 5263 2789 5311 mansuetus
2831 5256 2885 5310 in
2937 5270 3226 5323 sermone,
3273 5264 3330 5312 et
3375 5259 3616 5315 moribus

2043 5344 2300 5398 honestus
2317 5383 2331 5409 ,
2359 5359 2428 5398 ne
2453 5345 2647 5413 perdat
2673 5360 2798 5399 eum
2825 5361 2986 5416 quem
3023 5349 3376 5417 temperantia
3405 5348 3532 5405 vitae
3559 5359 3614 5405 et

2041 5433 2328 5488 verborum
2368 5433 2582 5488 erudire
2625 5434 2872 5507 potuit].
2919 5436 3044 5491 Non
3087 5438 3252 5507 turpis
3293 5438 3455 5504 lucri,
3503 5447 3608 5496 etc.

2042 5544 2240 5671 gica]:
2280 5544 2603 5615 Evangelum
2622 5587 2636 5615 ,
2679 5556 2732 5603 et
2775 5549 2994 5607 editoris
3031 5551 3354 5610 Veronensis
3389 5563 3610 5609 announ-

2067 5632 2082 5670 I
2243 5653 2260 5671 .

2067 5632 2260 5672 Ionem.
