3992 6184
364 232 502 288 1015

1204 229 1263 283 Β.
1304 229 1366 284 F.
1407 222 1632 281 ALlilNl
1670 224 1802 282 SEU
1839 221 2113 281 ALCUINI
2153 222 2437 281 OPERUM
2474 224 2652 280 PARS
2684 223 2743 280 ll.

3483 227 3633 281 1016

362 342 582 417 [Turpis
619 341 750 396 lucri
781 338 830 408 τι]
869 340 1124 409 appetitio
1143 379 1158 403 ,
1203 347 1286 393 est
1325 338 1444 408 plus
1478 338 1543 393 de
1581 335 1936 406 praesentibus
1959 337 2010 396 Δ
2037 333 2333 388 destruere.
2363 333 2506 388 Sana
2533 343 2711 389 autem
2739 333 2988 388 doctrina
3011 333 3210 389 dicitur
3235 333 3305 389 ad
3327 335 3638 395 distinctio-

361 435 598 504 cogitare
626 445 787 501 quam
811 429 875 483 de
896 429 1108 482 futuris.
1135 428 1429 498 Episcopus
1450 428 1541 496 qui
1563 427 1798 481 innitatur
1818 437 1937 478 esse

361 521 598 592 Apostoli
626 519 794 590 cupit,
820 519 1024 574 habens
1052 519 1253 573 victum
1282 527 1338 572 et
1374 517 1624 572 vestitum
1646 557 1661 582 ,
1703 517 1787 570 his
1813 524 1935 568 tan-

363 622 475 663 tum
503 608 658 662 debet
684 622 804 662 esse
832 617 1116 662 contentus
1137 607 1188 677 (1
1214 607 1346 661 Tim.
1371 607 1468 678 vi).
1491 606 1592 673 Qui
1616 606 1806 660 altario
1825 621 1939 660 ser-

362 701 538 763 viunt,
583 700 648 752 dc
677 699 865 752 altario
892 699 1073 753 vivant
1109 699 1160 770 (Ι
1183 697 1305 752 Cor.
1343 700 1442 770 ix).
1488 697 1702 762 Vivant,
1743 697 1932 766 inquit,

361 799 416 843 ct
449 806 552 845 non
572 831 586 855 ,
613 790 794 844 divites
819 791 966 858 ﬁant.
1003 791 1290 860 llucusque
1327 792 1455 860 quid
1489 807 1594 845 non
1622 790 1815 845 debeat
1842 789 1938 842 ba-

361 880 488 933 bcrc
505 880 786 950 episcopus
808 881 921 934 sive
944 881 1242 950 presbyter,
1265 878 1504 948 Apostoli
1530 891 1777 932 sermone
1801 891 1937 945 pra:-

359 980 572 1041 ccptum
601 981 684 1028 est
715 991 727 1026 :
760 989 901 1028 nunc
935 989 966 1028 e
999 976 1304 1039 contrario,
1347 973 1474 1042 quid
1514 973 1713 1026 habere
1745 970 1940 1024 debeat

360 1063 679 1132 explicatur.

430 1152 594 1206 Vsus.
627 1153 679 1208 8.
706 1182 778 1192 —
803 1153 908 1208 Sed
929 1153 1252 1224 hospitalem,
1277 1154 1569 1223 benignum.
1594 1153 1732 1206 Ante
1757 1152 1937 1206 omnia

360 1241 699 1311 hospitalitas
737 1241 917 1296 futuro
953 1242 1205 1312 episcopo
1249 1242 1560 1312 praecipitur
1607 1239 1805 1313 [Hier.,
1847 1241 1940 1295 de-

359 1329 679 1402 nuntiatur].
711 1329 766 1385 Si
796 1331 940 1385 enim
954 1317 1162 1386 'omnes
1191 1330 1320 1386 illud
1347 1331 1411 1386 de
1437 1330 1726 1401 Evangelio
1751 1329 1939 1384 audire

359 1420 667 1477 desiderant
693 1438 705 1473 :
734 1420 934 1490 Hospes
962 1421 1062 1491 fui,
1089 1431 1138 1476 et
1163 1422 1458 1492 suscepistis
1472 1437 1551 1474 me
1573 1419 1786 1489 (Matth.
1811 1435 1937 1486 xxv,

357 1508 469 1580 55),
499 1517 699 1579 quanto
726 1511 898 1581 magis
934 1512 1235 1582 episcopus,
1273 1513 1426 1582 cujus
1464 1511 1653 1566 domus
1697 1511 1938 1565 omnium

357 1616 641 1656 commune
662 1601 821 1657 debet
839 1617 958 1657 esse
977 1602 1265 1672 hospitium
1285 1601 1363 1675 [et
1381 1603 1514 1657 satis
1534 1602 1939 1672 peregrinorum

359 1702 517 1760 atque
543 1692 868 1746 venientium
895 1693 1127 1762 benigna
1155 1694 1425 1763 susceptio
1452 1693 1506 1746 in
1533 1707 1616 1757 ea,
1644 1692 1717 1746 ita
1747 1701 1806 1745 ut
1838 1693 1937 1747 hu-

358 1781 469 1834 mili
497 1780 670 1836 otIicio
695 1783 858 1837 etiam
885 1783 1049 1852 pedes
1083 1783 1332 1838 laventur
1363 1783 1612 1856 eorum]?
1650 1781 1933 1849 Pudicam,

348 1873 551 1941 justum
570 1913 584 1937 ,
615 1882 871 1926 sanctum.
921 1873 978 1927 Si
1008 1881 1184 1928 autem
1212 1873 1364 1929 laicis
1397 1874 1693 1942 imperatur
1725 1884 1784 1927 ut
1812 1888 1937 1942 pro-

357 1971 478 2032 pter
521 1964 822 2018 orationem
866 1963 1172 2019 abstineant
1219 1979 1277 2019 se
1323 1963 1392 2018 ab
1439 1978 1606 2018 uxore
1643 1962 1840 2035 [Hier.,
1868 1963 1936 2017 ab

355 2055 608 2128 uxorum]
637 2057 803 2120 coitu,
830 2056 958 2124 quid
985 2056 1049 2110 de
1075 2055 1325 2125 episcopo
1353 2054 1690 2109 sentiendum
1719 2061 1820 2118 est,
1843 2053 1934 2122 qui

355 2145 593 2213 quotidie
637 2161 735 2216 pro
786 2145 899 2200 suis
942 2145 1228 2214 populique
1276 2143 1513 2213 peccatis
1565 2142 1936 2197 immaculatas

358 2233 558 2306 [llier.,
585 2233 841 2305 illibatas]
870 2234 1164 2306 [orationes
1192 2242 1502 2289 sanctorum
1533 2231 1703 2304 (Leg.,
1733 2232 1937 2286 oratio-

356 2342 482 2379 num
514 2325 844 2398 sanctarum)
868 2325 884 2397 ]
910 2326 1020 2380 Deo
1052 2325 1331 2380 oblaturus
1359 2331 1443 2380 est
1468 2324 1748 2379 victimas?
1779 2322 1936 2394 [Nam

353 2415 666 2470 Abimelech
688 2416 939 2470 sacerdos
960 2415 1341 2486 propositionis
1369 2430 1535 2484 panes
1561 2415 1740 2471 renuit
1768 2414 1937 2470 David

352 2515 407 2560 et
436 2505 618 2576 pueris
649 2505 760 2560 suis
789 2506 938 2570 dare,
967 2506 1070 2561 nisi
1099 2507 1308 2562 audiret
1335 2521 1535 2578 pueros
1562 2521 1682 2561 esse
1709 2507 1937 2562 mundos

352 2611 384 2649 a
412 2595 746 2661 mulieribus,
775 2611 883 2651 non
916 2597 1101 2666 utique
1129 2595 1340 2662 alienis,
1363 2597 1456 2651 sed
1485 2595 1765 2669 propriis.]
1794 2597 1935 2650 Tan-

355 2694 468 2739 tum
515 2685 742 2740 interest
792 2685 934 2740 inter
987 2685 1370 2758 propositionis
1419 2700 1589 2757 panes
1636 2693 1691 2740 et
1741 2701 1938 2756 corpus

351 2771 581 2837 Christi,
627 2782 888 2843 quantum
929 2773 1071 2828 inter
1113 2774 1361 2829 umbram
1406 2784 1462 2830 et
1505 2790 1763 2847 corpora,
1796 2775 1938 2830 inter

351 2865 640 2937 imaginem
671 2873 728 2918 et
749 2866 1061 2928 veritatem,
1090 2865 1232 2919 inter
1260 2865 1590 2940 exemplaria
1629 2865 1935 2920 futurorum

351 2963 405 3009 et
434 2969 497 3009 ea
520 2956 632 3027 ipsa
658 2970 778 3024 qum
797 2970 895 3025 per
913 2955 1240 3025 exemplaria
1263 2956 1766 3030 prteligurabantur.
1790 2956 1934 3026 Quo-

349 3044 510 3099 modo
537 3045 701 3114 igitur
727 3043 1085 3113 hospitalitas,
1107 3046 1412 3117 benignitas
1435 3049 1705 3119 przecipue
1732 3048 1929 3105 debent

350 3147 470 3187 esse
496 3135 548 3186 in
576 3133 846 3204 episcopo,
880 3136 958 3192 sic
982 3137 1142 3192 etiam
1167 3147 1218 3192 et
1247 3139 1472 3194 castitas
1499 3140 1738 3209 proprie,
1769 3147 1842 3205 et,
1871 3146 1932 3194 ut

347 3223 512 3296 654
546 3225 621 3279 ita
649 3225 898 3292 dixerim,
927 3229 1186 3298 pudicitia
1215 3230 1566 3285 sacerdotalis
1591 3237 1710 3298 est,
1732 3240 1794 3285 ut
1824 3247 1932 3286 non

349 3315 520 3369 solum
543 3314 610 3368 ab
634 3329 796 3385 opere
818 3317 1091 3372 immundo
1119 3320 1408 3384 abstineat,
1434 3320 1530 3374 sed
1548 3320 1712 3374 etiam
1733 3336 1764 3374 a
1786 3328 1932 3376 tactu

350 3404 536 3460 illicito
562 3413 618 3460 et
644 3405 970 3477 cogitatione
1009 3407 1213 3463 erroris
1242 3405 1445 3478 [Hier.,
1475 3423 1506 3462 a
1527 3407 1678 3478 jactu
1705 3409 1847 3464 oculi
1875 3418 1930 3464 et

348 3497 692 3567 cogitationis
717 3497 924 3571 errore]
970 3515 1124 3555 mens
1162 3498 1363 3556 Christi
1401 3514 1598 3572 corpus
1625 3499 1934 3556 confectura

349 3587 420 3641 sit
468 3588 656 3644 libera.
702 3590 890 3646 Justus
935 3607 1149 3661 quoque
1195 3592 1480 3662 episcopus
1523 3607 1643 3648 esse
1681 3592 1841 3648 debet
1879 3602 1937 3649 et

348 3688 583 3744 sanctus,
614 3690 668 3736 et
689 3682 958 3751 justitiam
983 3683 1036 3738 in
1063 3684 1274 3754 populis
1309 3685 1504 3756 quibus
1545 3694 1743 3756 praeest
1778 3701 1936 3742 exer-

348 3784 508 3836 cere,
555 3786 654 3827 nec
690 3788 950 3842 personas
985 3777 1252 3846 reSpicere
1289 3777 1343 3832 in
1373 3777 1610 3849 judicio,
1644 3777 1760 3850 [sed
1787 3778 1934 3834 omni

348 3871 593 3930 persome
611 3862 756 3933 justa
784 3863 1098 3920 discernens
1124 3864 1330 3938 (Forte,
1357 3867 1697 3940 decernens).
1725 3867 1793 3923 Et
1812 3886 1937 3923 san-

348 3958 518 4017 ctum,
549 3951 614 4008 ad
647 3967 798 4010 suam
829 3956 1032 4023 vitam;
1066 3964 1125 4010 ut
1159 3973 1266 4013 non
1295 3957 1468 4012 solum
1503 3957 1684 4014 verbis
1721 3959 1932 4030 doceat,

347 4038 441 4093 sed
473 4040 636 4098 etiam
675 4045 938 4115 exemplis
986 4046 1200 4100 erudiat
1243 4046 1498 4117 populum
1543 4047 1650 4102 sibi
1681 4051 1936 4106 commis-

348 4144 488 4183 sum.
518 4130 704 4201 (Vsus.
741 4131 826 4202 9.)
848 4132 1227 4198 Continentem,
1267 4134 1657 4204 amplectentem
1685 4153 1824 4203 eum,
1847 4139 1936 4208 qui

347 4218 632 4272 secundum
670 4219 964 4276 doctrinam
1007 4230 1103 4288 est,
1138 4221 1347 4290 ﬁdelem
1388 4239 1696 4278 sermonem.
1755 4226 1937 4281 Absti-

348 4316 565 4362 nentem
602 4310 743 4364 enim
789 4310 944 4366 decet
986 4311 1296 4382 episcopum
1335 4327 1485 4378 esse,
1529 4328 1633 4367 non
1674 4314 1846 4369 solum
1875 4317 1926 4371 in
1951 4343 2006 4403 Β

347 4398 552 4452 carnali
581 4401 860 4464 desiderio,
886 4417 1072 4456 verum
1100 4402 1264 4455 etiam
1289 4402 1341 4456 in
1367 4403 1652 4458 verborum
1685 4406 1929 4460 modera-

347 4490 524 4553 tione;
554 4489 660 4543 imo
686 4498 741 4544 et
765 4491 1031 4566 prmcipue
1061 4493 1112 4548 in
1152 4493 1507 4562 cogitatione,
1539 4505 1599 4550 ut
1639 4496 1834 4551 habeat
1873 4495 1926 4551 in

345 4589 616 4652 potestate
641 4584 768 4652 quid
797 4585 1017 4656 cogitet,
1045 4589 1172 4658 quid
1190 4589 1462 4661 loquatur,
1486 4597 1540 4643 et
1566 4589 1693 4658 quid
1715 4589 1923 4662 faciat.]

343 4677 426 4732 Ad
449 4684 750 4732 extremum
777 4679 1018 4736 obtineat
1035 4695 1159 4737 eum
1178 4671 1206 4747 ,’
1221 4685 1311 4753 qui
1329 4683 1612 4739 secundum
1632 4684 1923 4738 doctrinam

341 4780 442 4836 est,
462 4770 670 4841 ﬁdelem
702 4789 1022 4840 sermonem;
1048 4782 1108 4829 ut
1128 4776 1396 4845 quomodo
1418 4790 1596 4832 sermo
1629 4777 1725 4832 Dei
1753 4778 1924 4832 ﬁdelis

343 4869 428 4916 est
459 4869 516 4916 et
555 4862 701 4916 omni
739 4865 1053 4934 acceptione
1087 4865 1314 4935 dignus,
1353 4867 1433 4922 sic
1460 4874 1516 4921 et
1548 4865 1640 4921 ille
1674 4867 1834 4920 talem
1863 4883 1922 4923 se

341 4953 600 5022 przebeat,
628 4963 690 5011 ut
709 4969 869 5010 omne
895 4956 1038 5025 quod
1063 4955 1319 5027 loquitur,
1350 4956 1454 5013 ﬁde
1480 4958 1700 5026 dignum
1736 4957 1921 5012 existi-

345 5053 543 5109 metur,
566 5052 624 5100 et
648 5044 811 5100 verba
837 5045 1005 5115 ipsius
1031 5046 1140 5101 sint
1159 5046 1342 5117 regula
1365 5046 1625 5103 veritatis.
1652 5045 1718 5101 Ut
1739 5056 1918 5117 potens

341 5133 412 5186 sit
437 5134 704 5190 exhortari
725 5135 781 5190 in
806 5135 1043 5192 doctrina
1067 5153 1218 5201 sana,
1240 5146 1286 5189 et
1309 5152 1394 5190 eos
1419 5136 1506 5206 qui
1533 5136 1914 5201 contradicunt,

345 5238 580 5290 arguere.
618 5224 731 5280 Hoc
773 5234 884 5291 est,
918 5212 1112 5296 potens
1158 5227 1228 5283 sit
1269 5241 1362 5282 eos
1402 5227 1496 5296 qui
1533 5225 1713 5281 saeculi
1762 5226 1917 5281 istius

346 5311 647 5369 turbinibus
667 5317 1030 5387 exagitantur,
1057 5316 1353 5380 consolari,
1383 5323 1438 5370 et
1473 5330 1570 5385 per
1605 5330 1790 5370 sanam
1819 5315 1915 5368 do-

345 5402 574 5457 ctrinam
615 5405 692 5476 [id
732 5417 846 5472 est,
896 5409 1244 5474 catholicam,
1287 5408 1572 5464 haereticus
1605 5404 1916 5482 pravitates]

1957 3005 2006 3070 C

2039 437 2160 476 nem
2185 421 2447 492 languida:
2469 421 2800 491 inﬁrmmque
2821 421 3097 478 doctrinae.
3124 422 3274 478 Talis
3294 440 3510 495 quoque
3534 430 3636 493 sit,

2037 525 2097 570 ut
2121 517 2551 570 contradicentes
2585 514 2778 587 [libera
2805 514 2958 587 voce]
2987 531 3215 583 arguere
3252 516 3426 572 valeat
3449 518 3642 575 bare;

2038 608 2206 672 ticos,
2236 608 2350 662 sive
2385 605 2598 660 Judzeos
2626 615 2682 660 et
2707 606 2887 661 steculi
2926 607 3080 661 istius
3121 607 3406 676 sapientes.
3447 610 3642 682 Supe-

2036 700 2183 755 riora
2209 698 2456 769 quidem,
2488 713 2608 768 qua:
2638 698 2692 751 in
2720 698 2957 767 episcopi
2996 698 3288 754 virtutibus
3323 702 3526 768 posuit,
3557 705 3640 758 ad

2036 790 2202 845 vitam
2238 789 2513 858 pertinent
2550 785 2912 860 [honestam];
2960 789 3062 842 hoc
3100 802 3229 844 vero
3266 791 3407 858 quod
3434 792 3546 858 ait,
3574 802 3638 846 ut

2035 890 2216 950 potens
2241 881 2307 934 sit
2335 879 2596 934 consolari
2620 879 2673 932 in
2695 878 2934 932 doctrina
2961 896 3113 944 sana,
3137 890 3186 934 et
3216 883 3634 937 contradicentes

2023 986 2289 1040 arguere,
2320 968 2659 1024 referendum
2689 976 2772 1023 est
2807 969 2878 1022 ad
2916 969 3193 1024 scientiam
3234 970 3575 1044 [perfectam]
3616 992 3632 1027 :

2037 1060 2163 1130 quia
2195 1060 2240 1115 si
2268 1060 2507 1130 episc0pi
2544 1067 2749 1112 tantum
2788 1068 2975 1113 sancta
3017 1059 3090 1114 sit
3126 1061 3267 1126 vita,
3310 1063 3410 1116 sibi
3446 1072 3639 1132 potest

2037 1152 2293 1220 prodesse
2322 1151 2402 1204 sic
2420 1150 2644 1214 vivens;
2671 1163 2834 1218 porro
2863 1148 2908 1203 si
2935 1158 2989 1204 et
3015 1149 3264 1205 doCtrina
3293 1159 3346 1205 et
3376 1167 3636 1210 sermone

2039 1242 2202 1297 fuerit
2225 1243 2499 1310 eruditus,
2527 1248 2706 1311 potest
2728 1249 2955 1295 exteros
2990 1257 3204 1311 quoque
3242 1243 3538 1310 instruere;
3567 1255 3637 1300 et

2040 1347 2147 1385 non
2173 1331 2347 1386 solum
2379 1331 2646 1386 instruere
2673 1339 2730 1385 et
2763 1329 2955 1385 docere
2977 1346 3134 1397 suos,
3171 1333 3268 1387 sed
3293 1341 3349 1388 et
3373 1333 3636 1390 adversa—

2041 1423 2152 1478 rios
2179 1435 2542 1493 repercutere.

2111 1513 2274 1567 Vsns.
2317 1513 2404 1578 10,
2445 1513 2531 1566 Η.
2570 1543 2641 1552 —
2681 1512 2818 1568 Sunt
2853 1514 3010 1567 etiam
3054 1512 3206 1567 multi
3249 1515 3632 1582 inobedientes,

2040 1600 2333 1671 vaniloqui,
2363 1601 2658 1656 seductores
2681 1642 2696 1667 ,
2739 1603 2964 1657 maxime
2998 1605 3088 1673 qui
3124 1603 3189 1658 de
3230 1606 3635 1662 circumcisione

1969 1675 2014 1736 Β
2039 1700 2181 1756 sunt,
2211 1708 2341 1762 quos
2373 1700 2571 1761 oportet
2593 1692 2764 1762 argui,
2789 1692 2878 1762 qui
2907 1694 3175 1746 universas
3204 1694 3390 1748 domus
3413 1695 3635 1749 subaer-

2035 1791 2150 1836 tunt
2173 1823 2187 1847 ,
2217 1783 2458 1836 docentes
2487 1798 2604 1852 quis
2639 1799 2746 1836 non
2778 1791 2995 1852 oportet,
3033 1786 3204 1854 turpis
3242 1784 3376 1838 lucri
3427 1787 3630 1856 gratia.

2035 1873 2136 1941 Qui
2181 1875 2434 1930 Ecclesia:
2472 1875 2686 1929 futurus
2721 1883 2804 1928 est
2831 1872 3102 1942 princeps,
3136 1873 3333 1928 habeat
3369 1875 3634 1944 eloquen-

2035 1967 2166 2019 tiam
2197 1979 2320 2020 cum
2348 1965 2472 2020 vitae
2498 1964 2806 2035 integritate
2835 1963 3116 2028 sociatam,
3141 1979 3209 2017 ne
3229 1979 3392 2032 opera
3419 1966 3634 2036 absque

2035 2069 2285 2110 sermone
2331 2056 2438 2109 sint
2481 2054 2676 2119 tacita,
2723 2060 2778 2107 et
2819 2052 2960 2107 dicta
2999 2051 3157 2106 factis
3191 2052 3632 2121 delinquentibus

2038 2145 2237 2217 [Hier.,
2261 2145 2416 2200 factis
2434 2143 2838 2215 deﬁcientibus]
2856 2144 3195 2198 erubescant.
3223 2142 3383 2214 [Sunt
3405 2143 3628 2214 plurimi

2035 2245 2090 2291 et
2117 2251 2224 2291 non
2250 2237 2408 2306 pauci
2438 2237 2530 2306 qui
2557 2237 2756 2290 bonam
2794 2242 3088 2289 sementem
3116 2234 3278 2288 Verbi
3315 2233 3438 2306 Dei]
3477 2235 3628 2288 inani

2036 2325 2385 2395 persuasione
2407 2332 2786 2394 corrumpunt;
2819 2321 2897 2395 [bi
2927 2323 3092 2376 etiam
3117 2324 3390 2392 perversis
3419 2325 3627 2379 doctri-

2036 2432 2161 2472 nam
2197 2425 2506 2472 sanctarum
2549 2417 2949 2485 Scripturarum
2988 2415 3273 2470 sententiis
3301 2415 3629 2471 continuare

2035 2507 2281 2561 nituntur
2319 2524 2331 2560 :
2374 2507 2492 2561 ideo
2517 2506 2793 2561 doctorem
2831 2505 3086 2560 Ecclesia:
3121 2505 3275 2560 decet
3315 2507 3633 2577 Scripturas

2037 2605 2253 2651 sanctas
2294 2596 2504 2650 discere
2548 2595 2847 2664 diligenter,
2890 2601 2952 2648 ut
2996 2595 3041 2650 si
3087 2609 3376 2664 percussus
3425 2595 3521 2650 ﬁat
3572 2597 3629 2651 in

2037 2687 2319 2742 dexteram
2356 2686 2655 2752 maxillam,
2688 2701 2815 2742 mox
2854 2687 3093 2756 praebeat
3128 2687 3453 2757 percutienti
3493 2689 3632 2742 alte-

2038 2775 2201 2849 ram.]
2231 2777 2296 2832 Hi
2321 2786 2446 2832 sunt
2475 2779 2539 2833 de
2568 2777 2978 2833 circumcisione
3003 2776 3194 2843 Judazi,
3217 2779 3310 2848 qui
3336 2787 3464 2834 tunc
3493 2789 3632 2834 tem-

2035 2869 2182 2939 poris
2207 2878 2518 2924 nascentem
2545 2867 2746 2924 Christi
2781 2868 3072 2924 Ecclesiam
3105 2871 3420 2940 subvertere
3445 2873 3630 2927 conati

2037 2967 2164 3014 sunt
2184 2957 2385 3029 [Hier.,
2417 2957 2771 3031 nitebantur],
2797 2967 2851 3012 et
2881 2959 3223 3015 introducere
3247 2972 3519 3030 przecepta
3549 2962 3631 3018 le-

2036 3051 2204 3122 galia,
2237 3047 2727 3123 [circumcisionem
2758 3049 2964 3104 scilicet
2994 3057 3048 3103 et
3081 3051 3306 3104 sabbata
3343 3059 3399 3105 et
3425 3061 3624 3106 cetera

2032 3141 2166 3209 legis
2187 3136 2502 3210 praecepta]
2531 3138 2686 3194 Tales
2719 3139 2964 3194 homines
2991 3139 3180 3194 doctor
3216 3141 3498 3207 Ecclesia,
3535 3143 3626 3198 cui

2033 3231 2227 3286 animae
2250 3230 2566 3302 populorum
2593 3229 2814 3285 credita:
2843 3236 3000 3294 sunt,
3030 3229 3436 3301 Scripturarum
3468 3233 3626 3287 debet

2034 3321 2242 3375 ratione
2263 3334 2540 3390 superare,
2560 3327 2616 3373 et
2637 3318 2911 3374 silentium
2932 3318 3366 3377 testimoniorum
3387 3322 3624 3391 pondere

2034 3411 2310 3480 imponere
2354 3425 2370 3464 :
2416 3411 2509 3482 qui
2551 3426 2658 3466 non
2700 3425 2863 3464 unam
2909 3417 3003 3464 aut
3040 3425 3244 3480 paucas
3285 3411 3492 3476 domos,
3531 3413 3625 3468 sed

2034 3502 2315 3556 universas
2351 3516 2473 3556 cum
2504 3500 2736 3557 dominis
2764 3499 3104 3570 familiasque
3145 3502 3490 3566 subvertant,
3529 3504 3623 3558 do—

2035 3598 2218 3648 centes
2255 3590 2321 3646 de
2361 3592 2604 3646 ciborum
2636 3589 2984 3656 ditl‘erentiis,
3014 3591 3162 3663 [cum
3204 3593 3382 3647 omnia
3422 3595 3623 3648 munda

2035 3682 2142 3738 sint
2172 3680 2433 3754 mundis]
2468 3681 2661 3737 Verum
2693 3682 2819 3752 quia
2857 3681 2996 3737 Deus
3033 3690 3118 3736 est
3144 3690 3328 3736 venter
3353 3682 3616 3751 ipsorum,

2035 3772 2202 3842 turpis
2231 3771 2365 3826 lucri
2385 3771 2559 3843 gratia
2583 3771 2769 3826 volunt
2805 3773 3050 3842 proprios
3091 3771 3264 3828 facere
3297 3771 3610 3840 discipulos,

2035 3873 2097 3920 ut
2124 3865 2276 3935 quasi
2305 3864 2549 3935 magistri
2569 3879 2599 3917 a
2620 3864 2978 3918 sectatoribus
2993 3864 3110 3929 suis
3139 3863 3386 3919 fallantur
3410 3861 3614 3936 μίξει,

2037 3953 2274 4026 alantur]
2301 3953 2378 4026 [et
2399 3953 2862 4026 honoriﬁcentur].
2895 3952 3082 4028 Omnis
3103 3953 3287 4022 itaque
3313 3954 3614 4018 haereticus,

2035 4046 2126 4116 qui
2157 4045 2475 4115 quibusdam
2503 4044 2789 4114 praestigiis
2817 4043 3062 4098 homines
3107 4043 3271 4110 fallit,
3304 4053 3358 4100 et
3394 4044 3614 4111 fallitur,

2037 4136 2275 4204 loquitur
2294 4150 2414 4204 qua:
2434 4151 2538 4188 non
2553 4140 2763 4203 oportet
2785 4133 2955 4202 turpis
2974 4132 3109 4189 lucri
3129 4135 3338 4204 gratia;
3359 4134 3618 4207 [lucrator

2035 4236 2120 4282 est
2145 4242 2430 4297 perversus
2456 4227 2524 4280 ad
2551 4233 2778 4280 mortem
2806 4226 3129 4290 animarum,
3157 4242 3265 4282 non
3300 4228 3368 4281 ad
3395 4229 3557 4282 vitam
3574 4225 3615 4299 ;]

2037 4333 2067 4373 e
2093 4325 2277 4372 contra
2311 4317 2402 4386 qui
2436 4324 2706 4371 errantem
2743 4313 2966 4370 fratrem
3013 4332 3168 4371 suum
3200 4315 3358 4385 juxta
3383 4317 3609 4388 Evange-

2031 4409 2160 4463 lium
2189 4408 2508 4476 corripuerit
2554 4407 2631 4480 [et
2674 4405 3029 4478 correxerit],
3076 4405 3319 4463 lucratus
3348 4415 3430 4463 est
3456 4421 3604 4470 eum;

2027 4501 2169 4570 quod
2197 4499 2341 4554 enim
2371 4498 2541 4568 magis
2575 4497 2781 4551 lucrum
2820 4504 2998 4566 potest
3021 4513 3141 4552 esse
3160 4537 3174 4563 ,
3207 4507 3299 4552 aut
3338 4498 3465 4568 quid
3493 4512 3605 4566 pre-

2027 4576 2218 4643 tiosius
2238 4603 2399 4656 quam
2427 4587 2473 4641 si
2493 4588 2782 4641 humanam
2807 4587 3041 4641 animam
3071 4588 3192 4657 quis
3215 4588 3454 4643 lucretur
3472 4587 3611 4642 Deo?

2025 4679 2213 4751 (Vens.
2263 4677 2375 4747 i2.)
2413 4675 2563 4730 Dixit
2609 4677 2823 4747 quidam
2861 4695 2925 4732 ex
2960 4679 3066 4732 illis
3098 4681 3342 4749 proprius
3384 4681 3612 4750 ipsorum

2026 4769 2275 4840 propheta
2302 4784 2319 4820 :
2350 4765 2616 4822 Cretenses
2650 4785 2849 4838 semper
2886 4770 3189 4835 mendaces,
3219 4771 3376 4826 mala
3419 4772 3611 4835 bestiae,

2027 4867 2225 4912 ventres
2253 4859 2407 4928 pigri.
2433 4859 2620 4913 Videte
2647 4857 2848 4931 [Ilier.,
2874 4858 3108 4931 videtur]
3138 4861 3242 4915 hoc
3280 4876 3404 4916 esse
3444 4861 3612 4930 dupli-

2027 4948 2162 5002 citer
2187 4945 2494 5018 legendum,
2523 4959 2582 5004 ut
2606 4951 2708 5005 hoc
2734 4949 2876 5019 quod
2897 4951 2992 5013 ait,
3018 4951 3152 5004 dixit
3172 4951 3390 5022 quidam
3417 4968 3480 5005 ex
3508 4951 3614 5006 illis

2025 5040 2266 5110 proprius
2286 5057 2464 5094 eorum
2485 5042 2754 5111 propheta,
2777 5057 2898 5096 cum
2923 5042 3290 5110 superioribus
3309 5043 3615 5113 copuletur.

2029 5127 2205 5198 Hujus
2240 5131 2314 5183 rei
2348 5131 2517 5201 gratia
2555 5131 2738 5202 reliqui
2765 5142 2812 5186 te
2842 5130 3041 5198 Crette,
3080 5143 3136 5186 ut
3164 5150 3226 5188 ea
3249 5149 3367 5204 qua:
3397 5134 3614 5186 deerant

2017 5220 2338 5288 corrigeres;
2363 5221 2440 5292 [et
2469 5222 2535 5275 ad
2565 5223 2707 5277 hunc
2745 5237 2960 5278 sensum
2989 5225 3260 5294 respiciat,
3291 5226 3436 5294 quod
3464 5225 3544 5278 ait
3569 5223 3612 5296 ε]

2018 5307 2165 5362 Dixit
2199 5311 2416 5378 quidam
2443 5327 2506 5364 ex
2532 5310 2638 5365 illis
2661 5316 2901 5383 proprius
2924 5331 3100 5369 eorum
3123 5316 3394 5384 propheta,
3421 5315 3474 5370 id
3502 5324 3611 5379 est,

2018 5392 2374 5455 Cretensium.
2406 5401 2514 5454 Aut
2540 5417 2664 5457 cum
2697 5405 3043 5464 vicinioribus
3074 5406 3404 5477 jungendum
3428 5413 3612 5473 est,ut

415 5591 439 5620 ι
479 5578 602 5636 Hice
629 5581 788 5637 verba
812 5597 930 5652 quae
957 5585 1011 5638 in
1039 5598 1146 5638 ms.
1178 5583 1392 5648 desunt,
1423 5580 1663 5637 addimus
1686 5596 1752 5636 ex
1779 5575 2082 5645 conjectura
2112 5576 2180 5631 ob
2205 5575 2566 5648 integritatem
2593 5597 2798 5638 sensus.
