4010 6182
301 323 435 378 10:7

991 317 1398 374 EXEGETICA.
1439 347 1508 358 —
1547 317 1789 374 EXPOS.
1832 315 1898 372 IN
1935 316 2152 374 EPIST.
2205 316 2263 372 S.
2319 316 2524 375 PAULI
2561 317 2653 373 AD
2692 318 2925 375 TITUM.

3430 322 3570 381 1018

297 437 541 508 legamus
566 451 580 489 :
608 435 746 490 Sunt
771 433 934 488 etiam
961 432 1112 486 multi
1136 441 1193 485 et
1219 447 1324 486 non
1350 432 1571 498 subditi,
1600 432 1872 500 vaniloqui
1903 434 1951 493 Α
1978 432 2250 502 inquinata
2261 442 2528 487 esteorum
2543 451 2688 488 mens
2701 444 2748 488 et
2760 434 3388 506 canscientia.Propterea
3405 438 3567 494 etiam

295 536 352 582 et
375 527 637 582 mentium
675 525 1016 592 deceptores,
1052 522 1286 576 maxime
1319 529 1500 576 autem
1539 521 1645 591 qui.
1677 523 1744 577 de
1775 522 1882 576 cir-

292 616 626 672 cumcisione
651 622 776 668 sunt
805 631 819 666 :
846 627 982 681 quos
1010 611 1207 667 multos
1233 620 1288 666 et
1304 627 1410 666 non
1437 612 1702 677 subditos,
1732 612 1882 665 vani-

291 705 485 774 loquos
511 712 566 758 et
589 702 846 759 mentium
867 702 1180 770 deceptores
1199 715 1320 755 cum
1341 701 1427 756 his
1449 701 1539 770 qui
1561 701 1628 754 de
1649 701 1880 755 circum-

290 795 497 850 cisione
528 800 672 859 sunt,
699 799 910 862 Oportet
933 790 1096 862 655
1133 788 1425 855 refrenari;
1467 789 1559 859 qui
1599 789 1881 844 universas

290 885 482 941 domos
505 885 894 947 subvertentes,
913 883 1166 937 docentes
1186 897 1308 952 qua:
1327 896 1436 936 non
1452 887 1682 950 oportet,
1707 879 1880 950 turpis

289 977 424 1032 lucri
461 974 668 1046 gratia;
712 973 920 1045 [talium
958 975 1102 1028 enim
1126 1013 1140 1039 ,
1167 973 1222 1028 id
1267 981 1379 1038 est,
1411 971 1500 1041 qui
1542 971 1714 1040 turpis
1743 970 1880 1025 lucri

288 1068 462 1138 gratia
491 1064 731 1137 docent,]
761 1065 895 1119 dixit
913 1064 1130 1133 quidam
1153 1080 1219 1120 ex
1241 1064 1348 1118 illis
1363 1064 1612 1133 proprius
1639 1064 1877 1132 ipsorum

288 1157 550 1227 propheta
586 1174 599 1209 :
632 1163 691 1209 ut
716 1155 768 1209 id
797 1154 940 1223 quod
967 1153 1043 1207 ait
1075 1172 1088 1207 :
1117 1155 1358 1225 proprius
1395 1169 1574 1208 eorum
1607 1155 1876 1224 propheta,

286 1265 395 1304 non
444 1247 752 1318 specialiter
799 1246 867 1301 ad
912 1243 1154 1311 Judmos,
1186 1253 1252 1306 ,et
1282 1261 1378 1300 eos
1413 1246 1650 1300 maxime
1686 1246 1777 1314 qui
1812 1247 1893 1300 de.

282 1341 699 1399 circumcisione
723 1348 865 1405 sunt,
899 1341 993 1396 sed
1019 1341 1087 1396 ad
1114 1341 1315 1397 multos
1340 1332 1624 1404 referatur,
1653 1347 1746 1410 qui
1771 1355 1877 1394 non

284 1433 486 1488 subditi
535 1438 688 1496 sunt,
739 1438 794 1485 et
836 1430 1108 1500 vaniloqui
1157 1439 1213 1486 et
1260 1432 1520 1486 mentium
1565 1431 1879 1501 deceptores

285 1531 435 1586 sunt,
459 1537 687 1591 quorum
707 1521 894 1589 utique
918 1519 1118 1591 [Hier.,
1136 1521 1227 1591 qui
1249 1520 1477 1592 utique],
1496 1522 1620 1590 quia
1642 1521 1696 1575 in
1717 1519 1877 1576 Crete

282 1623 460 1678 erant,
480 1612 767 1668 Cretenses
787 1625 906 1686 esse
933 1609 1185 1666 credendi
1212 1621 1356 1667 sunt.
1388 1612 1597 1666 Dicitur
1619 1611 1762 1665 enim
1786 1609 1876 1665 ille

280 1702 581 1758 versiculus
619 1702 672 1755 in
710 1701 1041 1780 Epimenidis
1095 1699 1369 1757 Cretensis
1407 1708 1579 1771 poetae
1627 1700 1874 1756 Oraculis

1980 537 2100 591 qum
2115 523 2309 578 munda
2335 532 2462 578 sunt
2479 539 2577 593 per
2595 533 2866 589 naturam,
2887 525 2966 580 eis
2988 525 3259 579 immunda
3285 526 3419 582 ﬁunt
3449 527 3569 600 [per

1980 611 2215 684 culpam]
2233 629 2247 678 ;
2263 628 2370 668 non
2389 615 2530 682 quod
2551 613 2635 668 vel
2659 615 2915 668 mundum
2933 615 3002 670 sit
3021 614 3222 684 aliquid
3235 617 3318 671 vel
3338 617 3569 675 immun-

1979 701 2129 768 dum,
2142 705 2234 759 sed
2257 719 2357 773 pro
2371 707 2633 775 qualitate
2648 707 2998 762 vescentium.
3015 705 3331 778 [Legitimus
3341 710 3495 766 cibus
3514 720 3571 766 et

1980 807 2011 845 a
2033 793 2297 848 catholica
2312 793 2552 850 Ecclesia
2575 797 2826 861 usitatus,
2846 797 3078 852 mundus
3099 805 3183 852 est
3201 799 3444 865 mundis;
3468 800 3569 856 im-

1979 882 2213 959 mundus
2230 883 2612 960 coinquinatis,
2627 901 2855 955 quorum
2878 901 3030 942 mens
3043 895 3097 941 et
3117 889 3446 945 conscientia
3466 892 3568 946 im-

1979 969 2178 1024 munda
2196 978 2281 1025 est
2294 969 2334 1042 :]
2350 972 2468 1026 ideo
2478 972 2720 1028 infideles
2733 977 2974 1044 Quosque
2985 984 3146 1046 atque
3158 977 3390 1046 pollutos
3402 983 3566 1035 etiam

1977 1061 2134 1131 panis
2152 1061 2565 1128 benedictionis,
2579 1071 2636 1118 et
2650 1064 2790 1119 calix
2809 1065 3118 1119 Dominicus
3137 1081 3243 1122 non
3259 1068 3435 1136 juvat,
3450 1067 3569 1140 [sed

1980 1152 2152 1222 magis
2171 1151 2404 1221 pollutos
2427 1152 2601 1226 facit,]
2632 1155 2758 1224 quia
2785 1155 2878 1224 qui
2912 1156 3129 1225 indigne
3172 1157 3466 1212 comederit
3499 1158 3574 1215 de

1977 1255 2116 1310 pane
2145 1240 2257 1306 illo,
2288 1249 2344 1296 et
2375 1242 2443 1296 de
2469 1243 2640 1298 calice
2663 1243 2884 1308 biberit,
2909 1243 3176 1312 judicium
3203 1245 3306 1301 sibi
3337 1246 3568 1300 mandu-

1979 1340 2067 1387 cat
2087 1339 2142 1386 et
2167 1333 2301 1387 bibit
2333 1333 2386 1402 (1
2411 1331 2532 1388 Cor.
2565 1333 2648 1403 ιι).
2680 1333 2738 1387 ln
2765 1333 2920 1388 nobis
2951 1334 3134 1403 itaque
3156 1342 3240 1389 est
3260 1335 3345 1389 vel
3369 1336 3572 1391 munda

1977 1423 2259 1486 comedere
2306 1425 2390 1499 vel
2443 1424 2737 1479 immunda.
2793 1423 2852 1478 Si
2905 1424 3050 1480 enim
3107 1425 3292 1479 mundi
3340 1441 3567 1493 sumus,

1976 1515 2174 1569 munda
2202 1516 2357 1570 nobis
2380 1523 2464 1570 est
2482 1523 2766 1581 creatura;
2797 1516 2843 1570 si
2873 1523 3054 1570 autem
3083 1515 3345 1582 immundi
3367 1524 3424 1570 et
3449 1516 3571 1572 intl-

1975 1604 2142 1671 deles,
2172 1615 2299 1662 sunt
2332 1605 2531 1678 [Hier.,
2564 1605 2721 1678 ﬁunt]
2753 1609 2918 1662 etiam
2955 1606 3110 1660 nobis
3142 1606 3392 1662 universa
3420 1621 3569 1662 com-

1975 1695 2192 1762 munia;
2242 1696 2355 1752 sive
2399 1711 2498 1767 per
2542 1696 2935 1752 inhabitantem
2975 1698 3031 1751 in
3069 1697 3327 1753 cordibus
3365 1699 3570 1754 nostris

281 1792 529 1861 reperiri,
559 1806 720 1860 quem
747 1791 802 1845 in
838 1778 1252 1860 praesemarum
1289 1792 1390 1846 sibi
1428 1790 1636 1863 [Forte,
1666 1790 1762 1862 ibi]
1792 1791 1876 1850 ln-_
1901 1771 1946 1830 Β
1974 1785 2204 1840 haeresin
2225 1826 2239 1851 ,
2284 1786 2398 1842 sive
2437 1800 2536 1856 per
2567 1787 2954 1842 conscientiam
2997 1787 3334 1842 delictorum.
3376 1788 3563 1860 (Vens.

279 1883 413 1937 dens
431 1881 748 1952 prophetam
765 1881 1007 1947 vocavit;
1033 1881 1172 1950 quod
1201 1880 1404 1936 scilicet
1425 1880 1557 1935 tales
1575 1878 1869 1935 Christiani

277 1977 418 2032 tales
445 1983 755 2030 mereantur
783 1974 982 2037 habere
1012 1975 1330 2044 prephetas,
1363 1973 1633 2043 quomodo
1662 1981 1716 2029 et
1743 1989 1870 2042 pro-

279 2066 456 2136 phetze
481 2073 638 2119 erant
665 2064 830 2118 Bahal
857 2063 1031 2136 [Baal]
1063 2063 1140 2136 [et
1177 2064 1440 2120 idolorum
1459 2105 1474 2130 ,
1505 2072 1563 2118 ut
1590 2064 1785 2135 legitur
1814 2065 1867 2118 in

281 2157 486 2226 ltegum
522 2155 719 2228 libris].
758 2157 998 2224 Denique
1035 2157 1150 2225 ipse
1187 2155 1340 2221 liber,
1386 2154 1554 2227 [unde
1579 2155 1868 2223 Apostolus

279 2248 394 2300 lucc
417 2244 582 2318 tulit,]
607 2245 1523 2315 Oraculorum"titulo‘przenOtatur;
1555 2240 1714 2316 quem
1741 2246 1867 2316 quia

279 2337 564 2392 videbatur
604 2337 843 2392 divinum
891 2337 1092 2405 aliquid
1140 2337 1548 2405 repromittere,
1584 2345 1867 2405 propterea

277 2429 590 2498 Apostolum
613 2430 846 2482 arbitror
872 2428 1190 2496 inspexisse,
1219 2435 1279 2480 ut
1307 2428 1516 2480 videret
1540 2427 1668 2497 quid
1695 2419 1869 2496 genti-

279 2521 407 2573 lium
451 2519 710 2574 divinatio
759 2517 1102 2587 polliceretur
1149 2535 1162 2571 :
1201 2525 1256 2571 et
1287 2517 1342 2570 in
1369 2524 1610 2586 tempore
1639 2519 1867 2571 abusum

276 2625 398 2664 esse
423 2607 692 2662 versiculo
718 2607 1042 2678 scribentem
1072 2606 1140 2662 ad
1166 2605 1346 2660 Titum
1367 2646 1382 2667 ,
1416 2607 1506 2674 qui
1528 2598 1660 2660 'erat
1685 2605 1865 2671 Crete,

279 2705 336 2751 ut
358 2697 521 2751 falsos
548 2689 886 2750 Cretensium
912 2695 1160 2750 doctores
1183 2692 1402 2764 proprio
1431 2694 1621 2750 insulae
1647 2702 1890 2762 auctore.

276 2793 582 2841 contereret
605 2783 805 2856 [Hier.,
828 2783 1015 2838 insulse
1035 2783 1255 2838 doctore
1278 2784 1670 2857 convinceret],
1701 2784 1868 2855 [quod

276 2877 523 2933 eumdem
561 2875 875 2946 Apostolum
907 2875 961 2928 in
1003 2875 1124 2930 aliis
1160 2874 1294 2931 locis
1334 2875 1527 2931 fecisse
1561 2876 1865 2939 invenitur;

278 2969 420 3022 sicut
461 2968 514 3021 in
549 2965 774 3020 Actibus
812 2965 1176 3035 apostolorum
1220 2966 1434 3021 titulum
1484 2968 1763 3022 inveniens
1800 2968 1868 3022 de

275 3062 454 3131 ignoto
500 3056 645 3122 Deo,
690 3064 746 3110 et
787 3055 983 3111 exinde
1029 3056 1259 3126 sumpsit
1305 3057 1702 3127 praedicationis
1751 3057 1865 3113 olli-

276 3148 469 3221 cium.]

345 3242 510 3296 Vens.
549 3241 636 3296 15.
660 3271 733 3281 -
758 3240 1154 3308 Testimonium,
1185 3241 1380 3312 inquit,
1407 3259 1581 3297 verum
1611 3251 1723 3308 est;
1760 3258 1866 3297 non

274 3340 446 3386 totum
492 3346 745 3398 carmen,
784 3333 852 3386 de
887 3348 994 3403 quo
1036 3333 1404 3388 testimonium
1445 3342 1716 3404 sumptum
1759 3343 1863 3401 est,

275 3434 384 3472 non
422 3419 733 3474 universum
761 3435 927 3490 opus,
957 3421 1052 3476 sed
1093 3428 1299 3476 tantum
1336 3423 1438 3478 hoc
1477 3423 1861 3478 testimonium.

275 3507 448 3573 Quam
476 3508 538 3562 ob
570 3525 786 3562 causam
829 3510 1042 3581 increpa
1080 3509 1199 3564 illos
1244 3510 1395 3576 dure,
1438 3521 1496 3565 ut
1523 3514 1640 3566 sani
1681 3513 1783 3567 sint
1809 3514 1864 3568 in

271 3597 396 3667 fide.
435 3597 770 3674 (Vsas._M.)
801 3599 928 3654 Non
959 3599 1281 3656 intendentes
1306 3599 1547 3657 Judaicis
1581 3602 1778 3672 fabulis
1815 3611 1863 3656 et

273 3689 536 3744 mandatis
577 3691 845 3744 hominum
886 3707 942 3744 se
989 3693 1341 3752 aversantium
1391 3710 1425 3746 a
1485 3695 1718 3748 veritate.
1772 3693 1864 3748 Ait

271 3779 416 3833 enim
441 3796 453 3831 :
478 3778 700 3849 Increpa
725 3779 844 3836 illos
872 3781 1098 3847 acriter;
1125 3782 1413 3838 mendaces
1435 3783 1632 3852 quippe
1659 3791 1781 3837 sunt
1809 3792 1864 3837 et

1971 1876 2083 1946 16.)
2110 1874 2460 1954 Conﬁtentur,
2492 1878 2686 1948 inquit,
2715 1895 2770 1932 se
2809 1894 2959 1933 nosse
2983 1878 3174 1944 Deum,
3203 1878 3356 1948 {actis
3390 1890 3566 1934 autem

1969 1975 2182 2035 negant,
2213 1983 2332 2019 cum
2360 1966 2464 2021 sint
2489 1967 2777 2021 abominati
2798 1978 2846 2021 et
2867 1967 3215 2034 incredibiles,
3244 1978 3294 2022 et
3320 1969 3389 2024 ad
3415 1986 3568 2024 omne

1968 2070 2097 2123 opus
2123 2055 2314 2108 bonum
2352 2055 2588 2126 reprobi;
2627 2057 2924 2112 secundum
2961 2057 3125 2124 illud,
3154 2059 3299 2128 quod
3335 2059 3389 2114 in
3429 2059 3567 2115 Isaia

1968 2143 2098 2198 dicit
2121 2162 2134 2197 :
2156 2141 2395 2213 Populus
2418 2145 2501 2198 hic
2526 2143 2677 2199 labiis
2700 2162 2781 2199 me
2802 2147 3049 2211 honorat,
3071 2163 3163 2200 cor
3182 2156 3358 2202 autem
3384 2165 3566 2203 eorum

1967 2231 2117 2303 longe
2141 2242 2217 2286 est
2245 2251 2279 2287 a
2306 2251 2386 2288 me
2421 2233 2603 2304 (Isaia:
2645 2251 2771 2288 xxxx
2792 2276 2807 2301 ,
2834 2235 2943 2306 l5).
2987 2235 3266 2303 Quomodo
3292 2238 3460 2309 igitur
3481 2238 3562 2294 la-

1966 2321 2071 2376 biis
2097 2324 2220 2392 quis
2263 2325 2495 2379 honorat
2531 2333 2586 2379 et
2631 2327 2795 2382 corde
2840 2328 3029 2396 procul
3073 2329 3300 2395 recedit,
3340 2331 3415 2385 ita
3443 2332 3568 2400 quis

1966 2413 2134 2466 Deum
2156 2430 2407 2470 sermone
2428 2415 2712 2482 conﬁtens,
2737 2418 2992 2486 operibus
3014 2428 3174 2490 negat
3201 2436 3216 2474 :
3244 2436 3450 2492 negans
3473 2439 3568 2478 au-

1969 2511 2074 2558 tem
2108 2505 2274 2559 Deum
2301 2507 2580 2575 operibus,
2611 2507 2950 2563 confessione
2968 2510 3242 2575 simulata,
3269 2522 3416 2568 recte
3435 2530 3563 2570 exc-

1967 2593 2184 2648 crabilis
2219 2602 2276 2648 et
2315 2595 2574 2664 profanus
2611 2605 2744 2661 est;'
2771 2605 2825 2651 et
2871 2598 3015 2652 nulla
3065 2600 3310 2654 veritatis
3353 2603 3565 2658 ratione

1966 2698 2257 2752 persuasus
2286 2685 2621 2750 inobediens,
2646 2694 2703 2739 et
2727 2687 3038 2742 incredulus
3069 2698 3216 2744 recte
3240 2690 3570 2759 appellatur.-

1971 2773 2103 2845 [Nec
2130 2773 2182 2828 in
2207 2775 2466 2846 martyrio
2491 2783 2673 2830 mente
2710 2784 2998 2844 corruptus
3017 2817 3032 2842 ,
3076 2778 3198 2848 quis
3226 2779 3564 2836 solummodo

1967 2864 2239 2919 Christum
2274 2863 2546 2936 negabit;]
2579 2865 2673 2920 sed
2710 2865 3136 2936 quotiescunque
3172 2868 3442 2938 vincimur
3482 2873 3564 2926 vi-

1970 2953 2060 3008 tiis
2089 2961 2250 3021 atque
2293 2955 2561 3023 peccatis,
2590 2953 2668 3026 [et
2707 2953 2804 3009 Dei
2847 2955 3116 3011 mandatis
3141 2959 3416 3013 contraria
3448 2961 3564 3028 agi-

1969 3043 2112 3115 mus]
2142 3044 2302 3099 toties
2348 3043 2514 3099 Deum
2557 3059 2844 3114 negamus;
2873 3053 2928 3100 et
2955 3059 2986 3099 e
3012 3048 3319 3114 contrario,
3349 3051 3563 3118 quoties

1971 3136 2108 3190 bene
2154 3136 2282 3205 quid
2327 3135 2571 3206 agimus,
2618 3136 2904 3191 Dominum
2948 3137 3269 3193 conﬁtemur
3314 3137 3400 3210 [et
3441 3139 3560 3194 lau-

1969 3223 2204 3296 damus].

2491 3357 2656 3429 653
2689 3355 2916 3414 CAPUT
2952 3355 3017 3414 ιι.

2034 3513 2199 3569 Vens.
2241 3512 2294 3567 1.
2332 3542 2403 3552 —
2443 3511 2523 3566 Tu
2570 3529 2690 3567 vero
2740 3512 2948 3584 loquere
2998 3531 3184 3568 sanam
3234 3513 3554 3568 doctrinam.

1961 3600 2121 3657 Aliud
2143 3607 2226 3656 est
2254 3615 2439 3654 sanam
2469 3599 2770 3653 doctrinam
2799 3600 2966 3667 loqui,
2993 3600 3136 3654 aliud
3173 3614 3236 3653 ea
3264 3617 3383 3670 quas
3407 3617 3556 3657 sana:

1962 3691 2291 3746 conveniunt
2319 3689 2515 3742 docere
2544 3687 2834 3753 doctrinm;
2867 3689 2994 3757 quia
3034 3689 3087 3744 in
3123 3690 3293 3749 altero
3328 3691 3554 3762 simplex

1963 3788 2169 3837 tantum
2206 3776 2469 3830 institutio
2516 3783 2620 3840 est,
2657 3775 2711 3830 in
2741 3777 2910 3833 altero
2947 3794 3067 3833 cum
3103 3796 3165 3835 ea
3205 3795 3326 3850 qua:
3360 3783 3558 3838 doceas

271 3874 428 3929 make
457 3875 644 3929 bestia:
671 3883 726 3929 et
756 3876 961 3929 ventris
987 3876 1156 3944 pigri,
1189 3876 1281 3945 qui
1311 3875 1442 3928 falsa
1469 3877 1732 3939 suadent,
1769 3877 1860 3943 qui
1963 3866 2039 3938 [Η
2044 3869 2164 3930 ἔϐη,
2189 3859 2423 3929 cum'eo,
2448 3867 2590 3934 quod
2613 3856 2822 3936 doces],
2856 3868 2979 3921 vitae
3007 3884 3220 3937 quoque
3252 3873 3550 3938 correctio;

268 3966 508 4021 ferarum
538 3967 644 4019 ritu
674 3967 987 4034 sanguinem
1035 3966 1224 4018 sitiunt
1260 3965 1636 4032 deceptorum;
1669 3974 1725 4020 et
1752 3981 1860 4020 non
1959 3956 2050 4026 qui
2074 3951 2209 4008 enim
2232 3954 2439 4008 solverit
2464 3971 2625 4008 unum
2646 3955 2711 4008 de
2731 3955 2995 4008 mandatis
3014 3958 3263 4021 minimis,
3285 3959 3339 4012 et
3355 3960 3550 4015 docue-

268 4071 395 4111 cum
419 4055 633 4109 silentio
655 4062 940 4123 oper-antes
957 4069 1113 4107 suum
1139 4069 1330 4122 panem
1357 4056 1704 4122 manducam,
1731 4073 1861 4128 quo-
1960 4048 2028 4101 rit
2055 4047 2129 4101 sic
2157 4047 2410 4112 homines,
2441 4047 2686 4101 minimus
2719 4047 2986 4101 vocabitur
3016 4049 3071 4102 in
3105 4065 3262 4120 regno
3303 4049 3549 4105 caelorum

269 4161 389 4201 rum
415 4145 556 4198 Deus
586 4152 758 4198 venter
780 4152 891 4209 est,
929 4151 977 4196 et
1007 4143 1179 4213 gloria
1217 4145 1273 4198 in
1315 4145 1617 4215 confusione
1654 4163 1855 4200 eorum.

1972 4139 2176 4210 :Matth.
2205 4155 2260 4204 v,
2286 4138 2394 4208 l9).
2425 4138 2566 4211 [Erit
2593 4148 2771 4194 autem
2811 4139 3002 4194 doctor
3034 4140 3124 4209 qui
3163 4141 3327 4196 verbo
3368 4141 3548 4206 docet,

270 4236 381 4294 llos
411 4236 547 4290 tales
573 4236 811 4305 increpa,
845 4243 900 4287 ut
928 4236 1045 4290 sani
1078 4235 1179 4289 sint
1216 4236 1269 4289 in
1301 4235 1406 4304 ﬁde
1437 4251 1455 4287 :
1487 4237 1553 4292 de
1589 4253 1693 4307 qua
1734 4237 1858 4292 ﬁdei
1959 4238 2014 4285 et
2039 4245 2202 4300 opere
2227 4230 2455 4284 destruit
2477 4246 2596 4299 qua:
2621 4231 2797 4294 docet,
2825 4230 2918 4285 sed
2941 4231 3196 4285 minimus
3221 4249 3233 4284 :
3261 4232 3348 4302 qui
3375 4241 3548 4286 autem

270 4328 504 4384 sanitate
544 4327 599 4380 in
640 4328 1092 4397 consequentibus
1130 4329 1398 4397 loquitur;
1448 4345 1604 4385 senes
1651 4332 1858 4387 sobrios

1972 4322 2138 4377 Fecerit
2166 4333 2214 4376 et
2239 4322 2474 4376 docuerit
2516 4321 2590 4375 sic
2629 4321 2895 4385 homines,
2934 4337 3156 4391 magnus
3193 4323 3461 4376 vocabitur
3496 4323 3551 4378 in

267 4433 412 4482 esse,
439 4417 721 4482 honestos,
748 4417 1000 4484 pudicos,
1026 4433 1185 4473 sanos
1210 4419 1262 4472 in
1291 4417 1394 4474 ﬁde
1423 4427 1477 4474 et
1509 4420 1774 4487 charitate
1801 4430 1856 4476 et
1889 4462 1936 4487 η
1960 4431 2116 4484 regno
2142 4415 2386 4469 caelorum
2407 4455 2420 4479 ,
2455 4413 2581 4482 quia
2628 4428 2790 4482 opere
2821 4412 3006 4481 implet
3037 4413 3182 4482 quod
3215 4429 3312 4468 ore
3341 4414 3547 4485 docet.]

267 4506 560 4577 patientia;
611 4504 699 4577 [de
747 4521 850 4574 qua
887 4507 1119 4561 sanitate
1155 4506 1276 4561 ﬁdei
1310 4516 1366 4562 et
1410 4509 1475 4562 ad
1516 4509 1855 4565 Timotheum
1887 4493 1935 4520 ν
1961 4503 2072 4559 Hoc
2098 4505 2240 4558 enim
2271 4520 2410 4583 nunc
2435 4503 2728 4573 Apostolus
2749 4493 2930 4556 Titum
2960 4503 3127 4558 (ilium
3155 4504 3206 4558 in
3246 4505 3464 4560 Christo
3491 4515 3549 4561 et

269 4597 459 4652 scribit
486 4595 526 4668 :]
560 4594 620 4650 Si
643 4597 759 4666 quis
787 4595 939 4649 aliter
967 4595 1114 4649 docet
1161 4607 1209 4651 et
1246 4615 1349 4651 non
1385 4600 1660 4669 acquiescit
1703 4617 1857 4656 sanos
1959 4596 2277 4665 discipulum
2307 4595 2494 4658 docet,
2525 4602 2585 4648 ut
2625 4609 2688 4648 ea
2718 4595 2970 4664 loquatur
3001 4611 3120 4664 qua:
3159 4611 3302 4651 same
3339 4613 3542 4652 conve-

268 4703 532 4742 sermones
563 4685 712 4758 [Leg.
743 4687 886 4741 sanis
916 4688 1259 4760 sermonibus]
1290 4689 1502 4744 Domini
1537 4693 1698 4745 nostri
1729 4692 1859 4748 Iesu
1960 4689 2114 4742 niunt
2138 4687 2423 4750 doctrinm;
2453 4687 2579 4754 quia
2609 4695 2738 4742 tunc
2761 4687 3004 4741 dOCll'ina
3042 4695 3126 4741 Θεῐ
3151 4689 3354 4744 sanitas
3375 4730 3389 4753 ν
3421 4705 3545 4744 cum

271 4778 465 4832 Christi
493 4776 544 4850 (1
569 4776 702 4832 Tim.
726 4793 802 4842 vr,
825 4777 899 4848 ὅ).
927 4775 1125 4849 [Sanos
1147 4767 1424 4833 sermones
1443 4772 1621 4844 vocat,
1645 4789 1699 4836 et
1719 4784 1859 4850 quod
1960 4777 2197 4832 doctoris
2225 4775 2468 4830 doctrina
2493 4777 2696 4846 pariter
2723 4786 2779 4831 et
2810 4778 2919 4831 vita
2957 4779 3314 4832 consentiunt.
3356 4779 3543 4850 (Vsus.

269 4867 682 4922 observantibus
709 4883 801 4922 eos
826 4867 1031 4922 sanitas
1074 4877 1328 4936 operetur
1368 4869 1421 4921 in
1465 4868 1590 4940 cis.]
1636 4870 1756 4924 Non
1781 4873 1862 4925 in—
1960 4867 2038 4936 2.)
2063 4865 2223 4920 Senes
2251 4865 2602 4932 sobrios‘esse,
2622 4867 2884 4933 honestos,
2911 4866 3152 4937 pudicos,
3180 4884 3335 4921 sanos
3363 4869 3419 4922 in
3440 4870 3552 4936 [ide

269 4959 534 5014 tendentes
561 4959 799 5014 Judaicis
829 4959 1020 5030 fabulis
1049 4968 1098 5014 et
1125 4960 1388 5014 mandatis
1425 4961 1695 5014 hominum
1724 4980 1868 5016 aver-
1967 4968 2016 5012 et
2043 4959 2294 5012 charitate
2319 4967 2367 5011 et
2393 4957 2662 5027 patientia.
2689 4957 2841 5013 Nunc
2863 4973 2990 5013 vero
3024 4973 3123 5028 per
3149 4958 3386 5038 singulas
3409 4968 3543 5033 teta-

267 5052 499 5106 santium
532 5050 822 5116 veritatem,
853 5051 943 5123 [de
965 5051 1158 5121 quibus
1183 5051 1249 5105 ad
1275 5050 1496 5106 Galatas
1517 5060 1573 5106 et
1592 5053 1864 5108 Romanos
1965 5056 2047 5102 tes
2069 5056 2124 5103 et
2155 5062 2412 5117 personas
2445 5047 2523 5102 sic
2560 5048 2813 5102 decenter
2839 5056 3108 5117 praecepta
3150 5049 3450 5115 constituit,
3485 5060 3546 5105 ut

267 5142 580 5212 plenissime
606 5142 931 5211 disputatur,
963 5144 1054 5211 qui
1092 5143 1354 5213 putabant
1390 5143 1531 5196 inter
1568 5143 1716 5197 cibos
1742 5158 1864 5198 esse
1964 5153 2141 5193 sermo
2165 5139 2280 5208 ejus
2304 5138 2430 5192 vita:
2461 5152 2672 5192 morum
2705 5138 2776 5192 sit
2816 5139 3016 5208 regula.
3063 5138 3234 5193 Senes
3271 5138 3434 5210 igitur
3464 5157 3547 5194 so-

267 5235 603 5297 distantiam,
629 5247 753 5286 cum
779 5232 944 5298 aliqui
978 5234 1183 5299 mundi,
1221 5234 1385 5304 aliqui
1418 5235 1726 5289 viderentur
1752 5234 1852 5288 im-

269 5325 478 5381 mundi.
516 5323 807 5391 Propterea
847 5337 990 5375 nunc
1022 5322 1183 5376 infert
1215 5323 1253 5396 :]
1289 5325 1474 5396 (Vsus.
1533 5324 1620 5395 15)
1662 5324 1851 5380 Omnia

269 5414 471 5468 munda
495 5412 736 5476 mundis;
764 5412 849 5466 bis
872 5410 1119 5464 videlicet
1147 5413 1238 5478 qui
1277 5415 1330 5467 in
1365 5415 1580 5470 Christo
1607 5414 1855 5480 credunt,

270 5518 329 5560 ct
353 5505 532 5560 sciunt
557 5517 769 5558 omnem
797 5511 1103 5557 creaturam
1134 5505 1328 5558 bonam
1355 5503 1494 5572 esse,
1523 5515 1576 5561 et
1603 5507 1735 5561 nihil
1765 5507 1858 5560 ab-

266 5594 566 5663 jiciendum
609 5595 750 5663 quod
796 5609 917 5648 cum
959 5593 1254 5664 gratiarum
1295 5595 1504 5649 actione
1546 5596 1855 5665 percipitur.

278 5685 638 5758 Coinquinatis
663 5694 833 5740 autem
857 5696 901 5740 et
923 5685 1201 5742 immundis
1229 5683 1354 5739 nihil
1378 5694 1451 5740 est
1474 5687 1747 5756 mundum,
1772 5685 1859 5740 sed

1963 5228 2124 5293 brios,
2156 5228 2231 5300 [in
2257 5229 2410 5283 bonis
2430 5227 2727 5298 moribus;]
2748 5229 3008 5293 honestos,
3037 5236 3094 5283 ut
3115 5229 3292 5284 aetatis
3315 5230 3543 5300 gratiam

1965 5316 2164 5389 [Ilier.,
2191 5303 2533 5388 gravitatem]
2577 5333 2786 5371 morum
2825 5319 3062 5387 gravitas
3099 5320 3337 5375 decoret.
3380 5318 3550 5374 Pudi-

1960 5427 2079 5474 cos,
2111 5425 2179 5465 ne
2212 5410 2264 5463 in
2309 5410 2481 5463 aliena
2518 5417 2675 5462 aetate
2711 5407 3010 5474 luxurient,
3042 5427 3109 5466 ne
3129 5409 3245 5479 jam
3281 5413 3474 5482 frigido
3511 5427 3542 5466 a

1960 5500 2181 5555 libidine
2220 5499 2479 5570 sanguine
2523 5499 2826 5568 exemplum
2872 5500 2979 5555 sint
3013 5502 3440 5559 adolescentibus
3476 5503 3542 5556 ad

1965 5591 2194 5646 ruinam.
2230 5590 2400 5644 Sanos
2429 5590 2484 5643 in
2510 5589 2646 5658 fide;
2676 5605 2779 5644 non
2810 5599 3014 5645 tantum
3049 5593 3102 5648 in
3124 5592 3270 5659 ﬁde,
3295 5592 3459 5648 etiam
3486 5591 3538 5645 in

1964 5682 2224 5740 charitate
2256 5689 2308 5740 ct
2332 5681 2586 5752 patientia
2625 5679 2700 5754 [et
2731 5682 2891 5737 omni
2916 5676 3110 5754 genere
3148 5681 3454 5754 virtutum],
3477 5691 3539 5737 ut
