3992 6184
469 359 609 414 1619

1253 347 1315 402 Β.
1356 346 1416 401 F.
1457 345 1683 401 ALBINI
1721 342 1853 399 SEU
1893 339 2166 395 ALCUINI
2201 339 2486 396 OPERUM
2524 341 2704 396 PARS
2743 341 2805 395 ll.

3594 345 3738 398 {0'20

471 485 592 524 cum
633 467 858 536 primam
901 460 1024 514 ﬁdei
1073 457 1359 513 habuerint
1405 457 1728 518 sanitatem,
1765 452 1982 506 audiant
2019 464 2050 502 a
2083 455 2126 507 Α
2154 448 2249 504 Dei
2273 449 2456 505 oculos
2484 459 2538 504 et
2571 460 2883 505 sanctorum
2910 450 3222 520 angelorum
3260 466 3542 522 peragere.
3572 453 3744 513 Filios

473 535 752 615 Salvatore
780 571 794 608 :
831 551 991 606 Fides
1029 559 1121 603 tua
1148 559 1196 602 te
1227 549 1430 602 saluum
1469 546 1586 615 fecit
1625 535 1816 616 (Marc.
1851 558 1908 606 κ,
1934 540 2046 610 52).

473 647 570 719 [De
605 644 763 713 hujus
792 640 915 696 ﬁdei
954 637 1262 708 integritate
1289 635 1500 705 plenius
1540 649 1664 689 cum
1702 629 1962 700 exemplis
1995 629 2050 719 in

472 713 707 804 Epistola
735 730 802 784 ad
824 729 1077 784 llebrteos
1097 727 1236 780 idem
1259 725 1447 778 beatus
1472 721 1743 792 apostolus
1769 713 2049 788 disputat.)

471 822 752 893 Quomodo
790 822 953 889 igitur
979 825 1061 872 est
1093 816 1217 871 ﬁdei
1248 817 1472 879 sanitas,
1504 814 1576 867 ita
1606 821 1658 867 et
1686 811 1872 867 eadem
1907 808 2053 863 sani-

470 928 556 970 tas
597 915 650 967 in
692 911 961 967 charitate
993 916 1095 964 est.
1127 907 1259 973 Quis
1285 914 1463 960 autem
1503 904 1786 958 sanitatem
1815 899 2054 972 possidet

472 1001 785 1066 cbaritatis,
828 999 934 1054 nisi
978 997 1067 1052 ille
1113 997 1205 1066 qui
1237 997 1470 1065 primum
1508 993 1675 1047 Deum
1715 991 1963 1046 dilexerit
1986 1004 2054 1044 ex

474 1102 584 1148 tota
611 1093 791 1146 anima
819 1105 938 1154 sua,
960 1097 1014 1144 et
1037 1103 1104 1142 ex
1131 1095 1244 1142 toto
1267 1087 1429 1141 corde
1454 1101 1573 1150 suo,
1599 1091 1655 1140 et
1678 1099 1745 1138 ex
1774 1083 1903 1137 totis
1925 1082 2054 1136 viri-

472 1188 574 1240 bus
599 1184 734 1247 suis,
755 1181 947 1237 dcinde
970 1179 1170 1234 Christi
1194 1186 1516 1246 praeceptum
1543 1176 1766 1230 audiens
1791 1174 1843 1227 in
1872 1172 2055 1241 proxi-

473 1286 618 1326 mum
651 1269 1000 1336 compleverit
1022 1267 1339 1320 charitatem
1369 1262 1568 1334 [Hier.,
1602 1261 1847 1321 diviserit
1871 1261 2052 1315 chari-

473 1360 697 1432 tatem]?
727 1359 862 1425 Quia
891 1359 944 1411 in
975 1358 1060 1411 his
1087 1356 1293 1410 duobus
1319 1354 1586 1408 mandatis
1609 1361 1719 1408 tota
1749 1352 1834 1406 lex
1860 1351 2057 1420 pendet

471 1458 525 1504 et
555 1449 848 1519 propheta,
879 1446 1177 1518 [plenitudo
1197 1459 1326 1500 vero
1348 1445 1482 1514 legis
1505 1444 1744 1499 charitas
1771 1439 1899 1512 est,]
1930 1439 2054 1508 quia

471 1540 564 1609 qui
594 1553 758 1593 sanus
781 1546 866 1591 est
892 1537 946 1590 in
969 1536 1073 1590 ﬁde
1098 1543 1154 1589 et
1175 1535 1457 1599 charitate,
1485 1549 1650 1590 sanus
1667 1547 1881 1602 quoque
1908 1531 1979 1586 sit
2001 1530 2056 1584 in

470 1629 726 1700 patientia
746 1668 761 1692 ,
790 1642 910 1697 quae
947 1626 1179 1680 maxime
1220 1625 1272 1678 in
1312 1624 1700 1678 tentationihus
1731 1621 2054 1691 comproba-

472 1729 578 1772 tur.
611 1718 796 1785 (Vens.
837 1715 916 1785 5.)
955 1715 1099 1768 Anus
1145 1713 1382 1768 similiter
1415 1713 1471 1768 in
1493 1713 1673 1766 habitu
1701 1721 1882 1766 sancto
1903 1751 1919 1774 ,
1949 1725 2054 1763 non

470 1805 864 1867 criminatrices,
882 1821 985 1858 non
1006 1804 1121 1857 vino
1143 1801 1306 1856 multo
1326 1803 1598 1856 servientes
1612 1816 1629 1854 :
1645 1801 1768 1854 bene
1789 1799 2046 1861 docentes,
2079 1779 2127 1837 Β

471 1905 530 1948 ut
572 1894 900 1964 prudentiam
945 1893 1185 1947 doceant.
1236 1891 1472 1946 Tametsi
1535 1890 1811 1960 apostolus
1860 1889 2053 1944 Petrus

469 1985 788 2058 prteceperit
814 1991 874 2038 ut
896 1983 998 2038 viri
1035 1983 1296 2039 uxoribus
1331 1985 1444 2038 suis
1478 1991 1732 2051 tanquam
1769 1980 2052 2034 inﬁrmiori

470 2075 690 2130 vasculo
727 2077 985 2129 honorem
1028 2074 1294 2137 tribuant,
1327 2088 1433 2126 non
1468 2081 1645 2126 tamen
1683 2069 2055 2124 arbitrantium

472 2171 557 2217 est
582 2162 725 2230 quod
759 2177 917 2226 uxor,
944 2177 1064 2230 qua:
1103 2161 1347 2228 corporis
1386 2160 1661 2214 vasculum
1701 2158 1864 2212 habet
1901 2157 2054 2211 inﬁr-

472 2268 653 2317 mum,
684 2253 863 2307 statim
899 2260 954 2307 et
990 2252 1170 2305 anima
1212 2248 1478 2304 inﬁrmior
1510 2250 1600 2304 sit.
1636 2248 1786 2303 Unde
1823 2255 1876 2302 et
1915 2262 2058 2302 nunc

471 2347 782 2418 pracipitur
807 2348 905 2412 eis,
931 2356 990 2400 ut
1019 2347 1072 2400 in
1092 2346 1221 2414 ipsis
1251 2359 1462 2414 quoque
1487 2343 1615 2398 illud
1636 2341 1875 2412 Apostoli
1903 2357 2052 2396 com-

472 2439 712 2508 pleatur:
736 2435 915 2492 Virtus
935 2454 990 2492 tn
1007 2437 1311 2507 infirmitate
1330 2436 1598 2505 perﬁcitur
1617 2434 1704 2506 (11
1725 2433 1847 2488 Cor.
1863 2449 1960 2497 xu,
1974 2433 2052 2502 9).

475 2531 649 2604 [Quod
677 2545 802 2585 vero
827 2533 940 2585 ait:
965 2532 1110 2584 Anus
1129 2529 1388 2594 similiter,
1417 2537 1546 2595 etc.,
1573 2529 1759 2583 eadem
1787 2535 2056 2598 praecepta

471 2622 586 2677 vult
626 2623 745 2676 illas
783 2622 1070 2676 observare
1105 2635 1224 2690 quae
1261 2619 1511 2689 superius
1541 2619 1760 2673 senibus
1787 2618 1920 2671 viris
1947 2624 2057 2671 sta-

472 2712 619 2782 tuit,]
650 2715 702 2769 id
730 2721 834 2779 est,
858 2720 918 2766 ut
942 2713 1134 2768 sobriae
1161 2713 1290 2777 sint,
1313 2711 1572 2774 honestaa,
1596 2723 1739 2764 same
1768 2709 1822 2761 in
1855 2707 1980 2772 ﬁde,
2003 2715 2059 2762 et

471 2805 738 2862 charitate
767 2811 822 2859 et
847 2804 1139 2874 patientia;
1173 2811 1228 2857 et
1251 2817 1350 2871 pro
1385 2815 1517 2855 seru
1551 2814 1649 2854 suo
1684 2800 1787 2854 hoc
1821 2799 2057 2854 habeant

469 2896 768 2968 proprium,
791 2903 851 2949 ut
878 2896 985 2949 sint
1005 2895 1060 2948 in
1081 2892 1259 2946 habitu
1284 2902 1482 2946 sancto.
1509 2891 1631 2944 Non
1657 2889 2055 2953 criminatrices,

469 3001 575 3040 non
608 2987 772 3047 tales,
799 2993 860 3038 ut
897 2984 1019 3037 aliis
1060 2981 1336 3051 placeant,
1369 2981 1435 3035 de
1473 2980 1592 3034 aliis
1628 2978 1935 3033 detrahant.
1974 2975 2056 3048 [Si

471 3089 633 3142 quam
657 3072 1066 3142 juvencularum
1087 3071 1305 3125 videant
1328 3069 1544 3140 indigne
1566 3067 1786 3138 facere]
1812 3083 1917 3122 non
1945 3076 2053 3121 tam

471 3163 610 3230 apud
638 3169 864 3216 caeteros
889 3162 1046 3215 debet
1066 3175 1339 3223 accusare,
1364 3174 1526 3229 quam
1553 3159 1723 3227 ipsam
1747 3160 1800 3212 in
1822 3167 2050 3223 secreto,

471 3253 671 3308 Christi
699 3248 995 3317 charilate,
1029 3253 1332 3321 corripere;
1370 3258 1424 3305 et
1462 3250 1634 3320 magis
1665 3250 1858 3304 docere
1886 3264 1953 3303 ne
1979 3248 2056 3302 fa-

472 3343 615 3406 ciat,
661 3357 820 3411 quam
865 3342 919 3395 in
965 3341 1179 3410 publico
1218 3355 1473 3395 accusare
1513 3339 1653 3408 quod
1692 3337 1900 3392 fecerit.
1934 3337 2055 3392 Non

469 3433 587 3484 vino
629 3429 793 3484 multo
839 3431 1133 3484 seruientes.
1174 3429 1219 3481 A
1257 3429 1366 3481 vini
1408 3442 1537 3481 vero
1575 3429 1741 3481 nimio
1766 3438 1894 3496 potu
1921 3443 2056 3482 anus

469 3524 856 3593 prohibentur;
893 3521 1020 3591 quia
1064 3521 1206 3589 quod
1251 3518 1427 3590 [Cod.,
1468 3518 1758 3590 quotquot]
1793 3520 1848 3573 in
1877 3520 2056 3574 adole-

470 3612 747 3669 scentibus
776 3611 972 3672 libido,
1005 3612 1109 3665 hoc
1151 3610 1206 3663 in
1234 3609 1387 3663 senili
1424 3616 1582 3663 aetate
1611 3609 1845 3664 ebrietas
1868 3625 2057 3680 perpe-

471 3713 580 3758 trat
597 3703 795 3775 [Hier.,
811 3704 915 3757 hoc
935 3704 988 3755 in
1011 3701 1230 3755 senibus
1251 3701 1484 3755 ebrietas
1503 3699 1630 3771 est].
1656 3699 1779 3755 Ideo
1801 3715 2054 3770 expresse

472 3792 622 3854 dicit,
657 3807 760 3844 non
795 3791 911 3843 uino
947 3788 1109 3842 multo
1137 3790 1443 3851 servientes;
1474 3789 1708 3844 servitus
1734 3791 1878 3844 enim
1905 3806 2052 3858 qua:-

473 3882 597 3935 dam
619 3888 704 3936 est
727 3889 780 3935 et
802 3888 1043 3934 extrema
1069 3880 1325 3944 conditio,
1348 3881 1474 3934 vino
1502 3896 1694 3936 sensus
1715 3882 1946 3936 hominis
1965 3899 2056 3944 oc-

473 3986 672 4042 cupare
701 3971 902 4044 [Hier.,
943 3969 1251 4042 occupari];
1285 3985 1392 4024 non
1421 3985 1576 4026 suum
1603 3985 1750 4036 esse,
1791 3972 1883 4026 sed
1920 3972 2050 4026 vini.

474 4062 692 4118 Talibus
736 4069 1130 4131 consequenter
1175 4062 1436 4117 doctrinis
1484 4063 1564 4118 eis
1616 4062 1768 4118 frena
1814 4064 2055 4118 immittit

475 4150 678 4223 [Hier.,
711 4151 970 4206 doctrinae
997 4151 1076 4205 eis
1113 4149 1264 4205 frena
1304 4149 1627 4221 permittit],
1672 4161 1732 4206 ut
1759 4168 1881 4207 cum
1921 4153 2054 4208 tales

473 4243 704 4302 fuerint,
735 4241 957 4296 docendi
996 4241 1229 4294 habeant
1261 4240 1593 4306 libertatem,
1623 4250 1682 4296 ut
1719 4243 1924 4297 scilicet
1962 4245 2054 4299 do-

473 4341 629 4388 ceant
669 4347 732 4386 ea
771 4346 890 4400 quae
925 4331 1066 4386 bona
1091 4340 1235 4386 sunt.
1274 4329 1426 4386 Licet
1451 4331 1596 4387 enim
1633 4333 1738 4388 alio
1762 4333 1880 4388 loco
1905 4336 2053 4390 dixe-

475 4425 588 4478 rit:
631 4422 829 4477 Docere
865 4431 1040 4476 autem
1078 4421 1383 4477 mulieribus
1413 4439 1518 4476 non
1553 4422 1792 4493 permitto
1831 4423 1882 4495 (Ι
1916 4423 2048 4478 Tim.
2085 4437 2132 4497 ι)

474 4530 540 4577 ιι,
577 4513 694 4582 l2);
745 4511 826 4566 sic
863 4511 1266 4580 intelligendum
1299 4519 1406 4576 est,
1457 4520 1518 4566 ut
1559 4513 1614 4568 in
1656 4513 1802 4568 viros
1846 4512 1950 4568 illis
1983 4514 2054 4568 sit

471 4602 720 4657 doctrina
759 4601 970 4656 sublata
1004 4619 1016 4653 :
1049 4610 1304 4655 ueterum
1343 4601 1766 4657 adolescentulas
1805 4603 2051 4668 doceant,

468 4690 630 4760 quasi
658 4689 795 4744 tilias
827 4704 982 4754 suas,
1008 4689 1242 4757 primum
1271 4691 1602 4756 castitatem;
1643 4693 1770 4762 quia
1798 4693 2056 4749 adversus

472 4782 617 4835 hanc
642 4779 815 4849 magis
839 4778 896 4832 in
922 4786 1081 4834 aetate
1109 4778 1318 4834 ﬂorenti
1346 4788 1547 4851 pugnat
1574 4781 1842 4847 inimicus,
1869 4791 1924 4837 et
1944 4784 2054 4837 vir-

469 4879 564 4925 tus
592 4867 707 4936 ejus
726 4875 916 4923 contra
945 4867 1174 4923 feminas
1201 4869 1253 4923 in
1280 4869 1532 4924 umbilico
1560 4871 1764 4926 ventris
1790 4879 1892 4925 est.

548 4958 712 5012 Vsus.
751 4956 807 5022 4,
845 4957 900 5012 5.
920 4987 992 4997 -
1015 4957 1441 5012 Adolescentulas
1466 4957 1645 5031 [Cod.,
1676 4959 2054 5014 Adulescentu-

475 5050 557 5104 las
590 5057 638 5102 et
675 5047 1186 5120 odhulescentulas],
1213 5058 1269 5103 ut
1303 5049 1441 5104 uiros
1481 5066 1602 5104 suos
1641 5049 1882 5120 diligant,
1918 5051 2054 5120 ﬁlios

472 5148 673 5196 ament.
707 5137 1026 5204 Prudentes,
1053 5139 1284 5205 sobrias,
1314 5150 1485 5195 castas
1503 5180 1517 5205 ,
1548 5141 1732 5194 domus
1761 5157 1941 5194 curam
1968 5143 2060 5196 ha-

479 5230 685 5294 bentes,
716 5230 959 5301 benignas
977 5269 992 5294 ,
1021 5229 1255 5284 subditas
1282 5231 1406 5286 viris
1428 5231 1565 5298 suis,
1594 5240 1651 5285 ut
1681 5249 1782 5287 non
1817 5231 2055 5304 blasphe-

483 5329 655 5375 metur
682 5320 889 5375 verbum
910 5320 1025 5374 Dei.
1055 5320 1226 5393 [Anus
1253 5336 1380 5376 vero
1405 5323 1517 5378 vult
1553 5324 1840 5379 admonere
1874 5324 2055 5379 adole-

479 5411 755 5466 scentulas
797 5418 857 5465 ut
896 5411 1120 5481 diligant
1164 5411 1309 5467 viros
1353 5427 1510 5477 suos,
1561 5429 1668 5469 non
1714 5415 1768 5469 in
1811 5415 2058 5484 passione

481 5496 736 5554 desiderii
766 5501 1018 5566 carnalis,
1046 5503 1138 5557 sed
1164 5503 1218 5556 in
1240 5503 1440 5558 Christi
1467 5501 1774 5574 charitate].
1813 5503 1940 5557 Vult
1964 5518 2059 5558 eas

481 5603 671 5645 amare
707 5593 852 5648 viros
886 5608 1011 5649 suos
1039 5602 1212 5659 caste,
1243 5603 1302 5649 ut
1328 5595 1470 5650 inter
1491 5596 1667 5652 virum
1693 5602 1748 5650 ct
1776 5595 2056 5648 mulierem

483 5686 636 5737 casta
665 5680 734 5737 sit
759 5681 994 5750 dilectio,
1025 5691 1080 5740 et
1101 5699 1263 5754 opera
1287 5684 1580 5744 liberorum
1601 5700 1659 5741 se
1686 5683 1907 5740 credant
1935 5692 2056 5738 ante

2149 549 2326 594 autem
2342 542 2415 595 ita
2436 541 2678 610 diligant,
2695 542 2741 595 si
2753 556 2847 596 eos
2857 542 3108 596 erudiant
3125 542 3179 596 in
3196 540 3292 595 Dei
3305 539 3608 612 disciplina.
3623 546 3748 603 Ca.

2149 639 2324 685 terum
2349 631 2487 686 nolle
2508 647 2602 686 eos
2623 633 2968 698 contristare,
2995 631 3156 703 657
3190 632 3434 688 docendo
3451 650 3570 704 quae
3591 637 3744 694 bona

2151 730 2307 787 sunt;
2339 730 2394 775 et
2421 722 2725 776 libertatem
2757 723 2996 777 tribuere
3023 722 3282 792 peccandi
3316 739 3421 778 non
3445 733 3525 780 est
3543 742 3747 783 amare

2152 811 2310 876 ﬁlios,
2340 812 2434 866 sed
2460 812 2658 867 odisse.
2691 811 3042 883 [Erudiantur
3063 826 3300 880 quoque,
3334 821 3394 866 ut
3429 815 3645 879 domus;
3676 817 3746 871 id

2151 908 2255 964 est,
2295 915 2573 956 servorum
2601 912 2657 956 et
2687 901 3003 956 ancillarum
3041 901 3278 956 habeant
3313 901 3366 956 in
3411 902 3749 973 benignitate

2152 992 2384 1064 curam.)
2413 993 2653 1058 Addidit,
2694 993 2962 1064 benignas,
2990 990 3082 1064 [ne
3119 994 3437 1047 austeritate
3463 1004 3747 1063 regeretur

2155 1081 2402 1150 familia.)
2423 1081 2662 1148 Addidit,
2693 1090 2750 1137 et
2776 1082 3010 1136 subditas
3035 1080 3157 1154 viris
3176 1081 3308 1145 suis,
3332 1097 3401 1136 ne
3431 1079 3569 1136 forte
3597 1083 3740 1138 divi-

2155 1171 2244 1224 tiis
2272 1179 2328 1224 et
2358 1171 2632 1226 nobilitate
2679 1169 2915 1240 perﬁatze
2960 1170 3056 1225 Dei
3095 1171 3378 1226 sententiae
3414 1186 3521 1225 non
3549 1174 3746 1228 memi-

2157 1263 2362 1327 nerint,
2410 1276 2506 1332 per
2551 1279 2713 1332 quam
2762 1264 3016 1333 subjectae
3051 1271 3179 1318 sunt
3224 1263 3377 1318 viris.
3420 1264 3509 1318 Ait
3541 1265 3746 1334 quippe

2157 1352 2298 1407 Deus
2327 1353 2395 1407 ad
2423 1353 2703 1408 mulierem
2735 1371 2748 1405 :
2778 1353 2857 1406 Ad
2898 1353 3065 1407 virum
3097 1363 3247 1406 tuum
3290 1355 3388 1407 erit
3417 1355 3743 1408 conversatio

2157 1443 2333 1514 [Leg.,
2357 1442 2643 1514 conversio]
2676 1453 2802 1508 tua;
2838 1451 2886 1496 et
2921 1443 3029 1511 ipse
3073 1442 3150 1496 tui
3186 1442 3540 1496 dominabitur
3578 1441 3744 1512 (Gen.

2157 1548 2241 1598 ιιι,
2279 1531 2386 1596 16).
2416 1534 2620 1589 Dicitur
2647 1533 2788 1588 enim
2823 1547 2838 1586 :
2873 1531 2989 1587 Non
3030 1540 3114 1587 est
3147 1541 3361 1587 creatus
3393 1534 3476 1587 vir
3519 1544 3746 1603 propter

2157 1624 2467 1689 mulierem,
2510 1624 2604 1679 sed
2634 1623 2826 1678 mulier
2850 1631 3068 1693 propter
3095 1622 3294 1676 virum.
3324 1622 3393 1676 Et
3428 1638 3550 1677 cum
3578 1634 3747 1693 caput

2157 1717 2398 1771 mulieris
2418 1716 2502 1770 vir
2529 1717 2628 1779 sit,
2665 1722 2826 1783 caput
2850 1721 3033 1768 autem
3058 1715 3159 1767 viri
3185 1712 3450 1778 Christus,
3487 1728 3746 1781 quaecun-

2155 1821 2262 1874 que
2289 1821 2426 1860 uxor
2460 1821 2564 1860 non
2592 1803 2876 1873 subjicitur
2911 1805 3029 1858 viro
3067 1801 3265 1874 [Hier.,
3295 1803 3410 1857 viro
3432 1800 3556 1874 suo]
3587 1802 3745 1874 [reli-

2154 1896 2304 1965 gioso
2332 1905 2389 1950 et
2413 1896 2580 1950 Deum
2604 1893 2858 1966 timenti],
2889 1895 2994 1950 hoc
3019 1903 3134 1960 est,
3162 1894 3324 1964 capiti
3344 1909 3473 1961 suo,
3499 1895 3746 1964 ejusdem

2155 1985 2398 2040 criminis
2426 1999 2518 2040 rea
2548 1994 2652 2050 est,
2677 1983 2831 2052 cujus
2851 1991 2906 2039 et
2926 1984 3011 2038 vir
3035 1984 3212 2038 sinon
3239 1982 3556 2052 subjiciatur
3585 1982 3749 2040 Chri-

2155 2085 2240 2131 sto
2262 2076 2424 2145 capiti
2446 2090 2563 2129 suo.
2594 2075 2675 2128 Ne
2698 2074 2905 2128 verbum
2926 2074 3027 2127 mei
3055 2071 3472 2143 blaspltemetur;
3499 2075 3585 2128 vel
3617 2075 3746 2129 dum

2156 2166 2517 2221 contemnitur
2545 2164 2639 2219 Dei
2667 2165 2840 2234 prima
2877 2165 3141 2219 sententia
3179 2172 3235 2218 et
3271 2180 3369 2234 pro
3396 2165 3567 2219 nihilo
3597 2165 3750 2220 ducis

2159 2268 2246 2313 tur
2273 2277 2286 2311 :
2311 2258 2398 2313 vel
2421 2257 2620 2314 Christi
2650 2255 2941 2310 infamatur
2977 2255 3322 2324 Evangelium
3344 2296 3361 2320 ,
3389 2256 3515 2310 dum
3554 2265 3747 2311 contra

2155 2347 2327 2417 legem
2358 2347 2625 2416 fidemque
2657 2353 2864 2400 natura:
2901 2358 2966 2398 ea
2996 2359 3117 2414 quae
3147 2343 3454 2399 Christiana
3483 2354 3569 2400 est.
3595 2353 3652 2400 et
3677 2361 3746 2400 ex

2156 2438 2253 2492 Dei
2281 2437 2399 2507 lege
2422 2436 2661 2505 subjecta
2679 2477 2694 2502 ,
2723 2437 2840 2491 viro
2869 2438 3138 2506 imperare
3158 2436 3428 2491 desiderat
3454 2451 3582 2502 suo;
3622 2452 3744 2492 cum

2157 2531 2319 2586 etiam
2359 2531 2587 2601 gentiles
2623 2529 2837 2583 feminae
2875 2530 3008 2584 viris
3047 2528 3161 2583 suis
3206 2527 3444 2582 serviant
3471 2530 3746 2584 communi

2155 2623 2274 2693 lege
2301 2631 2526 2677 natum.
2579 2622 2768 2692 (Vens.
2803 2620 2882 2690 6.)
2917 2620 3143 2675 Juvenes
3189 2618 3431 2674 similiter
3466 2621 3744 2675 exhorter:

2156 2732 2212 2776 ut
2261 2722 2436 2792 pudici
2477 2722 2601 2775 sint.
2649 2720 2935 2790 Proprium
2992 2728 3174 2774 autem
3219 2718 3743 2777 adolescentulam

2157 2816 2260 2870 hoc
2280 2816 2479 2884 posuit,
2497 2823 2558 2869 ut
2575 2815 2782 2884 pudica
2803 2814 2911 2868 sint
2931 2812 3130 2884 [Hier.,
3151 2812 3741 2870 adolescentulorum...

2157 2915 2215 2961 ut
2242 2907 2420 2976 pudici
2449 2905 2577 2977 sint]
2609 2906 2663 2960 in
2692 2906 2960 2970 omnibus,
2986 2913 3098 2959 tam
3126 2905 3333 2960 scilicet
3370 2912 3557 2960 mente
3583 2920 3744 2975 quam

2161 3021 2409 3077 corpore,
2437 3015 2546 3060 tam
2572 3021 2734 3075 opere
2762 3020 2925 3075 quam
2959 3005 3304 3073 cogitatione,
3331 3013 3394 3060 ut
3422 3004 3572 3059 nulla
3598 3005 3670 3060 sit
3690 3007 3742 3059 in

2081 3107 2127 3167 (ζ
2162 3099 2502 3154 adolescente
2527 3097 2760 3166 suspicio
2788 3096 3157 3166 turpitudinis.
3201 3095 3494 3151 Sciendum
3531 3111 3744 3167 quoque

2157 3191 2259 3246 hoc
2289 3191 2432 3259 quod
2459 3189 2789 3244 continentia
2817 3203 2924 3244 non
2951 3188 3122 3243 solum
3145 3189 3199 3242 in
3225 3189 3404 3243 carnis
3427 3203 3596 3259 opere
3621 3191 3743 3244 etin

2157 3281 2323 3334 animi
2353 3279 2811 3348 concupiscentia,
2839 3278 2933 3333 sed
2956 3279 3012 3331 in
3038 3276 3290 3332 omnibus
3310 3279 3476 3333 rebus
3500 3293 3746 3334 necessa-

2158 3371 2236 3425 ria
2265 3370 2335 3424 sit
2363 3384 2378 3422 :
2408 3383 2476 3423 ne
2504 3368 2738 3423 honores
2767 3367 3035 3423 indebitos
3061 3376 3382 3438 appetamus
3399 3409 3414 3434 ,
3455 3384 3525 3424 ne
3553 3385 3744 3425 accen-

2157 3459 2350 3512 damur
2377 3458 2633 3520 avaritia,
2664 3472 2734 3512 ne
2758 3457 2862 3511 ulla
2892 3457 3140 3526 passione
3170 3471 3510 3526 superemur.
3543 3457 3610 3512 In
3636 3474 3744 3512 om-

2158 3553 2307 3606 nibus
2325 3590 2342 3616 ,
2371 3551 2438 3605 ad
2468 3552 2746 3623 superiora
2773 3558 2854 3605 est
2891 3550 3229 3604 referendum
3249 3591 3263 3614 ,
3291 3550 3345 3605 id
3383 3561 3496 3615 est,
3528 3551 3745 3607 hortare

2155 3651 2213 3696 ut
2240 3642 2420 3712 pudici
2448 3643 2557 3697 sint
2579 3643 2631 3696 in
2655 3642 2922 3697 omnibus.
2957 3641 3143 3713 (Vens.
3163 3640 3241 3711 7.)
3274 3641 3344 3696 Te
3376 3642 3548 3712 ipsum
3576 3643 3745 3713 praebe

2155 3733 2445 3802 exemplum
2489 3721 2741 3787 bonorum
2789 3748 3021 3802 operum.
3071 3731 3216 3786 Nihil
3254 3733 3469 3801 prodest
3509 3733 3746 3803 aliquem

2155 3831 2506 3886 exercitatum
2531 3845 2650 3886 esse
2684 3830 2738 3883 in
2777 3830 3063 3896 discendo,
3096 3839 3153 3884 et
3191 3830 3256 3885 ad
3284 3829 3608 3898 loquendum
3644 3831 3748 3884 tri-

2154 3921 2296 3975 visse
2345 3921 2613 3992 linguam,
2660 3920 2766 3975 nisi
2814 3921 2936 3991 plus
2986 3921 3236 3991 exemplo
3285 3919 3521 3974 docuerit
3569 3935 3746 3989 quam

2155 4012 2338 4066 verbo.
2371 4009 2461 4082 [In
2487 4011 2746 4075 doctrina,
2769 4012 2826 4064 in
2850 4012 3166 4081 integritate.
3189 4011 3258 4066 In
3277 4012 3535 4077 doctrina,
3559 4012 3660 4076 ait,
3686 4021 3748 4067 ut

2153 4116 2315 4171 opere
2337 4102 2560 4170 impleas
2581 4102 2725 4171 quod
2747 4117 2843 4157 ore
2867 4101 3048 4157 doces.
3081 4102 3364 4173 Integritas
3393 4117 3523 4158 vero
3542 4101 3610 4157 ad
3639 4104 3748 4158 vir-

2154 4191 2433 4262 ginitatem
2459 4191 2674 4260 proprie
2709 4190 2974 4260 pertinet;
3027 4192 3168 4246 unde
3215 4198 3269 4245 et
3313 4191 3418 4245 alia
3465 4190 3745 4247 translatio

2155 4283 2230 4336 ait
2259 4301 2272 4335 :
2299 4281 2366 4336 In
2387 4282 2812 4352 incorruptione;
2838 4297 2962 4336 nam
2995 4281 3232 4351 virgines
3269 4280 3529 4336 dicuntur
3562 4282 3741 4337 incor-

2156 4372 2372 4444 rupta]
2396 4373 2582 4443 (Vens.
2606 4371 2683 4441 8.)
2717 4370 2784 4425 In
2811 4371 3062 4442 gravitate
3080 4411 3095 4436 ,
3123 4371 3177 4424 in
3213 4371 3365 4425 verbo
3389 4386 3517 4425 sano
3541 4379 3590 4424 et
3615 4371 3747 4424 irre-

2155 4469 2504 4541 prehensibili.
2534 4469 2840 4542 [Doctorern
2872 4468 3300 4524 ecclesiasticum
3327 4469 3664 4538 gravitatem,
3691 4468 3745 4522 id

2154 4569 2258 4626 est,
2285 4561 2537 4616 honestos
2562 4575 2742 4616 mores
2765 4561 2918 4615 decet
2943 4559 3166 4614 habere.
3189 4560 3269 4615 De
3289 4574 3536 4614 sermone
3555 4559 3745 4628 itaque

2155 4674 2286 4714 sano
2312 4659 2559 4728 superius
2589 4658 2789 4714 dictum
2815 4657 2943 4730 est.)
2973 4659 3042 4712 Et
3074 4658 3534 4731 irrepreltensibili.
3569 4659 3647 4713 De
3672 4659 3748 4712 ir-

2155 4756 2564 4827 reprehensibili
2593 4757 2844 4822 dicimus,
2868 4773 2973 4812 non
3003 4773 3112 4828 quo
3132 4758 3275 4814 ullus
3298 4768 3461 4813 tantm
3481 4757 3748 4814 facundia

2155 4855 2208 4901 et
2231 4847 2530 4917 prudentiae
2551 4845 2623 4901 sit
2648 4855 2706 4900 ut
2730 4861 2760 4900 a
2781 4847 2996 4901 nemine
3021 4847 3467 4916 reprehendatur,
3487 4846 3580 4900 sed
3596 4849 3746 4916 quod

2157 4943 2288 4998 nihil
2309 4943 2527 5012 dignum
2555 4944 2973 5011 reprehensione
2996 4943 3142 4998 dicat
3168 4952 3261 4998 aut
3286 4943 3470 5008 faciat,
3495 4943 3627 4998 licet
3653 4945 3747 4999 ad-

2155 5035 2378 5089 versarii
2406 5035 2514 5089 sint
2537 5035 2604 5088 ad
2630 5035 3129 5103 reprehendendum
3153 5038 3349 5105 parati.
3386 5036 3456 5091 Ut
3486 5037 3534 5091 is
3567 5039 3661 5106 qui
3683 5054 3747 5091 ex

2156 5125 2371 5178 adverso
2397 5134 2502 5188 est,
2542 5134 2798 5190 vereatur,
2844 5123 2974 5177 nihil
3005 5126 3201 5179 habens
3237 5125 3436 5180 malum
3472 5112 3651 5181 dicere
3685 5129 3748 5181 de

2158 5215 2322 5268 nobis.
2361 5212 2471 5285 [Ex
2498 5213 2743 5278 adverso,
2785 5214 2838 5269 id
2881 5221 2982 5278 est,
3011 5214 3357 5270 adversarius
3385 5216 3523 5270 nihil
3551 5217 3747 5272 habeat

2157 5315 2268 5369 veri
2307 5314 2390 5369 vel
2435 5315 2723 5370 verisimile
2745 5356 2758 5379 ,
2801 5316 3049 5384 quamvis
3084 5324 3308 5385 paratus
3341 5316 3414 5370 sit
3453 5315 3747 5385 reprehen-

2159 5412 2307 5476 dere,
2330 5411 2770 5466 contradictionis
2803 5411 3026 5484 locum.]
3054 5413 3240 5468 Potest
3279 5422 3463 5468 autem
3502 5413 3619 5479 hic,
3655 5413 3743 5483 qui

2158 5518 2224 5556 cx
2252 5502 2476 5556 adverso
2503 5510 2586 5554 est
2605 5542 2619 5565 ,
2649 5502 2893 5560 diabolus
2920 5504 3179 5574 intelligi,
3209 5506 3304 5574 qui
3343 5514 3635 5561 accusator
3665 5512 3748 5560 est

2160 5590 2382 5644 fratrum
2411 5599 2736 5656 nostrorum,
2765 5600 2824 5646 ut
2850 5591 3084 5648 Joannes
3105 5594 3432 5664 evangelista
3447 5593 3742 5662 pradirat;

2158 5681 2248 5753 qui
2272 5695 2392 5736 cum
2414 5681 2545 5738 nihil
2570 5683 2815 5739 habuerit
2842 5684 2968 5741 mali
2996 5687 3137 5756 quod
3161 5686 3318 5742 nobis
3343 5685 3590 5755 objiciat,
3613 5698 3742 5741 eru-
