4010 6182
301 316 430 371 1021

983 311 1385 368 ΕΧΕΟΕΤΙΕΑ.
1425 344 1495 354 --
1533 313 1775 370 EXPOS.
1817 311 1876 366 1N

1977 310 2136 366 PIST.
2174 311 2232 368 S.
2271 313 2476 370 PAULI
2512 314 2604 368 AD
2643 314 2877 371 TITUM.

3409 318 3546 372 10:22

297 429 494 493 bescit,
525 437 581 482 et
604 426 915 482 criminator
942 440 1047 478 non
1075 425 1270 492 poterit
1288 424 1587 479 criminari.
1620 423 1870 478 Diabolus
1901 423 1954 484 At
1975 420 2090 475 bus.
2122 421 2240 478 Non
2283 433 2368 478 est
2401 425 2544 478 enim
2572 424 2749 494 aliqua
2780 425 3082 480 dill'erentia
3111 426 3264 481 liberi
3294 436 3350 483 et
3375 430 3544 496 servi,

299 527 480 574 autem
507 518 560 570 in
585 514 774 569 Latina
797 513 976 582 lingua
997 513 1304 567 criminator
1324 523 1498 569 sonat.

371 606 534 660 Vnus.
564 603 616 666 9,
649 599 735 653 l0.
762 627 835 638 —
859 597 1047 653 Servos
1077 599 1300 654 dominis
1326 601 1435 654 suis
1471 600 1706 654 subditos
1732 617 1837 654 esse
1856 639 1871 664 ,

293 695 353 750 in
393 692 630 748 omnibus
673 690 953 762 placentes,
983 707 1086 744 non
1120 692 1548 754 contradicentes,
1594 709 1698 745 non
1735 692 1877 760 frau-

297 785 501 843 dantes,
555 780 646 834 sed
692 781 749 834 in
795 779 1032 832 omnibus
1076 778 1233 847 ﬁdem
1281 779 1468 834 bonam
1517 781 1874 844 ostendentes;

299 873 554 944 quoniam
582 871 841 924 Dominus
867 877 924 924 et
954 868 1207 924 Salvator
1235 879 1437 933 noster,
1486 871 1578 940 qui
1617 871 1670 924 in
1699 869 1877 924 Evan-

299 963 439 1034 gelia
465 962 542 1016 ait
568 979 581 1014 :
626 959 808 1014 Venite
836 959 904 1012 ad
934 975 1015 1012 me
1046 975 1242 1022 omnes,
1277 960 1365 1029 qui
1407 958 1654 1013 laboratis
1683 970 1730 1013 et
1760 976 1878 1014 one-

299 1055 404 1107 rati
433 1053 574 1118 estis,
601 1061 650 1105 et
675 1067 770 1120 ego
804 1050 1035 1118 reﬁciam
1062 1067 1150 1104 uos
1179 1048 1393 1120 (Matth.
1424 1067 1501 1116 XI,
1525 1051 1638 1121 28),
1674 1051 1875 1106 nullam

297 1141 678 1205 conditionem,
713 1132 946 1204 aetatem,
989 1154 1179 1193 sexum
1217 1155 1246 1194 a
1287 1139 1613 1194 beatitudine
1637 1140 1874 1195 arbitra-

297 1240 390 1286 tur
437 1231 672 1286 alienum
710 1248 724 1282 :
768 1239 1050 1300 propterea
1097 1245 1240 1284 nunc
1276 1228 1560 1299 Apostolus
1602 1238 1657 1284 et
1703 1231 1877 1284 servis

297 1330 566 1396 praecepta
596 1320 904 1384 constituit;
937 1317 1162 1391 [scilicet
1192 1328 1251 1374 ut
1276 1318 1404 1374 iacti
1425 1319 1679 1374 Ecclesia:
1707 1334 1875 1374 mem—

298 1415 479 1477 brum,
532 1427 651 1481 qua:
695 1426 890 1480 corpus
938 1418 1022 1464 est
1066 1409 1286 1475 Christi,
1332 1419 1390 1465 et
1428 1411 1600 1480 ipsam
1646 1411 1874 1465 salutem

296 1509 697 1572 consequantur
715 1499 1019 1571 aeternam]
1050 1501 1116 1555 Et
1138 1501 1406 1570 quomodo
1429 1502 1676 1571 superius
1695 1516 1873 1564 senes,

297 1607 456 1656 anus,
503 1591 945 1653 adulescentulas,
996 1592 1242 1662 juvenes,
1289 1592 1420 1660 quid
1466 1591 1620 1646 Titus
1661 1593 1875 1646 erudire

297 1683 542 1746 deberet,
573 1682 807 1745 edocuit,
837 1683 914 1736 ita
941 1696 1084 1736 nunc
1107 1682 1281 1736 servis
1307 1691 1430 1751 apta
1456 1691 1724 1752 prmeepta
1753 1696 1876 1736 con-

297 1773 492 1828 stituit.
524 1772 762 1826 Primum
789 1780 848 1825 ut
869 1771 1068 1826 subditi
1102 1771 1210 1826 sint
1252 1771 1482 1826 dominis
1524 1771 1636 1825 suis
1671 1771 1724 1824 in
1758 1785 1875 1824 om-
1909 1751 1950 1809 Β

297 1864 491 1927 nibus;
529 1862 582 1916 in
613 1862 700 1916 his
733 1869 912 1915 autem
943 1860 1194 1916 omnibus
1222 1875 1342 1928 qua:
1374 1875 1481 1914 non
1513 1866 1638 1913 sunt
1661 1867 1875 1912 contra-

297 1951 379 2006 ria
407 1950 548 2016 Deo;
581 1958 643 2004 ut
677 1951 724 2004 si
764 1950 1014 2005 dominus
1039 1964 1132 2004 eos
1151 1948 1306 2017 jubet
1331 1964 1451 2018 quae
1478 1963 1583 2006 non
1621 1956 1746 2002 sunt
1776 1947 1874 2002 ad-

297 2057 456 2096 versa
505 2039 800 2110 Scripturis
841 2041 1063 2106 sanctis,
1111 2039 1468 2110 subiiciantur
1505 2040 1752 2093 servituti
1781 2039 1876 2092 do-

298 2131 431 2185 mini
469 2129 667 2202 [Hier.,
701 2130 1021 2200 subjiciatur
1058 2143 1247 2184 servus
1291 2127 1564 2200 domino];
1611 2130 1694 2183 sin
1746 2143 1876 2182 vero

297 2221 572 2274 contraria
607 2229 897 2290 prazcepta,
943 2220 1115 2290 magis
1157 2219 1412 2274 obediaut
1462 2219 1675 2288 spiritui
1711 2234 1874 2288 quam

297 2313 509 2378 corpori
553 2310 754 2378 [Hier.,
784 2311 956 2380 magis
994 2311 1250 2364 obediant
1283 2310 1522 2379 spiritus,
1565 2325 1727 2378 quam
1756 2325 1877 2362 cor-

294 2401 444 2471 poris
465 2398 702 2468 domino]
723 2417 734 2450 :
757 2397 1075 2469 [Placentes,
1094 2399 1299 2451 duobus
1326 2397 1500 2450 modis
1524 2397 1871 2464 intelligitur;

295 2493 401 2546 hoc
422 2499 524 2552 est,
557 2489 658 2543 sibi
682 2488 953 2558 placentes
982 2489 1036 2541 in
1064 2503 1162 2541 suo
1186 2488 1406 2542 servitio
1435 2505 1448 2540 :
1476 2496 1568 2542 aut
1595 2489 1756 2542 etiam
1781 2490 1876 2542 do—

295 2583 458 2636 minis
483 2581 776 2649 placentes,
803 2579 982 2632 omnia
1012 2577 1243 2632 ﬁdeliter
1270 2585 1324 2632 et
1349 2578 1623 2633 humiliter
1650 2579 1877 2648 impleu-

296 2682 379 2728 tcs
395 2689 514 2742 qum
535 2670 840 2742 jubentur.]
867 2669 990 2724 Non
1015 2670 1425 2725 contradicentes
1457 2688 1469 2724 :
1501 2670 1604 2724 hoc
1631 2671 1750 2724 ideo
1776 2671 1872 2734 ait,

296 2763 424 2833 quia
457 2761 750 2816 maximum
774 2761 963 2814 vitium
995 2768 1081 2815 cst
1107 2775 1388 2816 servorum
1413 2760 1644 2815 dominis
1662 2769 1878 2816 contra-

295 2852 500 2913 dicere,
527 2858 584 2905 et
613 2865 736 2904 cum
767 2849 968 2919 aliquid
990 2851 1274 2920 jusserint,
1306 2851 1612 2905 mussitare.
1646 2850 1702 2906 Si
1730 2851 1874 2905 enim

299 2957 417 3013 qua:
444 2942 694 2996 dominus
716 2941 949 3010 imperat
970 2956 1190 2996 necesse
1218 2941 1382 2996 habet
1419 2957 1608 2997 servus
1630 2942 1874 3012 implere,

296 3049 396 3088 cur
423 3032 526 3086 hoc
558 3031 730 3100 ipsum
755 3045 866 3084 non
897 3046 1022 3084 cum
1049 3030 1191 3088 bona
1217 3031 1385 3087 faciat
1409 3033 1714 3088 voluntate?
1745 3033 1870 3085 Non

1977 509 2148 566 Graeci
2191 522 2248 567 et
2290 513 2535 579 Barbari,
2588 513 2894 570 circumcisi
2942 523 2997 568 et
3041 515 3290 571 habentis
3338 533 3544 588 prtepu-

1977 602 2134 666 tium,
2157 602 2399 657 mulieris
2420 612 2475 658 et
2493 605 2625 670 viri;
2658 605 2750 658 sed
2776 619 2897 659 cum
2927 604 3144 660 Christo
3167 621 3334 660 unum
3363 623 3547 664 sumus

1975 693 2234 757 universi,
2265 693 2332 747 ad
2358 694 2452 747 Dei
2476 709 2700 764 regnum
2721 709 2978 749 vocamur
2997 710 3205 750 omnes.
3231 697 3360 752 Post
3382 696 3542 753 oﬁ‘en-

1976 795 2089 833 sam
2117 780 2265 835 Patri
2305 792 2491 836 nostro
2531 783 2916 838 reconciliandi
2939 799 3147 850 sumus,
3178 801 3283 840 non
3312 801 3410 855 per
3438 803 3546 842 me-

1975 871 2076 924 rita
2115 880 2322 936 nostra,
2365 873 2460 926 sed
2498 889 2595 942 per
2635 873 2862 942 gratiam
2910 871 3206 928 Salvatoris
3234 893 3247 929 :
3278 876 3361 930 vel
3405 879 3546 947 quod

1975 960 2069 1015 Dei
2085 960 2262 1015 Patris
2281 963 2466 1016 vivens
2485 963 2568 1016 vel
2601 962 2898 1017 subsistens
2919 964 3103 1032 gratia:
3126 963 3325 1035 [Hier.,
3353 965 3546 1038 gratia]

1977 1050 2090 1119 ipse
2129 1049 2202 1104 sit
2232 1049 2512 1115 Christus;
2557 1049 2644 1104 vel
2681 1050 2825 1118 quod
2869 1050 3072 1105 Christi
3117 1051 3410 1107 Salvatoris
3454 1055 3547 1108 Dei

1974 1139 2089 1194 haec
2115 1139 2186 1194 sit
2207 1139 2378 1209 gratia
2409 1156 2422 1193 :
2448 1148 2504 1194 et
2530 1155 2635 1193 non
2666 1146 2852 1194 nostro
2887 1139 3084 1192 merito
3129 1140 3319 1194 salvati
3361 1143 3548 1205 simus,

1981 1231 2273 1284 secundum
2303 1229 2432 1284 illud
2463 1230 2604 1298 quod
2630 1230 2683 1282 in
2709 1229 2814 1282 alio
2845 1229 2962 1283 loco
2985 1229 3218 1284 dicitur:
3247 1227 3355 1283 Pro
3389 1230 3550 1284 nihilo

1974 1319 2196 1373 saluabis
2221 1336 2306 1373 eos
2345 1319 2518 1389 (.Psal.
2544 1335 2629 1382 LV,
2662 1319 2739 1389 8).
2795 1317 2923 1384 Quae
2963 1318 3135 1388 gratia
3173 1319 3424 1372 omnibus
3455 1319 3549 1372 ho-

1974 1407 2210 1462 minibus
2236 1407 2354 1463 ideo
2381 1408 2575 1472 illuxit,
2602 1416 2661 1462 ut
2688 1407 2926 1462 erudiret
2950 1421 3048 1460 nos
3074 1407 3339 1474 abnegarc
3367 1409 3548 1476 impie-

1975 1505 2158 1564 tatem,
2208 1499 2489 1555 saecularia
2536 1499 2824 1564 desideria,
2870 1499 3063 1568 pudice
3109 1505 3164 1552 et
3200 1496 3346 1566 juste
3384 1509 3438 1553 et
3465 1499 3552 1568 pic

1973 1588 2154 1642 vivere
2180 1588 2234 1642 in
2263 1589 2364 1642 hoc
2388 1587 2603 1642 smculo.
2647 1586 2789 1654 Quid
2825 1587 2894 1641 sit
2939 1596 3120 1642 autem
3157 1587 3425 1658 abnegare
3455 1589 3552 1642 im-

1973 1677 2250 1744 pietatem,
2276 1677 2404 1747 quid
2427 1676 2706 1732 saecularia
2726 1676 3015 1741 desideria,
3039 1690 3106 1730 ex
3136 1690 3202 1730 eo
3223 1676 3366 1746 quod
3389 1691 3552 1746 supra

1975 1767 2358 1836 exposuimus:
2391 1767 2558 1821 Deum
2607 1767 2922 1837 conﬁtentur
2961 1784 3016 1820 se
3056 1768 3212 1832 scire,
3251 1767 3408 1836 factis
3452 1785 3552 1820 au-

1977 1869 2079 1912 tem
2107 1868 2314 1929 negant,
2357 1859 2580 1930 intelligi
2604 1874 2764 1929 posse
2801 1857 3031 1913 conﬁdo.
3067 1857 3357 1913 Saecularis!
3388 1859 3552 1928 igitur

1975 1947 2240 2003 desideria
2286 1957 2432 2012 sunt,
2489 1964 2609 2019 quae
2651 1964 2682 2002 a
2727 1948 2911 2002 mundi
2959 1945 3120 2015 hujus
3163 1947 3404 2018 principe
3429 1963 3552 2020 sug-

1979 2045 2281 2106 geruntur;
2341 2045 2396 2092 et
2450 2053 2572 2092 cum
2631 2039 2740 2092 sint
2793 2035 2975 2091 saeculi
3033 2035 3192 2104 hujus
3249 2044 3550 2099 amatores,

1975 2141 2099 2180 cum
2155 2127 2336 2181 δεκουιὶ
2386 2126 2530 2181 nube
2585 2134 2986 2196 pertranseunt.
3043 2123 3152 2177 Nos
3194 2131 3374 2178 autem
3429 2139 3555 2179 cum

1975 2216 2170 2286 pudice
2211 2223 2266 2270 et
2305 2216 2488 2285 juste,
2536 2230 2635 2270 nec
2685 2227 2913 2283 corpore
2958 2212 3162 2267 scilicet
3215 2227 3318 2267 nec
3371 2221 3555 2266 mente

1976 2315 2300 2376 peccantes,
2348 2305 2643 2359 vixerimus
2691 2304 2746 2358 in
2791 2300 3039 2367 Christo,
3086 2302 3173 2372 pie
3219 2316 3433 2372 quoque
3478 2301 3556 2355 vi-

1975 2411 2164 2450 vamus
2197 2397 2252 2450 in
2292 2397 2396 2450 hoc
2433 2395 2628 2450 sarculo
2659 2413 2671 2448 :
2698 2410 2817 2463 qua:
2861 2395 3035 2462 pietas
3053 2401 3313 2463 exspectat
3352 2393 3552 2447 beatam

1974 2501 2114 2554 spem
2161 2493 2209 2537 et
2253 2483 2532 2536 aduentum
2573 2481 2756 2552 gloriae
2802 2481 2980 2550 magni
3027 2479 3126 2533 Dei
3169 2490 3220 2534 et
3264 2479 3558 2535 Saluatoris

1975 2575 2139 2630 nostri
2182 2573 2309 2628 Jesu
2351 2571 2562 2626 Christi.
2595 2570 2748 2625 Sicut
2778 2571 2922 2622 enim
2957 2569 3204 2637 impietas
3240 2569 3419 2638 magni
3461 2569 3556 2622 Dei

1976 2660 2291 2718 reformidat
2313 2662 2624 2726 adventum,
2648 2660 2722 2713 ita
2757 2674 2946 2714 secura
2974 2658 3039 2712 de
3068 2672 3230 2726 opere
3261 2672 3358 2711 suo
3401 2664 3456 2712 et
3493 2658 3559 2712 de

1976 2753 2080 2808 ﬁde
2113 2753 2261 2806 illum
2289 2753 2460 2822 pietas
2485 2751 2847 2822 praestolatur.
2876 2749 2976 2806 Ubi
3012 2757 3097 2804 est
3121 2765 3348 2819 serpens
3371 2749 3553 2812 Arius,

1977 2842 2069 2896 ubi
2111 2842 2408 2897 Eunomius
2453 2840 2674 2896 coluber
2725 2838 3081 2912 [tortuosus]?
3135 2838 3358 2909 Magnus
3416 2841 3559 2894 Deus

1979 2930 2226 2986 Salvator
2269 2931 2518 2988 Christus
2563 2932 2779 2997 dicitur,
2823 2947 2929 2986 non
2967 2929 3354 3001 primogenitus
3381 2928 3559 2986 omnis

1981 3031 2264 3086 creaturae,
2305 3037 2414 3075 non
2451 3020 2677 3076 verbum
2722 3021 2817 3074 Dei
2857 3028 2912 3075 et
2948 3019 3233 3088 sapientia,
3275 3017 3369 3074 sed
3403 3016 3559 3073 Jesus

297 3125 552 3194 furantes.
585 3123 698 3177 Hoc
725 3122 871 3177 aliud
909 3123 1100 3177 vitium
1142 3138 1423 3178 servorum
1450 3125 1693 3179 doctrina
1718 3123 1876 3178 Chri-

1978 3111 2228 3165 Christus
2253 3126 2268 3175 ;
2298 3126 2418 3179 qua:
2443 3110 2702 3164 vocabula
2731 3109 2990 3178 assumpti
3010 3083 3256 3163 hominis
3286 3116 3427 3161 sunt.
3460 3105 3559 3162 Ne-

295 3215 364 3269 sti
407 3213 666 3282 corrigit;
699 3211 788 3266 l‘ur
821 3220 1001 3266 autem
1029 3228 1135 3267 non
1177 3213 1348 3268 solum
1376 3214 1429 3268 in
1455 3212 1621 3284 658
1660 3212 1878 3281 majori-

295 3305 398 3359 bus
420 3302 514 3358 sed
542 3311 596 3357 et
621 3303 674 3357 in
703 3302 1003 3357 minoribus
1021 3300 1318 3371 iudicatur.
1345 3303 1460 3358 Non
1485 3305 1628 3359 enim
1655 3305 1710 3358 id
1731 3304 1877 3374 quod

295 3392 442 3454 furto
469 3392 707 3448 ablatum
726 3401 832 3459 est,
856 3395 951 3448 sed
974 3409 1129 3449 mens
1154 3393 1389 3450 iurantis
1409 3395 1724 3449 attenditur.
1753 3394 1875 3448 Sint

296 3482 482 3552 itaque
521 3482 664 3538 servi
707 3481 907 3537 subditi
955 3482 1187 3538 dominis
1223 3484 1338 3538 suis
1362 3483 1417 3537 iu
1442 3483 1723 3549 omnibus;
1765 3484 1872 3539 sint

295 3572 694 3642 complacentes
734 3572 1060 3628 conditionis
1093 3588 1223 3639 suae,
1256 3582 1316 3628 ut
1343 3589 1451 3629 non
1479 3573 1658 3629 ferant
1683 3588 1874 3644 aspere

297 3665 633 3728 servitutem,
656 3673 717 3718 ut
743 3678 848 3718 non
875 3664 1249 3725 contradicant
1273 3665 1524 3730 dominis,
1559 3680 1666 3719 non
1691 3664 1874 3719 furen-

298 3767 404 3822 tur,
434 3767 486 3811 et
510 3765 632 3827 post
658 3756 774 3810 [nec
809 3756 866 3809 in
904 3755 1142 3808 omnibus
1168 3753 1327 3823 ﬁdem
1357 3754 1547 3809 bonam
1575 3754 1869 3815 ostendant,

299 3858 352 3900 ut
377 3849 672 3902 doctrinam
702 3844 992 3900 Saluatoris
1014 3844 1179 3897 nostri
1208 3843 1306 3896 Dei
1327 3851 1510 3895 ornent
1536 3843 1590 3893 in
1615 3840 1870 3893 omnibus.

299 3938 354 3992 Si
385 3939 529 3992 enim
569 3935 711 4003 apud
756 3933 1002 3987 carnales
1041 3932 1290 3985 dominos
1330 3931 1386 3983 in
1430 3930 1653 3983 minimo
1692 3928 1877 3983 ﬁdeles

295 4027 516 4088 fuerint,
562 4022 820 4091 incipient
860 4020 942 4074 eis
981 4019 1122 4087 apud
1162 4017 1448 4072 Dominum
1500 4016 1695 4089 [liier.,
1735 4019 1875 4087 apud

296 4113 490 4184 Deum]
542 4113 748 4181 majora
797 4108 1082 4164 committi.
1135 4105 1308 4161 Ornat
1345 4114 1525 4160 autem
1576 4107 1873 4162 doctrinam

296 4202 450 4275 [ϐοά.
499 4201 645 4254 omit.
701 4195 1026 4268 doctrinam]
1071 4195 1296 4262 domini,
1329 4195 1421 4265 qui
1451 4209 1513 4249 ea
1545 4210 1664 4265 quae
1692 4196 1877 4250 condi-

298 4291 460 4347 tionis
503 4305 612 4344 suae
641 4287 821 4342 ablata
862 4297 985 4342 sunt
1024 4283 1220 4358 [Hier.,
1269 4300 1389 4354 qua:
1427 4284 1721 4341 conditioni
1765 4301 1875 4341 sua:

296 4389 418 4450 apta
449 4376 613 4450 sunt],
650 4376 796 4432 facit.
827 4375 1106 4442 Quomodo
1143 4375 1288 4430 enim
1326 4382 1504 4444 potest
1546 4373 1718 4429 ﬁdelis
1754 4389 1872 4430 esse

296 4473 351 4526 in
395 4467 692 4524 substantia
730 4467 845 4529 Dei,
878 4464 954 4536 [et
987 4464 1358 4520 ecclesiastico
1385 4463 1608 4536 oliicio,]
1636 4465 1728 4534 qui
1753 4481 1874 4521 car-

296 4563 404 4617 nali
429 4561 649 4616 domino
680 4558 841 4614 ﬁdem
870 4556 1128 4612 exhibere
1157 4573 1262 4611 non
1291 4557 1500 4626 potuit?

370 4658 532 4713 Vsus.
576 4655 758 4710 il-M.
798 4683 870 4694 -—
905 4651 1162 4723 Apparuit
1202 4652 1340 4705 enim
1387 4650 1558 4720 gratia
1605 4648 1704 4704 Dei
1755 4647 1877 4704 Sal-

296 4748 486 4802 uatoris
519 4746 684 4800 nostri
716 4742 954 4800 omnibus
991 4739 1320 4804 hominibus,
1361 4738 1603 4794 erudiens
1648 4755 1768 4803 nos,
1820 4747 1877 4793 ut

295 4839 606 4909 abnegantes
649 4838 966 4908 impietatem
989 4841 1038 4886 et
1067 4829 1350 4886 sa‘cularia
1373 4829 1653 4895 desideria,
1681 4829 1871 4894 sobrie,

289 4929 432 4999 iuste
452 4939 502 4983 et
528 4931 611 5000 pie
637 4931 868 4985 vivamus
887 4927 942 4980 in
981 4924 1077 4978 hoc
1120 4921 1317 4977 stacqu
1339 4936 1357 4974 :
1383 4930 1735 4993 exspectantes
1761 4921 1879 4975 bea-

294 5032 404 5077 tam
428 5039 572 5094 spem
599 5034 648 5077 et
683 5023 958 5078 aduentum
986 5016 1169 5089 gloriae
1212 5016 1389 5086 magni
1434 5013 1533 5068 Dei
1557 5023 1606 5068 et
1636 5011 1876 5069 Salvato-

294 5111 368 5166 ris
407 5113 572 5167 nostri
600 5112 728 5167 Jesu
764 5110 1000 5165 Christi:
1026 5109 1115 5179 qui
1148 5105 1293 5161 dedit
1319 5105 1646 5175 semetipsum
1664 5119 1759 5173 pro
1782 5119 1876 5156 no-

294 5201 393 5266 bis,
421 5210 479 5256 ut
506 5218 600 5256 nos
622 5201 893 5255 redimeret
922 5197 986 5251 ab
1017 5198 1158 5251 omni
1186 5195 1480 5267 iniquitate,
1511 5202 1560 5248 et
1597 5192 1874 5247 mandaret

293 5291 393 5346 sibi
417 5291 663 5361 populum
703 5285 1068 5358 acceptabilem
1111 5293 1419 5340 sectatorem
1465 5281 1717 5338 bonorum
1758 5299 1877 5353 ope-

293 5399 433 5436 rum.
453 5381 585 5436 Post
606 5380 911 5450 catalogum
933 5378 1194 5432 doctrinae
1220 5379 1290 5434 ad
1308 5380 1512 5444 Titum,
1534 5376 1667 5446 quid
1695 5387 1875 5439 senes,

292 5474 425 5545 quid
460 5489 614 5538 anus,
649 5473 777 5543 quid
806 5472 1237 5529 adulescentulas
1272 5482 1328 5530 et
1356 5475 1599 5546 juvenes,
1642 5469 1771 5540 quid
1807 5469 1875 5523 ad

293 5572 596 5619 extremum
620 5579 806 5620 servos
823 5566 1042 5620 erudire
1062 5565 1302 5628 deberet,
1328 5571 1474 5619 recte
1494 5579 1637 5618 nunc
1661 5560 1868 5616 intulit:

295 5654 549 5728 Apparuit
577 5657 713 5714 enim
735 5656 907 5727 gratia
939 5655 1228 5713 Saluatoris
1260 5653 1354 5708 Dei
1379 5655 1614 5708 onmibas
1644 5652 1870 5708 homini~

1903 4435 1950 4494 D

1974 3215 2081 3268 qus
2118 3213 2245 3253 vero
2276 3199 2440 3253 alium
2477 3198 2660 3254 Jesum
2689 3198 2986 3262 Christum,
3019 3198 3181 3252 alium
3210 3196 3446 3253 Verbum
3477 3196 3558 3250 di-

1975 3289 2170 3352 cimus,
2198 3295 2259 3342 ut
2286 3285 2603 3341 Nestoriana
2641 3286 2866 3341 haeresis
2905 3283 3105 3358 [Hier.,
3137 3291 3197 3338 ut
3223 3299 3360 3338 nova
3389 3283 3559 3337 luere-

1975 3378 2072 3451 sis]
2127 3378 2515 3443 calumniatur;
2564 3378 2658 3432 sed
2705 3377 2952 3432 eumdem
2974 3383 3030 3430 et
3057 3383 3184 3430 ante
3209 3373 3400 3428 saecula
3426 3381 3479 3427 et
3502 3373 3557 3426 in

1974 3468 2169 3523 saecula
2197 3475 2253 3523 et
2279 3475 2405 3520 ante
2434 3468 2711 3531 mundum,
2744 3474 2798 3520 et
2835 3481 2930 3536 per
2959 3464 3184 3519 Mariam
3213 3461 3406 3534 [ΗΜ-η
3435 3470 3556 3530 post

1977 3558 2251 3631 Mariam],
2287 3560 2395 3612 imo
2439 3573 2506 3612 ex
2544 3557 2716 3610 Maria
2749 3571 3000 3623 magnum
3029 3555 3197 3608 Deum
3229 3551 3559 3622 appellamus

1975 3647 2310 3703 Salvatorem
2354 3655 2600 3700 nostrum
2638 3643 2821 3698 Jcsum
2851 3641 3149 3706 Christum,
3180 3641 3273 3710 qui
3301 3639 3449 3694 dedit
3475 3655 3558 3695 se-

1976 3740 2262 3806 metipsum
2300 3749 2400 3804 pro
2443 3733 2615 3796 nobis,
2659 3740 2718 3786 ut
2742 3734 2978 3804 pretioso
3005 3731 3267 3802 sanguine
3296 3745 3396 3786 nos
3418 3729 3558 3785 redi-

1975 3833 2150 3879 meret
2173 3823 2240 3876 ab
2269 3822 2416 3877 omni
2451 3821 2755 3890 iniquitate,
2783 3829 2838 3874 et
2864 3819 3148 3875 mandaret
3173 3819 3276 3874 sibi
3301 3818 3559 3890 populum

1977 3910 2403 3985 [acceptabilem,
2441 3909 3058 3966 sectatorembonorum
3088 3923 3330 3979 operum,
3383 3909 3437 3962 id
3471 3917 3560 3964 est

1975 3999 2384 4070 mmulatorem].
2415 3999 2605 4071 (Vens.
2657 3998 2768 4070 15.)
2795 3998 2922 4052 Ilaec
2953 3997 3161 4068 loquere
3185 4006 3233 4050 et
3258 3996 3554 4050 cxhortare.

1977 4090 2130 4158 Quod
2159 4105 2289 4144 vero
2318 4091 2413 4155 ait,
2453 4089 2681 4161 loquere,
2726 4091 2794 4144 ad
2837 4088 3138 4144 doctrinam
3181 4086 3398 4142 videtur
3437 4099 3558 4140 esse

1977 4181 2351 4247 referendum;
2386 4181 2528 4251 quod
2558 4195 2685 4236 vero
2727 4179 2928 4246 intulit,
2976 4179 3272 4242 exhortare,
3317 4175 3385 4232 ad
3429 4190 3558 4231 con-

1977 4273 2293 4328 solationem
2341 4273 2593 4344 pertinet.
2653 4270 2806 4338 Quod
2854 4283 2984 4324 vero
3039 4267 3198 4323 tertio
3247 4264 3556 4322 subinl'ert:

1977 4365 2198 4435 Increpa
2218 4381 2334 4418 cum
2361 4363 2501 4418 omni
2530 4363 2766 4432 imperio,
2810 4359 2862 4414 id
2888 4365 2992 4422 est,
3021 4357 3327 4428 quicunque
3357 4355 3559 4411 doctri-

1975 4470 2099 4509 nam
2126 4466 2182 4508 et
2207 4452 2630 4508 consolationem
2673 4464 2778 4502 non
2821 4446 3032 4509 audiat,
3081 4444 3450 4515 increpatione
3487 4443 3559 4498 sit

1975 4544 2188 4614 dignus,
2223 4550 2279 4596 et
2299 4548 2571 4595 mereatur
2595 4536 2780 4592 audire
2806 4554 2819 4590 :
2853 4533 3014 4590 Obliti
3039 4535 3159 4589 estis
3181 4531 3557 4587 consolationis

1974 4651 2092 4706 quae
2117 4633 2258 4688 vobis
2304 4641 2358 4685 ut
2397 4629 2521 4700 ﬁliis
2563 4629 2794 4700 loquitur
2839 4627 3000 4680 Deus.
3057 4623 3225 4679 Nemo
3253 4632 3301 4677 te
3327 4629 3556 4676 contem-

1978 4732 2086 4788 nat,
2117 4722 2261 4776 hunc
2283 4735 2500 4775 sensum
2533 4717 2696 4772 habet
2720 4734 2734 4770 :
2762 4714 2930 4770 Nemo
2953 4727 3139 4770 eorum
3166 4711 3258 4783 qui
3287 4711 3342 4765 in
3370 4709 3556 4766 Eccle-

1977 4814 2056 4868 sia
2086 4819 2232 4878 sunt,
2267 4818 2321 4864 te
2349 4809 2586 4879 segniter
2626 4814 2818 4880 agente
2861 4804 2941 4858 sic
2988 4802 3154 4866 vivat,
3204 4807 3266 4853 ut
3305 4814 3363 4853 se
3401 4805 3555 4866 putet

1983 4901 2281 4958 meliorem.
2314 4898 2500 4965 Qualis
2542 4897 2686 4951 enim
2732 4892 3018 4949 aediﬁcatio
3059 4891 3166 4945 erit
3198 4887 3466 4958 discipuli,
3507 4887 3551 4941 si

1976 4994 2240 5065 intelligat
2267 4990 2524 5062 magistro
2556 5003 2614 5042 se
2650 5000 2770 5042 esse
2814 4981 3111 5053 majorem?
3155 4977 3308 5035 Unde
3334 4990 3554 5048 magno-

1975 5101 2107 5157 pere
2149 5083 2407 5155 episcopi,
2455 5077 2753 5152 presbyteri
2792 5084 2847 5131 et
2876 5073 3086 5130 diaconi
3135 5071 3334 5127 debent
3377 5066 3560 5138 provi-s

1977 5179 2126 5243 dere,
2157 5185 2217 5232 ut
2242 5182 2494 5231 cunctum
2521 5170 2778 5242 populum
2805 5167 2894 5224 cui
2922 5163 3232 5236 praesident,
3262 5173 3554 5216 conversa-

1978 5271 2122 5326 tione
2145 5277 2202 5324 et
2226 5279 2475 5323 sermone
2499 5263 2827 5335 prmcedant.

2479 5413 2644 5487 659
2688 5409 2920 5467 CAPUT
2954 5407 3040 5463 ιιι.

2045 5551 2206 5606 Vens.
2238 5550 2283 5604 l.
2308 5577 2377 5587 ——
2401 5546 2635 5601 Admone
2672 5543 2790 5598 illos
2834 5538 3155 5612 principibus
3189 5547 3238 5591 et
3280 5532 3562 5605 potestati-

1974 5649 2064 5702 bus
2095 5644 2324 5701 subditos
2352 5657 2480 5709 csse,
2511 5641 2650 5695 dicto
2679 5637 2910 5703 obedire,
2943 5634 3009 5689 ad
3037 5649 3187 5688 omne
3209 5645 3338 5702 opus
3363 5627 3569 5685 bonum
