4010 6182
503 356 568 408 it)
578 355 641 409 i3

1309 352 1371 406 Β.
1407 351 1468 406 F.
1505 349 1730 404 ALBINI
1770 349 1900 405 SEU
1942 347 2212 403 ALCUINI
2250 348 2532 403 OPERUM
2567 350 2744 405 PARS
2781 351 2841 405 11.

3616 350 3759 404 ιοει

502 476 714 540 paratos
727 482 856 519 esse.
875 463 1000 517 Tale
1015 463 1143 532 quid
1162 471 1216 516 et
1236 462 1302 516 ad
1319 457 1589 515 Romanos
1605 458 2070 514 scribitur:0mnis
2100 459 2149 518 Α
2173 457 2445 512 Christum
2474 459 2780 524 crederent,
2803 460 3157 513 damnaturus
3187 456 3370 530 (Cod.,
3397 458 3762 514 damnandus.

505 558 682 610 anima
714 553 1051 623 potestatibus
1079 550 1469 606 sublimioribus
1495 549 1703 603 subdita
1742 549 1828 613 sit,
1867 564 1972 601 non
1998 556 2073 600 est

503 647 638 698 enim
666 652 913 714 potestas,
938 643 1038 696 nisi
1063 659 1095 695 a
1119 641 1227 695 Deo
1255 641 1431 712 (Rom.
1457 657 1576 705 xm,
1603 638 1674 709 l).
1703 637 1860 710 [Nam
1888 646 1943 692 et
1964 638 2077 706 ipse

505 734 760 790 Dominus
816 733 1148 787 tentantibus
1196 731 1394 790 Iudaeis
1443 731 1717 800 respondit
1746 730 1802 802 :]
1858 729 2077 784 Reddite

503 819 700 875 Ctesari
753 837 872 892 quis
917 831 1038 876 sunt
1085 821 1340 886 Cwsaris,
1392 831 1440 875 et
1489 821 1593 874 Deo
1643 838 1759 888 quis
1811 831 1930 874 sunt
1981 820 2078 874 Dei

505 909 720 980 (Matth.
745 925 883 976 xm,
901 910 1014 981 21).
1044 909 1142 964 Cui
1187 910 1521 979 responsioni
1565 909 1762 963 Paulus
1805 909 2079 979 apostolus

503 1013 808 1070 congruens
854 999 1032 1064 docet,
1079 999 1414 1069 principibus
1465 1007 1522 1052 et
1566 993 1922 1068 potestatibus
1962 1011 2078 1052 cre-

503 1089 693 1144 dentes
721 1090 776 1142 in
804 1089 1022 1144 Christo
1051 1085 1248 1144 debere
1275 1103 1395 1143 esse
1427 1087 1720 1155 subjectos.
1752 1089 1970 1142 Poterat
1995 1089 2080 1142 bis

509 1178 601 1245 qui
629 1186 898 1232 tormenta
925 1178 1236 1243 formidant,
1274 1179 1488 1232 occasio
1515 1178 1580 1232 ad
1610 1178 1913 1248 negandum
1961 1179 2078 1232 dari

513 1264 601 1337 [ex
638 1266 741 1321 hoc
779 1265 1103 1337 praecepto];
1149 1265 1243 1320 sed
1287 1276 1442 1321 caute
1479 1265 1729 1334 subjecit,
1774 1268 1982 1322 obedire
2010 1269 2079 1322 ad

506 1371 657 1408 omne
683 1371 810 1424 opus
839 1351 1051 1408 bonum.
1096 1355 1154 1409 Si
1187 1355 1385 1409 bonum
1415 1365 1500 1410 est
1525 1356 1670 1424 quod
1701 1358 1953 1426 praecepit
1980 1358 2080 1410 im-

505 1453 722 1514 perator
754 1453 808 1500 et
833 1440 1054 1514 praeses,
1085 1446 1324 1516 jubentis
1347 1445 1646 1516 obsequere
1672 1447 1934 1501 voluntati
1958 1466 1970 1500 :
1997 1449 2079 1502 sin

503 1551 633 1591 vero
661 1537 864 1590 malum
891 1543 945 1592 et
967 1546 1162 1592 contra
1195 1536 1364 1590 Deum
1391 1537 1552 1605 sapit,
1581 1537 1846 1606 responde
1869 1537 1919 1591 ei
1950 1537 2080 1592 illud

455 1610 458 1613 l
504 1627 570 1682 de
603 1625 828 1685 Actibus
871 1627 1232 1697 apostolorum
1270 1647 1282 1680 :
1316 1626 1537 1681 Obedire
1569 1637 1767 1698 oportet
1809 1627 1919 1682 Deo
1961 1644 2078 1682 ma-

502 1719 580 1787 gis
605 1735 761 1788 quam
784 1719 1080 1772 hominibus
1113 1718 1249 1790 (Act.
1289 1734 1343 1783 v,
1389 1711 1514 1789 29)."
1554 1718 1666 1773 Hoc
1709 1719 1884 1787 ipsum
1923 1727 1980 1773 et
2013 1719 2078 1772 de

2178 545 2356 612 lIier.,
2387 549 2454 603 ad
2479 563 2591 604 eos.
2613 589 2626 602 .
2645 587 2661 602 .
2688 547 3073 620 vinciendos).]

2250 635 2412 690 Vens.
2443 637 2558 690 4—7.
2592 667 2663 678 —-
2697 637 2829 708 Cum
2857 647 3031 691 autem
3067 637 3358 708 benignitas
3385 646 3435 691 et
3461 637 3767 691 humanitas

2178 725 2422 792 apparuit
2448 705 2743 781 Saluatori;
2769 726 2932 779 nostri
2953 725 3068 788 Dei,
3101 705 3206 778 non
3232 741 3298 778 ea:
3331 725 3570 795 operibus
3592 726 3768 794 justi—

2177 814 2264 868 tiar
2299 831 2415 886 qua:
2455 816 2676 884 fecimus
2720 832 2836 880 nos,
2883 815 2974 869 sed
3017 815 3303 869 secundum
3344 815 3766 868 misericordiam

2177 921 2328 958 suam
2356 904 2526 961 salvos
2569 925 2661 961 nos
2707 907 2827 976 fecit
2864 924 2957 978 per
2984 907 3250 961 lavacrum
3280 908 3688 978 regenerationis
3718 917 3768 961 et

2178 994 2526 1049 renovationis
2550 994 2780 1066 Spiritus
2801 997 2991 1062 sancti,
3020 1013 3173 1068 quem
3194 997 3381 1066 effudit
3407 999 3463 1050 in
3485 1013 3578 1052 nos
3600 997 3769 1052 aban-

2178 1081 2364 1136 danter
2403 1101 2498 1154 per
2534 1083 3021 1140 Jesum'Christum
3065 1085 3349 1140 Dominum
3397 1096 3654 1154 nostrum,
3711 1098 3765 1142 ut

2169 1171 2454 1242 justiﬁcati
2476 1175 2648 1244 gratia
2675 1175 2841 1245 ipsius
2860 1164 3092 1230 heredes
3112 1175 3277 1229 simus
3305 1175 3590 1229 secundum
3615 1192 3766 1246 spat

2177 1261 2295 1314 vita
2330 1271 2558 1317 cateruae.
2605 1263 2927 1334 Diligentius
2971 1264 3316 1319 attendamus
3337 1273 3394 1319 et
3421 1264 3767 1320 inveniemus

2179 1352 2233 1406 in
2282 1355 2536 1422 praesenti
2591 1354 2826 1426 capitulo
2868 1353 3366 1410 manifestissimam
3413 1355 3760 1409 Trinitatem.

2177 1442 2485 1513 Benignitas
2505 1444 2701 1514 quippe
2722 1451 2778 1499 et
2798 1443 3083 1499 clementia
3111 1443 3408 1498 Salvatoris
3430 1444 3601 1500 nostri
3633 1445 3760 1508 Dei,

2177 1546 2284 1586 non
2322 1530 2546 1588 alterius
2569 1547 2733 1603 quam
2761 1533 2854 1588 Dei
2883 1533 3083 1599 Patris,
3111 1549 3210 1604 per
3235 1533 3508 1589 lavacrum
3535 1549 3764 1605 regene-

2179 1621 2405 1676 rationis
2425 1630 2483 1676 et
2509 1623 2878 1678 renovationis
2901 1621 3136 1692 Spiritus
3161 1623 3356 1688 sancti,
3385 1635 3544 1692 quem
3569 1622 3764 1679 effudit

2180 1725 2342 1779 super
2371 1727 2468 1766 nos
2494 1710 2831 1779 abundanter
2852 1727 2949 1782 per
2976 1709 3158 1766 laesum
3193 1711 3467 1767 Christum
3511 1711 3762 1768 Salvato-

503 1812 675 1862 servls
724 1807 1084 1878 intelligamus
1122 1808 1262 1876 apud
1310 1808 1580 1871 dominos,
1622 1815 1678 1862 et
1714 1807 1781 1862 de
1821 1807 2078 1861 uxoribus
2110 1797 2152 1857 Β
2181 1817 2295 1856 rem
2345 1811 2612 1868 nostrum,
2656 1801 2973 1871 justiﬁeavit
3010 1816 3109 1857 nos
3158 1802 3213 1856 in
3258 1803 3424 1856 vitam
3465 1813 3757 1858 .aiternam.

502 1899 644 1967 apud
689 1899 856 1964 viros,
886 1906 940 1953 et
967 1898 1032 1953 de
1060 1897 1183 1953 filiis
1231 1898 1373 1967 apu’d
1400 1906 1652 1968 parentes
1719 1895 1797 1968 [et
1824 1895 1892 1952 de
1921 1896 2081 1950 disci-

502 1989 644 2059 pulis
679 1990 821 2058 apud
859 1987 1192 2060 magistros,]
1238 1988 1381 2058 quod
1423 1988 1478 2041 in
1523 1987 1626 2042 illis
1671 1987 1778 2059 [hae
1814 1985 2078 2057 personae]

502 2086 713 2131 tantum
741 2077 969 2132 debeant
998 2077 1223 2145 subjecti
1245 2093 1364 2133 esse
1387 2075 1726 2149 [majoribus]
1752 2092 1872 2145 qua:
1891 2086 2082 2132 contra

505 2170 600 2223 Dei
624 2170 880 2223 mandata
911 2184 1016 2224 non
1049 2169 1298 2234 veniant;
1344 2167 1421 2239 [et
1446 2169 1510 2223 ad
1538 2183 1600 2223 ea
1630 2177 1837 2221 tantum
1863 2176 2082 2236 paratos

506 2274 625 2313 esse
675 2274 793 2328 qua:
841 2267 1027 2313 contra
1069 2258 1282 2312 Domini
1331 2257 1584 2312 mandata
1629 2272 1735 2310 non
1775 2255 2077 2327 jnhentur.]

505 2347 692 2417 (Vsus.
714 2345 794 2418 ‘2.)
829 2346 1102 2400 Neminem
1129 2361 1343 2415 quoque
1387 2339 1760 2416 blasphemare.
1793 2345 1960 2415 Igitur
1985 2344 2104 2402 Mi-_

501 2435 656 2490 chael
699 2435 1074 2506 archangelus,
1111 2435 1321 2505 quando
1367 2451 1485 2489 cum
1529 2433 1737 2488 diabolo
1782 2434 2106 2503 disputabat

502 2528 566 2580 de
595 2527 767 2598 Moysi
805 2543 1038 2597 corpore,
1090 2544 1195 2580 non
1241 2527 1341 2595 fuit
1383 2543 1544 2580 ausus
1592 2526 1786 2595 inferre
1817 2525 2079 2596 judicium

503 2618 868 2689 blasphemus,
903 2619 992 2672 sed
1035 2618 1165 2672 dixit
1193 2632 1211 2670 :
1238 2619 1452 2687 imperet
1501 2617 1591 2670 tibi
1634 2608 1774 2670 Deus
1814 2615 1964 2687 (Jud.
1997 2615 2074 2686 9).

504 2711 647 2781 Ergo
673 2710 717 2766 si
745 2709 968 2766 Michael
991 2726 1098 2764 non
1125 2710 1226 2764 fuit
1253 2726 1417 2765 ausus
1446 2710 1681 2774 diabolo,
1710 2717 1766 2764 et
1794 2718 1941 2764 certe
1963 2724 2080 2762 ma-

504 2800 791 2856 ledictione
829 2801 1165 2868 dignissimo,
1189 2799 1449 2867 judicium
1480 2799 1680 2854 inferre
1707 2798 2075 2868 blasphemia-3,

500 2899 704 2960 quanto
751 2891 922 2962 magis
965 2907 1063 2946 nos
1102 2890 1169 2944 ab
1205 2891 1351 2944 omni
1379 2890 1662 2945 maledicto
1690 2891 1811 2960 puri
1840 2905 1960 2946 esse
1986 2890 2079 2944 de-

502 2982 726 3036 bemus?
764 2980 1071 3034 Merebatur
1095 2979 1340 3035 diabolus
1375 2981 1738 3046 maledictum,
1771 2982 1863 3036 sed
1893 2995 1990 3050 per
2016 2996 2078 3036 es

504 3070 813 3139 archangeli
843 3070 992 3122 exire
1036 3084 1140 3122 non
1175 3067 1379 3124 debuit.
1413 3069 1526 3124 Hoc
1571 3086 1713 3125 nunc
1757 3078 1965 3125 tantum
1997 3071 2080 3125 di-

2181 1893 2339 1948 Salus
2377 1894 2710 1949 credentium
2753 1893 3067 1964 mysterium
3098 1893 3378 1948 Trinitatis
3409 1905 3495 1948 est
3530 1892 3617 1965 [ut
3644 1895 3762 1964 ipse

2180 1984 2439 2038 Dominus
2467 1984 2520 2038 in
2543 1984 2834 2053 Evangelio
2876 1985 2954 2038 ait
2979 2002 2992 2037 :
3024 1984 3126 2048 Ite,
3147 1984 3323 2037 docete
3363 2000 3557 2038 omnes
3586 1995 3760 2054 gentes

2180 2072 2497 2143 baptizantes
2528 2091 2614 2129 eos
2656 2075 2712 2128 in
2755 2075 2963 2128 nomine
2988 2073 3172 2129 Patris
3195 2084 3244 2129 et
3276 2073 3404 2128 Filii
3442 2086 3490 2130 et
3523 2075 3758 2145 Spiritus

2179 2163 2366 2216 sancti.
2421 2162 2538 2218 Non
2587 2165 2694 2218 erit
2736 2164 2975 2235 legitime
3025 2164 3361 2234 baptizatus,
3404 2165 3509 2220 nisi
3535 2166 3756 2223 invoceo

2181 2261 2267 2306 tur
2312 2268 2506 2308 nomen
2543 2263 2744 2310 sancta:
2787 2255 3070 2309 Trinitatis
3106 2271 3270 2325 super
3294 2270 3420 2310 eum
3447 2257 3540 2325 qui
3581 2256 3758 2328 bapti-

2181 2343 2384 2398 zandus
2425 2351 2529 2399 est.
2571 2345 2696 2400 Ideo
2718 2345 2818 2400 sub
2848 2345 3188 2402 festinatione
3223 2348 3550 2403 currendum
3576 2359 3662 2404 est
3689 2351 3754 2404 ad

2179 2431 2528 2502 baptismum,
2563 2449 2631 2488 ne
2666 2435 2804 2489 forte
2832 2436 2949 2491 sine
2983 2447 3323 2492 sacramento
3349 2438 3541 2493 salutis
3571 2439 3754 2506 hujus-

2180 2527 2324 2581 modi
2351 2529 2591 2598 rapiatur
2624 2529 2801 2586 infans
2825 2531 2892 2586 de
2913 2532 3015 2587 hac
3044 2531 3207 2604 luce].
3254 2531 3419 2605 (Vsus
3439 2535 3520 2604 8.)
3552 2534 3751 2589 Fidelis

2179 2635 2348 2673 sermo
2373 2629 2447 2674 est
2473 2636 2490 2674 :
2517 2631 2565 2674 et
2592 2622 2656 2676 de
2681 2623 2762 2675 Itis
2791 2621 2904 2677 volo
2923 2633 2971 2676 te
2993 2625 3327 2693 conﬁrmare,
3358 2634 3412 2678 ut
3443 2643 3628 2679 curam
3659 2628 3752 2682 Isa-

2180 2708 2328 2762 beant
2346 2709 2490 2765 bonis
2505 2713 3156 2784 operibusGGOprcesse,
3169 2716 3258 2784 qui
3281 2715 3498 2769 creduat
3515 2717 3573 2769 in
3587 2714 3751 2770 Deum

2181 2796 2332 2869 [Leg.
2358 2801 2449 2870 qui
2473 2800 2688 2855 credunt
2727 2801 2884 2874 Deo].
2939 2802 3067 2858 Hcec
3088 2813 3208 2858 sunt
3238 2804 3372 2857 bona
3397 2814 3444 2858 et
3474 2801 3628 2860 utilia
3651 2807 3749 2859 ho-

2178 2888 2424 2943 minibus.
2470 2889 2583 2946 Hoc
2618 2891 2762 2960 quod
2802 2893 2900 2957 ait,
2940 2892 3111 2962 ﬁdelis
3145 2910 3335 2959 sermo,
3374 2894 3440 2948 ad
3469 2896 3749 2964 superiora

2171 2977 2503 3049 jungendum
2545 2989 2647 3046 est,
2693 2983 2748 3036 in
2783 2983 2978 3052 quibus
3016 2981 3369 3054 promiserat,
3388 2995 3446 3037 ut
3466 2985 3750 3055 justi/ictui

2178 3069 2349 3138 gratia
2381 3070 2543 3142 ipsius
2583 3071 2810 3126 hceredes
2837 3074 3122 3142 eﬁiciamur
3149 3073 3434 3127 secundum
3467 3090 3609 3143 spem
3634 3075 3750 3128 rita

502 3161 647 3213 xisse
671 3156 918 3224 suliiciat,
953 3159 1094 3226 quod
1130 3159 1504 3230 blasphemare
1539 3160 1740 3216 Christi
1784 3153 2149 3231 discipulosc
2179 3166 2408 3214 «sternte.
2462 3160 2669 3231 Dignus
2725 3161 2870 3216 enim
2929 3161 3034 3217 ﬁde
3081 3177 3242 3232 super
3287 3162 3597 3218 haereditate
3652 3163 3750 3218 Dei

499 3263 608 3302 non
651 3256 895 3318 oportet,
919 3263 1040 3315 nec,
1089 3250 1231 3319 quod
1281 3251 1516 3315 additur,
1564 3267 1673 3304 esse
1701 3251 1990 3322 litigiosos;
2029 3253 2075 3307 si

499 3338 645 3392 enim
667 3353 854 3394 sumus
891 3339 984 3394 lilii
1012 3342 1182 3410 pacis,
1212 3349 1268 3394 et
1295 3341 1542 3397 volumus
1571 3357 1735 3412 super
1758 3357 1857 3398 nos
1884 3358 2074 3412 pacem

501 3432 863 3502 requiescere,
891 3441 946 3488 et
977 3433 1302 3508 accessimus
1335 3431 1403 3485 ad
1438 3430 1738 3488 Jerusalem
1773 3435 2074 3502 caelestem,

500 3537 619 3591 quze
645 3538 712 3578 ex
742 3537 876 3591 pace
924 3535 1121 3576 nomen
1168 3521 1387 3590 accipit,
1433 3537 1554 3576 cum
1602 3521 1689 3577 his
1727 3523 1818 3592 qui
1847 3525 2076 3580 oderunt

499 3626 684 3680 pacem
720 3610 1013 3667 habeamus
1045 3625 1234 3681 pacem
1264 3629 1277 3664 :
1319 3618 1375 3666 et
1409 3619 1668 3680 quantum
1694 3613 1750 3666 in
1787 3612 1940 3669 nobis
1969 3623 2074 3681 est,

498 3717 623 3757 cum
671 3703 921 3757 omnibus
967 3701 1276 3757 hominibus
1313 3702 1490 3770 pacati
1529 3701 1718 3768 simus,
1757 3718 1864 3758 non
1901 3705 2075 3760 solum

500 3805 625 3844 cum
651 3789 930 3855 modestis,
979 3791 1075 3844 sed
1117 3792 1281 3845 etiam
1327 3808 1450 3847 cum
1500 3793 1718 3859 rixosis,
1762 3797 1888 3864 quia
1930 3791 2105 3852 nulla.

500 3880 676 3934 virtus
738 3889 822 3934 est
885 3879 1027 3936 ferre
1084 3891 1437 3949 mansuetos;
1506 3893 1832 3954 quapropter
1894 3887 2072 3943 locum

500 3969 690 4024 demus
732 3970 846 4034 irae,
890 3969 1105 4026 Omnem
1147 3974 1470 4029 ostendentes
1511 3978 1961 4032 mansuetudinem
2002 3980 2071 4034 ad

498 4073 672 4112 omnes
697 4059 947 4114 homines.

569 4150 734 4205 Vsus.
763 4150 814 4204 3.
839 4148 1157 4205 —Fuimus
1210 4155 1348 4206 enim
1393 4164 1440 4208 et
1484 4171 1577 4209 nos
1619 4155 1902 4226 aliquando
1942 4158 2072 4212 insi-

495 4240 690 4309 pientes
710 4247 758 4292 et
777 4239 1055 4304 increduli,
1095 4251 1349 4307 errantes,
1391 4244 1666 4298 servientes
1709 4243 1980 4300 desideriis
2021 4257 2069 4301 et

496 4330 843 4402 voluptatibus
870 4331 1049 4396 variis,
1085 4332 1140 4384 in
1172 4331 1374 4386 malitia
1403 4343 1448 4386 et
1472 4333 1665 4387 invidia
1692 4345 1922 4404 agentes,
1952 4338 2068 4391 odi-

495 4421 644 4488 biles,
675 4421 902 4476 odientes
924 4421 1156 4476 invicem.
1182 4422 1397 4490 Quaerat
1421 4423 1612 4492 aliquis
1636 4427 1904 4494 quomodo
1930 4427 2068 4483 Pau-

2179 3263 2376 3314 sermo,
2407 3257 2466 3304 et
2490 3266 2654 3321 super
2687 3266 2782 3321 spe
2819 3252 2944 3306 vita:
2971 3260 3204 3307 aeternae.
3249 3251 3398 3308 Unde
3429 3261 3637 3321 oportet
3676 3254 3748 3308 de

2176 3338 2262 3392 his
2286 3353 2394 3393 non
2421 3340 2662 3406 dubium,
2686 3355 2793 3395 non
2824 3341 3122 3407 timentem,
3153 3351 3209 3396 et
3231 3342 3403 3412 ipsum
3427 3341 3667 3406 credere,
3691 3352 3750 3396 et

2175 3435 2236 3480 ut
2255 3429 2480 3484 credant
2503 3430 2706 3495 caeteri,
2731 3430 3202 3486 conﬁrmare.Non
3223 3432 3396 3486 solum
3416 3441 3598 3488 autem
3620 3433 3744 3500 hoc.

2175 3516 2270 3570 sed
2303 3522 2359 3572 et
2386 3517 2491 3574 hoc
2529 3534 2652 3574 cum
2690 3520 2901 3575 caeteris
2938 3521 3024 3576 his
3058 3521 3150 3590 qui
3190 3521 3462 3577 voluerint
3505 3525 3742 3588 credere,

2174 3605 2605 3663 confirmandum
2635 3618 2719 3664 est
2744 3629 2755 3664 :
2783 3621 3111 3682 quapropter
3144 3612 3239 3677 ait,
3270 3621 3318 3666 et
3352 3613 3418 3666 de
3444 3613 3526 3667 bis
3554 3613 3664 3668 volo
3694 3624 3744 3668 te

2174 3697 2503 3765 conﬁrmare.
2546 3698 2649 3766 Qui
2677 3702 2858 3755 autem
2913 3702 3012 3756 ista
3058 3717 3187 3757 vera
3233 3716 3355 3758 esse
3397 3704 3738 3768 crediderint,

2173 3801 2394 3842 necesse
2438 3797 2522 3843 est
2569 3798 2630 3844 ut
2678 3806 2863 3846 curam
2924 3792 3158 3847 habeant
3209 3793 3473 3848 bonorum
3517 3809 3774 3862 operum,

2176 3873 2534 3949 [adimplere],
2577 3892 2675 3948 per
2712 3895 2832 3949 quae
2875 3881 3162 3936 haereditas
3205 3882 3303 3938 Dei
3353 3890 3402 3938 et
3438 3897 3559 3951 spes
3608 3882 3731 3936 vita

2171 3975 2510 4035 praeparatur
2546 3975 2782 4024 internae.
2812 3969 2879 4023 Et
2910 3970 3156 4039 pulchre,
3198 3981 3261 4027 ut
3291 3974 3548 4044 majorem
3576 3970 3738 4026 ﬁdem

2171 4053 2396 4120 faceret,
2441 4071 2548 4111 non
2590 4057 2746 4123 dixit,
2791 4060 2883 4129 qui
2916 4061 3143 4115 credunt
3171 4062 3506 4128 hominibus,
3531 4062 3626 4118 sed
3651 4062 3738 4130 qui

2170 4145 2396 4199 credunt
2435 4146 2565 4203 Deo.
2609 4146 2841 4203 Necesse
2876 4158 2959 4203 est
2997 4150 3142 4204 enim
3171 4159 3232 4205 ut
3255 4167 3443 4206 curam
3481 4152 3736 4206 bonorum

2169 4249 2391 4304 operum
2440 4237 2706 4300 habeant,
2763 4255 2883 4308 qua:
2936 4240 3225 4312 adimpleta
3272 4251 3328 4298 et
3372 4243 3522 4299 omni
3568 4242 3740 4297 studio

2168 4337 2474 4397 perpetrata
2501 4331 2641 4384 bona
2671 4339 2798 4386 sunt
2832 4332 3093 4402 utiliaque
3137 4334 3506 4391 credentibus.
3555 4333 3737 4406 (Vsus.

2169 4417 2248 4487 9.)
2280 4417 2483 4473 Stultos
2507 4428 2680 4474 autem
2706 4423 3036 4492 quastiones,
3074 4432 3123 4478 et
3157 4425 3508 4498 genealogias,
3543 4441 3593 4484 et
3618 4450 3738 4487 con-

495 4512 579 4566 lus
598 4524 740 4567 esset
765 4512 1042 4580 insipiens,
1067 4513 1394 4580 incredulus,
1415 4527 1624 4581 errans,
1649 4523 1704 4570 et
1720 4517 1962 4572 serviens
1977 4520 2068 4574 de-

2175 4509 2440 4577 tention'es,
2481 4524 2529 4566 et
2553 4529 2752 4583 pugnas
2785 4513 2910 4585 legis
2948 4515 3150 4580 devita;
3191 4527 3314 4571 sunt
3362 4495 3498 4573 enim
3531 4523 3737 4577 inutiles

495 4601 707 4656 sideriis
730 4611 784 4656 ct
807 4602 969 4656 variis
993 4604 1358 4676 voluptatibus
1379 4605 1431 4657 in
1456 4605 1660 4659 malitia
1685 4614 1740 4661 et
1758 4607 1812 4661 in
1840 4607 2064 4677 invidia,

494 4705 617 4745 cum
646 4691 916 4746 eruditum
944 4707 1065 4746 eum
1101 4694 1166 4748 ad
1198 4696 1360 4764 pedes
1390 4694 1688 4752 Gamalihel
1715 4707 1772 4752 et
1796 4699 1864 4754 ab
1890 4699 2068 4755 infan-

497 4781 568 4836 tia
599 4782 770 4836 sacris
800 4781 997 4837 litteris
1037 4784 1342 4840 institutum
1391 4785 1880 4861 [Adde:legamus]
1927 4791 2062 4862 (Act.

490 4871 660 4944 xm)!
713 4869 818 4926 Sed
849 4871 918 4926 ab
945 4888 1010 4927 eo
1043 4881 1281 4943 tempore
1304 4891 1410 4945 quo
1440 4876 1491 4930 in
1519 4876 1791 4931 Christum
1817 4895 1919 4932 non
1948 4895 2068 4935 cre-

491 4959 648 5026 didit,
702 4958 841 5032 [hzec
876 4961 941 5016 de
983 4961 1074 5017 illo
1106 4961 1252 5030 juste
1278 4965 1380 5019 dici
1409 4975 1722 5035 potuerunt,
1753 4969 1894 5036 quod
1925 4979 2069 5025 esset

494 5051 753 5122 insipiens
789 5059 845 5105 et
879 5051 1089 5107 invidus
1131 5055 1288 5109 saluti
1325 5055 1805 5130 Christianorum]
1852 5059 1932 5113 An
1983 5063 2065 5116 di-

492 5140 721 5194 cendum
742 5147 824 5193 est
851 5140 1074 5194 Paulum
1116 5157 1222 5197 non
1265 5143 1430 5199 fuisse
1470 5146 1812 5216 insipientem
1862 5147 2064 5221 [Hier.,

493 5246 560 5284 an
586 5248 692 5287 non
725 5233 879 5287 nobis
917 5233 1131 5288 videtur
1153 5235 1352 5290 Paulus
1383 5236 1545 5292 fuisse
1571 5237 1810 5312 Stultus],
1852 5242 2066 5308 quando

494 5320 724 5377 habebat
751 5323 923 5378 zelum
946 5323 1063 5391 Dei,
1090 5325 1183 5380 sed
1210 5341 1317 5382 non
1347 5328 1641 5384 secundum
1670 5329 1980 5396 scientiam;
2011 5337 2067 5386 et

491 5413 911 5482 persequebatur
943 5415 1236 5472 Ecclesiam
1266 5427 1321 5474 et
1348 5418 1697 5489 lapidantium
1730 5421 2062 5491 Stephanum

490 5502 806 5557 vestimenta
845 5506 1127 5573 servabat;
1175 5523 1296 5564 cum
1334 5510 1388 5564 in
1427 5520 1634 5566 tantum
1663 5511 1845 5566 odium
1873 5517 2061 5566 contra

492 5589 821 5670 Salvatorcm
867 5595 1151 5666 instigatus
1193 5602 1498 5666 exarserit,
1549 5609 1609 5657 ut
1647 5602 1854 5657 litteras
1897 5617 1927 5654 a
1973 5616 2059 5655 sa-

490 5681 796 5737 cerdotibus
849 5685 1116 5753 acciperet
1161 5704 1390 5758 pergens
1444 5693 1794 5758 Damascum,
1841 5691 1953 5764 [qui
2002 5695 2052 5748 in

2167 4610 2217 4655 et
2258 4619 2423 4656 vanae.
2467 4601 2534 4673 [A
2558 4604 2710 4658 vanis
2734 4619 2863 4675 ergo
2887 4613 2942 4658 et
2969 4607 3237 4661 rationem
3262 4623 3368 4662 non
3400 4610 3737 4678 habentibus,

2167 4703 2222 4746 et
2251 4692 2372 4747 ﬁdei
2399 4693 2676 4748 catholicae
2700 4709 2806 4749 non
2829 4694 3131 4752 faventibus
3160 4708 3378 4756 revocat
3391 4699 3502 4758 'nos
3515 4703 3740 4773 Aposto-

2166 4781 2250 4838 lus
2283 4783 2714 4856 quazstionibus.]
2759 4785 3026 4841 Caeterum
3073 4789 3141 4843 ad
3189 4788 3480 4861 sapientes,
3524 4803 3580 4849 et
3615 4811 3740 4864 qua:

2170 4870 2567 4939 Scripturarum
2612 4874 2929 4928 auctoritate
2963 4883 3088 4930 sunt
3130 4877 3299 4945 fulta,
3341 4883 3509 4952 magis
3542 4884 3742 4937 cohor-

2171 4969 2315 5016 tatur
2352 4971 2407 5016 et
2439 4970 2732 5031 provocat:
2766 4966 2924 5019 modo
2972 4981 3081 5020 non
3130 4968 3202 5021 sit
3246 4984 3445 5040 corpus
3489 4979 3738 5031 nostrum

2168 5054 2439 5109 subditum
2467 5054 2721 5123 peccatis,
2765 5062 2820 5109 et
2855 5055 3189 5126 ingredietur
3217 5059 3270 5113 in
3304 5076 3405 5116 nos
3451 5063 3738 5131 sapientia.

2168 5145 2494 5199 Exerceatur
2519 5160 2672 5200 mens
2697 5147 2955 5214 quotidie,
2989 5146 3170 5203 divina
3194 5149 3428 5207 lectione
3450 5163 3738 5222 pascatur:

2167 5241 2221 5287 et
2257 5236 2578 5303 qumstiones
2626 5244 2826 5290 nostrae
2872 5237 3047 5292 stulta:
3075 5253 3182 5294 non
3209 5251 3367 5295 erunt
3391 5243 3740 5311 quaestiones.

2168 5323 2320 5392 Quod
2353 5335 2530 5381 autem
2559 5327 2635 5380 ait
2658 5345 2670 5380 :
2700 5324 3038 5397 Genealogias
3065 5337 3115 5382 et
3140 5333 3490 5386 contentiones
3519 5342 3569 5386 et
3596 5336 3743 5389 rixas

2165 5433 2282 5485 qua:
2327 5417 2534 5470 veniunt
2573 5431 2638 5469 ea:
2669 5418 2777 5485 lege
2807 5416 3011 5482 devita;
3052 5420 3266 5488 proprie
3305 5421 3482 5490 pulsat
3523 5420 3743 5477 Iudaeos

2165 5508 2255 5576 qui
2280 5507 2332 5560 in
2354 5522 2419 5562 eo
2448 5524 2506 5562 se
2525 5506 2757 5576 jactant,
2789 5516 2844 5562 et
2863 5517 3055 5576 putant
3081 5509 3214 5578 legis
3235 5511 3435 5566 habere
3459 5513 3740 5576 notitiam,

2164 5598 2207 5651 si
2260 5601 2476 5654 nomina
2537 5610 2754 5658 teneant
2783 5602 3134 5670 singulorum
3160 5645 3175 5668 ,
3227 5603 3369 5676 [quat
3411 5606 3744 5675 quaestiones

2163 5693 2469 5752 Christiano
2521 5711 2624 5752 non
2679 5697 3045 5769 conveniunt,]
3094 5698 3177 5755 cui
3216 5699 3346 5754 rixae
3387 5698 3589 5770 legales
3617 5697 3740 5771 [per
