4010 6182
320 249 460 307 1οΞ5

991 248 1402 306 EXEGETICA.
1433 277 1506 290 -
1540 248 1783 306 EXPOS.
1825 249 1890 305 IN
1927 247 2144 306 EPIST.
2185 251 2244 306 S.
2284 249 2488 307 PAULI
2522 251 2614 305 AD
2651 249 2916 308 PIIILEM.

3430 259 3566 313 {0'26

314 365 628 437 patientiam
667 363 864 436 (κίστη
903 365 1162 436 penitus)]
1195 367 1507 435 respuenda:
1533 376 1676 430 sunt,
1717 377 1770 422 et
1797 367 1890 424 Ju-
1919 375 1965 432 Α
1992 373 2343 442 temperatis,
2389 387 2605 426 rursum
2655 371 2972 426 Corinthum
3023 367 3328 422 revertisse.
3383 367 3564 424 Zenan

315 457 554 512 dzeorum
597 455 834 510 stultitia:
885 455 1279 523 relinquendae;
1331 465 1458 511 sunt
1493 457 1638 512 enim
1678 458 1896 514 inutiles

313 555 367 599 et
417 559 601 607 vanre,
651 559 772 612 quas
825 553 1034 598 tantum
1086 546 1320 614 speciem
1370 547 1609 601 scientiae
1658 548 1896 604 habeant

314 635 517 708 [Hier.,
542 634 796 705 habent];
827 645 1084 690 caeterum
1107 651 1203 690 nec
1225 637 1528 691 dicentibus
1550 653 1650 692 nec
1676 640 1896 694 audien-

314 726 458 780 tibus
486 734 732 795 prosunt.

385 815 550 870 Vens.
567 816 655 881 lO,
672 816 757 868 11.
771 841 843 856 ἀ·-
854 814 1170 870 Ηιενειὶεαηι
1187 817 1446 870 hominem
1457 827 1571 887 post
1589 835 1744 872 unam
1757 829 1806 872 et
1818 835 1896 872 se-

315 905 540 960 cundam
557 906 931 973 correptionem
949 905 1139 958 devita.
1167 904 1348 960 Sciens
1364 904 1487 975 quia
1509 907 1781 962 subversas
1796 917 1894 973 est,

313 1011 402 1065 qut
426 993 728 1062 hujusmodi
751 1002 848 1057 est,
879 1003 926 1046 et
946 993 1218 1064 delinquit,
1242 1009 1358 1046 cum
1381 993 1446 1047 sit
1470 996 1677 1064 proprio
1689 995 1896 1065 judicio

317 1086 712 1140 condemnatus.
740 1085 980 1140 Hieresin
1023 1087 1091 1140 ad
1117 1085 1338 1141 Galatas
1366 1088 1506 1141 inter
1529 1090 1706 1144 carnis
1732 1105 1896 1160 opera

317 1173 460 1228 idem
493 1175 798 1228 numeravit
824 1171 1310 1246 apostolus(Galat.
1331 1191 1382 1240 v,
1403 1176 1469 1231 19
1488 1177 1641 1248 seq.).
1665 1177 1898 1234 Haaresis

316 1264 502 1320 Graece
523 1265 591 1319 ab
611 1266 874 1321 electione
896 1268 1112 1331 dicitur,
1135 1269 1274 1336 quod
1296 1269 1503 1323 scilicet
1529 1271 1899 1340 unusquisque

319 1354 372 1408 id
393 1355 495 1409 sibi
528 1355 691 1426 eligat
709 1357 851 1424 quod
871 1357 919 1411 ei
939 1357 1129 1411 melius
1147 1371 1264 1411 esse
1281 1359 1545 1413 videatur.
1578 1359 1896 1414 Ha'relicum

320 1442 486 1511 igitur
517 1442 778 1497 hominem
817 1454 933 1514 post
975 1462 1133 1498 unam
1175 1455 1223 1498 et
1267 1446 1489 1500 alteram
1525 1449 1895 1518 correptionem

318 1533 508 1588 devita.
547 1533 660 1589 Hoc
688 1535 808 1590 ideo
832 1536 908 1589 ait
935 1537 1075 1605 quod
1103 1537 1310 1592 scilicet
1354 1555 1462 1593 non
1505 1539 1739 1595 sufﬁciat
1779 1548 1898 1595 tan-

321 1633 434 1678 tum
458 1623 624 1678 semel
651 1639 774 1679 eum
803 1626 1003 1696 corripi
1028 1625 1110 1681 vel
1141 1628 1470 1682 commoneri
1498 1629 1590 1698 qui
1619 1629 1797 1697 aliquo
1829 1629 1899 1684 sit

1999 475 2128 514 vero
2166 459 2577 532 legisdoctorem
2604 460 2670 514 de
2697 460 2803 515 alio
2838 459 3130 528 Scripturze
3167 457 3305 523 loco,
3337 458 3427 526 qui
3454 457 3568 514 fue-

2001 549 2074 602 rit
2102 564 2208 603 uon
2234 565 2520 620 possumus
2553 552 2754 615 dicere,
2785 550 2887 604 nisi
2917 549 3019 602 hoc
3045 556 3254 601 tantum
3277 549 3416 616 quod
3453 549 3570 618 ipse

1999 637 2320 708 apostolicus
2347 639 2430 693 vir
2453 639 2506 692 id
2527 639 2729 708 operis,
2756 639 2914 710 θοι
2961 637 3101 707 quod
3138 635 3326 706 Apollo
3351 651 3569 692 exerce-

1998 728 2110 793 bat,
2141 728 2409 793 habuerit,
2439 727 2640 783 Christi
2676 728 2944 783 Ecclesias
2979 727 3305 782 exstrueudi.
3357 726 3568 781 Praece-

1996 816 2076 884 pit
2105 815 2284 883 itaque
2313 816 2458 882 Tito,
2501 825 2561 870 ut
2600 817 2851 885 quoniam
2897 815 2964 870 de
3003 814 3163 869 Creta
3204 815 3256 868 in
3305 814 3567 870 Graeciam

1997 907 2298 975 navigaturi
2360 914 2558 972 erant,
2623 922 2728 961 non
2777 921 2870 961 eos
2930 906 3092 961 faciat
3147 907 3382 960 sitarciis
3430 907 3569 960 indi-

1997 1009 2144 1064 gere,
2188 996 2282 1050 sed
2329 996 2531 1050 habere
2575 1010 2638 1050 ea
2687 1011 2806 1064 quae
2844 997 2911 1050 ad
2955 996 3209 1050 viaticum
3257 997 3566 1052 necessaria

1999 1094 2144 1140 sunt.

2069 1177 2232 1232 Vens.
2263 1176 2351 1228 14.
2380 1207 2453 1216 —
2495 1175 2711 1230 Discant
2746 1186 2918 1230 autem
2957 1184 3005 1230 et
3036 1177 3199 1230 nostri
3227 1175 3372 1229 bonis
3401 1175 3568 1245 operi-

1999 1270 2092 1322 bus
2138 1285 2356 1337 prwesse
2379 1268 2448 1321 ad
2489 1285 2615 1322 usus
2647 1269 2984 1331 necessarios,
3034 1278 3088 1320 ut
3123 1284 3226 1320 non
3256 1267 3357 1319 sint
3399 1266 3570 1334 infru-

1998 1360 2182 1412 ctuosi.
2216 1359 2361 1413 Dixit
2403 1359 2545 1412 enim
2579 1376 2591 1411 :
2621 1358 2836 1412 Discant
2863 1367 2910 1411 et
2955 1358 3136 1411 nostri.
3183 1354 3406 1410 Nostros
3441 1370 3569 1408 suos

2000 1457 2171 1514 vocat,
2201 1450 2291 1519 qui
2325 1450 2375 1502 in
2403 1449 2617 1504 Christo
2646 1447 3008 1511 crediderunt,
3040 1447 3151 1516 qui,
3195 1446 3319 1514 quia
3363 1443 3565 1500 Christi

1999 1545 2176 1603 erant,
2201 1547 2348 1594 recte
2376 1537 2526 1592 Pauli
2548 1545 2601 1590 et
2636 1536 2742 1591 Titi
2769 1535 3025 1606 appellari
3064 1534 3430 1590 merebantur.
3457 1532 3567 1586 Ha-

1999 1627 2115 1692 bes,
2157 1629 2349 1696 inquit,
2391 1628 2444 1682 in
2475 1626 2763 1695 discipulos
2790 1634 3134 1696 potestatem,
3167 1623 3299 1679 doce
3340 1638 3433 1678 eos
3459 1638 3566 1677 non

321 1717 644 1785 depravatus
669 1731 876 1782 errore,
923 1719 1018 1772 sed
1051 1726 1106 1771 et
1145 1719 1381 1772 secunda
1419 1719 1467 1772 ei
1481 1719 1566 1772 "sit
1594 1718 1896 1773 adhibenda
1932 1711 1974 1772 Β
2000 1733 2121 1772 esse
2150 1716 2541 1782 infructuosos;
2575 1717 2669 1771 sed
2703 1716 3024 1786 evangelicis
3051 1714 3250 1788 [Hier.,
3292 1713 3561 1785 evangeli-

321 1806 586 1870 doctriua,
632 1807 763 1860 utin
811 1823 900 1861 ore
947 1808 1174 1861 duorum
1223 1808 1298 1862 vel
1344 1810 1504 1863 trium
1553 1813 1762 1864 testium
1799 1819 1897 1864 stet

321 1913 473 1950 omne
513 1897 746 1950 verbum.
789 1897 966 1964 Quare
1003 1906 1181 1951 autem
1216 1907 1337 1969 post
1372 1900 1600 1968 primam
1625 1908 1679 1953 et
1709 1915 1900 1954 secun-

326 1987 452 2039 dam
503 1987 899 2055 correptioncm
937 1987 1255 2042 devitandas
1281 1989 1372 2054 sit,
1405 1988 1580 2043 reddit
1606 2004 1797 2043 causas
1821 1988 1900 2042 di-

322 2089 452 2129 cens
481 2093 493 2127 :
525 2073 677 2139 Quod
701 2075 975 2130 subversas
1003 2086 1078 2130 est
1112 2078 1199 2148 qui
1222 2077 1478 2147 ejusmodi
1506 2070 1602 2143 est,
1626 2088 1674 2132 et
1696 2087 1896 2150 peccat,

322 2182 443 2219 cum
489 2166 556 2218 sit
599 2183 631 2218 a
674 2167 946 2238 semetipso
989 2167 1380 2221 condemnatus.
1418 2167 1518 2233 Qui
1548 2163 1692 2222 enim
1731 2167 1898 2222 semel

325 2255 516 2324 bisque
560 2265 860 2325 correptus,
904 2257 1087 2312 audito
1130 2272 1320 2312 errore
1363 2272 1461 2311 suo
1501 2273 1606 2312 non
1640 2257 1755 2312 vult
1780 2273 1899 2313 cor-

329 2348 428 2417 rigi
460 2345 702 2418 [proprio
724 2346 928 2415 judicio
955 2349 1344 2403 condemnatus
1371 2355 1476 2411 est,
1505 2356 1561 2400 et
1588 2356 1900 2416 segregatus

331 2435 402 2489 ab
445 2436 653 2490 unitate
700 2435 995 2506 Ecclesia].
1041 2436 1178 2489 Nam
1222 2436 1519 2490 fornicator
1562 2444 1617 2490 et
1665 2437 1898 2503 adulter,

326 2526 619 2590 homicida,
651 2533 707 2580 et
729 2536 922 2580 caetera
949 2526 1079 2580 vitia
1114 2541 1212 2594 per
1239 2526 1546 2580 sacerdotes
1572 2527 1638 2580 de
1661 2527 1898 2581 Ecclesia

325 2617 730 2690 propelluntur;
764 2618 1002 2672 haeretici
1033 2626 1212 2672 autem
1249 2617 1303 2671 in
1345 2618 1552 2687 seipsos
1579 2618 1901 2672 sententiam

329 2709 535 2774 ferunt,
575 2723 672 2763 suo
719 2708 944 2762 arbitrio
991 2710 1056 2763 de
1097 2708 1335 2763 Ecclesia
1388 2694 1733 2775 recedentes;
1784 2723 1904 2780 quae

331 2799 562 2854 recessio
594 2799 823 2869 propria:
845 2799 1188 2854 conscientia:
1221 2799 1434 2854 videtur
1459 2814 1578 2855 esse
1606 2801 1898 2855 damnatio.

249 2946 270 2968 .
332 2889 477 2944 Inter
499 2889 729 2944 bteresin
764 2900 819 2944 et
847 2890 1082 2945 schisma
1109 2891 1212 2945 hoc
1241 2904 1360 2944 esse
1385 2889 1735 2955 arbitrantur,
1761 2892 1902 2961 quod

332 2979 552 3033 haeresis
587 2993 903 3048 perversum
939 2979 1139 3048 dogma
1176 2979 1374 3044 habet;
1419 2980 1652 3034 schisma
1679 2989 1901 3050 propter

328 3065 686 3136 episcopalem
713 3067 1100 3122 dissensionem
1123 3069 1192 3121 ab
1219 3067 1459 3123 Ecclesia
1489 3077 1788 3138 separetur.

401 3177 563 3231 Vens.
599 3177 686 3231 12.
713 3183 785 3217 -—'
809 3177 940 3232 Cum
979 3171 1166 3233 misero
1196 3180 1266 3232 ad
1294 3189 1342 3233 te
1369 3181 1775 3236 Art/tentan'aut
1815 3181 1922 3236 Ti--

329 3270 552 3335 chicum,
586 3270 774 3341 festina
827 3273 999 3326 venire
1044 3272 1114 3324 ad
1157 3287 1239 3324 me
1291 3270 1629 3342 Nicopolim:
1656 3273 1726 3327 ibi
1766 3275 1902 3327 enim

330 3361 491 3415 statui
523 3360 771 3415 hiemare.
814 3361 936 3433 [Hic
960 3370 1215 3430 paternus
1245 3362 1297 3415 in
1327 3363 1612 3419 Cretenses
1641 3361 1789 3420 Pauli
1813 3367 1905 3422 de-

331 3461 662 3507 monstratur
686 3453 970 3527 all‘ectus;]
1002 3455 1362 3509 necessarium
1401 3455 1543 3510 enim
1587 3458 1775 3512 habuit
1815 3458 1906 3512 Ti-

331 3544 520 3598 tumin
551 3545 822 3614 Evangelii
853 3545 1240 3610 ministerium;
1280 3552 1456 3600 tamen
1495 3559 1600 3601 non
1627 3563 1751 3601 eum
1780 3557 1905 3602 ante

331 3635 398 3687 ad
423 3648 480 3688 se
512 3634 625 3688 vult
647 3623 851 3701 venire,
899 3620 1002 3689 nisi
1044 3636 1097 3689 in
1135 3633 1311 3713 locum
1352 3631 1468 3703 ejus
1505 3635 1794 3691 Arthemas
1819 3635 1904 3690 vel

331 3723 583 3780 Tichicus
625 3741 906 3782 successor
950 3726 1262 3780 advenerit;
1293 3723 1563 3795 Nicopolis
1618 3727 1731 3797 ipsa
1790 3734 1902 3789 est,

329 3831 450 3886 qua:
492 3815 560 3868 ob
604 3816 887 3870 victoriam
932 3817 1157 3887 Augusti
1205 3815 1360 3887 [Ms.,
1404 3815 1618 3885 Agusti]
1660 3816 1802 3883 quod
1832 3813 1906 3868 ibi

329 3906 624 3960 Antonium
650 3905 1102 3974 Cleopatramque
1136 3905 1424 3972 superarit.
1456 3917 1650 3956 nomen
1677 3903 1902 3971 accepit.

331 3995 515 4065 (Vens.
569 3992 682 4064 l3.)
726 3991 907 4047 Zenan
960 3992 1309 4062 legisperitum
1358 4001 1406 4045 et
1455 3991 1638 4062 Apollo
1686 3989 1906 4047 sollicite

325 4087 607 4154 prtemitte,
638 4091 698 4136 ut
744 4084 874 4138 nihil
903 4082 1009 4137 illis
1040 4084 1192 4137 desit.
1228 4082 1332 4139 Iste
1358 4091 1442 4138 est
1467 4083 1675 4154 Apollo,
1707 4085 1772 4140 de
1799 4100 1906 4154 quo

327 4181 386 4226 et
433 4173 500 4227 ad
551 4171 860 4228 Corinthios
912 4171 1168 4227 scribitur
1208 4191 1222 4226 :
1276 4171 1640 4245 Unusquisque
1681 4186 1906 4228 vestrum

329 4262 498 4316 dicit:
527 4262 640 4334 Ego
665 4279 779 4317 sum
803 4261 982 4329 Pauli,
1036 4272 1085 4318 et
1123 4281 1215 4336 ego
1260 4253 1465 4336 Apollo,
1508 4275 1558 4318 et
1597 4282 1690 4336 ego
1719 4265 1907 4336 Cepha:

331 4352 386 4423 (I
407 4351 530 4408 Cor.
556 4370 595 4419 t,
623 4354 729 4425 l2).
753 4354 878 4410 Fuit
896 4363 1075 4409 autem
1097 4356 1178 4410 vir
1199 4354 1594 4411 Alexandrinus
1613 4371 1678 4410 ex
1706 4351 1906 4413 Iudaeis
1931 4379 1982 4440 ι)

331 4443 486 4499 valde
528 4445 784 4514 eloquens
830 4453 885 4500 et
919 4443 1192 4514 perfectus
1221 4446 1275 4500 in
1304 4445 1441 4516 lege,
1473 4445 1755 4515 episcopus
1796 4443 1904 4500 Co-

335 4537 656 4591 rinthiorum
683 4555 695 4590 :
720 4551 880 4606 quem
904 4545 1125 4607 pmpter
1159 4537 1519 4592 dissensiones
1554 4552 1673 4607 quze
1711 4536 1765 4590 in
1801 4535 1908 4592 Co-

335 4627 514 4682 rintho
544 4634 720 4692 erant,
751 4625 818 4681 ad
845 4642 1006 4681 unam
1036 4627 1266 4682 insulam
1311 4626 1527 4683 Cretam
1564 4643 1686 4682 cum
1724 4627 1906 4682 Zenan

335 4714 686 4785 legisdoctore
735 4716 1032 4786 putandum
1072 4723 1156 4772 est
1197 4716 1606 4782 transfretasse,
1654 4727 1710 4772 et
1753 4717 1907 4772 Pauli

335 4808 561 4876 epistola
606 4809 1028 4866 dissensionibus
1072 4825 1192 4880 qute
1237 4808 1478 4864 Corinthi
1517 4819 1651 4865 orta:
1694 4810 1907 4866 fuerant

343 4951 434 4974 ..ι

1999 1806 2118 1878 stis]
2145 1813 2199 1862 et
2224 1805 2531 1875 apostolicis
2556 1806 2703 1868 viris,
2734 1806 2825 1875 qui
2853 1806 3006 1861 bonis
3025 1805 3276 1874 operibus
3296 1805 3559 1865 serviant,

1998 1896 2337 1959 ministrare;
2393 1903 2448 1949 et
2500 1895 2840 1959 ministrare,
2897 1911 3004 1949 non
3049 1895 3103 1948 in
3152 1893 3565 1962 quibuscunque

1996 1985 2199 2049 causis,
2248 1985 2342 2038 sed
2388 1984 2440 2037 in
2478 1985 2795 2038 necessariis
2834 1983 3040 2038 usibus.
3081 1981 3342 2034 Habentes
3373 1980 3568 2049 quippe

1998 2077 2185 2130 victum
2225 2085 2273 2128 et
2312 2076 2565 2138 vestitum,
2592 2075 2672 2127 his
2695 2075 2918 2128 contenti
2948 2074 3110 2126 simus
3137 2071 3186 2142 (I
3224 2072 3356 2124 Tim.
3384 2086 3457 2134 vi,
3489 2071 3565 2141 8).

1997 2162 2362 2218 lufructuosos
2385 2171 2542 2216 vocat
2569 2163 2872 2232 quicunque
2897 2161 3239 2230 evaiigelistis
3274 2175 3380 2214 non
3412 2159 3572 2213 mini-

1997 2255 2308 2320 straverint,
2342 2252 2422 2325 [et
2463 2252 2906 2322 praedicatoribus
2950 2251 3103 2306 verbi
3137 2251 3233 2304 Dei
3262 2250 3568 2305 necessaria

1999 2343 2295 2397 secundum
2323 2343 2632 2396 facultatem
2659 2357 2809 2396 suam
2830 2357 2936 2396 non
2963 2337 3425 2412 subministrant.]

2073 2435 2234 2489 Vens.
2257 2427 2354 2487 15.
2389 2462 2462 2473 -
2494 2433 2740 2488 Salutant
2766 2443 2815 2486 te
2856 2435 2945 2504 qui
2983 2451 3184 2488 mecum
3208 2445 3330 2489 sunt
3369 2451 3566 2489 omnes.

2001 2525 2098 2581 Vel
2127 2525 2282 2580 solita
2317 2525 2702 2579 consuetudine
2729 2540 2877 2589 usus,
2905 2532 2965 2578 ut
3002 2524 3179 2578 Titum
3207 2526 3276 2579 ab
3319 2527 3572 2579 omnibus

2003 2619 2095 2687 qui
2121 2632 2304 2673 secum
2340 2623 2518 2682 erant,
2549 2616 2752 2670 diceret
2785 2615 3028 2679 salutari,
3059 2615 3140 2669 vel
3179 2623 3326 2670 certe
3355 2615 3572 2685 proprie

2004 2708 2072 2762 ad
2102 2707 2302 2771 Titum,
2333 2706 2475 2776 quod
2506 2705 2626 2760 talis
2651 2712 2828 2771 esset,
2873 2711 2933 2758 ut
2961 2718 3197 2759 amorem
3239 2717 3425 2759 eorum
3473 2703 3571 2773 qui

2003 2813 2126 2853 cum
2153 2797 2319 2852 Paulo
2362 2804 2537 2862 erant,
2568 2795 2808 2850 omnium
2846 2804 3165 2849 mereretur.
3214 2793 3403 2864 Magna
3443 2808 3574 2848 vero

2005 2887 2122 2941 laus
2147 2886 2253 2941 Titi
2282 2901 2381 2956 per
2428 2886 2653 2941 Paulum
2695 2886 2761 2940 ab
2801 2875 3050 2939 omnibus
3093 2883 3335 2939 salutari.
3385 2881 3574 2938 Saluta

2006 2999 2091 3038 eos
2139 2983 2227 3056 qui
2270 2999 2362 3036 nos
2416 2990 2592 3035 amant
2640 2980 2695 3033 in
2745 2978 2871 3050 ﬁde.
2914 2975 3332 3054 [Quidamqvero
3385 2983 3569 3029 amant

1927 3051 1974 3112 (ἶ
2003 3051 2162 3140 suos,
2181 3074 2273 3128 sed
2318 3088 2426 3127 non
2454 3073 2508 3126 in
2535 3071 2659 3137 fide,
2706 3071 2847 3126 sicut
2875 3079 3047 3124 mater
3077 3051 3260 3132 illium,
3289 3065 3401 3121 ‘vir
3432 3082 3571 3120 uxo-

2003 3179 2140 3219 rem.
2170 3165 2295 3220 Ideo
2339 3163 2582 3232 adiunxit
2610 3178 2630 3216 ι
2667 3163 2768 3228 Qui
2814 3178 2907 3216 nos
2955 3171 3133 3214 amant
3163 3161 3220 3213 in
3267 3156 3416 3230 ﬁde].
3446 3157 3572 3213 Sola

2002 3243 2309 3310 sanctorum
2346 3254 2567 3324 dilectio
2613 3254 2666 3308 in
2712 3252 2816 3308 [ide
2853 3251 3060 3322 diligit;
3128 3251 3184 3304 in
3232 3258 3464 3312 tantum,
3513 3255 3578 3300 ut

2002 3345 2213 3400 etiamsi
2243 3344 2333 3400 ille
2353 3343 2445 3413 qui
2483 3338 2723 3414 diligitur
2748 3341 2982 3396 inﬁdelis
3009 3349 3109 3404 est,
3143 3346 3319 3419 tamen
3351 3338 3577 3407 spiritus

2005 3435 2203 3508 [Hier.,
2247 3443 2425 3489 tamen
2474 3432 2714 3506 sanctus]
2746 3434 2800 3487 in
2836 3431 2942 3488 ﬁde
2981 3424 3106 3486 eum
3136 3431 3340 3500 diliget,
3388 3444 3579 3482 secun-

2003 3527 2128 3580 dum
2159 3526 2288 3580 illud
2317 3540 2332 3579 :
2383 3524 2574 3580 Omnia
2604 3534 2770 3578 vestra
2816 3525 2870 3576 in
2897 3523 3002 3590 ﬁde
3043 3523 3176 3589 ﬁant
3206 3519 3256 3589 (I
3291 3518 3413 3572 Cor.
3445 3533 3532 3571 xvi
3558 3556 3576 3578 .

2005 3617 2115 3690 11).
2139 3619 2260 3672 Ideo
2282 3618 2335 3669 in
2365 3616 2497 3678 llde;
2527 3613 2678 3685 [quia
2703 3612 2874 3665 credit
2902 3626 2960 3664 se
2983 3610 3139 3663 aDeo
3152 3623 3250 3678 pro
3272 3607 3578 3678 expletioue

2003 3697 2264 3770 mandati;
2291 3706 2397 3772 duo
2421 3703 2619 3756 dicitur
2645 3717 2658 3752 :
2689 3698 2904 3769 Diligite
2935 3697 3174 3752 inimicos
3207 3705 3399 3750 vestros
3421 3693 3574 3766 (Luc.

2002 3813 2078 3860 vr,
2127 3795 2240 3864 35),
2280 3791 2584 3847 mercedem
2632 3777 2976 3865 recepturum
3017 3773 3432 3860 iesse.]'Gratia
3479 3783 3577 3839 Dei

2003 3902 2122 3941 cum
2148 3880 2386 3940 omnibus
2413 3883 2570 3938 vobis.
2612 3881 2794 3936 Amen.
2827 3879 2884 3935 Iu
2911 3895 3195 3935 commune
3222 3881 3404 3948 itaque
3446 3894 3574 3934 san-

2004 3977 2108 4032 ctis
2146 3963 2306 4046 atque
2346 3973 2709 4037 credentibus,
2753 3969 2874 4025 Tito
2917 3977 2972 4024 et
2998 3969 3208 4023 caeteris
3234 3968 3473 4038 quicum
3511 3981 3578 4020 eo

2003 4072 2174 4127 erant,
2195 4064 2520 4132 imprecatur
2540 4061 2788 4133 gratiam.
2814 4059 2880 4114 Et
2900 4057 3169 4128 quomodo
3193 4055 3342 4112 Isaac
3355 4055 3581 4126 patriar-

2003 4154 2104 4209 cha
2154 4153 2427 4209 benedixit
2480 4151 2648 4206 ﬁlium
2689 4166 2846 4206 suum
2891 4147 3094 4215 Iacob;
3142 4156 3199 4204 et
3245 4148 3360 4218 ipse
3407 4144 3577 4200 Iacob

2005 4246 2286 4303 duodecim
2337 4246 2679 4317 patriarchas
2741 4239 2894 4316 (Gen.
2952 4257 3123 4323 xxvii,
3162 4237 3367 4327 ~xxix);
3415 4237 3488 4293 ita
3524 4244 3580 4290 et

2007 4351 2150 4392 nunc
2177 4336 2230 4390 in
2262 4334 2367 4390 line
2392 4333 2632 4404 epistola;
2659 4348 2769 4388 sua:
2787 4330 3074 4408 Apostolus
3102 4329 3330 4401 gratiam
3357 4327 3580 4382 creden-

2010 4427 2154 4482 tibus
2183 4427 2510 4496 imprecatur
2533 4439 2548 4477 :
2598 4439 2718 4493 qua:
2742 4438 2866 4477 cum
2894 4429 3019 4476 voto
3045 4421 3279 4475 habebat
3305 4417 3576 4480 elfectum,

2010 4529 2066 4575 et
2091 4527 2212 4574 erat
2237 4518 2306 4573 iin
2335 4523 2602 4587 potestate
2631 4513 2983 4576 credentium,
3032 4511 3078 4566 si
3125 4509 3283 4564 talem
3313 4522 3373 4564 se
3414 4507 3580 4563 bene-

2012 4609 2128 4665 dici
2152 4606 2349 4679 [Hier.,
2379 4602 2730 4677 benedictus],
2763 4603 2974 4674 qualem
2999 4602 3320 4658 benedicens
3339 4598 3583 4670 prtebere

2009 4699 2284 4755 voluisset.

2063 4789 2294 4882 Explicit
2326 4807 2624 4880 explanatio
2653 4810 2708 4863 in
2733 4805 3026 4880 Epistolam
3056 4804 3215 4860 Pauli
3243 4795 3312 4858 ad
3347 4803 3544 4858 Titum.

748 5055 1041 5116 INCIPIT
1082 5050 1515 5113 EXPOSITIO
1554 5052 1634 5112 IN
1675 5052 2130 5113 EPISTOLAM
2177 5054 2413 5114 PAULI
2458 5053 2566 5112 AD
2601 5047 3160 5145 IPHILEMONEM.

409 5247 434 5275 ι
462 5234 760 5290 Philemoni
797 5233 1088 5290 familiares
1119 5236 1323 5291 litteras
1349 5251 1448 5305 pro
1477 5235 1729 5292 Onesimo
1748 5253 1906 5294 servo

335 5323 452 5391 ejus
493 5323 699 5378 scribit.
749 5322 952 5377 Scribit
989 5331 1167 5377 autem
1191 5327 1240 5379 ei
1291 5341 1320 5379 a
1349 5325 1518 5380 Roma
1560 5327 1627 5382 de
1664 5341 1902 5382 carcere.

337 5415 524 5485 (Vatis.
541 5411 679 5483 1-5.)
707 5410 909 5466 Paulus
931 5413 1132 5466 vinctus
1159 5413 1288 5468 Iesu
1313 5416 1508 5472 Christi
1542 5430 1590 5473 et
1611 5417 1908 5473 Timotheus
1940 5496 1949 5505 .

359 5646 362 5649 _
411 5599 436 5628 ι
471 5586 550 5643 Ex
581 5548 903 5655 Hieronymo
929 5587 984 5643 in
1008 5587 1148 5644 hanc
1174 5589 1487 5658 Epistolam.

2011 5239 2197 5308 frater,
2227 5235 2520 5290 Philemoni
2542 5231 2728 5286 dilecto
2754 5240 2802 5285 et
2827 5227 3061 5299 adjutori
3086 5233 3282 5288 nostra,
3310 5209 3372 5276 et,
3400 5219 3582 5290 Αρριω

2010 5317 2178 5380 sorori
2203 5326 2523 5379 charissim
2549 5333 2597 5377 et
2627 5321 2882 5390 Archippo
2907 5315 3244 5372 commilitoni
3269 5319 3457 5368 'nostro
3478 5351 3494 5377 ,
3532 5319 3582 5364 et

2013 5415 2264 5470 Ecclesite
2296 5409 2413 5485 qui:
2439 5423 2514 5469 est
2552 5415 2608 5467 in
2633 5413 2787 5466 domo
2813 5418 2924 5464 tua.
2954 5404 3137 5462 Gratia
3164 5405 3305 5461 vobis
3331 5411 3379 5459 et
3414 5418 3518 5474 pas
3549 5416 3584 5455 ι
