3992 6184
457 221 478 274 ί
490 219 589 276 ΟΞΠ

1303 220 1362 272 Β.
1400 218 1461 274 F.
1499 219 1720 274 ALBINI
1763 217 1891 274 SEU
1929 215 2205 272 ALCUINI
2238 212 2518 273 OPERUM
2557 213 2734 270 PARS
2769 214 2832 270 ll.

3561 213 3708 270 10ῧὸ

456 335 564 390 Deo
594 330 756 390 Patre
779 343 953 389 nostra
977 342 1024 386 et
1050 332 1276 387 Domino
1297 330 1428 388 Iesu
1457 330 1683 387 Christo.
1717 332 2027 404 [Hucusque
2053 333 2102 390 A
2132 328 2339 382 evidens
2363 329 2457 396 fiat
2485 330 2539 382 in
2565 329 2879 398 agnitionem
2902 327 3069 381 omnis
3095 325 3218 380 boni
3242 327 3298 380 in
3327 323 3535 380 Christo
3552 326 3708 381 Iesu.

454 423 795 479 salutationis
818 424 1157 492 proemium.
1195 424 1252 477 1n
1279 423 1421 477 nulla
1449 423 1554 479 alia
1582 424 1810 492 epistola
1831 439 1891 479 se
1911 425 2030 479 vin-

455 524 601 569 ctum
630 515 779 569 dicit.
805 513 897 568 Ait
929 514 1075 568 enim
1120 531 1133 566 :
1169 512 1371 568 Paulus
1398 513 1595 568 vinctus
1623 513 1752 568 Iesu
1787 512 2028 586 Christi.]

455 603 671 672 Majoris
693 613 873 658 autem
895 604 1104 658 videtur
1122 604 1392 672 supercilii
1420 605 1656 658 vinctum
1678 602 1805 659 Iesu
1827 602 2029 658 Christi

451 709 512 749 se
539 695 718 749 dicere
742 709 906 764 quam
931 694 1250 765 apostolum.
1283 693 1663 748 Gloriabantur
1688 694 1884 763 quippe
1903 709 2030 763 apo-

449 784 593 849 stoli,
649 785 788 857 quod
833 786 977 855 digni
1027 786 1235 854 fuerant
1283 803 1377 856 pro
1425 787 1630 840 nomine
1671 784 1799 838 Iesu
1835 785 2028 840 Christi

451 875 793 928 contumelias
817 876 928 944 pati
955 873 1091 945 (Act.
1122 890 1174 937 v,
1204 874 1315 943 41).
1349 873 1454 928 Sed
1493 875 1794 928 necessaria
1839 884 2024 929 aucto-

451 965 587 1018 ritas
615 965 976 1019 vinculorum.
1017 965 1323 1032 Rogaturus
1348 979 1444 1034 pro
1474 963 1729 1018 Onesimo
1778 965 1898 1020 talis
1940 982 2027 1020 ro-

449 1067 580 1120 gare
603 1052 808 1116 debuit,
839 1052 931 1119 qui
959 1053 1128 1119 possit
1152 1053 1440 1121 impetrare
1471 1052 1610 1121 quod
1639 1063 1904 1122 posceret.
1927 1056 2027 1111 Fe-

450 1141 525 1196 lix
571 1142 957 1210 nimirumqui
995 1142 1185 1196 nonin
1230 1142 1512 1210 sapientia,
1562 1157 1666 1196 non
1699 1143 1751 1197 in
1801 1144 2021 1207 divitiis,

451 1246 556 1285 non
588 1232 640 1286 in
675 1230 979 1299 eloquentia
1010 1240 1062 1285 et
1087 1233 1329 1301 potentia
1376 1231 1640 1296 saeculari,
1679 1234 1772 1287 sed
1813 1234 1866 1288 in
1903 1249 2024 1302 pas-

449 1323 692 1377 sionibus
737 1321 937 1376 Christi
968 1321 1246 1392 gloriatur.
1295 1321 1353 1376 Si
1405 1331 1587 1377 autem
1637 1322 1914 1378 Philemon
1956 1323 2022 1379 ad

449 1427 606 1481 quem
644 1412 758 1467 haec
785 1412 1012 1482 epistola
1043 1412 1317 1476 scribitur,
1361 1411 1599 1466 Onesimi
1636 1412 1882 1467 dominus
1915 1419 2018 1475 est,

448 1503 556 1556 imo
584 1501 752 1557 frater
778 1516 899 1556 es-e
924 1501 1088 1570 coepit
1106 1517 1172 1555 ex
1196 1500 1416 1555 domino
1439 1500 1636 1572 [Hier.,
1671 1503 1722 1554 in
1746 1503 2016 1573 domino];

445 1599 502 1645 et
525 1592 596 1646 ad
619 1591 972 1648 Colosseuses
989 1591 1241 1656 refertur,
1263 1593 1410 1662 quod
1433 1591 1718 1648 Onesimus
1743 1609 1810 1648 ex
1851 1595 1931 1648 eis
1949 1595 2020 1648 sit

2131 416 2236 472 Pro
2263 417 2574 473 Philemone
2600 417 2823 472 Paulum
2850 431 3065 486 semper
3098 431 3287 472 orasse
3315 416 3571 471 credibile
3597 429 3710 482 est,

2130 523 2238 577 quo
2265 507 2471 563 scilicet
2497 506 2632 562 ﬁdes
2657 515 2714 561 et
2740 507 3001 569 charitas,
3031 521 3195 574 quam
3217 504 3521 559 habebatin
3544 504 3712 559 Chri-

2129 604 2213 653 sto
2241 605 2295 652 et
2323 598 2374 651 in
2401 612 2592 652 omnes
2627 605 2844 651 sanctos
2877 597 2994 666 ejus
3024 611 3125 666 per
3164 595 3714 653 communicationem

2129 687 2251 741 ﬁdei
2289 696 2344 740 et
2363 687 2730 756 operationem
2757 687 3045 756 agnitionis
3069 687 3124 739 in
3151 685 3292 738 omni
3323 684 3458 739 bono
3489 683 3712 738 Christi

2129 776 2501 830 misericordia
2549 785 2910 842 servaretur;
2963 785 3020 830 et
3063 775 3132 830 de
3178 775 3435 830 charitate
3476 776 3711 844 quidem

2127 879 2288 934 quam
2332 865 2566 920 habebat
2597 865 2650 918 in
2680 863 2897 920 Christo
2931 864 3059 920 Iesu
3086 875 3143 920 et
3186 865 3240 918 in
3267 880 3454 920 omnes
3483 874 3716 935 sanctos

2125 955 2261 1023 ejus,
2294 971 2399 1010 nou
2429 955 2660 1011 difﬁcilis
2698 957 3070 1026 interpretatio
3106 965 3210 1021 est,
3235 957 3362 1026 quia
3386 966 3508 1026 post
3533 958 3717 1013 Deum

2126 1047 2348 1116 diligere
2388 1045 2646 1114 iubemur
2693 1055 2746 1102 et
2791 1049 3088 1118 proximos.
3141 1048 3271 1120 [Sed
3317 1050 3487 1118 quzeri
3532 1057 3718 1119 potest

2125 1139 2393 1208 quomodo
2424 1139 2624 1193 dictum
2671 1139 2742 1193 sit
2791 1156 2804 1192 :
2839 1138 2906 1193 In
2933 1139 3158 1193 Domino
3189 1140 3317 1194 Iesu
3343 1149 3392 1192 et
3436 1141 3490 1192 in
3529 1156 3717 1195 omnes

2123 1229 2371 1284 sanctos!
2397 1231 2718 1284 Sanctorum
2740 1245 2871 1285 vero
2895 1231 3055 1285 dictis
3083 1239 3136 1286 et
3164 1231 3381 1300 scriptis
3402 1233 3716 1299 przestanda

2123 1333 2208 1379 est
2245 1323 2398 1388 ﬁdes,
2428 1331 2489 1376 ut
2522 1338 2650 1378 vera
2677 1324 2918 1378 dicerent
2945 1338 3065 1392 qua:
3099 1323 3168 1378 de
3207 1323 3317 1378 Deo
3348 1325 3714 1392 scripserunt.

2122 1413 2246 1469 Ideo
2271 1413 2458 1468 eadem
2505 1413 2610 1468 ﬁde
2636 1413 2702 1467 de
2746 1413 2974 1468 Domino
3014 1421 3070 1468 et
3097 1414 3304 1468 sanctis
3329 1411 3448 1480 ejus
3486 1413 3719 1468 credere

2123 1503 2545 1566 debemus,sicut
2557 1502 2630 1556 illi
2645 1517 2741 1556 nos
2755 1503 3056 1556 docuerunt
3066 1502 3132 1555 de
3147 1501 3366 1554 domino
3375 1501 3713 1555 credendum

2123 1590 2288 1663 esse]
2319 1590 2428 1646 Nec
2446 1592 2611 1646 etiam
2647 1591 2818 1645 solam
2845 1591 3003 1644 ﬁdem
3021 1590 3178 1644 nobis
3201 1598 3258 1643 et
3302 1589 3630 1643 charitatem
3661 1591 3714 1642 in

445 1681 672 1752 (Coless.
699 1697 775 1748 IV,
810 1682 864 1754 9)
891 1699 905 1734 :
941 1683 1080 1737 ratio
1107 1699 1204 1737 nos
1235 1684 1347 1752 ipsa
1373 1693 1429 1738 et
1455 1683 1590 1738 ordo
1619 1685 1854 1750 deducit,
1881 1686 2024 1754 quod
2052 1664 2097 1723 Β
2127 1681 2293 1735 Deum
2333 1689 2387 1735 et
2409 1689 2626 1735 sanctos
2655 1679 2772 1747 ejus
2794 1678 3038 1733 suﬁicere
3071 1695 3231 1748 posse
3259 1680 3566 1741 credamus,
3608 1682 3716 1736 nisi

443 1782 497 1826 ct
522 1772 803 1828 Philemon
833 1771 1166 1828 Colossensis
1195 1774 1288 1838 sit,
1320 1782 1371 1829 et
1401 1789 1467 1828 eo
1497 1783 1736 1844 tempore
1783 1791 2026 1830 cominu-

445 1877 568 1916 nem
583 1862 863 1918 ecclesiam
886 1862 1084 1934 [Hier.,
1103 1865 1170 1917 ad
1190 1880 1402 1920 omnem
1419 1866 1726 1938 ecclesiam]
1741 1865 2024 1922 Onesimus

442 1953 726 2024 epistolam
749 1954 950 2018 tulerit,
970 1971 1076 2024 quo
1092 1957 1332 2026 privatas
1349 1966 1404 2011 et
1430 1958 1511 2012 sui
1544 1960 2024 2015 commendatrices

444 2041 798 2098 addominum
821 2043 1031 2097 litteras
1044 2053 1365 2113 sumpserat.
1394 2045 1489 2099 Est
1507 2053 1562 2100 et
1583 2045 1726 2100 aliud
1744 2047 2020 2112 iudicium,

445 2131 664 2199 quodin
690 2133 793 2188 hac
815 2133 1002 2188 eadem
1029 2134 1253 2202 epistola
1280 2145 1334 2188 et
1363 2135 1664 2203 Archippus
1695 2137 2020 2200 nominatur,

443 2222 531 2275 cui
543 2222 763 2278 hiccum
776 2222 1088 2278 Philemone
1100 2224 1354 2279 scribitur
1371 2244 1383 2277 :
1403 2224 1568 2278 Dicite
1582 2224 1794 2294 ,inquit,
1813 2225 2025 2296 Archip-

443 2328 508 2379 po
535 2325 554 2362 :
586 2309 716 2365 Vide
761 2313 1132 2378 ministerium,
1158 2312 1300 2384 quod
1339 2313 1583 2382 accepisti
1615 2313 1670 2366 in
1692 2312 1935 2378 Domino,
1969 2323 2024 2367 ut

443 2401 576 2455 illud
589 2401 805 2472 impleas
821 2402 956 2473 (Col.
983 2419 1056 2468 tv,
1087 2404 1196 2472 l7).
1223 2403 1375 2469 Quod
1389 2411 1474 2457 est
1497 2402 1853 2458 ministerium
1879 2407 2024 2473 quod

443 2493 752 2564 Archippus
781 2497 991 2564 accepit
1027 2512 1060 2550 a
1085 2497 1352 2550 Domino?
1375 2495 1455 2568 [In
1486 2495 1733 2568 epistola]
1757 2497 1824 2550 ad
1847 2497 2024 2553 Phile-

441 2595 655 2636 monem
682 2581 913 2654 legimus
949 2601 960 2636 :
996 2584 1064 2636 Et
1085 2583 1344 2654 Archippo
1367 2583 1709 2638 commilitoni
1739 2595 1944 2650 nostro,
1974 2595 2022 2639 et

447 2671 692 2728 Ecclesia:
711 2675 897 2746 quain
920 2675 1076 2729 domo
1104 2685 1194 2728 tua
1215 2685 1310 2729 est.
1333 2675 1412 2728 Ex
1433 2689 1540 2744 quo
1565 2675 1821 2729 aestimari
1847 2683 2025 2745 potest

442 2762 519 2836 [Η
524 2767 644 2832 ier.,
665 2781 734 2820 ex
759 2782 867 2837 quo
886 2767 1060 2838 puto],
1088 2775 1181 2822 aut
1200 2769 1510 2838 episcopum
1528 2785 1650 2823 eum
1667 2768 1830 2825 fuisse
1851 2771 2025 2826 eccle-

439 2855 535 2910 sia:
573 2854 906 2912 Colossensis
927 2898 942 2922 ,
973 2858 1060 2912 cui
1089 2858 1408 2912 admonetur
1450 2860 1687 2914 studiose
1716 2860 2022 2930 diligenter-

444 2960 552 3015 que
607 2960 883 3013 przeesse;
949 2953 1043 3000 aut
1093 2955 1239 3002 certe
1289 2948 1560 3019 Evangelii
1592 2949 2020 3019 prmdicatorem.

510 3034 673 3103 662
709 3033 777 3084 Et
823 3031 1122 3088 Timotheus
1169 3035 1352 3105 frater.
1391 3037 1503 3092 Hoc
1551 3038 1671 3094 ideo
1697 3039 1916 3105 addidit,
1961 3050 2020 3096 ut

441 3123 668 3190 epistola
705 3121 963 3190 majorem
1008 3126 1234 3181 haberet
1281 3129 1684 3197 auctoritatem,
1729 3131 1775 3184 si
1803 3132 1870 3186 ab
1913 3148 2020 3190 uno

443 3227 551 3266 non
597 3213 945 3270 scriberetur.
989 3216 1246 3273 Scribunt
1294 3220 1458 3288 igitur
1500 3221 1699 3277 Paulus
1743 3231 1796 3278 et
1840 3224 2020 3280 Timo-

445 3304 603 3358 theus
631 3303 930 3360 Philemoni
959 3308 1283 3363 charissimo
1308 3318 1363 3362 et
1383 3314 1718 3380 cooperatori
1745 3332 1757 3366 :
1788 3316 1877 3384 qui
1899 3316 2019 3371 ideo

2048 2991 2095 3054 C

2126 1769 2180 1824 id
2195 1770 2335 1838 quod
2348 1771 2618 1825 credimus
2637 1784 2801 1838 opere
2815 1769 3134 1840 impleamus
3149 1769 3348 1840 [Hier.,
3372 1785 3538 1838 opere
3561 1787 3718 1826 com-

2125 1859 2380 1931 pleatur].
2410 1859 2678 1929 Quidquid
2693 1861 2886 1914 boniin
2913 1861 3225 1916 Philemone
3242 1861 3522 1928 laudatur,
3561 1873 3620 1919 et
3645 1865 3715 1921 de

2125 1950 2488 2021 apostolorum
2515 1949 2760 2020 exemplo
2787 1951 3050 2016 sumitur;
3076 1951 3200 2004 inde
3222 1951 3426 2006 bonum
3463 1952 3559 2016 sit,
3581 1955 3711 2022 quia

2124 2042 2191 2096 de
2227 2041 2428 2097 Christi
2453 2041 2601 2097 fonte
2644 2043 2879 2098 ducitur.
2917 2044 3106 2115 (Vens.
3154 2043 3231 2113 7.)
3271 2043 3538 2099 Gaudium
3568 2049 3707 2100 enim

2121 2151 2371 2204 magnum
2422 2135 2581 2189 habui
2629 2145 2676 2190 et
2722 2135 3130 2190 consolationem
3176 2137 3240 2190 iis
3281 2137 3537 2192 charitate
3578 2149 3707 2206 tua,

2123 2222 2246 2292 quia
2299 2224 2495 2276 viscera
2541 2233 2838 2277 sanctorum
2889 2227 3244 2295 requieverunt
3282 2243 3376 2297 per
3414 2238 3482 2292 te,
3511 2228 3705 2297 frater.

2125 2313 2339 2370 Plenius
2384 2315 2618 2370 inculcat
2665 2325 2721 2370 et
2749 2317 2924 2382 docet,
2976 2332 3146 2387 quare
3187 2317 3381 2371 dixerit
3421 2336 3436 2370 :
3482 2318 3708 2376 Gratias

2124 2421 2222 2474 ago
2251 2404 2359 2458 Deo
2384 2421 2518 2469 meo,
2566 2421 2767 2476 semper
2793 2409 3103 2461 memoriam
3132 2409 3212 2462 tui
3249 2410 3440 2477 faciens
3482 2412 3541 2464 in
3576 2428 3708 2465 ora-

2122 2493 2348 2546 tionibus
2397 2493 2544 2546 meis.
2587 2493 2816 2563 Dignum
2848 2495 3116 2563 siquidem
3145 2507 3262 2551 erat
3300 2512 3458 2568 agere
3498 2500 3711 2568 gratias

2124 2581 2236 2636 Deo
2262 2597 2424 2651 super
2443 2583 2708 2638 charitate
2735 2583 3083 2651 Philemonis,
3109 2589 3201 2656 qui
3223 2589 3496 2643 internum
3524 2591 3708 2646 cordis

2123 2669 2373 2726 allectum
2402 2670 2741 2743 [ostendebat
2775 2674 2828 2727 in
2871 2683 3118 2740 sanctos,
3156 2677 3449 2734 reﬁciendo
3488 2677 3705 2735 labores

2124 2778 2311 2819 eorum
2349 2763 2550 2836 (Hier.,
2581 2766 2674 2834 qui
2705 2766 2974 2821 internum
2999 2769 3178 2824 cordis
3205 2769 3472 2837 allectum.
3504 2783 3560 2827 et
3579 2789 3709 2844 pro-

2124 2854 2318 2910 fundos
2351 2857 2516 2911 animi
2545 2855 2865 2912 Sanctorum
2895 2874 3140 2915 recessus
3171 2863 3518 2931 suscipiendo
3565 2866 3706 2920 refe-

2123 2943 2338 3016 cerat)].
2386 2944 2455 2998 Et
2497 2945 2600 3001 hoc
2626 2945 2825 3000 idioma
2872 2949 3224 3016 apostolicum
3254 2959 3357 3012 est,
3388 2960 3447 3006 ut
3485 2968 3707 3024 semper

2125 3036 2331 3091 viscera
2356 3043 2529 3102 vocet,
2563 3036 2747 3092 volens
2771 3037 2984 3106 plenam
3023 3040 3220 3094 mentis
3251 3043 3545 3098 ostendere
3569 3045 3702 3098 cha-

2123 3127 2357 3196 ritatem.
2387 3128 2570 3199 (Vens.
2595 3129 2648 3192 8,
2673 3128 2754 3199 9.)
2793 3126 3017 3200 Propter
3043 3131 3179 3201 quod
3205 3131 3426 3186 multam
3446 3135 3700 3202 fiduciam

2121 3217 2314 3271 habens
2341 3218 2396 3272 in
2423 3215 2629 3271 Christo
2666 3217 2794 3272 Iesu
2822 3219 3116 3288 imperandi
3160 3222 3275 3286 tibi,
3321 3239 3438 3294 quc
3476 3224 3545 3276 ad
3594 3242 3699 3278 rem

2119 3307 2374 3375 pertinent
2401 3323 2418 3360 :
2449 3315 2658 3376 propter
2686 3307 2994 3361 charitatem
3019 3311 3185 3380 magis
3227 3311 3460 3377 obsecro,
3489 3331 3606 3368 cum
3633 3316 3702 3369 sis

441 3392 794 3448 charissimus
812 3395 990 3449 dictus
1017 3404 1120 3462 est,
1157 3397 1300 3464 quod
1330 3397 1382 3450 in
1409 3400 1598 3453 eodem
1629 3401 1828 3457 Christi
1857 3420 2018 3473 opere

2120 3393 2263 3459 talis,
2295 3404 2350 3447 ut
2383 3391 2588 3447 Paulus
2637 3410 2826 3458 senex,
2864 3412 3002 3449 nunc
3044 3407 3220 3450 autem
3259 3408 3308 3452 et
3334 3400 3536 3455 uinctus
3574 3403 3699 3456 Iesu

441 3489 708 3552 versetur.
747 3484 928 3554 Appia:
953 3499 1166 3554 quoque
1195 3486 1365 3540 sorori
1405 3501 1510 3541 non
1544 3488 1830 3544 habentem
1875 3493 1929 3546 in
1959 3509 2019 3550 se
2119 3479 2336 3534 Christi.
2390 3482 2569 3538 Multis
2592 3483 2644 3537 iu
2690 3483 3055 3539 Philemonem
3103 3487 3354 3545 laudibus
3396 3502 3522 3546 ante
3567 3508 3699 3562 pras-

443 3571 646 3644 [Hier.,
673 3589 779 3629 non
811 3575 1032 3630 habenti
1062 3577 1116 3630 in
1147 3591 1206 3631 se
1229 3576 1401 3650 falsae]
1431 3578 1632 3648 aliquid
1656 3589 1710 3634 et
1735 3581 1872 3638 ﬁcta:
1891 3600 2014 3654 ger—

2119 3571 2318 3636 missis,
2371 3587 2492 3624 cum
2545 3587 2632 3628 res
2678 3574 2800 3628 talis
2850 3575 2940 3640 sit,
2986 3591 3086 3644 pro
3132 3593 3236 3647 qua
3282 3589 3571 3651 rogaturus
3615 3593 3698 3638 est

444 3664 742 3719 manitatis.
781 3664 850 3719 Et
879 3665 1138 3736 Archippo
1163 3668 1524 3735 commilitoni,
1552 3685 1712 3740 quem
1750 3675 2016 3731 arbitran-

2119 3657 2318 3730 [Hier.,
2351 3669 2569 3731 rogatus
2593 3662 2698 3736 est]
2730 3679 2849 3733 qua:
2874 3674 2928 3721 et
2947 3670 3227 3736 przestanti
3256 3673 3327 3725 sit
3355 3672 3501 3727 utilis
3527 3683 3583 3727 et
3607 3689 3696 3729 ro-

441 3749 569 3803 dum
595 3759 678 3806 est
721 3767 843 3806 cum
870 3752 1037 3808 Paulo
1071 3763 1128 3832 et
1152 3754 1436 3813 Timotheo
1463 3767 1649 3814 contra
1677 3762 2015 3821 adversarios

2119 3751 2290 3820 ganti,
2316 3759 2530 3821 poterat
2556 3753 2728 3824 magis
2752 3755 2952 3810 Paulus
2983 3757 3248 3828 imperare
3272 3776 3428 3830 quam
3452 3772 3644 3832 petere
3669 3783 3685 3819 :

441 3854 540 3907 pro
568 3837 769 3895 Christi
799 3844 1016 3897 nomine
1037 3830 1383 3901 dimicantem
1413 3850 1685 3906 exstitisse
1716 3853 2009 3921 victorem;

2119 3848 2169 3894 et
2198 3841 2300 3896 hoc
2342 3856 2409 3895 ex
2435 3842 2630 3897 ﬁducia
2663 3843 2753 3898 illa
2798 3845 3067 3913 veniebat,
3107 3851 3245 3918 quod
3283 3850 3372 3919 qui
3418 3830 3568 3905 tanta
3611 3853 3685 3908 ob

440 3938 496 3986 et
523 3939 808 4001 propterea
857 3949 1002 3988 nunc
1027 3938 1447 3992 commilitonem
1475 3940 1610 4005 dici,
1638 3943 1781 4011 quod
1821 3945 2010 4001 eodem

2119 3926 2387 3984 Christum
2419 3945 2583 3999 opera
2612 3941 2970 4002 perpetraret,
2997 3936 3184 4006 utique
3215 3939 3384 4009 impar
3405 3941 3487 3994 sui
3510 3941 3568 3995 in
3587 3957 3691 3997 cae-

438 4021 733 4076 certamine
757 4022 1006 4091 belloque
1032 4027 1385 4094 superaverit.
1421 4027 1512 4099 [Et
1541 4029 1792 4086 Ecclesia:
1807 4050 1927 4104 qua
1954 4036 2012 4090 in

2119 4020 2246 4074 teris
2279 4035 2398 4075 esse
2428 4037 2532 4077 non
2557 4032 2787 4093 poterat.
2817 4023 2927 4081 Sed
2961 4027 3077 4082 vult
3103 4032 3279 4101 magis
3305 4040 3490 4101 petere
3528 4048 3687 4104 quam

436 4107 592 4162 domo
629 4119 721 4163 tua
743 4121 839 4164 est.
871 4111 928 4166 ld
955 4121 1058 4177 est,
1086 4115 1490 4184 congregationi
1525 4117 1760 4174 ﬁdelium
1791 4136 1910 4190 qua!
1953 4123 2010 4178 in

2119 4109 2298 4181 iubere
2325 4131 2338 4166 :
2366 4115 2554 4185 grandi
2583 4117 2817 4186 petentis
2835 4121 3157 4176 auctoritate
3183 4125 3483 4193 proposita,
3509 4139 3686 4179 senem

438 4197 598 4253 domo
640 4199 969 4256 Philemonis
1016 4201 1162 4275 fuit.]
1200 4202 1384 4258 Gratia
1428 4209 1566 4262 vobis
1607 4219 1654 4262 et
1696 4228 1802 4280 pax
1829 4230 1862 4265 a
1898 4212 2008 4270 Deo
2113 4217 2171 4258 88
2193 4219 2314 4260 esse
2341 4207 2535 4261 asserit
2561 4215 2618 4262 et
2644 4209 2885 4264 Vinctum
2909 4209 3122 4266 Domini
3145 4211 3350 4285 [Hier.,
3382 4217 3680 4286 proposita:

439 4286 602 4344 Patre
616 4300 790 4344 nostro
810 4301 858 4345 et
882 4291 1106 4346 Domino
1127 4292 1256 4348 Iesu
1281 4293 1508 4350 Christo.
1530 4297 1587 4352 ln
1609 4301 1859 4357 omnibus
1872 4318 2009 4373 pene

2119 4309 2210 4364 per
2236 4311 2395 4366 quam
2422 4306 2476 4352 et
2501 4298 2787 4368 Apostolus
2814 4302 3087 4369 obsecrat,
3123 4313 3180 4358 et
3204 4319 3373 4360 senex
3401 4315 3455 4360 et
3480 4307 3684 4363 vinctus

436 4380 678 4452 epistolis
699 4382 904 4451 aequale
929 4383 1251 4453 principium
1279 4397 1382 4451 est,
1409 4395 1468 4440 ut
1490 4390 1717 4458 gratiam
1741 4392 1821 4447 eis
1844 4403 1900 4448 et
1917 4411 2012 4464 pa-

438 4483 558 4522 cem
588 4484 617 4522 a
668 4469 779 4525 Deo
817 4469 977 4526 Patre
1002 4480 1057 4526 et
1083 4489 1112 4527 a
1142 4473 1360 4530 Christo
1403 4475 1629 4534 Domino
1665 4481 2007 4553 imprecetur.

438 4557 516 4616 Ex
544 4573 650 4626 quo
673 4561 976 4614 ostenditur
997 4578 1104 4617 una
1134 4563 1252 4618 Filii
1276 4565 1554 4638 Patrisque
1580 4579 1790 4638 natura,
1812 4589 1936 4630 cum
1957 4577 2010 4630 id

440 4654 620 4714 petest
647 4645 816 4702 Filius
843 4658 1102 4717 praestare
1131 4653 1274 4720 quod
1309 4654 1500 4722 Pater;
1531 4666 1585 4712 et
1613 4660 1666 4715 id
1697 4663 1892 4718 dicitur
1909 4665 2011 4720 Pa-

446 4745 532 4788 ter
550 4744 807 4805 pmstare
830 4740 971 4807 quod
1001 4741 1186 4796 Filius.
1209 4743 1396 4800 Gratia
1418 4755 1594 4803 autem
1617 4761 1718 4816 est,
1741 4769 1845 4822 qua
1865 4755 2010 4811 nullo

441 4825 639 4880 merito
685 4842 784 4882 nec
808 4843 972 4898 opere
1014 4831 1315 4900 salvamur;
1353 4852 1477 4905 pax,
1523 4853 1629 4906 qua
1681 4843 2007 4899 reconciliati

439 4913 550 4969 Deo
575 4930 672 4985 per
702 4916 976 4974 Christum
1001 4936 1205 4977 sumus.
1239 4926 1422 4996 (Vens.
1445 4927 1523 4999 4.)
1561 4928 1655 4984 His
1678 4931 1876 4999 gratias
1909 4949 2007 5004 ago

437 5005 548 5062 Deo
570 5025 704 5076 meo,
727 5027 927 5082 semper
966 5018 1269 5070 memoriam
1302 5020 1378 5073 tui
1401 5020 1617 5090 faciens.
1650 5021 1804 5079 Hunc
1829 5033 2006 5083 autem

437 5113 642 5154 morem
673 5103 940 5159 scribendi
971 5104 1027 5159 in
1053 5109 1324 5166 nonnullis
1354 5113 1595 5182 epistolis
1625 5113 1741 5183 ejus
1769 5119 2008 5178 invenire

438 5191 717 5278 poteritis;
749 5193 893 5262 quod
942 5211 1066 5251 cum
1109 5198 1295 5268 plures
1318 5211 1372 5257 et
1419 5204 1486 5258 ad
1512 5204 1694 5274 plures
1737 5207 1792 5262 in
1817 5210 2008 5278 praefa-

437 5277 586 5334 tione
627 5292 920 5351 ponantur,
964 5297 1148 5357 postea
1174 5305 1274 5360 per
1316 5299 1487 5348 totum
1535 5310 1731 5366 corpus
1767 5277 2006 5369 epistolae

437 5384 580 5461 unus
622 5373 902 5444 disputans
945 5381 1247 5440 inducatur.
1299 5386 1487 5456 (Vens.
1532 5389 1589 5456 5,
1637 5390 1716 5461 6.)
1773 5389 2004 5450 Audiens

431 5459 739 5518 charitatem
766 5477 912 5522 tuam
937 5482 983 5524 et
1003 5471 1161 5540 fidem
1185 5492 1340 5545 quam
1363 5477 1520 5533 habes
1545 5479 1598 5533 in
1619 5459 2000 5547 Dominolesu,
2071 5484 2074 5487 ’

430 5557 482 5602 et
526 5547 580 5602 in
608 5565 782 5610 omnes
823 5569 1030 5616 sanctos
1057 5563 1189 5630 ejus,
1227 5575 1284 5619 ut
1323 5567 1727 5622 communicatio
1750 5566 1877 5635 ﬁdei
1899 5577 2004 5623 tua

2111 4384 2236 4442 Iesu
2257 4387 2502 4461 Christi].
2535 4389 2726 4446 Totum
2749 4401 2930 4447 autem
2956 4409 3056 4464 pro
3079 4410 3186 4464 quo
3209 4405 3387 4467 rogat,
3415 4395 3538 4450 illud
3563 4406 3648 4451 est
3671 4414 3687 4452 :

2109 4476 2395 4533 Onesimus
2417 4495 2606 4535 servus
2633 4480 2965 4539 Philemonis
2991 4483 3172 4555 fugam
3212 4483 3358 4540 l'urto
3385 4485 3684 4552 cumulans,

2109 4575 2354 4642 quaedam
2381 4575 2459 4629 rei
2490 4575 2771 4630 dominicas
2795 4574 3000 4648 {Hier.,
3047 4577 3380 4651 domesticas]
3427 4578 3683 4648 compila-

2109 4670 2213 4715 rat.
2245 4661 2346 4717 Hic
2384 4679 2614 4735 pergens
2643 4665 2712 4720 ad
2739 4665 2970 4733 Italiam,
3016 4684 3085 4724 ne
3124 4683 3156 4724 e
3203 4670 3447 4739 proximo
3477 4667 3687 4726 facilius

2107 4755 2279 4823 possit
2323 4757 2694 4826 apprehendi,
2753 4761 3039 4830 pecuniam
3095 4761 3299 4818 domini
3329 4777 3426 4832 pro
3467 4761 3687 4817 luxuria

2110 4844 2310 4917 [Hier.,
2339 4863 2436 4918 per
2463 4849 2756 4922 luxuriam]
2783 4853 3111 4921 perdiderat.
3145 4854 3261 4910 Hoc
3282 4869 3348 4909 ne
3371 4853 3489 4922 quis
3520 4860 3686 4922 putet

2110 4945 2332 5004 temere,
2365 4947 2420 4993 et
2446 4947 2507 4994 ut
2548 4940 2678 4996 libet
2707 4957 2739 4996 a
2769 4943 2927 4998 uobis
2975 4944 3182 5010 ﬁctum,
3227 4947 3282 5001 in
3330 4945 3688 5015 sequentibus

2107 5028 2298 5084 discat.
2343 5029 2625 5100 Nunquam
2665 5033 2812 5088 enim
2859 5033 3059 5091 Paulus
3096 5036 3304 5092 diceret
3337 5036 3516 5108 (νινε.
3547 5037 3683 5109 18);

2108 5117 2167 5174 Si
2189 5120 2316 5190 quid
2344 5124 2520 5175 nocuit
2551 5123 2664 5188 tibi,
2695 5133 2789 5178 aut
2814 5124 2981 5190 debet,
3011 5125 3108 5179 hoc
3137 5128 3264 5182 mihi
3291 5128 3494 5198 imputa
3519 5147 3534 5181 :
3573 5127 3686 5198 Ego

2106 5206 2311 5264 Paulus
2353 5211 2538 5281 scripsi
2565 5228 2680 5266 mea
2707 5229 2890 5279 manu,
2916 5231 3010 5284 ego
3045 5214 3282 5270 reddam.
3310 5214 3423 5271 Nec
3457 5229 3690 5285 sponsor

2107 5301 2258 5357 ﬁeret
2284 5303 2360 5357 rei
2389 5303 2601 5368 ablatzn,
2640 5303 2744 5358 nisi
2776 5314 2922 5362 esset
2962 5307 3017 5362 id
3058 5308 3202 5377 quod
3231 5309 3474 5364 ablatum
3505 5308 3684 5363 fuerat

2105 5393 2438 5462 dissipatum.
2472 5391 2570 5448 llic
2596 5393 2781 5464 igitur,
2812 5413 2936 5453 cum
2959 5398 3030 5454 ob
3055 5398 3454 5455 confessioem
3482 5397 3686 5455 Christi

2104 5480 2301 5536 Paulus
2326 5481 2510 5537 Romae
2538 5493 2682 5539 esset
2709 5486 2762 5542 in
2793 5503 3030 5554 carcere,
3057 5490 3285 5546 credidit
3309 5491 3364 5544 in
3393 5489 3680 5544 Dominum

2103 5567 2307 5637 Iesum,
2337 5577 2392 5626 et
2419 5570 2488 5627 ab
2507 5586 2574 5631 eo
2597 5571 2901 5645 baptizatus
2919 5578 3078 5650 digna
3095 5579 3412 5651 peultentia
3437 5580 3682 5637 maculas
