3992 6184
367 277 507 334 1οὶ9

1001 278 1409 335 EXEGETlCA.
1451 308 1518 317 —
1555 278 1798 334 EXPOS.
1841 278 1904 332 IN
1944 277 2159 334 EPIST.
2215 277 2273 333 S.
2335 277 2536 334 PAULI
2571 278 2662 333 AD
2701 279 2973 336 PHILEM.

3476 286 3498 338 i
3509 281 3612 339 050

363 391 494 445 vita:
521 389 724 460 prioris
754 389 1024 452 abstersit,
1059 389 1113 442 in
1143 398 1375 454 tantum,
1405 395 1464 442 ut
1491 388 1776 457 Apostolus
1810 404 1940 444 con-
1973 398 2012 450 Α
2044 387 2361 441 sententiam
2395 387 2730 458 temperavit.
2777 387 2998 443 Occulta
3027 389 3222 460 quippe
3249 400 3373 446 sunt
3404 389 3609 459 judicia

365 478 635 535 versionis
678 476 794 546 ejus
837 479 990 534 testis
1040 477 1212 532 ﬁeret.
1268 477 1583 550 [Apostolici
1645 481 1935 535 testimonii

368 571 607 642 pondere
632 570 898 640 premitur
925 569 1172 624 dominus
1212 569 1374 640 663
1406 567 1658 640 fugientis
1674 568 1715 641 ,]
1743 579 1818 634 ut,
1849 571 1936 640 qui

369 675 435 715 ex
466 673 623 713 servo
647 666 703 712 et
731 657 954 728 fugitivo
998 667 1159 728 atque
1181 668 1397 728 raptore
1426 659 1672 713 minister
1698 659 1937 727 Apostoli

367 752 545 806 factus
570 755 711 812 erat,
744 748 947 802 diceret
977 763 991 801 :
1036 749 1220 814 (Vens.
1254 748 1436 817 10-15)
1487 746 1711 802 Obsecro
1759 759 1807 802 te
1844 766 1938 818 pro

363 838 474 908 ﬁlio
497 854 611 892 meo
660 835 926 902 Onesimo,
978 856 1128 909 quem
1154 840 1307 909 genui
1339 839 1391 893 in
1420 839 1672 904 vinculis;
1718 841 1806 911 qui
1849 841 1939 893 tibi

364 927 649 1002 aliquando
670 927 870 981 inutilis
897 927 1015 996 fuit,
1048 945 1182 981 nunc
1211 937 1382 981 autem
1411 938 1457 981 et
1484 928 1576 981 tibi
1611 937 1658 981 et
1681 929 1806 982 mihi
1838 927 1940 980 uti-

363 1019 449 1083 lis,
475 1032 627 1088 quem
671 1015 846 1068 remisi
885 1015 995 1068 tibi.
1031 1015 1107 1068 Tu
1138 1025 1313 1069 autem
1360 1015 1533 1079 illum,
1585 1017 1640 1068 id
1681 1026 1786 1079 est,
1823 1033 1937 1069 mea

365 1111 563 1164 viscera
593 1109 827 1177 suscipe;
853 1123 1005 1177 quem
1030 1123 1121 1177 ego
1145 1107 1407 1161 volueram
1447 1123 1648 1160 mecum
1687 1107 1934 1171 retinere,

365 1209 422 1254 ut
448 1215 543 1270 pro
585 1207 633 1251 te
657 1197 786 1250 mihi
814 1197 1130 1250 ministraret
1168 1199 1223 1250 in
1250 1196 1467 1251 uinculis
1499 1196 1787 1267 Evangelii.
1835 1197 1938 1252 γο-

366 1292 481 1346 ιιιηε
525 1291 814 1360 impetrare
863 1290 1006 1358 quod
1055 1289 1308 1358 postulat,
1349 1290 1460 1359 jam
1493 1305 1596 1344 non
1642 1305 1741 1360 pro
1781 1305 1937 1346 servo

367 1381 714 1446 Philemonis,
741 1380 835 1434 sed
859 1394 958 1450 pro
983 1379 1093 1434 lilio
1115 1396 1213 1435 suo
1247 1395 1304 1435 se
1332 1381 1525 1434 asserit
1545 1382 1856 1451 deprecari;
1884 1391 1939 1437 et

367 1470 458 1524 illo
482 1468 592 1523 lilio
618 1483 777 1538 quem
805 1467 990 1537 genuit
1019 1467 1072 1522 in
1100 1467 1327 1521 vinculis
1355 1467 1660 1537 Evangelii,
1698 1471 1801 1524 hoc
1830 1478 1935 1534 est,

364 1575 485 1629 qua:
504 1573 603 1628 pro
626 1557 828 1612 Christi
857 1556 1144 1626 Evangelio
1166 1557 1496 1621 sustinebat;
1523 1558 1756 1626 quicum
1779 1567 1936 1611 antea

367 1647 574 1703 inutilis
613 1647 828 1701 domino
857 1655 1061 1700 tantum
1106 1645 1281 1699 fuerat
1321 1646 1518 1715 (neque
1559 1647 1702 1700 enim
1749 1661 1938 1702 servus

2039 476 2162 542 Dei;
2207 484 2261 531 et
2289 478 2633 532 temerarium
2664 485 2747 532 est
2775 479 2928 547 quasi
2974 479 3041 534 de
3070 489 3218 535 certo
3254 483 3612 549 pronuntiare

2039 568 2179 638 quod
2213 567 2433 622 dubium
2461 577 2563 622 est.
2592 565 2714 622 Ideo
2744 577 2900 623 caute
2933 569 3070 624 dixit
3099 587 3111 622 :
3151 568 3403 624 Forsitan
3427 573 3496 625 ad
3517 573 3613 627 Ito-

2039 675 2152 711 ram
2173 657 2429 712 discessit.
2444 657 2642 711 Horam
2658 672 2755 726 pro
2777 666 3016 727 tempore
3043 659 3301 715 debemus
3324 662 3609 730 accipere;

2039 750 2103 803 ad
2157 750 2612 818 comparationem
2660 751 2806 803 enim
2846 752 3168 805 aeternitatis
3215 767 3373 807 omne
3404 763 3614 823 tempus

2037 837 2198 892 breve
2223 847 2325 891 est.
2367 836 2432 890 Ut
2464 848 2714 892 internum
2738 857 2854 893 eum
2882 843 3150 911 reciperes.
3181 843 3465 898 Onesimus
3484 860 3613 898 vero

2037 928 2128 998 qui
2161 942 2226 981 ex
2275 928 2377 981 fide
2419 927 2618 982 Christi
2649 929 2824 983 factus
2852 939 2955 995 est,
2979 941 3032 986 et
3058 942 3294 988 aeternus
3327 943 3426 998 est,
3452 945 3612 989 teter-

2036 1031 2140 1070 nus
2185 1016 2482 1070 Philemoni
2533 1015 2732 1086 [Hier.,
2779 1018 2954 1073 factus
2995 1030 3230 1076 :eternus
3259 1033 3368 1088 est,
3407 1034 3611 1078 mterno

2037 1105 2377 1177 Philemoni],
2429 1106 2554 1175 quia
2598 1114 2651 1160 et
2699 1105 2902 1175 ipsein
2952 1108 3223 1164 Christum
3270 1113 3610 1179 crediderat;

2038 1198 2226 1266 spiritu
2253 1197 2516 1251 libertatis
2541 1206 2779 1266 accepto.
2807 1198 2920 1267 jam
2948 1216 3054 1254 non
3079 1217 3286 1265 servus,
3317 1204 3412 1256 sed
3443 1202 3610 1258 frater

2037 1304 2155 1343 esse
2178 1290 2340 1360 erepit
2375 1305 2439 1342 ex
2469 1303 2646 1354 servo,
2677 1290 2845 1344 frater
2874 1293 3243 1358 cbarissimus,
3271 1304 3526 1349 :nternus.

2109 1379 2270 1432 Vnus.
2307 1379 2486 1431 l7.—-—
2518 1377 2575 1432 Si
2618 1395 2738 1448 ergo
2783 1396 2864 1432 me
2919 1379 3076 1434 habes
3121 1385 3351 1448 socium,
3403 1385 3606 1454 suscipe

2037 1469 2183 1522 illum
2209 1472 2339 1523 sicut
2366 1487 2466 1524 me.
2493 1469 2645 1536 Quod
2666 1472 2814 1536 dicit,
2830 1473 2935 1528 tale
2958 1482 3078 1528 est:
3114 1474 3170 1528 Si
3195 1491 3280 1529 me
3303 1477 3384 1530 vis
3408 1476 3609 1531 habere

2038 1568 2366 1625 consortem,
2397 1561 2592 1616 habeto
2621 1570 2675 1615 et
2699 1562 3034 1627 Onesimum,
3064 1578 3223 1632 quem
3255 1579 3353 1634 ego
3383 1580 3606 1620 consor-

2040 1656 2148 1702 tem
2191 1659 2246 1704 et
2269 1649 2435 1704 ﬁlium
2469 1659 2524 1705 et
2548 1651 2754 1705 viscera
2800 1667 2919 1706 mea
2963 1653 3184 1707 habeo:
3225 1670 3383 1722 quem
3415 1656 3457 1710 si
3501 1671 3607 1710 non

368 1739 452 1794 fur
481 1749 640 1808 atque
684 1737 937 1807 fugitivus
964 1737 1118 1791 alteri
1164 1737 1367 1801 nocuit,
1399 1737 1502 1791 nisi
1525 1738 1741 1794 domino
1783 1738 1930 1808 suo),
1969 1748 2010 1806 Β
2037 1740 2360 1808 susceperis,
2412 1754 2510 1794 nec
2555 1741 2756 1795 habere
2800 1741 3066 1807 volueris,
3117 1751 3172 1796 et
3219 1743 3332 1812 ipse
3376 1743 3611 1814 intellige

369 1845 511 1885 nunc
557 1843 588 1884 e
633 1826 906 1882 contrario
944 1826 1194 1881 utilitatis
1230 1828 1684 1896 compensatione,
1729 1842 1834 1896 qua
1885 1835 1940 1880 et

367 1922 482 1990 ipse
510 1920 728 1974 domino
757 1916 958 1988 [Hier.,
989 1917 1089 1986 ipsi
1116 1915 1354 1988 domino]
1381 1924 1436 1970 et
1457 1916 1623 1972 Paulo
1657 1917 1806 1972 utilis
1833 1927 1933 1981 est,

366 2011 686 2079 ueterisque
728 2023 825 2078 per
880 2007 1140 2072 Paulum,
1190 2007 1311 2076 plus
1363 2008 1648 2062 charitatis
1699 2016 1940 2062 meretur

371 2118 536 2173 quam
583 2102 692 2157 odii
727 2109 850 2154 ante
894 2109 1186 2155 meruerat.
1241 2100 1391 2156 Unde
1429 2101 1527 2166 ait,
1571 2101 1659 2172 qui
1705 2100 1796 2153 tibi
1843 2099 1940 2153 ali-

367 2193 578 2263 quando
609 2191 811 2245 inutilis
843 2191 963 2260 fuit.
997 2191 1139 2254 Tibi,
1172 2191 1368 2260 inquit,
1396 2191 1514 2255 soli,
1559 2205 1666 2244 non
1696 2189 1936 2254 caeteris;

371 2295 514 2335 nunc
539 2287 720 2334 autem
748 2280 846 2334 tibi
891 2288 947 2334 et
973 2281 1106 2334 mihi
1132 2279 1299 2334 utilis.
1339 2279 1498 2335 Utilis
1525 2280 1742 2334 domino
1787 2279 1840 2333 in
1876 2293 1940 2332 eo

369 2371 512 2441 quod
555 2371 721 2440 possit
751 2369 916 2425 Paulo
945 2371 1151 2424 servire
1194 2386 1293 2439 pro
1338 2371 1554 2425 domino
1599 2387 1729 2433 suo;
1773 2369 1941 2423 Paulo

370 2476 498 2516 vero
525 2460 579 2514 in
605 2474 670 2513 eo
694 2459 843 2514 utilis
869 2460 996 2527 quia
1036 2459 1126 2513 illo
1150 2461 1202 2512 in
1229 2474 1448 2514 carcere
1487 2460 1824 2528 vinculisque
1851 2459 1943 2511 de-

371 2560 520 2607 tento
547 2551 718 2621 possit
737 2551 787 2604 ei
814 2550 866 2603 in
895 2549 1183 2619 Evangelio
1204 2551 1531 2604 ministrare.
1565 2549 1757 2622 [Quem
1778 2551 1941 2605 etiam

372 2641 539 2696 tilium
584 2655 738 2694 suum
769 2639 1048 2694 nominare
1077 2654 1185 2693 non
1230 2637 1536 2709 dubitavit.]
1567 2638 1719 2705 Quod
1763 2647 1940 2692 autem

371 2733 448 2786 ait
473 2745 488 2785 :
523 2729 600 2784 Tu
629 2738 805 2783 autem
829 2729 999 2793 illum,
1029 2729 1083 2783 id
1111 2739 1186 2783 est
1212 2729 1406 2784 viscera
1434 2746 1547 2782 mea
1573 2729 1796 2799 suscipe,
1843 2729 1945 2784 hoc

369 2831 474 2886 est,
501 2820 644 2890 quod
669 2820 828 2890 paulo
868 2829 994 2875 ante
1020 2821 1152 2884 dixi,
1191 2821 1396 2875 viscera
1425 2820 1731 2890 signiﬁcare
1776 2820 1944 2874 inter-

371 2928 502 2968 num
529 2912 709 2968 cordis
736 2911 1007 2976 aﬂectum,
1035 2921 1089 2966 et
1115 2912 1328 2982 plenam
1356 2928 1420 2967 ex
1468 2913 1650 2967 animo
1690 2910 1943 2966 volunta—

371 3013 504 3058 tem.
536 3003 723 3075 (Vnns.
769 3003 878 3073 14.)
908 3001 1036 3057 Sine
1065 3001 1281 3056 consilio
1310 3011 1484 3056 autem
1521 3011 1610 3056 tuo
1650 3001 1777 3056 nihil
1807 3000 1946 3056 volui

2042 1828 2266 1900 [Hier.,
2319 1830 2653 1903 intelligis],
2708 1833 2850 1900 quod
2895 1848 2981 1888 me
3019 1833 3217 1888 habere
3268 1851 3373 1888 non
3435 1843 3608 1904 potes.

2041 1921 2368 1992 (Vens.18.)
2419 1921 2476 1977 Si
2503 1934 2676 1976 autem
2703 1924 2902 1994 aliquid
2945 1927 3119 1979 nocuit
3166 1935 3258 1978 aut
3305 1926 3472 1992 debet,
3514 1927 3611 1979 Itac

2039 2011 2164 2063 mihi
2192 2013 2412 2080 imputa.
2444 2010 2525 2082 [Si
2553 2013 2696 2065 enim
2742 2011 2990 2066 Christus
3017 2028 3115 2082 pro
3145 2015 3297 2068 nobis
3327 2015 3524 2079 doluit,
3555 2024 3611 2068 et

2039 2098 2379 2154 infirmitates
2422 2107 2636 2154 nostras
2674 2101 2926 2168 portavit,
2965 2101 3108 2171 juste
3151 2101 3348 2156 Paulus
3376 2103 3612 2156 imitator

2039 2187 2122 2241 sui
2152 2187 2393 2258 magistri
2421 2202 2479 2242 se
2503 2189 2755 2257 opposuit
2780 2203 2879 2256 pro
2904 2187 3156 2243 Onesimo
3197 2188 3306 2243 filio
3336 2204 3452 2242 suo.
3501 2189 3611 2244 lloc

2041 2284 2209 2331 totum
2240 2276 2359 2331 ideo
2390 2275 2528 2330 dixit
2576 2284 2633 2330 ut
2661 2285 2911 2346 pacatum
2953 2277 3168 2332 fecisset
3208 2278 3448 2332 animum
3479 2278 3610 2332 Phi-

2039 2367 2265 2420 lemonis
2294 2368 2348 2420 in
2373 2365 2673 2437 0nesimo.]
2705 2367 2891 2436 (Vens.
2917 2369 3027 2438 l9.)
3061 2367 3174 2438 Ego
3205 2367 3407 2422 Paulus
3430 2369 3614 2438 scripsi

2040 2471 2154 2508 mea
2183 2470 2367 2518 manu,
2389 2469 2482 2522 ego
2508 2454 2744 2516 reddam,
2775 2465 2831 2507 ut
2859 2473 2960 2508 non
2991 2457 3163 2508 dicam
3210 2458 3324 2520 tibi,
3363 2459 3503 2526 quod
3546 2469 3616 2512 tc-

2042 2546 2210 2614 ipsum
2246 2544 2371 2596 mihi
2417 2543 2590 2596 debes.
2635 2543 2787 2609 Quod
2829 2545 2978 2607 dicit,
3009 2545 3114 2598 tale
3158 2554 3239 2598 est
3283 2563 3296 2598 :
3333 2545 3615 2602 Onesimus

2041 2634 2186 2688 furto
2235 2633 2431 2703 rapuit,
2477 2647 2580 2702 ego
2628 2646 2714 2686 me
2759 2633 2998 2702 spondeo
3045 2634 3412 2700 redditurum;
3461 2635 3617 2706 hujus

2041 2723 2345 2794 sponsionis
2369 2720 2592 2791 epistola
2624 2720 2739 2774 hree
2766 2727 2822 2773 et
2849 2735 3040 2775 manus
3069 2722 3222 2775 testis
3249 2730 3336 2775 est
3359 2725 3612 2792 propria;

2041 2829 2202 2884 quam
2231 2829 2337 2868 non
2367 2813 2526 2868 solito
2568 2827 2718 2866 more
2764 2811 2982 2876 dictavi,
3014 2813 3108 2866 sed
3139 2827 3256 2865 mea
3298 2828 3460 2866 manu
3502 2813 3616 2882 ipse

2042 2905 2356 2975 conscripsi.
2389 2902 2502 2958 Hoc
2535 2903 2674 2966 dico,
2703 2902 2858 2970 quasi
2882 2901 2992 2972 (ad)
3023 2910 3340 2956 extraneum
3369 2902 3612 2972 loquens.

2042 2995 2309 3051 Caeterum
2338 2994 2380 3048 si
2401 2993 2468 3046 ad
2486 2991 2578 3060 jus
2601 3007 2778 3046 meum
2804 2991 3038 3053 redeam,
3067 2999 3288 3060 propter
3315 3003 3617 3045 sermonem

374 3093 569 3162 facere,
596 3092 673 3146 uti
696 3108 759 3146 ne
793 3090 925 3145 velut
953 3107 1017 3145 ea:
1045 3091 1345 3146 necessitate
1377 3091 1564 3144 bonum
1607 3098 1751 3144 tuum
1779 3098 1942 3154 esset,
1971 3083 2018 3143 C
2047 3085 2246 3142 Christi
2273 3100 2432 3155 quem
2477 3084 2571 3137 tibi
2598 3081 2976 3154 evangelizavi,
3017 3090 3072 3136 et
3111 3081 3450 3136 Christianus
3492 3081 3622 3137 elle-

373 3187 465 3241 sed
495 3184 863 3240 voluntarium.
891 3183 1027 3256 [Hac
1053 3185 1318 3240 sententia
1345 3183 1479 3238 solvi
1500 3191 1679 3253 potest
1697 3183 1944 3253 qum-stic,

371 3290 480 3346 qua
506 3276 724 3346 quidam
767 3282 1018 3330 asserunt
1057 3274 1226 3330 Deum
1274 3273 1432 3328 talem
1481 3273 1728 3328 debuisse
1769 3273 1947 3328 facere

375 3361 674 3427 hominem,
694 3362 786 3432 qui
814 3376 1042 3432 peccare
1067 3377 1173 3416 non
1194 3362 1381 3433 possit.
1408 3361 1548 3416 Deus
1573 3377 1700 3415 vero
1724 3362 1836 3431 ipse
1856 3377 1948 3417 vo-

374 3453 640 3509 luntarius
686 3459 791 3517 est,
825 3467 929 3506 non
963 3455 1268 3507 necessarie
1305 3450 1475 3522 (Leg.,
1501 3451 1802 3508 voluntarie
1846 3453 1948 3508 bo-

373 3561 476 3601 nus
506 3552 608 3610 est,
639 3559 746 3598 non
776 3541 1134 3614 necessitate)
1162 3560 1175 3596 :
1208 3543 1374 3598 homo
1393 3557 1544 3607 vero,
1569 3543 1614 3598 si
1649 3558 1715 3598 ex
1756 3558 1946 3599 neces-

374 3635 535 3690 sitate
579 3635 756 3690 bonus
794 3643 961 3698 esset,
991 3649 1098 3689 non
1145 3634 1439 3700 voluntate,
1473 3634 1567 3689 Dei
1609 3635 1786 3706 imago
1827 3650 1947 3691 esse

373 3739 482 3779 non
503 3723 718 3796 possit.]
741 3724 920 3779 Potuit
950 3725 1130 3794 itaque
1157 3733 1214 3779 et
1234 3725 1508 3794 apostolus
1527 3725 1724 3781 Paulus
1745 3727 1949 3793 absque

377 3813 646 3869 voluntate
672 3814 998 3870 Philemonis
1019 3813 1333 3870 Onesimum
1369 3816 1471 3870 sibi
1504 3815 1557 3868 in
1587 3816 1946 3870 ministerium

377 3905 640 3969 retinere;
670 3905 764 3959 sed
791 3905 838 3959 si
866 3905 969 3957 hoc
989 3905 1107 3958 sine
1124 3903 1457 3957 Philemonis
1485 3902 1760 3956 voluntate
1790 3901 1948 3956 fecis-

373 4003 497 4060 set,
532 3995 733 4049 bonum
791 3992 1004 4060 quidem
1051 4000 1198 4054 erat,
1246 3991 1340 4045 sed
1386 4005 1492 4044 non
1536 3990 1892 4045 voluntarium
1929 4009 1944 4044 :

373 4089 518 4161 quod
547 4093 728 4140 autem
762 4098 870 4137 non
891 4090 1009 4137 erat
1031 4082 1413 4145 voluntarium,
1445 4082 1550 4136 alio
1579 4097 1774 4153 genere
1795 4083 1946 4155 argui

376 4181 590 4247 poterat
613 4186 720 4226 non
746 4184 865 4226 esse
893 4170 1114 4225 bonum.
1145 4169 1290 4224 Nihil
1317 4170 1516 4240 quippe
1545 4170 1831 4244 [absolute]
1855 4175 1949 4228 bo-

378 4279 505 4320 num
533 4277 652 4317 esse
674 4261 890 4330 poterit,
922 4260 1023 4316 nisi
1050 4258 1190 4329 quod
1233 4259 1538 4316 ultroneum
1575 4270 1675 4316 est.
1725 4263 1800 4317 Ex
1843 4278 1949 4332 quo

378 4351 617 4424 Apostoli
639 4349 1024 4406 consideranda
1044 4349 1326 4419 prudentia
1352 4358 1457 4415 est,
1479 4351 1570 4420 qui
1597 4350 1797 4406 idcirco
1819 4349 1950 4421 fugi-

2047 3185 2166 3232 ctus
2193 3191 2274 3240 es,
2299 3186 2351 3229 te
2381 3174 2510 3227 mihi
2541 3174 2712 3243 ipsum
2735 3173 2916 3227 debes.
2945 3171 3096 3237 Quod
3118 3173 3164 3228 si
3195 3180 3253 3227 tu
3281 3187 3433 3228 meus
3456 3188 3537 3240 es,
3561 3182 3618 3228 et

2049 3275 2137 3321 tua
2165 3263 2329 3337 664
2364 3264 2544 3319 omnia
2585 3278 2703 3318 mea
2733 3271 2890 3328 sunt;
2945 3261 3014 3334 [si
3058 3271 3236 3316 autem
3289 3271 3384 3317 tua
3431 3263 3614 3318 omnia

2046 3372 2164 3411 mea
2213 3355 2385 3427 sunt,]
2431 3354 2716 3410 Onesimus
2759 3369 2993 3424 quoque,
3037 3355 3128 3425 qui
3174 3362 3298 3410 tuus
3331 3366 3431 3418 est,
3465 3370 3618 3409 meus

2046 3459 2151 3504 est.
2187 3449 2436 3504 Poteram
2481 3449 2644 3518 igitur
2671 3463 2735 3503 eo
2768 3449 2867 3514 uti,
2918 3455 2977 3502 ut
3023 3464 3177 3514 meo;
3224 3450 3318 3504 sed
3359 3449 3620 3504 voluntati

2047 3550 2152 3596 tuae
2199 3541 2481 3609 relinquo,
2543 3546 2603 3592 ut
2658 3540 2963 3593 mercedem
3018 3539 3222 3594 habeas
3273 3539 3618 3607 ignoscendo.

2048 3631 2233 3702 (Vnus.
2262 3631 2378 3700 20.)
2419 3627 2505 3681 Ita
2531 3628 2717 3696 frater.
2749 3627 2863 3696 Ego
2886 3635 2936 3679 te
2962 3627 3114 3693 fruar
3145 3628 3200 3680 in
3226 3628 3472 3682 Domino.
3515 3627 3622 3682 Re-

2046 3725 2144 3791 lice
2180 3724 2376 3776 viscera
2405 3735 2520 3770 mea
2555 3719 2612 3770 in
2661 3715 2891 3771 Christo.
2938 3716 3089 3783 Quod
3117 3725 3296 3774 autem
3323 3720 3400 3774 ait
3450 3738 3464 3773 :
3506 3720 3624 3790 Ego

2047 3822 2094 3865 te
2137 3813 2290 3880 fruar
2321 3809 2377 3862 in
2408 3807 2652 3872 Domino,
2704 3808 2849 3862 aliud
2893 3809 3062 3864 multo
3105 3811 3424 3882 intelligitur
3461 3828 3623 3882 quam

2046 3908 2286 3971 putatur.
2323 3897 2611 3968 Apostolus
2656 3913 2764 3952 non
2795 3896 3113 3954 fruiturnisi
3169 3901 3250 3954 eis
3295 3901 3468 3971 [Hien
3517 3902 3623 3956 nisi

2046 3977 2159 4059 eo],
2195 3987 2288 4058 qui
2321 3985 2520 4041 multas
2548 3987 2601 4041 in
2630 4001 2690 4042 se
2716 3987 2878 4041 habet
2904 3987 3246 4043 continentes
3273 3988 3470 4060 [Hier.,
3495 4005 3624 4044 con-

2046 4076 2417 4149 cinentesque]
2460 4078 2706 4143 virtutes,
2749 4084 2804 4132 et
2841 4086 3015 4132 totum
3044 4079 3187 4146 quod
3212 4078 3461 4134 Christus
3495 4081 3625 4135 dici-

2049 4177 2137 4222 tur
2193 4183 2294 4238 pro
2350 4169 2614 4224 varietate
2652 4183 2958 4232 causarum,
2998 4168 3314 4238 sapientiam
3351 4169 3622 4234 videlicet,

2043 4256 2343 4328 justitiam,
2383 4258 2766 4312 continentiam
2790 4296 2806 4323 ,
2856 4259 3323 4313 mansuetudinem
3351 4297 3366 4323 ,
3418 4266 3623 4328 tempe-

2051 4347 2306 4412 rantiam,
2346 4347 2669 4402 castitatem.
2703 4345 2812 4400 Has
2839 4346 3170 4415 imprecatur
3203 4344 3531 4409 Philemoni,
3565 4355 3627 4400 ut

380 4415 547 4498 tivum
585 4441 811 4496 remittit
849 4440 916 4493 ad
959 4415 1255 4501 dominum,
1300 4447 1358 4493 ut
1389 4415 1561 4510 prosit
1586 4439 1803 4494 domino
1829 4415 1948 4506 su'o,
1977 4415 2029 4475 θ
2053 4436 2178 4489 dum
2210 4435 2296 4489 bis
2332 4435 2704 4499 abundaverit,
2740 4435 2852 4502 ipse
2890 4449 2954 4489 eo
2987 4434 3270 4504 perfruens
3310 4435 3622 4505 impleatur.

383 4532 494 4602 [qui
526 4530 793 4601 placuisse
817 4543 923 4583 non
958 4537 1190 4598 poterat,
1217 4530 1260 4583 si
1305 4529 1420 4582 sine
1445 4528 1647 4583 domini
1677 4538 1951 4585 teneretur

382 4621 656 4676 voluntate
684 4617 885 4690 (Hier.,
915 4618 1007 4687 qui
1048 4619 1304 4686 prodesse
1339 4634 1446 4673 non
1480 4628 1724 4689 poterat,
1769 4621 1814 4675 si
1858 4621 1952 4677 do-

382 4709 528 4764 mino
557 4714 828 4762 teneretur
852 4705 1138 4777 absente)].

453 4797 615 4852 Vens.
653 4794 744 4860 l5,
774 4793 865 4848 16.
883 4823 948 4835 —-
973 4792 1226 4850 Forsitan
1247 4796 1363 4850 ideo
1391 4797 1461 4850 ad
1489 4797 1674 4852 horam
1699 4797 1950 4863 discessit,

386 4894 442 4938 ut
471 4894 721 4939 retentum
759 4880 909 4937 illum
954 4882 1203 4952 reciperes
1233 4899 1250 4936 :
1271 4884 1387 4953 jam
1419 4902 1523 4939 non
1565 4887 1699 4940 sicut
1726 4903 1950 4952 servum,

383 4974 475 5042 sed
519 4988 612 5042 pro
659 4988 805 5027 servo
844 4971 1206 5025 charissimam
1251 4972 1490 5041 fratrem,
1531 4977 1755 5029 maxime
1795 4977 1953 5043 milii;

386 5073 582 5133 quanto
611 5065 774 5134 magis
803 5065 894 5118 tibi
917 5075 964 5120 et
995 5065 1049 5118 in
1070 5082 1228 5120 carne
1255 5075 1303 5120 et
1329 5067 1384 5120 in
1421 5065 1665 5121 Domino.
1705 5066 1880 5138 [Sicut
1901 5069 1954 5122 in

387 5151 694 5206 venditione
722 5150 917 5221 Ioseph
958 5153 1156 5208 bonam
1181 5169 1316 5219 rem,
1348 5156 1400 5211 id
1425 5165 1528 5220 est,
1557 5155 1782 5210 salutem
1821 5157 1957 5211 mul-

391 5251 564 5296 torum
594 5241 723 5298 fecit
747 5242 887 5296 Deus
917 5243 983 5298 de
1007 5245 1146 5298 mala
1168 5246 1441 5301 voluntate
1469 5245 1746 5318 fratrutn,]
1768 5247 1955 5302 simili-

390 5344 473 5390 ter
507 5335 642 5388 etin
687 5333 941 5390 Onesimo
970 5348 1254 5401 possumus
1301 5339 1598 5409 intelligere
1635 5339 1778 5408 quod
1817 5339 1955 5394 mala

389 5423 658 5492 principia
691 5421 1002 5476 occasiones
1029 5420 1229 5475 fuerint
1269 5427 1346 5479 rei
1390 5426 1562 5483 bonae.
1594 5427 1776 5500 [Fugit
1813 5429 1955 5483 enim

393 5513 670 5568 dominum
703 5526 857 5566 suum
884 5520 940 5566 et
967 5510 1144 5566 factus
1167 5522 1249 5567 est
1280 5529 1466 5571 servus
1489 5518 1688 5575 Christi
1723 5528 1775 5575 et
1802 5520 1958 5574 mini-

396 5612 510 5658 ster
533 5601 588 5657 in
631 5597 965 5673 Evangelio.]
991 5599 1220 5656 Pulchre
1254 5612 1433 5658 autem
1463 5609 1660 5665 addens
1701 5609 1958 5679 forsitan,

2054 4525 2120 4578 Et
2152 4540 2220 4579 ne
2264 4532 2442 4594 putes,
2496 4523 2642 4576 illam
2683 4521 2995 4578 fruitionem
3035 4525 3164 4589 dici,
3205 4542 3312 4595 qua
3350 4543 3448 4582 nos
3485 4543 3626 4596 smpe

2055 4616 2332 4685 nostrique
2367 4615 2511 4668 inter
2551 4629 2652 4670 nos
2692 4619 2979 4684 praesentia
3017 4617 3349 4672 delectamur
3387 4618 3464 4691 [et
3496 4619 3628 4674 frui-

2056 4705 2222 4778 mur],
2263 4705 2465 4761 addidit
2511 4708 2612 4759 :in
2654 4706 2898 4760 Domino.
2943 4707 3116 4776 Reﬁce
3163 4709 3357 4762 viscera
3397 4725 3514 4762 mea
3569 4711 3627 4762 in

2057 4794 2284 4848 Christo.
2317 4793 2470 4849 Sicut
2495 4795 2607 4863 ipse
2651 4793 2756 4848 frui
2782 4795 2893 4848 vult
2921 4793 3233 4849 Philemone
3273 4797 3328 4849 in
3366 4797 3627 4860 Domino.

2060 4888 2133 4942 ita
2178 4887 2388 4941 viscera
2415 4901 2514 4941 sua
2560 4885 2813 4941 Onesimo
2846 4884 3044 4957 [llier.,
3077 4885 3436 4959 Onesimum],
3466 4900 3629 4956 quem

2059 4984 2114 5031 et
2145 4976 2392 5044 superius
2417 4975 2606 5030 eodem
2644 4975 2860 5029 nomine
2899 4975 3278 5045 appellaverat,
3323 4975 3472 5031 refici
3517 4975 3631 5030 vult

2056 5083 2155 5137 per
2191 5066 2579 5121 Philemonem.
2614 5065 2780 5121 Recte
2818 5067 3017 5121 dicitur
3037 5068 3246 5122 viscera
3283 5067 3457 5122 sancti
3478 5066 3630 5121 Pauli

2059 5157 2342 5213 Onesimus
2375 5157 2574 5229 [Hier.,
2613 5167 2762 5214 recte
2795 5158 2949 5213 Pauli
2985 5160 3041 5214 in
3080 5159 3296 5214 Christo
3321 5161 3532 5214 viscera
3554 5157 3634 5213 dio

2059 5257 2258 5304 cuntur
2285 5248 2614 5320 Onesimus],
2641 5266 2800 5320 quem
2830 5253 3014 5323 genuit
3047 5252 3100 5306 in
3125 5252 3372 5307 vinculis.

2127 5339 2290 5394 Vsus.
2336 5338 2426 5393 2i.
2462 5367 2534 5380 —
2569 5338 2848 5408 Conﬁdens
2894 5342 2951 5395 in
2984 5341 3274 5395 obedientia
3309 5351 3401 5394 tua
3445 5341 3632 5411 scripsi

2057 5429 2171 5494 tibi,
2219 5430 2386 5482 sciens
2429 5430 2676 5498 quoniam
2717 5438 2765 5484 et
2809 5447 2966 5500 super
3008 5431 3062 5484 id
3103 5431 3242 5501 quod
3283 5432 3401 5485 dico
3444 5430 3631 5500 facies.

2061 5518 2172 5591 [Ait
2199 5519 2362 5583 enim,
2396 5518 2661 5587 conﬁdens
2709 5521 2766 5574 in
2811 5521 3100 5576 obedientia
3128 5531 3238 5587 tua,
3271 5530 3332 5576 nt
3373 5536 3480 5577 non
3509 5535 3636 5576 cru-

2063 5609 2306 5665 besceret
2351 5607 2654 5666 Philemoni
2691 5609 2870 5668 facere
2905 5613 3049 5688 quod
3085 5620 3306 5684 rogatus
3345 5610 3465 5668 fuit.
3507 5611 3637 5669 Ideo
