3992 6184
418 283 550 340 tos:
666 244 668 246 ’

1253 265 1312 318 Β.
1352 264 1414 318 F.
1452 259 1675 316 ALBINI
1714 203 1845 312 SEIJ
1885 247 2159 308 ALCUINI
2198 245 2482 303 OPERUM
2520 243 2700 300 PARS
2736 244 2796 298 Il.

3535 240 3687 298 1052

415 389 656 448 addidit;
687 386 873 448 sciens,
903 391 1007 436 etc.
1042 378 1144 446 Qui
1184 376 1285 432 scit
1311 374 1604 430 bonitatem
1631 371 1812 433 amici,
1851 383 1985 438 quo—
2015 365 2062 424 Δ
2087 359 2242 428 cujus
2275 376 2439 430 supra
2466 359 2693 414 fecimus
2720 357 3078 448 mentionem;
3111 363 3169 448 et
3193 354 3446 448 Demam,
3477 355 3545 410 de
3571 372 3690 425 quo

414 480 702 540 dammodo
740 473 1053 546 praeiudicat
1095 486 1164 524 ne
1192 467 1387 522 audeat
1428 479 1628 534 negare
1655 462 1796 533 quod
1814 460 1993 533 [roga-

333 620 336 621 ,
415 570 549 642 tur.]
581 568 768 640 (Vens.
808 561 923 622 22.)
963 558 1136 616 Simul
1169 567 1342 612 autem
1371 564 1420 609 et
1467 571 1600 625 para
1643 553 1770 606 mihi
1817 552 1996 642 hospi-

342 647 347 653 ’
414 640 566 712 tiuni.
607 654 722 708 Hoc
756 652 876 706 ideo
915 650 1062 712 dicit,
1095 655 1155 700 ut
1190 647 1318 699 dum
1354 660 1476 699 eum
1502 650 1778 712 exspectat
1818 640 1996 696 Phile-

413 764 539 805 mon
571 745 637 800 ad
662 759 721 798 se
742 757 862 798 esse
890 749 1200 802 venturum,
1243 737 1504 792 libentius
1533 733 1698 789 faciat
1733 733 1874 802 quod
1910 747 1996 786 ro-

411 845 570 909 gatus
597 842 699 890 est.
748 831 890 886 Nam
930 847 1079 901 spero
1116 845 1209 900 per
1253 828 1515 881 orationes
1563 832 1760 877 vestras
1807 821 1997 875 donari

417 944 496 982 me
559 925 724 980 vobis.
781 923 992 995 [Totius
1049 920 1304 975 Ecclesiae
1356 918 1628 970 orationes
1677 912 1997 992 profuerunt

416 1017 606 1081 Paulo,
646 1017 772 1070 dum
809 1013 898 1067 ille
943 1010 1148 1082 profuit
1188 1007 1334 1063 omni
1376 1005 1630 1060 Ecclesia:
1665 1003 1789 1067 Dei;
1823 1016 1996 1070 quem

419 1107 562 1161 Deus
590 1105 912 1176 pcrdonavit
936 1101 1270 1156 orationibus
1295 1111 1436 1166 saepe
1463 1105 1795 1164 sanctorum,
1819 1094 1887 1148 ad
1912 1108 1999 1146 eo-

419 1213 540 1252 rum
560 1198 850 1251 utilitatem
876 1195 968 1265 qui
995 1209 1116 1248 eum
1142 1191 1376 1244 audituri
1406 1187 1578 1258 sunt.]
1614 1186 1769 1253 Quod
1816 1193 1999 1238 autem

420 1290 613 1344 crebro
639 1287 839 1341 Paulus
872 1287 926 1338 in
966 1297 1186 1339 carcere
1234 1280 1417 1342 fuerit,
1441 1278 1584 1332 etde
1611 1275 1838 1330 vinculis
1865 1275 2000 1328 libe-

420 1360 573 1434 ratus
599 1377 691 1441 sit,
720 1376 839 1445 ipse
866 1375 918 1428 in
943 1374 1049 1426 alio
1079 1372 1199 1425 loco
1245 1370 1419 1424 dicit:
1454 1368 1522 1422 In
1553 1366 1848 1420 carceribus
1894 1366 1999 1435 {re-

420 1479 636 1542 quenter
669 1467 755 1524 (II
801 1466 924 1521 Cor.
974 1481 1053 1529 XI,
1078 1463 1189 1532 23).
1222 1463 1298 1517 De
1328 1478 1435 1531 quo
1459 1460 1558 1533 [De
1608 1457 1821 1529 quibus]
1867 1471 2003 1512 non-

421 1575 698 1630 nunquam
743 1558 954 1612 Domini
1000 1556 1200 1610 auxilio
1249 1554 1510 1608 liberatus
1532 1561 1632 1608 est.
1668 1552 1854 1623 (Vens.
1885 1551 1954 1604 25
1985 1590 1999 1614 ,

419 1651 535 1724 21.)
566 1650 777 1706 Salutat
803 1659 852 1702 te
880 1647 1156 1719 Epaphras
1184 1645 1514 1715 concaptivus
1543 1659 1688 1696 meus
1711 1643 1765 1695 in
1793 1639 2000 1694 Christo

421 1705 575 1808 Iesu,
611 1742 848 1807 Marcus,
875 1705 1212 1793 Aristarchus
1231 1778 1245 1802 ,
1284 1705 1476 1790 Demos
1508 1734 1654 1806 [Ms.,
1684 1731 1996 1802 Damascus]
2031 1705 2076 1764 Β

419 1843 468 1886 et
498 1832 668 1886 Lucas
683 1830 950 1900 adjutores
972 1829 1091 1882 mei.
1117 1827 1247 1894 Quis
1260 1827 1330 1881 sit
1351 1825 1632 1895 Epaphras
1653 1821 2000 1892 coneaplivus

419 1923 604 1988 Pauli,
669 1922 830 1975 Ialem
870 1919 1112 1975 fabulam
1155 1917 1487 1987 accepimus.
1533 1914 1701 1968 Aiunt
1750 1919 2002 1982 parentes

421 2011 647 2083 apostoli
679 2010 829 2064 Pauli
851 2010 918 2064 de
942 2008 1174 2064 Giscalis
1212 1997 1434 2077 regione
1479 2004 1647 2059 fuisse
1675 2001 1902 2067 Judaeaz;
1946 2008 2002 2056 et

421 2115 537 2166 eos,
565 2116 688 2154 cum
720 2107 829 2153 tota
855 2084 1132 2168 provincia
1156 2102 1464 2149 vastaretur
1481 2108 1643 2146 manu
1669 2099 1726 2146 et
1750 2091 2004 2161 devulga-

423 2201 613 2246 rentur
639 2188 842 2261 [ΠΜ-η
892 2189 1134 2242 Romana
1165 2200 1349 2249 manu,
1373 2190 1428 2236 et
1465 2179 1924 2252 dispergerentur]
1947 2180 2002 2234 in

422 2283 555 2337 orbe
589 2280 784 2344 Judaai,
822 2279 875 2334 in
924 2278 1152 2332 Tarsum
1177 2275 1366 2329 urbem
1409 2271 1608 2327 Ciliciae
1636 2269 1802 2325 fuisse
1827 2280 2005 2325 trans-

421 2371 584 2437 latos;
625 2377 912 2439 parentum
959 2365 1328 2421 conditionem
1365 2361 1836 2440 adolescentulum.
1865 2359 2006 2414 Pau-

425 2462 536 2518 lum
558 2468 804 2517 secutum
835 2467 891 2514 et
917 2459 996 2513 sic
1019 2472 1178 2527 posse
1225 2463 1373 2510 stare
1399 2454 1530 2508 illud
1554 2453 1699 2523 quod
1727 2452 1799 2507 de'
1828 2452 2006 2522 seipse

424 2563 656 2610 testatur
680 2570 696 2606 :
717 2550 928 2606 Ηώνωὶ
952 2559 1094 2614 sunt,
1121 2558 1170 2603 et
1201 2564 1326 2617 ego;
1350 2544 1611 2600 Israelita:
1635 2553 1778 2610 sunt,
1800 2554 1848 2598 et
1874 2557 2006 2614 ego;

424 2660 599 2698 semen
624 2641 848 2696 Abraha:
876 2648 1019 2706 sunt,
1043 2647 1092 2692 et
1123 2654 1216 2708 ego
1247 2635 1333 2708 (ΙΙ
1364 2633 1488 2690 Cor.
1519 2651 1595 2699 ιι,
1624 2633 1742 2704 22).
1790 2634 1862 2687 Ει
1887 2648 2009 2687 rur-

426 2748 546 2788 sum
585 2730 712 2786 alibi
743 2748 757 2784 :
783 2729 1038 2784 Hebraeus
1085 2743 1150 2782 ea:
1191 2724 1429 2780 Hebraeis
1453 2722 1673 2795 (Philip.
1698 2740 1784 2787 ιιι,
1825 2722 1905 2794 5),
1955 2730 2010 2777 et

426 2829 640 2884 caetera,
692 2834 812 2889 quae
855 2818 1003 2874 illum
1052 2816 1295 2870 Judaeum
1352 2815 1525 2884 magis
1569 2815 1812 2870 indicant
1846 2828 2009 2884 quam

427 2913 773 2968 Tarsensem.
791 2910 945 2978 Quod
975 2909 1021 2963 si
1042 2909 1117 2962 ita
1141 2915 1246 2970 est,
1266 2921 1551 2975 possumus
1579 2906 1889 2977 Epaphram
1919 2904 2010 2960 illo

425 3012 667 3072 tempore
695 3010 913 3069 captum
942 2997 1229 3066 suspicari,
1270 3013 1377 3066 quo
1415 3006 1606 3066 captus
1632 3005 1716 3052 est
1759 2997 1960 3052 Paulus
1988 3013 2003 3063 ;

426 3101 482 3145 et
506 3105 630 3145 eum
658 3105 690 3142 a
716 3087 1033 3157 parentibus
1055 3088 1167 3141 suis
1188 3086 1242 3140 in
1268 3087 1503 3142 Colossis
1523 3087 1658 3142 urbe
1679 3087 1820 3142 Asiae
1839 3087 2006 3143 collo-

427 3188 627 3239 catum,
656 3177 854 3232 Christi
879 3187 1068 3248 postea
1109 3180 1382 3248 recepisse
1409 3196 1734 3235 sermonem.
1763 3180 1914 3237 Unde
1956 3189 2010 3235 et

428 3268 484 3322 in
512 3267 740 3336 epistola
772 3267 840 3322 ad
887 3267 1234 3324 Colossenses
1267 3288 1280 3322 :
1315 3268 1529 3323 Salutat
1572 3287 1662 3323 vos
1707 3269 2008 3341 Epaphras,

427 3355 520 3425 qui
547 3363 624 3408 est
651 3371 716 3408 ea:
740 3355 884 3410 vobis
912 3355 1136 3426 (Coloss.
1166 3373 1242 3420 ιγ,
1275 3358 1384 3428 12).
1429 3358 1486 3412 Si
1531 3356 1590 3411 se
1609 3359 1683 3411 ita
1718 3360 1913 3425 habet,
1957 3368 2012 3414 et

429 3444 800 3509 Aristarchus,
822 3445 913 3513 qui
939 3446 1287 3514 concaptivus
1305 3446 1356 3499 ei
1385 3446 1438 3498 in
1459 3447 1646 3500 eadem
1678 3448 1900 3513 epistola
1930 3447 2011 3501 di-

430 3536 595 3601 citur,
617 3535 685 3590 ad
700 3535 945 3590 eamdem
969 3534 1378 3604 intelligentiam
1391 3533 1673 3598 deducitur
1685 3531 1806 3600 {sin
1827 3546 2009 3591 autem

427 3629 532 3685 hoc
551 3645 658 3684 non
675 3630 950 3699 recipitur,
972 3643 1036 3682 ex
1059 3642 1125 3684 eo
1143 3629 1287 3698 quod
1316 3627 1404 3682 hic
1417 3626 1655 3680 additum
1672 3634 1756 3682 est
1779 3629 1834 3682 in
1859 3628 2011 3682 Chri-

427 3731 510 3775 sto
532 3720 661 3774 Jesu
683 3760 697 3784 ,
733 3735 1020 3788 possumus
1040 3718 1304 3788 suspicari
1333 3719 1522 3773 eadem
1553 3734 1674 3773 eum
1703 3718 1887 3774 Romae
1912 3735 2010 3790 pro

430 3810 647 3864 Christo
663 3809 872 3863 vincula
887 3809 1224 3874 sustinuisse,
1242 3807 1658 3879 quaeetPaulum
1677 3825 1692 3874 ;
1717 3818 1774 3864 et
1797 3818 1859 3864 ut
1895 3811 2011 3864 vin-

432 3904 578 3952 ctum
601 3896 824 3963 Christi,
847 3898 921 3952 ita
951 3898 1224 3966 captivum
1250 3912 1464 3968 quoque
1477 3899 1715 3969 potuisse
1742 3900 1866 3955 dici.
1887 3899 2013 3954 llam

432 3990 499 4044 de
520 3987 793 4058 Epaphra.
826 3987 1156 4044 Caeterorum
1187 3998 1597 4059 cooperaton
1622 3988 1822 4062 {Hier},
1850 3999 2014 4046 caete-

433 4092 552 4132 rum
583 4072 986 4147 cooperatores]
1015 4077 1291 4148 Evangelii
1317 4087 1373 4133 et
1396 4079 1733 4134 vinculorum
1755 4095 2006 4146 suorum,

432 4181 558 4221 cum
600 4167 668 4221 ad
714 4167 1085 4221 Philemonem
1133 4167 1419 4236 epistolam
1458 4169 1740 4235 scriberet,
1769 4169 2011 4226 Marcum

433 4257 602 4326 ponit,
633 4255 727 4325 qui
755 4255 932 4326 putari
977 4264 1158 4326 potest
1206 4257 1477 4328 Evangelii
1520 4260 2008 4334 conditorg[Hier.,

431 4370 593 4424 quem
639 4363 770 4424 puto
808 4354 1085 4425 Evangelii
1112 4354 1501 4428 conditorem];
1531 4365 1587 4412 et
1613 4358 2006 4426 Aristarchum,

2037 4399 2088 4459 D

2099 452 2205 504 alio
2235 452 2288 504 in
2317 450 2438 504 loco
2463 451 2724 518 qumritur
2754 467 2766 501 :
2803 447 2992 500 Demus
3014 463 3094 499 me
3123 445 3424 514 dereliquit,
3455 445 3693 517 diligens

2098 543 2196 596 hoc
2223 540 2473 596 stvculum
2496 551 2542 593 et
2565 540 2691 594 abiit
2723 537 3182 602 Thessalonicam;
3204 547 3261 592 et
3281 538 3479 593 Lucam
3510 540 3694 595 medi-

2098 648 2245 696 cum,
2271 631 2364 701 qui
2411 631 2758 700 Evangelium
2805 638 2859 684 et
2895 628 3064 684 Actus
3114 629 3480 698 apostolorum
3509 632 3700 687 eccle—

2099 725 2195 780 siis
2221 724 2315 778 Dei
2340 723 2740 791 derclinquens,
2770 722 2835 776 de
2857 736 2964 790 quo
2987 721 3042 773 in
3099 720 3206 774 alio
3227 720 3347 774 loco
3379 740 3390 773 :
3425 721 3571 786 Misi,
3602 723 3700 777 in-

2099 819 2237 888 quit.
2267 833 2386 870 cum
2429 814 2524 869 illo
2574 814 2815 884 fratrem,
2848 813 2999 882 cujus
3047 811 3166 865 laus
3191 822 3266 866 est
3297 813 3351 864 in
3399 812 3698 882 Evangelia

2097 924 2191 978 per
2217 922 2392 959 omnes
2439 903 2682 958 ecclesias
2729 902 2943 956 Domini
2973 902 3138 955 nostri
3165 901 3294 956 Iesu
3349 900 3542 955 Christi
3594 903 3689 972 (11

2100 994 2222 1049 Cor.
2255 1011 2377 1059 vm,
2422 991 2532 1065 18).
2583 991 2772 1064 (Vens.
2810 990 2927 1061 25.)
2954 989 3139 1044 Gratia
3190 991 3288 1045 Dei
3332 1010 3453 1045 cum
3497 994 3693 1063 spiritu

2099 1097 2286 1140 vestro.
2317 1085 2501 1138 Amen.
2534 1083 2961 1155 [Synecdochice
2989 1082 3209 1146 dicitur,
3243 1098 3363 1135 cum
3390 1083 3579 1152 spiritu
3605 1100 3700 1135 ee-

2099 1188 2232 1243 stro,
2278 1195 2308 1232 a
2336 1177 2559 1232 meliore
2587 1184 2744 1246 parte
2785 1183 2958 1229 totum
3012 1174 3288 1228 hominem
3315 1173 3696 1243 signiﬁcans;]

2102 1287 2222 1326 cum
2255 1279 2436 1325 autem
2473 1270 2527 1323 in
2553 1269 2748 1339 spiritu
2779 1267 2954 1337 gratia
2999 1265 3184 1330 fuerit,
3217 1274 3387 1320 totum
3418 1265 3552 1319 facit
3590 1266 3698 1319 ho-

2101 1363 2302 1416 minem
2332 1358 2629 1430 spiritalem
2655 1377 2667 1412 :
2693 1365 2900 1413 utcaro
2920 1357 3131 1427 spiritui
3159 1357 3382 1420 serviat,
3413 1363 3469 1410 et
3501 1358 3690 1410 anima

2102 1465 2209 1504 non
2236 1451 2485 1504 vincatur
2514 1464 2546 1502 a
2573 1463 2757 1514 carne,
2789 1455 2846 1501 et
2893 1448 3114 1501 redacta
3141 1446 3299 1501 simul
3332 1446 3385 1499 in
3434 1448 3693 1501 substan-

2103 1543 2233 1596 tiam
2272 1540 2568 1610 spiritalem
2615 1539 2890 1594 adhtereat
2933 1536 3146 1610 [Περι-η
3176 1537 3511 1609 adhaereant]
3541 1538 3691 1601 Deo;

2103 1634 2230 1702 quia
2249 1632 2338 1702 qui
2374 1631 2607 1685 adhaeret
2644 1615 2901 1696 Domino,
2932 1645 3069 1682 unus
3095 1628 3313 1698 spiritus
3355 1637 3432 1681 est
3465 1645 3590 1682 cum
3631 1646 3694 1683 eo

2108 1721 2312 1795 (I,Cor.
2342 1737 2421 1786 vr,
2451 1722 2565 1792 17).

2103 1841 2106 1868 :
2174 1815 2522 1868 Arbitrantur
2540 1812 2684 1867 enim
2716 1810 2917 1883 [Hier.,
2946 1811 3340 1881 interpretatur
3369 1809 3574 1883 autem]
3607 1826 3697 1866 se-

2103 1905 2337 1961 cundum
2385 1901 2642 1958 Hebraeos
2704 1901 2904 1956 Paulus
2947 1901 3304 1956 admirabilis.
3367 1901 3696 1957 Timotheus

2101 1994 2396 2052 beneficus.
2428 1993 2708 2048 Philemon
2737 1991 2873 2045 mire
2897 1992 3146 2056 donatus,
3174 1992 3289 2046 sive
3313 2006 3375 2045 os
3402 1992 3594 2060 panis;
3621 1993 3692 2046 ah

2104 2102 2214 2150 ore,
2239 2099 2342 2138 non
2391 2083 2460 2138 ab
2487 2099 2620 2137 osse.
2669 2082 2818 2152 Apim
2869 2080 3068 2153 [Hier.,
3110 2080 3365 2154 Apphia],
3400 2083 3694 2138 continens

2105 2183 2198 2229 aut
2223 2174 2463 2228 libertas.
2495 2173 2822 2243 Archippus,
2850 2172 3126 2242 longitudo
3153 2172 3354 2241 operis.
3378 2171 3695 2238 Onesimus,

2105 2264 2458 2333 respondens.
2487 2262 2650 2334 665
2669 2262 2976 2333 Epaphras,
3000 2261 3225 2334 frugifer
3252 2271 3307 2318 et
3335 2264 3550 2328 videns,
3575 2266 3694 2321 sive

2105 2372 2472 2415 succrescens.
2489 2357 2724 2423 Marcus,
2745 2357 2991 2412 sublimis
3019 2356 3295 2411 mandato.
3315 2356 3694 2422 Aristarchus,

2106 2465 2263 2506 mons
2310 2451 2491 2520 operis
2520 2449 2816 2520 amplioris.
2868 2449 3087 2513 Demas,
3128 2448 3314 2503 silens.
3345 2447 3546 2514 Lucas,
3577 2451 3697 2520 ipse

2107 2560 2460 2615 consurgens.
2488 2543 2622 2611 Quae
2653 2544 2894 2609 nomina,
2927 2544 2972 2598 si
2992 2545 3146 2613 juxta
3169 2558 3321 2597 suam
3368 2541 3699 2613 interpreta-

2108 2638 2308 2693 tionem
2336 2637 2605 2692 voluerint
2634 2635 2833 2708 [Hier.,
2865 2634 3166 2706 volueritis]
3211 2634 3536 2705 intelligere,
3586 2651 3694 2691 non

2108 2736 2194 2784 est
2225 2726 2460 2792 dillieile,
2512 2727 2908 2791 admirabilem,
2959 2725 3264 2780 beneficum
3311 2726 3584 2795 praecipue
3627 2729 3696 2780 ad

2108 2817 2502 2891 eumgscribere,
2519 2815 2604 2870 cui
2629 2815 2877 2870 universa
2895 2823 3155 2873 concessa
3167 2814 3293 2869 sun't
3312 2815 3443 2868 vitia
3483 2813 3698 2886 [For-te,

2110 2905 2417 2978 beneficia],
2464 2912 2523 2959 ut
2565 2920 2626 2960 os
2674 2904 2790 2972 ejus
2820 2913 3002 2975 pateat
3031 2906 3098 2959 ad
3145 2904 3424 2960 caelestem
3472 2921 3696 2974 panem.

2114 2997 2316 3052 Deinde
2343 2997 2411 3051 ad
2433 2996 2780 3049 continentem
2819 3003 2874 3049 et
2898 2994 3113 3049 liberant
3144 3003 3197 3049 et
3225 2995 3295 3049 ad
3315 2994 3700 3065 longitudinem

2113 3089 2282 3158 operis
2304 3127 2319 3148 .
2365 3086 2505 3156 quod
2541 3101 2816 3155 nunquam
2846 3101 2876 3139 a
2907 3085 3104 3140 saeculo
3146 3085 3332 3139 labore
3381 3086 3701 3145 desistimus

2114 3177 2313 3250 [llier.,
2342 3193 2373 3231 a
2400 3185 2588 3232 sancto
2610 3176 2794 3231 labore
2820 3175 3095 3248 desistat].
3118 3176 3255 3230 Vere
3278 3185 3461 3230 autem
3495 3176 3696 3249 [Hier.,

2112 3270 2350 3325 scribere
2390 3267 2595 3339 autem]
2624 3270 2722 3336 pro
2755 3283 2842 3334 eo,
2893 3268 2985 3338 qui
3037 3268 3345 3338 respondeat
3385 3269 3699 3323 testimonio

2112 3377 2240 3426 suo;
2267 3375 2367 3415 nec
2397 3375 2501 3414 non
2533 3375 2676 3422 eum,
2701 3359 2786 3414 cui
2809 3358 3112 3428 specialiter
3139 3358 3365 3427 epistola
3392 3359 3696 3424 dedicatur,

2113 3453 2334 3508 salutari
2372 3451 2441 3506 ab
2479 3451 2727 3505 ubertate
2756 3458 3034 3504 crescente.
3065 3449 3122 3503 In
3173 3463 3261 3513 eo,
3291 3449 3382 3518 qui
3412 3448 3586 3503 factus
3614 3459 3702 3504 est

2112 3560 2210 3615 per
2237 3544 2486 3597 mandata
2513 3540 3027 3610 sublimior,.illoque
3047 3541 3138 3609 qui
3168 3555 3265 3609 per
3286 3540 3490 3608 majora
3522 3555 3690 3609 opera

2112 3635 2166 3688 in
2201 3643 2426 3686 montem
2470 3647 2686 3702 gressus
2715 3630 2916 3702 [Hier.,
2973 3631 3026 3684 in
3057 3631 3292 3685 montem
3340 3629 3534 3701 usque]
3567 3647 3692 3685 suc-

2111 3724 2366 3787 creverit,
2396 3722 2464 3776 ab
2509 3737 2574 3776 eo
2625 3736 2840 3790 quoque
2893 3721 2986 3790 qui
3035 3721 3217 3790 posuit
3259 3720 3560 3774 custodiam
3607 3722 3693 3774 ori

2111 3829 2211 3870 suo
2229 3854 2242 3878 ,
2274 3821 2328 3868 et
2345 3813 2545 3868 ostium
2574 3812 2840 3866 munitum
2870 3811 3028 3867 labiis
3049 3812 3194 3876 suis;
3224 3811 3308 3880 qui
3345 3810 3549 3863 idcirco
3577 3809 3696 3864 for-

2111 3909 2252 3963 sitan
2283 3906 2469 3970 tacuit,
2501 3905 2626 3975 quia
2652 3905 2721 3959 ad
2746 3904 3014 3959 modicum
3046 3901 3337 3972 apostolum
3375 3899 3692 3970 derelique-

2112 4005 2216 4051 rat.
2248 3996 2316 4050 Et
2335 3996 2403 4049 ad
2426 3990 2729 4050 extremum
2750 3995 2819 4048 ab
2833 4007 2919 4058 eo,
2942 3994 3033 4062 qui
3049 3989 3151 4064 per
3165 4009 3224 4048 se
3241 3993 3356 4063 ipse
3377 4007 3696 4062 consurgens

2112 4089 2353 4159 quotidie
2398 4097 2654 4158 augetur,
2687 4088 2812 4142 dum
2857 4086 3208 4158 Evangelium
3252 4086 3369 4156 ejus
3402 4094 3516 4138 toto
3561 4084 3694 4138 orbe

2113 4180 2384 4249 impletur,
2431 4185 2488 4232 et
2530 4177 2690 4232 toties
2712 4178 2929 4242 crescit,
2963 4176 3176 4247 quoties
3221 4175 3439 4229 auditur
3469 4173 3644 4246 [Ηίεν.
3674 4213 3691 4237 ,

2112 4270 2325 4340 quoties
2347 4269 2562 4322 auditus
2589 4275 2645 4321 et
2671 4266 2842 4321 lectus
2869 4264 3144 4338 aedificat].

2118 4361 2340 4432 Explicit
2355 4358 2672 4430 Emplan‘atio
2683 4359 2739 4412 in
2754 4357 3048 4428 Epistolam
3061 4353 3219 4411 Pauli
3230 4357 3301 4411 ad
3315 4355 3693 4411 Philemonem.

432 4494 3674 4524 Μ

663 4611 955 4673 INCIPIT
997 4611 1435 4674 EXPOSITIO
1482 4613 1564 4674 IN
1606 4573 2065 4678 EPISTOLA-M
2106 4613 2342 4674 PAULI
2388 4569 2779 4673 APOSTOLI
2823 4612 2933 4672 AD
2974 4608 3395 4673 HEBRJEOS.

945 4762 1173 4854 CAPUT
1208 4757 1496 4855 pmuuu.

501 4913 663 4968 Vsus.
691 4912 742 4966 l.
765 4941 837 4952 --
861 4923 887 4950 ι
915 4909 1210 4979 Multifarie
1243 4920 1292 4964 et
1325 4909 1504 4964 multis
1523 4910 1692 4964 modis
1717 4910 1841 4964 olim
1865 4910 2008 4966 Deus

429 5003 644 5076 loquens
668 5001 902 5072 patribus
917 5000 971 5052 in
987 4999 1268 5070 prophetis.
1295 5000 1427 5054 Tota
1455 4999 1682 5058 intentio
1707 4999 1846 5053 beati
1866 4998 2010 5069 Apo-

429 5092 554 5147 stoli
593 5089 695 5145 fuit
735 5091 788 5145 in
818 5091 921 5145 hac
955 5088 1202 5158 epistola,
1247 5088 1520 5152 Hebraeos,
1566 5089 1619 5142 id
1655 5095 1758 5153 est,
1796 5097 2008 5159 gentem

429 5197 585 5237 suam
623 5181 691 5236 ad
733 5179 934 5235 Christi
980 5193 1276 5233 convocare
1321 5178 1510 5243 (idem;
1557 5179 2009 5249 eminentiamque

430 5280 636 5345 gratiae,
665 5294 784 5348 quae
807 5294 904 5350 per
930 5276 1123 5332 Filium
1160 5277 1282 5332 data
1326 5284 1426 5342 est,
1461 5292 1491 5330 a
1522 5275 1781 5347 legalibus
1808 5276 2011 5331 discer-

430 5385 560 5424 nere
583 5368 807 5433 umbris,
836 5385 955 5438 qum
986 5368 1240 5439 angelicis
1263 5367 1746 5422 ministrationibus
1772 5365 2008 5421 fuerunt.

432 5458 638 5515 Idcirco
669 5462 845 5530 primo
869 5461 1049 5531 posuit
1075 5459 1364 5530 prophetas
1392 5458 1620 5515 diversis
1647 5457 1818 5512 modis
1847 5456 2016 5526 patri-

513 5569 688 5641 fQum
714 5573 909 5636 passim
940 5572 992 5625 in
1021 5572 1125 5626 hoc
1151 5554 1418 5640 opusculo,
1446 5573 1532 5628 his
1562 5571 1730 5641 signis
1758 5551 2014 5641 typogra4

441 5636 614 5708 phieis
647 5649 720 5690 ιι·
757 5641 1099 5696 includuntur
1127 5681 1144 5708 ,
1183 5636 1463 5711 desumpta
1517 5636 1642 5697 sun't
1677 5656 1745 5696 ex
1781 5636 2015 5694 homiliis

1997 4827 2005 4845 '
2115 4820 2217 4875 bus
2239 4800 2446 4874 locutos
2491 4800 2612 4874 esse
2659 4797 2883 4873 dicens:
2917 4816 3213 4887 Multifarie
3237 4828 3287 4872 et
3311 4817 3492 4871 multis
3525 4815 3703 4870 modis

2120 4908 2244 4962 olim
2271 4907 2413 4962 Deus
2459 4908 2660 4962 locutus
2696 4917 2770 4961 est
2810 4907 3044 4978 patribus
3085 4908 3275 4960 nostris
3295 4907 3350 4959 in
3390 4905 3653 4975 prophetis
3680 4919 3699 4958 :

2119 4996 2428 5070 signiﬁcans
2474 5001 2618 5054 enim
2658 4999 2800 5069 quod
2840 4998 2966 5054 alibi
3009 4987 3209 5054 dictum
3254 5007 3378 5053 est:
3413 4995 3523 5066 Ego
3553 4997 3700 5051 enim

2116 5091 2335 5145 visiones
2367 5090 2725 5163 multiplicari,
2761 5099 2810 5144 et
2844 5091 2898 5144 in
2935 5089 3174 5144 manibus
3212 5090 3586 5160 prophetarum
3617 5104 3704 5141 as-

2113 5181 2371 5235 similatas
2409 5198 2524 5236 sum
2570 5179 2740 5254 (Osee.
2783 5195 2882 5243 xu,
2922 5178 3029 5251 10).
3069 5196 3087 5230 σ
3121 5178 3353 5233 Proinde
3385 5193 3490 5231 non
3512 5193 3707 5231 secun-

2115 5275 2239 5328 dum
2254 5275 2356 5328 hoc
2378 5273 2547 5328 solum
2570 5273 2861 5328 eminentia
2874 5270 3006 5326 Novi
3019 5269 3348 5327 Testamenti
3371 5269 3702 5328 declaratur,

2115 5364 2242 5433 quia
2277 5363 2520 5433 patribus
2563 5361 2783 5430 quidam
2827 5363 3104 5433 prophetae
3153 5362 3302 5415 missi
3355 5369 3503 5422 sunt,
3549 5358 3705 5412 nobis

2119 5464 2298 5508 autem
2323 5453 2515 5516 Filius;
2545 5452 2637 5506 sed
2665 5454 2830 5506 etiam
2869 5450 3013 5522 quod
3042 5451 3428 5522 prephetarum
3474 5447 3562 5502 vel
3614 5461 3705 5517 pa-

2121 5561 2676 5688 aJOChrysost.
2699 5566 2752 5652 in
2774 5564 3065 5636 Epistulam
3087 5564 3152 5619 ad
3173 5562 3452 5628 Hehrteos,
3466 5559 3705 5632 Operam
