4010 6182
333 312 475 373 1035

1017 316 1424 373 EXECETlCA.
1463 344 1535 354 -
1569 311 1807 369 EXPOS.
1851 310 1914 365 ΙΝ
1954 307 2168 367 EPlST.
2211 307 2269 364 S.
2306 306 2510 363 PAULI
2546 305 2637 361 AD
2673 305 2873 362 HEBR.

3445 309 3585 365 1054

331 434 692 490 trial-charum
714 448 868 489 nemo
897 432 999 489 nisi
1022 435 1074 487 in
1095 433 1533 488 similitudinibus
1552 433 1688 487 vidit
1712 433 1902 496 Deum,
1934 436 1981 493 Α
2012 427 2062 480 in
2101 427 2370 493 omnibus,
2394 427 2487 494 sed
2509 426 2800 482 secundam
2824 437 3106 495 personam
3132 421 3364 495 [Chrys.,
3392 438 3586 480 secun-

331 520 528 577 Fiiium
555 538 684 580 vero
717 523 1047 594 unigenitum
1088 525 1427 578 incamatum
1467 537 1603 585 esse,
1651 530 1812 592 atque
1855 522 1910 576 in

327 630 392 669 ea
424 630 590 670 carne
628 616 802 670 visum
830 623 1059 680 constat,
1094 632 1112 667 ι
1139 627 1244 684 qua
1288 614 1429 668 idem
1468 615 1629 668 homo
1670 629 1701 668 a
1732 613 1910 669 Verbo

329 706 424 761 Dei
473 712 754 776 susceptus
797 706 1101 776 unigenitus
1137 712 1225 759 est
1250 704 1418 760 Filius
1462 704 1579 758 Dei.
1627 704 1750 758 Ideo
1783 719 1909 757 mox

328 793 536 848 addidit
569 807 584 847 :
615 794 800 864 (Vens.
832 794 889 866 2)
919 795 1214 848 Nouissime
1250 793 1432 848 diebus
1463 794 1577 848 istis
1611 793 1815 848 locutus
1834 802 1909 848 est

325 883 473 938 nobis
498 886 553 938 in
581 884 742 940 Filio.
773 904 792 936 ι
833 886 1068 941 Dicendo
1092 886 1233 939 enim
1279 886 1334 939 in
1377 883 1538 949 Filio,
1577 887 1906 941 tantumdem

324 974 469 1029 valet
495 976 651 1044 quasi
682 977 908 1042 diceret,
949 992 1040 1047 per
1076 975 1306 1040 Filium;
1349 976 1473 1045 quia
1508 977 1565 1029 in
1600 976 1908 1045 prtepositio

322 1084 424 1138 pro
447 1085 532 1138 per
565 1069 847 1139 accipitur,
884 1089 903 1121 ι
935 1069 1074 1123 sicut
1097 1067 1281 1123 multis
1314 1069 1367 1122 in
1393 1068 1526 1122 locis
1548 1067 1905 1137 Epistolarum

320 1161 441 1230 ejus
472 1163 741 1217 invenitur
772 1163 859 1217 his
902 1162 1367 1233 praepositionibus
1408 1160 1773 1215 indifferenter
1806 1160 1901 1213 uti.

322 1250 517 1304 Tacuit
539 1251 714 1305 adhuc
751 1250 819 1305 de
849 1251 1054 1306 Christi
1082 1252 1317 1315 nomine,
1350 1251 1476 1321 quia
1498 1250 1757 1321 plurimos
1790 1250 1906 1303 illo-

323 1359 442 1397 rum
495 1343 699 1400 sciebat
745 1359 967 1416 negasse
1012 1344 1207 1398 Filium
1248 1344 1342 1399 Dei
1371 1357 1507 1399 esse.
1543 1360 1562 1394 ‹
1596 1342 1713 1397 Non
1758 1342 1904 1396 enim

321 1435 496 1499 dixit,
552 1433 791 1489 Christus
828 1434 1032 1490 locutus
1079 1444 1154 1489 est
1185 1450 1203 1499 ;
1238 1432 1483 1504 quamvis
1535 1432 1709 1502 ipsum
1757 1430 1902 1484 locu-

322 1534 438 1579 tum
488 1532 697 1581 constet
742 1541 862 1581 esse
902 1526 1265 1581 manifestum.
1306 1525 1384 1579 Ita
1419 1524 1647 1579 necdum
1689 1521 1903 1578 Jud.eos

320 1625 509 1686 aperto
562 1617 777 1672 nomine
818 1617 1011 1688 tetigit.
1070 1616 1205 1671 Nam
1260 1615 1429 1671 ferme
1476 1630 1664 1672 omnes
1706 1616 1901 1684 quibus

319 1706 597 1777 propheta:
651 1708 814 1763 locuti
867 1717 1028 1773 sunt,
1073 1707 1334 1778 malignos
1389 1721 1509 1761 esse
1558 1704 1901 1774 nefariosque

2011 516 2137 570 dum
2186 514 2599 586 substantiam];
2647 530 2772 569 nam
2820 522 2875 568 et
2915 513 3004 567 hic
3047 510 3216 582 ﬁgura
3264 511 3588 580 :equalitatis

2010 607 2230 662 omnino
2256 607 2458 677 praebet
2493 607 2749 662 indicium
2777 606 2843 661 ad
2873 605 3001 659 illud
3026 601 3178 672 cujus
3208 602 3375 674 ﬁgura
3405 610 3587 659 osten-

2012 701 2175 765 ditur,
2214 708 2269 754 et
2293 701 2651 772 suspicionem
2676 699 2758 756 vel
2786 714 2964 769 pravte
2995 694 3442 753 dissimilitudinis
3463 710 3588 765 pro-

2010 792 2093 846 cul
2134 793 2295 848 dubio
2339 808 2445 848 non
2490 792 2699 862 accepit
2742 789 2975 863 [Chrys.,
3022 803 3128 842 non
3168 783 3403 857 recipit].
3444 804 3461 838 ι
3491 783 3590 840 Hic

2009 880 2152 934 enim
2192 880 2419 951 ﬁguram
2446 880 2599 943 dixit,
2625 880 2767 949 quod
2790 878 2895 932 alio
2920 878 3037 933 loco
3065 875 3292 930 formam
3322 874 3584 936 nominat,

2008 968 2099 1021 ubi
2127 969 2242 1022 ait:
2273 967 2378 1033 Qui
2416 985 2536 1023 cum
2575 969 2629 1022 in
2676 968 2849 1037 forma
2885 967 2982 1021 Dei
3019 974 3169 1032 esset,
3199 972 3304 1020 etc.
3334 963 3586 1019 Formam

2008 1057 2257 1113 videlicet
2284 1058 2366 1112 vel
2406 1057 2633 1128 ﬁguram
2662 1072 2823 1110 unam
2864 1055 3101 1110 declarat
3139 1052 3385 1109 essentia:
3410 1066 3586 1121 {equa-

2008 1144 2234 1200 litatem.
2260 1145 2553 1216 Sequitur:
2580 1142 2806 1200 Portam
2834 1144 3011 1199 omnia
3050 1143 3200 1198 verba
3229 1140 3432 1195 virtutis
3453 1155 3583 1193 sum.

2007 1235 2270 1301 Portans,
2315 1235 2369 1290 id
2417 1244 2531 1298 est,
2576 1236 2883 1306 gubernans
2924 1235 3106 1289 omnia
3164 1247 3230 1289 eo
3268 1232 3434 1287 verbo
3471 1230 3585 1284 vir-

2008 1322 2155 1384 tutis,
2202 1338 2299 1391 per
2324 1322 2464 1392 quod
2504 1322 2632 1378 fecit
2676 1323 2878 1377 omnia.
2912 1341 2930 1375 ι
2960 1322 3074 1376 Νοη
3103 1322 3247 1376 enim
3283 1320 3462 1375 minus
3503 1326 3586 1373 est

2005 1413 2303 1482 gubernare
2350 1414 2606 1470 mundum
2636 1429 2795 1483 quam
2841 1428 3048 1468 creare.
3090 1411 3223 1465 Nam
3262 1410 3316 1464 in
3353 1409 3585 1465 creando

2004 1502 2217 1571 quidem
2253 1518 2319 1558 ex
2348 1504 2518 1558 nihilo
2546 1520 2725 1559 rerum
2769 1504 3082 1559 substantitu
3110 1488 3384 1574 producta:
3420 1510 3581 1567 sunt;

2006 1590 2057 1644 in
2096 1592 2443 1661 gubernando
2478 1609 2604 1649 vero
2637 1609 2702 1649 ea
2758 1609 2877 1664 qua:
2927 1592 3068 1648 facta
3107 1599 3251 1657 sunt,
3278 1604 3348 1645 ne
3391 1590 3460 1645 ad
3497 1590 3580 1643 ni-

2005 1681 2170 1735 hilum
2218 1683 2470 1749 redeant,
2513 1684 2875 1739 continentur.
2917 1683 3058 1753 Ergo
3101 1683 3224 1738 dum
3254 1679 3433 1736 omnia
3466 1678 3582 1734 haec

318 1796 637 1862 constabat;
678 1805 733 1850 et
763 1798 991 1851 necdum
1017 1797 1083 1852 de
1112 1796 1229 1851 istis
1268 1796 1530 1850 rationem
1566 1810 1784 1849 movere
1808 1810 1899 1849 vo-

2007 1781 2285 1840 reguntur,
2311 1781 2364 1826 et
2385 1774 2452 1827 ad
2481 1773 2711 1829 invicem
2738 1773 2839 1828 sibi
2862 1772 3213 1843 repugnantia
3241 1776 3579 1841 coaptantur,

323 1884 457 1949 luit,
504 1886 597 1940 sed
643 1887 860 1941 interim
906 1886 1140 1954 generali
1189 1901 1436 1941 sermone
1482 1885 1549 1939 de
1591 1885 1902 1941 muneribus

320 1976 579 2046 disputat,
604 1993 722 2047 qua:
748 1977 854 2032 illis
875 1977 1052 2032 divina
1077 1976 1322 2046 largitate
1347 1975 1699 2031 donabantur.
1734 1974 1901 2040 Quem

314 2066 586 2119 constituit
653 2066 913 2122 htrredem
970 2068 1350 2122 universorum.
1395 2066 1534 2134 Quid
1584 2075 1698 2133 est,
1750 2083 1900 2139 quem

321 2157 588 2211 constitui:
631 2158 888 2213 htrredem
929 2159 1327 2213 universorum?
1364 2177 1383 2209 ι
1421 2158 1520 2212 llic
1562 2158 1898 2212 incarnatum

316 2247 452 2301 dicit
499 2246 735 2313 Filium,
789 2250 855 2305 de
910 2265 1016 2320 quo
1062 2250 1310 2319 superius
1348 2250 1559 2305 locutus
1608 2257 1720 2315 est,
1761 2250 1902 2305 sicut

314 2338 479 2393 etiam
510 2339 575 2393 de
610 2355 675 2394 eo
713 2340 768 2394 in
797 2342 1033 2395 secundo
1058 2341 1253 2411 legitur
1272 2340 1479 2410 psalmo
1507 2358 1519 2393 :
1555 2358 1573 2391 ‹
1619 2338 1838 2393 Postulo
1866 2357 1898 2392 a

315 2445 418 2494 me,
455 2437 502 2484 et
550 2430 684 2483 dabo
728 2431 821 2483 tibi
857 2440 1029 2499 gentes
1068 2431 1420 2484 htereditatem
1450 2439 1593 2483 tuam
1634 2428 1805 2501 (Psal.
1834 2446 1896 2492 ll,

309 2519 390 2591 8).
416 2519 530 2573 Non
554 2518 665 2587 jam
694 2521 869 2590 portio
889 2520 1098 2574 Domini
1126 2528 1335 2575 tantum
1361 2519 1527 2575 Iacob
1557 2529 1611 2574 et
1638 2536 1757 2575 sors
1782 2521 1899 2591 ejus

312 2609 480 2665 Israel
512 2608 746 2681 [Chrys.,
771 2610 918 2665 solus
942 2609 1152 2682 Israel],
1180 2611 1273 2665 sed
1304 2625 1491 2666 omnes
1533 2611 1779 2680 protinus
1804 2626 1899 2665 na-

315 2703 511 2768 tiones,
536 2704 641 2758 hoc
660 2712 763 2768 est,
787 2705 931 2759 hunc
961 2687 1153 2758 Filium
1174 2702 1460 2758 Dominum
1476 2703 1754 2757 constituit
1778 2702 1898 2756 uni-

315 2808 615 2848 versorum.
665 2791 904 2849 Herodis
950 2803 1127 2848 autem
1179 2794 1351 2848 utitur
1396 2793 1644 2857 nomine,
1690 2801 1750 2848 ut
1791 2792 1897 2846 duo

312 2886 560 2954 quaedam
588 2900 684 2956 per
716 2885 817 2940 hoc
857 2894 1067 2940 astruat
1092 2892 1146 2939 et
1172 2884 1441 2949 ostendi,
1466 2883 1609 2954 quod
1647 2883 1897 2954 proprius

312 2976 388 3031 sit
412 2974 600 3040 Filius,
631 2984 688 3030 et
725 2977 867 3045 quod
895 2974 1279 3030 dominationis
1316 2974 1387 3028 illi
1434 2973 1577 3028 nulla
1621 2973 1897 3044 contingat

313 3065 554 3120 amissio.
578 3064 851 3120 llteredcm
874 3074 1053 3119 autem
1074 3066 1317 3120 omnium
1339 3065 1488 3129 dicit,
1506 3063 1556 3119 id
1583 3071 1686 3129 est,
1707 3065 1891 3119 mundi

317 3157 499 3211 totius.
530 3157 730 3211 Deinde
749 3156 817 3210 ad
843 3157 1033 3210 altiora
1058 3171 1361 3210 sermonem
1380 3155 1645 3209 convertit
1668 3154 1853 3209 dicens
1877 3171 1890 3207 :

316 3247 423 3302 Per
442 3263 591 3319 quem
613 3248 732 3318 fecit
759 3256 807 3300 et
832 3244 1047 3310 sarcula,
1082 3263 1102 3298 ι
1121 3253 1181 3299 ut
1199 3245 1507 3299 ostenderet
1528 3242 1778 3298 eumdem
1801 3257 1897 3296 no-

313 3336 551 3392 vissimis
577 3336 764 3392 diebus
794 3336 998 3390 venisse
1021 3335 1075 3389 in
1098 3335 1374 3399 mundum,
1396 3348 1493 3403 per
1509 3347 1668 3402 quem
1697 3330 1826 3386 fecit
1844 3342 1897 3387 et

315 3427 596 3493 mundum,
620 3425 1040 3497 magnitudinem
1068 3423 1183 3492 ejus
1206 3424 1512 3487 ostendens,
1535 3420 1629 3491 qui
1654 3419 1755 3475 fuit
1774 3422 1896 3475 novi

313 3518 624 3574 testamenti
668 3518 808 3573 lator
848 3526 903 3572 et
948 3524 1157 3570 auctor.
1187 3534 1206 3565 ‹
1245 3514 1374 3569 Post
1416 3514 1533 3568 haec
1575 3511 1894 3582 quibusdam

312 3608 569 3680 gradibus
594 3609 868 3680 eleganter
900 3615 1056 3661 utens
1082 3605 1326 3677 pervenit
1362 3605 1430 3660 ad
1459 3604 1530 3668 id,
1561 3601 1704 3673 quod
1724 3601 1899 3656 omni-

313 3700 416 3756 bus
452 3699 571 3754 istis
595 3714 714 3769 qua
749 3712 909 3768 supra
936 3697 1074 3753 dixit
1117 3697 1281 3752 multo
1321 3694 1492 3764 majus
1529 3701 1632 3750 est.
1662 3700 1717 3747 et
1747 3691 1895 3747 inso-

315 3791 436 3846 nuit
459 3790 645 3846 dicens
668 3809 682 3844 :

382 3882 548 3954 666
571 3883 733 3937 Vens.
757 3882 811 3935 5.
836 3912 906 3922 -—
928 3880 1031 3946 Qui
1057 3891 1129 3935 est
1156 3880 1402 3950 spiendor
1426 3876 1628 3945 glorite,
1656 3884 1701 3927 et
1724 3873 1898 3942 ﬁgura

314 3973 620 4027 substantia:
641 3971 775 4040 ejus.
810 3969 1021 4037 Ubique
1057 3969 1274 4037 quidem
1304 3965 1554 4033 religioso
1582 3962 1737 4017 nobis
1762 3975 1898 4030 opus

314 4073 400 4119 est
430 4061 725 4125 intellectu,
756 4061 991 4115 maxime
1030 4067 1208 4114 autem
1244 4057 1333 4112 ubi
1372 4057 1438 4111 de
1478 4054 1588 4109 Deo
1630 4054 1899 4124 loquimur

316 4156 402 4210 vel
441 4155 728 4208 audimus:
760 4153 1014 4224 quoniam
1051 4168 1227 4222 neque
1264 4153 1333 4207 ad
1373 4151 1697 4220 loquendum
1740 4149 1899 4220 digne

316 4248 385 4302 de
418 4245 530 4300 Deo
567 4244 747 4314 lingua
793 4243 986 4300 sufﬁcit
1025 4258 1199 4314 neque
1226 4243 1292 4300 ad
1319 4242 1723 4314 percipiendum
1761 4255 1901 4310 pra:-

314 4335 458 4390 vaiet
512 4332 832 4388 intellectus.
871 4353 890 4385 ι
935 4332 1159 4403 Oportet
1199 4332 1359 4388 etiam
1384 4372 1400 4396 ,
1452 4329 1542 4386 ubi
1596 4328 1681 4384 vel
1721 4343 1900 4383 sermo

314 4427 520 4493 deﬁcit,
548 4424 633 4480 vel
670 4424 924 4494 cogitatio
972 4423 1241 4492 explicare
1285 4421 1351 4476 de
1391 4420 1503 4474 Deo
1539 4434 1645 4473 non
1675 4418 1895 4488 poterit,

2003 1876 2255 1931 magnum
2285 1872 2340 1918 et
2367 1864 2521 1919 valde
2552 1863 2813 1926 mirabile,
2846 1863 3194 1934 plurimteque
3232 1861 3446 1916 virtutis
3485 1860 3578 1914 Dei

2004 1953 2257 2007 indicium
2292 1955 2617 2010 declaratur.
2658 1975 2677 2009 ι
2719 1955 2849 2010 Post
2885 1955 3023 2010 hanc
3051 1954 3243 2008 divinae
3281 1949 3581 2021 majestatis

2002 2038 2056 2094 in
2079 2040 2212 2096 Filio
2238 2043 2537 2098 claritatem
2563 2044 2630 2098 ad
2650 2044 2872 2098 humilia
2897 2042 3278 2099 incarnationis
3303 2041 3581 2096 descendit

2002 2133 2187 2189 dicens
2212 2153 2224 2187 :
2260 2132 2635 2206 Purgationem
2669 2146 2997 2205 peccatorum
3024 2134 3221 2203 faciens
3247 2147 3266 2186 :
3294 2134 3401 2189 duo
3434 2149 3579 2201 qua:-

2000 2223 2121 2277 dam
2146 2223 2474 2295 signiﬁcans,
2508 2225 2560 2279 id
2587 2233 2691 2289 est,
2729 2240 2913 2279 curam
2954 2224 3125 2279 nostri
3155 2237 3369 2293 gerens,
3417 2221 3471 2276 in
3514 2236 3580 2275 eo

2000 2314 2141 2380 quod
2182 2314 2300 2368 ait:
2342 2312 2569 2368 Portnns
2606 2314 2780 2368 omnia
2820 2313 2972 2369 verba
3018 2314 3221 2368 virtutis
3270 2329 3401 2367 suae.
3425 2311 3578 2378 Quod

2000 2417 2128 2457 vero
2169 2403 2431 2471 adjunxit,
2474 2407 2836 2474 purgationem
2884 2416 3209 2475 peccatorum
3253 2404 3484 2475 faciens,
3526 2405 3580 2459 id

1998 2500 2099 2554 est,
2129 2501 2351 2560 peccata
2391 2501 2573 2547 nostra
2604 2494 2845 2547 mundat.
2890 2492 2945 2546 ln
2984 2493 3069 2546 his
3097 2492 3303 2546 duobus
3346 2492 3580 2549 maxime

2000 2581 2299 2649 apostolum
2349 2582 2570 2653 gloriari
2614 2582 2876 2646 videmus,
2913 2582 3053 2651 quod
3097 2581 3212 2636 huic
3254 2595 3352 2650 per
3382 2580 3576 2635 Filium

1999 2668 2156 2724 nobis
2193 2669 2368 2725 ablata
2419 2684 2541 2725 esse
2576 2669 2923 2724 demonstret.
2975 2669 3189 2724 Etcum
3217 2683 3316 2723 nos
3341 2683 3578 2723 commo-

1999 2758 2166 2813 visset
2212 2756 2446 2830 [Chrys.,
2494 2756 2931 2831 commonuisset]
2987 2758 3164 2813 crucis
3210 2765 3268 2812 et
3312 2758 3580 2829 passionis

1997 2847 2236 2919 ejusdem
2280 2849 2419 2915 Filii,
2452 2865 2546 2920 per
2587 2865 2707 2919 qum
2748 2849 2903 2904 nobis
2943 2849 3189 2921 purgatio
3231 2856 3573 2919 peccatorum

1998 2942 2303 2998 ministrata
2348 2952 2459 3008 est,
2515 2942 2796 2997 confestim
2853 2945 2920 2998 de
2974 2942 3366 2998 resurrectione
3415 2949 3578 3013 atque

1996 3034 2309 3091 ascensione
2338 3033 2452 3104 ejus
2493 3032 2725 3089 instituit
2753 3047 2851 3088 nos
2886 3031 2953 3086 ad
2981 3030 3222 3088 coelestia
3265 3032 3475 3103 erigere
3521 3040 3579 3087 ct

1919 3124 1968 3188 Ο
1997 3124 2195 3179 intueri
2225 3124 2634 3180 inenarrabilem
2667 3122 2782 3192 ejus
2806 3122 3062 3192 gloriam;
3103 3121 3180 3176 ait
3206 3121 3349 3177 enim
3379 3136 3394 3176 :
3424 3110 3577 3177 Sedet

1998 3215 2067 3271 ad
2093 3215 2361 3270 dexteram
2390 3214 2677 3286 majestatis
2702 3214 2815 3285 ejus
2835 3215 2890 3269 in
2914 3213 3149 3268 excelsis.
3173 3212 3278 3269 Per
3300 3213 3577 3270 dexteram

1996 3319 2103 3360 non
2148 3304 2315 3361 Deum
2347 3305 2697 3375 corporaliter
2733 3304 3068 3366 deformavit,
3116 3303 3210 3359 sed
3256 3304 3579 3377 magnitudi-

1998 3411 2120 3450 nem
2162 3396 2550 3452 demonstravit
2574 3396 2813 3452 honoris.
2855 3397 2990 3450 Dum
3018 3396 3194 3450 dixit:
3230 3394 3298 3450 In
3337 3396 3575 3463 excelsis,

1996 3486 2231 3553 ostendit
2271 3501 2394 3541 eum
2437 3487 2687 3542 omnibus
2727 3486 2972 3540 altiorem
3003 3494 3057 3540 et
3087 3484 3575 3554 supereminentem

1996 3594 2134 3644 esse,
2170 3597 2189 3629 ι
2223 3580 2313 3648 qui
2346 3579 2511 3634 etiam
2556 3593 2725 3646 usque
2774 3578 2840 3629 ad
2889 3577 3059 3645 ipsum
3092 3575 3337 3642 pervenit
3380 3573 3573 3630 solium

1997 3685 2233 3743 paterna:
2257 3673 2539 3729 claritatis.
2572 3671 2724 3725 Sicut
2763 3684 2893 3738 ergo
2933 3669 3091 3724 Pater
3117 3668 3171 3723 in
3215 3668 3444 3724 excelsis
3468 3680 3573 3732 est,

1995 3765 2075 3819 sic
2100 3771 2158 3819 et
2178 3763 2366 3817 Filius.
2397 3761 2699 3816 Consessus
2724 3761 2868 3816 enim
2896 3761 3025 3816 nihil
3053 3762 3387 3829 demonstrat
3404 3746 3409 3751 ’
3426 3762 3570 3818 aliud

1996 3854 2100 3908 nisi
2151 3852 2372 3907 honoris
2417 3851 2799 3921 aequalitatem.
2854 3850 2912 3907 Si
2958 3852 3103 3908 enim
3157 3853 3583 3933 minorationenr

1995 3941 2155 3997 vellet
2195 3939 2499 4006 ostendere,
2554 3956 2827 4011 nunquam
2872 3940 3093 4004 diceret,
3140 3956 3173 3994 a
3214 3942 3440 4007 dextris,
3480 3947 3575 3999 sed

1996 4030 2176 4100 potius
2203 4046 2234 4085 a
2265 4030 2502 4086 sinistris
2534 4049 2552 4082 ι
2584 4045 2705 4085 eum
2732 4030 2943 4086 sedere.
2974 4030 3164 4085 Adhuc
3198 4030 3572 4086 excellentiam

1997 4121 2235 4193 ejusdem
2264 4121 2386 4177 Filii
2411 4123 2696 4178 ostendere
2722 4136 3006 4194 aggressus
3034 4128 3138 4184 est,
3167 4122 3292 4177 dum
3324 4121 3455 4176 dicit
3486 4140 3499 4175 :

2014 4264 2017 4265 ν
2072 4221 2233 4277 Vens.
2261 4220 2316 4275 4.
2339 4251 2411 4261 -—-
2436 4220 2603 4276 Tanto
2637 4221 2823 4277 melior
2859 4219 3059 4292 angelis
3097 4220 3331 4290 ell'ectus,
3380 4228 3573 4292 quanto

1997 4317 2321 4386 di/ferentius
2344 4332 2453 4388 pra:
2482 4315 2586 4371 illis
2612 4333 2797 4371 nomen
2840 4314 3183 4369 ha'reditarit.
3221 4312 3406 4383 Angeli
3449 4322 3578 4368 sunt

2002 4407 2232 4462 ministri
2253 4417 2309 4462 et
2328 4407 2542 4471 famuli;
2571 4407 2659 4461 ille
2686 4406 2899 4475 quidem
2923 4405 3062 4459 ﬁlius
3085 4413 3142 4459 et
3160 4405 3350 4459 bzeres.
3383 4403 3573 4466 Tanto.

321 4471 696 4584 :EIC’nmgis
716 4471 946 4585 δῖονίπε
968 4471 1200 4585 [σῆφεη
1224 4508 1549 4582 gloriﬁcare]
1581 4471 1894 4571 "ﬁrmum;
1925 4471 1974 4529 θ
2002 4497 2192 4566 inquit,
2227 4496 2412 4552 melior
2430 4495 2627 4566 angelis
2662 4496 2895 4565 eﬂ'cctus,
2927 4494 3030 4549 hoc
3074 4502 3175 4585 est,
3208 4492 3575 4549 honorabilior

316 4609 462 4680 quod
491 4606 652 4663 talem
676 4607 842 4660 Deum
871 4605 1152 4666 habemus,
1176 4603 1269 4672 qui
1297 4609 1353 4656 et
1369 4600 1702 4656 intellectum
1724 4607 1900 4653 trans-

318 4699 503 4754 cendit
538 4706 593 4752 et
638 4693 982 4765 cogitationis
1031 4691 1304 4746 intuitum.
1332 4689 1522 4744 Merito
1558 4688 1898 4757 splendorem

315 4807 440 4846 eum
467 4790 602 4846 dixit
622 4789 827 4860 gloriae,
848 4791 1035 4857 utpote
1056 4784 1147 4855 qui
1167 4784 1342 4854 ipsum
1368 4783 1571 4836 sciebat
1587 4781 1852 4836 dicentem
1879 4796 1893 4832 :

317 4884 433 4956 Ego
470 4899 587 4938 sum
634 4881 729 4936 tua:
772 4878 957 4936 mundi
989 4898 1009 4931 ι
1064 4876 1245 4950 (Joan.
1291 4889 1410 4939 vm,
1455 4872 1565 4944 1‘2).
1597 4871 1898 4928 Ostendens

316 4990 441 5030 eum
471 4974 652 5029 lumen
698 4970 764 5027 de
807 4970 1032 5035 lumine,
1074 4967 1212 5022 sicut
1260 4965 1428 5018 Deum
1472 4964 1537 5018 de
1586 4962 1695 5016 Deo
1742 4975 1894 5024 esse;

317 5067 637 5137 animasque
688 5072 901 5120 nostras
953 5059 1339 5118 illuminantcm
1381 5063 1437 5109 et
1486 5053 1701 5108 Patrem
1745 5052 1899 5106 nobis

320 5155 701 5211 insinuantem.
727 5152 832 5207 Per
856 5150 1193 5222 splendorem
1224 5146 1419 5220 quippe
1439 5145 1698 5199 unitatem
1722 5141 1900 5198 decla-

321 5249 461 5304 ravit
507 5246 756 5304 essentia:
798 5258 919 5298 cum
966 5242 1078 5297 Deo
1113 5243 1298 5307 Patre,
1341 5258 1358 5290 ‹
1394 5246 1447 5292 et
1479 5235 1707 5292 mirabili
1739 5235 1898 5290 modo

319 5354 482 5394 unam
505 5335 857 5393 substantiam
878 5334 1133 5397 ostendit,
1157 5341 1218 5387 ut
1235 5333 1368 5388 duas
1384 5342 1643 5402 personas
1662 5324 1869 5398 [Chrys
1882 5364 1896 5385 ,

320 5422 725 5497 subsistentias]
756 5422 988 5492 aperiret
1024 5421 1078 5476 in
1118 5421 1286 5490 gloria
1321 5429 1377 5476 et
1413 5419 1717 5492 splendore.
1745 5415 1899 5472 Unde

319 5518 486 5574 etiam
515 5515 827 5587 subjungit:
866 5511 969 5578 Qui
1010 5522 1085 5566 est
1111 5509 1282 5581 ﬁgura
1317 5510 1621 5565 substantiae
1647 5509 1779 5579 ejus.
1811 5504 1902 5559 Fi-

242 5590 247 5595 ’
322 5622 459 5679 gnra
484 5604 717 5681 [Chrys.,
742 5598 1047 5681 character]
1069 5600 1264 5670 quippe
1289 5598 1428 5653 alter
1452 5605 1535 5653 est
1555 5598 1625 5654 ab
1642 5612 1728 5662 eo,
1749 5594 1902 5681 cujus

324 5680 513 5756 efferat
539 5695 772 5771 [Chrys.,
804 5690 1068 5765 enuntiat]
1102 5692 1346 5745 formam.
1380 5687 1528 5742 Alter
1570 5698 1748 5743 autem
1796 5680 1898 5740 n'on

768 5785 1001 5846 ΡΑτιιοι
1024 5829 1038 5844 .
1085 5782 1151 5844 C.

1998 4595 2159 4655 atque
2184 4586 2515 4656 prasclarior,
2541 4596 2741 4655 quanto
2770 4586 2961 4645 melius
2988 4584 3326 4641 hereditavit
3349 4599 3566 4641 nomen.

2001 4676 2255 4747 Sequitur
2292 4694 2306 4732 :
2340 4676 2526 4748 (Vsus.
2560 4677 2614 4746 5)
2655 4676 2752 4731 Cui
2783 4678 2923 4731 enim
2950 4676 3084 4730 dixit
3107 4675 3390 4748 aliquando
3415 4692 3573 4746 ange—

1998 4767 2168 4822 lorum
2206 4783 2223 4821 :
2263 4766 2435 4823 Filius
2472 4784 2615 4821 meus
2657 4785 2709 4822 es
2759 4777 2834 4829 tu,
2879 4783 2972 4837 ego
3006 4767 3161 4822 hodie
3184 4767 3339 4837 genui
3379 4766 3468 4819 te?
3507 4766 3573 4820 Et

2001 4876 2212 4916 rursum
2238 4875 2252 4914 :
2285 4859 2396 4931 Ego
2414 4878 2502 4914 ero
2520 4859 2595 4913 illi
2616 4861 2669 4914 in
2688 4858 2920 4922 Patrem,
2946 4867 2991 4912 et
3008 4860 3114 4930 ipse
3132 4860 3230 4913 erit
3256 4858 3382 4914 mihi
3408 4859 3462 4912 in
3483 4857 3572 4911 Fi-

1997 4949 2144 5005 lium.
2175 4950 2288 5005 Hoc
2313 4950 2459 5005 enim
2484 4950 2686 5018 absque
2724 4949 2832 5003 ulla
2857 4947 3189 5004 dubitatione
3228 4948 3293 5001 de
3329 4947 3572 5002 incarna-

2000 5041 2144 5095 tione
2173 5040 2295 5095 Filii
2323 5040 2548 5105 dicitur;
2578 5041 2697 5095 ideo
2725 5041 2945 5095 verbum
2990 5038 3155 5093 futuri
3187 5037 3442 5107 temporis
3475 5052 3571 5106 po-

1998 5129 2140 5184 suit:
2172 5126 2279 5182 Ero
2307 5128 2387 5183 illi
2417 5131 2472 5183 in
2498 5126 2730 5193 Patrem,
2757 5140 2805 5183 et
2831 5129 2938 5200 ipse
2981 5129 3076 5182 erit
3099 5127 3226 5180 mihi
3255 5127 3309 5181 in
3330 5126 3398 5196 .F
3401 5126 3567 5181 ilium.

1999 5217 2152 5283 Quod
2198 5232 2328 5273 vero
2363 5217 2535 5273 dixit:
2565 5216 2612 5271 F
2613 5217 2736 5272 ilius
2773 5235 2918 5272 meus
2960 5235 3014 5273 es
3059 5228 3135 5279 tu,
3186 5234 3278 5287 ego
3306 5217 3458 5271 hodie
3486 5235 3573 5290 ge-

2001 5306 2091 5360 nui
2132 5316 2200 5369 te,
2244 5316 2429 5378 aperte
2478 5309 2799 5373 manifestat,
2840 5309 2982 5379 quod
3021 5309 3161 5362 idem
3209 5309 3274 5363 de
3315 5323 3421 5378 quo
3473 5310 3572 5372 ait.

2004 5396 2179 5452 Eroei
2204 5399 2259 5451 in
2298 5394 2531 5461 Patrem,
2555 5408 2688 5462 ete.,
2733 5415 2801 5454 ex
2852 5400 2967 5472 ipsa
3016 5399 3252 5453 essentia
3289 5399 3467 5454 Patris
3505 5401 3576 5456 sit

2002 5491 2245 5563 genitus;
2288 5488 2409 5545 ideo
2453 5491 2704 5560 puesenti
2752 5501 2990 5560 tempore
3029 5490 3206 5560 posuit
3241 5490 3416 5556 hodie,
3449 5491 3574 5561 quia

2005 5582 2272 5641 Deonibil
2318 5583 2648 5654 przeteritum
2689 5583 2771 5637 vel
2807 5582 3046 5639 futurum
3089 5588 3204 5645 est,
3234 5579 3326 5637 sed
3365 5594 3577 5651 semper

2005 5676 2286 5748 praesentia
2318 5683 2528 5729 cuncta.
2570 5692 2588 5723 ‹
2623 5673 2804 5729 Potest
2847 5673 2988 5730 enim
3034 5671 3423 5753 etsecuudum
3459 5684 3577 5725 car-
