3992 6184
459 247 594 303 1035

1295 250 1356 303 Β.
1391 249 1452 303 l'.
1496 245 1719 303 ALBINI
1759 242 1889 299 εει)
1929 239 2205 297 ALCUiNi
2241 240 2525 298 OPERUM
2566 240 2746 296 PARS
2782 227 2847 297 ii:

3564 243 3710 298 1056

453 374 576 415 nem
620 358 721 413 hoc
754 356 921 426 accipi
966 355 1185 422 dictum,
1224 356 1349 425 quia
1387 371 1515 413 caro
1558 353 1917 411 communicat
1952 351 2030 405 al-
2055 351 2100 410 Α
2131 365 2223 404 eos
2247 350 2464 421 angelos
2490 352 2753 407 mittendo
2777 365 2871 407 eos
2911 349 3158 407 nuntiare
3186 355 3329 421 quod
3351 349 3593 421 jusserit.
3633 355 3708 409 Et

454 449 696 511 tioribus,
742 444 880 501 sicut
920 454 975 501 et
1012 446 1262 502 divinitas
1302 445 1591 501 humilibus
1632 443 2032 500 communicare

453 540 669 609 dignata
694 547 829 592 est»
858 536 973 592 lloc
996 538 1177 606 itaque
1202 536 1318 593 loco
1343 537 1623 607 perspicue
1652 535 1784 590 duas
1811 542 2032 587 naturas

454 631 506 684 in
538 627 751 684 Christo
772 627 1025 684 ostendit.
1056 627 1183 683 Huic
1202 642 1331 683 vero
1357 627 1547 682 salutis
1569 633 1767 680 nostra:
1786 622 2030 693 exempla

453 717 776 783 referamus;
807 734 826 770 ι
872 718 918 773 si
956 718 1101 772 enim
1129 717 1263 786 ipse,
1294 731 1415 772 cum
1442 712 1584 771 Deus
1607 723 1747 771 esset
1772 720 1827 768 et
1852 712 2032 768 Domi-

454 822 571 870 nus,
604 806 805 877 Deique
825 804 1013 872 Filius,
1049 821 1155 861 non
1187 806 1392 877 reSpuit
1418 804 1644 859 formam
1681 801 1824 858 servi
1860 801 2031 856 susci-

456 911 606 968 pere,
630 897 799 953 inuito
821 896 1050 969 amplius
1070 912 1168 952 nos
1187 904 1397 966 oportet
1418 902 1610 951 cuncta
1628 891 1885 963 perficere
1909 905 2030 960 qua:

449 986 597 1055 iussa
622 992 748 1040 sunt
786 985 960 1050 nobis,
988 993 1041 1041 et
1069 984 1288 1040 humilia
1318 998 1544 1053 quisque
1586 982 1836 1037 tolerare.
1863 980 2026 1051 667

452 1075 816 1130 Recordemur
834 1072 1105 1129 Christum
1147 1074 1412 1129 dicentem
1444 1088 1458 1127 :
1487 1070 1617 1126 Cum
1644 1071 1870 1139 feceritis
1911 1084 2026 1121 om-

450 1162 559 1227 nia,
599 1161 753 1216 dicite
775 1162 898 1232 quia
940 1159 1151 1215 inutiles
1175 1162 1307 1216 serri
1336 1177 1514 1215 sumus
1561 1160 1711 1234 (Luc.
1754 1174 1885 1224 xvn,
1916 1158 2023 1229 10).

524 1256 684 1309 Vens.
714 1253 765 1309 6.
782 1251 938 1307 —Et
965 1269 1080 1306 cum
1103 1254 1289 1307 iterum
1314 1252 1593 1307 introducit
1630 1251 2025 1323 primogenitum

450 1347 504 1400 in
528 1344 698 1399 orbem
720 1352 999 1408 terrarum,
1023 1342 1147 1396 dicit
1179 1355 1197 1393 :
1233 1340 1300 1395 Et
1347 1342 1563 1396 adorent
1589 1357 1706 1395 cum
1732 1354 1907 1394 omnes
1931 1356 2028 1393 an-

448 1433 550 1505 geli
574 1433 693 1489 Dei.
725 1431 924 1489 Paulus
956 1440 1134 1488 autem
1176 1432 1454 1488 introitum
1504 1430 1704 1487 Christi
1741 1438 1898 1485 vocat
1939 1444 2027 1483 as—

448 1520 805 1595 sumptionem
830 1522 1031 1585 carnis,
1079 1521 1146 1576 de
1180 1534 1285 1591 qua
1334 1520 1447 1590 ipse
1484 1519 1740 1574 Dominus
1767 1518 1820 1572 in
1852 1516 2027 1570 Evan-

445 1613 584 1685 gelio
612 1613 687 1669 ait
719 1628 733 1667 :
762 1613 915 1668 Exivi
940 1630 973 1667 a
1000 1611 1183 1677 Patre,
1224 1619 1271 1665 et
1306 1611 1416 1666 veni
1453 1612 1508 1665 in
1548 1609 1799 1665 mundum
1840 1607 2020 1681 (Joan.

2127 442 2392 496 ministros
2428 457 2550 495 suos
2590 443 2857 512 ﬂammant
2898 440 3051 511 ignis.
3096 440 3349 511 Legimus
3393 445 3714 513 apparuisse

2128 535 2303 605 ignem
2345 535 2397 589 in
2434 534 2596 601 rubo;
2633 533 2860 604 legimus
2901 536 3064 591 etiam
3126 536 3351 592 missum
3391 537 3563 607 ignem
3611 539 3713 594 de-

2128 639 2291 695 super
2329 635 2383 681 ct
2425 626 2672 697 implesse
2711 626 2854 695 quod
2890 634 3216 695 praccptum
3260 635 3363 681 est.
3389 627 3566 683 Potest
3591 628 3706 683 dici

2128 716 2342 784 quando
2390 715 2529 771 lonia
2590 717 2838 772 nuntiare
2891 718 3205 781 mittuntur,
3269 717 3479 787 angelos
3531 733 3702 781 esse;

2127 808 2340 876 quando
2376 809 2443 863 ad
2470 806 2761 864 vindictam
2799 810 3103 875 mittuntur,
3148 811 3424 866 ministros
3460 826 3596 876 esse,
3642 813 3706 866 id

2127 907 2228 961 est,
2257 898 2436 969 ignem
2470 898 2769 953 ardentem.
2799 897 2937 953 Sunt
2959 900 3123 955 etiam
3163 899 3277 955 haec
3316 898 3487 954 cilicia
3515 900 3570 953 in
3598 900 3711 954 Ec.

2126 987 2287 1043 clesia
2321 987 2601 1056 prmsenti;
2651 1002 2775 1041 nam
2815 987 3195 1057 praedicatores
3238 988 3441 1052 sancti,
3485 988 3709 1056 quando

2127 1074 2421 1145 spiritualia
2447 1074 2760 1145 prtcdicant,
2776 1083 2829 1130 et
2852 1075 3041 1145 gaudia
3069 1075 3216 1147 regni
3238 1074 3333 1130 Dei
3354 1076 3707 1140 emundant,

2126 1166 2299 1238 angeli
2321 1166 2601 1233 dicuntur;
2618 1168 2831 1237 quando
2850 1182 2978 1223 vero
2999 1174 3260 1222 terrorem
3284 1166 3542 1238 gehennae
3562 1166 3711 1237 ignis

2125 1256 2440 1325 pmdicunt,
2482 1256 2713 1312 ministri
2751 1263 2894 1323 sunt,
2925 1264 2986 1313 ut
3013 1263 3254 1311 terreant
3291 1264 3601 1324 peceatores
3648 1257 3706 1308 in

2127 1348 2537 1404 comminatione
2565 1348 2703 1420 ignis
2726 1348 2885 1411 illius,
2903 1347 2993 1417 qui
3015 1362 3283 1418 nunquam
3304 1348 3705 1413 exstinguetur.

2127 1436 2309 1505 (Vens.
2337 1436 2417 1503 8.)
2444 1437 2523 1491 Ad
2546 1436 2741 1490 Filium
2767 1445 2936 1490 autent
2960 1451 2978 1488 :
3010 1436 3245 1489 Thronus
3281 1444 3421 1498 tuus,
3450 1433 3615 1499 Deus,
3650 1436 3708 1487 in

2124 1528 2370 1583 steculum
2396 1528 2576 1583 sa'cuii
2596 1542 2615 1579 :
2638 1529 2779 1599 virga
2828 1528 3085 1598 a’quitatis
3123 1527 3263 1597 virga
3289 1526 3431 1595 regni
3469 1526 3567 1579 tui.
3600 1524 3707 1580 llic

2126 1621 2193 1676 de
2217 1635 2283 1676 eo
2320 1620 2451 1675 dicit
2476 1621 2565 1689 qui
2593 1619 2881 1675 secundum
2913 1633 3128 1672 carnem
3157 1625 3258 1679 est,
3288 1618 3354 1671 de
3390 1631 3499 1685 quo
3531 1616 3705 1669 etiam

447 1722 559 1773 avt,
580 1704 694 1778 28).
725 1704 838 1763 Hoc
873 1704 990 1760 loco
1014 1704 1260 1760 Christus
1304 1702 1724 1758 incarnationem
1753 1714 1905 1756 suam
1932 1715 2024 1753 e.r-
2058 1694 2099 1753 Β
2126 1711 2238 1781 ipse
2282 1709 2540 1765 Dominus
2583 1708 2637 1762 in
2679 1705 2968 1775 Evangeljo
2997 1707 3074 1758 ait
3114 1724 3128 1758 ζ
3178 1704 3337 1758 Pam
3360 1721 3465 1758 ηοω
3484 1705 3706 1774 λακίδι-αι

442 1799 578 1851 itum
598 1804 777 1863 vocat,
801 1794 944 1867 quod
965 1792 1163 1849 Paulus
1180 1794 1271 1850 hic
1294 1794 1561 1849 introitum
1579 1792 1836 1847 nominat.
1864 1790 2020 1859 Quie-

448 1889 671 1947 rendam
711 1895 797 1945 est
839 1900 1007 1958 quare
1057 1900 1219 1941 unam
1274 1898 1390 1942 rem
1442 1885 1668 1941 diversis
1713 1884 2020 1938 nominibus

442 1979 691 2035 Christus
716 1986 772 2035 et
797 1976 994 2033 Paulus
1021 1977 1301 2032 nominare
1325 1975 1639 2032 voluissent.
1673 1993 1692 2027 ε
1737 1973 2021 2046 Signiﬁca-

442 2072 618 2128 tiones
638 2070 855 2142 quidem
880 2070 1141 2126 dictorum
1158 2069 1456 2125 manifesta:
1478 2077 1624 2135 sunt,
1647 2077 1703 2125 et
1724 2068 2016 2125 secundum

441 2161 571 2234 quid
605 2161 922 2217 alterutrum
968 2158 1199 2224 dicatur,
1229 2165 1481 2229 apparet;
1514 2156 1766 2214 Christus
1802 2157 2017 2226 quidem

443 2249 637 2307 merito
662 2249 867 2306 exitum
894 2255 1086 2305 vocat:
1116 2245 1249 2302 foris
1272 2246 1416 2304 enim
1452 2260 1669 2302 eramus
1696 2261 1726 2299 a
1756 2246 1884 2308 Deo,
1914 2247 2021 2300 sie-

439 2354 499 2401 ut
526 2345 616 2417 qui
640 2352 764 2401 sunt
792 2351 944 2399 extra
973 2340 1180 2415 regales
1205 2340 1356 2396 aulas
1396 2339 1449 2393 in
1493 2337 1721 2394 vinculis
1759 2336 2016 2406 colligati,

438 2444 494 2492 ct
532 2435 624 2506 qui
661 2433 859 2490 habent
885 2433 1023 2505 apud
1058 2446 1234 2503 regem
1272 2446 1370 2503 pro
1406 2430 1577 2501 culpis
1601 2428 1879 2486 oil‘ensam.
1907 2427 2018 2482 iiu-

2117 1816 2448 1873 quemquam,
2489 1797 2578 1853 sed
2605 1814 2754 1852 omne
2771 1795 3030 1867 judicium
3058 1794 3199 1847 dedit
3241 1791 3401 1857 Filio,
3433 1802 3489 1847 at
3519 1810 3705 1846 omnes

2117 1889 2456 1959 honori/irent
2491 1886 2685 1942 Filium
2731 1887 2910 1958 (.Ioun.
2964 1902 3019 1949 γ,
3066 1884 3177 1956 22).
3218 1884 3283 1938 Et
3327 1882 3488 1953 paulo
3529 1892 3699 1951 post;

2120 1979 2434 2034 Potestatcm
2462 1977 2604 2033 dedit
2631 1977 2679 2030 ci
2712 1975 2972 2044 judicium
3012 1973 3205 2041 facere,
3235 1972 3356 2043 quia
3387 1970 3560 2025 Filius
3602 1972 3703 2024 ho-

2116 2070 2272 2124 minis
2296 2078 2369 2123 est
2401 2066 2581 2140 (Joan.
2609 2082 2664 2134 v,
2695 2066 2806 2139 27).
2840 2065 2937 2120 iiic
2963 2065 3106 2119 enim
3144 2064 3369 2118 thronus
3400 2063 3490 2117 Dei
3529 2065 3596 2118 ad
3614 2064 3700 2131 ju-

2116 2159 2312 2214 dicium
2339 2158 2571 2228 pertinet
2593 2157 2851 2225 futurum,
2885 2157 2936 2211 in
2977 2171 3084 2225 quo
3112 2155 3279 2210 forma
3321 2155 3458 2210 servi
3490 2156 3702 2209 videbi-

2116 2257 2235 2316 tur,
2274 2248 2437 2318 judcx
2493 2249 2737 2304 vivorum
2778 2258 2831 2303 ct
2885 2256 3246 2313 mortuorum;
3278 2256 3335 2301 et
3366 2262 3464 2315 quo
3482 2244 3700 2314 judicio

2114 2340 2294 2397 omnia
2314 2339 2579 2394 veraciter
2599 2337 2844 2395 Christus
2872 2338 3201 2402 moderatur,
3226 2336 3493 2391 examinat
3519 2346 3696 2405 atque

2116 2430 2388 2501 diiudicat.
2421 2429 2486 2485 In
2515 2429 2763 2485 standum
2787 2429 2987 2496 swculi,
3034 2430 3133 2496 ait,
3176 2430 3302 2500 quia
3338 2428 3696 2484 novissimum

438 2524 672 2595 jusmodi
695 2525 890 2596 quippe
913 2540 944 2579 a
969 2523 1135 2597 regali
1173 2522 1295 2577 auia
1325 2520 1459 2577 foris
1482 2519 1685 2576 exclusi
1720 2527 1879 2586 sunt;
1923 2520 2015 2589 qui
2106 2520 2367 2591 judicium
2412 2522 2553 2577 inter
2593 2522 2762 2578 bonos
2803 2530 2859 2577 et
2906 2521 3074 2577 malos
3119 2531 3316 2578 acterna
3363 2522 3698 2577 discretione

440 2614 584 2670 enim
611 2613 841 2669 voluerit
886 2613 1007 2669 istis
1036 2612 1247 2668 veniam
1277 2610 1582 2683 impetrare,
1628 2625 1736 2665 non
1780 2611 2015 2681 primum

437 2707 583 2779 ipsos
606 2704 661 2760 in
681 2704 857 2760 auiam
883 2705 1026 2775 regis
1051 2703 1274 2768 inducit,
1295 2703 1389 2757 sed
1413 2703 1527 2772 ipse
1553 2700 1699 2757 foras
1718 2702 2011 2773 egreditur,

443 2796 622 2866 ibique
648 2807 770 2848 cum
787 2792 870 2849 eis
895 2791 1207 2849 commiscet
1230 2789 1694 2846 sermocinationis
1720 2788 2010 2860 negotium,

440 2899 614 2956 usque
661 2883 786 2940 dum
831 2898 926 2938 eos
967 2888 1241 2937 correctos
1277 2879 1480 2944 reddat,
1511 2888 1568 2936 et
1608 2880 1796 2950 dignos
1819 2877 2014 2934 efficiat

436 2988 545 3045 quo
578 2974 720 3043 regis
746 2972 911 3026 vultui
944 2971 1316 3042 repraesentari
1362 2978 1688 3027 mereantur.
1731 2968 1822 3025 Sic
1847 2970 2011 3025 etiam

2115 2615 2299 2679 stabit,
2328 2628 2394 2669 eo
2419 2613 2532 2683 ipso
2560 2621 2791 2667 testante
2821 2613 2875 2666 in
2902 2612 3211 2684 Evangelia,
3233 2612 3324 2681 qui
3347 2609 3697 2679 indicaturus

2114 2713 2237 2761 est:
2270 2703 2412 2758 Tunc
2439 2704 2584 2758 ibunt
2606 2704 2658 2757 lii
2687 2704 2739 2757 in
2767 2704 2930 2773 ignem
2955 2712 3227 2766 (sternunt,
3254 2702 3391 2773 justi
3428 2710 3604 2755 autem
3638 2703 3693 2755 in

2115 2796 2269 2850 vitam
2323 2804 2571 2849 wiernam
2624 2793 2837 2864 (Matth.
2889 2809 3016 2859 xxv,
3066 2790 3179 2862 46).
3225 2790 3379 2861 Virga
3427 2792 3695 2862 trquitatis

2116 2888 2256 2959 virga
2287 2887 2428 2958 regni
2456 2886 2550 2940 tui.
2585 2886 2799 2957 V'irgam
2832 2900 2957 2941 vero
2982 2884 3219 2956 regulam
3262 2884 3459 2939 divina:
3484 2884 3694 2955 signiﬁ-

2116 2985 2204 3032 cat
2228 2976 2526 3045 thuitatis;
2554 2992 2673 3045 qua:
2697 2977 2959 3030 veraciter
2985 2982 3131 3030 recta
3157 2975 3374 3038 dicitur,
3396 2974 3523 3045 quia
3545 2973 3690 3028 nulla

436 3036 689 3124 Christds
720 3066 898 3121 cflicit.
946 3036 1203 3138 Egressus
1248 3066 1442 3137 quippe
1487 3067 1552 3119 ad
1594 3080 1711 3131 nos,
1758 3065 1861 3121 hoc
1908 3073 2011 3129 est,
2037 3036 2086 3100 ο
2116 3036 2378 3136 pravitate
2420 3036 2696 3123 curvatur.
2733 3066 2894 3137 Virga
2932 3066 3033 3120 ista
3071 3063 3245 3135 justus
3296 3036 3456 3135 regii,
3495 3064 3693 3135 impios

431 3168 653 3211 carnem
694 3169 930 3221 sumens,
981 3163 1033 3210 et
1074 3152 1371 3211 collocutus
1417 3154 1695 3210 nobiscum
1743 3162 2012 3223 praecepta
2116 3159 2374 3227 percutit;
2407 3158 2500 3214 scd
2526 3159 2642 3214 lucc
2660 3158 2808 3228 virga
2828 3155 3082 3212 fortitudo
3099 3164 3184 3211 est
3210 3155 3431 3217 invicta,
3457 3156 3691 3226 aequitas

434 3246 579 3321 regis
622 3246 873 3313 innotuit,
911 3257 966 3303 et
1001 3248 1079 3303 sic
1122 3261 1221 3303 nos
1263 3261 1294 3301 a
1336 3244 1575 3314 peccatis
1608 3246 1923 3308 emundans.
1960 3255 2013 3301 et
2116 3248 2436 3313 rectissima,
2484 3247 2786 3303 inflexibilis
2828 3246 3126 3316 disciplina.
3182 3245 3309 3300 ilice
3345 3246 3492 3300 enim
3535 3246 3685 3317 virga

436 3338 507 3395 ad
531 3338 698 3393 Deum
738 3346 1059 3392 convertens
1083 3338 1140 3389 in
1165 3335 1340 3390 aulam
1379 3333 1610 3404 regalem
1638 3335 1783 3388 velut
1812 3336 2015 3391 media-
2117 3340 2245 3412 regii
2273 3340 2494 3397 honoris
2513 3340 2742 3411 insigne,
2769 3346 3036 3408 sceptrum
3061 3336 3341 3393 dicebatur
3360 3338 3685 3408 antiquitus.

440 3440 528 3487 tor
565 3430 801 3502 optimus
844 3426 1187 3483 introduwns
1220 3422 1452 3499 [Cltrgs.,
1498 3422 1835 3497 introduxit].
1882 3424 2014 3480 Pro-
2112 3433 2396 3503 dcsignans
2435 3433 2490 3488 in
2534 3432 2702 3505 σεε
2745 3446 2807 3489 ea
2853 3432 3109 3485 virtutum
3151 3442 3354 3499 regem,
3397 3430 3682 3485 Dominum

440 3532 625 3594 pterca
658 3522 823 3594 igitur
840 3519 1044 3577 exitum
1071 3525 1227 3576 vocat
1254 3531 1365 3575 suae
1404 3515 1790 3573 incarnationis
1814 3516 2013 3571 adven-

2121 3524 2466 3583 Saivatorem.
2486 3525 2669 3595 (Vsus.
2697 3522 2774 3586 9.)
2798 3520 3040 3576 Dilexisti
3053 3519 3318 3591 justitiam
3329 3529 3377 3575 et
3399 3520 3556 3575 odisti
3572 3521 3679 3575 ini-

431 3624 573 3668 tum.
602 3610 800 3667 Paulus
816 3619 994 3666 autem
1014 3610 1291 3665 introitum
1318 3607 1581 3674 nominat,
1611 3622 1674 3663 ex
1699 3608 2009 3677 metaphora
2105 3618 2375 3691 ηηειαιεηι,
2403 3617 2522 3688 Ipsa
2559 3627 2643 3674 es;
2667 3616 2816 3686 νει-εει
2852 3621 3021 3678 recta,
3070 3627 3254 3668 amare
3291 3612 3596 3682 mquimem
3625 3622 3683 3666 οι

430 3701 885 3765 htcrcditantium,
913 3707 969 3756 et
1008 3697 1100 3769 jus
1142 3699 1449 3755 dominandi
1488 3699 1542 3753 in
1587 3699 1765 3770 aliqua
1799 3712 2011 3768 posses-

2121 3712 2283 3769 )disse
2326 3710 2637 3780 nequitiam.
2669 3706 2838 3763 Nemo
2865 3705 3010 3760 enim
3050 3702 3288 3774 perfecte
3316 3704 3483 3773 diligit
3508 3704 3675 3772 justi-

432 3792 586 3849 sione
621 3788 977 3857 sumentium;
1015 3787 1241 3846 dicendo
1268 3789 1412 3843 enim
1446 3805 1460 3841 :
1498 3788 1697 3843 Itcrinu
1728 3789 2011 3843 introducit
2107 3803 2260 3868 ιίωη,
2304 3801 2403 3856 “is;
2444 3800 2536 3871 qui
2574 3806 2631 3854 ει
2664 3806 2815 3854 πως
2837 3795 3099 3867 pessimos
3148 3794 3505 3857 abominatum
3537 3793 3667 3861 quia

431 3881 830 3956 primogenitum
852 3878 907 3937 in
930 3880 1102 3937 orbem
1127 3888 1406 3947 terrarum,
1443 3880 1543 3937 hoc
1569 3881 1854 3952 significat,
1886 3897 2006 3938 cum

2121 3890 2303 3945 veritas
2341 3904 2516 3953 amor,
2563 3887 2743 3943 odium
2777 3892 2860 3941 est
2887 3884 3112 3940 falsitas.
3150 3882 3255 3939 Sed
3291 3883 3412 3938 huic
3437 3884 3672 3936 amatori

422 3973 481 4030 ei
503 3972 789 4031 committit
812 3971 999 4028 orbem
1022 3978 1311 4027 terrarum.
1354 3970 1502 4027 Tune
1543 3974 1687 4027 enim
1726 3978 1895 4027 totum
1918 3988 2010 4028 or-
2104 3978 2362 4034 bonitatis
2386 3986 2442 4032 et
2467 3976 2591 4032 odio
2633 3974 2952 4045 iniquitatis,
2997 3988 3116 4044 quae
3155 3973 3376 4043 prmmia
3411 3974 3520 4028 sint
3547 3973 3671 4027 red-

426 4064 553 4122 bem
576 4062 834 4136 possedit,
855 4075 979 4118 cum
1006 4060 1077 4116 ab
1100 4060 1367 4115 universis
1390 4067 1473 4115 est
1496 4061 1761 4133 agnitus.»
1794 4060 1860 4115 Et
1880 4062 2007 4116 ado—
2105 4070 2237 4135 diu,
2280 4068 2465 4124 subter
2522 4065 2761 4137 exponit,
2808 4063 2993 4120 dicens
3033 4081 3047 4118 :
3099 4061 3376 4134 Propterea
3426 4062 3575 4116 uiuit
3621 4071 3671 4114 te

433 4160 547 4209 rent
579 4167 696 4207 eum
723 4165 898 4205 omnes
923 4147 1094 4219 angeli
1130 4147 1248 4204 Dei.
1283 4148 1364 4203 Ad
1407 4150 1598 4206 aitiom
1635 4153 1877 4222 quaedam
1899 4151 2009 4208 eie-
2106 4158 2266 4225 Deus,
2294 4156 2434 4212 Deus
2465 4166 2605 4211 tuus.
2641 4154 2842 4211 Unetus
2885 4153 3131 4209 Christus
3158 4162 3216 4209 et
3241 4167 3422 4224 regem
3470 4152 3671 4224 signiﬁ-

435 4258 568 4301 rans
595 4249 829 4299 mentem
857 4248 1119 4307 nostram,
1142 4247 1207 4296 ut
1250 4240 1484 4297 sciamus
1535 4241 1683 4297 illum
1717 4242 1810 4312 qui
1842 4258 2008 4300 carne
2103 4256 2193 4304 cat
2217 4257 2276 4304 et
2296 4247 2652 4312 sacerdotem,
2691 4245 2818 4316 quia
2849 4243 3133 4317 dignitates
3177 4246 3294 4300 ista:
3324 4247 3672 4302 sumebantur

428 4334 653 4390 indutus
674 4341 759 4389 est
781 4339 839 4388 et
869 4344 1063 4402 passus
1101 4339 1185 4387 est
1224 4345 1324 4402 pro
1348 4330 1521 4396 nobis,
1548 4331 1618 4387 ab
1645 4331 1848 4404 angelis
1875 4334 2006 4390 ado-
2034 4384 2081 4409 η
2105 4354 2201 4409 per
2224 4338 2619 4395 sacratissima
2655 4336 2952 4392 unctiones.
2997 4335 3133 4390 Nam
3177 4346 3234 4392 et
3264 4338 3439 4406 ipsum
3474 4353 3670 4392 nomen

430 4433 628 4480 ratum.
685 4422 757 4480 Ut
795 4384 1127 4480 discerneret
1166 4384 1346 4479 au‘tem
1395 4384 1747 4495 maiestatem"
1774 4424 1895 4479 Filii
1932 4426 2002 4480 al)
2032 4384 2081 4446 θ
2103 4384 2360 4484 Christia
2385 4436 2574 4485 sancto
2592 4384 2897 4483 chrismate
2935 4433 3174 4481 vocatur.
3214 4384 3665 4481 Dedin-illa

426 4514 743 4587 angelorum
786 4512 1217 4578 ministratione,
1272 4527 1397 4568 mox
1450 4522 1665 4570 secutus
1714 4514 1999 4585 adiunxit:
2105 4527 2228 4575 tura
2255 4526 2449 4575 unctus
2494 4518 2713 4584 dicitur,
2749 4532 2855 4587 qua
2894 4517 3288 4586 dispensatione
3323 4526 3379 4572 et
3418 4527 3571 4572 natus
3610 4527 3670 4571 et

428 4604 618 4677 (Vnus.
640 4600 698 4677 Ἰ)
728 4601 831 4671 Qui
857 4602 984 4674 facit
1023 4601 1232 4673 angelos
1259 4618 1381 4657 suos
1407 4604 1640 4674 spiritus,
1662 4613 1711 4658 et
1738 4604 2001 4659 ministros
2104 4617 2367 4675 mortuus,
2394 4616 2451 4663 et
2475 4608 2833 4664 resurrexisse
2861 4608 3127 4663 veraciter
3152 4606 3349 4661 dicitur
3388 4607 3666 4673 Christus;

422 4711 552 4750 suos
575 4694 841 4765 ﬂammam
870 4692 1025 4764 ignis.
1057 4709 1077 4743 ι
1109 4692 1225 4747 Dion
1265 4692 1410 4746 enim
1467 4690 1611 4746 solos
1644 4692 1861 4762 angelos
1898 4694 2002 4750 hoc
2102 4706 2355 4756 caeterum
2395 4697 2570 4753 deitas
2590 4695 2707 4764 ejus
2735 4696 2879 4750 nullo
2897 4710 3141 4760 munere,
3173 4695 3321 4751 nullo
3360 4697 3559 4751 honore
3587 4698 3673 4751 in-

427 4800 677 4844 scrmonc
718 4784 1012 4855 signiﬁcat,
1063 4784 1156 4840 sed
1203 4798 1391 4840 omnes
1434 4783 1662 4839 virtutes
1704 4785 1998 4841 ministeria
2102 4788 2274 4858 diguit
2317 4784 2579 4855 adjuvari.
2610 4786 2875 4856 Repetitio
2921 4793 3099 4840 autem
3145 4785 3273 4852 ista,
3317 4786 3455 4855 quod
3488 4785 3669 4840 dicit:

428 4889 660 4946 superna
679 4871 984 4944 ftmgentes.
1021 4891 1041 4926 ι
1069 4871 1357 4929 sciendum
1382 4887 1514 4928 vero
1541 4879 1628 4928 est
1659 4872 1803 4942 quod
1824 4873 2000 4944 angeli
2098 4875 2257 4941 Deus,
2286 4875 2449 4940 Deus,
2478 4875 2805 4944 prteconium
2832 4889 3038 4944 magna:
3086 4873 3373 4929 iiiectionis
3405 4876 3669 4930 ostendit.

428 4982 621 5025 nomen
643 4975 728 5024 est
746 4964 926 5030 oilicii,
953 4979 1058 5020 non
1086 4971 1307 5029 naturas,
1333 4963 1426 5035 qui
1450 4963 1613 5020 etiam
1639 4977 1850 5033 semper
1873 4973 2001 5018 sunt
2100 4964 2225 5022 Oieo
2245 4963 2608 5021 exsultationis
2631 4980 2740 5036 prce
2761 4962 3093 5034 participibus
3130 4964 3255 5021 tuis.
3281 4963 3487 5033 Duplici
3509 4964 3670 5019 minio

427 5059 679 5130 spiritus,
733 5055 828 5115 sed
877 5071 985 5112 non
1036 5067 1250 5125 semper
1301 5053 1475 5125 angeli
1518 5054 1701 5111 vocari
1752 5063 1995 5124 possunt.
2097 5057 2403 5113 unctionem
2421 5054 2567 5110 illam
2588 5062 2828 5110 sanctam
2847 5053 3155 5124 provenisse
3174 5053 3462 5123 significat.
3480 5053 3670 5110 Oleum

428 5149 635 5217 Qltaaris
678 5147 837 5219 huius
886 5155 1093 5203 natura:
1135 5144 1365 5201 nomen?
1405 5142 1638 5216 Spiritus
1664 5152 1764 5201 est.
1791 5142 2001 5212 Quaeris
2096 5146 2293 5203 laetitia
2310 5153 2393 5201 est
2411 5144 2616 5215 peccati
2639 5142 2900 5215 maculam
2931 5158 3036 5199 non
3063 5144 3286 5210 habere,
3303 5145 3520 5199 undese
3547 5159 3671 5199 con-

426 5236 620 5295 oilicii?
642 5236 866 5311 angelus
890 5244 994 5292 est.
1023 5232 1104 5291 Ex
1126 5249 1192 5292 eo
1214 5234 1357 5306 quod
1394 5242 1498 5301 est,
1529 5235 1750 5306 spiritus
1782 5242 1868 5290 est
1889 5252 1904 5289 :
1929 5250 1996 5290 ex
2094 5235 2317 5292 scientia
2338 5249 2554 5306 semper
2578 5233 2863 5299 exhilarat,
2880 5234 3093 5304 quando
3117 5232 3259 5288 nulla
3280 5234 3670 5290 recordationis

424 5339 494 5379 eo
511 5324 654 5395 quod
674 5324 823 5381 audit
839 5321 1045 5398 [νον-ιε,
1079 5320 1235 5399 agit],
1265 5322 1484 5395 angelus
1515 5332 1634 5392 est;
1665 5324 1792 5395 quia
1835 5338 2000 5394 auge.
2095 5327 2384 5397 asperitate
2422 5324 2717 5380 mordetur.
2761 5322 2884 5379 Prce
2930 5324 3265 5396 participibus
3287 5327 3413 5380 tuis.
3453 5321 3514 5380 In
3546 5320 3670 5379 filiis

424 5411 511 5465 ius
543 5410 751 5479 Grece,
778 5411 970 5471 Latino
1011 5414 1232 5470 nuntius
1259 5414 1493 5472 dicitur:
1533 5415 1674 5473 sicut
1702 5414 1865 5470 homo
1900 5427 1998 5469 no-
2094 5414 2391 5479 bominum,
2417 5413 2549 5470 dicit
2566 5429 2702 5485 quos
2727 5423 2782 5471 et
2808 5414 2992 5484 ipsein
3012 5412 3302 5486 Evangelio
3339 5413 3541 5471 fratres
3579 5431 3671 5485 ap-

430 5508 554 5589 men
586 5508 921 5589 estnatuao,
948 5502 1105 5561 miles
1130 5518 1260 5561 vero
1284 5519 1480 5563 nomen
1520 5504 1701 5573 cilicii.
1733 5502 1824 5561 Sic
1849 5504 1995 5560 enim
2091 5503 2274 5576 pellat.
2301 5502 2426 5561 ideo
2451 5512 2634 5583 autem
2665 5504 2866 5561 dictum
2894 5513 3000 5572 est,
3017 5522 3126 5576 pm
3162 5503 3505 5578 participibus
3543 5505 3667 5566 tatis.

432 5587 700 5664 quierant
727 5587 842 5660 jam
878 5593 1097 5662 spiritus
1117 5592 1317 5649 conditi
1351 5608 1383 5649 a
1419 5602 1668 5651 creatore
1711 5593 1840 5659 Deo,
1868 5592 1997 5651 facit
2092 5593 2346 5675 Quoniam
2377 5591 2518 5652 hanc
2539 5591 2967 5651 benedictionem
2991 5609 3154 5665 supra
3180 5609 3341 5651 omne
3366 5594 3668 5652 humanum
