4010 6182
308 329 446 385 1657

1004 327 1413 386 EXEGETICA.
1452 327 1767 402 —EXPOS.
1808 330 1873 383 ιλ
1911 329 2125 385 EPlST.
2168 329 2225 386 Β.
2267 328 2469 385 PAULI
2506 329 2599 384 AD
2637 327 2836 384 llEBR.

3406 324 3540 391 [958

303 456 494 512 genus,
524 441 634 496 sive
674 453 849 512 reges,
892 442 1004 496 sive
1048 443 1355 497 sacerdotes
1399 440 1452 495 in
1479 441 1659 498 Veteri
1687 442 1872 497 Testa-
1896 456 1945 509 Α
1972 441 2194 507 dendos,
2221 440 2311 512 qui
2339 441 2577 511 quotidie
2603 440 2852 494 vitiorum
2882 433 3261 489 contrarietate
3284 432 3544 490 derelicta

305 542 517 599 mento;
558 535 670 590 sive
713 535 875 589 etiam
919 535 1188 604 apostolos
1221 543 1276 590 et
1324 543 1589 606 martyres
1635 537 1688 590 in
1723 534 1871 590 Novo

1972 539 2315 589 revertuntur
2336 530 2403 584 ad
2427 528 2729 593 Dominum,
2756 535 2812 583 et
2837 533 3088 594 tanquam
3130 521 3419 579 scabellum
3450 539 3547 594 pe-

304 625 646 694 cognoscitur
668 625 959 694 accepisse,
983 633 1043 681 ut
1063 634 1257 681 unctus
1283 626 1629 697 singulariter
1649 636 1873 683 cancros
1969 620 2149 691 dibus,
2189 620 2357 693 669
2405 621 2479 674 ita
2527 618 2646 688 ejus
2686 614 3152 690 praedicationibus
3194 612 3537 669 inclinantur.

304 728 506 784 ungere
538 714 824 770 debuisset.
856 714 916 770 In
938 715 1028 771 illo
1046 716 1189 770 enim
1220 714 1339 771 l'ons
1360 722 1445 771 est
1464 716 1872 783 benedictionis,

302 810 463 875 prout
499 802 601 873 ipsi
623 803 793 859 visum
820 803 1001 871 fuerit,
1032 818 1128 875 per
1166 805 1447 862 universos
1487 805 1688 862 electos
1729 821 1876 861 com-

304 904 552 964 petenter
571 905 805 950 emanat.
845 894 952 951 Sed
978 895 1091 950 haec
1126 895 1304 950 omnia
1341 896 1489 951 carni
1529 896 1872 962 conveniunt,

302 986 391 1047 cui
424 985 875 1056 perfectissimum
917 995 972 1042 et
1007 986 1447 1056 gloriosissimum
1487 988 1722 1044 Verbum
1761 986 1878 1041 uni-

307 1084 422 1129 tum
453 1085 537 1132 est
556 1091 656 1145 pro
693 1076 864 1132 salute
898 1087 1226 1132 sanctorum.
1259 1077 1370 1134 lloc
1398 1087 1716 1148 unguentum
1748 1077 1877 1132 dici-

307 1178 397 1221 tur
428 1166 481 1220 in
520 1166 628 1222 alio
673 1165 879 1237 psalmo
918 1166 1241 1222 descendisse
1279 1167 1334 1224 in
1380 1168 1617 1232 barbam,
1666 1166 1877 1220 barbam

305 1259 505 1322 Aaron,
531 1273 693 1329 usque
715 1257 769 1312 in
789 1273 882 1311 ora
902 1257 1188 1312 vestimenti
1222 1258 1334 1328 ejus
1363 1255 1535 1327 (Psal.
1557 1272 1735 1311 cxxxn
1760 1296 1774 1321 ,
1797 1253 1874 1325 2).

306 1346 373 1401 Et
399 1345 559 1416 paulo
584 1355 703 1416 post
731 1365 744 1400 :
782 1345 1043 1414 Quoniam
1067 1346 1173 1402 illic
1202 1347 1463 1401 mandavit
1504 1345 1758 1399 Dominus
1797 1346 1882 1400 be-

308 1433 649 1488 nedictionem
694 1442 741 1489 et
770 1434 929 1489 vitam
965 1452 1127 1506 usque
1163 1435 1216 1490 in
1245 1434 1492 1489 sa’culum
1525 1433 1722 1488 strculi.
1756 1434 1882 1488 Post

309 1525 664 1582 humanitatis
703 1527 870 1599 igitur
904 1526 1298 1592 excellentiam,
1350 1526 1543 1580 iterum
1576 1526 1642 1581 ad
1669 1526 1882 1580 aeterni-

306 1624 472 1672 tatem
521 1616 713 1671 divinze
752 1615 1001 1689 [naturae]
1033 1617 1085 1671 in
1129 1615 1317 1671 eodem
1353 1615 1488 1669 Filio
1527 1615 1619 1670 Dei
1660 1630 1883 1670 convcr-

307 1707 371 1762 tit
399 1723 457 1763 se
495 1708 788 1778 apostolus,
819 1707 1125 1764 testimonio
1168 1706 1390 1761 alterius
1434 1705 1623 1778 psalmi
1671 1705 1879 1771 dicere;

306 1800 383 1855 ait
406 1800 549 1855 enim
581 1818 593 1853 :
627 1796 810 1872 (Vsus.
850 1799 934 1873 l0)
962 1798 1027 1853 Et
1051 1810 1130 1865 tu,
1159 1799 1395 1863 Domine,
1425 1801 1477 1853 in
1503 1797 1753 1870 principio
1780 1807 1882 1851 ter-
1915 1782 1956 1840 Β

307 1907 421 1945 ram
446 1889 703 1961 fundasti,
755 1899 806 1944 et
843 1906 998 1961 Opera
1037 1905 1285 1944 manuum
1327 1899 1537 1942 tuarum
1579 1897 1698 1941 sunt
1745 1886 1876 1940 caeli.

306 1977 443 2033 Cum
464 1977 592 2034 dicit
620 1997 632 2032 :
667 1978 731 2032 In
765 1978 1016 2050 principio
1042 1987 1235 2032 terram
1263 1988 1319 2031 tu
1344 1975 1599 2046 fundasti,
1637 1975 1879 2041 Domine,

306 2066 543 2123 ostendit
569 2066 709 2138 quod
740 2084 770 2123 a
801 2068 947 2123 sanis
978 2067 1246 2122 mentibus
1272 2082 1376 2121 non
1402 2074 1579 2137 potest
1601 2064 1880 2135 abnegari,

308 2160 433 2229 quia
463 2168 675 2214 creator
702 2167 825 2214 ante
857 2167 1135 2214 creaturas
1161 2172 1308 2223 suas,
1339 2156 1454 2212 sine
1497 2156 1677 2225 aliquo
1706 2154 1879 2219 initio,

309 2249 653 2319 cognoscitur
670 2248 959 2304 exstitisse.
990 2245 1059 2301 Et
1073 2264 1229 2319 opera
1252 2262 1502 2301 manuum
1525 2254 1734 2299 tuarum
1760 2255 1882 2300 sunt

310 2348 443 2397 εωιι.
471 2342 570 2397 llic
590 2357 798 2395 manum
827 2341 1078 2396 virtutem
1102 2338 1361 2408 jussionis
1389 2338 1479 2393 Dei
1512 2337 1768 2393 debemus
1795 2352 1884 2392 ac-

310 2435 511 2504 cipere.
552 2431 671 2487 Alio
698 2431 840 2485 enim
881 2428 996 2485 loco
1041 2429 1272 2485 dicitur:
1308 2427 1567 2493 Quoniam
1596 2429 1703 2497 ipse
1727 2426 1883 2491 dixit,

308 2533 360 2577 et
389 2523 531 2592 facta
559 2529 679 2575 sunt
694 2537 713 2586 ;
736 2521 841 2592 ipse
862 2518 1145 2584 mandarit,
1171 2527 1219 2573 et
1239 2526 1414 2571 creata
1434 2527 1575 2571 sunt.

386 2612 546 2668 Vens.
593 2610 774 2664 ll.—-
811 2607 921 2679 Ipsi
967 2607 1229 2679 peribunt,
1278 2615 1334 2659 tu
1376 2614 1551 2659 autent
1594 2622 1882 2677 permanes.

312 2702 544 2757 Pereunt
564 2698 707 2753 enim
736 2696 804 2752 ab
836 2713 901 2753 eo
929 2696 1071 2766 quod
1098 2703 1245 2761 sunt,
1285 2696 1409 2751 dum
1454 2696 1807 2750 immutantur
1833 2695 1886 2749 in

291 2791 506 2846 'melius
530 2796 807 2845 creatum.
841 2787 918 2842 Tu
949 2796 1121 2842 autem
1147 2802 1442 2858 permanes,
1471 2794 1532 2840 ut
1567 2786 1706 2840 sicut
1733 2790 1888 2841 aeter-

315 2881 535 2934 nitatem
585 2878 793 2933 Domini
835 2877 1087 2943 ostendit,
1120 2883 1406 2946 antequam
1452 2883 1661 2931 crearet
1688 2876 1883 2937 omnia,

314 2970 394 3025 sic
443 2976 564 3040 post
590 2968 755 3025 caelos
801 2975 1034 3023 mutatos
1080 2967 1254 3037 ipsum
1284 2965 1486 3020 diceret
1517 2965 1568 3019 in
1598 2963 1891 3034 majestatis

315 3077 426 3116 sua:
446 3061 614 3132 gloria
641 3074 978 3131 permanere.
1009 3057 1076 3111 Et
1107 3074 1282 3111 ontnes
1323 3066 1376 3110 ut
1419 3056 1773 3111 vestimentum
1803 3072 1882 3110 ve-

316 3159 592 3207 terascent.
621 3150 799 3223 Ipsum
839 3150 981 3206 enim
1021 3149 1327 3213 vetcrascit,
1365 3146 1507 3218 quod
1548 3162 1698 3201 more
1724 3147 1890 3201 vestis

317 3248 491 3296 morte
532 3241 881 3303 consumitur,
914 3239 1052 3294 sicut
1091 3252 1218 3295 caro
1265 3237 1514 3298 humana,
1550 3252 1668 3307 quae
1712 3242 1889 3290 tamen

318 3335 371 3388 in
395 3332 585 3388 melius
607 3331 1001 3388 resurrectione
1024 3327 1675 3383 immutabitur.Addidit:
1703 3327 1885 3398 (Vens.

322 3425 407 3496 li’)
451 3424 521 3478 Et
561 3422 694 3478 velut
722 3423 967 3478 amictum
1008 3420 1230 3477 mutabis
1273 3437 1390 3487 eos,
1437 3430 1485 3475 ct
1531 3420 1886 3474 mutabuntur.

320 3516 415 3571 llis
443 3514 620 3571 verbis
650 3513 872 3571 forsitan
900 3512 1021 3570 caeli
1052 3513 1477 3568 immutationem
1501 3511 1770 3582 Propheta
1811 3512 1890 3565 in-

317 3605 482 3676 telligi
511 3605 695 3670 voluit,
726 3605 818 3675 qui
857 3604 1103 3660 similiter
1143 3612 1203 3658 ut
1237 3614 1431 3659 cmtera
1458 3604 1720 3659 elementa
1744 3618 1891 3658 com-

321 3705 611 3764 mutantur,
637 3697 776 3753 sicut
803 3697 856 3752 in
882 3696 985 3751 alio
1012 3695 1207 3768 legitur
1232 3697 1491 3768 propheta
1516 3714 1529 3749 :
1561 3694 1631 3749 Et
1669 3694 1766 3748 erit
1794 3711 1893 3747 οω-

317 3785 429 3839 lum
464 3803 649 3841 novum
684 3795 735 3841 et
775 3794 917 3840 terra
961 3802 1090 3840 nova
1135 3784 1316 3858 (Isaia:
1362 3801 1484 3849 LXV,
1516 3785 1625 3855 l7).
1661 3781 1731 3839 Ut
1754 3781 1892 3836 facta

323 3875 530 3931 Domini
576 3877 920 3941 ostenderet,
971 3875 1080 3945 jam
1123 3876 1222 3931 sub
1266 3875 1565 3930 :eternitate
1612 3887 1890 3934 mansura,

319 3968 495 4023 dicit:
540 3966 786 4032 Mutabis,
831 3983 919 4020 eos
959 3976 1007 4019 et
1052 3964 1423 4018 mutabuntur:
1466 3964 1590 4032 quia
1621 3977 1891 4031 nunquam

319 4071 480 4117 ertmt
514 4060 585 4117 ad
631 4061 733 4115 hoc
771 4058 1115 4129 corruptibile
1146 4055 1402 4111 reditura.
1451 4055 1527 4108 Tu
1559 4063 1730 4109 autem
1756 4053 1891 4108 idem

320 4156 429 4225 ipse
460 4170 536 4217 es,
564 4162 613 4206 et
643 4151 767 4206 anni
796 4151 873 4204 tui
906 4167 1007 4204 non
1036 4148 1293 4218 deﬁcient.
1335 4148 1391 4203 In
1431 4148 1724 4202 mutatione
1754 4146 1895 4215 ejus-

321 4246 443 4299 dem
470 4251 673 4299 natum:
696 4243 958 4313 designat,
986 4257 1104 4312 qua:
1136 4247 1287 4305 sunt;
1320 4241 1432 4311 ipse
1474 4254 1603 4293 vero
1638 4239 1776 4291 idem
1813 4245 1897 4292 est

321 4335 466 4406 quod
510 4341 613 4401 est,
658 4334 821 4388 veluti
870 4332 1033 4404 Moysi
1078 4330 1277 4387 fanmlo
1308 4346 1404 4385 suo
1433 4329 1601 4384 dixit:
1638 4328 1750 4398 Ego
1778 4344 1895 4381 sum

318 4424 412 4495 qui
439 4440 575 4479 sum.
605 4420 695 4477 Sic
723 4422 841 4477 istis
869 4421 1038 4476 tribus
1078 4419 1324 4475 versibus
1362 4416 1708 4474 commutatio
1745 4432 1894 4470 crea-

324 4523 568 4570 turarum
611 4520 668 4567 et
698 4511 978 4585 ‘zeternitas
1007 4509 1213 4565 Domini
1246 4507 1476 4563 mirabili
1506 4505 1770 4563 brevitate
1804 4504 1897 4559 de-

322 4607 519 4677 scripta
545 4613 687 4661 sunt.
726 4603 851 4658 Post
888 4601 1219 4673 maiestatem
1259 4601 1453 4657 divina:
1497 4596 1809 4653 :eternitatis
1843 4597 1895 4649 in

326 4700 460 4755 Filio
484 4699 681 4755 iterum
707 4697 894 4752 beatus
927 4694 1125 4750 Paulus
1165 4693 1228 4747 ad
1269 4691 1620 4747 humanitatis
1658 4689 1896 4760 ejusdem

324 4788 763 4861 gloriﬁcationem
789 4799 1090 4841 sermonem
1122 4782 1317 4838 direxit
1354 4781 1565 4836 dicens:
1599 4778 1784 4852 (Vens.
1810 4776 1897 4848 15)

325 4878 408 4932 Ad
433 4894 582 4949 quem
604 4877 740 4931 enim
766 4873 1063 4945 angelorum
1082 4871 1214 4925 dixit
1243 4870 1560 4940 aliquando:
1583 4866 1716 4923 Sede
1731 4884 1761 4919 a
1782 4866 1901 4919 dex-

327 4965 420 5019 tris
455 4964 620 5019 meis?
656 4963 855 5021 Victori
900 4961 1031 5017 Filio
1056 4977 1151 5033 per
1171 4968 1409 5016 sanctam
1450 4958 1897 5020 incarnationem,

329 5054 492 5109 totius
539 5055 720 5109 mundi
768 5050 1141 5124 triumphatori
1175 5058 1295 5123 post
1338 5046 1747 5107 resurrectionis
1788 5045 1900 5116 glo-

332 5147 485 5211 riam,
528 5144 857 5201 honorabilis
885 5157 1168 5199 consessus
1212 5148 1448 5212 paterna:
1486 5132 1901 5207 majestatisol-

330 5234 523 5300 fertur,
548 5242 611 5289 ut
636 5249 734 5305 per
770 5233 912 5288 hunc
935 5234 1094 5288 situm
1120 5237 1378 5302 susceptas
1411 5216 1899 5295 humanitatis-glo-

330 5325 409 5378 ria
436 5324 760 5388 declaretur,
784 5339 902 5393 qua:
922 5322 1118 5375 nemini
1141 5321 1451 5395 angelorum
1474 5315 1670 5373 inferre
1693 5315 1896 5371 debuit.

327 5411 687 5484 Quoadttsqtte
722 5428 913 5481 ponam
957 5410 1190 5464 inimicos
1233 5420 1348 5464 tuos
1390 5405 1670 5473 scabeilam
1711 5406 1902 5478 pedum

327 5517 561 5563 tuorum.
596 5498 743 5575 [Per]
779 5500 940 5570 pedes
978 5499 1118 5553 cnim
1156 5497 1367 5553 Domini
1400 5497 1666 5563 stabilitas
1702 5488 1902 5552 interna

330 5595 690 5670 sigttiﬂCatur,
720 5591 809 5647 ubi
839 5590 926 5647 ille
957 5599 1211 5661 tanquam
1239 5591 1473 5662 vestigiis
1507 5589 1905 5663 omnipotentiae

328 5708 443 5751 sua:
476 5692 678 5747 virtute
704 5685 967 5742 consistit.
997 5682 1092 5738 llis
1134 5683 1356 5755 pedibus
1394 5694 1602 5740 constat
1636 5699 1754 5741 esse
1781 5682 1907 5738 sub-

978 5796 1019 5806 δυ

1974 711 2102 769 Sine
2123 712 2285 768 dubio
2304 712 2371 767 de
2398 711 2501 767 illis
2540 709 2772 765 inimicis
2811 707 3024 771 dicitur,
3068 705 3160 776 qui
3187 704 3434 762 conversi
3475 705 3545 760 a'd

1972 802 2250 859 dexteram
2273 803 2619 860 collocantur.
2650 800 2764 857 Non
2790 800 2879 856 hic
2903 799 3232 869 adverbium,
3254 815 3545 871 quousque,

1973 891 2199 960 alicujus
2224 893 2480 964 temporis
2505 892 2663 947 linem
2691 890 2952 960 designat,
2982 888 3075 946 scd
3111 889 3429 945 aeternitatis
3452 904 3548 960 po-

1976 985 2199 1038 tentiam
2238 984 2589 1039 demonstrat.
2621 983 2806 1055 (Vens.
2848 977 2958 1053 M.)
2987 978 3174 1035 Nonne
3213 995 3388 1034 omnes
3426 988 3547 1034 sunt

1975 1072 2411 1127 administratorii
2432 1071 2666 1144 spiritus,
2689 1070 2741 1124 in
2760 1071 3043 1125 ministerio
3062 1072 3208 1127 missi
3229 1081 3440 1144 prapter
3460 1088 3548 1128 eos

1974 1163 2066 1234 qui
2085 1162 2438 1218 hwreditatem
2458 1163 2670 1233 capiunt
2683 1158 2911 1216 salutis?
2930 1178 2948 1212 ι
2968 1158 3325 1227 Quidmiraris
3343 1160 3390 1216 si
3412 1161 3549 1217 Filio

1976 1266 2074 1309 suo
2093 1251 2450 1307 ministerium
2474 1252 2727 1307 exhibent
2755 1250 2951 1321 angeli,
2988 1265 3110 1305 cum
3149 1250 3313 1306 etiam
3353 1259 3551 1307 nostra:

1977 1341 2166 1397 salutis
2188 1341 2462 1397 ministros
2482 1356 2575 1396 eos
2600 1349 2808 1396 constet
2830 1339 3049 1397 ell‘ectos
3063 1341 3114 1395 is
3135 1341 3338 1401 Montes
3363 1356 3551 1396 eorum

1978 1431 2046 1485 ad
2073 1446 2208 1500 quos
2243 1430 2479 1501 loquitur
2504 1430 2784 1486 sublevare
2829 1430 3035 1495 volens,
3068 1430 3199 1486 dicit
3240 1431 3551 1501 angelorum

1978 1519 2279 1577 functiones
2302 1522 2546 1578 humana:
2583 1521 2770 1577 salutis
2796 1536 2960 1578 causa
3003 1537 3035 1577 a
3073 1522 3298 1578 Domino
3320 1523 3553 1579 directas

1978 1627 2137 1668 esse:
2178 1611 2345 1669 Filius
2390 1627 2518 1669 vero
2568 1612 2707 1668 sicut
2748 1611 3006 1667 Dominus
3043 1611 3245 1677 salvat;
3286 1612 3376 1668 isti
3421 1628 3553 1669 vero

1982 1705 2122 1761 sicut
2139 1705 2279 1761 servi
2301 1704 2458 1760 saluti
2478 1703 2978 1776 prtedestinatorum
3004 1703 3328 1759 deserviunt.
3348 1721 3367 1755 ι
3391 1700 3555 1773 Cujus

1984 1798 2061 1852 rei
2090 1796 2232 1867 pleni
2260 1804 2386 1852 sunt
2420 1796 2631 1853 Veteris
2655 1794 2983 1851 Testamenti
3023 1803 3077 1848 et
3101 1792 3236 1849 Novi
3260 1793 3459 1867 ubique
3491 1794 3557 1848 li-

1983 1887 2084 1941 bri.
2127 1886 2257 1940 Nam
2299 1896 2354 1941 et
2389 1884 2697 1957 pastoribus
2739 1885 2912 1959 angeli
2942 1883 3473 1955 evangelizaverunt;
3500 1894 3558 1940 et

1982 1977 2227 2048 angelum
2257 1978 2482 2048 legimus
2523 1976 2589 2032 ad
2617 1977 2881 2049 virginem
2925 1976 3146 2032 Mariam
3191 1976 3454 2042 missum;
3500 1987 3556 2031 et

1984 2066 2037 2120 in
2063 2068 2457 2123 resurrectione
2486 2066 2698 2122 Domini
2737 2065 2912 2136 angeli
2959 2064 3272 2120 mulieribus
3298 2080 3557 2137 apparue-

1984 2165 2139 2223 runt;
2172 2165 2228 2212 ct
2268 2156 2372 2212 alia
2416 2156 2582 2212 multa
2627 2156 2679 2210 in
2728 2156 2923 2212 divinis
2967 2155 3261 2224 Scripturis
3286 2154 3553 2225 leguntur.

1983 2249 2264 2323 lntelligite
2294 2250 2460 2320 igitur
2486 2263 2628 2304 nunc
2672 2256 2905 2318 quantus
2944 2247 3115 2303 honor
3161 2245 3317 2301 nobis
3349 2245 3557 2311 existit,

1984 2346 2044 2391 ut
2069 2340 2207 2397 sicut
2229 2338 2299 2395 ad
2322 2339 2525 2394 amicos
2555 2339 2627 2393 ita
2668 2337 2946 2394 ministros
2989 2335 3207 2407 angelos
3241 2350 3367 2392 suos
3395 2335 3561 2415 destr-

1985 2439 2077 2485 net
2105 2431 2263 2486 Deus.
2300 2449 2319 2482 ι
2366 2428 2461 2484 llis
2486 2429 2560 2481 ita
2602 2428 2924 2484 introductis
2964 2428 3030 2483 de
3062 2426 3377 2497 angelorum
3405 2425 3561 2480 mini—

1984 2519 2174 2585 sterio,
2218 2534 2315 2590 per
2340 2533 2478 2589 quos
2523 2518 2684 2572 etiam
2726 2526 2782 2572 et
2822 2517 2935 2587 ipsa
2982 2516 3066 2571 lex
3112 2515 3414 2570 ministrata
3456 2524 3559 2578 est,

1986 2624 2111 2665 mox
2141 2605 2416 2676 subjunxit
2451 2606 2519 2661 de
2558 2604 2879 2661 excellentia
2927 2604 3129 2676 gratiae,
3164 2618 3284 2673 quae.
3323 2619 3422 2675 per
3464 2603 3558 2658 Dei

1986 2698 2182 2754 Filium
2217 2698 2374 2753 trabis
2402 2696 2559 2752 allata
2587 2702 2694 2762 est,
2721 2695 2904 2750 dicens
2928 2712 2940 2747 :

2131 2794 2141 2801 ’
2604 2807 2832 2865 CAPUT
2868 2806 2931 2863 ιι.

2061 2884 2215 2939 Vcrs.
2260 2883 2306 2936 l.
2355 2912 2428 2924 —
2472 2876 2747 2950 Propterea
2774 2878 3126 2934 abundantius
3155 2885 3357 2949 Oportet
3388 2877 3563 2933 obser-

1991 2992 2111 3030 rare
2150 2992 2244 3030 nos
2283 2991 2345 3029 ea
2383 2988 2500 3046 qua:
2528 2970 2843 3033 audivimus,
2887 2985 2952 3024 ne
2988 2971 3123 3039 forte
3163 2969 3559 3040 perefﬂuamus.

1999 3083 2017 3116 ι
2066 3065 2243 3131 Quare
2287 3061 2639 3117 abundantius
2673 3057 2856 3114 dixit?
2884 3058 2997 3114 lloc
3021 3067 3129 3123 cst,
3156 3073 3318 3129 quam
3348 3057 3404 3112 in
3447 3057 3565 3125 lege

1992 3155 2317 3211 solebamus.
2356 3172 2375 3206 ι
2408 3151 2665 3207 llortatur
2694 3150 2874 3219 itaque
2898 3162 2993 3204 eos
3021 3147 3329 3220 diligentius
3357 3148 3443 3203 bis
3478 3147 3563 3202 in-

1994 3245 2213 3301 tendere
2262 3259 2382 3314 quae
2407 3258 2505 3313 per
2542 3241 2637 3297 Dei
2683 3239 2880 3294 Filium
2926 3238 3232 3304 audierunt,
3279 3253 3439 3308 quam
3485 3237 3566 3293 eis

1991 3354 2113 3408 qua:
2159 3353 2257 3409 per
2309 3334 2529 3408 angelos
2575 3334 2716 3390 dicta
2745 3340 2889 3399 sunt,
2930 3347 3086 3388 more
3128 3346 3226 3387 suo
3261 3347 3411 3388 suam
3462 3331 3567 3387 illis

1991 3428 2320 3499 conjungens
2355 3439 2642 3497 personam
2677 3425 2730 3480 in
2769 3436 2838 3484 eo
2888 3422 3035 3495 quod
3075 3421 3213 3477 dixit
3250 3421 3563 3485 audivimus,

1993 3529 2176 3589 atque,
2205 3520 2587 3591 pereﬂluamus,
2614 3516 2803 3575 nolens
2828 3517 2899 3572 ab
2922 3516 3123 3572 auditis
3145 3530 3242 3585 per
3266 3515 3445 3570 inania
3482 3514 3564 3570 ef—
3665 3526 3669 3531 ‘

1992 3610 2159 3665 ﬂuere
2200 3608 2528 3664 audientium
2567 3619 2796 3668 sensus;
2830 3603 2974 3672 quod
3003 3605 3170 3658 etiam
3217 3604 3567 3672 sequentibus

1994 3701 2175 3758 verbis
2199 3700 2409 3769 plenius
2426 3694 2715 3764 explicavit
2733 3692 2998 3749 dicendo:
3029 3692 3214 3764 (Vens.
3238 3692 3317 3768 2.)
3345 3693 3405 3751 Si
3426 3695 3565 3749 enim

1994 3792 2082 3863 qui
2128 3805 2221 3859 per
2268 3786 2477 3857 angelos
2504 3786 2673 3839 dictus
2710 3793 2807 3849 est,
2836 3800 3005 3839 sermo
3033 3784 3204 3853 factus
3242 3795 3319 3840 est
3357 3786 3564 3856 ﬁrmus,

1992 3887 2042 3931 et
2062 3875 2229 3930 omnis
2272 3872 2631 3944 pra'oaricatio
2671 3881 2718 3926 et
2745 3870 3091 3926 inobedicntia
3130 3875 3326 3944 accepit
3362 3874 3567 3944 justam

1996 3965 2245 4021 mercedis
2272 3963 2677 4018 retributionem.
2707 3979 2726 4014 ι
2756 3961 2896 4027 Quid
2919 3973 3021 4027 est,
3049 3962 3223 4032 [actus
3244 3975 3317 4019 est
3340 3965 3527 4035 ﬁrmus
3545 3968 3571 4019 .’

1998 4053 2260 4110 Videlicet
2287 4067 2485 4108 verus:
2521 4059 2774 4122 tanquam
2815 4051 3052 4107 diceret:
3090 4050 3260 4107 ﬁdelis
3288 4052 3342 4107 in
3377 4068 3569 4124 oppor-

1999 4154 2129 4200 tunc
2146 4152 2406 4214 tempore.
2436 4161 2455 4195 ι
2482 4141 2916 4214 Volensintelligi
2946 4140 3118 4213 legem
3138 4157 3259 4212 qua:
3289 4158 3389 4214 per
3407 4158 3570 4215 ange-

1998 4234 2078 4288 los
2091 4233 2215 4289 data
2229 4240 2311 4287 est
2325 4228 2479 4303 [Ms.,
2496 4230 2676 4286 datam
2698 4228 2862 4303 esse],
2887 4245 3009 4286 esse
3020 4246 3117 4286 suo
3136 4240 3376 4301 tempore
3397 4230 3568 4285 ﬁrmi-

2001 4331 2084 4378 ter
2096 4320 2519 4378 custodiendam.
2543 4319 2677 4374 Nam
2690 4320 2859 4391 legem
2878 4336 2976 4391 per
2993 4320 3211 4392 angelos
3232 4319 3414 4376 datam
3427 4337 3568 4385 esse,

1998 4414 2245 4485 plurimis
2267 4413 2568 4469 ostenditur
2596 4412 2648 4466 in
2676 4411 2826 4466 locis.
2858 4412 3111 4465 Attamen
3139 4428 3244 4466 non
3263 4413 3569 4467 custodien-

2000 4516 2129 4571 tem,
2172 4505 2375 4577 justam
2420 4502 2685 4559 mercedis
2714 4502 3124 4558 retributionem
3163 4504 3437 4574 accepisse
3492 4513 3569 4561 te-

1998 4604 2192 4651 statur.
2229 4612 2247 4644 (
2277 4592 2455 4659 Quare
2490 4592 2643 4652 dixit,
2674 4590 2925 4645 mercedis
2958 4593 3348 4648 retributionem
3373 4594 3399 4648 ?
3429 4594 3568 4649 Mcr-

1998 4699 2089 4740 ces
2121 4684 2262 4737 enim
2286 4683 2340 4737 in
2378 4682 2518 4736 bono
2545 4681 2671 4750 poni
2712 4680 2885 4747 solet;
2914 4682 3012 4738 sed
3050 4682 3151 4738 iste
3180 4698 3299 4741 mos
3326 4695 3412 4740 est
3431 4684 3573 4756 Apo-

1999 4774 2155 4838 stolo,
2202 4781 2396 4829 utnon
2427 4787 2676 4843 magnam
2709 4773 2998 4828 verborum
3045 4772 3243 4829 habeat
3285 4776 3570 4838 rationem.

1999 4868 2092 4922 sed
2129 4863 2494 4921 indili'ereuter
2520 4862 2602 4917 vel
2621 4877 2741 4933 qua:
2779 4862 2832 4916 in
2865 4863 3004 4919 bono
3031 4862 3299 4931 dicuntur,
3339 4864 3422 4923 vel
3456 4880 3576 4939 quae

2003 4958 2055 5012 in
2106 4956 2244 5012 malo
2280 4970 2380 5028 pro
2428 4953 2687 5009 alterutro
2715 4955 3115 5025 ponere;sicut
3156 4953 3281 5011 alibi
3311 4955 3482 5011 dixit:
3509 4954 3575 5010 la

2000 5047 2349 5117 captivitatem
2400 5043 2714 5114 redigentem
2749 5058 2951 5097 omnem
2982 5058 3190 5097 sensum
3214 5042 3283 5103 ad
3328 5042 3571 5098 obedien-

2001 5135 2127 5188 dum
2172 5130 2380 5189 Christo
2413 5130 2497 5205 (II
2532 5128 2654 5185 Cor.
2685 5146 2739 5196 ι,
2763 5129 2838 5203 5).
2878 5131 2944 5186 Et
2975 5131 3067 5195 hic
3113 5131 3376 5187 mercedis
3412 5130 3576 5187 retri-

2004 5225 2275 5280 butionem
2305 5238 2403 5295 pro
2432 5221 2695 5293 supplicio
2724 5220 2921 5295 posuit.
2960 5241 2978 5281 s
3016 5220 3203 5293 (Vens.
3234 5219 3314 5295 5.)
3347 5220 3416 5277 Et
3439 5238 3573 5296 quo-
3622 5250 3625 5251 ν

2004 5314 2156 5368 modo
2202 5329 2294 5369 nos
2326 5312 2651 5382 effugiemus,
2692 5312 2736 5364 si
2774 5320 2971 5364 tantam
3015 5309 3388 5381 n’cglexerimus
3426 5310 3577 5368 salu»

2002 5419 2107 5463 tem
2125 5408 2151 5462 .9
2185 5407 2335 5463 (Per
2358 5391 2477 5461 hate
2500 5405 2664 5459 verba
2692 5402 2976 5473 signiﬁcat,
3006 5404 3129 5476 quia
3156 5418 3261 5459 non
3291 5411 3408 5459 erat
3430 5410 3577 5467 tanta

2006 5501 2151 5557 salus
2199 5500 2252 5556 in
2289 5497 2467 5557 Veteri
2506 5494 2872 5562 Testamento,
2894 5515 2912 5548 ι
2947 5503 3148 5567 quanta
3189 5504 3272 5553 est
3318 5496 3371 5555 in
3404 5494 3592 5569 gratia:

2008 5589 2121 5654 Dei,
2154 5603 2314 5659 quam
2344 5586 2438 5641 Dei
2468 5584 2635 5640 l-‘ilius
2656 5584 2812 5641 nobis
2838 5586 3037 5642 attulit.
3091 5585 3207 5642 Non
3250 5586 3394 5643 enim
3424 5584 3580 5644 nobis

2008 5700 2172 5746 nunc,
2226 5682 2365 5737 sicut
2402 5679 2531 5747 illis,
2575 5686 2740 5732 terra
2777 5679 3012 5746 divitias.
3061 5680 3155 5736 sed
3184 5679 3304 5735 cmli
3351 5679 3579 5751 gratim
