3992 6184
368 316 496 373 10“

1056 322 1459 378 EXEGETICA.
1501 354 1572 365 -—
1609 322 1855 380 EXPOS.
1900 321 1965 375 IN
2007 319 2222 376 EPIST.
2267 320 2323 375 S.
2360 318 2561 375 PAULI
2596 321 2684 376 AD
2725 323 2926 378 IIEBD.

3472 329 3609 383 10H

361 431 506 484 enim
543 432 837 487 debebatur
877 436 1048 497 nobis,
1090 444 1153 488 ut
1185 435 1222 488 Ρ
1229 436 1352 490 ilius
1396 453 1494 506 pro
1535 437 1688 492 nobis
1735 446 1919 507 gusta-
1951 439 1998 495 Λ
2027 449 2161 497 xvn,
2206 433 2317 499 ει).
2368 432 2512 501 Quos
2553 438 2735 500 etiam,
2785 447 2843 492 ut
2887 440 3266 496 confidentiam
3320 443 3605 505 haberent,

363 527 447 572 ret
473 528 719 583 mortem,
765 522 857 576 sed
892 524 1065 592 gratia
1101 525 1202 579 hoc
1232 525 1374 580 fecit.
1418 526 1535 595 Ipse
1575 526 1787 595 quidem
1827 541 1925 595 pro

361 606 611 661 erunibus
648 618 885 664 mortuus
911 619 1032 676 est;
1066 613 1192 681 qmd
1236 624 1435 676 autem,
1484 615 1526 668 si
1582 630 1687 669 non
1739 629 1926 669 omnes

360 697 736 753 eredunt?llle
764 708 941 755 tamen
976 703 1121 770 quod
1144 719 1299 758 suum
1335 713 1453 759 erat
1490 706 1746 774 implevit.
1795 706 1928 760 Pro-

358 787 495 855 prie,
549 790 773 858 gustavit
819 802 1054 854 mortem,
1109 791 1268 858 dixit,
1327 795 1451 862 quia
1496 796 1647 850 brevi
1688 804 1928 864 tempore

361 878 415 931 in
461 874 549 930 illa
582 874 703 941 fuit,
743 887 804 931 ut
838 895 899 933 ea
942 880 1149 936 devicta
1203 883 1487 938 confestim
1534 892 1860 954 resurgeret.
1903 904 1920 936 ι

429 970 595 1026 Vsus.
627 971 707 1025 10.
737 1003 807 1012 —-
835 973 1059 1028 Decebat
1097 977 1235 1029 enim
1255 994 1393 1041 eum,
1417 988 1624 1047 propter
1639 994 1787 1049 quem
1818 995 1928 1031 om-

359 1064 464 1124 nia,
496 1074 543 1116 et
569 1080 662 1133 per
686 1080 836 1134 quem
879 1066 1075 1129 omnia,
1120 1065 1209 1136 qui
1236 1066 1424 1120 multos
1454 1067 1592 1135 ﬁlios
1623 1068 1675 1122 in
1705 1066 1926 1136 gloriam

356 1153 673 1216 adduxerat,
724 1164 987 1209 auctorem
1040 1155 1224 1211 salutis
1269 1174 1447 1210 eorum
1494 1174 1585 1227 per
1633 1159 1926 1228 passionem

356 1260 735 1297 consummare.
785 1245 1016 1300 chebat
1059 1248 1201 1302 enim
1224 1264 1319 1317 per
1347 1249 1650 1317 passionem
1678 1265 1926 1304 consum—

356 1349 524 1398 mare,
556 1334 609 1389 id
654 1343 756 1399 est,
784 1335 1043 1404 perlicere
1086 1339 1322 1392 omnium
1360 1339 1607 1394 salutem.
1642 1338 1748 1393 Per
1773 1357 1925 1410 quem

353 1424 554 1489 omnia,
583 1424 637 1479 id
665 1435 767 1490 est,
794 1441 892 1495 per
918 1426 1034 1498 ejus
1063 1437 1311 1493 mortem,
1357 1429 1469 1484 sive
1506 1445 1626 1499 qua:
1653 1430 1705 1483 in
1752 1429 1923 1493 cmlis,

353 1513 465 1569 sive
501 1531 620 1584 qua:
648 1516 700 1569 in
736 1517 895 1571 terris
935 1525 1235 1572 restaurata
1270 1527 1412 1581 sunt,
1436 1535 1534 1589 per
1557 1534 1716 1587 quem
1761 1520 1922 1573 etiam

352 1612 404 1657 et
436 1604 614 1660 omnia
644 1614 827 1660 creata
855 1615 997 1661 sunt.
1034 1626 1052 1659 ι
1084 1607 1246 1663 Vides
1270 1618 1528 1677 quantum
1555 1615 1639 1663 est
1664 1608 1717 1662 in
1748 1607 1924 1663 medio

343 1696 635 1749 nostrum?
667 1696 732 1750 Et
754 1697 865 1766 ipse
895 1697 1079 1762 Filius,
1101 1707 1155 1753 et
1183 1715 1278 1753 nos
1306 1699 1398 1752 lilii
1425 1716 1439 1763 ;
1477 1719 1495 1752 ι
1529 1699 1615 1753 ille
1650 1698 1916 1768 proprius.

2026 524 2412 578 exhortabatur
2487 525 2750 581 dicendo:
2800 527 3076 597 Conﬁdite,
3134 548 3224 602 ego
3297 534 3390 587 εἰει
3456 552 3607 588 mun-

2026 615 2152 668 dum
2205 614 2388 686 (Joau.
2448 632 2559 683 xvr,
2621 618 2732 690 55).
2796 618 2864 671 Et
2928 637 3175 675 rursum:
3223 620 3358 676 Ecce
3412 641 3505 695 ego
3558 636 3606 678 et

2026 705 2196 773 pueri,
2227 721 2354 774 quos
2379 704 2520 760 dedit
2539 708 2667 761 mihi
2696 708 2838 763 Deus
2863 709 3045 780 (Isaiae
3084 727 3200 777 vm,
3228 706 3337 785 18).
3368 713 3481 770 Hoc
3529 726 3606 770 te-

2026 795 2340 851 stimonium
2365 796 2431 852 de
2451 798 2585 854 Isaia
2612 801 2837 868 protulit
2870 801 3175 870 Apostolus,
3225 805 3292 859 ad
3327 804 3600 860 Christum

2026 891 2083 938 et
2121 886 2189 938 ad
2230 887 2502 953 apostolos
2539 888 2797 953 referens,
2823 907 2957 959 quos
2988 902 3210 962 propter
3239 895 3600 950 innocentiam

2025 989 2223 1043 pueros
2279 976 2595 1031 nominavit.
2649 979 2723 1033 De
2779 981 2974 1049 quibus
3021 984 3132 1051 ipse
3182 984 3437 1040 Dominus
3484 987 3597 1040 ait:

2028 1062 2197 1119 Sinite
2223 1064 2466 1135 parvulos
2490 1084 2661 1121 uentre
2682 1069 2751 1122 ad
2777 1086 2880 1135 me,
2907 1072 3091 1126 talium
3124 1083 3199 1127 est
3226 1076 3362 1129 enim
3391 1093 3599 1147 regnum

2024 1152 2269 1206 caelorum
2293 1154 2486 1226 (Marc.
2512 1172 2569 1221 ι,
2604 1156 2709 1229 14).
2742 1158 2926 1229 (Vens.
2963 1160 3071 1232 Η.)
3111 1162 3248 1228 Quia
3292 1181 3412 1232 erqo
3450 1167 3601 1235 pueri

2025 1245 2538 1299 communicaverunt
2583 1250 2730 1301 carni
2766 1258 2815 1302 et
2861 1252 3125 1321 sanguini,
3152 1263 3201 1308 et
3226 1253 3334 1323 ipse
3362 1255 3603 1309 similiter

2022 1334 2356 1404 participavit
2417 1337 2631 1391 eisdem.
2692 1338 2792 1395 Hic
2844 1344 3038 1397 astruit
3079 1343 3471 1402 fraternitatem
3513 1364 3603 1402 ιε-

2027 1437 2145 1477 ram
2178 1431 2234 1478 et
2253 1425 2643 1481 humanitatem
2671 1427 2894 1496 Christi,
2918 1447 3024 1487 non
3049 1432 3247 1489 tictam.
3274 1434 3426 1490 Sicut
3447 1438 3597 1505 pueri

2025 1528 2191 1568 carne
2208 1516 2540 1587 etsanguine
2563 1527 2837 1586 constant,
2859 1531 2914 1577 et
2940 1522 3027 1578 ille
3066 1525 3409 1595 participavit
3443 1543 3474 1582 e
3496 1530 3593 1582 arui

2020 1616 2077 1660 et
2091 1608 2357 1677 sanguini,
2378 1610 2668 1667 utbabcret
2690 1614 2829 1671 unde
2845 1626 3079 1685 gustaret
3098 1629 3327 1673 mortem
3348 1634 3445 1689 pro
3471 1636 3599 1690 pne--

2024 1710 2208 1749 rerum
2252 1696 2444 1764 salute,
2480 1701 2632 1771 cujus
2660 1703 3079 1774 dispensationis
3122 1706 3322 1764 affatim
3374 1726 3593 1767 causam

350 1798 450 1839 nos
476 1785 731 1853 adoptati.
820 1785 924 1840 Sed
955 1786 1043 1841 ille
1068 1761 1268 1852 salvat,
1305 1797 1359 1842 et
1389 1761 1487 1843 nos
1509 1761 1796 1842 salvantur.
1830 1788 1920 1841 γε-
1956 1761 1996 1818 8
2023 1785 2371 1857 subjungens,
2425 1800 2480 1843 ut
2508 1809 2601 1862 per
2625 1804 2859 1859 mortem,
2909 1796 3103 1866 inquit,
3148 1798 3435 1855 destrueret
3478 1820 3594 1857 eum

349 1876 446 1931 des
492 1892 688 1946 quomo
711 1879 758 1933 lo
786 1895 880 1934 nos
914 1888 969 1933 et
994 1881 1268 1951 conjungit
1290 1891 1341 1936 et
1392 1880 1692 1935 discernit?
1723 1878 1918 1935 Mallos

346 1963 506 2029 ﬁ'ios,
556 1965 744 2032 inquit,
790 1967 1036 2022 inducens
1084 1968 1137 2023 in
1181 1969 1445 2039 gloriam;
1475 1970 1562 2025 hic
1602 1972 1915 2041 conjunxit;

346 2063 632 2120 auctorem,
657 2056 847 2125 inqu't,
873 2058 1057 2112 salutis
1076 2077 1252 2115 eorum
1278 2077 1296 2114 :
1324 2060 1413 2116 hic
1438 2060 1711 2118 discrevit.
1730 2066 1914 2137 (Vsus.

350 2143 461 2213 Η.)
516 2144 618 2210 Qui
682 2148 817 2202 enim
882 2150 1197 2219 sanctiﬁcat,
1254 2160 1302 2206 et
1366 2153 1457 2223 qui
1494 2155 1913 2224 sanctiﬁcantur,

345 2249 411 2286 ex
452 2251 555 2289 uno
610 2254 805 2293 omnes.
870 2259 887 2290 ι
917 2240 1052 2296 Ecce
1090 2241 1284 2297 iterum
1319 2248 1589 2313 quomodo
1645 2251 1915 2321 conjungit

344 2323 616 2380 honoratis
643 2336 697 2381 et
728 2329 1030 2395 consolans,
1058 2341 1113 2386 et.
1137 2332 1335 2388 Christi
1367 2334 1567 2400 fratres
1609 2354 1702 2393 eos
1744 2341 1917 2395 nomi-

344 2429 500 2479 nans,
553 2416 784 2487 (Chrys.,
844 2437 938 2476 eos
986 2423 1250 2496 efficiens]
1298 2430 1592 2483 secundum
1657 2435 1797 2500 quod
1851 2450 1916 2487 ea:

344 2521 448 2559 uno
485 2522 660 2561 omnes
687 2508 834 2563 dicit.
873 2510 1073 2567 Deinde
1118 2515 1365 2570 muniens
1410 2531 1713 2574 sermonem
1759 2538 1913 2577 suum

342 2605 397 2648 et
443 2599 731 2652 ostendens
774 2601 1042 2668 quomodo
1088 2603 1153 2658 de
1181 2620 1244 2657 eo
1277 2603 1509 2677 [Chrys.,
1558 2611 1808 2679 quoniam
1848 2615 1914 2669 de

341 2684 454 2756 eo],
488 2686 579 2755 qui
609 2689 899 2743 secundum
927 2706 1141 2747 carnem
1178 2703 1276 2758 est,
1320 2695 1476 2763 dixit,
1507 2698 1732 2774 [intulit]
1763 2721 1774 2755 :
1809 2703 1912 2769 Qui

340 2776 478 2829 enim
510 2777 824 2848 sanctiﬁcat,
867 2782 967 2836 hoc
1016 2791 1119 2849 est,
1163 2783 1447 2855 Christus;
1492 2799 1546 2845 et
1581 2793 1669 2863 qui
1718 2796 1911 2848 sancti-

340 2865 579 2933 ﬁcantur,
630 2871 729 2926 hoc
766 2881 848 2927 est
890 2890 1005 2929 nos.
1063 2876 1291 2933 intueris
1335 2892 1589 2950 quantum
1648 2884 1911 2941 interest?

339 2954 432 3009 llle
479 2960 795 3025 sanctiﬁcat,
846 2964 1246 3023 sanctificatum-
1275 2972 1421 3026 enim
1442 2989 1559 3029 nos.
1594 2996 1611 3027 ι
1668 2976 1883 3033 Addidit

336 3062 402 3099 ex
429 3063 530 3100 uno
564 3065 740 3104 omnes
767 3068 785 3116 ;
818 3070 952 3109 tutus
978 3064 1061 3110 est
1090 3058 1236 3112 enim
1276 3061 1435 3127 Deus,
1486 3079 1516 3117 a
1546 3080 1652 3135 quo
1677 3068 1855 3122 omnia
1881 3086 1896 3134 ;

337 3136 429 3188 sed
463 3134 548 3191 ille
563 3137 738 3203 aliter,
770 3141 924 3196 aliter
938 3153 994 3198 et
1013 3161 1129 3201 nos.
1158 3146 1248 3203 llle
1264 3151 1414 3218 quasi
1440 3134 1687 3222 proprius
1711 3154 1894 3219 Filius,

336 3240 433 3280 nos
451 3241 579 3281 vero
598 3230 749 3298 quasi
772 3233 1025 3302 adoptivi.
1040 3236 1290 3294 Attamen
1315 3258 1476 3296 unum
1507 3245 1767 3302 habemus
1795 3247 1900 3302 Pa-

333 3324 471 3370 trem
513 3316 700 3373 Deum.
748 3321 838 3377 Ille
862 3327 1013 3394 quasi
1042 3329 1290 3398 proprius
1338 3331 1505 3389 Filius
1554 3338 1894 3404 sanctificat;

316 3398 432 3458 nos
455 3406 592 3461 sicut
627 3408 862 3481 adoptivi
886 3417 1303 3474 sanetilicamur.
1331 3421 1516 3494 (Vsus.
1550 3427 1654 3501 12.)
1679 3398 1901 3501 Propter

332 3513 487 3566 quam
525 3517 737 3555 causam
760 3521 862 3559 non
886 3506 1226 3577 confunditur
1261 3513 1450 3582 fratres
1475 3535 1561 3572 eos
1594 3537 1792 3588 vocare,
1819 3523 1901 3576 di-

333 3604 492 3642 cens:
524 3591 791 3649 Nuntiabo
836 3615 1019 3654 nomen
1042 3616 1186 3658 tuum
1218 3604 1470 3675 fratribus
1502 3612 1646 3664 meis.
1683 3631 1699 3660 ι
1739 3613 1793 3667 ln
1836 3630 1899 3670 eo

332 3682 476 3736 enim
514 3686 657 3753 quod
701 3689 871 3745 dixit:
915 3692 1040 3748 Non
1069 3698 1320 3754 erubescit
1357 3702 1549 3770 fratres
1584 3721 1670 3758 eos
1698 3722 1894 3770 vocare,

332 3774 663 3834 demonstrat
709 3798 813 3837 non
851 3785 927 3840 rei
955 3796 1160 3844 natura?
1185 3806 1304 3845 esse
1331 3792 1639 3850 fraternitas
1692 3805 1895 3860 nostra,

332 3866 423 3920 sed
464 3867 841 3927 misericordia:
868 3874 985 3944 ejus
1010 3885 1063 3929 et
1091 3878 1408 3933 humilitatis
1450 3884 1645 3941 ntideo.
1680 3886 1771 3952 qui
1801 3901 1898 3939 nos

332 3955 529 4011 fratres
555 3959 716 4030 elegit
747 3961 866 4015 sibi.
903 3981 921 4011 ι
960 3964 1025 4016 Et
1052 3964 1153 4017 hoc
1195 3969 1504 4035 prophetico
1547 3969 1776 4029 aliirmat
1823 3985 1899 4029 te-

331 4048 607 4112 stimonio,
638 4065 704 4104 ne
741 4052 893 4119 quasi
920 4068 1115 4108 novum
1160 4067 1460 4124 putaretur,
1490 4071 1545 4115 et
1580 4079 1685 4117 non
1732 4066 1900 4119 multo

332 4145 459 4191 ante
500 4139 854 4205 praedictum;
888 4142 963 4197 ait
1003 4145 1145 4199 enim
1170 4162 1184 4199 :
1214 4147 1482 4206 Nuntiabo
1519 4170 1706 4209 nomen
1750 4166 1899 4210 tuum

330 4227 584 4298 fratribus
612 4232 756 4286 meis.
798 4232 925 4289 Post
950 4252 1159 4292 sacram
1199 4242 1499 4309 passionem
1547 4255 1602 4301 et
1658 4263 1899 4305 resurre-

329 4319 564 4375 ctionem
614 4323 744 4425 dici’t
768 4325 993 4395 gloriam
1023 4329 1329 4390 Divinitatis
1359 4343 1470 4392 toto
1497 4339 1631 4395 orbe
1674 4341 1898 4412 vulgan-

2020 1878 2109 1947 qui
2156 1879 2374 1934 habebat
2424 1884 2605 1939 mortis
2654 1886 2951 1956 imperium,
3005 1888 3101 1943 hoc
3154 1901 3252 1956 est,
3304 1892 3590 1948 diabolum.

2027 1985 2044 2016 ι
2102 1967 2197 2022 Hie
2245 1969 2563 2027 admirabile
2614 1973 2870 2042 quiddam
2921 1976 3275 2044 demonstrat,
3326 1982 3450 2051 quia
3500 1999 3595 2052 per

2025 2059 2170 2128 quod
2217 2071 2535 2131 potestatem
2586 2065 2775 2120 habuit
2822 2067 3088 2133 diabolus,
3134 2087 3232 2141 per
3284 2072 3385 2127 hoc
3422 2075 3595 2130 victus

2017 2157 2138 2216 est;
2169 2166 2343 2218 arma,
2371 2168 2490 2222 qua:
2538 2152 2757 2209 fuerunt
2802 2155 2876 2210 illi
2924 2154 3082 2212 fortia
3114 2160 3396 2214 adversum
3442 2178 3593 2218 mun-

2018 2243 2170 2309 dum,
2229 2244 2332 2302 hoc
2361 2255 2444 2301 est
2495 2263 2661 2314 mors,
2693 2264 2789 2319 per
2815 2264 2877 2303 ea
2906 2251 3053 2305 illum
3082 2251 3325 2308 Christus
3376 2270 3595 2324 percus-

2016 2333 2106 2387 sit.
2146 2332 2244 2389 llic
2282 2335 2703 2406 magnitudinem
2744 2339 2959 2396 virtutis
2996 2342 3112 2411 ejus
3148 2344 3238 2413 qui
3267 2344 3416 2409 vicit,
3465 2345 3593 2400 insi-

2016 2434 2147 2479 nnat
2170 2428 2501 2483 ostendendo
2523 2439 2778 2499 quantum
2803 2433 3000 2487 bonum
3047 2445 3362 2505 operaretur
3413 2452 3576 2492 mors.

2015 2514 2200 2583 (Vsus.
2232 2515 2341 2586 15.)
2385 2514 2450 2570 Ut
2492 2517 2756 2583 liberaret,
2787 2521 2980 2591 inquit,
3004 2541 3090 2577 eos
3119 2527 3206 2594 qui
3234 2527 3417 2583 timore
3442 2544 3582 2581 mor-

2014 2604 2081 2656 tis
2136 2619 2230 2673 per
2254 2613 2416 2658 totam
2460 2605 2617 2659 vitam
2667 2607 2876 2662 obnoxii
2927 2622 3074 2665 erant
3107 2613 3359 2667 servituti.
3412 2613 3591 2681 Quare

2015 2696 2269 2761 tremitis,
2315 2713 2485 2767 quare
2514 2700 2714 2756 timetis
2762 2716 2879 2756 eam
2918 2718 3037 2772 qua:
3074 2702 3187 2771 jam
3234 2707 3587 2763 condemnata

2021 2787 2146 2841 est?
2191 2785 2309 2841 Jam
2363 2788 2621 2845 terribilis
2655 2806 2758 2845 non
2786 2801 2892 2857 est,
2929 2811 2948 2845 ι
2985 2795 3078 2849 sed
3119 2796 3392 2865 optabilis,
3432 2800 3585 2868 quasi

2011 2877 2254 2933 laborum
2285 2879 2405 2935 linis
2456 2888 2511 2935 et
2562 2882 2764 2951 requiei
2809 2882 3038 2937 initium.
3079 2883 3188 2939 Cur
3234 2887 3348 2940 ait:
3379 2886 3583 2943 Timore

2010 2967 2190 3022 mortis
2237 2986 2331 3039 per
2375 2979 2537 3024 totam
2590 2973 2747 3026 vitam
2815 2973 3023 3028 obnoxii
3100 2985 3248 3031 erant
3305 2980 3588 3032 servituti?

1924 3093 1975 3161 c
2010 3059 2166 3115 Servi
2204 3061 2421 3131 quidem
2463 3077 2653 3117 omnes
2688 3061 2899 3118 fuerant
2938 3066 3151 3130 mortis,
3191 3067 3313 3135 quia
3357 3079 3583 3124 mortem

2005 3151 2299 3216 timebant;
2343 3153 2567 3208 necdqu
2592 3160 2747 3207 erant
2770 3154 2927 3208 soluti
2959 3172 2987 3209 a
3017 3155 3210 3211 timore
3237 3158 3449 3223 mortis,
3482 3174 3600 3235 cu-V

1994 3239 2086 3309 jus
2114 3240 2319 3313 legibus
2340 3244 2681 3297 tenebantur.
2725 3242 2876 3299 Nunc
2903 3244 3084 3313 itaque
3104 3247 3274 3301 sancti
3304 3240 3466 3319 672
3490 3252 3583 3304 de-

2005 3331 2182 3385 rident
2231 3346 2373 3398 eam,
2401 3333 2490 3402 qui
2526 3349 2698 3404 agone
2746 3343 3019 3390 transacto
3055 3346 3109 3391 et
3157 3348 3329 3392 morte
3373 3340 3580 3396 devicta

2003 3419 2072 3474 ad
2113 3437 2337 3493 regnum
2388 3424 2667 3479 transituri
2707 3433 2853 3480 sunt.
2909 3425 3063 3481 Unde
3114 3437 3170 3483 et
3216 3428 3331 3499 ipse
3375 3429 3575 3484 Paulus

2001 3514 2070 3568 ait
2101 3512 2300 3585 :Cupio
2331 3515 2541 3570 dissolvi
2569 3526 2617 3570 et
2636 3533 2746 3572 esse
2767 3534 2886 3571 cum
2908 3516 3114 3572 Christo
3145 3518 3363 3589 (Philip.
3397 3520 3564 3588 [.25).

2074 3602 2234 3658 Vens.
2260 3603 2345 3657 16.
2368 3634 2439 3644 —
2485 3604 2757 3675 Nusquam
2800 3605 2936 3658 enim
2977 3607 3184 3676 angelos
3214 3609 3568 3678 apprehendit.

1999 3692 2089 3745 sed
2114 3708 2286 3746 semen
2316 3694 2537 3746 Abraha:
2562 3693 2917 3765 apprehendit.
2951 3692 3098 3751 Unde
3121 3698 3294 3753 debuit
3323 3715 3415 3771 per
3455 3718 3536 3755 om
3554 3732 3567 3740 -

2002 3779 2087 3831 nia
2158 3778 2410 3847 fratribus
2458 3780 2699 3836 similari.
2760 3783 2998 3841 llonorat
3042 3788 3131 3843 hic
3179 3790 3564 3859 patriarcham.

2000 3888 2199 3940 eosque
2245 3874 2335 3942 qui
2391 3876 2455 3929 de
2502 3874 2619 3944 ejus
2696 3886 2821 3932 sunt
2871 3896 3086 3950 genere,
3135 3885 3205 3938 ad
3255 3900 3393 3953 quos
3457 3887 3569 3942 hau:

2000 3961 2225 4030 epistola
2257 3963 2459 4033 scripta
2485 3973 2588 4019 est.
2623 3966 3025 4024 Commemorat
3045 3986 3174 4041 ergo
3205 3974 3271 4028 de
3296 3976 3573 4031 beneﬁciis

1999 4050 2120 4115 Dei,
2158 4059 2212 4106 et
2238 4053 2303 4107 de
2344 4055 2748 4125 propinquitate
2773 4058 2975 4113 carnali
3003 4060 3068 4114 ad
3090 4059 3384 4129 Christum,
3415 4075 3471 4120 et
3501 4068 3567 4121 de

1999 4143 2354 4214 promissione
2368 4162 2488 4216 qua:
2508 4148 2649 4204 dicta
2686 4157 2769 4205 est
2807 4149 3116 4206 Abraham:
3150 4153 3260 4208 Tibi
3296 4165 3345 4211 et
3387 4158 3571 4212 semini

1999 4242 2089 4286 tuo
2109 4232 2243 4287 dabo
2267 4243 2460 4290 terram
2485 4236 2619 4291 hanc
2646 4236 2798 4310 (Gen.
2828 4256 2956 4304 xvu,
2981 4242 3059 4311 8),
3079 4243 3202 4312 quia
3224 4260 3292 4300 ex
3313 4260 3419 4299 uno
3447 4261 3567 4300 om-

2001 4339 2116 4388 nes,
2159 4324 2213 4379 id
2246 4334 2349 4391 est,
2380 4325 2690 4395 Abraham;
2720 4328 2966 4386 Christus
3003 4334 3295 4388 secundum
3325 4350 3564 4400 carnem,

329 4414 472 4468 dam.
532 4410 801 4469 Nuntitibo
838 4417 1002 4484 enim,
1030 4420 1180 4487 dicit,
1215 4423 1269 4478 id
1307 4434 1407 4489 est,
1453 4443 1674 4485 narrare
1716 4410 1892 4498 facio;

2008 4427 2056 4472 et
2078 4416 2152 4471 illi
2200 4418 2268 4473 ad
2295 4433 2432 4486 quos
2458 4420 2575 4475 haec
2600 4420 2939 4489 loquebatur.
2975 4422 3126 4489 Quod
3151 4439 3280 4480 vero
3320 4429 3567 4499 superius

327 4506 468 4562 sicut
483 4507 535 4561 in
562 4506 851 4578 Evangelia
873 4511 1187 4568 mulieribus
1216 4515 1350 4570 dixit
1375 4535 1388 4571 :
1415 4517 1519 4584 Ite,
1547 4520 1702 4576 dicite
1716 4525 1897 4593 fratri-

327 4598 421 4651 bus
444 4598 570 4652 meis
593 4595 805 4667 (Matth.
832 4616 1024 4666 xxvnt,
1054 4603 1162 4674 10).
1183 4605 1402 4664 Fratres
1423 4620 1600 4666 autem
1625 4616 1893 4681 dicuntur,

326 4694 382 4740 et
408 4686 498 4757 qui
539 4686 786 4758 diligunt,
825 4696 879 4743 et
915 4690 1007 4760 qui
1036 4691 1351 4764 diliguntur.
1387 4698 1608 4756 Addidit
1634 4718 1797 4760 vero:
1828 4706 1895 4761 In

328 4777 496 4831 medio
548 4777 799 4833 Ecclesia:
854 4778 1080 4835 laudabo
1134 4793 1202 4838 te.
1256 4784 1313 4840 In
1364 4789 1539 4843 medio
1586 4801 1892 4849 sanctorum

327 4865 443 4921 laus
465 4868 673 4923 Domini
698 4880 913 4925 resonat
940 4888 1035 4942 per
1058 4890 1180 4929 eum
1217 4877 1309 4944 qui
1337 4877 1451 4931 ait:
1481 4877 1743 4949 Conﬁteor
1776 4884 1890 4949 tibi,

330 4954 490 5011 Pater
517 4958 630 5013 caeli
655 4970 705 5014 et
735 4969 909 5029 terra,
938 4964 1062 5034 quia
1097 4964 1415 5021 abscondisti
1452 4970 1563 5023 haec
1589 4987 1622 5023 a
1645 4974 1893 5042 sapienti-

326 5045 443 5111 bus,
464 5057 513 5102 et
538 5049 774 5106 revelasti
812 5068 873 5107 ea
895 5054 1124 5124 parvulis
1152 5053 1304 5127 (Luc.
1340 5072 1395 5122 Χ,
1423 5057 1534 5128 21).
1572 5059 1714 5116 Laus
1748 5063 1891 5116 enim

326 5138 535 5195 Domini
556 5157 684 5197 vera
712 5158 816 5198 non
845 5146 1017 5202 solum
1038 5162 1152 5212 ore,
1172 5148 1266 5203 sed
1284 5148 1447 5204 etiam
1475 5152 1637 5206 corde
1663 5155 1893 5208 amantis

323 5239 378 5284 et
397 5232 722 5299 perticientis
738 5248 1001 5303 pra-cepta
1038 5238 1248 5294 Domini
1276 5249 1547 5295 narratur.
1569 5239 1755 5312 (Vsus.
1780 5244 1889 5316 15.)

327 5321 394 5375 Et
444 5322 670 5378 iterum:
712 5321 824 5392 Ego
872 5341 958 5377 ero
1006 5327 1174 5393 ﬁdens
1226 5331 1281 5384 in
1326 5347 1465 5385 eam.
1520 5332 1594 5387 De
1642 5345 1892 5403 suscepto

324 5407 542 5462 homine
581 5408 683 5463 hoc
710 5408 908 5463 dietutn
936 5420 1039 5475 est,
1081 5415 1234 5483 cujus
1289 5420 1611 5477 confidentia
1667 5431 1777 5478 tota
1837 5424 1889 5484 iu

324 5490 438 5546 Deo
484 5491 644 5548 Patre
667 5508 787 5550 esse
813 5512 917 5551 non
954 5498 1175 5553 dubium
1203 5513 1307 5568 est,
1335 5509 1474 5563 sicut
1503 5510 1556 5564 in
1603 5511 1892 5583 Evangelia

327 5584 443 5653 ipse
490 5585 585 5649 ait,
656 5602 754 5656 pro
803 5589 999 5659 quibus
1051 5591 1449 5662 supplicabatur
1487 5601 1710 5660 dicens:
1762 5603 1890 5657 Volo

332 5669 512 5739 Pater,
544 5684 623 5744 ut,
656 5676 740 5731 ubi
787 5695 878 5751 ego
916 5696 1053 5747 sum,
1077 5688 1126 5735 et
1170 5681 1258 5738 isti
1304 5684 1406 5739 sint
1462 5701 1659 5746 mecum
1705 5692 1884 5762 (Joatt.

2000 4507 2098 4570 ait,
2143 4509 2395 4575 quoniam
2440 4524 2568 4579 ergo
2610 4511 2758 4578 pueri
2795 4514 3298 4569 communicaverunt
3340 4520 3488 4572 carni
3517 4529 3566 4573 et

1996 4597 2262 4665 sanguini,
2293 4606 2340 4650 et
2380 4597 2486 4667 ipse
2513 4597 2752 4652 similiter
2771 4601 3100 4670 participavit
3152 4605 3365 4671 eisdem,
3410 4623 3564 4665 exsc-

1995 4687 2182 4755 quitnr
2209 4688 2437 4757 amplius
2465 4690 2608 4746 hunc
2633 4708 2871 4758 sensum,
2906 4695 3047 4751 unde
3072 4698 3421 4769 participaret
3445 4717 3565 4757 car-

1993 4792 2118 4832 nem
2155 4786 2209 4833 et
2244 4782 2595 4851 sanguinem;
2632 4784 2751 4839 ideo
2781 4787 2895 4861 ait:
2926 4787 3052 4844 Non
3074 4791 3211 4844 enim
3249 4809 3559 4864 quemquam

1992 4869 2296 4939 angelorum
2328 4874 2688 4943 apprehendit,
2719 4878 2775 4933 id
2805 4887 2907 4943 est,
2943 4896 3049 4935 non
3077 4883 3363 4952 cujuslibet
3388 4888 3561 4957 angeli

1992 4969 2242 5014 naturam
2263 4964 2520 5031 suscepit,
2539 4965 2629 5019 sed
2648 4982 2820 5022 semen
2841 4968 3060 5025 Abrahae
3074 4972 3429 5040 apprehendit.
3444 4974 3559 5031 Non

1991 5048 2135 5101 enim
2160 5050 2365 5117 angelis
2398 5067 2502 5106 una
2532 5054 2762 5122 dignitas
2805 5056 3000 5115 donata
3050 5069 3152 5124 est,
3182 5069 3241 5115 ut
3288 5062 3344 5116 in
3395 5079 3558 5119 unam

1991 5149 2274 5202 personam
2317 5138 2410 5194 Dei
2441 5141 2608 5200 Filius
2639 5159 2825 5201 eorum
2865 5154 3071 5203 natura:
3107 5149 3554 5221 coniungeretur;

1991 5225 2085 5278 sed
2123 5224 2265 5281 hunc
2288 5227 2545 5291 honorem
2587 5241 2641 5291 et
2671 5233 2808 5294 hanc
2834 5235 3148 5305 dignitatem
3189 5241 3436 5297 humana:
3461 5260 3557 5299 na~

1993 5321 2126 5368 tura:
2169 5315 2313 5377 Deus
2358 5318 2453 5373 Dei
2484 5320 2650 5378 Filius
2678 5325 2993 5390 contribuit,
3036 5337 3094 5382 ut
3130 5330 3273 5386 Deus
3305 5340 3360 5387 et
3397 5334 3558 5393 homo

1992 5419 2095 5465 una
2137 5413 2284 5465 esset
2314 5422 2565 5476 persona.
2613 5410 2790 5483 Quare
2818 5414 2975 5482 dixit,
3008 5421 3347 5488 apprehendit
3367 5425 3395 5478 7
3419 5423 3556 5494 Quia

1990 5510 2088 5555 nos
2117 5496 2269 5565 quasi
2302 5499 2611 5558 recedentes
2637 5504 2706 5558 ab
2732 5520 2797 5560 eo
2830 5514 2887 5561 et
2917 5507 3071 5577 longe
3108 5510 3370 5582 fugientes
3412 5515 3558 5575 inse-

1988 5592 2145 5641 cutus
2191 5589 2564 5659 apprehendit,
2601 5600 2658 5647 et
2702 5594 2757 5650 in
2801 5613 2971 5659 unam.
3009 5614 3294 5671 personam
3351 5617 3549 5666 nostra:

1986 5672 2293 5748 fragilitatis
2340 5686 2586 5735 naturam
2616 5682 2718 5740 sibi
2764 5692 3205 5765 contemperavit.
3255 5693 3388 5757 Mira
3416 5711 3519 5757 oon
