4002 6186
466 333 486 388 Ι
496 333 600 389 045

1292 329 1351 382 Β.
1391 327 1452 381 l".
1491 325 1714 382 ALBlNl
1752 326 1882 383 SEU
1921 326 2196 383 ALCUINI
2233 326 2515 385 OPERIIM
2548 327 2726 385 PARS
2760 329 2822 385 Π.

3560 336 3710 392 ωδε

459 443 667 513 iunctio
692 440 821 498 dum
865 449 1100 497 azternus
1128 447 1182 493 et
1222 440 1544 494 immortalis
1573 439 1787 494 mortali
1816 447 1871 494 et
1901 448 2029 494 tem—
2057 445 2104 503 Α
2132 438 2350 494 lentiam
2401 441 2817 511 promissionum
2874 443 2988 509 Dei,
3042 452 3102 500 ut
3156 447 3361 504 intente
3406 465 3467 505 se
3512 463 3720 522 parent

463 532 634 604 porali
685 531 948 587 adunatus
975 530 1095 586 est!
1124 528 1402 597 Quomodo
1435 543 1562 584 vero
1593 531 1695 585 hoc
1723 537 1882 594 esset,
1907 543 2035 584 con-

463 623 640 679 festim
688 621 964 691 subjunxit
1013 620 1248 677 dicens:
1291 620 1478 693 (Vens.
1527 619 1613 691 l7)
1667 617 1816 675 Unde
1859 620 2033 674 debuit

461 734 553 788 per
592 718 767 772 omnia
802 715 1055 786 fratribus
1079 713 1323 771 similari.
1367 733 1385 765 σ
1414 713 1551 782 Quid
1578 720 1679 777 est,
1704 728 1796 782 per
1822 710 2035 765 omnia?

463 808 518 864 ld
541 816 642 874 est,
672 815 831 862 natus
866 815 971 873 est,
997 807 1273 868 educatus,
1322 805 1512 869 crevit,
1540 817 1731 875 passus
1762 809 1847 857 est
1869 801 2033 856 etiam

460 908 515 955 ct
543 906 810 962 mortuus,
846 917 865 950 ι
917 906 977 951 ut
996 911 1095 967 per
1125 897 1304 951 omnia
1347 894 1541 950 similis
1565 901 1709 948 esset
1752 890 2028 953 fratribus,

462 990 556 1061 qui
609 988 873 1058 ejusmodi
920 986 1211 1044 conditioni
1270 984 1493 1054 subjecti
1554 990 1697 1036 sunt.
1773 980 2032 1050 Superius

463 1080 607 1135 enim
663 1078 796 1133 dicit
850 1075 1188 1148 splendorem
1233 1088 1355 1129 eum
1432 1072 1634 1141 glorise,
1686 1080 1740 1126 et
1794 1080 2031 1141 paterna:

463 1170 781 1226 substantia:
838 1167 1082 1239 figuram,
1133 1180 1231 1237 per
1273 1180 1432 1235 quem
1479 1164 1673 1219 sarcula
1701 1162 1846 1219 fecit.
1885 1163 2030 1218 «ls‘te

470 1268 655 1316 tantus
730 1267 786 1314 et
833 1267 941 1313 tam
995 1256 1257 1312 mirabilis
1311 1263 1367 1309 ει
1431 1263 1540 1309 tam
1588 1253 1851 1325 gloriosus
1915 1258 2032 1307 tan-

468 1363 576 1406 tam
635 1358 834 1406 nostra:
889 1348 1079 1405 salutis
1115 1358 1302 1403 curam
1362 1344 1575 1409 habuit,
1616 1350 1673 1397 ut
1726 1341 1892 1398 frater
1934 1360 2031 1398 nu-

465 1456 579 1501 ster
612 1446 665 1500 in
714 1443 966 1500 omnibus
1020 1442 1190 1497 ﬁeret.
1245 1441 1476 1510 Propter
1513 1439 1617 1494 hoc
1648 1437 1866 1508 angelos
1896 1451 2031 1505 quo-

465 1536 751 1592 dammodo
778 1534 1012 1605 reliquit,
1050 1533 1289 1602 aliasque
1317 1530 1576 1588 caelorum
1618 1530 1864 1592 virtutes,
1901 1548 1919 1580 ι
1971 1536 2030 1583 ut

461 1643 559 1683 nos
599 1628 1042 1697 apprehenderat,
1082 1641 1236 1681 ovem
1279 1626 1564 1696 perditam,
1607 1623 1874 1693 passionis
1919 1636 2029 1678 suae

462 1718 753 1782 inventam,
810 1717 1051 1772 humeris
1103 1715 1406 1785 impositam
1455 1723 1757 1784 reportaret
1809 1714 1873 1768 ad
1917 1728 2028 1769 cm-

2132 528 2376 598 accipere
2409 531 2553 600 quod
2580 531 2722 586 Dens
2740 533 2967 604 benigne
2996 534 3071 588 illi
3100 538 3351 605 promisit
3371 538 3580 609 afferre,
3607 559 3719 598 no-

2130 620 2343 675 minans
2374 635 2468 677 eos
2494 619 2693 678 fratres
2717 623 3065 680 charissimos
3092 626 3162 680 ad
3191 628 3432 685 cmlestia
3459 644 3715 697 vocatos,

2130 709 2421 777 participes
2456 723 2577 765 eum
2615 709 2831 767 Christo
2859 714 3193 770 haereditatis
3232 716 3351 772 Dei.
3388 718 3486 785 Qui
3521 721 3716 790 ﬁdelis

2129 804 2204 848 est
2231 796 2302 862 ei,
2324 796 2375 851 id
2403 805 2505 862 est,
2534 798 2645 853 Deo
2673 797 2844 865 Patri,
2870 802 2960 871 qui
2995 802 3119 872 fecit
3145 820 3284 859 eum.
3326 805 3404 862 De
3450 809 3715 865 humani-

2131 893 2240 941 tate
2266 886 2382 956 ejus
2428 888 2578 954 dicit,
2615 890 2705 960 qui
2741 889 2914 946 factus
2950 902 3033 947 est
3060 909 3129 949 ex
3164 897 3372 952 semine
3414 899 3579 957 David
3611 917 3715 957 se-

2129 977 2362 1031 cundum
2405 993 2795 1045 carnem;uon
2842 981 2908 1036 de
2941 982 3245 1050 divinitate,
3290 1001 3415 1055 quas
3462 1003 3572 1043 non
3624 1000 3718 1045 est

2130 1064 2293 1131 facta,
2322 1068 2415 1120 sed
2436 1068 2615 1136 genita
2645 1084 2676 1123 a
2713 1069 2894 1135 Patre,
2925 1072 3086 1126 unius
3107 1073 3423 1130 substantia:
3452 1092 3575 1132 cum
3623 1095 3714 1135 eo.

2134 1172 2153 1205 ι
2183 1154 2331 1209 Sicut
2357 1154 2581 1226 Moyses,
2621 1159 2720 1224 ait,
2754 1153 2926 1213 fidelis
2953 1168 3039 1215 est
3071 1162 3127 1216 in
3152 1161 3307 1217 domo
3329 1181 3449 1219 sua.
3490 1166 3718 1237 Praepo-

2127 1251 2330 1305 siturus
2375 1266 2497 1305 eum
2549 1250 2742 1322 Moysi,
2786 1251 3082 1307 secundum
3131 1258 3597 1325 comparationem
3661 1262 3716 1314 in

2127 1338 2245 1409 lege
2267 1339 2577 1403 sacerdotii,
2601 1339 2744 1394 hunc
2781 1355 3083 1396 sermonem
3129 1344 3363 1411 induxit,
3398 1365 3418 1398 ι
3459 1362 3721 1406 asserens

2126 1445 2249 1485 eum
2272 1430 2480 1485 ﬁdelem
2502 1446 2622 1487 esse
2650 1432 2702 1486 in
2726 1432 2885 1487 domo
2911 1447 3026 1487 sua.
3063 1452 3084 1485 ‹
3114 1433 3375 1502 Fidelem,
3405 1439 3459 1492 id
3481 1448 3591 1501 est,
3625 1442 3720 1495 de-

2126 1529 2330 1586 votum,
2363 1519 2732 1576 defendentem
2772 1538 2836 1577 ea
2862 1539 2982 1595 qua:
3016 1534 3141 1580 sunt
3162 1525 3303 1595 ejus,
3339 1543 3446 1583 non
3484 1530 3721 1599 permit-

2127 1615 2326 1664 tentem
2375 1610 2681 1681 corrumpi:
2715 1630 2733 1663 ι
2764 1626 2885 1680 qua:
2917 1612 3109 1669 domus
3130 1630 3230 1670 nos
3250 1631 3464 1683 sumus,
3487 1619 3643 1673 sicut
3665 1621 3718 1674 in

2127 1700 2577 1768 consequentibus
2624 1700 2962 1756 dicit:Sicut
3015 1702 3223 1774 Moyses
3268 1705 3438 1774 ﬁde.'is
3497 1707 3609 1776 fuit
3665 1710 3720 1764 in

462 1810 654 1864 lestcm
693 1808 943 1878 patriam.
993 1806 1091 1862 ilic
1134 1772 1265 1861 vero
1294 1814 1473 1860 tantus
1511 1772 1567 1860 et
1609 1804 1731 1859 talis
1773 1801 2028 1859 sacerdos
2061 1772 2103 1833 Β
2128 1792 2282 1845 domo
2309 1808 2430 1856 sua.
2454 1792 2505 1846 id
2533 1793 2831 1862 estpnpulo
2860 1794 3056 1863 priore.
3081 1772 3721 1868 Confestimque—conss

461 1911 648 1958 noster
685 1901 852 1956 voluit
909 1901 1048 1969 apud
1100 1898 1315 1954 Patrem
1377 1899 1611 1967 scipsum
1676 1895 1870 1951 offerre
1933 1909 2030 1963 pro

459 1992 634 2047 nobis.
682 1988 915 2045 Proinde
944 1997 1161 2045 secutus
1186 1997 1271 2043 est
1303 1995 1358 2042 et
1396 1986 1595 2042 infert:
1625 1982 1692 2039 Ut
1737 1982 2029 2038 misericors

459 2082 603 2151 ﬁeret
627 2091 675 2137 et
700 2080 869 2151 ﬁdelis
890 2081 1125 2152 pontifex
1152 2080 1220 2134 ad
1245 2078 1433 2144 Deum,
1461 2086 1517 2131 ut
1550 2076 1905 2148 repropitiaret
1939 2074 2028 2128 dc-

458 2172 580 2225 licta
605 2171 803 2243 populi.
835 2171 944 2226 Nec
968 2172 1147 2240 itaque
1173 2170 1274 2223 alia
1295 2184 1457 2224 causa
1484 2167 1582 2221 fuit
1605 2167 1701 2231 illi,
1724 2181 1821 2236 per
1845 2163 2025 2220 omnia

460 2260 721 2316 fratribus
746 2260 1058 2326 assimilari,
1088 2259 1193 2314 nisi
1230 2265 1290 2313 ut
1325 2257 1496 2312 fidelis
1521 2254 1761 2327 pontifex
1803 2264 1947 2311 esset
1973 2255 2024 2308 in

459 2350 636 2416 nobis,
686 2350 991 2419 nostrisque
1044 2348 1362 2419 propitiaret
1406 2347 1660 2417 peccatis.
1716 2363 1735 2395 ι
1775 2344 1892 2399 Non
1942 2353 2027 2399 est

458 2439 631 2494 altera
668 2440 831 2493 totius
872 2439 1030 2509 hujus
1074 2437 1332 2492 miranda:
1377 2434 1791 2507 dispensationis
1839 2448 2021 2498 causa,

456 2544 618 2598 quam
645 2526 762 2583 hare
790 2528 923 2583 sola.
952 2527 1098 2582 Vidit
1122 2527 1318 2599 quippe
1353 2540 1522 2597 genus
1541 2525 1834 2580 humanum
1859 2522 2024 2577 humo

452 2613 719 2686 iacentem
747 2614 1157 2689 [Leg.,jaeens],
1185 2623 1524 2686 peccatorum
1541 2613 2020 2684 vinculisligatnm,

456 2707 619 2763 morti
661 2707 971 2773 obnoxium,
1013 2707 1353 2778 tyrannidem
1403 2706 1632 2775 patiens,
1671 2713 1727 2759 et
1769 2705 2024 2759 misertus

455 2806 540 2854 est
567 2798 682 2870 ejus
708 2797 849 2853 sicut
878 2797 1048 2853 fidelis
1073 2796 1332 2867 pontifex.
1365 2793 1587 2860 Fidelis,
1615 2795 1766 2859 dicit,
1790 2795 1894 2848 hoc
1917 2801 2020 2858 est,

455 2902 617 2944 verus
664 2894 720 2944 et
761 2898 971 2958 potens.
1011 2907 1030 2939 ι
1077 2885 1427 2940 Ministerium
1475 2885 1683 2940 scilicet
1727 2883 2022 2939 sacerdotis

454 2985 560 3046 est,
591 2978 800 3034 fidelem
827 2993 967 3041 esse,
997 2984 1057 3030 ut
1081 2976 1250 3045 possit
1273 2990 1365 3031 eos
1392 2988 1620 3045 quorum
1641 2981 1723 3029 est
1749 2970 2016 3035 sacerdos,

454 3070 686 3125 liberare
755 3085 785 3122 a
834 3069 1087 3138 peccatis.
1137 3066 1369 3122 Proinde
1435 3081 1533 3136 pro
1602 3064 1717 3135 ejus
1782 3064 2017 3134 potentia

456 3160 773 3214 subsecutus
801 3155 1044 3225 adiunxit
1068 3174 1080 3209 :
1107 3154 1291 3228 (Vens.
1326 3157 1412 3225 18)
1456 3154 1521 3210 In
1558 3172 1617 3209 eo
1645 3156 1804 3219 enim,
1843 3154 1895 3208 in
1917 3171 2019 3225 quo

453 3263 640 3316 passus
678 3255 774 3310 est,
804 3247 914 3317 ipse
948 3255 1174 3301 tentatus
1193 3257 1372 3317 potens
1394 3253 1467 3299 cst
1503 3245 1574 3299 eis
1614 3244 1703 3316 qui
1726 3250 2017 3308 tentantur,

455 3335 724 3390 auxiliari.
751 3336 809 3391 In
835 3351 921 3403 eo,
949 3335 1002 3390 id
1046 3345 1149 3400 est,
1178 3336 1395 3390 homine
1440 3336 1492 3388 in
1533 3350 1641 3404 quo
1682 3349 1875 3403 passus
1915 3340 2016 3398 est,

453 3435 648 3499 potens
679 3434 765 3482 est
792 3426 963 3482 victos
994 3426 1243 3491 liberare,
1282 3431 1618 3493 tentatosque
1650 3424 1923 3494 adjuvare,
1954 3441 2021 3478 ne

455 3517 776 3585 vincantur;
800 3515 926 3586 quia
956 3511 1278 3570 tentationes
1304 3520 1520 3568 nostras
1547 3528 1653 3567 non
1683 3513 1852 3567 solum
1881 3514 2020 3568 sicut

455 3607 734 3673 Dominus,
785 3606 877 3662 sed
928 3606 1091 3660 etiam
1146 3602 1287 3659 sicut
1331 3602 1492 3658 homo
1548 3602 1598 3656 in
1650 3617 1709 3656 sc
1754 3602 1870 3671 ipso
1923 3617 2022 3672 per

456 3699 882 3767 experimentum
912 3695 1178 3765 cognovit.
1221 3693 1372 3749 Licet
1417 3693 1556 3748 Deus
1602 3692 1655 3746 in
1682 3707 1778 3747 sua
1828 3700 2019 3747 natura

457 3788 527 3841 sit
568 3785 945 3855 impassibilis;
973 3792 1149 3839 tamen
1188 3785 1239 3838 in
1271 3793 1453 3839 nostra
1496 3799 1657 3854 quam
1709 3784 2015 3853 assumpsit,

463 3877 604 3933 idem
653 3876 748 3931 Dei
780 3875 948 3931 Filius
975 3876 1244 3946 passibilis
1269 3875 1387 3941 fuit,
1420 3884 1616 3932 nostrze
1642 3882 1848 3932 naturte
1887 3892 2017 3932 con-

458 3967 669 4024 similis.
736 3984 754 4018 ι
785 3966 842 4021 ln
866 3982 929 4022 ea
964 3982 1094 4022 vero
1121 3980 1282 4022 carne
1334 3981 1497 4036 quam
1544 3967 1800 4035 suscepit,
1854 3966 2019 4020 multa

457 4074 598 4116 steva
654 4073 844 4129 passus
898 4067 999 4113 est.
1040 4056 1196 4112 Novit
1241 4057 1368 4125 quid
1423 4067 1508 4111 est
1564 4057 1666 4111 ista
1707 4053 2017 4119 tribulatio,

456 4149 607 4206 novit
639 4149 767 4220 quid
805 4156 888 4203 est
931 4147 1156 4201 tentatio
1196 4146 1534 4216 patientium.
1570 4165 1587 4197 ι
1630 4146 1747 4214 ipse
1786 4153 2020 4201 tentatus

456 4247 560 4306 est,
586 4239 680 4295 sed
706 4253 810 4293 non
840 4244 1140 4306 superatus.

1065 4325 1290 4382 CAPUT
1330 4325 1417 4381 ill.

2128 1892 2285 1937 cutus
2304 1884 2537 1939 ostendit
2559 1884 2825 1953 quomodo
2852 1886 3042 1940 domus
3070 1887 3215 1943 illius
3236 1905 3357 1944 esse
3377 1891 3715 1957 debeamus;

2126 1972 2204 2027 ait
2247 1972 2431 2028 enim:
2467 1971 2598 2039 Quae
2641 1960 2826 2028 domus
2869 1990 3049 2031 sumus
3103 1993 3219 2042 nos,
3261 1979 3309 2032 si
3346 1979 3608 2042 ﬁduciam
3666 1992 3714 2036 et

2124 2063 2345 2134 gloriam
2391 2063 2501 2134 spei
2537 2080 2700 2134 usque
2752 2064 2822 2116 ad
2873 2064 3028 2134 ﬁnem
3085 2068 3294 2136 firmam
3350 2070 3716 2134 retineamus;

2125 2155 2250 2223 quia
2270 2154 2359 2225 qui
2381 2155 2777 2225 perseveraverit
2799 2172 2961 2227 usque
2994 2158 3046 2210 in
3069 2158 3246 2228 ﬁnem,
3283 2160 3368 2213 hic
3397 2160 3579 2216 sulcus
3615 2165 3717 2217 erit

2124 2244 2341 2318 (Matth.
2367 2262 2519 2311 xxxv,
2555 2245 2664 2316 i5).
2706 2247 2932 2302 Domum
2971 2250 3115 2303 enim
3156 2251 3307 2315 dicit,
3342 2267 3438 2320 pro
3482 2253 3569 2307 his
3622 2255 3717 2323 qui

2121 2346 2485 2393 eonvocantur
2496 2338 2551 2393 in
2570 2338 2818 2394 ecclesia.
2835 2338 3039 2406 Intulit,
3064 2339 3161 2394 Dei
3181 2340 3367 2395 domus
3386 2358 3559 2396 sumus
3582 2361 3717 2410 nos,

2122 2426 2331 2483 factura
2376 2428 2494 2493 Dei,
2553 2429 2723 2485 creati
2768 2428 2821 2483 in
2874 2428 3089 2484 Christo
3138 2428 3289 2484 Jesu.
3332 2428 3484 2485 Nunc
3527 2446 3718 2501 usque

2121 2520 2576 2591 comparationem
2627 2521 2754 2577 fecit
2817 2521 2883 2576 de
2916 2521 3286 2577 incarnatione
3334 2518 3537 2577 Christi
3581 2538 3714 2577 cum

2123 2611 2338 2683 Moyse;
2369 2611 2561 2667 dehinc
2587 2625 2645 2666 se
2673 2611 2738 2665 ad
2768 2610 2958 2665 altiora
2991 2609 3109 2681 ejus
3153 2610 3423 2665 narranda
3471 2626 3712 2665 conver-

2123 2702 2208 2766 tit,
2262 2701 2491 2756 dicens:
2530 2700 2718 2771 (Vens.
2760 2699 2815 2767 5)
2860 2698 3144 2770 Amplioris
3200 2699 3338 2755 enim
3382 2698 3569 2771 gloria:
3616 2702 3717 2755 iste

2120 2808 2230 2862 pra:
2262 2790 2441 2862 Moyse
2468 2790 2654 2861 dignus
2675 2788 2878 2846 habitus
2900 2799 2999 2854 est,
3027 2798 3222 2861 quanto
3284 2789 3597 2859 ampliorem
3627 2791 3718 2845 lio-

2123 2902 2297 2942 norem
2325 2885 2474 2940 habet
2494 2884 2701 2949 domus,
2729 2885 2819 2956 qui
2846 2882 3121 2953 fabricavit
3145 2881 3312 2937 illam.
3354 2902 3373 2935 ε
3400 2883 3520 2938 Non
3543 2884 3711 2949 dixit,

2121 2984 2322 3045 quanto
2350 2974 2608 3046 majorem
2627 2972 2789 3029 habet
2808 2973 3065 3027 honorem
3091 2973 3158 3028 ab
3178 2974 3432 3043 operibus
3465 2974 3671 3028 artifex
3692 2992 3707 3037 ;

2121 3066 2214 3120 sed
2255 3080 2417 3135 quam
2456 3064 2667 3128 domus,
2710 3062 2798 3131 qui
2830 3061 3133 3116 construxit
3171 3076 3311 3116 eam.
3357 3062 3525 3117 Vides
3571 3078 3710 3133 quo-

2122 3158 2280 3211 modo
2320 3170 2426 3210 non
2468 3155 2534 3210 de
2567 3153 2765 3224 templo
2805 3152 2956 3216 dicit,
2997 3153 3090 3208 sed
3127 3152 3193 3207 de
3241 3152 3386 3208 omni
3427 3154 3654 3224 papula,
3683 3173 3702 3205 ι

2118 3246 2314 3318 primo,
2353 3259 2512 3314 quem
2555 3241 2762 3314 Moyses
2798 3242 2863 3297 de
2901 3239 3136 3312 Egypto
3172 3240 3354 3295 eduxit
3382 3259 3396 3301 :
3421 3250 3478 3295 et
3510 3243 3705 3297 deinde

2120 3338 2185 3391 de
2205 3351 2287 3397 eo,
2321 3349 2480 3405 quem
2501 3332 2750 3387 Christus
2771 3331 2835 3387 de
2857 3330 3120 3385 diabolica
3142 3332 3403 3386 servitute
3429 3332 3701 3398 liberavit,

2120 3427 2327 3495 sibique
2343 3426 2394 3479 in
2416 3426 2631 3480 domum
2649 3422 2935 3492 acquisivit

2189 3519 2350 3572 Vens.
2395 3517 2447 3570 4.
2480 3546 2551 3557 --
2580 3515 2762 3570 Omnis
2808 3529 3028 3584 namque
3074 3513 3259 3567 domus
3300 3512 3595 3583 fabricatur
3635 3516 3702 3568 ab

2118 3607 2326 3678 aliquo;
2351 3606 2439 3676 qui
2464 3614 2635 3659 autem
2660 3605 2835 3658 omnia
2862 3603 3074 3667 creavit,
3104 3602 3242 3657 Deus
3266 3614 3361 3657 est.
3404 3602 3502 3659 Hic
3530 3602 3703 3659 facto-

2120 3713 2232 3753 rem
2261 3712 2291 3750 a
2318 3695 2526 3751 factura
2561 3695 2847 3757 discernit,
2877 3692 3159 3761 utriusque
3193 3693 3385 3748 domus
3421 3701 3698 3748 auctorem

2118 3788 2288 3843 Deum
2341 3800 2461 3841 esse
2512 3784 2734 3854 intelligi
2779 3783 2990 3849 volens;
3047 3783 3141 3837 sed
3194 3783 3348 3839 aliter
3391 3783 3545 3845 illius,
3602 3783 3693 3837 cui

2119 3881 2330 3952 Moyses
2365 3876 2609 3950 praefuit;
2652 3875 2810 3932 aliter
2846 3874 3004 3939 illius,
3038 3875 3124 3929 cui
3156 3874 3394 3930 Christus
3422 3873 3525 3927 dux
3562 3888 3690 3927 esse

2119 3980 2176 4028 et
2201 3970 2448 4027 dominus
2475 3967 2832 4039 cognoscitur.
2864 3965 2989 4021 ldco
3017 3964 3332 4021 subsecutus
3356 3965 3467 4019 ait:
3498 3964 3687 4035 (Vens.

2117 4061 2170 4127 5,
2217 4061 2271 4133 6)
2304 4060 2370 4114 Et
2397 4059 2602 4129 Moyses
2626 4057 2833 4128 quidem
2862 4055 3031 4125 ﬁdelis
3056 4066 3167 4110 erat
3194 4057 3248 4109 in
3273 4066 3382 4109 tota
3408 4056 3559 4109 domo
3581 4055 3695 4124 ejus

2117 4163 2367 4222 tanquam
2396 4148 2625 4220 famulus
2659 4151 2713 4202 in
2746 4147 3095 4201 testimonium
3123 4163 3303 4200 eorum
3330 4161 3447 4216 qua:
3474 4145 3691 4198 dicenda

2117 4251 2300 4307 erant;
2329 4240 2567 4296 Christus
2594 4254 2709 4293 uero
2734 4248 2980 4307 tanquam
3003 4236 3146 4306 ﬁlius
3171 4238 3225 4290 in
3248 4236 3405 4289 domo
3429 4252 3561 4300 sua;
3580 4252 3695 4306 qua:

2119 4332 2303 4386 domus
2330 4346 2509 4385 sumus
2536 4344 2649 4394 nos,
2679 4330 2728 4382 si
2762 4326 3013 4397 ﬁduciam
3050 4335 3100 4380 et
3135 4324 3358 4396 gloriam
3394 4327 3504 4398 spei
3538 4342 3694 4395 usque

526 4425 688 4478 Vens.
710 4416 968 4487 l,2.—-—U
974 4417 1092 4483 nde,
1106 4415 1294 4487 fratres
1308 4414 1493 4479 sancti,
1513 4414 1793 4469 vocationis
1806 4413 2018 4469 caelestis
2050 4437 2100 4499 ί)
2122 4423 2178 4475 in
2201 4421 2357 4490 ﬁnem
2386 4418 2593 4488 ﬁrmam
2623 4417 2953 4471 retineamus.
2990 4434 3008 4466 ι
3045 4415 3148 4470 [ste
3176 4424 3376 4480 autem,
3402 4415 3455 4469 id
3481 4423 3580 4477 est,
3605 4413 3696 4467 Je-

456 4511 750 4583 participes,
773 4507 1095 4563 considerate
1120 4503 1410 4576 apostolum
1427 4511 1474 4559 et
1495 4502 1787 4574 pontiﬁcem
1815 4502 2017 4573 confes-

459 4601 620 4656 sionis
637 4609 827 4654 nostra?
847 4598 1050 4663 Iesum,
1071 4597 1158 4668 qui
1172 4596 1342 4666 ﬁdelis
1359 4604 1432 4651 est
1447 4597 1493 4650 ei
1509 4595 1600 4666 qui
1611 4593 1732 4663 fecit
1751 4594 1922 4660 illum,
1947 4595 2019 4649 si-

457 4700 547 4747 cut
557 4699 607 4746 et
630 4687 832 4761 Moyses
860 4689 917 4743 in
936 4686 1075 4742 omni
1102 4686 1257 4741 domo
1277 4685 1441 4740 illius.
1454 4685 1644 4740 Adhuc
1662 4685 1824 4741 etiam
1849 4686 1915 4741 de
1937 4686 2022 4740 in-

455 4780 782 4840 carnationis
808 4778 1007 4834 Christi
1027 4777 1265 4848 loquitur
1282 4775 1597 4831 ministerio.
1612 4775 1747 4830 Nam
1770 4777 1824 4831 in
1846 4776 2018 4831 Evan-

457 4873 596 4944 gelio
633 4870 748 4942 ipse
779 4877 1004 4925 testatur
1028 4884 1088 4923 se
1113 4867 1333 4923 missum
1375 4881 1480 4922 non
1519 4879 1638 4920 esse
1664 4867 1766 4920 nisi
1794 4868 1862 4922 ad
1889 4883 2019 4922 oves

457 4962 717 5032 perditas,
753 4961 857 5016 hoc
913 4966 1017 5023 est,
1075 4956 1265 5012 domus
1326 4956 1509 5012 Israel.
1566 4955 1799 5026 Angelus
1856 4957 2021 5027 igitur

454 5051 664 5118 Graece,
692 5050 882 5106 Latine
921 5049 1117 5104 missus
1149 5047 1365 5104 dicitur.
1403 5048 1721 5119 Cognoscite
1767 5049 1896 5118 quid
1939 5058 2022 5103 est

455 5143 613 5199 Iesus
674 5140 950 5205 sacerdos,
1008 5149 1063 5196 et
1109 5140 1305 5210 qualis,
1368 5146 1425 5194 et
1469 5155 1574 5194 non
1633 5139 1843 5194 habetis
1887 5155 2022 5210 opus

455 5230 820 5289 eolisolatione
856 5230 986 5296 alia,
1017 5244 1189 5300 neque
1232 5229 1443 5286 solatio.
1483 5246 1502 5280 ι
1532 5228 1838 5298 Pontiﬁccm
1876 5231 2017 5285 enim

453 5329 580 5376 cum
607 5320 745 5377 dixit
775 5320 1112 5392 confessionis
1146 5329 1358 5386 nostrae,
1394 5320 1447 5375 id
1481 5327 1583 5386 est,
1622 5320 1746 5375 ﬁdei
1794 5329 2014 5387 nostrae,

456 5408 544 5463 cui
570 5408 661 5464 isti
680 5409 908 5479 populus
930 5424 1102 5465 novus
1127 5410 1446 5465 commissus
1470 5416 1573 5475 est,
1599 5411 1739 5464 sicut
1772 5416 1827 5463 ct
1848 5408 2015 5480 Moysi

457 5494 609 5557 Drior
623 5496 785 5567 613
803 5499 1031 5568 populus
1058 5499 1113 5555 in
1138 5499 1376 5570 regimen
1417 5499 1574 5555 datus
1602 5509 1721 5554 est:
1750 5499 1844 5554 sed
1895 5500 2018 5555 huic

457 5583 664 5653 majora
692 5586 778 5641 vel
800 5585 956 5658 longe
977 5587 1199 5645 meliora
1221 5588 1507 5644 commissa
1523 5598 1680 5644 sunt:
1700 5604 1718 5641 ι
1733 5588 1853 5644 Vult
1872 5588 2012 5643 enim

459 5672 652 5735 hostus
676 5674 873 5735 Paulus
898 5678 1107 5749 erigere
1134 5677 1341 5740 animos
1364 5676 1726 5733 lsraelitarum
1743 5677 1809 5733 ad
1836 5676 2015 5732 excel-

2122 4527 2214 4566 sus
2247 4512 2299 4566 in
2329 4518 2580 4581 paternas
2616 4523 2706 4564 res
2741 4508 2881 4563 sicut
2909 4506 3049 4563 illius
3084 4506 3316 4580 [Chrys.,
3358 4508 3496 4562 sicut
3520 4507 3692 4561 domi-

2121 4600 2244 4672 nus]
2276 4600 2603 4671 ingreditur;
2646 4598 2734 4653 ille
2761 4605 2954 4661 autem,
2988 4596 3042 4652 id
3063 4604 3165 4661 est,
3192 4597 3421 4668 Moyses,
3447 4596 3582 4651 sicut
3615 4594 3695 4648 fa-

2122 4694 2299 4748 mulus
2338 4694 2452 4748 Dei.
2487 4692 2582 4748 llic
2611 4691 2804 4746 iterum
2835 4704 2929 4746 eos
2954 4691 3200 4745 hortatur
3236 4696 3381 4744 stare
3409 4688 3618 4743 fortiter
3639 4696 3696 4741 rt

2105 4769 2227 4837 ’που
2259 4783 2441 4839 subrui
2465 4781 2658 4855 ﬁdem,
2686 4779 2996 4851 suburere];
3030 4779 3222 4834 domus
3249 4778 3445 4849 quippe
3470 4776 3564 4831 Dei
3585 4778 3695 4830 eri-

2124 4891 2264 4939 mus,
2303 4876 2347 4930 si
2384 4874 2631 4928 ﬁduciam
2660 4873 2773 4943 spei
2811 4881 2865 4928 et
2900 4871 3079 4942 gloriae
3108 4885 3279 4939 usque
3315 4871 3369 4924 in
3406 4869 3556 4923 linem
3600 4869 3697 4922 lir-

2119 4980 2262 5019 mam
2286 4964 2631 5019 retineamus.
2663 4982 2683 5015 ι
2712 4963 2855 5016 Βεηε
2875 4960 3040 5015 dixit:
3070 4959 3323 5028 ﬁduciam
3347 4960 3451 5029 spei
3476 4968 3694 5022 nostra',

2118 5055 2368 5125 quoniam
2402 5056 2536 5110 bona
2563 5052 2743 5108 omnia
2767 5050 2965 5105 sanctis
2990 5049 3043 5102 in
3080 5049 3183 5102 hac
3212 5048 3320 5102 vita
3346 5048 3401 5101 in
3433 5061 3527 5116 spe
3546 5056 3694 5111 sunt,

2117 5144 2287 5199 donec
2321 5143 2386 5197 ad
2422 5141 2655 5211 speciem
2690 5139 3002 5210 pervenient
3034 5136 3287 5206 perfecta:
3316 5136 3692 5202 beatitudinis;

2118 5251 2207 5304 spe
2245 5235 2382 5289 enim
2424 5232 2552 5286 salvi
2592 5231 2719 5301 facti
2760 5244 2959 5283 sumus.
3005 5227 3152 5282 Bona
3192 5228 3336 5283 enim
3378 5243 3501 5298 qum
3541 5229 3698 5283 nobis

2114 5324 2377 5394 promissa
2406 5329 2546 5384 sunt,
2579 5321 2633 5375 in
2672 5320 2775 5373 hac
2811 5318 3007 5388 poenali
3045 5319 3154 5373 vita
3192 5318 3392 5374 habere
3427 5334 3534 5374 non
3572 5334 3697 5388 pos-

2115 5428 2319 5477 sumus,
2360 5412 2465 5467 nisi
2502 5411 2556 5465 in
2598 5421 2712 5479 spe,
2754 5416 2809 5463 et
2846 5409 2988 5465 illam
3027 5409 3294 5479 patienter
3318 5418 3694 5481 exspectantes

2114 5484 2284 5572 usque.
2300 5502 2354 5555 in
2383 5498 2538 5567 ﬁnem
2560 5496 2789 5565 ﬁrmam.

2187 5587 2347 5644 Vsus.
2379 5587 2525 5642 7-H.
2552 5616 2625 5628 —
2651 5588 2981 5659 Quapropter
3004 5590 3139 5643 sicut
3163 5589 3289 5642 dicit
3313 5589 3546 5658 Spiritus
3569 5606 3693 5646 san-

2115 5688 2226 5732 ctus
2260 5694 2278 5733 :
2323 5677 2493 5734 Ilodie
2528 5680 2577 5734 si
2612 5692 2785 5735 vocem
2825 5680 2939 5750 ejus
2982 5678 3275 5746 audieritis,
3321 5696 3385 5734 ne
3425 5680 3691 5735 οὐσίαι-τιὰ
