4010 6182
371 235 511 293 ίοῑδ

1053 241 1465 300 l'IXEGETlCA.
1505 273 1577 284 -—
1613 243 1857 302 EXI‘US.
1899 245 1966 302 ΙΝ
2005 247 2224 308 EI’IST.
2273 249 2329 306 S.
2370 248 2570 306 PAULI
2609 251 2703 306 AD
2740 251 2948 308 llEBB.

3501 263 3638 318 [046

363 351 526 406 corda
566 362 754 418 vestra,
781 363 952 422 usque
981 372 992 407 :
1023 355 1066 408 si
1093 354 1376 409 introibant
1404 357 1458 410 in
1489 359 1713 428 requiem
1746 375 1934 414 nteant.
1967 363 2015 422 Α
2042 379 2148 432 que
2175 373 2604 422 consummatam
2647 367 2700 421 in
2739 369 2990 438 passione
3023 376 3080 424 et
3117 373 3514 434 resurrectione
3553 385 3638 432 to-

367 440 604 496 Locutus
629 449 710 496 est
738 440 925 496 beatus
948 441 1238 513 Apostolus
1260 443 1324 500 de
1349 458 1444 514 spe
1467 444 1520 498 in
1557 446 1944 516 superioribus,

365 531 493 600 quia
519 538 728 600 oportet
754 547 852 587 nos
878 547 1098 602 sperare
1125 549 1244 604 qua:
1279 532 1458 590 futura
1497 545 1640 592 sunt.
1683 536 1819 607 Spes
1855 553 1948 593 au—

369 629 474 672 tem
506 634 626 688 qum
652 620 879 688 videtur,
911 639 1016 676 nou
1046 631 1131 678 est
1160 639 1302 694 spes.
1339 623 1576 680 Historia
1606 641 1755 691 vero,
1785 641 1948 696 quam

364 710 626 780 propheta
651 711 738 765 hic
769 721 1109 776 rememorat,
1139 714 1416 772 notissima
1445 724 1527 771 est
1552 733 1564 770 :
1595 735 1613 768 ι
1643 717 1777 774 Cum
1803 719 1948 774 enim

365 801 568 872 egressi
597 811 778 857 essent
803 804 866 858 de
899 813 1039 860 terra
1068 803 1310 878 ngypti,
1331 815 1386 863 et
1412 807 1632 862 multam
1662 809 1798 862 viam
1826 824 1950 880 per-

367 893 760 956 ambulassent,
803 906 858 950 et
897 896 1060 952 multa
1094 897 1296 968 judicia
1323 899 1538 954 virtutis
1578 899 1670 954 Dei
1709 901 1950 970 accepis-

367 982 562 1038 sentin
592 982 843 1054 .Egypto,
874 986 927 1040 in
955 987 1088 1040 mari
1119 985 1320 1054 Rubro,
1355 988 1408 1042 in
1437 1003 1640 1053 eremo,
1667 989 1947 1044 consilium

369 1075 612 1134 fecerunt
641 1077 854 1132 mittere
881 1078 1259 1148 speculatores,
1283 1079 1374 1151 qui
1403 1078 1662 1134 deberent
1685 1081 1949 1151 inspient'e

367 1175 614 1221 n::turam
647 1177 822 1234 teme,
854 1183 972 1238 qua:
1008 1173 1272 1242 promissa
1299 1179 1383 1226 est
1409 1171 1490 1228 eis
1519 1190 1535 1227 :
1575 1171 1646 1226 illi
1674 1187 1802 1228 vero
1827 1189 1950 1244 per-

365 1265 556 1328 gentes
595 1259 796 1314 reversi
825 1267 967 1322 sunt,
1005 1271 1204 1315 terram
1239 1262 1452 1331 quidem
1483 1261 1638 1318 valde
1669 1263 1945 1328 mirantes,

369 1346 630 1417 majorem
667 1346 896 1420 [Chrys.,
943 1351 1278 1424 magnorum]
1319 1351 1586 1408 fmctuum
1626 1355 1952 1424 procreatri-

367 1452 486 1493 cem
532 1454 652 1494 esse
699 1439 976 1504 dicebant;
1027 1443 1120 1498 sed
1171 1443 1408 1498 virorum
1457 1443 1948 1516 iuexpugnabilium

367 1545 489 1585 esse
519 1529 663 1588 illam
691 1533 1022 1602 provinciam
1051 1543 1107 1589 et
1145 1535 1384 1590 fortium.
1427 1535 1677 1593 Israelitze
1702 1553 1831 1594 vero
1869 1539 1952 1594 iu-

369 1619 507 1688 grati
545 1628 602 1676 et
637 1621 917 1690 inseusati,
947 1639 1084 1694 quos
1109 1627 1425 1696 oportebat,
1451 1636 1509 1681 ut
1537 1627 1951 1684 reeordarentur

2049 461 2158 508 tam
2200 454 2440 510 victoria:
2478 455 2710 526 gloriam
2748 458 3105 530 quadraginta
3145 459 3336 518 diebus
3371 460 3474 522 fuit
3510 483 3635 524 cum

2046 543 2344 616 discipulis,
2373 553 2664 616 antequam
2691 547 2888 604 cmlum
2916 549 3252 608 ascenderet.
3283 553 3481 612 Primis
3503 573 3638 626 qua-

2047 631 2294 702 draginta
2339 633 2531 692 diebus
2580 637 2927 694 tentatiouem
2979 638 3140 708 hujus
3188 643 3635 713 peregrinationis

2047 723 2314 791 ostendit;
2352 727 2744 796 posterioribus
2775 729 3128 798 quadraginta
3168 731 3361 788 diebus
3392 736 3634 791 consola-

2051 811 2270 878 tionem,
2298 828 2462 882 quam
2490 816 2664 871 sancti
2694 817 2926 873 habituri
2955 827 3081 875 sunt
3115 821 3168 875 in
3199 823 3391 892 patria.
3426 823 3642 897 Corpus

2046 901 2212 965 enim,
2251 902 2304 956 id
2341 911 2424 958 est
2451 903 2714 966 Ecclesia.
2741 921 2962 964 necesse
3005 919 3088 966 est
3121 914 3638 986 tentationcspatia-

2051 1000 2137 1044 tur
2166 991 2217 1046 in
2258 993 2360 1048 hoc
2397 995 2628 1052 sreculo:
2661 997 2756 1053 sed
2784 1013 2892 1054 non
2930 1001 3083 1056 deest
3111 1002 3162 1056 in
3199 1003 3289 1060 illo
3314 1009 3634 1072 consolatio.

2047 1081 2138 1154 qui
2167 1082 2302 1137 dixit
2332 1101 2346 1136 :
2379 1082 2515 1139 Ecce
2541 1101 2634 1158 ego
2663 1087 2921 1142 uobiscum
2949 1106 3065 1145 sum
3105 1109 3264 1164 usque
3299 1095 3370 1148 ad
3396 1112 3632 1154 consum-

2049 1171 2329 1226 mationem
2367 1174 2547 1230 saeculi
2587 1175 2803 1249 (Matth.
2837 1195 3033 1247 ιχνιιι,
3071 1179 3184 1252 20).
3225 1181 3430 1249 Quibus
3458 1185 3642 1256 ,ἱρεῖαι-ἱ

2048 1269 2267 1330 propter
2295 1261 2664 1320 inﬁdelitatem
2693 1281 2868 1331 suam,
2905 1285 3010 1324 non
3046 1271 3287 1326 introisse
3321 1273 3376 1328 in
3405 1276 3637 1345 requiem

2047 1365 2236 1404 meam.
2269 1351 2437 1424 Loqui
2469 1353 2660 1421 Deum,
2697 1371 2949 1428 maguum
2976 1368 3088 1426 est;
3121 1369 3328 1430 quanto
3350 1366 3522 1435 magis
3543 1366 3632 1436 jn-

2053 1452 2193 1494 rare.
2239 1437 2573 1497 Jurationem
2615 1443 3076 1503 conﬁrmationem
3124 1450 3293 1506 voluit
3339 1451 3478 1508 ﬁeri.
3532 1454 3633 1515 Ρω-

2049 1541 2208 1596 quem
2244 1529 2394 1602 jurat
2427 1531 2590 1600 Deus,
2620 1533 2724 1590 nisi
2761 1552 2858 1607 per
2895 1537 3103 1609 ipsum?
3138 1539 3252 1595 Non
3291 1543 3436 1600 enim
3475 1545 3636 1601 habet

2051 1619 2309 1690 majorem
2357 1637 2454 1692 per
2499 1639 2658 1694 quem
2703 1625 2869 1696 juret.
2915 1627 3022 1684 Per
3065 1631 3300 1702 seipsqu
3349 1634 3638 1695 conﬁrmat

371 1716 643 1766 tantorum
673 1711 766 1768 Dei
795 1715 1196 1780 beneﬁciorum,
1222 1724 1279 1772 et
1306 1719 1572 1786 quomodo
1607 1733 1702 1774 eos
1738 1717 1951 1780 clausos
1981 1713 2024 1772 Β
2054 1710 2227 1764 minas
2248 1725 2392 1766 511³8·
2431 1711 2581 1768 Sic"!
2608 1729 2794 1770 νειύιῐι
2817 1725 2901 1772 εει
2927 1719 3071 1788 11110d
3098 1723 3383 1792 Ρτοηιίιιῖιν
3413 1725 3490 1780 Sic
3519 1741 3637 1781 θεῖ’-

371 1801 424 1854 in
451 1802 628 1858 medio
651 1805 782 1858 tanti
804 1807 1073 1862 exercitus
1099 1806 1476 1878 .‘Egyptiorum
1503 1808 1700 1878 eripuit
1721 1809 1786 1864 de
1815 1809 1958 1880 peri-

369 1892 523 1960 culo;
567 1903 623 1950 et
666 1894 945 1954 ﬂuviorum
992 1899 1166 1956 fontes
1203 1900 1320 1956 sine
1359 1899 1568 1956 defectu
1607 1903 1854 1969 donavit,
1902 1907 1958 1958 et

371 1999 565 2040 manna
605 1986 822 2052 tribuit,
864 1997 918 2044 et
959 1989 1063 2044 alia
1102 1991 1383 2056 miracula,
1425 2007 1545 2062 quae
1585 2001 1837 2064 operatus
1875 2001 1960 2050 est

349 2063 480 2142 'eis;
508 2083 562 2130 et
585 2077 786 2136 credita
812 2078 922 2136 Deo
947 2078 1182 2154 [Cltrys.,
1203 2090 1258 2139 et
1279 2084 1503 2140 credere
1530 2063 1661 2156 Deo]
1677 2125 1694 2150 ,
1722 2100 1824 2140 nec
1845 2084 1956 2142 Deo

370 2164 742 2234 crediderunt,
791 2184 888 2225 nec
926 2170 1119 2226 horum
1166 2171 1366 2244 aliquid
1417 2175 1763 2230 rcmemorati
1809 2186 1952 2243 sunt,

369 2253 464 2306 sel
522 2255 713 2312 timore
771 2261 1042 2328 perterriti
1101 2259 1353 2318 dixerunt
1413 2281 1426 2316 :
1487 2261 1846 2320 Revertamur
1901 2267 1954 2321 in

371 2343 684 2416 xﬁgyptum.
723 2349 865 2406 Deus
907 2351 1072 2422 igitur
1107 2353 1278 2408 iratus
1307 2363 1391 2409 est
1421 2355 1535 2421 eis,
1572 2357 1696 2426 quia
1732 2359 1811 2414 sic
1847 2361 1956 2415 cito

369 2433 519 2488 obliti
549 2435 764 2490 fuerunt
789 2439 1170 2496 beneficiorum
1202 2441 1322 2507 Dei,
1353 2444 1787 2516 mirabiliumque
1815 2449 1952 2520 ejus,

365 2521 566 2591 juravit
592 2532 652 2576 ut
681 2541 782 2578 non
815 2526 1040 2583 intraret
1069 2531 1345 2598 generatio
1375 2531 1462 2586 illa
1485 2533 1539 2587 in
1570 2536 1809 2604 requiem
1832 2554 1957 2608 pro-

371 2613 592 2667 missam
637 2614 764 2668 olim
813 2617 1087 2686 patribus;
1137 2628 1192 2676 et
1237 2621 1318 2676 sic
1359 2637 1547 2678 omnes
1587 2625 1862 2695 perierunt
1899 2627 1954 2682 in

369 2716 575 2768 eremo,
619 2714 816 2774 praeter
856 2706 1022 2781 674
1059 2709 1192 2765 duos
1241 2716 1628 2770 tantummodo.
1681 2715 1816 2772 Tres
1854 2717 1955 2772 ita-

370 2808 476 2862 que
524 2795 736 2864 requies
766 2795 1054 2868 Apostolus
1107 2811 1370 2860 memorat
1416 2804 1468 2859 in
1517 2805 1618 2862 hac
1663 2807 1888 2876 epis'ola
1935 2827 1948 2862 :

370 2899 532 2940 uuam
570 2883 801 2952 sabbati,
847 2903 954 2957 qua
989 2889 1246 2946 Dominus
1289 2893 1554 2964 requievit
1593 2895 1662 2950 ab
1699 2897 1954 2966 operibus

369 2976 514 3041 suis;
549 2979 838 3034 secundam
876 2979 930 3035 in
966 2981 1264 3049 Palestina,
1307 2985 1360 3040 in
1389 3001 1550 3056 quam
1589 2987 1842 3044 Israelita:
1871 2988 1956 3042 in-

2059 1807 2169 1854 tum
2207 1811 2290 1856 est
2321 1804 2463 1872 quod
2499 1805 2752 1860 minatur.
2803 1807 3011 1864 Juravit
3045 1820 3104 1867 ut
3140 1829 3245 1868 non
3278 1815 3544 1873 intrarent
3579 1819 3639 1874 iu

2059 1893 2298 1963 requiem
2330 1894 2528 1966 ipsius;
2569 1905 2624 1952 et
2665 1907 2844 1956 tamen
2871 1910 3084 1972 oportet
3111 1905 3312 1960 intrare
3345 1905 3556 1978 aliquos
3581 1909 3644 1968 in

2057 1986 2297 2055 requiem
2325 1987 2515 2058 ipsius.
2535 1988 2644 2045 illis
2660 2007 2791 2062 ergo
2821 1995 3140 2064 reprobatis,
3165 2013 3262 2053 nos
3284 1999 3604 2060 intrabimus
3620 2019 3643 2068 ;.

2056 2077 2182 2144 quia
2219 2076 2262 2132 si
2302 2077 2465 2150 aliqui
2500 2093 2567 2134 ex
2608 2081 2775 2138 ramis
2809 2092 3026 2154 pmpter
3061 2086 3546 2147 dissimilitudinem
3585 2103 3641 2148 et

2059 2167 2427 2226 i:.ﬁdelitatem
2455 2167 2615 2227 fracti
2643 2180 2790 2238 sunt,
2818 2189 2916 2230 nos
2943 2184 3162 2247 propter
3191 2177 3350 2236 ﬁdem
3383 2191 3437 2236 et
3463 2181 3640 2241 Immi-

2055 2257 2260 2315 litatem
2289 2259 2614 2316 inseramur.
2647 2259 2906 2332 Sequitur
2927 2265 3070 2321 enim
3093 2268 3401 2328 exhortatio
3427 2281 3642 2343 aposto-

2055 2348 2158 2404 lica
2187 2350 2255 2404 ad
2292 2350 2546 2421 populum
2579 2351 2648 2407 de
2685 2354 2870 2424 requie
2909 2355 3248 2423 introeunda,
3278 2359 3408 2416 dicit
3444 2362 3586 2417 enim
3623 2381 3638 2416 ι

2056 2437 2240 2506 (Vens.
2291 2437 2376 2508 l2)
2441 2437 2643 2506 Videte,
2690 2442 2909 2510 fratres,
2959 2462 3024 2500 ne
3069 2446 3204 2516 {orte
3247 2450 3313 2503 sit
3359 2451 3416 2504 in
3463 2450 3641 2524 otique

2055 2538 2279 2582 rostrum
2319 2544 2411 2584 cor
2451 2529 2649 2587 malum
2689 2533 3090 2601 incredulitatis,
3131 2539 3432 2594 discedendi
3471 2559 3504 2596 a
3531 2543 3641 2604 Deo

2055 2622 2182 2676 riro.
2217 2637 2238 2671 ο
2273 2619 2478 2692 Quippe
2517 2635 2614 2692 per
2653 2623 2906 2680 duritiam
2954 2625 3240 2684 inﬁdelitas
3283 2631 3542 2700 nascitur,
3585 2643 3640 2689 et

2053 2712 2193 2767 sicut
2239 2711 2498 2767 obdurata
2551 2728 2778 2784 corpora
2827 2723 2882 2771 et
2931 2717 3065 2772 dura
3114 2735 3218 2774 non
3271 2723 3638 2794 obsequuntur

2055 2801 2301 2858 manibus
2337 2803 2698 2870 medicorum,
2739 2805 2818 2862 sic
2861 2815 2916 2861 et
2962 2807 3155 2865 animae
3203 2811 3479 2869 obduratze
3531 2831 3646 2871 non

2051 2891 2418 2961 obsequuntur
2454 2893 2771 2952 verboDci.
2819 2895 2874 2951 Si
2915 2897 3062 2954 enim
3099 2909 3282 2969 patr-cs
3325 2903 3512 2970 vestri,
3559 2905 3632 2958 in-

2051 2985 2199 3052 quit,
2250 2983 2377 3053 quia
2425 2999 2528 3038 non
2586 2995 2970 3056 speraverant,
3024 2989 3162 3044 sicut
3199 2993 3483 3064 oportebat
3521 3010 3641 3066 spe-

370 3069 573 3136 gressi,
614 3070 904 3140 requieturi
941 3084 1186 3132 erantex
1217 3055 1432 3133 miseria
1471 3077 1633 3133 multa
1661 3087 1715 3134 et
1752 3055 2018 3134 labori-c
2054 3093 2204 3144 rare,
2251 3077 2365 3134 haec
2419 3078 2563 3146 passi
2617 3089 2742 3134 sunt
2793 3097 2913 3149 qua:
2966 3080 3216 3152 leguntur
3272 3083 3334 3138 iu
3380 3084 3638 3149 historia.

371 3157 498 3222 bus;
531 3160 762 3224 tertiam,
793 3177 911 3232 qua:
939 3179 1066 3218 vera
1089 3174 1172 3220 est
1198 3167 1433 3236 requies,
1465 3168 1566 3223 hoc
1589 3177 1693 3234 est,
1723 3183 1945 3240 regnum

371 3246 652 3312 emlorum,
684 3250 749 3303 a-l
781 3267 940 3319 quam
967 3267 1100 3321 quos
1119 3256 1400 3324 pervenire
1427 3257 1730 3329 contigerit,
1762 3273 1948 3314 revera

372 3335 712 3404 requiescunt
746 3356 776 3392 a
819 3338 1092 3396 laboribus
1121 3350 1174 3396 et
1202 3343 1604 3400 difﬁcultatibus
1637 3347 1776 3413 suis;
1824 3368 1840 3401 ι
1881 3347 1949 3402 de

373 3438 478 3492 qua
527 3425 614 3480 hic
656 3428 914 3496 propheta
956 3429 1220 3500 loquitur,
1264 3433 1520 3489 adversus
1563 3433 1830 3492 lsraclitas
1871 3440 1951 3494 di-

370 3531 502 3570 cens
543 3557 556 3570 .
602 3515 772 3572 Hodie
813 3519 858 3574 si
899 3537 1068 3576 uocem
1107 3523 1220 3592 ejus
1257 3525 1546 3592 audieritis,
1587 3544 1651 3582 ne
1689 3528 1950 3585 obduretis

371 3607 530 3660 cordo
563 3619 748 3674 ucstra,
781 3625 846 3666 ne
871 3611 1066 3668 similia
1095 3615 1402 3686 patiamini,
1433 3619 1556 3687 quia
1595 3617 1799 3692 [Forte,
1832 3639 1952 3692 qua:

372 3697 454 3750 vel
484 3699 686 3773 qualia]
723 3705 1096 3775 progenitores
1119 3707 1284 3762 vestzi
1313 3710 1456 3780 passi
1485 3721 1630 3778 sunt,
1669 3722 1726 3768 et
1755 3715 1949 3784 privati

373 3797 497 3842 sunt
523 3791 707 3859 requie
735 3795 1022 3864 promissa.
1050 3795 1350 3866 Aliquando
1377 3802 1520 3854 enim
1551 3803 1834 3856 audierunt
1863 3820 1952 3872 pa-

375 3883 484 3931 tres
511 3881 674 3934 vestri
699 3897 884 3936 voccm
909 3884 1048 3938 illius
1076 3901 1172 3954 per
1195 3886 1430 3956 Moysen,
1457 3897 1511 3940 et
1537 3889 1782 3944 obdurati
1806 3901 1949 3946 sunt.

372 3962 514 4033 Ergo
545 3974 668 4021 tunc
701 3983 796 4036 per
831 3985 1133 4038 przeconem
1173 3972 1380 4028 locutus
1414 3983 1518 4040 est,
1549 3978 1760 4046 quando
1784 3979 1954 4034 obdu-

373 4053 537 4108 rastis
563 4057 729 4110 corda
752 4067 952 4113 vestra.
975 4059 1080 4115 Per
1097 4077 1156 4116 se
1183 4079 1325 4120 nunc
1347 4062 1614 4136 loquitur;
1641 4069 1954 4128 mollescunt

373 4143 535 4196 corda
564 4152 764 4199 vestra.
812 4145 913 4213 Qui
954 4164 1229 4219 praecones
1269 4162 1395 4210 ante
1435 4170 1493 4212 se
1535 4157 1798 4224 mittebat,
1842 4162 1953 4232 ipse

371 4235 558 4289 venire
588 4236 839 4307 dignatus
866 4249 984 4295 est:
1011 4258 1106 4298 ore
1133 4260 1230 4300 suo
1252 4245 1343 4302 hic
1373 4247 1626 4318 loquitur,
1651 4253 1742 4321 qui
1771 4252 1957 4324 loque-

373 4325 533 4380 batur
558 4342 656 4397 per
679 4345 774 4384 ora
802 4333 1206 4402 prophetarum.
1230 4335 1311 4394 Ad
1335 4339 1452 4410 ejus
1478 4355 1606 4395 vero
1631 4357 1837 4409 vocem,
1859 4347 1949 4415 qui

373 4431 674 4485 praeconem
722 4421 885 4485 misit,
927 4430 983 4476 et
1028 4440 1169 4480 nunc
1211 4442 1310 4496 per
1351 4444 1410 4484 se
1455 4429 1739 4498 clamabat,
1787 4434 1950 4490 nolite

373 4505 624 4561 (tl-uadere
651 4510 812 4564 corda
847 4520 1044 4566 vestra.
1087 4514 1462 4574 Recordamini
1493 4523 1756 4589 quomodo
1782 4522 1950 4579 obdu-

376 4597 476 4652 rati
508 4609 632 4654 sunt
671 4609 852 4670 patres
883 4604 1063 4666 vestri,
1105 4615 1160 4660 et
1187 4611 1452 4677 quomolo
1485 4628 1588 4666 non
1628 4614 1952 4674 introierunt

376 4689 429 4744 in
463 4691 702 4760 requiem
731 4693 1081 4762 promissam,
1113 4699 1205 4752 sed
1245 4701 1524 4755 amaricati
1555 4717 1952 4764 murmurantes

375 4793 564 4838 contra
594 4783 760 4839 Deum
799 4787 1092 4854 perierunt.
1131 4789 1321 4845 Patres
1350 4793 1514 4846 vestri
1551 4807 1699 4850 erant
1731 4799 1822 4867 qui
1854 4814 1950 4868 pe-

378 4877 614 4943 rierant,
653 4877 816 4933 nolite
846 4880 1044 4936 imitari
1073 4899 1194 4948 eos;
1236 4891 1418 4954 patres
1444 4887 1608 4942 vestri
1637 4898 1823 4956 erant;
1856 4891 1950 4946 sed

377 4967 421 5021 si
459 4968 650 5024 imitati
687 4986 782 5026 eos
819 4988 921 5027 non
959 4975 1186 5036 fueritis.
1218 4986 1401 5045 patres
1435 4980 1599 5034 vestri
1636 4997 1742 5036 non
1771 4992 1949 5048 erunt,

377 5061 620 5131 quamvh
651 5063 716 5116 de
743 5065 823 5118 eis
852 5066 958 5118 nati
995 5067 1135 5131 sitis,
1175 5069 1408 5124 scientes
1439 5071 1561 5139 quia
1598 5073 1735 5129 Deus
1762 5087 1954 5146 po’eus

377 5161 456 5206 est
485 5155 548 5205 de
573 5153 834 5223 lapidibus
859 5159 1120 5214 suscitare
1144 5160 1278 5216 ﬁlios
1311 5159 1556 5216 Abralne.
1591 5163 1953 5238 Quadraginta

379 5247 534 5296 ruinis
582 5242 808 5310 offensus
857 5243 936 5310 [ui
989 5251 1304 5313 generutioni
1351 5250 1492 5304 huic.
1549 5251 1728 5308 Multis
1779 5256 1950 5312 modis

379 5337 464 5404 est
489 5329 777 5397 castigata;
827 5328 928 5398 ipsi
972 5339 1150 5386 tamen
1179 5351 1392 5408 semper
1421 5341 1582 5396 corde
1610 5341 1946 5398 erraverunt.

380 5402 746 5489 Quadraginta
789 5419 979 5474 diebus
1018 5421 1274 5478 Dominus
1297 5402 1371 5481 ‘in
1419 5429 1632 5486 deserto
1667 5431 1949 5502 jejunavit,

381 5524 506 5562 cum
553 5509 908 5580 triumpharet
946 5511 1010 5566 de
1047 5528 1114 5566 eo
1153 5529 1252 5582 per
1287 5531 1448 5583 quem
1490 5520 1564 5576 illi
1599 5525 1951 5596 quadraginta

385 5598 538 5654 annis
565 5611 1033 5656 murmuravcruut
1060 5613 1248 5660 contra
1271 5603 1448 5662 Deum
1478 5609 1530 5664 in
1557 5627 1740 5671 eremo
1755 5630 1772 5680 ;
1807 5624 1954 5688 post-

2049 3165 2202 3234 cujus
2251 3175 2374 3224 ante
2417 3169 2855 3235 memorauimus,
2901 3179 2957 3224 et
3004 3173 3275 3242 perierunt
3321 3173 3375 3228 in
3426 3175 3648 3233 deserto-

2051 3267 2270 3328 proptcr
2307 3258 2812 3332 dtu'itian1_('ordis;
2859 3263 3024 3316 multo
3063 3263 3295 3336 amplius
3333 3265 3485 3322 vobis
3513 3267 3650 3324 talia;

2053 3349 2284 3404 timenda
2331 3359 2488 3414 sunt,
2531 3351 2670 3405 sicut
2708 3351 2810 3406 illis
2847 3353 3192 3408 acciderunt.
3225 3354 3307 3410 Ad
3339 3355 3458 3412 illos
3495 3359 3638 3412 enim

2051 3451 2228 3492 sermo
2267 3438 2366 3492 ἱειο
2405 3438 2578 3494 factus
2615 3449 2718 3504 est,
2759 3440 2850 3512 qui
2891 3441 2944 3496 in
2985 3444 3273 3513 praesentia
3312 3445 3528 3500 luerunt
3556 3447 3638 3502 vel

2054 3527 2216 3583 futuri
2266 3537 2421 3594 sunt,
2467 3529 2585 3583 ideo
2629 3530 2796 3584 dicit:
2829 3530 3001 3582 hodie.
3045 3531 3212 3586 llodie
3241 3548 3470 3604 namque
3497 3549 3636 3590 sent-

2051 3637 2148 3691 per
2179 3627 2290 3684 est,
2333 3621 2501 3674 donec
2536 3627 2748 3674 constat
2781 3621 3030 3675 mundus.
3077 3641 3094 3673 ι
3139 3623 3304 3678 Intrat
3331 3624 3475 3680 enim
3519 3628 3643 3698 plus

2052 3711 2232 3764 dicere
2273 3709 2338 3762 de
2389 3708 2568 3772 hodie,
2618 3715 2671 3761 et
2716 3707 2990 3778 subiungit
3032 3711 3264 3767 dicens:
3304 3713 3489 3784 (Vens.
3547 3718 3640 3790 15)

2055 3795 2160 3849 Sed
2181 3793 2534 3847 adhortamini
2562 3795 2898 3865 vosmetipsos
2925 3815 3017 3868 per
3046 3801 3278 3870 singulos
3303 3801 3436 3872 dies,
3471 3807 3636 3863 donec

2051 3883 2203 3938 hodie
2245 3884 2658 3954 cognomiuetur,
2699 3895 2756 3938 ut
2797 3903 2902 3940 non
2929 3888 3202 3944 obduretm
3243 3894 3360 3962 quis
3392 3913 3458 3950 ea:
3498 3897 3646 3952 vobis

2051 3971 2266 4043 fallacia
2302 3975 2518 4044 peccati.
2562 3991 2580 4025 ‹
2617 3973 2730 4030 Hoc
2767 3983 2887 4041 est,
2919 3976 3180 4035 adiﬁcatc
3220 3981 3476 4048 invicem,
3517 4002 3634 4042 eor-

2054 4064 2210 4135 rigite
2236 4064 2505 4134 vosipsos,
2535 4080 2601 4120 ne
2631 4068 2950 4140 contingant
2981 4070 3134 4125 vobis
3169 4071 3395 4140 similia;
3435 4091 3504 4132 ne
3539 4079 3634 4133 ob-

2053 4153 2274 4209 duretur
2317 4155 2598 4226 quisquam
2646 4174 2710 4214 ex
2753 4159 2926 4224 vobis,
2969 4162 3266 4234 deeipiente
3301 4176 3524 4236 peccato
3552 4169 3633 4224 in-

2053 4241 2349 4299 ﬁdelitatis.
2387 4244 2634 4302 Attendis
2667 4249 2792 4317 quia
2828 4249 3115 4308 inﬁdelitas
3157 4263 3435 4322 peccatum
3469 4255 3631 4323 facit;

2054 4333 2192 4387 sicut
2217 4333 2362 4387 enim
2393 4334 2682 4391 inﬁdelitas
2722 4339 3008 4408 malignam
3048 4343 3210 4396 vitam
3249 4355 3515 4413 procreat,
3553 4349 3632 4404 sic

2053 4425 2212 4479 etiam
2248 4427 2445 4490 anima,
2481 4429 2694 4496 quando
2732 4429 2784 4483 in
2824 4430 3140 4500 profundum
3180 4436 3438 4493 malorum
3474 4457 3635 4498 vene-

2051 4518 2140 4582 rit,
2185 4519 2482 4574 contemnit
2529 4531 2544 4571 :
2595 4529 2932 4592 contemptus
2981 4523 3212 4597 [Clu-gs.,
3261 4533 3632 4606 contemnens]

2051 4616 2229 4662 autem
2267 4622 2440 4677 neque
2471 4609 2692 4664 credere
2729 4613 2948 4680 patitur,
2982 4625 3040 4670 ut
3063 4633 3121 4672 se
3150 4636 3178 4672 a
3210 4621 3404 4677 timore
3441 4626 3631 4680 monis

2051 4707 2322 4773 perpetua:
2362 4698 2571 4755 liberet.
2614 4701 2815 4758 Deinde
2856 4705 3016 4762 infert
3052 4708 3338 4777 Apostolus
3381 4733 3394 4767 :
3440 4713 3626 4786 (Vens.

2054 4789 2140 4860 Η)
2178 4789 2462 4860 Pnrticipes
2490 4791 2627 4845 enim
2655 4791 2846 4847 Citriin
2871 4796 3037 4864 e/fecti
3060 4815 3260 4855 sumus.
3311 4818 3331 4852 t
3361 4801 3498 4870 Quid
3522 4814 3627 4870 est,

2049 4880 2324 4948 participes
2353 4881 2521 4950 e/I‘ecti
2548 4899 2728 4937 sumus
2757 4883 2992 4940 Christi?
3024 4886 3416 4960 Participamur
3447 4907 3512 4948 ex
3541 4911 3634 4960 eo,

2051 4970 2246 5042 inquit,
2273 4971 2324 5025 id
2349 4980 2454 5036 est,
2484 4973 2608 5028 facti
2639 4990 2824 5030 sumus
2856 4993 3019 5032 unum
3049 4993 3169 5033 cum
3199 4979 3308 5036 illo.
3351 4982 3636 5057 Siquidem»

2053 5057 2164 5126 ipse
2210 5067 2371 5130 caput
2414 5071 2497 5116 est
2538 5070 2593 5116 et
2637 5079 2733 5118 nos
2764 5065 3024 5131 membra,
3067 5069 3382 5129 colueredes
3409 5082 3464 5129 et
3502 5089 3628 5131 eon—

2052 5150 2358 5216 corporalcs
2405 5171 2423 5202 ι
2475 5151 2548 5205 illi
2587 5155 2877 5208 secundum
2909 5157 3200 5226 spiritalem
3239 5161 3505 5220 hominem
3537 5169 3649 5236 quit

2055 5245 2271 5292 creatus
2298 5247 2378 5292 est
2407 5241 2457 5292 in
2489 5241 2624 5309 ipso.

2125 5347 2288 5422 675
2325 5348 2386 5402 Si
2418 5359 2590 5405 tamen
2623 5352 2826 5408 initium
2858 5357 3163 5416 substantia
3187 5363 3302 5432 ejus
3358 5381 3524 5438 usque
3557 5370 3647 5423 ad-

2057 5439 2212 5504 ﬁnem
2235 5438 2447 5507 ﬁrmum
2479 5441 2770 5498 retinemus.
2808 5462 2828 5496 ι
2861 5445 2999 5515 Quid
3024 5458 3108 5504 est
3145 5451 3355 5510 initium
3379 5459 3615 5516 substan.

2061 5526 2180 5582 tite?
2205 5524 2392 5581 Fidem
2417 5527 2699 5599 signiﬁcat,
2737 5547 2836 5603 per
2856 5550 3019 5606 quam
3053 5541 3497 5613 subsistimusget
3515 5546 3640 5606 Deo.

2061 5619 2182 5676 uati.
2195 5635 2382 5678 sumus
2402 5621 2457 5677 in
2479 5621 2636 5690 ﬁlios,
2657 5629 3065 5698 etesscntiales.
3088 5643 3147 5695 ut
3177 5637 3250 5695 ibi
3275 5637 3473 5704 dicata,
3498 5637 3624 5694 tacti
