4002 6186
357 289 498 350 1049

1060 287 1471 346 EXEGETICA.
1503 319 1573 328 —-
1606 284 1853 342 EXPOS.
1890 284 1957 340 IN
1997 286 2214 342 EPIST.
2257 286 2312 343 S.
2356 288 2555 345 PAULI
2596 289 2688 344 AD
2726 290 2929 348 HEBR.

3472 294 3609 348 1050

352 401 693 474 interposuit,
726 406 786 455 ut
808 414 1080 468 nunquam
1126 400 1476 468 desperarent
1512 414 1572 453 se
1610 398 1924 461 intraturos,
1957 403 1997 454 Α
2028 397 2181 466 cujus
2200 400 2479 455 scientiam
2518 400 2826 456 nullatenus
2850 399 3084 470 cdugere
3110 401 3421 459 valebimus.
3463 404 3610 460 Dixit

352 493 506 564 quasi
541 491 784 546 diceret:
821 507 839 538 ε
877 487 934 542 Si
967 487 1252 558 quisquam
1285 487 1618 556 peccaverit,
1653 500 1931 555 nsqueqno

351 590 440 638 est
484 579 667 643 hodie,
717 592 867 649 spem
910 578 1108 632 haheat
1155 577 1481 632 revertendi.
1534 576 1721 630 Nullus
1767 576 1934 646 igitur

350 674 602 741 desperet
628 683 907 739 usquequo
932 668 1084 722 vivit.
1118 686 1138 720 ι

423 763 587 817 Vens.
634 762 722 816 ll.
770 790 834 801 --
888 758 1215 815 Festinemus
1261 776 1383 830 ergo
1425 760 1628 830 ingredi
1678 760 1732 812 in
1783 758 1929 811 illam

352 854 577 924 requiem
601 890 616 915 ,
673 861 729 904 ut
790 867 854 904 ne
911 851 965 903 in
1024 851 1251 921 idipsum
1302 851 1501 905 incidat
1552 848 1931 904 incredulitatis

350 942 662 1013 exmplum.
699 959 717 991 α
756 941 944 1011 Magna
975 942 1192 1011 qvidem
1235 957 1323 997 res
1350 950 1433 996 cst
1464 941 1595 996 ﬁdes
1634 949 1689 994 et
1726 939 1928 995 saluta-

351 1031 458 1095 ris;
488 1039 543 1085 et
570 1031 686 1085 sine
710 1030 811 1084 hac
836 1044 940 1084 non
968 1039 1051 1083 est
1076 1029 1268 1084 salvari
1294 1029 1548 1099 possibile
1573 1028 1731 1083 alicui
1748 1068 1764 1093 ,
1793 1029 1931 1082 sicut

349 1122 556 1176 dictum
593 1128 719 1179 est:
756 1118 883 1174 Sine
922 1120 1027 1188 ﬁde
1066 1118 1383 1189 impossibile
1428 1128 1504 1172 est
1547 1117 1752 1188 placere
1789 1117 1929 1179 Deo;

350 1212 446 1266 sed
478 1227 585 1268 non
623 1210 819 1266 sufﬁcit
857 1209 967 1264 sola
1012 1211 1127 1265 haec
1163 1224 1178 1263 :
1217 1210 1428 1279 operari
1462 1225 1558 1279 per
1591 1209 1930 1264 dilectionem

350 1302 513 1356 ﬁdem
558 1299 921 1355 necessarium
965 1307 1082 1364 est,
1137 1308 1194 1354 et
1236 1300 1543 1355 conversari
1593 1299 1753 1369 digne
1796 1299 1926 1353 Deo.

350 1392 581 1448 Proinde
603 1393 767 1447 etiam
799 1391 996 1447 Paulus
1024 1392 1278 1447 admonet
1309 1406 1404 1447 eos
1435 1392 1527 1461 qui
1565 1392 1928 1462 dignationem

348 1482 727 1554 mysteriorum
758 1483 1030 1552 suscipere
1056 1492 1389 1547 meruerunt,
1422 1483 1608 1538 dicens
1639 1499 1653 1537 :
1689 1481 1928 1537 Festine-

347 1589 465 1626 mus
506 1571 708 1642 ingredi
754 1572 809 1625 in
852 1571 998 1626 illam
1042 1572 1285 1643 requiem.
1330 1572 1690 1637 Festinemns,
1735 1573 1927 1643 inquit,

346 1668 600 1734 quoniam
641 1678 748 1718 non
793 1663 991 1717 suflieit
1034 1663 1185 1728 ﬁdes,
1233 1664 1326 1719 sed
1365 1664 1524 1719 debet
1561 1664 1681 1720 addi
1726 1674 1781 1718 et
1820 1665 1929 1719 vita

2031 490 2197 555 enim,
2223 500 2279 543 ut
2302 491 2557 545 discretar
2582 494 2651 546 sit
2688 507 2866 548 sermo
2892 493 3016 556 Dei,
3048 494 3098 547 id
3127 502 3233 555 est,
3275 497 3609 564 previdentia

2030 580 2158 645 Dei,
2201 576 2570 652 cogitationum
2610 593 2657 637 et
2694 584 3039 637 intentiomtm
3075 585 3246 638 cordis
3272 601 3292 639 :
3321 588 3613 643 ostendens

2029 670 2155 737 quia
2189 672 2367 726 omnia
2398 682 2582 727 nostra
2622 673 2877 727 interiora
2919 674 3002 728 vel
3041 675 3309 730 exteriora
3346 676 3608 748 dijudica-

2032 758 2232 813 buntur
2252 760 2321 815 ab
2346 776 2431 826 eo,
2459 763 2586 831 quia
2614 756 2793 818 omnia
2821 773 3004 818 nostra
3033 765 3203 830 novit,
3230 774 3284 819 et
3315 774 3485 822 totum
3515 781 3613 837 per

2031 853 2202 902 totum
2227 860 2472 919 penetrat
2496 853 2788 909 hominem.
2816 856 2924 909 Nec
2950 856 3145 909 mirum
3171 856 3217 911 si
3242 864 3383 912 totus
3410 859 3612 927 ubique

2031 946 2198 992 totam
2228 954 2379 995 suam
2406 944 2650 1012 agnoscit
2670 953 2993 1009 creaturam,
3022 946 3136 999 sive
3157 946 3474 1015 spiritalem,
3499 950 3614 1003 sive

2028 1030 2385 1100 cnrporalem,
2414 1034 2540 1103 quia
2571 1034 2705 1088 nihil
2731 1039 2873 1105 quod
2905 1036 3102 1090 laeum
3129 1047 3211 1092 est
3232 1079 3246 1103 ,
3283 1041 3401 1094 sine
3437 1055 3500 1094 eo
3527 1040 3609 1095 fa-

2029 1129 2174 1174 ctum
2200 1128 2302 1176 est.
2333 1121 2458 1177 ideo
2485 1123 2690 1179 addidit
2730 1143 2743 1179 :
2786 1127 2970 1195 (Vens.
3016 1127 3100 1193 l5)
3144 1126 3211 1180 Et
3253 1144 3356 1181 non
3392 1139 3466 1182 est
3503 1129 3613 1182 ulla

2029 1220 2270 1265 creatura
2321 1213 2594 1267 invisibilis
2648 1216 2701 1268 in
2760 1227 3036 1286 conspectu
3085 1217 3219 1287 ejus.
3281 1216 3472 1272 Omnia
3519 1236 3615 1271 au-

2027 1311 2130 1356 tem
2162 1304 2305 1358 nuda
2330 1315 2379 1358 et
2417 1317 2596 1377 aperta
2635 1318 2759 1362 sunt
2801 1308 2966 1362 oculis
3005 1310 3138 1379 ejus.
3179 1329 3198 1360 ι
3238 1309 3338 1365 llic
3381 1310 3615 1365 maxime

2028 1408 2124 1448 eos
2163 1396 2375 1461 terruit,
2417 1412 2485 1452 ne
2530 1396 2668 1452 forte
2707 1399 2904 1465 adhuc,
2932 1399 3125 1469 inquit,
3169 1400 3223 1454 in
3265 1400 3370 1454 ﬁde
3411 1409 3616 1457 stantes

2029 1498 2136 1537 non
2160 1499 2283 1539 cum
2309 1486 2518 1556 integra
2559 1487 2926 1542 satisfactione
2956 1489 3252 1557 perficiatis
3276 1489 3396 1544 ﬁdi
3425 1505 3613 1559 opera,

2027 1589 2151 1643 qua!
2173 1575 2286 1644 ipse
2313 1592 2435 1646 quae
2462 1577 2514 1631 in
2545 1578 2709 1633 corde
2732 1588 2858 1632 sunt
2881 1579 3163 1643 discernit,
3206 1580 3278 1634 ibi
3316 1580 3617 1647 examinat,

2029 1662 2120 1715 ubi
2151 1663 2477 1729 considerat,
2519 1666 2748 1721 reddens
2786 1668 3075 1737 unicuique
3116 1669 3409 1724 secundum
3450 1685 3615 1738 opera

349 1755 470 1809 ﬁdei
509 1755 806 1825 condigna;
845 1764 900 1810 et
933 1755 1157 1809 multum
1193 1756 1428 1810 stuuium
1467 1756 1618 1811 debet
1659 1756 1925 1820 adhiberi,
1962 1747 2006 1805 Β
2032 1768 2146 1807 sua.
2191 1754 2257 1807 Et
2279 1754 2409 1824 quid
2433 1756 2674 1811 dicemus
2716 1757 2782 1810 de
2823 1758 3166 1814 hominibus?
3203 1758 3281 1814 Ac
3321 1761 3365 1814 si
3398 1760 3618 1830 angelos

345 1863 413 1903 ne
446 1846 578 1902 ﬁdes
613 1848 683 1902 sit
711 1847 882 1903 otiosa
917 1865 929 1900 :
969 1845 1024 1901 Si
1058 1847 1202 1902 enim
1234 1856 1435 1902 terram
1475 1846 1678 1901 intrare
1721 1847 1792 1900 illi
1824 1863 1928 1901 non

344 1934 657 1992 meruerunt
698 1936 791 2006 qui
834 1937 1157 1991 murmurati
1197 1945 1322 1992 sunt
1359 1946 1545 1991 contra
1592 1922 1932 2006 Deum,quo-

343 2028 504 2084 modo
530 2044 627 2083 nos
652 2027 845 2083 cmlum
878 2029 1203 2082 merebimur
1226 2028 1430 2083 intrare
1458 2027 1823 2083 imiill‘ereuter
1853 2028 1930 2081 vi-

343 2127 531 2174 ventes
556 2119 697 2174 sicut
725 2119 947 2189 gentes?
980 2138 998 2169 ›
1045 2117 1191 2188 Opus
1217 2127 1298 2173 est
1336 2118 1533 2188 quippe
1556 2119 1701 2171 omni
1732 2118 1926 2173 volenti

341 2209 538 2265 caelum
573 2208 866 2279 possidere,
905 2208 1064 2263 ﬁdem
1102 2209 1356 2279 operibus
1388 2208 1544 2264 bonis
1570 2224 1784 2263 ornare.
1818 2207 1928 2263 Nec

341 2301 445 2355 hoc
481 2300 653 2355 solum
683 2299 863 2355 damni
906 2301 1068 2354 habet
1107 2301 1246 2354 male
1273 2301 1477 2364 vivens,
1510 2302 1652 2370 quod
1693 2299 1922 2372 [Suppl.,

340 2388 470 2462 non]
503 2389 670 2444 intrat
706 2390 761 2443 in
796 2404 1018 2460 regnum
1057 2389 1180 2454 Dei;
1210 2406 1396 2444 verum
1425 2392 1606 2452 etiam,
1640 2392 1782 2460 quod
1811 2407 1926 2444 ma-

335 2480 472 2552 joris
500 2488 584 2535 est
622 2479 870 2544 terroris,
908 2494 1081 2547 poma:
1119 2489 1391 2548 perpetuze
1432 2480 1725 2548 mancipari
1757 2497 1770 2534 :
1808 2479 1922 2534 ideo

339 2572 544 2627 addidit
568 2589 580 2624 :
611 2569 679 2625 Ut
707 2588 770 2625 ne
791 2570 843 2623 in
870 2568 1095 2641 idipsum
1123 2570 1318 2624 incidat
1346 2562 1726 2623 incredulitatis
1756 2587 1928 2624 exem—

340 2666 504 2738 plum.
546 2667 741 2721 Eorum
774 2665 994 2721 interitu
1031 2666 1121 2734 qui
1160 2664 1437 2734 perierunt
1473 2665 1525 2718 in
1568 2665 1782 2719 deserto
1822 2674 1929 2718 ter-

338 2760 449 2815 ruit
487 2759 794 2822 audientes,
839 2774 906 2811 ne
947 2757 1000 2811 in
1050 2756 1260 2811 illorum
1307 2756 1606 2810 inciderent
1638 2754 1924 2823 judicium,

337 2852 490 2923 quasi
541 2851 763 2907 dixisset
813 2867 828 2904 :
882 2848 1224 2904 Sufﬁcientcr
1264 2864 1328 2902 ex
1370 2849 1684 2918 parentibus
1728 2850 1927 2904 nostris

337 2945 596 3003 docemur
627 2958 695 2998 ne
734 2943 788 2998 in
830 2941 1025 2997 similia
1068 2940 1398 3006 incidamus;
1439 2956 1507 2994 ne
1537 2940 1723 2994 eadem
1754 2940 1896 3009 patia

336 3052 461 3093 mur
485 3051 605 3106 qua:
632 3034 704 3089 illi
734 3033 878 3105 passi
912 3042 1072 3098 sunt;
1110 3033 1214 3087 hoc
1246 3040 1353 3096 est,
1391 3031 1446 3086 in
1484 3031 1713 3101 idipsnm
1742 3046 1897 3086 esem

2030 1843 2199 1909 dicas,
2229 1861 2293 1901 ac
2317 1846 2364 1901 si
2390 1848 2762 1917 archangelos,
2800 1865 2863 1904 ac
2892 1851 2935 1904 si
2965 1850 3241 1905 cherubim
3271 1858 3433 1920 atque
3462 1866 3614 1905 sera-

2030 1937 2201 2006 phim,
2230 1952 2293 1991 ac
2316 1938 2362 1991 si
2387 1936 2547 1992 aliam
2574 1939 2870 2007 quamlibet
2895 1947 3221 2004 creaturam,
3250 1941 3431 1994 omnia
3458 1957 3614 1994 reve—

2028 2027 2134 2081 lata
2159 2037 2283 2082 sunt
2308 2027 2471 2082 oculo
2489 2028 2626 2097 ejus,
2650 2029 2829 2083 omnia
2855 2038 3040 2099 aperta
3064 2038 3119 2084 et
3145 2030 3449 2085 manifesta.
3476 2031 3615 2098 Quid

2025 2120 2275 2187 estquod
2318 2134 2441 2172 eum
2478 2119 2649 2187 possit
2692 2119 2891 2173 latere?
2933 2118 3123 2173 Omnia
3168 2120 3310 2173 nuda
3355 2131 3401 2174 et
3435 2132 3614 2191 aperta

2025 2220 2145 2265 sunt
2169 2210 2334 2264 oculis
2358 2210 2507 2279 ejus;
2534 2210 2603 2263 ad
2626 2226 2777 2279 quem
2807 2210 2954 2264 nobis
2976 2224 3166 2265 sermo.
3202 2231 3221 2264 ι
3250 2210 3387 2279 Quid
3412 2221 3517 2276 est,
3545 2213 3615 2266 ad

2025 2316 2176 2371 quem
2203 2300 2351 2353 nobis
2383 2315 2554 2353 sermo
2582 2300 2696 2353 est.’
2725 2298 2838 2354 [loc
2863 2306 2977 2365 est,
3007 2299 3106 2369 ipsi
3139 2300 3397 2355 reddituri
3428 2316 3616 2356 sumus

2028 2389 2291 2442 rationem
2321 2399 2539 2442 actuum
2566 2397 2898 2443 nostrorum.

2099 2480 2261 2533 Vens.
2300 2480 2381 2533 l4.
2398 2510 2466 2520 ——
2484 2479 2746 2534 [labentes
2766 2497 2888 2551 ergo
2908 2483 3205 2551 pontiﬁcem
3226 2501 3491 2553 magnum,
3515 2490 3607 2557 qui

2025 2572 2307 2641 penetrarit
2336 2568 2509 2633 caelos,
2540 2569 2723 2624 Iesum
2758 2569 2960 2624 Filium
3000 2571 3117 2625 Dei.
3150 2571 3431 2629 Paululum
3469 2577 3612 2631 enim

2028 2671 2152 2716 ante
2180 2663 2246 2715 de
2268 2661 2552 2716 divinitate
2578 2658 2696 2728 ejus
2738 2661 3008 2717 disserens
3034 2662 3109 2716 ait
3135 2680 3149 2716 :
3175 2662 3367 2717 Omnia
3393 2666 3534 2719 nuda
3564 2680 3612 2721 et

2027 2760 2208 2820 aperta
2252 2758 2371 2803 sunt
2415 2747 2581 2803 oculis
2622 2749 2770 2818 ejus;
2802 2765 2944 2804 nunc
2977 2758 3178 2817 autem,
3201 2754 3325 2821 quia
3357 2754 3423 2807 de
3450 2772 3614 2811 carne

2026 2841 2285 2910 loquitur,
2299 2841 2366 2895 de
2384 2841 2697 2910 pontiﬁcatu
2716 2840 2954 2911 disputat
2975 2841 3135 2908 illius,
3151 2844 3243 2912 qui
3265 2845 3612 2915 semetipsum

2027 2937 2285 2992 oﬂ'erebat
2332 2945 2532 2993 nostrae
2576 2951 2741 2992 causa
2795 2936 3015 3000 salutis;
3048 2945 3104 2991 et
3143 2937 3414 3005 quomodo
3464 2954 3529 3008 pr
3550 2956 3615 2994 or

2026 3031 2267 3087 omnium
2297 3031 2554 3086 intrasset
2581 3030 2635 3084 in
2668 3031 2928 3100 requiem.
2958 3029 3232 3086 Habemus
3256 3031 3399 3085 enim
3429 3032 3610 3101 ponti-

337 3104 881 3199 plum—inﬁdelitatis.
925 3123 1128 3179 Deinde
1169 3131 1228 3177 ut
1273 3121 1528 3192 majorem
1574 3123 1923 3192 peccantibus
1946 3104 1993 3163 (ἶ
2025 3122 2182 3179 licem
2227 3138 2511 3195 magnum,
2538 3122 2629 3194 qui
2661 3123 2961 3194 penetravit
2987 3123 3174 3177 etrlos.
3217 3122 3359 3193 Ergo
3401 3123 3614 3194 Moyses

336 3218 603 3274 incuteret
641 3213 1001 3277 formidinem,
1041 3211 1358 3285 subjungit:
1395 3212 1582 3284 (Vens.
1637 3213 1724 3284 l9.)
1767 3210 1921 3266 Virus

334 3319 411 3364 est
434 3309 594 3374 enim,
624 3306 822 3376 inquit,
848 3304 942 3359 Dei
966 3320 1155 3369 sermo,
1178 3314 1225 3357 et
1254 3304 1453 3375 efficax,
1481 3312 1530 3357 et
1555 3301 1925 3375 penetrabilior

335 3402 478 3457 omni
508 3400 685 3471 gladio
726 3397 961 3469 ancipiti.
996 3395 1094 3451 llic
1128 3396 1366 3451 ostendit
1399 3395 1649 3450 eumdem
1690 3409 1790 3449 nos
1827 3393 1923 3448 ha-

335 3496 464 3550 bere
498 3493 755 3565 judieem,
805 3490 895 3560 qui
944 3489 1060 3544 illos
1103 3496 1324 3558 propter
1364 3485 1792 3542 incredulitatem
1832 3500 1924 3541 co-

338 3600 458 3639 rum
502 3582 806 3646 damnavit;
853 3580 990 3634 dixit
1034 3580 1222 3633 enim:
1268 3575 1421 3632 Virus
1464 3587 1540 3632 est
1587 3594 1755 3631 sermo
1805 3575 1918 3631 Dei.

340 3677 532 3731 Sermo
575 3672 707 3737 Dei,
747 3670 917 3726 Filius
953 3679 1038 3726 est
1078 3671 1207 3735 Dei,
1248 3670 1338 3740 qui
1378 3671 1445 3726 de
1485 3670 1662 3740 seipse
1690 3670 1767 3724 ait
1804 3686 1817 3722 :
1861 3669 1923 3726 Si

336 3767 453 3837 quis
479 3781 767 3821 sermonem
804 3779 974 3831 meum
1001 3764 1298 3827 servaverit,
1340 3773 1556 3817 mortem
1591 3778 1693 3815 non
1734 3761 1921 3815 ridebit

336 3857 392 3910 in
419 3864 671 3911 (sternam
698 3852 880 3925 (Joan.
911 3870 1027 3915 vm,
1066 3853 1178 3922 5|).
1223 3853 1376 3907 Sicut
1418 3853 1514 3916 illi,
1558 3853 1601 3906 si
1641 3860 1925 3905 servarent

336 3960 642 4002 sermonem
674 3945 789 4007 Dei,
817 3944 1057 3996 viverent
1090 3952 1396 4011 terramque
1435 3942 1811 4012 promissionis
1836 3942 1921 3996 in-

340 4044 564 4100 trarent,
591 4033 672 4088 sic
696 4042 752 4087 et
786 4048 906 4096 nos,
936 4032 979 4086 si
1015 4034 1409 4089 servaverimus
1444 4047 1748 4088 sermonem
1782 4034 1922 4104 ejus,

334 4130 612 4193 vivemus,
651 4127 999 4196 requiemque
1048 4125 1318 4180 ctelestem
1367 4125 1707 4181 intrabimus.
1765 4125 1922 4181 Virus

336 4228 415 4275 est
447 4218 586 4272 enim
619 4217 719 4272 Dei
753 4233 946 4280 sermo,
979 4226 1027 4269 et
1063 4217 1264 4287 e/jicax,
1303 4227 1351 4271 et
1388 4218 1757 4287 penetrabilior
1782 4219 1923 4272 omni

336 4309 514 4382 gladio
542 4308 780 4378 ancipiti.
809 4306 1028 4362 Gladius
1052 4308 1194 4362 enim
1233 4324 1430 4378 anceps
1464 4318 1643 4381 potest
1678 4310 1922 4364 membra

339 4402 579 4459 dividere
606 4415 637 4454 a
661 4415 909 4470 corpore,
938 4408 991 4453 et
1020 4408 1301 4469 penetrare
1337 4410 1545 4457 secreta
1581 4410 1637 4457 et
1671 4410 1918 4457 naturam

338 4498 541 4554 carnis.
587 4495 695 4551 Sed
733 4510 799 4551 eo
840 4496 1008 4550 multo
1049 4494 1433 4564 penetrabilior
1468 4503 1552 4549 est
1594 4508 1773 4549 sermo
1802 4493 1919 4556 Dei,

338 4590 654 4661 pertingens,
684 4596 742 4641 ut
771 4587 848 4641 ait
881 4587 1096 4650 Paulus,
1123 4604 1285 4657 usque
1313 4587 1381 4640 nd
1401 4587 1706 4640 divisione»:
1732 4586 1923 4639 anima:

341 4696 403 4732 ac
454 4678 701 4748 spiritus,
750 4692 1054 4746 compagum
1102 4677 1288 4746 quippe
1335 4686 1382 4728 et
1435 4674 1818 4737 medullarum;
1873 4684 1919 4728 ct

340 4769 593 4824 discretor
617 4777 690 4822 est
714 4767 1088 4837 cogitationum
1110 4766 1267 4825 etiam
1289 4775 1337 4819 et
1363 4767 1704 4819 imentionum
1726 4766 1917 4819 cordis.

340 4860 532 4914 Anima
560 4860 810 4922 vivimus,
841 4858 1029 4928 spiritu
1068 4856 1444 4927 intelligimus;
1475 4856 1581 4910 vita
1618 4857 1774 4909 nobis
1802 4872 1922 4910 ear-

340 4947 481 5004 nalis
504 4963 627 5002 cum
653 4948 838 5003 bestiis
864 4946 1165 5002 communis
1188 4957 1298 5009 est;
1341 4946 1503 5017 677
1543 4945 1680 4998 ratio
1706 4946 1923 5013 spirita-

341 5036 409 5092 lis
448 5052 572 5092 cum
614 5038 837 5108 angelis.
883 5038 1014 5093 Tam
1062 5037 1254 5091 efficax
1296 5044 1378 5090 est
1412 5034 1673 5100 judicium
1707 5036 1818 5097 Dei,
1863 5047 1922 5091 nt

341 5126 614 5182 discernat
655 5126 797 5181 inter
835 5129 1074 5183 carnalia
1120 5136 1335 5196 peccata
1376 5134 1433 5180 et
1474 5125 1757 5195 spiritalia,
1799 5128 1922 5195 quis

340 5218 472 5289 quid
499 5218 700 5287 cogitat
724 5217 920 5277 animo,
953 5220 1035 5271 vel
1061 5235 1169 5287 quo
1203 5217 1469 5273 desiderio
1504 5216 1614 5270 Deo
1641 5216 1840 5271 serviat
1866 5218 1918 5272 in

340 5292 527 5366 cordo.
555 5309 688 5364 Tam
730 5309 1077 5378 penetrabilis
1103 5319 1185 5363 est
1208 5310 1323 5379 ejus
1348 5310 1593 5374 intuitus,
1638 5317 1698 5365 ut
1740 5310 1920 5364 omnia

342 5408 533 5457 nostra
559 5413 681 5468 qua:
718 5399 928 5470 agimus
953 5397 1041 5452 vel
1068 5398 1388 5468 cogitamus,
1427 5401 1631 5458 eertius
1668 5409 1926 5471 agnoscat

342 5503 512 5560 quam
549 5486 885 5557 nosmetipsi.
931 5486 1084 5542 Illum
1129 5501 1343 5556 semper
1384 5492 1644 5549 habemus
1685 5493 1925 5548 testimo-

345 5582 496 5638 nium
526 5585 744 5635 actuum
773 5587 1078 5635 nostrorum
1107 5578 1191 5633 vel
1218 5580 1620 5651 cogitationum,
1648 5599 1806 5656 quem
1830 5586 1921 5657 ju-

346 5675 522 5731 diccm
559 5673 792 5731 habituri
826 5688 1030 5731 sumus.
1069 5672 1378 5729 Timeamus
1408 5671 1523 5740 ejus
1557 5679 1919 5746 pratscntizun,

2023 3214 2217 3270 ductor
2244 3214 2445 3285 pepuli,
2470 3214 2557 3269 cui
2601 3214 2867 3285 promissa
2895 3221 2982 3269 est
3016 3213 3230 3282 requies
3275 3213 3609 3276 transitoria,

2023 3320 2128 3360 non
2156 3305 2376 3360 intravit
2402 3306 2455 3359 in
2486 3306 2727 3374 requiem
2760 3320 2923 3375 quam
2953 3304 3149 3374 sepius
3173 3304 3369 3375 populo
3411 3306 3613 3374 promi-

2022 3395 2122 3459 sit;
2152 3395 2251 3450 iste
2274 3410 2404 3450 vero
2426 3395 2699 3460 sacerdos,
2715 3393 2952 3449 melioris
2972 3395 3345 3464 promissionis
3362 3409 3610 3463 sponsor,

2020 3487 2164 3541 viam
2212 3485 2417 3540 faciens
2454 3485 2799 3540 credentibus
2838 3484 2891 3538 in
2931 3500 3009 3548 se,
3037 3485 3245 3553 primus
3296 3485 3515 3537 intravit
3557 3484 3609 3537 iu

2023 3578 2262 3647 requiem
2306 3575 2500 3645 populo
2547 3576 2647 3629 sibi
2690 3575 2894 3627 credito
2926 3574 3280 3641 promissam;
3322 3574 3613 3629 ostendens

2021 3683 2144 3722 eum
2192 3681 2442 3736 magnmn
2492 3664 2848 3727 sacerdotem,
2874 3664 2998 3734 quia
3044 3663 3413 3734 sempiternum
3457 3663 3611 3718 habet

2021 3757 2370 3813 sacerdotium
2392 3796 2405 3818 ,
2437 3770 2639 3825 semper
2665 3755 2811 3807 rivus
2838 3754 2907 3807 ad
2934 3754 3373 3825 interpellandum
3397 3773 3491 3827 pro
3519 3773 3602 3812 πθ

2023 3849 2100 3901 bis
2123 3862 2141 3900 :
2163 3854 2216 3899 et
2238 3846 2380 3899 hunc
2400 3843 2575 3914 ipsmn
2598 3844 2792 3898 Filium
2823 3845 2915 3899 Dei
2937 3848 3248 3911 ostendens,
3273 3848 3399 3902 dum
3433 3849 3608 3905 dixit:

2021 3937 2204 3991 Iesum
2250 3934 2448 3989 Filium
2475 3936 2589 3998 Dei,
2616 3936 2761 4005 quod
2801 3952 3067 4006 nusquam
3108 3938 3175 3992 de
3205 3939 3385 4011 Moyse
3427 3942 3609 3997 dicere

2023 4030 2221 4092 voluit;
2250 4030 2343 4084 sed
2366 4045 2490 4084 eum
2516 4029 2774 4083 famulum
2800 4030 3108 4100 proferebat
3138 4032 3191 4086 in
3215 4035 3607 4103 superioribus,

2023 4120 2318 4174 testitieans
2348 4134 2469 4174 eum
2501 4121 2603 4175 sub
2632 4120 2851 4175 nomine
2871 4119 3021 4187 Jesu,
3043 4124 3189 4194 quod
3213 4138 3410 4179 nomen
3442 4139 3606 4197 ange-

2024 4212 2136 4275 lus,
2160 4229 2192 4266 a
2220 4213 2330 4267 Deo
2368 4211 2610 4267 directus
2652 4212 2846 4284 virgini
2889 4216 3231 4270 annuntiavit
3269 4215 3466 4271 Filium
3511 4218 3606 4273 Dei

2021 4320 2139 4359 esse
2165 4311 2445 4368 verum,et
2467 4304 2585 4359 ideo
2615 4319 2867 4373 magnum
2886 4306 3245 4361 sacerdotem.
3277 4307 3466 4378 (Vsus.
3496 4310 3605 4379 l5.)

2025 4395 2313 4450 Teneamus
2345 4396 2742 4465 confessionem.
2794 4395 2915 4450 Non
2952 4397 3088 4450 enim
3114 4398 3363 4453 habemus
3389 4403 3603 4471 ponti/i-

2023 4502 2164 4547 cem.
2193 4486 2282 4555 qui
2331 4501 2435 4538 non
2475 4486 2637 4553 possit
2681 4487 2909 4555 campati
2952 4486 3345 4555 inﬁrmitatibus
3389 4494 3602 4547 nostris.

2023 4578 2248 4646 Qualem
2274 4577 2667 4632 confessionem
2695 4578 2861 4634 dicit?
2884 4578 3147 4646 Quoniam
3174 4580 3343 4639 Filius
3365 4583 3457 4639 Dei
3484 4594 3603 4650 est;

2022 4668 2279 4737 quoniam
2310 4666 2560 4722 Christus
2583 4667 2724 4722 Deus
2754 4675 2866 4734 est;
2891 4670 3145 4738 quoniam
3169 4686 3361 4740 passus
3390 4682 3496 4738 est,
3521 4690 3607 4728 se-

2020 4758 2200 4828 pultus
2224 4764 2330 4820 est,
2358 4758 2655 4812 resurrexit
2682 4758 2840 4813 tertia
2869 4760 2984 4822 die,
3011 4760 3255 4815 ascendit
3291 4762 3344 4815 in
3383 4763 3600 4825 cadum,

2021 4849 2172 4904 sedet
2193 4849 2259 4903 ad
2283 4849 2562 4904 dexteram
2584 4848 2679 4903 Dei
2702 4849 2899 4915 Patris,
2933 4849 3057 4905 inde
3084 4860 3346 4908 venturus
3360 4852 3510 4922 judic
3548 4871 3605 4910 re

2025 4941 2179 4997 vivos
2218 4950 2273 4995 et
2301 4948 2572 5004 mortuos;
2616 4955 2714 5010 per
2739 4956 2899 5010 quem
2926 4942 3105 4996 omnia
3148 4942 3286 4997 bona
3322 4944 3600 5006 habemus.

2025 5034 2467 5104 redemptionem,
2498 5034 2968 5098 resurrectionem,
2996 5034 3361 5091 hereditatem
3386 5053 3509 5092 eum
3537 5054 3606 5094 eo

2025 5121 2429 5191 sempiternam.
2462 5120 2588 5176 Huic
2610 5124 2984 5177 contiteanmr.
3015 5124 3151 5190 Quia
3175 5140 3305 5180 vero
3329 5127 3444 5181 haec
3473 5143 3607 5193 veni

2025 5221 2153 5267 sunt
2192 5212 2633 5268 manifestissime
2678 5213 2849 5285 [Leg.,
2886 5215 3227 5271 manifestum
3270 5219 3395 5290 est].
3424 5235 3492 5274 ex
3536 5237 3604 5276 eo

2024 5299 2167 5370 quod
2190 5299 2431 5369 pontifex
2458 5313 2559 5362 est,
2592 5302 2645 5355 in
2674 5303 2928 5357 interiora
2940 5304 3239 5361 velaminis
3276 5308 3606 5366 cenatitutus

2025 5392 2191 5445 intrat
2208 5392 2264 5446 in
2289 5391 2550 5460 sanguine
2573 5409 2826 5463 aspersus
2850 5396 3088 5465 proprio,
3115 5412 3220 5450 non
3236 5396 3440 5463 alieno,
3464 5400 3603 5458 sicut

2024 5485 2306 5558 pontifices
2325 5486 2554 5555 priores,
2578 5487 2670 5556 qui
2698 5488 2957 5558 sanguine
2995 5505 3172 5545 vaccae
3197 5487 3330 5545 rufa:
3355 5507 3604 5564 asperge-

2023 5582 2236 5636 bantur.
2275 5578 2399 5633 Non
2420 5580 2558 5633 enim
2582 5579 2829 5634 habemus
2856 5581 3168 5649 ponti/irem,
3198 5583 3289 5652 qui
3318 5600 3420 5636 non
3439 5586 3601 5654 possit

2023 5674 2243 5743 (σηπρωὶ
2276 5672 2664 5741 inﬁrmitatibus
2712 5673 2917 5728 nostris.
2968 5671 3105 5740 Non,
3155 5672 3345 5745 inquit,
3394 5675 3601 5745 ignorat
