4010 6182
479 308 607 364 1051

1283 304 1343 359 Β.
1418 304 1479 359 F.
1520 302 1742 357 ALBINI
1781 301 1909 357 εει]
1945 300 2221 358 Λιουιξίι
2260 300 2544 360 OPERUM
2581 300 2760 355 PARS
2797 303 2855 357 ιε.

3590 296 3728 351 MSS

472 438 593 492 qum
612 428 796 477 nostra
827 427 983 482 sunt;
1020 416 1163 472 venit
1185 417 1327 471 enim
1351 431 1447 485 per
1472 416 1611 469 viam
1643 414 1891 468 humanae
1915 426 2043 467 con-
2070 416 2116 473 Δ
2143 412 2234 482 qui
2261 412 2413 469 sedet
2439 413 2493 468 in
2546 413 2740 469 throno
2775 413 2984 485 gratiae.
3028 410 3179 479 Quod
3217 429 3344 469 vero
3382 425 3717 484 opportunus

472 510 719 575 ditionis;
750 524 843 580 per
878 509 1052 563 omnia
1099 509 1209 561 sine
1249 516 1477 578 peccato,
1509 505 1642 560 nihil
1685 519 1869 560 secum
1912 502 2038 557 δῆθε

471 615 619 667 reus,
641 601 782 663 unde
812 600 970 655 morti
991 599 1200 655 debitor
1223 608 1386 663 esset,
1412 599 1551 655 sicut
1580 598 1693 667 ipse
1724 597 1777 650 in
1798 596 2035 665 Evange-

468 690 543 745 lio
565 696 792 745 testatur
818 689 1002 745 dicens
1026 708 1040 743 :
1070 688 1212 744 Venit
1234 691 1368 744 enim
1388 691 1624 760 princeps
1650 688 1806 758 hujus
1832 686 2036 746 mundi.

467 790 516 832 et
541 780 595 834 in
629 795 709 835 me
738 797 840 834 non
866 780 1014 835 habet
1041 781 1323 852 quidquam
1349 779 1528 851 (Joan.
1560 796 1671 844 xw,
1701 778 1813 849 50).
1842 797 1861 829 ι
1890 777 2037 832 Multi

468 870 747 938 pontiﬁces
776 872 1022 942 ignorant
1059 887 1151 926 eos
1181 872 1270 941 qui
1302 872 1355 925 in
1387 869 1818 925 tribulationibus
1846 869 2041 923 consti-

467 961 567 1014 tuti
594 970 735 1022 sunt.
762 977 935 1031 neque
960 977 1079 1031 quae
1097 962 1166 1017 sit
1189 961 1458 1016 tribulatio
1484 961 1535 1014 in
1556 960 1814 1030 quolibet,
1841 958 2035 1012 sciunt.

465 1051 799 1121 impossibile
836 1052 1031 1122 quippe
1057 1059 1139 1106 est
1179 1052 1318 1106 scire
1364 1050 1679 1105 alllictiones
1724 1048 2037 1104 delictorum

469 1139 702 1211 [Chrys.,
732 1140 1071 1212 alllictorum]
1095 1141 1143 1196 ei
1169 1140 1260 1210 qui
1283 1140 1706 1209 experimentum
1738 1137 2038 1193 aﬂlictionis

467 1247 573 1285 ιιωη
618 1231 829 1289 habuit.
863 1239 917 1285 et
954 1231 1278 1286 sensibiliter
1306 1231 1483 1285 ontnia
1523 1228 1777 1283 sustinuit
1800 1224 2032 1299 [Chrys.,

469 1335 573 1373 non
619 1318 915 1389 sustinuit].
968 1318 1208 1372 Pontifex
1256 1318 1400 1371 enim
1448 1325 1631 1371 noster
1669 1324 2037 1386 competenter

466 1410 643 1464 omnia
667 1408 939 1472 sustinuit,
963 1428 979 1460 ι
996 1424 1114 1477 quae
1134 1408 1351 1462 fuerunt
1370 1408 1616 1462 humana:
1639 1407 1867 1461 miserim
1887 1406 2033 1461 illata

442 1507 582 1578 .post
623 1505 900 1566 peccatum
936 1498 1093 1568 primi
1139 1498 1399 1562 hominis;
1428 1504 1483 1551 et
1523 1504 1650 1552 tunc
1692 1498 1744 1551 in
1779 1497 2031 1552 interiora

465 1587 761 1648 voluminis,
792 1588 859 1641 ad
884 1589 1136 1643 thronum
1164 1597 1402 1655 paterna:
1430 1587 1727 1657 majestatis
1767 1588 2029 1643 ascendit.

468 1674 738 1730 Tentatum
772 1686 944 1730 autem
988 1693 1081 1748 per
1110 1679 1283 1730 omnia
1333 1693 1426 1748 pro
1472 1676 1815 1731 similitudine
1858 1679 2032 1730 carnis

464 1767 655 1837 absque
692 1775 919 1836 peccato.
974 1764 1232 1821 Tentatus
1274 1765 1539 1835 siquidem
1572 1765 1797 1820 diversis
1836 1766 2030 1825 modis.
2064 1749 2110 1813 Β

464 1856 555 1911 sed
583 1871 686 1911 non
717 1867 1027 1926 superatus;
1057 1858 1110 1911 in
1141 1858 1572 1913 tribulationibus
1609 1857 1888 1927 probatus,
1916 1858 2033 1913 ulni-

463 1964 567 2017 que
602 1949 773 2005 victor
799 1950 1080 2019 gloriosus.
1110 1952 1355 2007 Tentatus
1378 1961 1460 2008 est
1480 1953 1743 2022 siquidem
1770 1970 1863 2023 pro
1888 1954 2035 2008 simi-

463 2039 680 2094 litudine
718 2042 890 2096 carnis
917 2042 1109 2112 absque
1134 2042 1300 2113 673
1341 2054 1569 2113 peccato.
1618 2044 2030 2099 Similitudiuem

464 2130 642 2200 itaque
669 2132 848 2188 carnis
879 2134 1082 2201 peccati
1115 2132 1330 2194 habuit;
1361 2150 1481 2203 qua!
1522 2142 1697 2190 tamen
1737 2150 1865 2190 caro
1893 2135 2035 2191 illius

466 2223 668 2291 absque
707 2223 854 2278 omni
881 2232 1101 2292 peccato
1127 2223 1246 2279 fuit.
1275 2223 1401 2280 [huc
1425 2234 1508 2280 est
1534 2226 1758 2281 tentatio
1780 2242 1884 2295 qua
1912 2233 2032 2281 ten-

466 2319 607 2367 tatus
632 2320 749 2367 est:
778 2330 796 2362 σ
823 2312 1250 2382 persecutionem
1292 2312 1651 2382 plurimorum
1692 2328 1885 2382 passus
1925 2324 2029 2380 est,

464 2410 618 2471 sputa
645 2401 900 2471 suscepit,
918 2409 1201 2458 accusatus
1219 2409 1326 2467 est,
1350 2402 1736 2457 detractionem
1759 2401 2030 2469 sustinuit,

464 2492 757 2547 calumnias
792 2507 983 2562 passus
1017 2501 1128 2558 est,
1157 2491 1401 2563 repulsus
1440 2501 1525 2549 est
1548 2508 1578 2548 a
1604 2493 1822 2564 propria
1850 2502 2030 2564 gente,

465 2583 518 2636 iu
548 2582 704 2637 ﬁnem
732 2582 1020 2639 cruciﬁxus
1043 2591 1145 2639 est.
1182 2582 1351 2638 Juxta
1391 2583 1805 2649 similitudinem,
1834 2585 2029 2655 inquit,

461 2673 572 2725 sine
611 2681 844 2742 peccato.
887 2673 1022 2728 Dum
1061 2673 1211 2739 dicit,
1238 2674 1293 2728 in
1331 2672 1671 2730 similitudine
1706 2677 1900 2741 carnis,
1931 2676 2032 2732 hoc

463 2778 569 2817 non
597 2763 727 2818 dicit
747 2804 764 2830 ,
794 2764 918 2834 quia
946 2765 1237 2822 similitudo
1264 2766 1445 2822 carnis
1470 2765 1570 2821 fuit
1594 2766 1647 2821 in
1672 2782 1754 2829 eo,
1785 2768 1879 2823 sed
1906 2767 2032 2837 quia

459 2871 676 2912 carnem
708 2858 941 2928 suscepit
968 2873 1168 2914 veram.
1212 2858 1391 2926 Quare
1426 2873 1556 2928 ergo
1576 2858 1730 2923 dixit,
1758 2857 1812 2912 in
1842 2857 2031 2912 simili-

459 2946 638 3000 tudine
662 2946 880 3001 carnis?
899 2945 1102 3002 Natura
1126 2964 1253 3003 vera
1275 2963 1435 3018 quam
1459 2946 1714 3017 suscepit,
1736 2946 1926 3002 similis
1948 2954 2033 3003 est

459 3037 607 3093 carni
629 3046 855 3101 nostrai;
876 3047 1099 3108 peccata
1123 3054 1253 3094 vero
1275 3052 1612 3108 nequaquam
1637 3036 1845 3103 habuit,
1865 3055 1885 3089 ι
1912 3052 2032 3106 quae

459 3137 643 3183 nostra
686 3143 814 3183 caro
842 3130 908 3183 de
949 3129 1266 3197 parentibus
1307 3127 1604 3195 contraxit;
1647 3128 1770 3198 quia
1799 3126 1904 3181 tale
1929 3126 2030 3182 fuit

458 3215 717 3288 originale
756 3224 1031 3286 peccatum
1061 3217 1113 3270 in
1156 3231 1318 3272 carne
1342 3216 1499 3287 primi
1543 3216 1797 3280 hominis,
1823 3224 1881 3270 ut
1908 3215 2033 3271 inde

457 3318 509 3362 ιιι
537 3323 694 3378 paena
731 3315 784 3361 et
810 3308 1102 3363 remedium
1132 3306 1244 3362 ﬁeri
1275 3307 1554 3376 potuisset.
1580 3306 1742 3361 Pmna
1767 3315 1820 3360 et
1844 3321 2034 3375 pecca-

460 3408 573 3451 tum
616 3397 670 3450 in
699 3396 844 3450 omni
874 3397 1107 3450 humano
1135 3411 1362 3465 genere,
1394 3404 1591 3464 pra-ter
1627 3395 1679 3449 in
1710 3396 1944 3460 Christo,
1976 3397 2032 3452 iu

459 3505 566 3558 quo
591 3487 705 3543 solo
734 3487 878 3541 salus
899 3495 952 3541 et
990 3487 1280 3541 remedium
1299 3484 1424 3539 fuit.
1460 3485 1572 3539 Non
1603 3486 1745 3540 enim
1776 3488 2029 3557 przejudi-

459 3591 578 3637 rata
612 3590 694 3637 est
720 3596 844 3636 caro
870 3580 1139 3651 peccatrix
1167 3620 1182 3645 ,
1209 3587 1268 3633 ut
1294 3579 1415 3634 inde
1443 3579 1735 3634 remedium
1768 3580 1883 3635 ﬁeri
1923 3595 2031 3636 non

460 3674 740 3744 potuisset.
774 3673 1093 3729 Pnesciebat
1117 3671 1352 3741 potentia
1376 3671 1492 3738 Dei,
1510 3670 1738 3740 qualiter
1755 3686 1821 3725 cx
1843 3672 2030 3726 ea'lem

460 3777 635 3816 massa
657 3761 903 3829 justititc,
929 3761 1198 3829 aequitatis
1224 3770 1278 3815 et
1303 3760 1683 3816 misericordia:
1705 3759 1880 3831 pictas
1904 3775 2028 3829 pro-

461 3856 643 3912 venire
669 3854 956 3927 potuisset.

531 3966 692 4021 Vens.
726 3964 1160 4021 ib.——Adeatn:ts
1182 3983 1304 4037 ergo
1329 3984 1447 4021 cum
1473 3968 1671 4035 ﬁducia
1694 3968 1762 4021 ad
1787 3969 2028 4023 thronum

457 4059 660 4129 gratim,
697 4068 750 4112 ut
776 4058 1189 4113 miscricordiam
1214 4076 1608 4129 consrquamur,
1635 4070 1682 4114 et
1707 4063 1930 4130 gratiam
1952 4063 2032 4115 in-

457 4151 723 4205 veniamus
766 4150 822 4204 in
864 4149 1062 4204 auxilio
1095 4159 1406 4219 opportuno.
1452 4151 1712 4206 Adeamus
1745 4169 1865 4221 ergo
1913 4169 2029 4206 cum

456 4247 670 4316 ﬁducia,
699 4247 802 4301 hoc
826 4253 932 4309 est,
959 4246 1217 4299 adeamus
1234 4258 1333 4314 per
1360 4244 1517 4298 fidem
1537 4245 1604 4298 ad
1630 4245 1883 4298 thronum
1910 4261 2033 4315 gra-

458 4341 548 4395 t’a:
588 4340 726 4410 ejus,
756 4339 1069 4402 habeamus,
1098 4337 1342 4407 quamvis
1374 4345 1684 4406 peccatores
1715 4337 1907 4402 simus,
1933 4350 2026 4391 ει...

2137 503 2311 560 factus
2335 512 2419 561 est
2444 519 2544 574 pro
2570 504 2726 560 nobis
2743 545 2759 570 ,
2803 520 3055 577 magnum
3105 512 3190 561 est
3214 505 3533 561 humilitatis
3576 508 3719 561 indi»

2135 592 2305 660 cium,
2336 609 2499 664 quam
2523 609 2588 650 ex
2605 603 2789 650 nostra
2815 596 3047 664 suscepit
3067 601 3296 661 natura;
3328 610 3433 649 non
3456 611 3565 651 sate
3584 596 3719 651 sul»

2136 684 2373 749 stantize,
2394 698 2555 754 quam
2583 684 2746 739 habet
2796 684 3192 754 triumphaliter
3215 700 3340 740 cum
3383 684 3569 752 Patre,
3618 688 3718 741 cui

2138 787 2237 826 nos
2257 771 2417 829 ﬁdem
2444 789 2568 829 cum
2591 774 2785 830 ﬁducia
2812 774 3072 830 bonitatis
3105 790 3219 830 suae
3242 775 3552 843 aderamus,
3600 779 3720 834 hoc

2135 869 2434 933 opportuno
2454 871 2715 932 tempore,
2737 879 2859 918 cum
2895 865 3047 920 sedet
3074 865 3126 919 in
3164 865 3351 937 gratia:
3371 867 3559 923 throno
3587 907 3604 933 ,
3660 877 3721 923 et

2135 954 2316 1008 omnia
2340 954 2527 1009 tribuit
2553 969 2674 1024 quae
2710 954 2864 1010 nobis
2898 955 2967 1010 ad
3014 954 3242 1011 salutem
3271 959 3553 1026 provenire
3591 973 3717 1013 cer-

2136 1044 2401 1100 tissimum
2423 1053 2524 1100 est.
2553 1064 2571 1097 ι
2601 1044 2756 1102 Modo
2778 1054 2986 1116 tempus
3006 1055 3088 1102 est
3122 1048 3413 1113 donorum;
3446 1065 3605 1104 nemo
3636 1051 3708 1105 do

2134 1132 2312 1202 seipse
2334 1134 2601 1203 desperet.
2633 1154 2650 1187 ι
2678 1135 2985 1190 Timeamus
3006 1136 3257 1191 thronum
3277 1138 3549 1207 :equitatis
3570 1138 3715 1208 ejus.

2133 1240 2256 1281 cum
2293 1228 2506 1282 venerit
2529 1225 2826 1295 diiudicare
2846 1229 3027 1283 omnia
3063 1229 3355 1283 secundum
3399 1229 3710 1300 justitiam:

2132 1323 2188 1371 et
2211 1323 2343 1371 tunc
2384 1317 2488 1372 erit
2534 1317 2925 1388 desperationis
2968 1327 3178 1388 tempus
3223 1334 3371 1373 nunc
3408 1320 3716 1375 nolentibus

2129 1406 2372 1461 converti
2408 1406 2475 1460 ad
2501 1408 2682 1462 sedem
2712 1407 2920 1478 gratim,
2948 1422 3072 1463 cum
3124 1407 3392 1463 thalamus
3414 1409 3519 1461 erit
3561 1409 3715 1463 clau-

2130 1510 2245 1559 sus,
2270 1504 2584 1566 tantumque
2621 1512 2745 1552 cum
2795 1512 2992 1567 sponso
3021 1506 3320 1565 remanent,
3343 1499 3433 1568 qui
3474 1499 3719 1555 lucentes

2129 1586 2287 1643 bonis
2310 1588 2565 1657 operibus
2600 1588 2775 1645 ferent
2794 1589 3085 1659 lampades.

2747 1722 2974 1779 CAPUT
3017 1722 3082 1779 γ.

2205 1815 2366 1871 Vens.
2402 1815 2451 1869 1.
2477 1846 2547 1855 -
2572 1813 2753 1869 Omnis
2791 1831 3011 1886 namque
3046 1814 3282 1884 pontifex
3310 1831 3375 1869 ea:
3419 1813 3717 1868 hominibus

2132 1916 2454 1978 assumptus,
2474 1923 2567 1976 pro
2587 1906 2879 1960 hominibus
2905 1905 3241 1960 constituitur
3266 1905 3319 1960 in
3338 1905 3419 1959 his
3445 1922 3561 1977 qua:
3587 1916 3717 1958 sunt

2131 1996 2204 2050 ad
2228 1995 2415 2050 Deum.
2447 2016 2464 2049 ι
2503 1996 2627 2052 Vult
2644 1994 2928 2050 ostendere
2960 1996 3073 2067 jam
3122 1995 3313 2050 beatus
3354 1994 3550 2049 Paulus
3577 2011 3718 2065 quo-

2135 2085 2294 2143 modo
2324 2088 2492 2142 multo
2520 2087 2708 2142 melius
2751 2094 2834 2140 est
2870 2094 3248 2141 testamentum
3273 2088 3378 2142 hoc
3416 2103 3579 2156 quam
3614 2103 3714 2142 ve-

2135 2184 2246 2244 tus,
2275 2178 2399 2248 quia
2429 2177 2560 2232 nihil
2611 2187 2692 2233 est
2719 2177 2770 2231 in
2808 2177 2909 2232 hoc
2958 2176 3357 2248 imaginarium,
3394 2195 3413 2228 ι
3446 2183 3507 2229 ιιι
3544 2186 3676 2246 puta
3698 2218 3713 2239 ,

2135 2283 2242 2322 non
2278 2267 2531 2337 templum
2559 2267 2858 2337 corporale,
2884 2281 2989 2321 non
3014 2267 3245 2321 victima:
3275 2265 3519 2321 earnales
3538 2307 3553 2332 ,
3603 2283 3715 2320 non

2134 2358 2535 2413 observationes
2569 2357 2788 2426 legales,
2815 2358 2908 2412 sed
2947 2357 3136 2411 altiora
3162 2364 3217 2411 et
3246 2354 3565 2427 perfectiora
3593 2373 3716 2411 om-

2136 2447 2247 2513 nia,
2277 2448 2403 2517 quia
2441 2455 2611 2503 totum
2646 2447 2905 2518 quidquid
2953 2454 3036 2502 est
3075 2446 3128 2501 in
3167 2446 3496 2517 spiritalibus
3545 2445 3713 2516 hujus

2138 2537 2438 2592 testamenti
2469 2538 2607 2592 ratio
2630 2545 2731 2593 est.
2766 2537 2871 2592 Sed
2901 2538 3028 2607 quia
3078 2536 3340 2607 spiritalia
3390 2553 3493 2591 non
3523 2537 3601 2592 sic
3632 2540 3716 2590 iu-

2136 2627 2422 2682 troducun:
2446 2627 2709 2694 inﬁrmos,
2736 2630 2873 2684 sicut
2910 2627 3233 2699 corporalia,
3251 2626 3319 2682 de
3342 2628 3719 2698 corporalibus

2134 2719 2278 2774 enim
2318 2719 2602 2789 incipiebat
2653 2721 2926 2790 disputare
2976 2720 3159 2776 dicens
3199 2737 3211 2773 :
3270 2718 3452 2775 Omnis
3490 2736 3719 2792 namque

2132 2807 2365 2878 pontifex
2396 2825 2461 2863 ex
2480 2808 2773 2863 hominibus
2803 2817 3121 2879 assumptus,
3146 2825 3240 2879 pro
3268 2808 3561 2862 hominibus
3584 2826 3711 2862 con-

2132 2898 2383 2952 stituitur.
2409 2898 2764 2955 Deﬁnitenim
2797 2909 3025 2969 tempus,
3051 2901 3282 2969 primum
3313 2901 3442 2969 quid
3468 2900 3541 2954 sit
3576 2915 3715 2969 pou-

2135 2988 2289 3055 tifex,
2310 2998 2366 3044 et
2385 2989 2716 3044 demonstrat
2735 3005 2853 3059 quae
2880 2988 3184 3059 pertineant
3209 2990 3274 3042 a'l
3302 2988 3707 3058 pontiﬁcem,et

2055 3108 2107 3176 ο
2134 3078 2262 3148 quid
2286 3078 2356 3134 sit
2381 3077 2498 3146 ejus
2526 3078 2905 3142 ministerium,
2926 3085 2979 3132 et
3030 3092 3149 3147 qua:
3173 3078 3280 3132 sint
3317 3078 3466 3146 signa
3498 3079 3711 3147 pontiﬁ-

2132 3178 2313 3233 catus;
2345 3167 2398 3223 id
2422 3176 2524 3233 est,
2552 3178 2608 3221 ut
2632 3167 2818 3237 oﬂ'erat
2868 3167 3006 3221 dona
3034 3176 3082 3220 et
3111 3166 3374 3235 sacriﬁcia
3401 3183 3496 3237 pro
3523 3183 3704 3237 pecca-

2129 3260 2218 3325 tis,
2248 3268 2372 3314 etut
2407 3258 2680 3313 condolere
2727 3259 2887 3329 possit
2920 3258 3000 3312 his
3021 3258 3111 3326 qui
3151 3259 3394 3328 ignorant
3426 3267 3477 3311 et
3501 3267 3710 3311 errant:

2128 3350 2374 3423 quoniam
2402 3360 2450 3405 et
2476 3351 2584 3421 ipse
2628 3349 2978 3404 circumdatus
3008 3357 3083 3404 est
3127 3348 3450 3417 inﬁmitate.
3487 3367 3507 3399 ι
3544 3347 3710 3417 Opor-

2132 3439 2277 3494 tebat
2298 3441 2438 3495 enim
2456 3440 2521 3494 de
2538 3439 2921 3495 excellentibus
2941 3438 3168 3494 terrenis
3190 3437 3347 3493 fidem
3374 3438 3574 3502 facere,
3604 3458 3624 3490 ι
3649 3446 3707 3492 ut

2130 3528 2196 3581 ad
2223 3527 2601 3583 excellentiora
2649 3527 2910 3596 spiritalia
2957 3527 3239 3597 pervenire
3289 3527 3596 3596 possint,et
3643 3533 3703 3579 ut

2130 3618 2457 3672 consuetudo
2482 3616 2652 3690 [ch.,
2675 3632 2707 3671 a
2740 3615 3019 3687 consueto]
3059 3617 3419 3671 sacerdotium
3442 3632 3590 3672 more
3615 3615 3705 3685 qui

2132 3706 2184 3761 in
2213 3707 2331 3779 lege
2355 3706 2474 3773 fuit,
2504 3707 2569 3762 ad
2591 3707 2771 3772 altius,
2786 3708 2837 3762 id
2864 3715 2949 3761 est
2974 3706 3195 3771 Christi,
3231 3707 3588 3763 sacerdotium
3612 3720 3705 3760 eos

2130 3800 2489 3869 perduceret,
2537 3800 2626 3869 qui
2674 3799 2850 3855 adhuc
2877 3798 3133 3854 infirmati
3173 3798 3402 3854 fuerunt.
3461 3798 3527 3852 Et
3569 3812 3702 3865 pro-

2130 3900 2251 3961 pter
2294 3891 2509 3945 modum
2556 3890 2789 3946 carnalis
2837 3890 3109 3960 pontiﬁcis
3144 3890 3444 3945 introducit.
3472 3887 3697 3942 Pontiﬁ-

2131 3984 2211 4039 cis
2262 3983 2444 4052 itaque
2489 3982 2726 4038 ofﬁcium
2770 3990 2875 4046 est,
2931 3982 3070 4035 inter
3125 3981 3292 4037 Deum
3333 3989 3476 4035 stare
3529 3988 3584 4035 et
3603 3997 3696 4050 po-

2132 4076 2347 4143 pulum;
2401 4075 2566 4129 Deum
2621 4074 2911 4144 deprecari
2949 4089 3046 4143 pro
3094 4074 3273 4145 populi
3324 4072 3553 4129 delictis.
3588 4072 3700 4130 [loc

2131 4167 2328 4221 etenim
2357 4166 2602 4221 Christus
2623 4165 2771 4230 fecit,
2801 4166 3035 4236 seipsum
3080 4165 3311 4220 offerens
3347 4182 3446 4237 pro
3473 4167 3706 4236 peccatis

2133 4258 2352 4321 nostris,
2380 4271 2593 4325 semper
2627 4257 2782 4313 vivus
2832 4258 2898 4311 ad
2939 4256 3382 4326 interpellandum
3425 4274 3525 4327 pro
3548 4260 3706 4330 679

2131 4361 2203 4400 uo
2241 4347 2314 4411 is;
2346 4346 2512 4401 semel
2537 4347 2604 4401 ab
2641 4346 2947 4402 hominibus
2993 4355 3323 4417 assumptus,
3355 4348 3451 4403 sed
3493 4364 3704 4418 sempér

457 4447 556 4501 per
579 4429 695 4499 ejus
722 4429 949 4499 gratiam
981 4442 1299 4497 recuperare
1328 4440 1506 4496 posse.
1532 4426 1581 4481 Si
1610 4433 1789 4481 tamen
1826 4425 2032 4482 τιΊιοιιιε
2062 4452 2111 4513 D
2133 4452 2231 4507 pro
2250 4436 2554 4492 hominibus
2602 4436 3021 4507 interpellandus
3051 4436 3266 4509 [Forte,
3311 4437 3694 4510 interpellans].

458 4521 648 4591 dignos
672 4518 960 4575 fecerimus
987 4518 1335 4587 pmniteutizu,
1362 4526 1415 4572 et
1438 4517 1595 4587 ﬁdem
1624 4515 1833 4572 ﬁrmam
1864 4533 2032 4589 usque

458 4615 514 4669 in
546 4614 705 4668 tinem
745 4612 1092 4666 retineamus.
1120 4609 1271 4664 Nunc
1309 4624 1470 4664 verus
1489 4608 1639 4664 sedet
1661 4608 1901 4679 pontifex
1932 4625 2033 4664 no-

458 4714 571 4760 ster
593 4702 749 4759 Iesus
774 4703 943 4757 Filius
974 4702 1064 4757 Dei
1098 4702 1150 4755 in
1172 4702 1366 4756 throno
1387 4699 1594 4771 gratias,
1620 4707 1840 4769 paratus
1859 4699 2034 4754 indul—

457 4808 585 4864 gere
610 4793 846 4863 peccatis
874 4791 1074 4845 nostris
1102 4789 1155 4843 in
1183 4790 1286 4845 hoc
1310 4798 1613 4857 importuno
1639 4788 1855 4843 auxilio.
1882 4787 2034 4843 Nunc

457 4899 587 4938 vero
611 4890 971 4952 opportunum
1002 4889 1208 4949 tempus
1244 4888 1319 4934 est
1346 4878 1532 4933 auxilii
1556 4886 1611 4933 ct
1648 4877 2031 4932 misericordia:

460 4974 623 5036 illius.
652 4973 791 5028 sicut
813 4973 915 5027 iste
937 4970 1135 5025 Doctor
1155 4970 1400 5039 egregius
1424 4968 1529 5023 alio
1549 4968 1668 5022 loco
1695 4968 1832 5024 dixit
1858 4986 1871 5020 :
1897 4967 2033 5023 Ecce

458 5082 596 5122 nunc
618 5074 817 5136 tempus
835 5061 1168 5134 acceptabile,
1184 5078 1298 5116 ecce
1317 5079 1453 5116 nunc
1474 5062 1582 5116 dies
1598 5061 1785 5116 salutis
1804 5060 1888 5132 (II
1907 5059 2029 5116 Cor.

459 5176 532 5224 vt,
559 5160 636 5228 ἓ).
668 5158 732 5212 Et
757 5157 1016 5227 propheta
1046 5154 1216 5210 multo
1246 5161 1372 5208 ante
1410 5155 1512 5208 hoc
1535 5153 1720 5208 auxilii
1748 5155 2032 5224 Opportuni

462 5259 671 5319 tempus
693 5246 1023 5319 signiﬁcans,
1048 5245 1318 5316 Tempore.
1337 5244 1527 5314 inquit,
1547 5252 1837 5314 Opportuna
1859 5244 2037 5297 audiri

459 5345 531 5398 te,
556 5346 604 5391 et
631 5337 688 5390 in
711 5337 795 5390 die
820 5335 1006 5389 salutis
1028 5334 1208 5404 adjuri
1237 5343 1285 5387 te
1309 5332 1490 5403 (Isaia:
1509 5348 1659 5397 xm,
1688 5330 1765 5404 8).
1794 5331 2039 5401 Namque

460 5435 515 5480 et
546 5440 688 5481 ttunc
724 5435 846 5495 post
883 5426 1203 5494 baptismum
1250 5430 1535 5494 peccantes
1562 5422 1804 5480 invenire
1828 5421 2040 5476 miseri-

462 5517 723 5580 cordiam,
748 5519 792 5573 si
843 5518 1213 5586 ptenitentiam
1260 5516 1489 5587 egerint,
1534 5515 1708 5582 gratia
1758 5523 1839 5570 est
1868 5514 2035 5577 illius,

536 5681 560 5709 ι
601 5667 863 5724 Deﬁciunt
889 5668 1064 5736 aliqua
1088 5671 1140 5725 in
1179 5661 1565 5738 manuscripto.

2134 4529 2291 4584 Ponit
2309 4527 2399 4583 hic
2418 4525 2707 4597 Apostolus
2725 4528 2967 4596 quzedam
2993 4529 3297 4582 communia
3322 4543 3444 4582 cum
3468 4529 3696 4589 Christo.

2132 4630 2254 4671 cum
2276 4617 2675 4681 sacerdotibus;
2701 4617 2945 4686 quaedam
2971 4629 3097 4670 vero
3123 4615 3338 4677 altiora,
3355 4617 3497 4685 quod
3523 4617 3701 4685 itaque

2132 4708 2246 4761 ait:
2289 4725 2308 4757 t
2331 4705 2512 4762 Omnis
2539 4723 2761 4778 namque
2788 4706 3022 4777 pontifex.
3068 4722 3131 4760 ex
3164 4706 3456 4760 hominibus
3504 4721 3703 4760 assum-

2130 4805 2285 4867 ptus;
2314 4798 2418 4852 hoc
2441 4810 2723 4852 commune
2747 4804 2847 4851 est.
2878 4794 2985 4849 Pro
3005 4795 3302 4850 hominibus
3335 4797 3701 4861 constituitur;

2130 4889 2355 4942 ethoc:
2385 4888 2650 4956 uta/ferat
2697 4887 2835 4940 dona
2875 4897 2922 4939 et
2986 4885 3244 4954 sacriﬁcia
3292 4903 3388 4956 pro
3440 4888 3703 4955 peccatis;

2132 4986 2187 5032 ct
2237 4977 2363 5044 hoc,
2414 4978 2505 5033 sed
2556 4992 2662 5031 non
2727 4984 2917 5031 totum.
2962 4975 3186 5044 Reliqua
3244 4991 3375 5031 vero
3426 4992 3528 5030 non
3581 4985 3707 5030 sunt

2133 5068 2439 5122 communia
2469 5085 2481 5120 :
2513 5067 2699 5137 (Vens.
2733 5067 2790 5135 2)
2837 5067 2941 5131 Qui
2975 5075 3140 5136 potest
3172 5066 3449 5121 condolerc
3490 5069 3567 5120 his
3617 5066 3707 5137 qui

2133 5159 2432 5228 ignoranter
2444 5166 2655 5227 peccant
2672 5157 2791 5221 ;hic
2805 5157 2917 5225 jam
2936 5156 3250 5211 excellentia
3268 5167 3374 5221 est,
3389 5179 3404 5209 ι
3426 5160 3491 5212 de
3506 5173 3606 5226 qua
3625 5173 3709 5211 su-

2137 5250 2318 5320 perius
2343 5250 2394 5303 in
2411 5248 2575 5318 priori
2603 5248 2865 5303 sententia
2887 5248 3046 5302 latius
3069 5249 3379 5317 disputavit.
3405 5252 3556 5317 Quod
3581 5267 3712 5305 vero

2138 5357 2167 5394 a
2190 5342 2383 5411 ljuuxit
2398 5359 2411 5393 :
2427 5341 2616 5414 (Vens.
2635 5338 2688 5410 5)
2706 5338 2773 5392 Et
2791 5349 3064 5409 propterea
3087 5339 3256 5405 debet,
3270 5341 3709 5411 quemadmodum

2135 5443 2182 5487 et
2208 5449 2300 5501 pro
2320 5431 2531 5502 populo,
2561 5431 2634 5485 ita
2659 5432 2816 5485 etiam
2836 5446 2929 5495 pro
2955 5431 3225 5502 semetipso
3255 5432 3445 5501 oﬂ‘erre
3472 5450 3567 5504 pro
3595 5449 3711 5503 pcr-

2135 5524 2286 5587 catis,
2312 5522 2412 5578 hoc
2437 5536 2566 5578 vero
2595 5521 2661 5577 ad
2688 5520 2995 5577 sacerdotes
3020 5520 3219 5591 legales
3242 5523 3418 5594 magis
3440 5524 3669 5593 pertinet
3693 5563 3709 5580 .
