4010 6182
357 263 490 319 1053

1016 259 1424 319 EXEGETICA.
1462 289 1531 299 --
1570 257 1814 313 EXPOS.
1857 257 1920 310 l.\
1958 256 2171 312 EPIST.
2215 257 2272 313 S.
2316 256 2514 313 PAL'LI
2557 258 2647 311 AD
2686 258 2885 312 illiilli.

3464 257 3600 313 405.5

352 394 511 449 quam
550 377 617 431 ad
653 376 944 432 Christum.
975 373 1087 428 Nisi
1115 373 1251 428 forte
1273 373 1394 441 quis
1414 371 1558 426 dicat
1610 386 1774 426 unum
1798 386 1917 425 esse
1945 378 1991 429 Α
2022 371 2309 441 Evangelio
2332 371 2406 425 ait
2432 390 2444 423 :
2481 368 2600 423 Nisi
2635 370 3071 424 manducaveritis
3118 386 3325 423 carnem
3350 367 3483 424 Filii
3508 372 3602 424 ho-

353 482 548 536 rorpus
569 465 791 530 Christi,
821 463 1146 528 Ecclesiam;
1203 468 1258 516 et
1283 463 1408 516 dum
1435 461 1589 517 olfert
1619 477 1716 531 pro
1745 462 1926 516 Eccle-

354 558 457 622 sia,
478 571 578 625 pro
598 554 709 610 suis
729 556 887 610 etiam
907 553 1162 609 membris
1195 552 1403 607 oli'crat.
1449 550 1554 605 Sed
1582 551 1699 605 lucc
1727 550 1928 605 violen-

354 654 408 700 ta
435 643 806 713 interpretatio
833 642 1005 697 videri
1050 647 1243 711 potest.
1272 639 1473 694 Deinde
1528 639 1801 707 disputare
1839 654 1927 708 ag-

354 736 617 806 greditur,
646 734 914 804 quomodo
939 733 1062 802 quis
1083 733 1151 786 ad
1166 730 1527 787 sacerdotium
1556 730 1814 784 accedere
1836 729 1928 783 de-

354 829 499 884 beat.
532 827 718 899 (Vens.
746 824 825 895 4.)
853 822 963 878 Nec
988 824 1281 895 quisquam,
1303 822 1400 885 ait,
1424 820 1580 874 sumit
1622 819 1722 873 sibi
1758 819 1927 873 hono-

358 934 485 982 rem,
521 917 612 971 sed
646 916 736 989 qui
780 924 993 970 uocatur
1035 931 1068 966 α
1112 912 1221 966 Deo
1268 922 1517 982 tanquam
1576 910 1775 963 Aaron.
1831 909 1928 962 llic

354 1009 517 1062 etiam
541 1005 772 1076 percutit
804 1004 1110 1058 sacerdotes
1134 1000 1355 1055 honoris
1385 1000 1608 1068 cupidos
1652 1007 1705 1053 et
1753 1013 1929 1053 sacer-

355 1099 486 1154 dotii
513 1098 736 1153 avidos:
767 1111 872 1150 non
911 1109 1011 1164 pro
1057 1093 1229 1148 salute
1264 1091 1468 1160 populi,
1509 1092 1603 1145 sed
1634 1106 1730 1161 pro
1757 1090 1930 1144 ambi-

356 1191 501 1246 tione
529 1189 728 1245 saeculi.
751 1188 918 1259 Igitur
943 1185 1122 1241 Aaron
1148 1192 1369 1240 vocatus
1410 1190 1492 1237 est
1518 1199 1549 1238 a
1578 1183 1716 1247 Deo;
1774 1182 1928 1253 signo

355 1282 594 1338 ﬂorentis
635 1282 801 1351 virga:
829 1279 1225 1333 demonstratus
1263 1283 1344 1330 est
1392 1275 1723 1329 sacerdotem
1764 1290 1793 1328 a
1820 1274 1929 1328 Deo

354 1388 472 1428 esse
492 1372 751 1428 electum:
781 1369 944 1425 etiam
969 1378 1021 1423 et
1045 1366 1293 1423 incendio
1319 1380 1504 1421 eorum
1533 1364 1624 1433 qui
1656 1362 1773 1433 ejus
1797 1379 1928 1433 pon-

355 1460 578 1517 tiﬁcatui
614 1459 851 1515 invidere
880 1458 1182 1514 voluerunt.
1874 1448 1882 1455 ’

425 1552 584 1605 Vens.
613 1549 669 1605 5.
701 1580 773 1591 --
798 1547 884 1604 Sic
926 1558 974 1603 et
1004 1548 1240 1602 Christus
1284 1564 1387 1601 non
1422 1545 1928 1616 scmetipsumclari—

352 1643 548 1713 ﬁcarit,
577 1652 633 1696 ut
664 1641 898 1712 pontifex
922 1641 1092 1709 ﬁeret,
1116 1640 1204 1695 sed
1228 1640 1316 1711 qui
1350 1639 1557 1693 locutus
1577 1648 1652 1693 est
1675 1639 1745 1693 ad
1764 1654 1881 1692 eum
1904 1651 1923 1689 .'

2027 463 2203 527 minis,
2234 473 2279 516 et
2304 463 2533 516 biberitis
2550 462 2663 532 ejus
2689 463 3011 532 sanguinem,
3043 478 3144 515 non
3168 460 3423 516 habebitis
3444 464 3601 517 vitam

2026 554 2081 606 in
2108 552 2248 607 vobis
2277 551 2457 624 (Joan.
2483 568 2558 616 γι,
2582 551 2693 623 54).
2727 551 2832 606 Sed
2857 552 2911 606 in
2955 551 3055 606 ista
3078 566 3239 606 carne
3268 560 3322 606 et
3344 554 3604 622 sanguine

2029 643 2103 697 nil
2123 655 2427 709 cruentum,
2456 644 2530 698 nil
2566 643 2913 712 corruptibile
2941 657 3092 697 mens
3140 643 3373 696 humana
3424 643 3603 697 conci-

2025 736 2172 805 piat;
2215 752 2302 799 ne.
2330 737 2468 791 sicut
2495 737 2623 791 dicit
2648 736 2956 805 Apostolus,
3003 736 3094 805 qui
3125 735 3263 788 enim
3290 751 3476 805 corpus
3503 734 3606 788 Do-

2026 827 2155 879 mini
2211 825 2491 879 mund-teat
2555 825 2809 894 indigne,
2865 824 3120 890 iudicium
3166 825 3265 878 sibi
3318 823 3603 878 manducet

2028 916 2079 987 (1
2111 916 2234 972 Cor.
2260 933 2335 980 χι,
2369 915 2479 984 ‘29),
2512 917 2605 970 sed
2632 916 3034 970 vivilleatricem
3057 917 3413 970 substantiam
3440 925 3602 984 atque

2025 1006 2316 1059 salutarem
2349 1005 2401 1058 in
2450 1019 2588 1073 pane
2616 1011 2670 1058 et
2693 1004 2840 1068 vino,
2874 1020 2969 1072 per
2995 1020 3133 1073 qum,
3159 1006 3201 1059 si
3245 1005 3405 1074 digne
3432 1007 3599 1058 sumi-

2028 1105 2136 1160 tur,
2168 1094 2322 1150 nobis
2350 1102 2431 1149 est
2459 1103 2800 1164 peccatorum
2830 1094 3078 1148 remissio
3101 1103 3154 1147 et
3184 1096 3331 1165 regni
3360 1093 3453 1149 Dei
3483 1110 3605 1163 pos-

2027 1186 2198 1240 sessio
2226 1184 2441 1239 collata.
2465 1183 2634 1253 llujus
2658 1185 2900 1238 ordinem
2924 1183 3175 1239 sacriﬁcii
3199 1200 3294 1252 per
3318 1185 3599 1254 mysticam

2026 1274 2425 1330 similitu.liuem
2484 1272 2874 1328 Melchisedech
2918 1273 3251 1341 iustissimus
3297 1290 3390 1329 rex
3452 1275 3606 1328 insti-

2028 1371 2150 1435 tuit,
2177 1369 2389 1439 quando
2436 1367 2660 1423 Domino
2709 1367 2867 1437 panis
2892 1378 2947 1421 et
2972 1367 3077 1421 vini
3141 1366 3346 1421 fructus
3387 1367 3600 1421 obtulit.

2025 1457 2248 1513 Constat
2280 1458 2425 1513 enim
2482 1457 2744 1527 pecudum
2776 1456 3049 1511 victimam
3072 1458 3318 1527 periisse,
3344 1473 3462 1526 qua:
3491 1456 3605 1512 lue-

2025 1558 2149 1604 runt
2176 1548 2382 1604 ordinis
2405 1547 2608 1613 Aaron,
2635 1562 2737 1601 non
2767 1546 3154 1602 Melchisedech
3184 1567 3197 1602 :
3227 1549 3321 1603 sed
3363 1549 3463 1603 hoc
3491 1564 3603 1602 ma-

2027 1654 2155 1694 nere
2184 1638 2363 1709 potius
2389 1637 2713 1700 institutum,
2741 1635 2884 1704 quod
2912 1643 3027 1690 toto
3057 1637 3189 1691 orbe
3215 1636 3266 1690 in
3295 1653 3604 1691 sacramen-

356 1737 524 1793 Filius
560 1754 705 1792 meus
741 1753 795 1791 es
824 1746 905 1804 tu,
925 1753 1017 1806 ego
1053 1736 1204 1790 hodie
1228 1734 1382 1803 genui
1414 1744 1481 1790 te.
1525 1734 1636 1790 Hoc
1663 1742 1745 1790 est
1781 1733 1923 1804 quod
1957 1716 2001 1775 Β
2031 1737 2205 1784 torum
2226 1728 2538 1799 erogatione
2558 1728 2883 1782 celebratur.
2918 1727 3183 1784 Sacerdos
3228 1730 3394 1800 630
3422 1738 3599 1783 autem

354 1833 406 1887 iu
439 1828 728 1901 Evangelio
770 1828 883 1898 ipse
904 1828 1014 1882 ait:
1049 1825 1170 1880 Non
1197 1826 1333 1880 enim
1383 1844 1414 1879 a
1461 1826 1654 1896 meipso
1676 1825 1809 1887 veni,
1835 1823 1925 1878 sed

353 1924 439 1979 i-‘le
464 1939 545 1978 me
567 1922 706 1976 misit
740 1919 920 1992 (Joan.
955 1936 1072 1981 vin,
1116 1917 1228 1986 42).
1260 1918 1326 1971 Ει
1349 1918 1543 1972 iterum
1573 1935 1587 1972 :
1618 1916 1675 1971 Si
1699 1933 1790 1985 ego
1817 1915 1927 1985 glo-

356 2014 499 2081 riﬁco
526 2012 799 2082 meipsum,
830 2010 995 2081 gloria
1025 2026 1137 2062 mea
1171 2008 1299 2062 nihil
1323 2018 1432 2073 est;
1473 2019 1546 2062 est
1573 2008 1709 2061 enim
1742 2002 1925 2072 Pater,

352 2104 440 2175 qui
466 2102 723 2172 glori/ient
747 2117 845 2154 me.
874 2100 1175 2154 Notandum
1209 2100 1349 2168 quoi
1381 2098 1700 2169 gloriﬁcare,
1740 2107 1795 2152 et
1832 2100 1928 2153 ho-

354 2205 567 2255 norare,
595 2197 650 2244 et
695 2188 1010 2251 clariﬁcare,
1042 2188 1141 2241 tria
1169 2187 1382 2255 quidem
1426 2189 1585 2240 verba
1612 2227 1627 2250 ,
1682 2186 1774 2241 sed
1825 2201 1928 2240 una

355 2296 440 2337 res
460 2288 544 2337 est
566 2279 709 2349 quod
734 2279 920 2334 Graece
944 2278 1140 2334 dicitur
1171 2278 1445 2341 doxazein,
1482 2278 1575 2331 se-l
1606 2277 1927 2346 interpreta-

354 2381 467 2426 tmn
490 2370 638 2424 varie
659 2370 814 2422 aliter
835 2377 995 2437 atque
1016 2369 1172 2423 aliter
1196 2369 1428 2437 positum
1464 2368 1516 2421 in
1539 2368 1746 2422 Latino.
1777 2368 1930 2434 Quod

355 2463 407 2515 in
430 2458 715 2528 Evangelio
743 2456 943 2512 dictum
966 2463 1051 2511 est
1069 2455 1323 2525 glori/iw,
1355 2456 1442 2510 hic
1463 2454 1748 2524 Apostolus
1773 2456 1931 2511 cluri-

353 2551 646 2622 [icationem
673 2548 930 2603 nominat.
961 2546 1301 2602 Clariﬁcatus
1326 2554 1402 2600 est
1428 2561 1558 2615 ergo
1582 2547 1748 2601 Filius
1774 2563 1804 2601 a
1825 2547 1929 2601 Pa-

356 2652 456 2705 tre,
479 2640 693 2711 quando
739 2656 900 2710 super
923 2639 1252 2708 baptizatum
1278 2654 1378 2693 vox
1410 2638 1587 2694 Patris
1638 2641 1817 2695 audita
1846 2650 1930 2695 est

354 2734 420 2788 de
445 2730 633 2789 caelis:
673 2729 777 2784 llic
802 2739 879 2784 est
924 2727 1093 2783 Filius
1119 2744 1262 2782 meus
1297 2726 1539 2793 dilectus,
1576 2729 1630 2784 in
1656 2746 1759 2801 quo
1804 2731 1932 2785 mihi

355 2824 478 2879 bene
506 2820 814 2893 complacuit
872 2819 1088 2892 (Matth.
1141 2838 1234 2884 Ill,
1290 2821 1400 2888 l7).
1443 2822 1573 2887 Qua:
1617 2822 1931 2878 clariﬁcatio

354 2917 469 2973 sive
504 2914 820 2985 gloriﬁcatio
848 2914 1014 2968 multo
1056 2921 1181 2969 ante
1207 2927 1302 2982 per
1325 2913 1683 2985 Prophetam,
1730 2914 1930 2984 Spiritu

356 3018 541 3065 sancto
575 3007 868 3077 inspirante
888 3046 905 3069 ,
941 3004 1192 3074 praedicta
1235 3012 1313 3061 est
1342 3024 1355 3059 :
1389 3005 1644 3060 Dominus
1683 3005 1815 3059 dicit
1860 3007 1930 3060 ad

354 3116 438 3154 me
458 3112 477 3150 :
506 3095 678 3153 Filius
704 3114 849 3151 meus
869 3114 921 3152 es
936 3105 1015 3160 tu,
1033 3113 1126 3166 ego
1154 3096 1306 3151 hodie
1325 3097 1478 3167 genui
1499 3107 1547 3151 te
1576 3096 1747 3169 (Psal.
1774 3114 1834 3162 η,
1852 3098 1924 3170 7).

356 3190 638 3245 Dominum
660 3186 1173 3259 signiﬁeatPatrem.
1200 3186 1553 3242 Attendamus
1579 3189 1931 3257 autem,quo.l

355 3281 568 3350 posuit:
599 3278 746 3333 Dixit
797 3277 867 3331 ad
914 3290 1025 3331 me:
1058 3275 1229 3331 Filius
1257 3294 1401 3332 meus
1446 3294 1499 3332 es
1545 3287 1640 3342 tu;
1691 3279 1833 3348 quod
1881 3280 1931 3333 ei

355 3370 520 3426 etiam
542 3370 786 3426 dicturus
816 3376 932 3423 erat
955 3375 1073 3436 post
1118 3355 1479 3436 baptismum:
1511 3367 1613 3423 Hic
1636 3379 1711 3422 est
1763 3367 1932 3423 Filius

355 3481 501 3520 meus
527 3462 837 3527 dilectus,in
869 3477 969 3532 quo
1007 3459 1132 3514 mihi
1158 3459 1447 3530 complacui
1471 3459 1681 3531 (Matth.
1704 3461 1930 3529 .vvu,t'i).

356 3556 471 3613 Hoc
497 3557 698 3627 itaque,
727 3562 786 3608 ut
810 3552 1080 3608 Christum
1110 3568 1270 3606 uuam
1303 3566 1584 3620 personam
1616 3553 1849 3609 sentires
1880 3563 1937 3609 et

355 3649 686 3721 unigenitum
718 3645 811 3700 Dei
841 3644 1053 3708 Filium,
1084 3641 1316 3712 adjecit.
1350 3642 1462 3713 Ego
1481 3643 1636 3697 hodie
1664 3645 1819 3713 genui
1862 3653 1930 3697 te.

358 3738 470 3793 iloc
490 3736 600 3807 jam
626 3735 755 3790 nihil
778 3737 863 3790 ha‘
889 3744 938 3790 et
965 3748 1251 3790 commune
1279 3748 1400 3788 cum
1443 3733 1672 3794 caeteris,
1696 3733 1785 3799 qui
1839 3733 1931 3786 lilii

358 3830 623 3889 dicuntur,
656 3826 780 3897 quia
818 3826 1124 3879 sacerdotes
1157 3822 1515 3891 appellantur,
1546 3831 1612 3874 de
1640 3821 1836 3888 quibus
1856 3821 1934 3872 di-

356 3932 500 3977 ctum
528 3928 646 3974 est:
673 3917 784 3985 Ego
811 3915 922 3968 dixi
943 3927 962 3964 :
993 3912 1078 3964 Dii
1117 3912 1262 3975 estis,
1307 3921 1353 3963 et
1382 3910 1479 3976 lilii
1506 3909 1713 3962 Excelsi
1758 3925 1934 3962 omnes

358 4011 532 4085 (Psal.
559 4021 743 4068 LXXXI,
767 4003 862 4074 6);
902 4002 996 4057 sed
1020 4009 1191 4055 totum
1227 4008 1311 4055 est
1352 4000 1607 4071 uuigeniti
1652 3999 1769 4054 Filii
1817 4016 1935 4070 pro-

356 4102 555 4172 prium.

429 4188 589 4242 Vens.
620 4183 671 4238 6.
699 4213 768 4223 —
787 4179 1236 4249 Quemadmodum
1277 4189 1324 4233 et
1366 4180 1419 4232 in
1468 4178 1576 4233 alio
1619 4179 1732 4234 loco
1759 4180 1884 4232 dicit
1913 4195 1932 4232 :

360 4277 438 4334 Tu
473 4292 524 4330 es
551 4272 792 4329 sacerdos
822 4273 876 4325 in
918 4279 1191 4332 teteruum,
1212 4267 1496 4322 secundum
1523 4267 1759 4320 ordinent
1809 4266 1935 4321 Mel-

2024 1820 2293 1888 praecipue
2315 1817 2514 1873 dicitur
2534 1816 2797 1882 Christus,
2813 1817 2905 1887 qui
2935 1817 3099 1873 semel
3124 1832 3183 1873 se
3206 1834 3302 1888 pro
3325 1820 3480 1873 nobis
3507 1821 3604 1872 ob-

2026 1909 2147 1963 tulit
2174 1907 2575 1973 immolandum,
2604 1907 2747 1962 sicut
2791 1906 2955 1963 semel
2990 1906 3058 1962 de
3112 1907 3500 1963 Melchisedech
3549 1909 3602 1961 in

2025 2010 2210 2058 sancta
2244 2001 2438 2073 legitur
2465 2000 2835 2069 Seriptura,et
2861 1999 2977 2069 ejus
3023 2002 3343 2057 sacerdotio.
3370 2001 3437 2055 In
3457 2013 3606 2055 (cter-

2026 2109 2148 2146 num
2189 2107 2317 2147 vero
2343 2106 2465 2147 cum
2506 2091 2705 2145 dicitur
2729 2131 2744 2155 ,
2792 2091 2906 2161 ipse
2953 2091 3289 2160 signiﬁcatur
3345 2091 3603 2145 Dominus

2025 2184 2287 2245 Christus,
2321 2182 2412 2252 qui
2438 2190 2717 2253 permanet
2740 2181 2794 2235 iu
2820 2182 2990 2253 gloria
3021 2182 3364 2252 sempiterna.

2098 2294 2257 2347 Vens.
2289 2292 2342 2345 7.
2364 2322 2435 2331 —
2463 2291 2566 2357 Qui
2588 2292 2642 2344 in
2673 2290 2852 2344 diebus
2878 2292 3053 2345 carnis
3077 2308 3186 2345 sua:
3207 2307 3381 2361 preces
3405 2292 3602 2362 suppli-

2027 2382 2357 2450 cationesque
2378 2379 2447 2432 ad
2473 2395 2613 2443 eum,
2636 2380 2726 2449 qui
2768 2381 2929 2448 possit
2966 2379 3166 2433 salvum
3195 2379 3345 2433 illum
3382 2399 3414 2434 α
3448 2390 3610 2435 morte

2029 2469 2219 2540 facere,
2251 2484 2370 2522 cum
2398 2465 2624 2520 clamore
2651 2466 2822 2520 valido
2845 2476 2891 2519 et
2912 2466 3157 2537 lacrymis
3191 2468 3412 2536 o/ferens
3449 2485 3610 2522 exau-

2027 2559 2167 2613 ditus
2197 2568 2270 2612 est
2300 2573 2396 2628 pro
2428 2574 2524 2611 sua
2548 2558 2853 2610 reverentia.
2890 2556 3027 2623 Quid
3059 2572 3186 2612 vero
3230 2558 3282 2610 in
3307 2558 3608 2613 sacerdotio

2030 2659 2215 2704 noster
2244 2646 2483 2718 pontifex
2504 2647 2721 2718 egisset,
2757 2648 2960 2702 certius
2996 2647 3085 2701 hic
3114 2647 3366 2716 exprimit
3385 2647 3613 2717 Aposto-

2030 2740 2114 2795 lus
2148 2741 2368 2796 dicens:
2399 2737 2502 2804 Qui
2532 2738 2586 2790 in
2639 2737 2821 2791 diebus
2858 2738 3033 2791 carnis
3066 2754 3208 2800 suw;
3256 2736 3370 2792 dies
3416 2737 3613 2807 quippe

2030 2833 2221 2888 carnis
2238 2830 2445 2886 Domini
2474 2828 2664 2892 nostri,
2689 2828 2803 2883 dies
2826 2838 2947 2883 sunt
2975 2829 3028 2883 in
3057 2827 3252 2896 quibus
3274 2842 3493 2883 carnem
3523 2844 3613 2883 as-

2032 2920 2290 2988 sumpsit;
2324 2919 2377 2973 in
2402 2918 2599 2987 quibus
2624 2925 2861 2971 tentatus
2887 2925 2989 2982 est,
3028 2931 3222 2986 passus
3248 2926 3358 2983 est;
3391 2918 3442 2972 in
3489 2919 3614 2988 qui-

2032 3013 2134 3068 bus
2157 3027 2346 3080 preees
2365 3010 2891 3080 supplicationesque
2906 3010 2970 3064 ad
3000 3025 3123 3065 eum
3147 3010 3239 3079 qui
3272 3011 3437 3080 possit
3463 3011 3611 3065 illum

2033 3101 2239 3156 salvum
2262 3099 2439 3154 facere
2468 3114 2497 3152 a
2529 3108 2722 3164 morte,
2746 3097 3025 3153 oll‘erebat.
3059 3098 3253 3153 Totum
3297 3113 3424 3154 vero
3460 3100 3616 3169 quid—

2033 3191 2159 3261 quid
2182 3190 2293 3260 egit
2316 3188 2560 3243 Christus
2584 3189 2637 3242 iu
2662 3204 2846 3254 carne,
2871 3204 3062 3258 preces
3106 3197 3233 3243 sunt
3254 3197 3310 3243 et
3344 3189 3615 3260 supplica-

2036 3283 2206 3336 tiones
2244 3297 2343 3351 pro
2362 3279 2600 3349 peccatis
2620 3280 2838 3335 humani
2859 3281 3091 3350 generis.
3117 3279 3313 3335 Sancta
3337 3295 3463 3334 vero
3492 3296 3614 3334 san-

2033 3372 2208 3443 guinis
2233 3370 2351 3440 cjus
2378 3369 2568 3425 ellus'o
2607 3369 2812 3425 clamor
2838 3370 3045 3426 validus
3074 3378 3174 3433 est,
3216 3370 3268 3424 in
3291 3380 3397 3438 quo
3445 3384 3614 3423 exau-

2033 3464 2175 3518 ditus
2201 3471 2285 3517 est
2313 3478 2343 3515 a
2369 3462 2476 3515 Deo
2502 3461 2662 3515 Patre
2687 3476 2786 3529 pro
2811 3461 3110 3514 reverentia
3141 3460 3377 3528 ejusdem
3408 3459 3615 3528 passio—

2034 3556 2116 3609 nis
2136 3571 2265 3617 suae,
2294 3552 2499 3625 [quam]
2540 3553 2656 3605 sine
2682 3558 2925 3620 peccato,
2961 3560 3160 3605 nostra:
3186 3550 3376 3603 salutis
3398 3566 3560 3605 causa
3592 3592 3607 3615 ,

2033 3660 2317 3715 perpessus
2340 3650 2441 3695 est.
2478 3640 2578 3706 Qui
2608 3639 2812 3694 nullum
2855 3641 3060 3695 habens
3089 3649 3390 3709 peccatum,
3415 3655 3612 3710 pecca—

2036 3745 2146 3791 tum
2181 3750 2280 3804 pro
2328 3733 2485 3787 nobis
2512 3731 2686 3787 factus
2708 3741 2810 3798 est,
2844 3734 2896 3788 id
2926 3742 3025 3798 est,
3067 3735 3270 3789 oblatio
3298 3750 3397 3805 pro
3424 3750 3617 3806 pecca-

2034 3827 2102 3879 tis
2130 3824 2344 3878 uostris.
2371 3823 2481 3877 lloc
2510 3821 2652 3876 enim
2679 3830 2848 3878 totum
2894 3823 2950 3877 in
2976 3839 3165 3894 magna
3211 3826 3512 3879 reverentia
3553 3836 3612 3881 et

2032 3917 2421 3988 perfectissima
2451 3916 2717 3971 cbaritate
2745 3917 2971 3985 peregit,
2994 3916 3083 3985 qui
3129 3916 3281 3986 prior
3309 3916 3495 3971 dilexit
3516 3933 3616 3973 nos

2033 4021 2088 4067 et
2107 4011 2330 4066 tradidit
2350 4009 2695 4079 semetipsum
2720 4024 2820 4079 pro
2866 4011 3021 4065 nobis
3055 4010 3285 4065 hostiam
3327 4011 3437 4066 Deo
3463 4026 3618 4066 acce-

2033 4101 2318 4172 ptabilem;
2347 4099 2438 4168 qui
2462 4098 2583 4154 ideo
2601 4100 2887 4155 exauditus
2910 4108 2993 4155 est
3013 4116 3041 4154 a
3073 4099 3202 4167 Deo,
3225 4101 3350 4171 quia
3381 4101 3615 4156 hostiam

2034 4189 2414 4260 acc-optabilem
2442 4188 2637 4244 obtulit
2653 4189 2778 4250 Deo,
2820 4188 2871 4242 id
2906 4198 3009 4254 est,
3034 4190 3288 4260 seipsum.
3317 4189 3505 4245 Simile
3531 4199 3616 4243 est

2036 4282 2239 4350 itaque,
2261 4277 2404 4349 quod
2434 4278 2524 4333 hic
2544 4279 2779 4333 dicitur:
2819 4276 2922 4342 Qui
2963 4296 3136 4348 preces
3188 4279 3617 4349 supplicationes-

357 4365 642 4425 chisedech.
692 4360 1075 4453 Melchisedech
1112 4359 1402 4453 secundum
1448 4357 1637 4453 legalis
1680 4358 1930 4413 mandata
1966 4397 2013 4453 υ
2035 4391 2133 4445 que
2153 4373 2220 4427 ad
2249 4387 2389 4435 eum,
2422 4371 2512 4440 qui
2531 4371 2692 4439 ροδείε
2721 4368 2923 4423 “(mm
2952 4368 3124 4438 [αεετε
3150 4369 3298 4424 mum
3348 4389 3380 4425 α
3406 4382 3570 4425 mam
3600 4414 3614 4435 ,

357 4459 586 4517 muniuit
612 4454 883 4518 sacerdos,
916 4452 1010 4508 sed
1043 4468 1209 4507 secun
1228 4452 1335 4506 lum
1364 4451 1652 4521 singularis
1676 4452 1929 4506 sacerdo-

361 4553 419 4607 tii
442 4550 792 4621 dignitatem;
832 4559 1027 4614 panem
1060 4542 1292 4598 olferens
1322 4542 1431 4597 Deo
1458 4553 1512 4598 et
1546 4544 1726 4598 vinum
1748 4586 1764 4610 ,
1818 4562 1925 4600 non

358 4643 639 4697 brutorum
662 4633 969 4691 animalium
995 4631 1306 4701 sanguinem
1331 4646 1346 4685 :
1375 4633 1426 4685 in
1452 4632 1603 4701 cujus
1626 4635 1813 4689 ordine
1843 4652 1929 4690 sa-

360 4726 583 4784 cerdotii
602 4724 847 4782 Christus
866 4719 1042 4776 factus
1065 4727 1149 4773 est
1171 4718 1439 4781 sacerdos,
1473 4735 1574 4774 non
1598 4722 1925 4791 temporalis,

360 4821 453 4877 sed
477 4828 739 4883 internus;
767 4814 834 4871 ad
859 4828 1017 4884 quem
1047 4812 1149 4867 hoc
1180 4811 1380 4866 dictum
1421 4818 1537 4864 est:
1575 4809 1650 4864 Tu
1676 4828 1728 4866 es
1754 4828 1927 4866 sacer-

358 4911 453 4966 dos
484 4911 538 4964 in
559 4919 809 4964 internum
832 4902 1117 4960 secundum
1135 4901 1368 4955 ordinem
1393 4898 1783 4954 Melchisedech.
1805 4902 1931 4958 0m-

359 5018 455 5058 nes
474 5001 615 5056 enim
647 4999 746 5055 sub
795 4997 913 5068 lege
961 5002 1118 5049 erant
1168 4991 1505 5055 sacerdotes;
1547 4989 1646 5044 iste
1676 4991 1821 5047 solus
1847 5008 1933 5048 se-

357 5092 593 5149 cundum
616 5090 856 5144 ordinem
897 5083 1304 5147 Melchisedech,
1332 5096 1400 5137 ex
1423 5094 1489 5136 eo
1507 5081 1650 5151 quod
1670 5090 1826 5139 natus
1849 5093 1934 5139 est

359 5182 428 5237 de
449 5189 603 5236 atem
621 5176 867 5248 virginali
892 5183 1017 5229 ante
1042 5172 1362 5239 luciferum;
1405 5187 1510 5227 non
1545 5173 1839 5227 secundum
1876 5175 1932 5228 id

356 5272 502 5343 quod
528 5279 688 5325 natus
716 5276 799 5324 est
822 5282 888 5321 ex
913 5265 1073 5319 Patre
1111 5264 1253 5320 Deus
1283 5265 1424 5335 apud
1452 5263 1668 5318 Patrem
1710 5274 1908 5320 eomter

358 5382 462 5421 nus
484 5363 722 5436 gignenti
752 5370 806 5418 et
847 5361 1356 5417 consubstantialis:
1389 5361 1482 5416 sed
1508 5361 1758 5415 sacerdos
1808 5375 1906 5430 pro

357 5466 481 5529 pter
508 5469 724 5511 carnem
752 5466 914 5522 quam
942 5450 1261 5519 assumpsit,
1303 5458 1393 5503 aut
1420 5460 1638 5520 propter
1659 5450 1929 5505 victimam

358 5563 521 5620 quam
540 5560 639 5614 pro
674 5543 830 5598 nobis
862 5539 1139 5604 oll‘crebat,
1166 5556 1196 5593 a
1225 5539 1378 5594 nobis
1403 5551 1726 5610 susceptam,
1754 5542 1806 5595 id
1828 5549 1930 5603 est,

360 5654 580 5697 carnem
603 5647 659 5694 ct
684 5633 999 5707 sanguinem
1037 5648 1228 5688 simul:
1267 5631 1332 5686 dc
1367 5645 1469 5701 qua
1496 5632 1708 5687 victima
1738 5634 1930 5703 ipsein

2024 4480 2144 4521 cum
2171 4461 2398 4515 clamore
2420 4458 2592 4513 ualido
2617 4469 2665 4513 et
2705 4459 2952 4527 lacrgmis
2983 4459 3227 4529 oﬂ'erens,
3256 4462 3305 4515 ei
3326 4500 3342 4524 ,
3389 4464 3531 4530 quod
3560 4479 3614 4515 tn

2027 4551 2316 4618 Evangelia
2348 4548 2542 4617 legitur
2566 4564 2689 4602 eum
2711 4549 2947 4603 dixisse:
2982 4546 3162 4612 Pater,
3182 4550 3227 4602 si
3255 4549 3371 4618 ﬁeri
3415 4559 3576 4619 potest
3597 4590 3612 4611 ,

2027 4641 2255 4709 transfer
2285 4656 2316 4690 ιι
2357 4654 2437 4691 me
2477 4637 2690 4691 calicem
2733 4639 2920 4701 istaut,
2963 4648 3315 4692 verumtamen
3359 4657 3462 4693 non
3499 4655 3614 4693 mea

2029 4729 2287 4792 voluntas,
2313 4726 2403 4780 sed
2431 4735 2521 4779 tua
2548 4725 2642 4795 ﬁat
2670 4725 2822 4798 (Luc.
2873 4742 3008 4790 xm,
3039 4726 3165 4796 42);
3219 4729 3345 4797 quia
3373 4744 3478 4782 nou
3518 4742 3612 4782 ve-

2037 4820 2118 4874 nit
2146 4820 2322 4873 lacere
2348 4817 2674 4872 voluntatem
2691 4831 2862 4880 suam,
2879 4818 2974 4872 sed
3000 4816 3118 4887 ejus
3144 4819 3237 4888 qui
3266 4820 3414 4876 misit
3438 4820 3608 4875 illum.

2038 4910 2380 4965 Voluntatem
2406 4916 2643 4978 paterna:
2663 4906 3072 4976 dispensationis
3116 4909 3407 4978 pratposuit
3426 4908 3614 4963 volun-

2038 5002 2132 5055 tati
2158 5003 2336 5057 caruis
2362 5016 2490 5064 sum,
2520 5007 2579 5054 ut
2605 5013 2786 5054 veram
2813 4999 3123 5054 ostenderet
3143 4999 3194 5053 iu
3217 5000 3395 5068 seipso
3417 4983 3610 5053 huma-

2038 5091 2221 5145 nitatis
2246 5099 2445 5144 nostra:
2464 5100 2732 5142 naturam.
2764 5088 2962 5143 Beatus
2997 5088 3195 5144 Paulus
3224 5089 3313 5143 hic
3337 5088 3468 5143 dicit
3492 5105 3613 5160 pre-

2035 5198 2127 5237 ces
2146 5195 2268 5234 eum
2293 5189 2348 5234 et
2385 5179 2804 5249 supplicationes
2830 5178 3053 5234 fundere
3071 5219 3086 5244 ,
3112 5195 3218 5234 non
3253 5180 3445 5234 timore
3472 5194 3612 5233 mor-

2034 5270 2243 5336 tis,sed
2270 5278 2469 5324 nostrm
2506 5283 2669 5323 causa
2711 5267 2918 5323 salutis.
2975 5268 3126 5324 Unde
3165 5269 3270 5324 alio
3310 5268 3428 5324 loco
3482 5270 3612 5325 dicit

2032 5362 2215 5424 etiam,
2243 5358 2559 5430 sanguinem
2585 5357 2782 5413 Christi
2817 5358 3006 5413 melius
3034 5358 3293 5415 clamasse
3312 5373 3411 5428 pro
3434 5359 3609 5425 nobis,

2033 5467 2193 5522 quam
2229 5450 2540 5520 sanguinem
2559 5449 2711 5514 Abel,
2733 5448 2824 5518 qui
2845 5450 2911 5504 ad
2937 5450 3294 5504 accusandum
3310 5448 3610 5503 fraternum

2034 5543 2207 5598 scelus
2234 5543 2299 5598 de
2324 5551 2464 5597 terra
2490 5541 2742 5596 clamavit
2765 5558 2778 5606 ;
2820 5541 3019 5596 Christi
3045 5558 3173 5597 vero
3200 5542 3419 5613 sanguis
3444 5542 3511 5596 ad
3533 5542 3613 5595 in.

2036 5632 2422 5705 tcrpellaudum
2460 5648 2558 5705 pro
2589 5631 2741 5687 nobis
2785 5632 2852 5687 de
2884 5640 3024 5688 terra
3056 5633 3252 5690 clamat
3279 5632 3345 5689 ad
3373 5631 3615 5687 Patrem.
