4010 6182
454 322 595 380 1055

1303 316 1362 373 Β.
1405 318 1465 372 l".
1508 317 1731 372 ALBIXI
1772 316 1904 371 SEU
1944 314 2218 369 ALCUINI
2259 314 2545 370 OPEllUM
2582 315 2761 371 PARS
2804 313 2866 371 ii.

3578 314 3733 372 1056

527 440 691 495 vus.
730 439 878 495 3.10,
907 467 979 478 -
1002 436 1070 491 Et
1095 433 1325 507 quidem,
1370 453 1486 490 cum
1532 444 1660 490 εεεει
1710 430 1879 487 Filius
1922 432 2037 493 Dei,
2069 436 2109 486 Α
2140 441 2257 479 rum
2280 437 2456 482 autem
2483 429 2572 498 qui
2597 431 2901 483 exercitatos
2927 427 3115 483 habent
3141 444 3325 484 sensus
3355 429 3422 482 ad
3449 429 3734 482 discretio-

455 532 636 585 didicit
665 546 731 584 ex
756 529 839 584 Itis
871 546 988 599 qua:
1029 545 1217 599 passus
1250 537 1347 591 est,
1392 526 1737 581 obedientiam
1766 538 1786 575 :
1820 533 1868 578 et
1914 541 2037 577 con-

454 632 745 676 summotus
797 621 969 691 factus
1019 631 1092 676 est
1141 622 1377 676 omnibus
1430 617 1897 687 obtemperantibus
1939 614 2037 669 sibi

455 728 617 765 causa
645 712 831 767 salutis
856 723 1095 778 wtsrnar;
1120 713 1410 784 appellatus
1432 731 1462 766 a
1495 712 1598 766 Deo
1626 711 1861 781 pontifex
1876 710 2037 779 juxta

456 802 691 855 ordinem
735 801 1131 859 Melchisedech.
1176 805 1252 859 De
1300 804 1650 859 similitudime
1695 802 2038 872 pontiﬁcatus

458 894 846 954 Melchisedech
894 899 1139 968 superius
1187 900 1386 953 dictum
1435 900 1566 951 satis
1600 899 1849 951 arbitror.
1886 897 2040 952 Nunc

456 988 735 1043 videmnus
756 990 883 1058 quil
910 991 1022 1043 vult
1042 991 1268 1058 intelligi
1293 991 1577 1058 Ανηδῑοιιις
1600 992 1650 1045 in
1677 1008 1743 1045 co
1768 992 1910 1061 quod
1930 991 2033 1046 ait:

458 1082 563 1146 Qui
591 1099 709 1135 cum
742 1092 871 1136 esset
905 1080 1075 1136 Fi.'t'us
1107 1083 1219 1145 Dei,
1248 1083 1428 1135 didicit
1456 1099 1519 1135 er
1564 1085 1643 1136 bis
1691 1099 1808 1153 qua:
1854 1100 2038 1152 passus

456 1182 553 1235 est,
582 1173 945 1226 obedientiam.
977 1174 1125 1227 lianc
1169 1175 1525 1228 obedientiam
1577 1192 1736 1244 quam
1785 1177 1872 1231 hic
1903 1177 2041 1237 didi-

457 1262 599 1315 cisse
622 1260 811 1315 Filium
844 1263 933 1316 Dei
964 1262 1116 1325 dicit,
1146 1265 1246 1317 hoc
1266 1274 1369 1327 est,
1398 1266 1695 1321 volunt-irit:
1716 1269 2036 1338 suscepisse,

459 1352 567 1404 alio
598 1366 809 1419 quoque
841 1352 956 1406 loco
984 1354 1240 1417 ostendit,
1275 1356 1363 1409 ubi
1409 1356 1483 1409 ait
1511 1375 1523 1409 :
1559 1356 1753 1411 Factus
1798 1369 1872 1412 est
1904 1346 2043 1413 Hebe-

457 1442 606 1495 dicas
637 1441 787 1495 Patri
817 1461 977 1513 usque
1025 1444 1094 1497 ad
1129 1456 1365 1509 mortem,
1404 1458 1619 1501 mortem
1645 1458 1817 1502 autem
1845 1452 2036 1513 crucis,

456 1541 666 1601 propter
687 1534 827 1603 quod
856 1543 902 1586 et
936 1535 1079 1599 Deus
1108 1536 1355 1590 exultavit
1376 1537 1524 1591 illum
1548 1538 1767 1609 (Philip.
1796 1558 1853 1606 ιι,
1880 1542 1934 1607 8,
1959 1543 2034 1611 9).

458 1619 513 1673 In
544 1637 608 1675 co
634 1637 781 1686 vero,
812 1624 953 1692 quod
994 1626 1068 1678 ait
1098 1640 1112 1677 τ
1150 1624 1551 1681 Consummatus
1576 1628 1747 1697 factus
1772 1641 1847 1684 est
1873 1634 2039 1686 omni-

457 1717 553 1768 bus
584 1714 1048 1785 obtemperantibus
1078 1719 1176 1771 sibi
1213 1736 1372 1772 causa
1417 1720 1602 1774 sa'utis
1642 1731 1868 1777 trtsrnw.
1902 1723 2040 1777 Con-

2138 533 2255 570 nem
2296 515 2417 572 boni
2452 534 2515 572 ac
2555 520 2703 573 mali.
2745 519 2964 575 Palatus
3007 520 3151 575 enim
3198 536 3419 591 sapores
3464 521 3736 575 discernit

2136 607 2382 662 ciborum
2426 626 2441 662 :
2487 609 2666 663 anima
2710 626 2841 665 vero
2884 612 3160 666 variarum
3204 613 3398 683 probat
3441 627 3734 667 sermones

2136 695 2524 761 doctrinarum,
2549 701 2615 755 de
2636 702 2832 771 quibus
2852 704 2904 757 in
2928 705 3280 773 sequentibus
3304 704 3461 773 hujus
3479 708 3732 774 epistola

2136 785 2305 841 dicit:
2331 786 2593 843 Doctrinis
2631 793 2788 844 variis
2817 792 2976 847 nolite
2999 794 3209 847 abduci.
3243 793 3397 849 Sicut
3421 797 3558 850 enim
3587 813 3731 867 par-

2139 878 2294 933 vulus
2313 880 2453 934 inter
2481 882 2657 937 cibum
2679 893 2727 937 et
2754 884 2931 938 cibum
2956 886 3263 940 discernere
3282 889 3471 948 nescit,
3493 899 3548 942 et
3578 906 3731 960 smpe

2139 967 2193 1022 in
2227 972 2402 1025 noxiis
2431 973 2706 1027 sumendis
2725 976 3081 1043 periclitatur,
3109 978 3155 1031 si
3185 994 3288 1032 non
3316 980 3672 1049 prohibeatur
3694 1001 3727 1035 ι

2139 1059 2371 1125 seniore,
2404 1061 2480 1114 ita
2518 1060 2764 1119 indoctus
2790 1066 3016 1137 quisque
3044 1068 3421 1124 discretionem
3446 1071 3729 1126 doctrina-

2142 1165 2259 1203 rum
2291 1152 2478 1215 nescit,
2508 1151 2666 1209 facile
2693 1156 2976 1227 decipitur,
3004 1166 3059 1212 et
3086 1158 3142 1212 in
3170 1160 3253 1213 via
3280 1162 3483 1214 erroris
3508 1162 3731 1230 pericli-

2142 1248 2306 1295 tatur.
2340 1242 2493 1308 Quod
2537 1244 2590 1297 in
2625 1245 2763 1300 lacte
2790 1256 2843 1300 et
2874 1248 3045 1303 solido
3081 1249 3231 1313 cibo,
3267 1250 3371 1304 hoc
3403 1250 3456 1303 in
3507 1251 3730 1304 indocto

2140 1341 2195 1387 et
2237 1335 2482 1404 sapiente
2527 1336 2737 1406 diﬁ‘ert;
2784 1340 2925 1395 sicut
2962 1341 3047 1397 lac
3083 1344 3320 1412 parvulis
3359 1346 3642 1415 congruit,
3675 1355 3733 1399 et

2139 1425 2342 1480 solidus
2387 1427 2538 1482 cibus
2582 1438 2741 1485 tetate
2784 1432 3067 1501 perfectis,
3113 1434 3189 1488 ita
3232 1436 3467 1491 iudocis
3506 1439 3733 1492 humilis

2140 1530 2339 1580 sermo,
2365 1524 2418 1572 ct
2444 1519 2774 1588 sapientibus
2802 1540 3058 1579 arcanum
3091 1525 3182 1580 Dei
3215 1531 3530 1597 mysterium
3567 1548 3734 1588 nosse

2139 1609 2409 1673 convenit,
2457 1612 2549 1679 qui
2594 1615 2921 1670 exerciialos
2971 1616 3220 1671 videntur
3259 1620 3463 1675 habere
3506 1638 3729 1677 sensus.

2147 1717 2164 1748 ι
2208 1699 2487 1765 Quomodo
2523 1704 2688 1773 igitur
2717 1718 2968 1776 poterunt
3006 1727 3197 1767 sensus
3236 1716 3405 1770 nostri
3436 1719 3732 1773 exercitui

457 1818 771 1871 summatus,
808 1809 859 1862 il
888 1819 964 1863 est
977 1851 990 1871 ,
1030 1810 1331 1879 perfectus;
1373 1814 1605 1867 ostendit
1657 1824 1913 1883 quantum
1960 1815 2039 1869 luo
2074 1768 2117 1825 η
2141 1793 2295 1845 es“?
2324 1795 2509 1864 "lique
2541 1811 2607 1851 ex
2634 1814 2732 1854 "5“
2774 1810 2828 1855 εί
2858 1801 3121 1872 Γτθίιυθηίί
3155 1806 3386 1861 ιθείίυηθ
3411 1820 3729 1864 samum“

458 1910 609 1949 crum
643 1896 713 1950 sit
741 1896 856 1965 ejus
879 1900 1076 1966 passio,
1107 1916 1225 1968 qua:
1245 1903 1495 1957 omnibus
1521 1905 1863 1958 credentibus
1892 1905 2040 1959 sufﬁ-

459 1986 534 2040 cit
565 1988 629 2040 ad
659 1988 885 2042 salutem
910 1990 1309 2060 sempiternam.
1336 1993 1504 2063 Igitur
1524 1994 1567 2047 si
1592 1995 1894 2049 obcdientia
1920 1995 2039 2049 Filii

406 2128 413 2133 .
458 2096 618 2135 causa
670 2090 753 2134 est
792 2082 980 2137 salutis
1018 2084 1285 2149 humanm,
1322 2093 1517 2153 quanta
1554 2086 1707 2141 nobis
1747 2088 2041 2143 necessitas
2094 2104 2109 2113 ί

457 2184 543 2229 est
591 2177 807 2229 obedire
857 2177 988 2239 Deo,
1019 2184 1076 2230 ut
1120 2178 1261 2247 digni
1313 2179 1649 2233 inveniamur
1697 2181 1812 2250 eius
1852 2181 2039 2237 salutis

457 2282 621 2336 quam
655 2267 808 2321 nobis
833 2282 928 2336 per
958 2266 1152 2321 Filium
1179 2271 1455 2338 proprium
1490 2271 1842 2337 perdouavit?

531 2359 693 2414 Vens.
730 2361 814 2414 il.
844 2390 914 2399 ——
944 2361 1020 2414 De
1068 2378 1168 2431 quo
1214 2361 1427 2429 grandis
1478 2378 1644 2415 sermo
1684 2363 1831 2416 nobis
1865 2374 1961 2427 est,
1991 2375 2037 2417 et

458 2451 918 2519 ininterprrtabi'is
965 2454 1035 2507 ad
1081 2454 1400 2514 dicendum:
1450 2456 1696 2526 quoniam
1760 2456 2039 2512 imbecilles

459 2540 589 2607 facti
637 2541 759 2594 estis
803 2542 869 2595 ad
906 2542 1243 2597 amtiendum.
1293 2543 1521 2598 Causam
1558 2547 1700 2600 enim
1731 2548 1897 2601 reddit
1942 2565 2040 2602 cur

456 2639 603 2684 esset
627 2648 805 2686 sermo
828 2649 983 2701 quem
1011 2635 1077 2688 de
1098 2634 1236 2688 Filio
1260 2635 1536 2690 incaruato
1558 2637 1812 2703 instituit,
1848 2639 2042 2695 difﬁci-

455 2719 525 2776 lis
553 2722 620 2776 ad
666 2722 1125 2792 interpretandum
1162 2742 1176 2781 :
1207 2727 1259 2781 id
1299 2738 1401 2792 est,
1441 2729 1563 2798 quia
1620 2730 1692 2784 illi
1747 2732 2040 2789 imbecilles

456 2821 616 2867 erant
642 2823 698 2868 et
721 2815 893 2883 fragili
930 2826 1089 2872 sensu
1125 2818 1190 2871 ad
1228 2818 1628 2890 intelligendum
1656 2820 1916 2890 profunda
1944 2824 2037 2879 Dei

460 2905 738 2974 mysteria.
774 2906 872 2972 Qui
902 2908 1065 2962 etiam
1096 2924 1191 2978 pro
1218 2917 1459 2978 tempore
1483 2913 1723 2981 magistri
1745 2914 2041 2970 debuerant

456 3006 594 3055 esse,
621 2989 749 3049 facti
797 3003 926 3048 sunt
956 2994 1161 3066 [Suppl.
1195 2997 1534 3071 imbecilles],
1578 3001 1772 3069 quibus
1796 3002 1878 3058 lac
1905 3019 2040 3074 opus

454 3090 556 3138 est.
583 3099 690 3138 non
716 3084 921 3140 solidus
946 3087 1117 3141 cibus.
1142 3087 1232 3141 illa
1262 3088 1551 3145 difficultas
1577 3091 1957 3162 interpretandi
1982 3096 2035 3150 in

440 3173 670 3230 illorum
699 3174 803 3230 fuit
834 3176 1109 3243 tarditate,
1158 3196 1267 3234 non
1315 3182 1367 3235 in
1417 3184 1708 3252 apostolica
1749 3186 2033 3255 sapientia,

456 3266 543 3321 cui
564 3266 799 3321 revelata
819 3276 944 3323 sunt
968 3270 1220 3339 mysteria
1249 3287 1277 3325 a
1305 3272 1516 3327 szeculis
1542 3274 1874 3341 abscondita,
1899 3278 2038 3332 sicut

458 3356 512 3410 in
537 3356 774 3424 Epistola
790 3357 855 3410 ad
880 3357 1136 3426 Ephesios
1152 3360 1458 3427 plenissime
1471 3361 1801 3418 demonstrat
1820 3365 2032 3438 (Ep/tes.

457 3461 543 3510 Ill,
570 3445 646 3515 8).
681 3446 882 3500 Deinde
933 3448 1209 3518 subjunxit
1241 3467 1255 3503 :
1289 3452 1471 3521 (Vens.
1522 3453 1609 3523 19.)
1675 3454 1878 3509 Etenim
1918 3476 2034 3512 cum

453 3536 705 3591 deberetis
732 3539 971 3607 magistri
993 3557 1103 3593 esse
1123 3552 1330 3612 propter
1359 3552 1579 3614 tempus,
1612 3561 1818 3599 rursum
1842 3548 2037 3619 indige-

454 3626 544 3689 tis,
570 3635 629 3680 ut
655 3644 741 3682 eos
760 3626 1052 3684 doceamini
1070 3647 1188 3699 (μιαν
1206 3642 1325 3685 sunt
1348 3632 1598 3689 elementa
1623 3637 1823 3690 ca'ordii
1841 3656 2037 3694 sermo—

456 3730 582 3768 num
618 3716 714 3770 Dei
743 3730 762 3768 :
788 3727 835 3770 et
877 3718 1004 3785 facti
1040 3721 1178 3780 estis,
1211 3723 1396 3790 quibus
1438 3723 1572 3778 lacte
1626 3743 1751 3794 opus
1797 3728 1885 3793 sit,
1933 3747 2036 3784 non

454 3803 624 3857 solido
651 3806 781 3859 cibo.
814 3806 892 3860 Ad
921 3822 1015 3862 eos
1055 3808 1216 3879 igitur
1264 3812 1502 3882 loquitur
1548 3817 1636 3883 qui
1681 3818 2032 3874 exercitatum

454 3910 674 3951 sensum
709 3913 806 3967 per
831 3898 1002 3970 legem
1045 3911 1099 3956 et
1140 3906 1430 3973 prophetas
1468 3908 1533 3961 dc
1567 3909 1798 3964 adventu
1834 3912 2032 3969 Christi

453 3999 511 4044 et
532 3990 705 4061 gratia
737 4007 855 4060 qua:
886 4008 981 4062 per
1002 4011 1123 4049 eum
1146 3998 1489 4054 credentibus
1513 3999 1671 4054 allata
1702 4011 1804 4067 est,
1836 4004 2034 4060 habere

455 4083 782 4146 debuerunt;
815 4087 905 4154 qui
947 4088 1108 4139 etiam
1155 4089 1465 4155 tnagislet‘io
1495 4091 1616 4146 aliis
1640 4109 1736 4161 per
1776 4098 2033 4165 mysteria

455 4171 548 4227 Dei
570 4189 691 4243 qua:
713 4174 837 4227 data
868 4183 991 4227 sunt
1020 4176 1145 4239 illis,
1175 4187 1419 4245 poterant
1441 4186 1559 4234 esse
1587 4183 1628 4236 si
1659 4183 2030 4241 credidissent.

453 4263 607 4318 Nunc
626 4273 804 4318 autem
831 4265 964 4320 tales
998 4264 1120 4319 farti
1165 4277 1288 4322 sunt
1322 4278 1379 4324 ut
1410 4271 1661 4337 inﬂantes,
1689 4276 1884 4345 quibus
1920 4279 2033 4347 pri-

455 4370 540 4409 ma
561 4354 823 4409 elementa
841 4356 1138 4412 litterarum
1159 4361 1443 4414 traduntur
1459 4362 1619 4433 681
1638 4364 1702 4419 ad
1725 4365 2026 4435 legendum.

2145 1883 2567 1955 Scripturarum.
2599 1911 2617 1941 ι
2659 1891 2807 1946 Unde
2833 1895 3044 1950 beatum
3078 1898 3252 1952 virum
3277 1900 3563 1956 Psalmi~ta
3597 1904 3633 1958 d
3658 1906 3733 1958 rit

2141 1991 2289 2041 esse,
2325 1981 2415 2048 qui
2442 1981 2497 2034 in
2525 1980 2634 2051 lege
2662 1981 2874 2040 Domini
2902 1988 3238 2044 meditabitur
3263 1993 3347 2047 die
3374 2011 3437 2046 ac
3464 2008 3637 2049 nocte.

2748 2116 2974 2174 CAPUT
3027 2121 3113 2175 Vl.

2215 2241 2374 2295 Vens.
2412 2244 2459 2296 l.
2484 2276 2551 2284 —
2581 2246 2911 2319 Quapropter
2938 2251 3332 2311 intermittentes
3372 2258 3729 2316 inclaoationis

2141 2330 2335 2389 Christi
2370 2352 2655 2390 sermonem
2697 2338 2765 2391 ad
2794 2340 3157 2409 perfectionem
3186 2345 3438 2413 feramur.
3479 2353 3732 2419 Quapro-

2142 2436 2278 2497 pter,
2309 2429 2360 2483 il
2395 2439 2498 2495 est,
2536 2434 2661 2501 quia
2702 2437 3027 2491 exercitatos
3054 2455 3248 2497 sensus
3281 2444 3332 2496 in
3362 2444 3476 2516 lege
3509 2447 3726 2503 Domini

2141 2519 2298 2574 decet
2325 2537 2420 2577 vos
2450 2523 2669 2589 habere,
2709 2526 3130 2585 intermittamus
3176 2533 3540 2591 inchoationis
3568 2536 3725 2592 Chri-

2140 2612 2208 2667 sti
2450 2616 2553 2671 nisi
2582 2616 2702 2672 ﬁdci
2734 2618 2966 2674 initium.
3002 2641 3019 2671 ε
3050 2622 3200 2678 Sicut
3223 2627 3366 2680 enim
3392 2643 3515 2683 eum
3543 2631 3640 2698 qui
3672 2632 3726 2685 iu

2139 2706 2442 2761 doctrinam
2490 2707 2792 2763 litterarum
2841 2712 3143 2779 adducitur,
3192 2715 3456 2772 elementa
3509 2729 3729 2789 oportet

2138 2802 2372 2871 primum
2398 2803 2603 2868 audire,
2635 2805 2714 2860 sic
2745 2815 2795 2860 et
2825 2806 3163 2864 Christianus
3191 2811 3365 2880 primo
3388 2804 3637 2868 omnium
3663 2816 3728 2869 de

2142 2893 2244 2947 ﬁde
2272 2895 2535 2949 catholica
2580 2898 2784 2952 erudiri
2811 2899 2987 2964 debet,
3015 2902 3156 2970 quod
3192 2913 3275 2958 est
3306 2902 3724 2963 fundamentum

2139 2982 2328 3037 salutis
2357 2994 2573 3038 nostrae.
2619 2984 2677 3040 Si
2708 2996 2887 3041 autem
2923 3006 3058 3059 opus
3087 2991 3247 3047 habet
3282 2994 3348 3048 de
3376 2994 3484 3049 ﬁde
3517 2996 3725 3065 doceri,

2141 3074 2365 3128 necdum
2400 3073 2802 3132 fumlamentum
2828 3080 3020 3147 habet;
3064 3081 3275 3138 ﬁrmum
3303 3085 3448 3139 enim
3477 3096 3530 3143 et
3558 3088 3724 3143 ﬁxum

2138 3177 2262 3219 esse
2289 3174 2500 3233 oportet
2530 3167 2630 3221 hoc
2666 3166 3071 3226 fundamentum
3114 3173 3167 3227 in
3211 3172 3375 3230 corde
3400 3176 3719 3242 Christiani,

2141 3263 2197 3307 ut
2234 3254 2357 3308 inde
2395 3256 2586 3326 dignus
2625 3256 2718 3311 ﬁat
2756 3259 2822 3313 ad
2850 3261 3234 3329 perfectionem
3270 3266 3498 3322 aliarum
3544 3279 3724 3326 trans-

2141 3343 2266 3398 ferri
2292 3355 2568 3401 vartutum.
2608 3347 2666 3403 Si
2699 3357 2876 3405 autem
2900 3353 3186 3424 quisquam
3222 3359 3447 3412 verlum
3479 3362 3725 3416 veritatis

2138 3434 2363 3499 audivit,
2395 3444 2451 3490 et
2481 3436 2787 3507 baptizatus
2817 3449 2920 3506 est,
2964 3451 3167 3513 etpost
3202 3461 3374 3501 annos
3411 3449 3618 3519 aliquot
3657 3452 3723 3505 de

2141 3528 2244 3582 [ide
2270 3529 2463 3583 iterum
2506 3531 2694 3586 audire
2718 3548 2852 3603 opus
2885 3536 3067 3601 habet,
3094 3539 3218 3608 quia
3256 3542 3478 3595 credere
3509 3553 3721 3613 oportet

2139 3634 2261 3672 eum
2285 3619 2352 3673 de
2382 3621 2776 3676 resurrectione
2803 3632 2857 3677 et
2882 3623 3067 3678 futuro
3093 3628 3311 3702 sarculo,
3341 3631 3572 3684 necdum
3599 3631 3718 3685 fun-

2138 3709 2449 3764 damentum
2504 3711 2696 3778 habet;
2754 3730 2967 3769 rursum
3030 3717 3243 3772 initium
3298 3719 3721 3777 Christianitatis

2138 3801 2348 3869 quzerit,
2392 3802 2519 3870 quia
2568 3801 2702 3858 ﬁdes
2748 3803 3154 3862 fundamentum
3201 3819 3308 3874 est;
3354 3819 3541 3865 cce-tem
3580 3827 3712 3866 vero

2137 3891 2697 3961 stipemdiﬁcationcs,
2745 3915 2764 3947 ι
2808 3897 2949 3965 quod
2996 3897 3185 3953 beatus
3218 3898 3405 3954 Paulus
3432 3903 3712 3969 sequenti-

2137 3981 2237 4036 bus
2265 3983 2442 4035 verbis
2473 3984 2726 4050 ostendit,
2754 3987 3016 4042 dicendo:
3061 3988 3185 4044 Non
3228 4008 3434 4045 rursum
3456 3992 3709 4061 jacientes

2137 4072 2533 4135 fundamentum
2560 4078 2871 4146 poenitcnfire
2900 4079 2964 4133 ab
2993 4081 3232 4151 operibus
3277 4085 3493 4138 mortuis
3519 4095 3563 4138 et
3588 4086 3713 4154 fidei

2135 4165 2204 4217 ad
2230 4164 2411 4218 Deum.
2445 4184 2463 4215 ‹
2492 4165 2794 4221 Perfectum
2823 4170 2966 4224 enim
2998 4172 3143 4225 illam
3170 4190 3441 4238 vocamus,
3473 4177 3563 4246 qui
3588 4195 3707 4232 cum

2138 4252 2438 4311 ﬁde‘vitam
2470 4258 2631 4314 habet
2660 4268 2881 4315 rectam.
2925 4283 2942 4314 ι
2994 4263 3049 4317 Si
3089 4273 3271 4319 autem
3299 4266 3494 4323 horum
3523 4286 3709 4324 unum-

2135 4350 2410 4417 quodlibet
2453 4351 2641 4417 deerit,
2672 4354 2943 4424 perfectus
2989 4375 3091 4412 non
3140 4362 3277 4426 erit;
3324 4363 3370 4417 si
3401 4377 3527 4418 vero
3550 4366 3708 4418 ambo

452 4442 589 4498 Dum
635 4445 846 4500 illorum
886 4447 983 4501 fait
1030 4447 1196 4503 fortes
1246 4466 1365 4506 esse
1416 4451 1468 4507 in
1521 4452 1625 4509 ﬁde
1652 4463 1707 4510 et
1743 4456 1949 4514 alacres
1974 4460 2026 4515 in

2138 4442 2347 4509 desunt,
2378 4446 2572 4501 merito
2608 4448 2864 4518 parvulus
2902 4451 3006 4507 dici
3036 4462 3238 4522 potest;
3272 4465 3328 4511 et
3352 4460 3501 4527 quasi
3530 4458 3705 4514 infans

451 4536 699 4599 scientia,
730 4538 796 4591 ad
841 4540 1238 4608 percipiendum
1271 4541 1499 4598 solidum
1544 4547 1818 4615 sapientia:
1847 4549 2026 4604 cibum

448 4627 544 4696 qui
570 4638 651 4681 cst
678 4627 1062 4697 perfecturum,
1092 4645 1235 4683 nunc
1266 4632 1391 4687 facti
1413 4644 1539 4688 sunt
1565 4637 1759 4705 quibus
1784 4647 1867 4694 est
1892 4641 2029 4696 lacte

450 4732 606 4787 opus.
642 4718 748 4772 Lac
774 4721 918 4772 enim
967 4719 1220 4775 luuuilcm
1251 4736 1552 4779 sermonem
1578 4738 1755 4792 vocat,
1787 4746 1894 4799 quo
1935 4746 2030 4787 eos

452 4807 742 4877 indiguisse
765 4815 1009 4873 testatur,
1037 4810 1127 4879 qui
1152 4811 1311 4864 etiam
1342 4812 1408 4866 ad
1437 4815 1623 4869 altiora
1653 4819 2025 4887 mysteriorum

453 4899 545 4953 Dei
578 4908 782 4954 secreta
821 4902 1112 4954 ascendere
1140 4917 1245 4956 non
1270 4912 1538 4972 poterant.
1568 4906 1806 4975 Exempli
1833 4912 2026 4977 gratia,

450 4991 541 5059 qui
591 5008 694 5045 non
752 5001 930 5060 potest
985 4992 1282 5064 intelligere
1327 4996 1468 5064 quod
1520 4999 1845 5069 evangelista
1893 5002 1968 5056 ait
2008 5022 2022 5059 :

464 5078 681 5133 Verbum
713 5097 836 5134 caro
879 5080 1076 5147 factum
1114 5091 1212 5147 est,
1255 5086 1522 5153 quomodo
1548 5095 1723 5156 potest
1755 5090 1821 5143 ad
1846 5091 2027 5147 altitu-

450 5170 629 5226 dinem
656 5169 773 5238 ejus
800 5172 1064 5227 sermonis
1088 5176 1392 5244 pervenire,
1413 5177 1502 5231 ubi
1533 5181 1610 5233 ait
1636 5197 1650 5233 :
1680 5179 1747 5234 In
1774 5182 2025 5256 principio

449 5269 561 5312 erat
592 5258 832 5325 Verbum,
857 5271 904 5315 et
931 5259 1150 5317 Verbum
1176 5274 1291 5317 erat
1308 5266 1453 5335 apud
1480 5267 1664 5329 Deum,
1681 5280 1728 5323 et
1753 5270 1890 5327 Deus
1911 5284 2023 5327 erat

462 5347 700 5405 Verbum.

527 5438 682 5494 Vens.
717 5441 798 5504 13,
831 5441 915 5495 Μ.
937 5472 1007 5483 -
1037 5443 1218 5499 Omnis
1248 5462 1386 5501 enim
1420 5448 1508 5519 qui
1547 5448 1697 5505 lactis
1743 5463 1814 5506 est
1854 5455 2021 5523 parti-

451 5537 587 5589 ceps,
629 5543 810 5596 expers
858 5529 1027 5596 factus
1056 5542 1130 5585 est
1178 5535 1430 5588 sermonis
1467 5534 1712 5603 justitia'.
1765 5539 2021 5594 Parvulus

448 5610 587 5664 enim
610 5624 706 5666 est.
752 5612 1110 5683 Pcrfectorum
1141 5632 1315 5676 autem
1339 5634 1413 5676 est
1444 5624 1643 5679 solidus
1689 5628 1831 5681 cibus
1875 5647 1892 5684 :
1937 5646 2021 5682 co-

520 5732 549 5766 ι
578 5720 680 5780 hic
712 5724 959 5791 quaedam
987 5727 1246 5786 deﬁciunt
1273 5732 1325 5786 in
1351 5735 1733 5804 manuscripto.

2133 4534 2345 4597 litteris,
2372 4535 2450 4591 sic
2484 4538 2645 4591 etiam
2676 4539 2777 4595 istc
2809 4541 2859 4593 in
2889 4540 2989 4595 ﬁde
3024 4543 3217 4598 iterum
3255 4547 3573 4603 erudiendos
3596 4558 3699 4603 est.

2131 4624 2387 4681 Latenter
2422 4636 2600 4682 autem
2631 4629 2802 4701 legem
2844 4633 3117 4689 inﬁrmare
3141 4636 3276 4701 vult,
3305 4646 3362 4692 et
3383 4641 3450 4694 ad
3477 4640 3699 4711 gratiam

2129 4716 2327 4772 Christi
2366 4734 2491 4774 suos
2526 4737 2781 4778 revocare
2817 4726 3108 4780 auditores.
3144 4729 3245 4796 Qui
3282 4741 3462 4786 autem
3501 4733 3567 4787 ad
3594 4736 3700 4786 vir-

2132 4817 2299 4863 tutem
2330 4810 2503 4866 iturus
2531 4822 2631 4873 est.
2663 4816 2895 4883 primum
2926 4818 3183 4873 malitiam
3212 4820 3368 4876 debet
3405 4831 3613 4892 culpare
3642 4834 3700 4876 et

2129 4896 2380 4964 abjiccrc,
2412 4910 2466 4954 ct
2496 4918 2657 4971 opera
2689 4908 2875 4960 mortis
2913 4923 3006 4976 per
3035 4910 3406 4979 paenitentiam
3446 4927 3695 4984 purgare,

2128 4997 2183 5043 et
2207 4988 2288 5043 sic
2319 4992 2575 5048 accedere
2604 4996 2669 5049 ad
2695 4995 2879 5051 Deum.

2199 5079 2358 5135 Vens.
2389 5081 2441 5134 2.
2473 5114 2542 5123 -
2573 5085 2952 5155 Βιιρῖξδηιτιηηη
2997 5089 3292 5147 doctrinam
3341 5093 3441 5167 [Ita
3486 5094 3692 5158 Codex;

2124 5172 2228 5242 leg.
2253 5172 2551 5249 doctrinm],
2584 5178 2925 5250 impositiouis
2955 5200 3157 5255 quoque
3182 5203 3430 5243 manuum
3456 5198 3503 5242 et
3528 5206 3699 5244 resur-

2124 5265 2365 5319 rectionis
2386 5278 2708 5322 mortuorum
2733 5281 2778 5323 et
2797 5270 2988 5341 judicii
3012 5278 3210 5329 retenti.
3237 5276 3355 5331 Non
3381 5280 3523 5333 enim
3549 5281 3697 5334 suili-

2123 5354 2197 5408 cit
2221 5356 2533 5425 paenitentia
2562 5359 2787 5414 mundos
2815 5359 2990 5417 facere
3019 5376 3351 5432 peccatores,
3381 5369 3485 5424 nisi
3514 5368 3695 5425 conte

2122 5447 2247 5501 stim
2270 5447 2629 5519 baptizcntur,
2662 5450 2801 5505 sicut
2843 5452 2897 5506 in
2923 5452 3143 5511 Actibus
3179 5458 3545 5526 apostolorum
3575 5462 3698 5516 bea-

2125 5546 2234 5591 tum
2261 5537 2476 5593 Petrum
2512 5541 2848 5609 respondisse
2884 5543 3114 5614 legitur:
3141 5544 3512 5604 I’wnitentiam
3534 5552 3692 5620 agite,

2122 5632 2335 5701 fratres,
2371 5641 2419 5687 ct
2445 5632 2735 5704 baptizctur
2766 5637 3116 5709 unusquisque
3145 5650 3368 5695 vestrum
3402 5642 3457 5697 in
3488 5644 3693 5698 nomine
