4010 6182
323 253 459 310 1057

958 253 1365 311 EXEGETICA.
1405 284 1475 298 ο·-
1512 256 1757 313 EXPOS.
1800 258 1866 312 IN
1904 257 2118 315 EPlST.
2160 260 2220 317 S.
2258 262 2463 320 PAl'Ll
2501 266 2594 320 AD
2634 267 2835 323 llEBR.

3422 277 3558 335 1058

318 364 602 436 Jesu(Act.
629 378 692 427 ιι,
718 361 829 434 58⁸).
857 363 993 430 Quia
1017 367 1160 434 quod
1195 367 1524 437 impossibile
1556 380 1643 425 cst
1668 371 1880 440 operari
1911 373 1954 431 Α
1984 372 2313 443 impossibile
2336 385 2420 432 est
2447 380 2683 435 secundo
2711 381 2955 453 cruciﬁgi
2981 384 3280 454 Christum,
3323 389 3427 445 hoc
3449 401 3551 456 est,

320 458 593 514 hominem
634 472 731 527 per
757 470 836 520 se,
865 457 965 511 hoc
993 470 1089 524 per
1110 457 1204 511 Dei
1232 460 1462 528 gratiam
1495 460 1545 514 in
1569 462 1887 530 baptismate

317 547 771 615 potestaccipere.
816 563 834 596 ι
868 544 1006 612 Quid
1047 554 1132 601 est
1173 548 1337 609 enim,
1377 548 1743 619 baptismatum
1788 551 1887 605 do-

317 638 528 690 ctrina?
560 635 675 689 Non
706 645 957 704 tanquam
1002 638 1287 691 tnultorum
1315 639 1695 708 baptismatum
1731 641 1890 696 debet

320 726 567 796 intelligi,
606 725 699 781 sed
737 726 926 791 unius;
965 746 983 778 ι
1027 728 1151 795 quia
1197 729 1341 784 sicut
1382 745 1486 783 una
1522 729 1655 784 ﬁdes
1678 739 1782 796 est,
1814 731 1886 785 ita

318 832 482 871 unum
525 827 581 872 et
606 817 871 886 baptisma
916 826 1029 881 est;
1080 819 1175 873 sed
1204 834 1302 888 pro
1328 820 1588 874 varietate
1621 822 1889 891 accipien-

318 910 451 962 tiunt
492 908 856 979 baptismatum
898 908 1054 963 dixit.
1118 908 1469 979 lmpositionis
1519 927 1724 982 quoque
1770 928 1887 965 ma-

317 1017 498 1064 nuum,
523 1015 621 1069 per
647 1014 808 1069 quam
827 999 1061 1068 Spiritus
1089 1009 1306 1054 sanctus
1336 1002 1507 1071 accipi
1534 1009 1728 1072 potest.
1760 1002 1889 1057 Cre-

318 1090 462 1155 ditur
486 1088 627 1157 quod
659 1096 779 1158 post
812 1088 1135 1156 baptismum
1180 1089 1247 1142 ad
1277 1088 1739 1143 conﬁrmationem
1771 1091 1887 1144 uni-

319 1183 446 1237 tatis
494 1182 547 1235 in
583 1180 822 1236 Ecclesia
865 1178 1068 1235 Christi
1113 1195 1142 1233 a
1178 1180 1521 1249 pontiﬁcibus
1571 1181 1687 1235 ﬁeri
1728 1183 1883 1236 solet.

318 1273 414 1328 llis
441 1272 606 1343 igitur
630 1270 865 1340 perfecte
900 1270 952 1324 in
977 1270 1217 1325 Ecclesia
1246 1270 1534 1340 perceptis,
1556 1270 1723 1341 682
1754 1271 1888 1325 ﬁdes

319 1360 729 1417 resurrectionis
776 1359 1037 1428 etjudicii
1078 1358 1244 1414 futuri
1274 1360 1519 1414 habenda
1547 1368 1649 1414 est.
1696 1360 1888 1416 Vivere

315 1454 512 1523 quippe
544 1452 683 1507 sicut
724 1451 899 1521 angeli
929 1459 984 1505 et
1017 1450 1216 1505 nullius
1256 1464 1414 1520 egere
1442 1465 1653 1514 eorum,
1684 1465 1807 1519 quas
1832 1452 1885 1504 in

315 1546 416 1600 ista
442 1545 550 1599 vita
593 1552 747 1608 sunt;
797 1541 954 1610 hujus
984 1541 1106 1596 vita:
1134 1541 1418 1611 promissio
1448 1540 1603 1595 nobis
1640 1539 1779 1595 facta
1805 1549 1888 1596 est

314 1652 410 1706 per
434 1633 692 1704 Spiritum
719 1642 986 1688 sanctum.
1016 1632 1247 1688 Fructus
1271 1640 1450 1686 autem
1474 1631 1631 1701 hujus
1657 1632 1885 1702 promis-

1986 465 2221 519 ostentui
2247 480 2370 521 eum
2395 468 2617 524 habere.
2645 471 2746 538 Qui
2770 473 3003 528 secundo
3033 489 3091 530 se
3115 477 3375 546 baptizari
3400 495 3558 550 posse

1989 562 2160 622 putat,
2202 559 2438 613 secundo
2476 558 2750 615 Christum
2771 563 3088 635 cruciﬁgere
3112 568 3335 636 quierit;
3377 573 3466 641 qui
3511 574 3555 628 si

1987 645 2278 700 cruciﬁxus
2301 657 2402 711 est,
2434 659 2486 704 et
2515 661 2777 717 mortuus,
2815 664 2869 709 et
2921 658 3093 712 victor
3144 662 3333 717 mortis
3375 679 3552 720 resur—

1990 732 2147 794 rexit,
2175 742 2337 801 atque
2367 751 2487 790 eum
2524 740 2796 809 triumpho
2846 744 3032 814 gloriae
3074 749 3240 803 cmlos
3291 754 3553 809 ascendit.

1986 834 2013 869 ⁵ι
2063 816 2215 873 Sicut
2259 822 2402 876 enim
2447 826 2614 879 semel
2647 828 2895 887 Christus
2924 843 3166 891 mortuus
3195 848 3275 893 est
3312 856 3474 897 carne
3503 843 3556 899 in

1986 923 2166 972 cruce,
2195 912 2274 966 sic
2306 928 2405 967 nos
2446 917 2610 970 semel
2658 920 2919 975 morimur
2962 923 3013 977 in
3055 926 3402 997 baptismate;
3452 949 3555 989 non

1987 1013 2171 1063 carne,
2203 1002 2296 1055 sed
2321 1012 2572 1071 peccato;
2616 1025 2634 1056 ι
2678 1018 2840 1077 atque
2886 1013 3026 1067 sicut
3055 1016 3142 1071 ille
3182 1019 3373 1074 iterum
3419 1025 3555 1078 mori

1989 1104 2093 1142 non
2135 1093 2352 1159 poterit,
2401 1093 2475 1147 ita
2521 1111 2620 1151 nos
2664 1098 2925 1167 baptizari
2967 1119 3072 1158 non
3118 1122 3421 1176 possumus,
3454 1115 3558 1169 nisi

1986 1175 2214 1233 fortasse
2239 1181 2492 1252 lacrymis
2523 1187 2872 1255 paenitentiae,
2904 1206 3007 1246 non
3036 1193 3234 1250 lavacri
3269 1213 3557 1267 regenera-

1989 1264 2152 1320 tione.
2187 1285 2206 1319 ι
2241 1268 2380 1336 Quid
2404 1279 2487 1324 est
2512 1276 2678 1343 ergo?
2707 1278 2918 1346 inquis;
2961 1296 3065 1336 non
3096 1292 3180 1339 est
3210 1264 3560 1353 paenitentia?

1988 1358 2083 1412 Est
2116 1359 2300 1428 utique
2329 1364 2669 1430 pamitentia,
2711 1369 2804 1422 sed
2835 1371 3100 1440 baptisma
3131 1375 3276 1431 aliud
3305 1394 3409 1433 non
3441 1391 3555 1448 est;

1987 1450 2302 1519 pmnitentia
2329 1469 2456 1509 vero
2492 1466 2595 1520 est,
2630 1467 2685 1512 et
2724 1460 2947 1516 multam
2979 1465 3141 1521 habet
3185 1467 3554 1530 fortitudinem

1985 1541 2150 1596 etiam
2188 1544 2241 1598 in
2285 1561 2406 1601 eum
2450 1551 2540 1618 qui
2584 1557 2820 1620 peccatis
2860 1557 3013 1613 valde
3054 1561 3333 1620 demersus
3354 1577 3459 1623 est.
3491 1569 3550 1625 Si

1989 1632 2233 1695 voluerit,
2262 1645 2438 1706 potest
2477 1654 2600 1695 eum
2638 1642 2870 1701 liberare
2904 1662 2970 1701 ex
2997 1665 3162 1707 onere
3188 1665 3555 1724 peccatorum.

314 1726 501 1788 sionis,
530 1723 766 1793 ejusdem
788 1725 1073 1794 przcsentia
1101 1724 1225 1779 vita:
1250 1733 1360 1790 est;
1394 1740 1515 1794 qua:
1540 1725 1663 1787 duo,
1696 1725 1751 1779 id
1778 1733 1882 1789 est,
1918 1714 1962 1775 Β
1986 1732 2041 1777 et
2067 1727 2460 1795 periclitantem
2502 1733 2554 1786 in
2585 1741 2700 1788 tuto
2736 1738 3087 1806 constituere,
3121 1714 3258 1799 ac-si
3287 1746 3353 1801 ad
3383 1714 3556 1816 ipsum

317 1816 449 1871 ﬁdes
482 1824 539 1870 et
564 1813 849 1884 judicium,
885 1814 1048 1869 semel
1090 1814 1360 1884 baptizata
1387 1821 1614 1879 restant,
1647 1829 1750 1868 non
1788 1815 1888 1869 ite-

317 1924 377 1961 ιν
386 1924 435 1962 ιιι
465 1907 746 1977 baptizari.

1989 1814 2209 1871 fundum
2258 1819 2558 1902 iniquitatis
2603 1829 2910 1894 pervenerit
2960 1846 2975 1886 :
3018 1840 3074 1886 et
3118 1832 3222 1890 hoc
3266 1851 3332 1890 ex
3375 1814 3561 1897 multis

1990 1908 2328 1964 manifestum
2349 1921 2433 1968 est
2470 1917 2813 1972 testimoniis.
2874 1919 3000 1976 Ideo
3027 1923 3232 1978 addidit
3264 1942 3277 1978 :
3305 1923 3561 2001 Nunquid

386 2000 546 2055 Vens.
584 2000 639 2055 5.
660 2028 732 2038 —
761 1998 828 2052 Et
867 1998 964 2052 hoc
1002 1998 1278 2068 faciemus,
1311 1999 1567 2070 siquidm
1599 1997 1886 2070 permiserit
1987 1999 2123 2052 enim
2146 2001 2235 2070 qui
2268 2002 2438 2067 cadet,
2478 2020 2581 2058 non
2616 2017 2866 2078 resurget,
2894 2021 2986 2065 aut
3023 2013 3114 2085 qui
3141 2016 3407 2081 avertitur,
3445 1997 3558 2075 non

314 2090 472 2145 Deus.
490 2090 547 2144 ln
564 2092 663 2145 hac
681 2089 1433 2160 ﬁdequippebaptismatis,et
1452 2089 1885 2151 resurrectionis,
1988 2098 2271 2142 revertetur
2325 2090 2542 2162 (Jerem.
2590 2110 2711 2160 vtu,
2754 2097 2831 2169 ι).
2901 2099 3068 2167 Quale
3116 2119 3245 2177 ergo
3288 2119 3371 2166 est
3416 2111 3559 2168 istud

310 2192 363 2235 et
376 2181 562 2250 jndieii
588 2180 751 2236 futuri
769 2197 883 2243 vos,
908 2181 1014 2235 Deo
1035 2179 1399 2249 permittente,
1416 2179 1649 2249 pleniter
1668 2179 1890 2234 instrui-
1989 2177 2437 2235 medicamentum
2459 2184 2812 2254 pmnitentim,
2839 2198 2932 2245 aut
2965 2193 3199 2262 qualiter
3243 2201 3561 2257 coniicitur?

316 2288 452 2327 mus.
498 2269 575 2326 Ne
602 2286 731 2325 vero
763 2270 1047 2334 ullatenus,
1095 2269 1187 2338 qui
1235 2269 1526 2325 secundum
1560 2268 1641 2323 vel
1670 2270 1888 2323 tertium
1987 2268 2226 2326 Primum
2258 2274 2594 2345 exculpando
2616 2280 2833 2351 propria
2868 2293 3090 2353 peccata
3142 2305 3155 2343 :
3198 2288 3558 2364 Iniquitatem,

308 2363 603 2417 testimaret
626 2369 746 2430 post
766 2369 985 2429 peccata
1005 2375 1162 2429 posse
1180 2358 1296 2413 ﬁeri
1313 2360 1595 2427 baptisma,
1615 2375 1741 2413 mox
1763 2361 1892 2413 suh-
1986 2363 2185 2430 inquit,
2229 2381 2396 2419 meam
2444 2384 2545 2421 non
2595 2371 2777 2436 ceiuvi,
2805 2384 2855 2427 et
2900 2376 3247 2445 pronuntiabo
3289 2358 3559 2440 adversum

300 2448 939 2522 jungit,dicens:(Veas.
961 2448 1078 2520 ινδ)
1097 2448 1423 2519 Impossibile
1440 2458 1515 2502 est
1536 2449 1673 2503 enim
1689 2465 1777 2502 eos
1798 2449 1889 2519 qui
1988 2467 2070 2505 me
2123 2453 2448 2524 iniquitatem
2482 2473 2650 2511 meam
2690 2460 2935 2529 Domino,
2968 2476 3017 2519 et
3066 2476 3123 2522 tu
3162 2471 3422 2526 abstulisti
3461 2475 3559 2528 im-

306 2544 465 2600 semel
482 2553 603 2598 sunt
616 2540 1649 2612 illumiaati,gustaueruntetiamdonum
1667 2540 1886 2605 caeleste,
1987 2543 2227 2612 pietatm
2259 2547 2429 2600 cordis
2473 2549 2573 2602 mei
2613 2547 2782 2617 (Psal.
2812 2568 2960 2618 xxxi,
2986 2554 3051 2623 6;
3091 2573 3295 2624 xxxvtt,
3322 2561 3431 2633 l9).
3467 2562 3562 2619 Se-

308 2647 356 2689 et
376 2635 654 2707 participes
674 2642 794 2688 sunt
810 2632 1728 2704 factiSpiritussancti,gustarerunt
1750 2633 1889 2686 nilti-
1987 2636 2192 2700 eundo,
2239 2638 2404 2693 multa
2458 2640 2759 2696 humilitate
2806 2664 2823 2695 ι
2872 2646 3128 2718 plangere
3169 2632 3397 2721 peccata
3440 2668 3559 2720 sua,

308 2728 534 2781 (ominus
560 2727 750 2780 bonum
779 2726 874 2779 Dei
897 2726 1127 2789 verbum,
1154 2724 1468 2795 virtutesque
1485 2723 1668 2778 seculi
1688 2724 1886 2794 futuri.
1990 2726 2299 2796 fructusque
2339 2730 2527 2800 dignos
2568 2734 2762 2789 exinde
2789 2734 2964 2792 facere
2993 2741 3343 2808 pmnitentite,
3375 2754 3562 2814 quate.-

308 2826 357 2873 et
379 2816 515 2888 lapsi
535 2824 680 2881 sunt,
705 2816 941 2871 renovari
965 2832 1173 2869 rursum
1193 2814 1262 2870 ad
1281 2814 1655 2886 paenitentiam,
1680 2830 1888 2868 rursum
1987 2834 2090 2871 nus
2137 2817 2438 2875 nullatenus
2486 2823 2537 2875 in
2589 2825 2774 2878 eadem
2831 2826 3021 2881 iterum
3069 2840 3288 2886 corruat
3317 2846 3558 2904 peccata.

306 2908 673 2979 cruciﬁgentes
693 2908 1020 2979 sibimetipsis
1037 2906 1427 2971 FiliumDei,et
1444 2907 1671 2961 ostentui
1691 2906 1877 2960 habea-
1989 2910 2119 2964 Dein
2143 2912 2190 2965 'e
2248 2912 2432 2966 tnultis
2479 2914 2834 2988 elecmosynis
2879 2921 3144 2979 redimere
3189 2939 3249 2979 se
3304 2926 3556 2997 incipiat,

314 3008 409 3051 ιω.
441 2996 777 3067 [inpossibile
796 3005 896 3059 est,
924 2997 1118 3066 inquit,
1140 3011 1245 3051 non
1279 2995 1512 3053 didicile.
1558 2995 1888 3066 lmpossibile
1916 3064 1958 3086 η
1987 3001 2079 3070 qui
2120 3002 2298 3056 saeculi
2348 3003 2545 3058 habeat
2585 3013 2928 3075 potestatem,
2962 3011 3102 3066 sicut
3143 2995 3557 3086 scriptum-cst:

304 3097 407 3153 est,
428 3064 623 3157 inquit.
647 3086 702 3141 ln
717 3064 1145 3157 desperationem
1169 3101 1264 3142 eos
1286 3064 1886 3153 misit,sccundobapti-
1914 3064 1959 3126 ο
1993 3064 2196 3144 Diritire
2237 3092 2332 3144 uiri
2374 3064 2654 3165 redempiio
2700 3096 2890 3151 anima:
2943 3098 3087 3154 illius
3125 3064 3306 3174 (Proin
3334 3120 3454 3171 xm,
3480 3108 3558 3177 8).

305 3179 415 3231 zari
440 3178 766 3247 posse:quia
790 3177 1119 3247 impossibile
1138 3186 1221 3232 est
1244 3177 1383 3246 quod
1414 3176 1527 3230 ﬁeri
1552 3191 1657 3230 non
1675 3183 1880 3245 potest;
1986 3179 2266 3236 Postremo
2303 3197 2437 3253 Opus
2471 3194 2554 3239 est
2599 3185 2726 3239 nulli
2773 3187 2956 3252 irasci,
3004 3204 3175 3259 neque
3225 3193 3421 3248 malum
3463 3176 3563 3267 pro

305 3269 517 3324 diﬁiclle
543 3285 670 3325 vero
700 3270 864 3338 quod,
896 3270 1142 3339 quamvis
1173 3286 1295 3326 cum
1328 3271 1528 3331 labore,
1559 3269 1674 3324 ﬁeri
1705 3277 1884 3323 tamen
1985 3269 2126 3324 malo
2155 3270 2395 3336 reddere,
2425 3276 2670 3330 omnibus
2715 3276 2986 3333 dimittere
3015 3283 3363 3349 peccantibus
3393 3285 3446 3339 in
3477 3302 3553 3349 se.

304 3369 500 3431 potest.
538 3358 599 3415 Si
626 3357 804 3434 semel,
832 3360 1024 3429 inquit,
1055 3361 1339 3416 illuminati
1375 3361 1497 3414 estis
1541 3374 1634 3429 per
1654 3358 1881 3428 gratiam
1983 3361 2196 3417 dicente
2223 3364 2336 3434 ipsa
2364 3366 2642 3423 Veritate:
2676 3369 2955 3436 Dimittite,
2981 3382 3028 3426 et
3051 3372 3341 3429 dimittetur
3369 3376 3525 3430 vobis.

304 3455 474 3509 sancti
504 3453 768 3523 Spiritus,
799 3461 853 3508 et
879 3454 1128 3524 gustastis
1161 3454 1356 3509 donum
1384 3452 1605 3516 cwleste,
1646 3454 1750 3511 hoc
1775 3460 1879 3513 est.
2054 3453 2215 3508 Vens.
2258 3455 2309 3519 7,
2347 3458 2399 3511 8.
2439 3487 2508 3497 —-
2547 3457 2708 3512 Terra
2749 3462 2885 3515 enim
2919 3479 3054 3533 sape
3098 3466 3379 3520 venientem
3408 3483 3566 3536 super

305 3545 676 3600 remissionem
704 3554 1047 3614 peccatorum
1080 3544 1382 3614 accepistis,
1415 3551 1472 3598 et
1495 3543 1773 3615 participes
1800 3542 1882 3613 fa-

304 3635 373 3688 rti
419 3635 541 3690 estis
576 3633 803 3706 Spiritus
846 3637 1039 3697 sancti,
1093 3636 1145 3690 in
1192 3636 1570 3691 distributione
1613 3634 1879 3691 donorum

304 3725 430 3789 Dei,
468 3741 587 3795 quae
623 3726 676 3779 in
722 3726 956 3796 Epistula
999 3727 1066 3780 ad
1100 3726 1410 3783 Corinthios
1456 3728 1645 3781 beatus
1681 3725 1880 3780 Paulus

302 3825 582 3872 enumerat
629 3817 679 3887 (1
702 3816 825 3872 Cor.
882 3834 976 3881 xu,
1005 3817 1035 3869 7
1083 3818 1249 3887 seq.);
1304 3827 1352 3871 et
1397 3819 1586 3869 bonum
1630 3814 1878 3883 gustastis

301 3909 508 3962 uerbum
537 3908 655 3970 Dei,
684 3909 771 3962 hic
791 3910 1090 3963 doctrinam
1122 3908 1254 3962 dicit
1276 3904 1675 3974 evangelicum;
1706 3913 1755 3957 et
1777 3904 1878 3957 vir-

301 4009 435 4054 tutes
467 4000 669 4052 uenturi
698 3999 879 4052 δαισιιῆ
929 3998 1293 4068 eoguovistis:
1324 4012 1445 4068 qua:
1492 4005 1579 4051 est
1620 3994 1878 4050 revelatio

1980 3559 2035 3595 se
2054 3544 2270 3598 imbrem
2297 3545 2504 3608 bibens,
2544 3557 2594 3600 et
2626 3551 2925 3616 germinans
2971 3551 3180 3604 herbam
3219 3564 3562 3622 opportunam

1983 3632 2154 3705 [itis],
2185 3652 2218 3688 a
2242 3637 2429 3704 quibus
2461 3636 2670 3699 colitur,
2699 3637 2888 3707 accipit
2927 3638 3331 3696 benedictionem
3368 3661 3400 3697 a
3426 3644 3558 3699 Deo.

1985 3723 2264 3790 Proferens
2291 3732 2466 3775 autem
2486 3724 2665 3792 spinas
2688 3735 2737 3778 et
2762 3726 2982 3782 tribulos
3013 3730 3226 3800 reprobo
3251 3741 3346 3797 est,
3378 3742 3427 3787 et
3448 3751 3564 3788 ma-

1978 3811 2165 3864 ledicto
2185 3812 2443 3880 proxima,
2470 3813 2622 3882 cujus
2650 3820 3029 3872 consummatio
3052 3820 3106 3873 in
3132 3821 3558 3879 combustionem.

1976 3898 2138 3969 683
2172 3918 2190 3951 ι
2225 3899 2360 3955 Cum
2389 3903 2579 3958 timore
2612 3913 2792 3959 autem
2825 3907 3106 3963 audiamus
3134 3925 3411 3967 sermones
3444 3915 3557 3969 Dei.

1977 3989 2092 4044 Non
2123 4000 2248 4046 sunt
2279 3992 2363 4048 hat,-
2404 3994 2562 4048 mina:
2594 3994 2774 4061 Pauli;
2808 4011 2912 4051 non
2951 4007 3075 4053 sunt
3102 4000 3333 4055 hominis
3359 4006 3471 4058 veri
3493 4021 3555 4072 a;

1977 4081 2146 4135 sancti
2174 4079 2410 4152 Spiritus
2432 4093 2575 4149 sunt,
2593 4083 2794 4143 Christi
2818 4097 2941 4142 sunt
2964 4088 3230 4159 loquentis
3252 4091 3303 4145 in
3322 4092 3506 4148 Paulo.
3535 4117 3553 4147 ι

1974 4169 2442 4241 Comparationem
2473 4174 2562 4230 hic
2587 4173 2719 4231 fecit
2739 4176 2805 4231 de
2832 4176 3147 4247 proﬁciente
3174 4181 3350 4235 anima
3378 4182 3430 4236 in
3465 4184 3560 4237 do-

1974 4264 2147 4318 ctrina
2176 4265 2297 4332 Dei,
2336 4274 2392 4322 et
2436 4267 2723 4339 negligenti
2763 4269 2991 4325 salutem
3027 4284 3202 4325 suam.
3244 4272 3557 4330 Fructiferte

300 4089 464 4143 futuri
488 4088 689 4151 surculi,
722 4090 823 4143 nisi
858 4091 1183 4144 resurrectio
1209 4098 1263 4142 ct
1290 4090 1399 4142 vita
1426 4090 1584 4144 beata
1611 4103 1729 4158 quze
1752 4104 1878 4144 san-

300 4181 404 4235 etis
448 4180 816 4250 promittitur?
861 4180 984 4236 llaec
1020 4182 1198 4235 omnia
1248 4183 1301 4236 in
1344 4182 1591 4236 doctrina
1641 4180 1785 4245 lidei,
1821 4182 1874 4235 in

299 4269 474 4340 gratia
519 4269 610 4323 Dei
655 4286 749 4340 per
791 4272 1112 4340 baptismum
1163 4272 1445 4327 illuminati
1494 4272 1780 4341 accepistis
1820 4282 1876 4327 et

299 4361 643 4431 cognovistis.
678 4360 881 4415 Scitote
904 4363 1226 4427 certissime,
1253 4365 1297 4419 si
1333 4365 1387 4418 in
1412 4365 1650 4434 peccatis
1678 4364 1868 4419 iterum
1903 4410 1952 4434 ,ι
1975 4362 2165 4420 term.
2203 4357 2619 4427 εωιθειίδυεεῐιιθ
2668 4358 2928 4414 imbribus
2967 4360 3203 4432 ίιτῖὸθῑω
3255 4364 3558 4433 adiiiillllil‘v'i‘

298 4454 522 4518 cadetis,
557 4453 887 4523 impossibile
912 4470 1033 4510 esse
1059 4471 1153 4510 vos
1188 4458 1426 4510 renovari
1456 4458 1642 4511 iterum
1673 4457 1743 4510 ad
1768 4473 1874 4526 pa:-

1981 4445 2343 4514 proﬁcieutem
2384 4448 2616 4501 animam
2666 4447 2716 4500 in
2759 4447 2979 4504 ﬁoribus
3011 4459 3318 4507 sanctorum
3359 4457 3558 4524 germi-

299 4543 591 4597 nitentiant.
630 4561 647 4591 ι
684 4541 821 4609 Quid
842 4544 1007 4614 ergo?
1044 4543 1272 4598 Exclusa
1298 4553 1382 4598 est
1408 4545 1723 4613 pmnitentia
1753 4553 1876 4613 post

1981 4550 2102 4589 num
2132 4537 2314 4591 dicens
2348 4553 2363 4590 :
2403 4554 2422 4587 ι
2460 4536 2621 4591 Terra
2652 4540 2789 4592 enim
2826 4556 2962 4610 sirpe
3001 4543 3280 4596 renientcm
3318 4562 3473 4616 super
3502 4565 3556 4602 se

302 4629 660 4699 baptismum?
682 4629 858 4695 Absit,
881 4630 976 4686 sed
1000 4633 1274 4687 renovatio
1294 4648 1391 4701 per
1412 4634 1551 4687 sacri
1577 4634 1870 4702 baptisma-

299 4720 369 4773 tis
391 4721 663 4776 lavacrum
688 4722 923 4778 secunda
947 4724 1064 4778 vice
1090 4722 1207 4778 ﬁeri
1234 4739 1341 4779 non
1362 4733 1560 4794 potest.
1591 4724 1872 4789 Renovuri,

298 4808 451 4872 dixit,
502 4813 603 4866 hoc
642 4820 751 4875 est,
787 4827 984 4867 novum
1024 4811 1161 4867 ﬁeri.
1209 4811 1416 4867 Novum
1458 4814 1655 4883 quippe
1696 4813 1875 4869 facere

300 4899 568 4957 hominem
594 4905 733 4959 sacri
760 4904 1099 4974 baptismatis
1117 4911 1224 4969 est,
1251 4904 1319 4959 de
1339 4920 1447 4974 quo
1465 4904 1731 4974 Propheta
1760 4905 1864 4959 ait:

302 4987 649 5046 Renovabitur
672 4996 803 5049 sicut
825 4995 1018 5067 aquila:
1030 4994 1278 5065 juventus
1301 5005 1392 5048 tua
1412 5014 1432 5047 s
1466 4992 1638 5065 (Psal.
1664 5009 1761 5059 cn,
1788 4994 1864 5065 5).

295 5076 459 5146 Cujus
501 5081 687 5143 virtus,
723 5084 908 5149 idest,
951 5084 1290 5154 baptismatis
1323 5085 1483 5149 sacri,
1515 5084 1568 5139 in
1608 5100 1769 5141 cruce
1813 5094 1868 5140 et

293 5169 568 5239 sepultura
608 5172 810 5227 Christi
844 5183 1077 5229 constat.
1107 5176 1341 5233 Proinde
1381 5174 1693 5242 subjunxit;
1727 5174 1865 5230 Rur-

291 5274 410 5314 sum
445 5261 806 5330 cruciﬁgentes
841 5263 1173 5335 sibimetipsis
1196 5264 1397 5320 Filium
1418 5264 1536 5329 Dei,
1566 5274 1616 5319 et
1644 5267 1865 5320 ostentui

291 5347 557 5423 habentes.
613 5348 728 5405 Hoc
751 5359 856 5415 est,
887 5361 1041 5408 vetus
1067 5354 1227 5409 homo
1255 5367 1442 5412 noster
1467 5355 1627 5412 simul
1654 5357 1871 5413 cruciﬁ-

1972 4624 2189 4677 imbrem
2229 4625 2423 4679 bibens.
2462 4625 2561 4681 Hic
2587 4627 2828 4683 declarat
2854 4630 2996 4698 quod
3034 4631 3087 4684 hi
3118 4630 3183 4685 ad
3209 4648 3343 4702 quos
3371 4635 3421 4689 ei
3446 4651 3557 4690 ser-

1975 4728 2063 4766 mo
2091 4710 2219 4778 fuit,
2251 4725 2606 4785 susceperunt
2639 4724 2695 4771 et
2732 4708 3100 4774 combiberunt
3132 4723 3350 4777 verbum
3389 4725 3554 4779 coele-

1973 4805 2074 4859 stis
2109 4804 2396 4869 doctrintc,
2438 4814 2493 4861 et
2529 4807 2725 4877 sacpius
2762 4823 2858 4876 per
2891 4808 3094 4880 legem,
3136 4827 3233 4880 per
3266 4813 3555 4882 prophetas

1974 4907 2357 4967 perceperunt,
2386 4906 2442 4951 et
2466 4914 2565 4954 nec
2593 4899 2671 4954 sic
2694 4900 2921 4970 prompti
2955 4900 3077 4956 facti
3105 4911 3232 4956 sunt
3263 4922 3281 4954 ι
3316 4904 3554 4973 germina

1974 4986 2095 5042 ﬁdei
2118 4987 2380 5056 proferre.
2404 4988 2595 5044 Adhuc
2616 4991 2819 5044 addidit
2845 4992 2911 5047 de
2935 4992 3071 5046 bona
3114 5001 3279 5058 terra,
3308 4994 3360 5047 in
3390 5009 3551 5065 quam

1972 5078 2166 5132 cecidit
2188 5092 2370 5132 semen
2398 5077 2547 5132 verbi
2575 5077 2697 5145 Dei,
2722 5081 3017 5149 geminans
3034 5122 3048 5145 ,
3078 5082 3180 5144 ait,
3217 5083 3425 5136 herbam
3463 5102 3554 5155 op-

1968 5176 2265 5234 portunam.
2295 5168 2434 5223 Nihil
2457 5170 2537 5226 sic
2556 5181 2935 5240 opportunum,
2959 5175 3099 5227 sicut
3124 5173 3257 5230 ﬁdes
3279 5176 3330 5229 in
3360 5174 3551 5232 Filium

1974 5255 2064 5308 Dei
2090 5267 2144 5309 et
2170 5257 2276 5311 vita
2297 5259 2519 5327 optima.
2550 5258 2675 5314 Hmc
2701 5275 2831 5316 vero
2858 5262 2979 5317 talis
3005 5269 3150 5316 terra
3173 5263 3368 5335 accipit
3392 5264 3555 5320 bene-

1970 5344 2266 5401 dictionem
2285 5362 2317 5401 a
2345 5347 2475 5413 Deo,
2507 5358 2567 5403 ut
2589 5349 2727 5405 ferat
2755 5352 3106 5422 trigesimum,
3134 5354 3549 5425 sexagesimum,

293 5454 396 5496 xus
422 5450 506 5495 est
531 5456 653 5495 cum
680 5442 929 5509 Christo;
970 5444 1111 5499 sicut
1136 5445 1245 5499 alio
1274 5448 1350 5501 ait
1372 5448 1531 5506 loco:
1560 5446 1869 5519 Conformes

1981 5440 2132 5494 etiam
2157 5448 2214 5494 et
2238 5441 2585 5496 centesimum
2620 5440 2873 5497 fructum.
2905 5442 2973 5497 Et
3008 5444 3111 5499 hoc
3145 5445 3439 5501 notandum
3469 5459 3554 5504 est

290 5528 431 5583 enim
463 5528 592 5598 [acti
619 5546 800 5585 sumus
838 5532 1022 5587 mortis
1044 5532 1190 5603 ejus;
1217 5542 1271 5588 et
1297 5535 1491 5590 iterum
1521 5554 1535 5592 :
1568 5534 1869 5606 Consepulti

1981 5530 2109 5600 quod
2137 5531 2313 5584 omnis
2340 5530 2667 5586 abundantia
2699 5532 2753 5586 in
2793 5531 3036 5603 frugibus
3063 5541 3217 5590 terrae
3238 5576 3254 5602 ,
3280 5537 3335 5593 in
3364 5536 3553 5593 fructi-

289 5618 433 5693 enim,
458 5621 580 5674 estis
622 5620 670 5674 ei
706 5637 797 5690 per
836 5621 1146 5694 baptismum
1192 5623 1247 5677 in
1283 5632 1468 5679 morte.
1521 5623 1676 5680 Sicut
1723 5626 1867 5680 enim
1917 5626 1950 5640 "
1976 5622 2072 5678 bus
2098 5623 2351 5678 arborum
2377 5621 2529 5694 [non]
2557 5623 2710 5677 aliter
2739 5624 2837 5677 nisi
2870 5638 2967 5693 per
2998 5626 3088 5680 Dei
3125 5626 3549 5683 benedictionem
