4002 6186
450 301 589 361 1039

1326 293 1386 349 Β.
1430 293 1489 347 F.
1522 291 1745 348 ALBlNl
1783 290 1912 347 SEU
1938 286 2213 342 ALCUINI
2249 286 2532 342 OPEllUM
2572 285 2750 341 PARS
2789 285 2852 339 ll.

3567 285 3716 340 4060

448 409 747 465 cultoribus
781 406 845 460 ad
891 405 1218 459 voluntatem
1268 403 1537 472 respicere
1574 401 1808 472 poterit;
1854 413 2026 469 neque
2055 401 2097 455 Δ
2126 397 2378 451 omnibus
2404 396 2578 451 modis
2603 411 2820 465 sperare
2847 396 3059 468 futura;
3086 410 3210 450 eum
3237 396 3385 451 enim
3412 395 3505 465 qui
3530 396 3722 467 despe-

450 502 597 557 enint
620 497 974 569 agricolarum
999 495 1099 549 fuit
1122 504 1318 549 terram
1343 495 1580 548 excitare
1605 493 1672 548 ad
1691 491 1916 554 fructus,
1939 487 2034 542 sed

452 591 736 660 imperium
769 588 886 652 De],
919 586 1059 640 sicut
1084 586 1212 641 alibi
1259 585 1401 639 idem
1441 585 1634 638 beatus
1669 581 1868 636 Paulus
1911 579 1987 633 ait
2016 592 2032 631 :

455 681 567 751 Ego
593 678 824 750 plantari
844 718 859 742 ,
897 675 1080 740 Apollo
1113 677 1293 745 rigavit
1315 715 1331 740 ,
1370 675 1458 728 scd
1495 674 1636 727 Deus
1665 674 2036 727 incrementum

453 774 542 824 dat
573 770 627 842 (I
652 768 775 823 Cor.
810 786 894 831 ιιι.
923 768 998 841 6).
1030 767 1145 821 Hoc
1169 782 1297 838 ergo
1321 767 1389 821 de
1411 767 1589 819 anima
1618 764 1825 818 ﬂorenti
1854 763 1906 817 in
1929 762 2038 814 vir-

456 861 658 915 tutibus
684 868 738 914 et
758 859 851 913 Dei
879 858 1253 912 benedictione
1275 858 1435 926 digne
1461 856 1685 926 protulit
1710 851 2035 921 exemplum,

456 966 688 1020 moxque
723 949 999 1017 subiunxit
1025 948 1172 1004 aliud
1208 951 1521 1019 paradigma
1549 948 1615 1002 de
1645 961 1708 1000 ea
1740 960 1859 1013 quae
1886 957 2037 997 suam

457 1040 677 1111 ucgligit
702 1040 951 1104 salutem,
980 1040 1203 1094 dicens:
1249 1038 1527 1109 Pro/arens
1567 1045 1740 1089 autem
1778 1034 1954 1103 spinas
1991 1042 2039 1085 et

453 1134 692 1189 tribulos.
727 1133 942 1203 reproba
958 1142 1064 1196 est,
1089 1141 1136 1186 et
1160 1130 1436 1185 maledicto
1459 1129 1718 1198 proxima,
1748 1127 1900 1195 cujus
1919 1141 2042 1177 con~

456 1224 736 1278 summatio
783 1226 837 1277 iu
876 1222 1306 1276 retributionem.
1343 1238 1362 1269 ι
1402 1219 1533 1284 Quis
1572 1229 1804 1285 namque
1843 1223 1928 1269 est
1975 1213 2042 1266 ab

460 1313 580 1368 istis
603 1312 771 1380 spinis
801 1312 1071 1366 mundus?
1097 1310 1176 1363 Ac
1201 1309 1246 1363 si
1276 1323 1517 1362 essemus
1539 1306 1746 1369 mundi,
1772 1318 1946 1373 neque
1966 1304 2044 1358 sic

458 1410 917 1471 praesumptuosos
956 1414 1055 1453 nos
1091 1406 1305 1468 oportet
1325 1412 1475 1459 esse,
1501 1396 1599 1451 sed
1621 1394 1812 1449 timere
1845 1402 1901 1447 et
1940 1402 2044 1447 tre-

460 1506 640 1556 mere,
678 1506 745 1544 ne
789 1490 929 1544 forte
968 1490 1229 1559 pullulent
1267 1489 1319 1543 in
1349 1488 1505 1543 nobis
1533 1488 1699 1556 spina:
1735 1506 1753 1538 ι
1797 1493 2047 1554 peccato-

459 1597 601 1636 rum.
633 1581 911 1649 Quomodo
935 1582 1114 1637 anima
1140 1580 1225 1635 vel
1248 1594 1376 1634 caro
1395 1579 1566 1649 spinis
1584 1578 1741 1648 plena
1770 1574 2048 1644 superbire

460 1671 693 1741 poterit?
720 1670 971 1739 Nunquid
1003 1687 1108 1724 non
1137 1669 1327 1737 majori
1365 1668 1724 1723 sollicitudine
1749 1667 2049 1735 exstirpare

2137 499 2223 544 rat
2254 489 2322 544 de
2347 489 2700 560 praesentibus
2734 488 3013 544 beneﬁciis
3048 489 3169 555 Dei,
3217 487 3363 558 quod
3400 503 3433 542 a
3462 487 3575 544 Deo
3610 505 3723 545 non

2137 580 2355 646 habeat,
2383 581 2449 635 de
2476 579 2672 636 futuris
2696 582 2819 651 quis
2857 581 3054 650 poterit
3092 595 3216 637 eum
3256 579 3598 636 contortam?
3635 582 3725 638 Si-

2135 670 2265 725 mile
2306 670 2434 739 quid
2473 670 2680 725 Calatis
2725 672 3049 741 improperat
3105 671 3293 726 dicens
3349 685 3366 725 :
3422 670 3729 728 Currebatis

2137 761 2262 814 bene
2290 777 2314 815 -:
2346 762 2463 831 quis
2488 778 2575 815 ros
2601 762 2873 831 fascinari!
2900 761 3041 832 (Gal.
3077 778 3127 826 ν,
3159 763 3249 831 7),?
3271 763 3447 833 Atque
3481 765 3678 820 iterum
3710 783 3725 819 :

2141 847 2309 903 Tanta
2338 851 2473 904 enim
2510 850 2654 918 passi
2676 851 2799 904 estis
2827 850 2938 903 sine
2964 867 3123 904 causa
3161 871 3178 903 ι
3211 850 3377 922 (Ibid.
3417 868 3504 917 ιιι,
3533 852 3588 923 4)
3622 872 3637 907 :
3664 863 3733 908 ut

2138 954 2376 1008 praesens
2416 941 2691 1009 mitigaret
2728 939 2973 994 eamdem
3012 942 3367 1005 sententiam,
3398 959 3521 999 mox
3557 944 3732 1018 685

2140 1026 2417 1095 subjunxit
2450 1046 2463 1082 :
2498 1030 2544 1082 si
2578 1039 2756 1082 tamen
2796 1030 2908 1082 sine
2942 1046 3124 1083 causa.
3166 1029 3256 1086 Sic
3280 1032 3443 1087 etiam
3476 1035 3583 1089 hoc
3610 1035 3734 1091 loco

2142 1119 2458 1186 temperavit
2497 1120 2817 1174 sententiam
2854 1135 3006 1175 suam
3048 1120 3234 1177 dicens
3264 1137 3280 1176 :
3310 1121 3431 1178 Non
3471 1127 3610 1180 enim
3646 1128 3735 1181 in-

2134 1208 2311 1277 justus
2332 1209 2493 1273 Deus,
2519 1220 2575 1264 ut
2598 1210 2930 1265 obliviscatur
2953 1212 3122 1281 operis
3144 1215 3302 1267 vestri
3317 1254 3332 1279 ,
3360 1214 3486 1269 dum
3523 1226 3735 1271 tantum

2142 1299 2449 1353 charitatem
2487 1301 2784 1356 ostendistis
2823 1304 2878 1356 in
2906 1304 3118 1357 sanctis.
3164 1305 3422 1362 Volumus
3455 1309 3598 1363 enim
3631 1325 3736 1366 vos

2144 1387 2348 1442 imitari
2391 1403 2485 1445 eos
2529 1392 2619 1462 qui
2664 1409 2757 1463 per
2798 1392 2956 1462 ﬁdem
2987 1403 3036 1446 et
3072 1397 3378 1464 patientiam
3428 1399 3734 1456 hereditati

2143 1488 2266 1534 sunt
2288 1481 2673 1551 promissiones.
2699 1483 2869 1550 Quale
2895 1498 3026 1539 vero
3050 1484 3379 1542 desiderium
3407 1488 3637 1545 haberet
3663 1492 3737 1546 de

2144 1571 2323 1626 salute
2344 1586 2571 1637 eorum,
2601 1574 2846 1642 sequenti
2881 1576 3115 1631 ostendit
3151 1577 3471 1648 allegatione
3503 1581 3735 1637 dicens:

2148 1660 2345 1731 (Vens.
2395 1660 2493 1733 Η)
2539 1662 2786 1733 Cupimus
2846 1666 2984 1718 enim
3043 1682 3458 1741 unumquemque
3505 1682 3739 1728 oestrum

458 1776 556 1835 eas
578 1776 714 1832 opus
743 1761 993 1815 haberet?
1020 1779 1037 1812 ‹
1068 1760 1199 1827 Quae
1220 1766 1347 1814 sunt
1371 1774 1502 1827 ergo
1531 1758 1732 1828 Spinm?
1753 1756 2047 1812 Audiamus
2078 1756 2122 1819 Β
2148 1751 2381 1807 eamdem
2408 1761 2667 1806 ostentare
2700 1752 3102 1809 sollicitudinem
3139 1758 3208 1811 ad
3247 1758 3585 1828 exple-tionem
3626 1766 3742 1834 ερτὶ

462 1851 735 1908 Christum
766 1851 832 1908 de
862 1852 1031 1924 spinis
1056 1852 1346 1918 dicentem,
1373 1851 1498 1923 quia
1526 1865 1655 1904 cura
1683 1848 1864 1904 saeculi
1890 1846 2049 1915 hujus

461 1954 518 2000 et
544 1945 786 2016 dcccptio
822 1943 1129 1998 divitiarum
1160 1941 1456 2013 prmfocant
1499 1942 1752 2003 verbum,
1788 1948 1843 1995 et
1885 1936 2051 1993 infru—

462 2044 711 2089 ctuosum
738 2034 990 2090 cilicitur.
1023 2052 1042 2084 ι
1072 2034 1377 2096 Profercns,
1407 2032 1565 2096 dixit,
1593 2031 1796 2101 spinas,
1827 2044 1933 2083 non
1960 2043 2053 2098 ge-

465 2138 697 2187 nerans,
725 2122 1089 2178 maledictioni
1119 2122 1366 2190 proxima
1395 2128 1497 2174 est.
1530 2120 1573 2172 Ο
1603 2128 1859 2188 quantam
1890 2117 2053 2172 habet

462 2213 885 2268 consolationem
914 2213 1004 2267 hic
1039 2212 1251 2266 sermo!
1287 2210 1667 2275 Maledictioni,
1703 2209 1900 2277 inquit,
1936 2223 2054 2277 pro-

464 2304 640 2369 xima,
668 2319 773 2359 non
803 2302 1108 2360 maledictio
1149 2301 1388 2376 [ων-ψη
1429 2317 1537 2359 non
1578 2299 1911 2372 maledicta].
1950 2300 2050 2366 Qui

464 2402 645 2447 autem
672 2394 900 2447 necdum
942 2393 996 2449 in
1031 2393 1462 2448 maledictionem
1502 2392 1726 2456 incidit,
1756 2391 1850 2446 sed
1879 2391 2054 2460 proxi-

467 2485 743 2550 mitatem;
788 2493 843 2539 et
883 2485 1040 2556 longe
1088 2485 1202 2539 ﬁeri
1244 2485 1464 2555 poterit.
1497 2484 1565 2538 Et
1607 2499 1714 2539 non
1752 2486 1854 2539 hoc
1882 2483 2054 2538 solum

466 2574 774 2627 consolatus
799 2583 912 2638 est,
945 2576 1038 2630 sed
1076 2577 1239 2630 etiam
1270 2576 1324 2629 in
1352 2590 1418 2629 eo
1454 2575 1595 2644 quod
1634 2575 1895 2644 sequitur.
1937 2572 2053 2628 Non

467 2664 601 2718 dixit
634 2682 647 2718 :
682 2663 931 2733 chroba
969 2674 1024 2719 et
1064 2666 1424 2721 maledictioni
1453 2668 1731 2735 proxima,
1762 2681 1881 2736 qua:
1908 2680 2059 2720 coin-

470 2757 714 2810 hurctur.
759 2754 866 2811 Sed
908 2757 1075 2827 quid?
1099 2756 1265 2826 Cujus
1300 2758 1690 2813 consmnmatio
1736 2761 1788 2811 in
1837 2758 2057 2811 combae-

469 2849 725 2904 stionem.
758 2868 778 2902 ι
812 2849 936 2904 llaec
969 2850 1270 2905 combustio
1306 2864 1412 2904 non
1441 2849 1567 2913 erit,
1603 2848 1708 2904 nisi
1737 2849 1859 2918 quis
1888 2863 2057 2917 usque

471 2945 525 2998 in
552 2944 711 2999 ﬁnem
740 2952 1051 3014 permaneat
1076 2944 1130 2998 in
1154 2943 1394 3012 peccatis
1416 2947 1548 2999 suis.
1579 2943 1714 3010 Quia
1743 2944 1797 2997 in
1825 2958 2057 3013 quacun-

471 3050 571 3104 que
609 3035 694 3088 die
732 3050 1004 3088 conversus
1038 3033 1196 3103 fuerit
1235 3044 1492 3104 peccator,
1534 3035 1636 3088 vita
1671 3035 1831 3098 vivet,
1868 3042 1920 3086 et
1952 3048 2054 3086 non

2150 1857 2310 1910 usque
2332 1842 2386 1895 in
2410 1842 2588 1911 finem.
2618 1843 2804 1911 (Vens.
2837 1844 2948 1914 12.)
2980 1842 3050 1898 Ut
3074 1861 3181 1901 non
3203 1864 3383 1918 segnes
3415 1850 3740 1921 eﬁiciamini.

2158 1954 2174 1987 ι
2215 1937 2590 1992 Desideramus
2612 1953 2758 2002 vero,
2783 1938 2979 2007 inquit,
3007 1954 3111 1993 non
3141 1949 3346 1995 tantum
3373 1942 3518 1998 circa
3543 1947 3743 2011 verba.

2152 2027 2247 2083 sed
2268 2027 2429 2081 etiam
2459 2027 2512 2081 in
2538 2027 2826 2082 virtutibus
2849 2030 3183 2084 conversari.
3222 2028 3336 2085 Non
3366 2034 3518 2102 quasi
3550 2035 3740 2106 priora

2153 2130 2331 2174 vestra
2356 2120 2659 2189 culpantes,
2691 2121 2784 2175 sed
2814 2130 2871 2175 ut
2895 2122 2960 2178 de
2993 2123 3192 2179 futuris
3213 2124 3428 2180 solliciti
3454 2128 3607 2192 sitis,
3634 2132 3739 2185 ad-

2146 2216 2461 2275 monentes;
2494 2210 2596 2265 hoc
2621 2219 2732 2275 est,
2758 2211 2946 2281 quales
2974 2212 3152 2268 fuistis
3189 2216 3451 2285 primum,
3480 2218 3617 2275 tales
3641 2236 3743 2276 vos

2152 2300 2397 2369 cupimus
2422 2310 2477 2355 et
2505 2302 2663 2357 modo
2700 2318 2819 2358 esse
2858 2312 2914 2357 et
2955 2305 3008 2359 in
3037 2304 3298 2361 futurum.
3334 2309 3399 2363 Et
3437 2327 3540 2365 non
3577 2313 3743 2377 dixit,

2154 2389 2300 2455 colo;
2326 2391 2469 2459 quod
2496 2400 2581 2446 est
2603 2394 2943 2449 auctoritatis
2968 2395 3226 2451 doctrina:
3252 2415 3266 2451 :
3295 2400 3388 2453 sed
3408 2440 3423 2464 ,
3454 2403 3597 2470 quod
3620 2414 3744 2458 erat

2155 2490 2390 2548 paternae
2417 2482 2737 2550 dilectionis,
2766 2485 2867 2542 hoc
2897 2495 3001 2551 est,
3033 2489 3268 2559 cupimus
3298 2505 3740 2562 unumquemque

2157 2577 2397 2624 vestrum
2417 2573 2658 2627 eamdem
2685 2589 2846 2643 quam
2877 2576 3006 2630 olim
3036 2577 3301 2633 habuistis
3322 2581 3745 2639 sollicitudinem

2156 2662 2223 2715 ad
2250 2663 2605 2732 exple-tionem
2633 2666 2745 2736 spei
2783 2667 2985 2723 habere
3018 2670 3069 2723 in
3098 2678 3354 2725 aeternam
3386 2679 3746 2733 resurrectio-

2154 2774 2299 2813 nem.
2336 2779 2355 2812 ι
2396 2758 2582 2814 Verum
2610 2761 2896 2817 imitatores
2926 2778 3126 2829 eorum,
3165 2768 3255 2836 qui
3283 2767 3391 2835 ﬁde
3415 2778 3463 2822 et
3490 2771 3747 2840 patientia

2155 2850 2532 2906 Ita'reditabunt
2560 2853 2947 2922 promissioncs.
2983 2854 3242 2911 Hortatur
3283 2860 3427 2913 enim
3470 2862 3748 2917 auditores

2157 2954 2284 2994 suos
2309 2948 2367 2993 ut
2392 2939 2494 2995 ﬁde
2514 2956 2620 2995 non
2650 2941 2771 2996 ﬁcta
2796 2952 2850 2998 et
2870 2944 3128 3014 patientia
3158 2946 3397 3016 perfec:a
3428 2961 3744 3020 exspectent

2158 3032 2542 3101 promissiones
2566 3031 2694 3098 Dei,
2743 3043 2796 3088 et
2842 3036 3200 3102 haereditates,
3232 3055 3368 3108 quas
3394 3043 3604 3098 sanctis
3633 3046 3746 3099 suis

471 3096 726 3177 morietur
754 3121 969 3194 (Ezech.
998 3096 1192 3189 xsxm,
1224 3096 1330 3193 l2).
1366 3142 1383 3173 ι
1418 3122 1475 3178 Si
1511 3138 1639 3178 vero
1676 3096 2055 3178 abseindamus
2084 3096 2128 3159 ε
2159 3096 2428 3192 promisit.
2456 3125 2524 3178 Et
2558 3125 2661 3180 hoc
2683 3096 2896 3182 ﬁrmius
2920 3096 3197 3198 exemplis
3218 3096 3578 3190 corroborare
3612 3137 3743 3191 niti-

471 3215 655 3283 spinas
681 3228 780 3283 per
804 3213 1173 3282 pceaitentiam
1194 3254 1210 3279 ,
1248 3217 1547 3284 poterimus
1580 3213 1724 3268 mille
1757 3212 1913 3269 bonis
1935 3227 2058 3282 per-

472 3304 611 3369 frui,
640 3313 695 3359 et
729 3303 842 3359 ﬁeri
869 3307 1195 3375 probabiles,
1222 3316 1278 3362 et
1300 3307 1691 3363 benedictionis
1721 3306 1811 3361 Dei
1840 3305 2058 3374 partici-

473 3412 587 3467 pes.
617 3395 905 3465 POSTquaui
943 3405 1123 3451 autem
1164 3399 1295 3451 incr.
1314 3398 1459 3466 pavit
1498 3411 1591 3450 eos
1629 3394 1973 3460 sollicienter,
2005 3404 2062 3450 et

474 3488 700 3553 terruit,
731 3498 783 3542 et
808 3490 1072 3558 percutit,
1099 3497 1252 3544 curat
1284 3504 1379 3544 eos
1409 3490 1623 3552 iterum,
1656 3503 1722 3542 ne
1749 3490 2060 3558 desperatos

477 3581 668 3647 faciat;
696 3596 867 3650 neque
893 3580 946 3634 in
970 3580 1222 3635 omnibus
1240 3580 1508 3643 adulatur,
1535 3593 1709 3648 neque
1731 3577 1785 3632 in
1809 3577 2060 3633 omnibus

475 3672 730 3740 percutit.
759 3670 869 3726 Nec
904 3672 1017 3725 haec
1046 3671 1275 3726 dicimus
1304 3671 1466 3725 veluti
1495 3678 1745 3739 putantes
1770 3684 1866 3724 vos
1891 3669 2060 3739 spinis

475 3762 694 3829 plenos,
723 3762 819 3815 sed
849 3761 1099 3815 timentes
1128 3776 1196 3815 ne
1228 3762 1361 3817 tales
1394 3759 1724 3816 efﬁciamini.
1766 3759 1952 3814 Melius
1978 3768 2061 3815 est

478 3851 623 3904 enim
650 3850 832 3905 verbis
846 3865 942 3904 vos
963 3858 1190 3913 terrere,
1216 3866 1284 3905 ue
1312 3852 1474 3906 rebus
1499 3851 1632 3920 ipsis
1653 3849 1896 3905 doleatis.
1930 3869 1947 3901 ι

552 3938 716 3994 Vsus.
749 3939 802 3995 9.
839 3968 909 3978 —
946 3937 1271 4008 Confidimus
1289 3951 1487 4004 autem,
1508 3938 1850 4001 dilectissimi,
1877 3939 1941 3993 de
1969 3955 2058 3992 ro-

480 4029 556 4081 bis
588 4028 804 4082 meliora
829 4038 878 4082 et
900 4029 1152 4082 viciniora
1176 4027 1397 4094 salutis,
1428 4029 1632 4083 tametsi
1666 4030 1741 4082 ita
1779 4027 2056 4098 loquimur.

478 4119 616 4185 Quia
659 4119 850 4172 beatus
896 4117 1094 4175 Paulus
1137 4134 1243 4172 non
1286 4120 1473 4173 habuit
1506 4119 1648 4174 unde
1687 4133 1782 4173 eos
1813 4117 1879 4171 ad
1927 4132 2063 4185 quos

477 4209 694 4278 scripsit
717 4209 782 4262 dc
804 4217 1069 4276 prmsente
1090 4208 1357 4274 laudaret,
1390 4210 1576 4280 incipit
1602 4210 1682 4265 eis
1706 4211 1775 4265 de
1798 4224 1893 4278 spe
1920 4208 2067 4263 futu-

479 4314 661 4351 rorum
688 4298 987 4366 prmdicarc
1013 4297 1225 4351 dicens:
1244 4294 1586 4364 Conﬁdimus,
1603 4297 1813 4366 fratres,
1835 4298 1901 4350 de
1922 4298 2062 4351 vobis

480 4389 697 4442 ntez'iora
744 4398 793 4442 et
844 4389 1097 4443 viciniora
1137 4387 1361 4452 salutis,
1404 4390 1637 4459 quamvis
1682 4390 1757 4442 ita
1797 4389 2052 4443 dicamus.

478 4481 645 4547 Quasi
670 4481 931 4535 dixisset:
955 4479 1167 4550 Optima
1190 4481 1434 4550 quautam
1457 4482 1525 4537 de
1544 4483 1695 4537 vobis
1715 4482 2057 4551 conﬁdimus,

477 4580 533 4623 et
563 4586 681 4638 qua:
703 4570 863 4625 saluti
884 4578 1075 4626 vestra:
1100 4571 1413 4641 proﬁciant;
1443 4588 1549 4626 non
1577 4572 1783 4642 utique,
1806 4573 1951 4642 quod
1970 4589 2060 4627 su.

481 4662 665 4728 purius
689 4660 799 4714 dixi
819 4662 885 4716 de
908 4663 1132 4731 reprobo
1154 4669 1301 4717 terra
1320 4672 1376 4717 et
1399 4665 1767 4719 combustione
1792 4667 2057 4734 proxima,

481 4768 587 4805 tum
614 4751 680 4806 de
707 4751 860 4806 vobis
885 4747 989 4807 hoc
1013 4752 1264 4818 dicimus,
1279 4753 1407 4822 quia
1436 4753 1657 4808 meliora
1679 4756 1747 4808 de
1770 4755 1920 4809 vobis
1945 4770 2064 4809 cre-

480 4842 678 4897 dimus.
701 4841 937 4898 Adduxit
968 4859 1179 4914 quoque
1206 4846 1287 4899 eis
1329 4845 1383 4900 in
1420 4847 1739 4901 memoriam
1768 4848 2057 4916 prmterita,

481 4945 541 4989 ut
567 4951 633 4989 ex
662 4935 950 5005 praeteritis
974 4950 1067 4992 eos
1104 4937 1345 4994 alliceret
1381 4938 1448 4993 ad
1482 4940 1621 4994 bona
1658 4954 1915 5009 quaeque,
1938 4941 2058 4996 ideo

482 5026 760 5097 subiunxit
797 5040 812 5080 :
844 5027 1032 5095 (Vsus.
1078 5028 1164 5099 10)
1196 5028 1321 5084 Non
1358 5030 1494 5084 enim
1534 5030 1762 5101 injustas
1790 5030 1960 5096 Dens,
2001 5043 2058 5086 ut

482 5115 817 5170 obliriscatur
861 5117 1029 5185 aperis
1071 5119 1254 5184 vestri,
1293 5128 1342 5173 et
1366 5119 1659 5175 dilectionis
1689 5136 1848 5192 quam
1885 5132 2057 5177 osten-

482 5205 631 5260 distis
658 5206 712 5259 in
741 5206 947 5260 nomine
975 5208 1160 5278 ipsius,
1192 5211 1282 5280 qui
1305 5211 1637 5266 ministrastis
1664 5214 1857 5270 sanctis
1883 5225 1932 5270 et
1960 5218 2059 5270 mi-

485 5295 737 5349 nistratis.
758 5312 786 5346 νι
812 5295 954 5351 Ecce
974 5299 1243 5367 quomodo
1268 5301 1531 5355 recreavit
1549 5303 1757 5359 animas
1777 5319 1984 5371 eorum,
2007 5316 2062 5362 et

483 5384 826 5453 confortavit,
864 5389 1086 5459 antiqua
1113 5390 1196 5445 eis
1224 5391 1275 5445 in
1309 5400 1544 5447 mentem
1585 5409 1845 5451 revocans
1878 5414 1891 5448 :
1933 5404 2060 5450 tunc

485 5469 612 5526 fecit
638 5488 756 5539 eos,
791 5487 849 5533 ut
874 5494 979 5533 non
1006 5481 1337 5536 aestimarent
1362 5483 1605 5540 oblivisci
1634 5486 1821 5551 Deum,
1848 5496 1904 5540 et
1924 5501 2061 5557 pm:-

486 5560 646 5614 terita
684 5564 802 5633 ejus
847 5567 1104 5625 beneﬁcia
1134 5571 1186 5624 in
1214 5586 1335 5638 eos;
1367 5587 1588 5628 necesse
1626 5584 1713 5630 est
1754 5576 1899 5631 enim
1935 5590 2059 5631 eum

485 5664 735 5719 peccare.
763 5654 848 5706 cui
872 5670 996 5724 spes
1023 5659 1193 5719 deerit
1226 5660 1425 5718 futura.
1468 5662 1670 5721 Deinde
1700 5668 1946 5721 hortatur
1967 5682 2061 5721 cos

2163 3223 2267 3278 tur,
2298 3214 2427 3268 dum
2456 3215 2654 3270 dicitur
2688 3233 2701 3268 :

2232 3306 2390 3361 Vens.
2431 3305 2610 3361 lii-lii.
2649 3337 2717 3347 —-
2754 3309 2977 3363 Abt-alue
3007 3327 3227 3383 namque
3250 3316 3559 3382 promittens
3583 3316 3741 3377 Deus.

2157 3399 2404 3468 quoniam
2432 3399 2685 3452 neminem
2714 3399 2892 3453 [tabuit
2929 3417 3021 3470 per
3050 3419 3199 3472 quem
3224 3405 3435 3475 juraret
3469 3408 3742 3477 majorem.

2149 3489 2351 3558 jurat-it
2377 3505 2469 3558 per
2495 3490 2839 3559 semetipsum.
2861 3491 3034 3545 dicens
3058 3508 3076 3547 :
3102 3494 3417 3551 Benedicens
3445 3500 3665 3553 benedic.
3692 3518 3741 3553 nt

2159 3589 2227 3640 te,
2258 3588 2305 3632 et
2338 3579 2693 3649 mu‘tiplicans
2722 3580 3075 3651 multiplicabo
3103 3594 3171 3637 te.
3196 3584 3265 3644 Et
3281 3587 3354 3640 sic
3380 3587 3743 3659 longanimiter

2159 3671 2330 3740 ferens
2368 3671 2587 3741 adeptus
2624 3683 2698 3727 est
2730 3674 3146 3743 promissionem.
3182 3675 3313 3731 Mira
3357 3689 3443 3734 est
3483 3682 3741 3750 sapientia

2162 3760 2302 3814 beati
2332 3760 2483 3815 Pauli
2511 3780 2524 3815 :
2557 3776 2654 3831 per
2676 3763 2827 3818 vices
2849 3765 2994 3819 enim
3023 3765 3274 3823 laudibus
3300 3770 3501 3823 extollit
3539 3787 3633 3826 eos
3670 3772 3740 3825 ad

2160 3871 2296 3925 quos
2323 3856 2546 3921 scribit;
2573 3871 2669 3925 per
2689 3858 2835 3912 vices
2864 3859 3160 3915 terroribus
3184 3862 3541 3917 antecedentis
3567 3863 3740 3918 histo-

2164 3948 2257 4000 riae
2287 3954 2453 4000 terret
2484 3960 2598 4012 eos,
2642 3963 2710 4002 ne
2736 3947 2979 4003 inﬁdeles
3009 3958 3209 4014 essent,
3240 3959 3296 4007 et
3325 3953 3500 4008 minus
3533 3954 3740 4008 creduli

2161 4041 2504 4109 promissioni
2553 4042 2682 4107 Dei;
2728 4058 2823 4113 per
2865 4044 3013 4098 vices
3074 4059 3203 4099 vero
3247 4061 3437 4101 eorum
3486 4048 3745 4117 exemplis

2162 4133 2412 4185 hortatur
2443 4132 2511 4186 ad
2545 4132 2861 4202 patientiam
2901 4142 2957 4188 et
2984 4133 3162 4189 ﬁdem.
3198 4136 3263 4189 Et
3287 4144 3347 4190 ut
3381 4137 3744 4193 indubitanter

2162 4225 2404 4288 credant,
2427 4238 2534 4278 non
2556 4225 2727 4279 solum
2752 4225 2861 4280 Deo
2882 4226 3109 4291 dicente,
3136 4241 3322 4282 verum
3346 4230 3513 4283 etiam
3524 4227 3740 4298 jurante

2161 4331 2257 4386 per
2282 4316 2649 4384 semetipsum.
2674 4317 2741 4371 Et
2765 4318 2892 4372 dum
2916 4319 2966 4373 ei
2996 4320 3162 4374 multa
3188 4329 3541 4391 suppeterent
3566 4338 3744 4379 exem—

2161 4410 2246 4477 pla
2277 4417 2606 4469 sanctorum,
2631 4409 2721 4478 qui
2746 4425 2842 4479 per
2865 4411 3178 4478 patientiam
3215 4412 3596 4469 hzcreditarcnt
3621 4429 3744 4483 pro-

2163 4500 2446 4554 missiones
2468 4499 2583 4562 Dei,
2615 4500 2883 4570 przecipue
2912 4500 3084 4557 ﬁdelis
3121 4502 3425 4570 Abraham,
3470 4525 3490 4556 ‹
3528 4516 3744 4575 propter

2160 4590 2474 4659 dignitatem
2506 4604 2750 4657 persona:
2780 4604 2908 4654 sum,
2934 4600 2992 4646 et
3014 4601 3237 4662 propter
3263 4597 3405 4664 quod
3433 4599 3662 4652 maxime
3688 4600 3743 4652 in

2158 4693 2224 4732 eo
2249 4678 2389 4732 istud
2418 4678 2706 4748 contigerit
2743 4678 2951 4751 [SuppL
2993 4684 3282 4756 meminit].
3322 4706 3339 4735 ι
3387 4685 3491 4751 Qui
3513 4687 3744 4758 longani-

2159 4770 2309 4823 miter
2335 4768 2505 4837 ferens
2533 4770 2749 4839 adeptus
2770 4781 2843 4824 est
2869 4773 2923 4824 in
2946 4773 3072 4841 ﬁliis
3100 4775 3209 4827 suis
3228 4778 3609 4844 promissiones,
3635 4794 3742 4833 non

2162 4858 2319 4913 modo
2345 4858 2603 4926 praeteriti
2636 4861 2913 4928 temporis,
2945 4876 3064 4929 qua:
3094 4862 3146 4916 in
3170 4866 3365 4933 pupula
3394 4864 3485 4919 Dei
3510 4866 3745 4935 implete

2160 4957 2306 5013 sunt,
2343 4949 2515 5019 magis
2560 4950 2725 5005 etiam
2757 4952 2808 5003 in
2851 4949 3088 5005 futurum
3123 4957 3481 5023 pronuntians
3514 4957 3567 5010 in
3604 4954 3747 5012 ﬁlios

2164 5037 2284 5092 ﬁdei
2314 5038 2570 5103 Abralue;
2603 5039 2755 5108 citius
2782 5040 2872 5094 ﬁlii
2902 5050 3025 5095 sunt
3054 5057 3191 5111 quos
3222 5046 3435 5100 bonitas
3460 5046 3554 5100 Dei
3582 5046 3647 5101 de
3668 5045 3746 5100 la—

2160 5130 2375 5199 pidibus
2401 5131 2638 5202 gentium
2675 5131 2982 5197 suscitavit,
3022 5144 3078 5189 et
3105 5135 3232 5190 fecit
3259 5151 3354 5191 eos
3388 5136 3441 5190 in
3490 5137 3595 5192 ﬁde
3619 5152 3742 5193 esse

2163 5220 2299 5275 ﬁlios
2320 5220 2570 5276 Abrahm.
2608 5221 3027 5279 Promissionem
3057 5224 3153 5281 Dei
3176 5226 3476 5298 ‘cooperata
3514 5238 3597 5282 est
3631 5228 3748 5284 lon-

2160 5310 2451 5381 ganimitas
2492 5312 2798 5376 audientis,
2844 5320 2906 5369 et
2952 5317 3317 5385 exspectantis
3372 5317 3743 5374 hereditatem

2162 5402 2515 5471 promissam;
2543 5416 2702 5470 quam
2728 5405 2945 5473 quidem
2972 5408 3342 5476 pusillanimes
3374 5419 3431 5465 et
3457 5410 3748 5466 incredibi-

2160 5491 2238 5546 les
2262 5489 2378 5562 [Sic
2405 5490 2529 5561 ιιι]
2562 5493 2739 5548 verbis
2769 5494 2863 5550 Dei
2898 5512 3007 5553 non
3038 5497 3255 5554 luerunt
3276 5501 3478 5570 adepti,
3504 5501 3600 5557 sed
3631 5500 3745 5574 plu-

2164 5581 2296 5635 rima
2324 5580 2534 5636 illorum
2569 5584 2621 5638 in
2657 5585 2874 5643 deserto
2903 5592 3067 5660 periit
3096 5590 3401 5649 multitudo.
3434 5594 3607 5661 Quam
3648 5596 3746 5652 im-

2164 5671 2307 5741 pium
2337 5679 2439 5736 est,
2481 5672 2590 5728 Deo
2616 5675 2855 5745 iurante,
2899 5695 3004 5735 non
3054 5682 3304 5737 credere!
3351 5683 3559 5739 Iurat-it
3608 5686 3747 5740 enim
