4010 6182
295 342 440 407 “itii

954 347 1365 404 EXECETICA.
1408 379 1479 389 —
1516 345 1760 403 EXPOS.
1802 345 1869 400 l.\'
1908 343 2123 399 EPIST.
2169 344 2226 398 S.
2266 342 2473 399 PAULI
2510 344 2600 397 AD
2639 342 2841 399 HEBR.

3408 341 3432 395 i
3443 341 3549 396 062

292 486 386 541 per
420 470 776 539 semetipsum,
814 467 935 537 quia
976 465 1231 521 neminem
1279 465 1459 520 habuit
1498 464 1749 533 majorem
1789 480 1880 534 per
1908 464 1949 523 Α
1981 461 2223 526 addidit,
2253 461 2479 515 dicens:
2507 458 2574 512 Et
2617 459 2935 513 incedentem
2986 473 3146 529 usque
3191 457 3262 511 ad
3308 457 3560 511 interiora

293 577 445 630 quem
468 561 694 630 jurarct.
725 557 908 611 Potest
945 556 1034 612 hic
1058 569 1312 627 persona,
1345 555 1398 609 in
1426 556 1528 609 hoc
1548 554 1876 621 iuramento,

301 651 389 703 Dei
416 648 589 702 Patris
611 645 851 717 intelligi,
876 650 969 717 qui
998 648 1064 702 de
1082 644 1221 701 Filio
1242 659 1340 701 suo
1363 643 1536 699 eidem
1559 644 1881 714 patriarcha:

300 738 550 810 promisit
572 737 759 793 dicens
786 753 802 793 :
828 737 896 792 Et
922 739 979 792 in
997 737 1189 793 semine
1211 745 1301 789 tuo
1325 734 1688 789 benedicentur
1706 748 1881 787 omnes

299 840 471 901 gentes
495 826 648 903 (Cen.
681 846 827 893 xxvi,
849 830 924 901 4).
949 829 1069 884 Non
1100 828 1233 882 dicit
1255 827 1308 881 in
1333 825 1651 890 seminibus,
1674 832 1737 879 ut
1756 824 1883 879 bea-

303 932 387 975 tus
417 920 613 978 Paulus
643 923 695 976 in
723 922 825 977 alia
852 923 1185 976 demonstrat
1211 916 1437 987 epistola
1467 913 1608 988 (Gal.
1642 931 1724 981 ill,
1757 913 1879 985 i6);

305 1016 419 1079 sed,
451 1017 504 1069 in
529 1014 732 1068 semine
761 1023 887 1078 tuo,
918 1013 1020 1067 hoc
1058 1018 1140 1067 est
1160 1051 1175 1075 ,
1215 1008 1449 1065 Christo.
1476 1007 1631 1062 Jurat
1659 1007 1800 1062 enim
1830 1016 1884 1061 et

306 1109 447 1162 item
491 1107 738 1163 Christus
776 1106 829 1159 in
871 1103 1162 1174 Evangelio
1202 1102 1384 1157 dicens
1423 1118 1436 1154 :
1476 1101 1671 1165 Amen,
1711 1114 1882 1162 amen,

306 1201 424 1253 dico
454 1198 592 1253 vobis
620 1197 800 1270 (Joan.
848 1213 888 1261 ι,
928 1195 1038 1267 5i),
1078 1202 1134 1250 et
1170 1196 1285 1265 ipse
1322 1209 1421 1264 per
1467 1194 1721 1262 seipsum,
1759 1194 1883 1261 quia

308 1302 411 1345 nec
442 1291 554 1360 ipse
579 1289 769 1344 habuit
798 1289 1076 1357 majorem,
1103 1302 1200 1358 per
1223 1302 1382 1356 quem
1405 1285 1634 1354 iuraret.
1667 1284 1886 1338 Benedi-
1916 1291 1928 1301 ‘

309 1396 427 1435 rem
451 1381 747 1434 benedicam
777 1390 843 1432 te.
883 1378 994 1433 lloc
1029 1386 1143 1444 cst,
1174 1378 1227 1432 iu
1263 1376 1433 1431 stellis
1459 1374 1598 1437 coeli,
1631 1390 1729 1445 per
1755 1389 1888 1443 quas

310 1473 479 1527 sancti
510 1471 859 1541 designantur
885 1471 952 1525 de
993 1470 1110 1539 ejus
1147 1467 1352 1523 semine
1388 1465 1662 1520 futuri.....
1706 1464 1889 1519 Multi-

309 1563 506 1634 p'icaus
532 1559 882 1630 multiplicabo
912 1570 992 1623 te;
1035 1568 1089 1613 ct
1122 1559 1225 1613 hoc
1264 1558 1318 1611 in
1358 1571 1521 1611 arena
1558 1554 1751 1618 maris,
1793 1570 1891 1624 per

312 1666 471 1724 quam
493 1660 805 1724 peccatores
824 1649 1003 1721 populi
1026 1649 1167 1704 illius
1183 1647 1452 1719 designari
1475 1655 1715 1716 possunt.
1733 1645 1890 1699 Utra-

313 1760 416 1813 que
445 1745 589 1798 enim
624 1742 908 1796 Dominum
938 1739 1137 1795 dixisse
1164 1737 1383 1808 legitur,
1412 1735 1503 1790 ubi
1532 1736 1608 1789 ait
1644 1753 1657 1789 :
1700 1734 1766 1788 Et
1792 1734 1890 1788 erit

1985 553 2272 608 velominis.
2301 550 2619 620 Tempestas
2643 550 2786 605 enim
2815 558 2870 604 et
2897 549 3098 603 multus
3122 549 3296 602 imber
3321 561 3563 601 commo-

1981 651 2072 699 vet
2098 650 2300 707 ratem;
2329 642 2563 696 anchora
2589 645 2767 694 autem
2793 655 2899 694 non
2923 639 3186 710 permittit
3208 653 3325 693 eam
3350 638 3564 693 demer-

1986 734 2071 805 gi;
2102 734 2182 790 sic
2206 733 2371 787 etiam
2401 740 2585 786 nostra
2626 744 2751 799 spes
2773 771 2788 794 ,
2831 744 2993 798 quam
3021 730 3281 784 habemus
3313 727 3471 781 ﬁxam
3508 727 3560 779 in

1985 823 2248 879 interiora
2283 821 2583 884 velaminis,
2617 820 2759 874 nulla
2787 819 3102 874 inﬁdelitate
3128 818 3297 889 mergi
3330 818 3559 887 poterit,

1985 914 2030 968 si
2053 928 2178 968 cum
2202 911 2473 981 Propheta
2500 909 2767 964 veraciter
2792 909 3033 963 dicamus
3059 923 3073 962 :
3101 908 3257 962 Jacta
3291 909 3347 962 in
3374 908 3561 961 Domi-

1986 1018 2110 1057 uum
2141 1016 2321 1056 curam
2349 1010 2513 1064 tuam,
2544 1010 2589 1053 et
2628 1001 2737 1071 ipse
2780 1008 2830 1053 te
2873 999 3094 1054 enutriet
3119 998 3291 1068 (Psal.
3315 1014 3425 1063 ων,
3446 998 3561 1067 25).

1986 1095 2044 1151 Si
2091 1096 2231 1150 hanc
2269 1107 2377 1148 non
2425 1093 2779 1155 haberemus,
2810 1092 3035 1146 omnino
3062 1091 3294 1146 demersi
3324 1104 3562 1152 eramus,

1988 1202 2092 1242 non
2124 1193 2333 1240 tantum
2364 1184 2417 1239 in
2445 1182 2806 1253 spiritalibus,
2831 1182 2924 1237 sed
2951 1181 3115 1235 etiam
3144 1182 3197 1234 in
3222 1181 3561 1242 carnalibus;

1988 1278 2113 1348 quia
2140 1276 2232 1346 qui
2258 1283 2397 1339 arat,
2425 1274 2599 1344 inquit
2616 1273 2924 1343 Apostolus,
2953 1273 3006 1327 in
3036 1287 3129 1343 spe
3150 1281 3288 1336 arat,
3316 1281 3371 1327 et
3392 1272 3568 1327 omnis

1988 1370 2142 1424 labor
2162 1375 2345 1422 noster
2367 1379 2461 1437 Spe
2478 1364 2746 1420 mercedis
2771 1363 3059 1433 cujuslibet
3081 1362 3406 1417 consolatur.
3435 1361 3571 1433 Spes

1988 1476 2119 1516 vero
2144 1465 2392 1529 penetrat
2419 1456 2678 1512 interiora
2707 1455 3011 1520 velamiuis,
3035 1454 3160 1509 dum
3183 1453 3422 1509 cmlestia
3449 1454 3572 1507 abs-

1990 1556 2095 1622 qde
2123 1550 2232 1605 ulla
2267 1548 2599 1605 dubitatione
2624 1545 2799 1603 credit
2822 1553 2877 1599 et
2903 1553 3082 1614 sperat
3104 1551 3157 1599 et
3186 1550 3365 1608 amat,
3398 1544 3574 1613 operi-

1991 1645 2198 1713 busque
2226 1640 2491 1704 ostendit,
2518 1647 2579 1695 ut
2618 1646 2762 1711 pote,
2809 1637 2937 1708 quid
2964 1636 3182 1700 credat,
3214 1636 3338 1705 quid
3370 1644 3569 1707 speret.

1996 1732 2065 1788 Ut
2094 1731 2385 1786 ﬁrmiorem
2416 1744 2565 1801 spem
2592 1728 2745 1783 nobis
2775 1727 3014 1790 adderet,
3045 1724 3355 1794 subiunxit:
3384 1724 3569 1795 (Vsus.

313 1800 483 1887 semen
512 1841 657 1886 tuum
683 1830 814 1884 sicut
840 1828 1000 1883 stellte
1020 1828 1153 1893 cwli,
1175 1800 1377 1882 etvsicut
1398 1842 1580 1891 arena,
1601 1841 1716 1897 quia
1742 1837 1813 1879 est
1838 1824 1889 1877 in
1927 1800 1965 1857 Β
1994 1822 2085 1893 ‘20)
2140 1819 2241 1876 Ubi
2280 1800 2575 1892 prtccursor
2600 1834 2695 1890 pro
2740 1816 2888 1871 nobis
2926 1816 3155 1870 introivit
3188 1813 3362 1877 Iesus,
3395 1831 3577 1868 secun-

315 1927 486 1981 littore
512 1924 671 1980 inuris
698 1922 851 1996 (Cen.
885 1939 1020 1987 xxu,
1053 1921 1162 1992 i7).

387 2021 550 2077 Vens.
594 2017 677 2074 16.
716 2049 787 2059 -
825 2016 1075 2072 Homines
1115 2016 1251 2072 enim
1279 2034 1371 2088 per
1398 2015 1649 2086 majorem
1688 2013 1770 2068 sui
1799 2014 1895 2084 ju—

317 2120 458 2177 rant,
488 2119 535 2164 et
564 2109 730 2164 omnis
755 2105 1119 2163 controversia:
1145 2122 1324 2161 eorum
1362 2104 1481 2174 ﬁnis
1508 2104 1575 2157 ad
1614 2103 1895 2172 conﬁrma-

317 2202 507 2255 tionem
547 2209 621 2255 est
652 2198 1029 2271 juramentum.
1078 2195 1135 2252 Si
1166 2197 1327 2268 igitur
1351 2196 1627 2251 hominum
1668 2196 1721 2249 in
1754 2192 1900 2247 futu-

321 2308 439 2346 rum
466 2291 790 2347 credendum
818 2297 928 2356 est,
956 2289 1021 2344 de
1060 2289 1255 2359 quibus
1292 2288 1489 2343 dicitur
1516 2303 1544 2341 a
1583 2286 1843 2358 prophem
1882 2305 1894 2339 :

324 2376 503 2436 Omnis
534 2381 687 2435 ltomo
723 2382 968 2446 mendax,
1004 2387 1204 2449 quanto
1251 2379 1423 2448 magis
1468 2376 1561 2431 Dei
1590 2377 1900 2446 jurameato

322 2471 467 2526 Credi
487 2470 667 2535 debet,
693 2470 783 2538 qui
805 2477 887 2524 est
907 2469 1132 2532 veritas,
1159 2468 1248 2538 qui
1278 2482 1377 2522 nec
1402 2465 1532 2531 falli,
1559 2481 1657 2521 nec
1687 2467 1899 2520 mentiri

322 2561 533 2631 potest?
559 2578 580 2613 t
618 2558 867 2615 Homines
895 2559 1028 2613 enim
1070 2575 1160 2629 per
1197 2558 1453 2627 majorem
1493 2557 1574 2611 sui
1604 2557 1814 2626 jurant,
1852 2567 1900 2610 et

323 2650 492 2705 omnis
518 2650 881 2706 controversia:
907 2665 1085 2703 eorum
1115 2646 1235 2717 linis
1264 2647 1332 2700 ad
1361 2646 1801 2715 conﬁrmationem
1829 2654 1902 2699 cst

322 2740 712 2809 juramentum;
742 2746 902 2810 prout
929 2738 974 2793 si
1000 2736 1204 2792 diceret
1227 2755 1239 2790 :
1265 2736 1342 2790 Ex
1368 2736 1470 2790 hoc
1491 2734 1715 2790 solvitur
1743 2735 1904 2789 tutius

327 2828 707 2884 controversia:
740 2828 1086 2897 disceptatio,
1114 2842 1220 2881 non
1260 2826 1420 2880 unius
1458 2823 1773 2895 cujuslibet,
1813 2824 1905 2879 sed

327 2917 511 2972 totius.
554 2916 850 2986 Oportebat
902 2916 1115 2985 quidem
1163 2915 1280 2971 sine
1329 2914 1637 2984 iuramento
1685 2916 1906 2971 credere

327 3008 459 3072 Deo,
489 3028 508 3060 ι
563 3008 658 3062 sed
692 3005 880 3076 jurare
927 3007 1114 3069 Deum,
1160 3005 1307 3061 dicit.
1340 3007 1523 3078 (Vens.
1560 3002 1668 3074 17.)
1700 3004 1765 3058 In
1802 3021 1904 3076 quo

1994 1914 2120 1966 dum
2142 1910 2372 1965 ordinem
2407 1906 2783 1964 Melchisedech
2807 1948 2822 1972 ,
2870 1912 2973 1961 etc.
3006 1923 3024 1957 ι
3058 1903 3284 1975 Oportet
3310 1905 3493 1973 itaque
3522 1911 3579 1957 et

1996 2006 2116 2061 illos
2139 2019 2367 2074 quorum
2391 2000 2630 2073 pontifex
2652 2008 2754 2064 est,
2778 1998 3030 2053 meliores
3052 2012 3209 2052 esse:
3238 2004 3292 2052 et
3317 2004 3574 2066 quantum

1997 2104 2081 2150 est
2104 2095 2243 2149 inter
2262 2094 2438 2146 Aaron
2455 2099 2509 2145 et
2522 2089 2819 2152 Christum,
2839 2095 3049 2141 tantum
3071 2094 3151 2141 est
3180 2084 3576 2156 quodammodo

2000 2183 2144 2236 inter
2175 2178 2388 2235 Judmos
2433 2184 2487 2232 et
2521 2176 2875 2232 Christianos.
2908 2173 3199 2244 Superiora
3225 2174 3385 2227 etiam
3413 2179 3467 2226 et
3494 2188 3580 2226 sa-

1998 2268 2200 2328 criﬁcia
2235 2269 2356 2323 talia
2384 2267 2635 2322 videlicet
2660 2262 2983 2329 offeramus,
3031 2277 3150 2332 quze
3196 2262 3250 2316 in
3297 2261 3425 2316 illud
3452 2277 3578 2316 sano

1999 2360 2265 2415 etuarium
2288 2357 2508 2414 caeleste
2533 2353 2714 2411 offerri
2739 2359 2983 2424 possunt,
3005 2366 3110 2407 non
3133 2349 3244 2421 jam
3270 2354 3501 2422 pecudes
3522 2362 3576 2406 et

2001 2453 2211 2516 bovem,
2241 2465 2346 2504 non
2375 2449 2689 2518 sanguinem
2710 2454 2763 2501 et
2785 2448 3029 2516 adipem;
3060 2445 3238 2501 omnia
3262 2447 3377 2499 hare
3404 2445 3575 2499 soluti

2001 2548 2145 2605 sunt,
2177 2548 2233 2595 et
2273 2555 2373 2609 pro
2414 2539 2493 2593 eis
2529 2537 2893 2591 introductum
2934 2545 3018 2591 est
3064 2536 3382 2591 rationabile
3429 2536 3583 2589 ohseo

2002 2632 2205 2700 quium.
2225 2628 2361 2695 Quid
2382 2634 2559 2681 autem
2591 2634 2669 2681 est
2702 2624 3018 2679 rationabile
3042 2625 3390 2693 obsequimn?
3407 2625 3582 2680 Etiam

2004 2720 2144 2791 quod
2171 2734 2270 2791 per
2301 2717 2555 2781 animam,
2588 2714 2730 2785 quod
2774 2730 2871 2784 per
2914 2714 3162 2784 spiritum
3203 2713 3427 2769 oﬁ'ertur
3455 2713 3582 2768 Deo.

2006 2809 2235 2879 Spiritus
2264 2816 2359 2871 est,
2387 2806 2578 2876 inquit,
2604 2805 2743 2859 Deus
2763 2815 2809 2858 et
2848 2820 2957 2866 eos,
2988 2804 3077 2858 aui
3107 2803 3329 2858 adorant
3355 2821 3490 2867 eum,
3531 2805 3585 2857 in

2005 2897 2193 2968 spiritu
2220 2906 2267 2951 et
2316 2896 2530 2950 raritate
2569 2906 2764 2965 oportet
2806 2896 3029 2949 odorare
3066 2913 3083 2945 ι
3130 2892 3310 2967 (Joan.
3351 2910 3440 2958 Iv,
3467 2894 3581 2964 9.4).

2006 2988 2143 3056 Quid
2170 2997 2253 3043 est
2276 2987 2443 3041 Deum
2476 2987 2530 3040 in
2560 2985 2749 3057 spiritu
2770 2987 3016 3051 adorare,
3040 2986 3138 3039 nisi
3163 2986 3213 3039 in
3242 2987 3507 3040 charitate
3533 2994 3590 3039 et

329 3097 679 3152 abundantius
701 3096 872 3153 volens
901 3097 1037 3150 Deus
1066 3097 1333 3150 ostendere
1352 3076 1773 3167 pollicitationem
1800 3097 1903 3151 Iur-

2010 3079 2112 3133 ﬁde
2154 3076 2430 3148 perfecta,
2460 3084 2515 3130 et
2552 3091 2646 3145 spe
2676 3076 2975 3130 indubitata
2997 3116 3011 3139 ,
3044 3084 3098 3130 et
3143 3076 3346 3130 sanctis
3394 3076 3587 3130 animm

2016 3171 2059 3187 κ.
2373 3182 2497 3187 μμ
2541 3165 2813 3187 ι---.ηιη
2853 3166 2903 3187 ε--
2951 3166 3047 3187 ,ιελ
3090 3166 3202 3187 .-η
3252 3165 3587 3187 u._--_.-._.__.-_

329 3188 568 3253 redibus,
609 3187 1118 3259 immobilitatemque
1159 3186 1365 3241 consilii
1401 3187 1515 3251 sui;
1557 3205 1575 3237 ι
1620 3194 1902 3255 propterea

331 3282 493 3336 etiam
523 3282 684 3353 hujus
709 3281 1140 3351 repromissionis
1165 3283 1489 3336 mentionem
1516 3281 1671 3346 facit,
1698 3299 1815 3352 qua:
1840 3283 1905 3338 al

331 3386 431 3425 nos
451 3384 733 3426 commune
763 3367 993 3442 [Chrgs.,
1025 3370 1405 3442 communiter]
1438 3369 1575 3426 facta
1605 3381 1704 3427 est.
1740 3371 1909 3426 luter-

330 3463 501 3529 posuit
511 3459 914 3531 jusjurandum.
933 3458 1194 3526 Quoniam
1215 3460 1357 3513 enim
1379 3461 1519 3529 apud
1542 3461 1786 3515 homines
1808 3463 1909 3517 hoc

334 3549 547 3603 videtur
571 3549 727 3604 ﬁdele
754 3563 894 3612 esse,
926 3564 1047 3604 cum
1073 3546 1237 3620 685
1268 3548 1634 3617 juramentum
1670 3551 1912 3606 interfuit

338 3637 573 3709 [Cbrys.,
596 3636 924 3709 interfuerit]
948 3639 1329 3694 controversiis
1349 3655 1554 3693 eorum.
1572 3640 1684 3694 Non
1706 3643 1910 3712 mquale

337 3737 420 3781 est
444 3728 711 3783 hominem
736 3743 833 3797 per
856 3742 915 3783 se
938 3726 1143 3795 iurare,
1166 3738 1219 3783 et
1246 3729 1443 3796 Deum;
1474 3730 1635 3786 homo
1658 3732 1800 3786 enim
1826 3733 1907 3786 sui

340 3825 660 3885 potestatem
687 3833 792 3873 non
820 3818 1011 3886 habet;
1044 3838 1061 3871 ι
1099 3819 1238 3874 Deus
1264 3829 1443 3876 autem
1469 3829 1785 3891 potestatem
1816 3823 1910 3875 ha-

339 3911 430 3965 bet
470 3912 709 3966 omnium
754 3927 873 3980 qu:e
912 3919 1055 3967 sunt.
1091 3930 1109 3962 ι
1145 3912 1250 3966 Sed
1290 3914 1415 3980 quia
1460 3911 1792 3966 incredulum
1830 3922 1913 3966 est

339 4014 509 4069 genus
552 4001 872 4062 humanum,
912 4000 1292 4054 condescendit
1324 4002 1391 4055 ad
1429 4015 1559 4065 nos;
1601 4001 1739 4055 sicut
1768 4002 1910 4056 enim

332 4090 480 4156 jurat
508 4097 730 4157 propter
754 4102 871 4153 nos,
893 4089 1139 4158 quamvis
1167 4088 1438 4157 indignum
1460 4089 1508 4142 ei
1528 4089 1595 4143 sit
1615 4103 1720 4142 uon
1742 4090 1907 4153 credi,

340 4178 495 4232 sicuti
522 4177 771 4246 superius
796 4178 996 4232 dictum
1016 4185 1101 4231 est
1123 4196 1137 4230 :
1159 4185 1213 4232 et
1237 4178 1424 4233 didicit
1449 4194 1515 4234 ex
1545 4177 1631 4233 bis
1653 4192 1771 4248 qum
1790 4195 1912 4250 pas-

339 4282 433 4322 sus
456 4276 573 4332 est,
609 4268 860 4335 quoniam
900 4267 1144 4323 homines
1175 4270 1275 4323 hoc
1305 4276 1496 4339 putant
1534 4269 1766 4323 maxime
1792 4285 1911 4326 esse

341 4357 561 4427 dignum
601 4356 735 4419 ille,
768 4366 823 4409 ut
848 4355 989 4429 [per]
1014 4358 1438 4427 experimentum
1463 4359 1584 4428 quis
1612 4365 1850 4414 transeat
1887 4383 1905 4415 ι

342 4447 409 4500 ad
435 4446 614 4501 ﬁdem.

414 4536 575 4589 Vens.
610 4535 695 4597 l8,
719 4534 805 4588 i9.
827 4565 900 4576 —
919 4534 988 4591 Ut
1015 4553 1106 4607 per
1132 4537 1265 4591 duas
1292 4554 1370 4593 res
1394 4540 1702 4605 immobiles,
1724 4542 1913 4611 quibus

341 4624 656 4696 impossibile
690 4636 764 4679 cst
803 4628 1011 4681 mentiri
1049 4626 1247 4693 Deum,
1289 4628 1631 4699 fortissimum
1666 4629 1913 4685 solatium

341 4716 620 4781 habemus,
659 4717 749 4786 qui
789 4716 1118 4787 confugimus
1159 4717 1229 4771 ad
1279 4718 1554 4772 tenendam
1599 4722 1913 4791 propositam

344 4825 503 4879 spem,
531 4823 688 4878 quam
709 4808 844 4862 sicut
870 4809 1153 4861 auctiorem
1182 4808 1428 4864 habemus
1456 4812 1646 4866 animle
1665 4822 1829 4866 tutam
1853 4830 1917 4867 ac

347 4898 575 4965 ﬁrmant.
612 4897 756 4953 Duas
795 4912 888 4953 res
907 4898 1042 4953 dixit
1068 4916 1081 4952 :
1109 4898 1203 4953 Dei
1233 4898 1410 4955 Patris
1440 4902 1825 4969 promissiones
1851 4903 1918 4957 de

352 4988 486 5044 Filio
512 5004 630 5055 suo,
656 4999 714 5045 et
753 4990 1040 5046 adventum
1080 4989 1199 5044 Filii
1238 4988 1291 5043 in
1342 4990 1483 5045 hunc
1529 4992 1786 5047 mundum
1820 5005 1918 5060 pro

346 5081 517 5135 salute
539 5090 747 5135 nostra.
774 5078 1055 5152 Proposita
1084 5095 1215 5134 vero
1239 5093 1363 5149 spes
1388 5080 1588 5135 veritas
1615 5089 1698 5136 est
1737 5094 1918 5135 rerum

347 5183 620 5242 gestarum
652 5187 773 5241 qua:
796 5174 1120 5241 patriarehis
1145 5173 1426 5243 promissa:
1451 5181 1576 5228 sunt
1599 5174 1655 5227 et
1678 5172 1917 5240 redditte,

347 5271 403 5317 nt
424 5278 493 5318 ex
522 5262 817 5317 transactis
851 5260 1031 5317 futura
1067 5263 1370 5318 credamus.
1397 5261 1572 5329 Quam
1612 5277 1760 5333 spem
1787 5263 1920 5318 sicut

347 5351 633 5405 erectiorem
656 5390 672 5413 ,
712 5350 887 5418 inquit
907 5388 923 5413 ,
962 5352 1155 5405 anime
1185 5359 1349 5407 tutam
1374 5361 1424 5407 et
1453 5352 1681 5423 ﬁrmam.
1718 5368 1739 5403 ι
1773 5351 1923 5408 Sicut

352 5441 607 5504 anchora,
623 5441 825 5510 jactata
847 5440 994 5504 navi,
1015 5454 1123 5493 non
1143 5444 1408 5511 permittit
1426 5457 1544 5499 eam
1565 5440 1920 5509 circumferri,

352 5530 481 5585 licet
495 5530 647 5586 venti
666 5540 1040 5586 commoveaut
1062 5544 1201 5597 eam,
1225 5535 1317 5589 sed
1336 5532 1540 5601 iactata
1559 5535 1775 5592 ﬁrmam
1798 5535 1926 5592 facit

352 5633 578 5689 narem;
610 5622 771 5679 eiciet
799 5621 934 5678 ﬁdes
963 5640 984 5676 ι
1009 5635 1106 5693 spe
1136 5624 1388 5680 roborata
1416 5626 1709 5684 introducit
1736 5642 1835 5684 nos
1870 5626 1923 5682 in

357 5730 535 5771 rerum
556 5715 811 5787 speciem,
841 5729 1000 5786 quam
1028 5716 1185 5772 modo
1208 5714 1311 5772 ﬁde
1329 5725 1380 5771 et
1407 5730 1501 5787 spe
1523 5727 1784 5775 tenemus.
1803 5718 1924 5775 ideo

2010 3170 2296 3224 virtutibus
2318 3209 2333 3232 ,
2365 3182 2501 3238 quas
2530 3165 2817 3235 Apostolus
2853 3166 2907 3219 in
2948 3166 3052 3220 alio
3090 3166 3208 3220 loco
3250 3165 3590 3219 aluuidautcr

2009 3259 2325 3316 enumerat?

2615 3346 2842 3403 CAPUT
2879 3346 2987 3401 ΥΠ.

2086 3461 2243 3515 Vens.
2274 3459 2324 3524 i,
2349 3456 2404 3512 2.
2435 3489 2504 3499 —
2534 3455 2635 3510 llic
2673 3459 2808 3510 enim
2852 3455 3223 3510 Melchisedech
3272 3472 3362 3510 rex
3410 3454 3586 3508 Sulcm

2010 3550 2253 3607 sacerdos
2283 3548 2568 3614 Altissimi,
2597 3548 2686 3618 qui
2714 3547 2935 3600 obriavit
2984 3546 3245 3598 {lbra/mm
3288 3562 3515 3614 regresso
3558 3564 3590 3598 a

2012 3641 2151 3696 crede
2196 3642 2455 3703 hostium,
2483 3648 2530 3691 et
2577 3636 2833 3690 benedixit
2876 3635 2941 3696 ei,
2983 3636 3068 3687 cui
3095 3635 3323 3688 decimas
3359 3636 3589 3688 omnium

2012 3733 2184 3786 divisit
2217 3729 2499 3783 Abraham.
2544 3725 2787 3779 Traduut
2833 3723 3041 3778 liebrmi
3092 3723 3233 3778 hunc
3262 3739 3381 3779 esse
3430 3724 3587 3787 Sem,

2013 3822 2243 3890 primum
2287 3817 2453 3871 ﬁlium
2501 3813 2645 3877 Noe,
2690 3822 2744 3867 et
2786 3829 2850 3867 eo
2898 3823 3136 3883 tempore
3169 3829 3274 3884 quo
3310 3825 3477 3870 ortus
3509 3826 3594 3870 est

2013 3908 2283 3963 Abraham
2315 3904 2591 3959 ha‘.,uisset
2617 3903 2952 3971 antiquitatis
2980 3919 3148 3958 annos
3194 3906 3452 3960 ducentos
3499 3922 3593 3960 no-

2015 3998 2247 4069 naginta.
2291 3995 2402 4050 Nec
2452 4003 2594 4050 esset
2639 3994 2832 4048 mirum
2877 3994 2920 4049 si
2962 3993 3351 4050 Melchisedech
3401 3998 3592 4051 victori

2014 4088 2283 4143 Abraham
2312 4087 2525 4141 obviam
2553 4085 2910 4156 processerit,
2935 4092 2989 4138 et
3020 4085 3071 4138 in
3105 4083 3452 4140 refectionem
3484 4097 3592 4141 tam

2016 4181 2182 4249 ipsius
2210 4196 2371 4250 quam
2400 4188 2757 4251 pugnatorqu
2782 4177 2896 4247 ejus
2928 4194 3123 4249 panem
3150 4178 3439 4247 vinumque
3474 4193 3595 4247 pro-

2017 4269 2217 4335 tulerit,
2246 4277 2301 4326 et
2326 4269 2662 4326 benedixerit
2688 4269 2757 4333 ei,
2789 4269 2931 4339 quod
2959 4268 3205 4337 abuepoti
3237 4284 3336 4323 suo
3354 4267 3475 4336 jure
3498 4283 3596 4337 pa-

2019 4362 2288 4418 ternitatis
2312 4362 2554 4428 dederit;
2577 4370 2633 4416 et
2661 4361 2896 4416 decimas
2928 4360 3121 4429 paeda:
3158 4367 3319 4428 atque
3359 4360 3597 4414 \ictorize

1947 4466 1990 4523 υ
2018 4454 2288 4523 acceperit
2311 4452 2380 4507 ab
2407 4468 2472 4507 eo
2490 4493 2505 4520 ,
2534 4452 2672 4506 sicut
2696 4450 2948 4506 sacerdos
2990 4449 3189 4505 excelsi
3216 4449 3343 4516 Dei,
3372 4451 3463 4520 qui
3494 4448 3597 4504 fuit

2016 4546 2177 4599 etiam
2205 4559 2301 4599 rex
2327 4544 2524 4599 Solem.
2552 4542 2731 4598 Salcm
2761 4551 2938 4597 autem
2970 4557 3075 4598 non
3096 4582 3110 4609 ,
3140 4551 3200 4598 ut
3225 4542 3490 4613 Joscphus
3535 4554 3592 4599 et

2017 4642 2325 4690 nostrorum
2355 4633 2570 4704 plurimi
2609 4633 2960 4699 arbitrantur,
2995 4648 3114 4688 esse
3140 4631 3470 4699 Jerusalem;
3498 4649 3596 4689 uo-

2017 4738 2139 4780 men
2169 4739 2237 4779 ex
2263 4721 2450 4779 Grmco
2479 4721 2810 4793 iiebrteoque
2835 4723 3210 4793 compositum,
3233 4723 3375 4793 quod
3405 4723 3595 4779 absur-

2016 4813 2142 4868 dum
2165 4827 2286 4869 esse
2310 4812 2609 4885 peregrina:
2639 4812 2833 4882 lingute
2860 4812 3087 4866 mistura
3113 4811 3479 4867 demonstrat:
3503 4814 3599 4867 sed

2016 4903 2265 4974 oppidum
2292 4901 2448 4971 juxta
2480 4898 2868 4972 Schitopholim
2912 4897 3027 4972 (Sic
3066 4897 3211 4970 ms.),
3242 4898 3383 4969 quod
3428 4915 3600 4971 usque

2018 4995 2176 5049 hodie
2204 4994 2501 5065 appellatur
2531 4992 2742 5056 Salem;
2788 5000 2843 5049 et
2881 4992 3182 5049 ostenditur
3220 4992 3293 5047 ibi
3332 4992 3595 5063 palatiqu

2021 5084 2431 5149 Melchisedech,
2484 5100 2551 5139 ex
2602 5084 2970 5156 magnitudine
3023 5085 3301 5139 ruinarum
3329 5125 3345 5151 ,
3393 5087 3595 5141 veteris

2018 5174 2199 5241 operis
2225 5174 2512 5230 ostendens
2532 5173 3001 5245 magniﬁcentiam.
3026 5172 3106 5227 Ad
3132 5189 3293 5244 quam
3324 5174 3596 5231 civitatem

2021 5262 2183 5317 etiam
2210 5250 2407 5334 legitur
2434 5261 2599 5319 Jacob
2632 5263 2997 5329 descendisse,
3047 5277 3167 5334 quze
3208 5261 3314 5320 fuit
3359 5264 3411 5319 iu
3452 5273 3597 5320 terra

2022 5352 2277 5408 Chanaan
2302 5355 2355 5408 in
2386 5355 2603 5425 regione
2629 5354 2865 5410 Sichem.
2890 5350 3348 5411 Considerandum
3385 5373 3600 5429 quoque

2021 5449 2137 5505 est,
2186 5438 2400 5511 quando
2443 5441 2674 5496 Abrahae
2717 5457 2748 5496 a
2800 5442 2947 5498 cede
2984 5443 3225 5498 hostium
3267 5448 3558 5502 revertenti
3581 5488 3599 5511 ,

2021 5546 2157 5602 quos
2183 5538 2497 5602 persecutus
2523 5538 2608 5587 est
2631 5544 2801 5603 usque
2827 5530 2943 5587 Dan
2964 5574 2979 5597 ,
3024 5548 3131 5589 nou
3173 5533 3229 5589 in
3264 5531 3350 5591 via
3383 5532 3596 5591 Jerusa-

2025 5621 2149 5687 lem,
2173 5619 2268 5677 sed
2294 5614 2546 5693 oppidum
2565 5620 2877 5694 metropolis
2900 5623 3067 5696 686
3095 5622 3311 5681 Sichcm
3334 5626 3388 5681 in
3411 5625 3604 5683 itinere

2025 5715 2217 5784 fuerit,
2264 5714 2331 5773 de
2379 5730 2486 5787 quo
2536 5717 2589 5773 in
2636 5716 2928 5791 Evangelia
2963 5717 3224 5790 legimus:
3253 5716 3386 5774 Erat
3429 5730 3601 5775 autem
