4002 6186
425 290 565 346 1065

1271 278 1327 333 Β.
1365 277 1426 330 F.
1463 271 1687 329 Al.le
1727 267 1857 323 εει]
1900 259 2175 319 ALCUlNl
2212 255 2492 315 OPBRUM
2533 252 2709 309 PARS
2744 249 2813 307 11.

3544 241 3679 297 ιαω

424 407 657 463 Joannes
690 401 958 471 baptisans
988 398 1043 450 in
1076 394 1228 448 Euan
1266 393 1426 462 juxta
1454 387 1652 451 Salim,
1692 384 1816 457 quia
1853 395 2003 452 aqua
2032 381 2080 439 A
2107 373 2173 428 de
2200 369 2485 471 ρτξεεὶιξυίε
2507 366 2748 471 "lC-lori?
2773 382 2785 418 ε
2815 361 2907 432 (ιιιί
2939 357 3368 471 θξξὶιιὶῖιαιὶξεχθῗξ
3393 354 3684 471 Ῡίιίολθεῖν

425 497 606 551 multa:
630 500 777 547 erant
802 489 893 542 ibi.

503 585 663 639 Vens.
692 582 746 635 5.
768 608 838 618 ——
861 576 1100 631 Primum
1125 572 1354 644 quidem,
1380 569 1503 641 quia
1532 568 1899 636 interpretatus
1931 569 2006 614 est

427 688 520 727 rex
543 669 810 742 justitiae:
837 664 1024 719 deinde
1059 673 1107 717 et
1144 676 1234 715 rex
1277 657 1485 720 Solem,
1517 665 1624 710 etc.
1658 651 1786 709 Sine
1830 659 2002 720 patre,

426 741 769 821 sineinzatre,
795 757 906 811 sine
941 751 1273 825 genealogia,
1324 764 1483 817 neque
1531 745 1737 798 initium
1780 741 2005 802 dierum,

427 865 590 919 neque
606 849 764 918 ﬁnem
795 846 910 898 vitw
928 842 1143 895 habens.
1169 835 1499 892 Assimilatus
1523 842 1694 885 autem
1722 828 1865 883 Filio
1887 825 2005 892 Dei,
2060 882 2067 888 ,

426 947 601 993 manet
629 936 872 992 sacerdos
913 934 968 987 in
1001 939 1322 1003 perpetuum.
1358 924 1564 992 Smpius
1598 928 1778 975 autem
1816 919 2009 981 beatus

428 1029 626 1082 Paulus
655 1025 902 1081 eumdem
928 1018 1316 1076 Melchisedech
1347 1016 1400 1069 iu
1433 1023 1559 1084 typo
1583 1012 1678 1066 Dei
1712 1009 2009 1065 Salvatoris

427 1116 738 1172 introducit.
763 1111 1017 1179 Quamvis
1045 1122 1233 1162 attines
1262 1119 1397 1176 pene
1423 1101 1591 1157 sancti
1614 1108 1670 1154 et
1689 1098 2009 1170 patriarcha:

427 1221 493 1261 ac
528 1205 804 1274 propheta:
850 1200 1049 1271 prioris
1095 1195 1355 1264 temporis
1399 1193 1451 1246 in
1493 1190 1676 1259 aliqua
1722 1204 1782 1243 re
1813 1189 2009 1257 ﬁguras

427 1296 796 1367 expresserim
842 1292 1137 1348 Salvatoris
1175 1304 1189 1341 :
1234 1288 1323 1343 hic
1381 1295 1560 1340 tamen
1619 1283 2010 1339 Melchisedech

430 1390 733 1461 specialius,
752 1389 840 1457 qni
864 1400 967 1440 non
986 1383 1087 1437 fuit
1107 1382 1172 1436 de
1195 1393 1388 1451 genere
1401 1376 1724 1435 Iudaeorum.
1744 1374 1797 1428 in
1824 1382 2011 1446 typum

428 1478 707 1551 praecessit
735 1472 1029 1532 sacerdotii
1073 1470 1174 1547 Fili
1204 1468 1322 1532 Dei,
1345 1467 1410 1523 de
1440 1482 1547 1536 quo
1577 1466 1775 1520 dicitur
1820 1465 1874 1517 in
1918 1478 2009 1518 CIX

430 1570 643 1625 Psalmo
672 1586 685 1621 :
721 1566 798 1620 Tu
828 1582 881 1619 es
910 1560 1151 1618 sacerdos
1180 1561 1235 1613 in
1258 1567 1508 1612 internum
1543 1553 1825 1608 secundum
1865 1551 2010 1605 ordi-

429 1677 546 1714 nem
578 1654 973 1712 Melchisedech.
1003 1650 1257 1708 Ordinem
1282 1655 1459 1701 autem
1487 1644 1602 1713 ejus
1628 1642 1809 1698 multis
1838 1641 2010 1697 modis

2108 461 2351 534 pontifex
2379 458 2557 514 factus
2584 459 2638 511 in
2665 465 2949 510 mternum.
2985 452 3170 523 (Vens.
3200 448 3280 520 5.)
3317 446 3589 514 Quomodo
3619 448 3692 501 de

2107 553 2233 622 ﬁliis
2266 551 2389 604 Levi
2422 547 2772 603 sacerdotium
2810 543 3117 614 accipientes
3162 539 3471 594 mandatum
3499 538 3691 594 habent

2107 643 2335 698 decimas
2365 656 2566 695 sumere
2592 656 2625 692 a
2649 636 2839 708 populo
2880 631 3162 688 secundum
3196 630 3394 702 legem,
3433 630 3488 685 id
3526 641 3627 694 est,
3650 648 3692 684 α

2110 736 2359 805 fratribus
2405 734 2545 796 suis,
2574 745 2872 802 quanquam
2898 736 2945 780 et
2987 725 3087 797 ipsi
3128 724 3349 778 exierint
3389 723 3449 776 de
3491 722 3687 777 lumbis

2110 825 2352 880 Abrahm.
2387 841 2407 873 ο
2438 822 2609 876 Tanta
2635 819 2832 889 quippe
2852 825 2934 871 est
2954 815 3238 870 saccrlotii
3260 812 3600 876 excellentia,
3621 822 3691 867 ut

2105 915 2269 969 etiam
2288 912 2378 982 qui
2404 910 2608 966 similes
2630 916 2860 964 essenta
2882 904 3334 976 progenitoribus,
3357 910 3412 957 et
3433 902 3688 981 eumdem

2109 1003 2369 1059 haberent
2397 1000 2816 1071 progenitorem,
2840 1004 3020 1050 tamen
3052 994 3221 1048 multo
3248 992 3479 1062 ampiius
3505 989 3697 1045 melio-

2110 1108 2198 1148 res
2226 1090 2471 1163 [judirati
2494 1086 2641 1159 sunt]
2670 1103 2699 1141 a
2728 1085 2984 1140 fratribus
3024 1084 3169 1147 suis,
3201 1101 3218 1133 ι
3248 1082 3341 1151 qui
3385 1081 3694 1135 sacerdotio

2108 1183 2252 1253 digni
2269 1179 2606 1236 etliciuntur:
2632 1177 2790 1231 veluti
2817 1176 2998 1230 Aaron
3014 1175 3154 1228 inter
3176 1173 3323 1226 vivos
3336 1187 3399 1227 ac
3422 1179 3691 1234 mortuos,

2108 1285 2167 1330 ut
2190 1275 2285 1329 Dei
2311 1277 2444 1328 iram
2487 1272 2726 1344 placaret
2765 1284 2884 1339 qua:
2922 1255 3233 1330 exarserat,
3268 1275 3415 1319 stare
3458 1264 3692 1335 legitur;

2107 1365 2247 1435 quod
2277 1371 2558 1434 propterea
2585 1377 2650 1415 ex
2678 1358 2872 1430 populo
2899 1357 3077 1411 facere
3100 1361 3332 1425 poterat,
3354 1352 3481 1407 licet
3501 1365 3699 1409 omnes

2106 1468 2275 1508 unum
2305 1452 2567 1507 haberent
2589 1449 3008 1521 progenitorem.
3046 1464 3066 1496 ι
3104 1444 3334 1499 Proinde
3373 1444 3488 1513 ipse
3515 1443 3701 1498 Abra-

2107 1544 2231 1597 ham
2269 1540 2414 1595 nullo
2456 1542 2615 1594 modo
2652 1540 2970 1609 alienigenae
3013 1534 3253 1590 decimas
3288 1534 3556 1599 dedisset,
3586 1533 3699 1588 nisi

2107 1630 2373 1701 plurimus
2409 1637 2463 1684 et
2508 1626 2941 1698 superexcellens
2983 1625 3099 1695 ejus
3139 1632 3287 1679 esset
3321 1624 3515 1689 honor,
3550 1643 3570 1676 ι
3601 1624 3700 1679 cui

430 1751 889 1817 interpretantur;
912 1741 1054 1813 quod
1080 1739 1226 1794 solus
1245 1748 1299 1797 et
1324 1754 1415 1791 rex
1442 1735 1623 1799 fuerit,
1649 1741 1705 1789 et
1732 1733 2005 1798 sacerdos,
2042 1720 2083 1778 Β
2112 1719 2348 1817 ἀεοίηιειξ
2373 1719 2688 1772 exuviarum
2719 1716 2892 1778 daret.
2921 1717 2989 1769 de
3023 1732 3128 1786 quo
3155 1714 3370 1785 placere
3397 1714 3700 1784 comperis-

428 1849 486 1894 et
515 1846 637 1893 ante
662 1833 1129 1891 circumcisionem
1171 1827 1388 1883 functus
1432 1826 1766 1888 sacerdotio,
1798 1833 1859 1878 ut
1902 1841 2009 1879 non

432 1941 620 1999 gentes
640 1946 706 1986 ex
727 1928 946 1991 Judaris,
972 1926 1065 1981 sed
1088 1924 1258 1980 Judaei
1281 1939 1348 1978 ex
1378 1924 1625 1992 gentibus
1650 1921 2011 1977 sacerdotium

431 2023 771 2094 acceperint;
800 2033 976 2089 neque
1002 2024 1199 2072 unctus
1221 2015 1340 2070 oleo
1368 2013 1691 2069 sacerdotali
1715 2053 1731 2078 ,
1759 2021 1818 2066 ut
1845 2011 2011 2082 Moysi

431 2121 699 2184 praecepta
725 2108 1094 2170 constituunt;
1123 2104 1216 2158 sed
1240 2103 1358 2159 oleo
1385 2101 1760 2157 exsultationis
1796 2109 1849 2154 et
1889 2098 2012 2155 ﬁdei

431 2203 694 2272 puritate;
727 2212 901 2268 neque
919 2195 1102 2252 carnis
1121 2202 1178 2249 et
1200 2192 1478 2262 sanguinis
1500 2190 1749 2245 victimas
1771 2189 2015 2244 immola-

432 2288 591 2352 verit,
618 2296 673 2340 et
696 2286 981 2339 brutorum
1004 2280 1263 2351 sanguine
1283 2277 1595 2332 animalium
1617 2276 1809 2331 dextra
1832 2290 2015 2330 susce-

431 2377 604 2447 perit;
634 2375 728 2430 sed
766 2388 903 2443 pane
936 2381 991 2428 et
1025 2372 1151 2426 vino
1190 2368 1423 2439 simplici
1468 2382 1714 2437 puroque
1750 2366 2015 2444 sacriﬁcio

430 2467 635 2523 Christi
682 2464 1012 2528 dedicaverit
1062 2460 1387 2518 sacerdotio.
1425 2458 1536 2514 Nec
1577 2466 1755 2513 tamen
1791 2457 2014 2513 creden-

431 2561 560 2615 dum
588 2565 671 2614 est
698 2556 844 2628 quod
873 2556 974 2610 iste
1003 2550 1400 2609 Melchisedech
1431 2550 1547 2609 sine
1586 2559 1741 2620 patre
1770 2557 1863 2603 aut
1900 2548 2016 2603 sine

431 2658 606 2704 matre
629 2653 794 2710 esset,
816 2644 962 2714 quod
986 2641 1236 2698 Christus
1261 2653 1474 2710 quoque
1493 2638 1785 2694 secundum
1810 2646 2016 2692 utram-

431 2755 537 2809 que
565 2746 814 2792 naturam
839 2741 894 2788 et
920 2739 1126 2803 patrem
1158 2730 1357 2785 habeat
1383 2734 1438 2781 et
1461 2738 1687 2781 matrem
1720 2744 1731 2779 :
1762 2724 1853 2780 sed
1875 2725 2017 2793 quod

433 2831 614 2888 subito
643 2827 1018 2884 introducatur
1049 2824 1102 2877 in
1132 2820 1361 2886 Genesi,
1389 2834 1695 2875 occurrisse
1729 2817 1960 2872 Abrahm
1988 2834 2019 2872 a

434 2922 581 2977 caede
624 2918 861 2974 hostium
906 2912 1227 2973 revertenti,
1272 2918 1327 2965 et
1374 2924 1475 2964 nec
1520 2916 1678 2964 antea
1705 2923 1804 2963 nec
1834 2915 2017 2976 postea

433 3013 549 3081 ejus
574 3024 768 3065 notnen
796 3006 880 3060 vel
911 3002 1221 3073 genealogia
1261 3001 1567 3055 inveniatur
1603 3000 1883 3068 scriptum.
1927 2994 2020 3049 Al-

439 3102 619 3155 ﬁrmat
648 3105 829 3151 autem
862 3093 1022 3163 hujus
1049 3091 1296 3161 exemplo
1321 3090 1641 3162 Apostolus,
1674 3089 1815 3159 quod
1838 3088 2015 3143 Aaron

435 3186 817 3250 swcerdotium,
842 3186 895 3239 id
916 3193 1020 3250 est,
1047 3183 1223 3253 populi
1249 3182 1555 3239 Judaiorum
1597 3189 1651 3236 et
1698 3181 2018 3251 principium

437 3277 683 3331 habuerit
705 3286 763 3331 et
782 3274 970 3341 ﬁnem;
997 3274 1382 3353 Melchisedech
1406 3279 1606 3335 autem,
1629 3271 1680 3324 id
1699 3280 1801 3335 est,
1820 3270 2018 3324 Christi

436 3366 694 3423 Ecclesia:
721 3366 1082 3422 sacerdotium
1105 3374 1161 3419 et
1186 3366 1237 3418 in
1268 3364 1604 3433 prmteritum
1627 3370 1682 3418 et
1705 3364 1757 3416 in
1780 3361 2020 3416 futurum

436 3468 701 3514 aeternum
749 3457 839 3511 sit.
883 3455 980 3509 llic
1029 3468 1160 3507 vero
1204 3451 1592 3508 Melchisedech
1638 3451 2024 3520 interpretatur

443 3568 534 3606 rex
561 3549 807 3619 iustitiae.
842 3566 862 3599 ‹
896 3545 1029 3614 Quis
1049 3554 1133 3600 est
1157 3560 1318 3599 verus
1341 3559 1433 3598 rex
1450 3542 1694 3613 justitize,
1717 3543 1819 3597 nisi
1844 3544 2023 3598 Domi-

442 3658 543 3695 nus
573 3650 755 3695 noster
783 3636 941 3694 Jesus
980 3635 1268 3692 Christus?
1292 3630 1496 3689 Deinde
1535 3647 1632 3688 rex
1672 3631 1851 3687 Salem
1878 3674 1892 3698 ,
1921 3633 2023 3688 hoc

440 3739 545 3794 est,
578 3746 669 3783 rex
696 3729 867 3798 pacis,
894 3727 1034 3795 quozl
1063 3727 1298 3795 pertinet
1328 3725 1395 3779 ad
1422 3722 1719 3780 Christum.
1742 3723 1847 3779 Iste
1874 3740 2023 3778 nam-

442 3832 549 3895 que
571 3832 669 3871 nos
686 3815 864 3885 justos
886 3814 1082 3879 ell'ecit,
1114 3814 1406 3886 paciﬁcans
1432 3817 1613 3870 omnia
1638 3831 1757 3886 qua:
1792 3816 1842 3870 in
1874 3816 2024 3872 oculis

443 3913 568 3959 sunt
595 3916 650 3959 et
677 3921 797 3976 quae
826 3906 878 3958 in
910 3905 1088 3967 terris,
1130 3924 1147 3956 ι
1178 3905 1268 3973 qui
1305 3903 1451 3959 solus
1476 3912 1562 3959 est
1592 3921 1687 3959 rex
1719 3903 1945 3973 justitia:
1971 3913 2024 3960 et

443 3997 594 4067 pacis
624 3996 882 4050 Dominus
905 4010 1087 4049 noSter
1114 3993 1274 4049 Jesus
1300 3994 1549 4048 Christus
1566 4035 1581 4060 ,
1607 3995 1698 4064 qui
1729 3995 2024 4050 secundum

444 4085 781 4139 divinitatem
812 4085 929 4139 sine
954 4084 1127 4147 initio,
1159 4083 1275 4137 sine
1306 4085 1441 4149 line,
1484 4100 1576 4138 rex
1622 4092 1706 4139 est
1742 4087 2026 4153 sempiter-

445 4190 567 4239 nus,
597 4191 664 4229 ex
690 4183 890 4229 aeterno
912 4173 1075 4227 Pater
1106 4172 1276 4244 [Leg.,
1308 4173 1491 4247 Patre]
1530 4184 1765 4230 mternus
1785 4218 1799 4240 ,
1832 4193 2023 4246 quam-

444 4265 527 4320 vis
545 4281 612 4320 cx
642 4263 920 4334 temporali
950 4271 1121 4318 matre
1143 4265 1450 4333 temporalis
1469 4275 1630 4321 esset.
1661 4286 1680 4317 ‹
1709 4266 1861 4323 Sicut
1881 4271 2025 4324 enim

447 4356 604 4410 istius
636 4354 1025 4409 Melchisedech
1051 4368 1157 4407 non
1186 4352 1414 4423 legimus
1448 4355 1659 4410 initium
1709 4356 1791 4410 vel
1826 4356 1985 4412 ﬁnem
2005 4399 2020 4425 ,

448 4447 502 4500 in
537 4446 816 4516 Scriptura
838 4485 852 4509 ,
883 4452 1172 4515 propterea
1203 4444 1347 4513 quod
1372 4461 1476 4501 non
1503 4455 1589 4501 est
1617 4448 1909 4518 scriptum,
1945 4450 2025 4505 sic

450 4555 556 4593 non
574 4539 823 4592 novimus
840 4537 958 4591 Filil
974 4537 1067 4591 Dei
1097 4538 1305 4592 initium
1331 4539 1415 4593 vel
1445 4540 1624 4605 ﬁnem,
1641 4541 1767 4611 quia
1798 4557 1903 4596 non
1927 4543 2025 4598 ha-

450 4629 559 4685 bet.
579 4630 645 4683 Et
657 4630 710 4683 in
723 4630 826 4683 hoc
838 4637 921 4683 Cal
934 4628 1249 4693 similitudo,
1264 4630 1408 4699 quod
1435 4645 1534 4685 nec
1554 4632 1716 4697 illius,
1746 4649 1846 4688 nec
1872 4634 2026 4691 istius

451 4721 663 4775 initium
690 4720 774 4775 vel
809 4720 932 4776 ﬁnis
958 4720 1184 4791 legatur.
1211 4720 1356 4775 lllius
1398 4720 1639 4790 quidem,
1664 4724 1789 4792 quia
1815 4740 1920 4779 non
1943 4732 2028 4780 est

450 4813 746 4884 scriptum;
776 4812 933 4868 istius
961 4821 1164 4878 autem,
1189 4813 1312 4882 quia
1348 4813 1569 4868 omnino
1592 4829 1698 4868 non
1723 4824 1825 4870 est.
1856 4836 1873 4867 ι
1941 4862 1945 4868 ,

523 4905 685 4959 Vens.
714 4902 768 4956 4.
790 4932 859 4943 -
882 4901 1165 4956 Intuemini
1188 4914 1414 4972 quantus
1439 4905 1507 4957 sit
1538 4904 1649 4966 hic,
1682 4905 1768 4957 cui
1799 4905 2028 4960 decimas

451 4996 595 5050 dedit
639 4995 702 5049 de
751 4995 1027 5065 pra'cipuis
1076 4993 1339 5048 Abraham
1383 4995 1707 5065 patriarcha.
1753 4995 2033 5053 Convertit

455 5088 636 5157 itaque
669 5099 972 5140 sermonem
1001 5084 1068 5138 ad
1094 5100 1187 5139 eos
1215 5085 1305 5156 qui
1331 5085 1630 5156 gloriantur
1663 5102 1721 5142 se
1748 5086 1886 5144 ﬁlios
1912 5104 2032 5146 esse

454 5174 776 5243 Ahrahm,et
791 5176 856 5233 de
879 5174 1086 5246 origine
1110 5175 1225 5246 ejus
1247 5177 1580 5231 nobilitatem
1602 5192 1789 5233 eorum
1811 5179 2034 5236 descen-

454 5270 623 5334 disse,
645 5284 807 5341 quem
832 5268 1027 5323 divinis
1055 5268 1298 5323 exaltare
1328 5267 1574 5343 laudibus
1595 5273 1954 5335 contendunt,
1978 5281 2034 5326 ct

456 5360 510 5414 in
534 5359 823 5429 Evangelio
844 5373 966 5413 eum
988 5358 1216 5415 Domino
1240 5361 1593 5430 praeposuisse
1614 5362 1830 5434 legitur.
1853 5366 2035 5420 dicen-

456 5456 576 5502 tes:
613 5448 865 5521 Nunquid
916 5458 972 5502 tu
1018 5450 1188 5520 major
1230 5467 1285 5504 es
1322 5460 1473 5520 patre
1516 5462 1693 5507 nostra
1730 5452 2035 5508 Abraham?

458 5537 622 5601 Quasi
668 5538 907 5602 diceret,
953 5555 1112 5608 quem
1159 5556 1256 5596 vos
1305 5540 1737 5601 excellentiorem
1783 5546 2035 5600 omnibus

454 5629 761 5687 mstuuatis.
783 5630 871 5683 hic
893 5631 1125 5684 decumas
1148 5631 1408 5688 ollcrcbat
1427 5632 1835 5697 Melchisedech,
1857 5645 1909 5687 et
1931 5635 2034 5689 hoc

2112 1819 2211 1866 set.
2249 1831 2265 1861 ι
2302 1808 2604 1865 Ostendeus
2647 1809 2811 1862 etiam
2867 1806 3304 1862 incircumcisum
3353 1807 3698 1860 sacerdotem

2112 1902 2379 1958 sacerdoti
2426 1900 2745 1957 circumciso
2775 1898 2944 1953 multo
2971 1912 3089 1952 esse
3122 1896 3509 1951 sublimiorem.
3542 1894 3700 1963 Quo-

2113 1994 2273 2049 modo
2294 2008 2423 2063 ergo
2447 1992 2551 2047 hoc
2571 1990 2836 2046 ostendit?
2854 1988 2989 2056 Quia
3012 1990 3124 2060 ipse
3150 1987 3279 2042 Levi
3305 1986 3540 2060 [Chrys.,
3566 1990 3702 2059 quia

2112 2087 2162 2142 ei
2201 2085 2331 2141 Levi
2371 2083 2608 2140 decimas
2654 2080 2843 2153 dedit],
2878 2102 2895 2133 ι
2927 2096 2990 2136 ex
3023 2096 3129 2152 quo
3157 2078 3494 2134 sacerdotale
3520 2094 3702 2150 genus

2112 2184 2292 2231 ortum
2319 2184 2430 2236 est,
2462 2172 2761 2229 decimatus
2789 2181 2873 2227 est
2902 2172 2953 2225 in
2981 2171 3174 2225 lumbis
3198 2170 3558 2242 progenitoris
3584 2172 3698 2224 sui.

2181 2266 2346 2338 687
2386 2264 2548 2321 Vens.
2580 2262 2726 2317 6-10.
2766 2293 2839 2303 -——-
2876 2261 3039 2333 Cujus
3086 2271 3260 2315 autem
3298 2260 3557 2331 generatio
3586 2277 3703 2314 non

2115 2365 2493 2412 annumeratur
2528 2354 2584 2408 in
2612 2356 2716 2420 eis,
2753 2354 2981 2407 decimas
3009 2353 3227 2422 sumpsit
3258 2349 3370 2424 [ab]
3404 2349 3701 2414 Abraham,

2116 2448 2348 2513 ethunc,
2374 2446 2465 2517 qui
2508 2445 2727 2499 habebat
2774 2444 3218 2516 repromissiones,
3259 2441 3537 2495 benedixit.
3572 2438 3704 2495 Sine

2120 2539 2228 2594 ulla
2266 2549 2440 2592 autem
2470 2537 2877 2591 contradiciione
2917 2535 3056 2607 quod
3095 2537 3266 2589 minus
3309 2544 3383 2588 est
3421 2551 3455 2587 a
3498 2534 3707 2604 majore

2120 2632 2217 2705 [Ita
2244 2632 2376 2687 Cod.
2400 2648 2413 2697 ;
2451 2632 2574 2702 leg.,
2606 2649 2639 2685 a
2667 2628 2899 2701 meliore]
2930 2627 3267 2683 benedicitur.
3294 2626 3385 2682 llle
3406 2635 3585 2680 autem
3606 2627 3708 2695 qui

2118 2729 2234 2783 sine
2258 2725 2569 2796 genealogia
2615 2732 2719 2786 est,
2752 2722 2803 2776 in
2845 2721 3116 2776 Abraham
3146 2721 3440 2776 decimatus
3469 2727 3553 2773 est
3590 2734 3707 2773 non

2120 2816 2290 2871 solum
2316 2815 2466 2879 Levi,
2493 2829 2679 2871 verum
2710 2813 2872 2868 etiam
2897 2821 2954 2867 et
2973 2813 3085 2882 ipse
3113 2811 3314 2876 Aaron,
3346 2810 3438 2880 qui
3460 2810 3711 2864 decimas

2120 2908 2326 2965 solebat
2355 2908 2601 2977 accipere
2628 2921 2657 2958 a
2679 2904 2894 2974 populo,
2919 2911 2971 2958 et
2997 2919 3093 2972 per
3118 2918 3240 2957 eum
3268 2916 3428 2956 omne
3452 2900 3713 2957 sacerdo-

2123 2998 2255 3052 tium
2283 2996 2598 3051 Leviticum.
2642 2994 2749 3048 Nec
2790 2995 2896 3049 hoc
2940 2993 3057 3047 loco
3098 3000 3381 3048 contentus
3408 3001 3495 3045 est
3531 2998 3706 3052 stare,

2120 3087 2213 3143 sed
2245 3087 2420 3142 adhuc
2447 3085 2635 3156 majori
2659 3085 2862 3140 honore
2887 3082 3144 3138 exaltavit
3169 3098 3315 3149 eum,
3353 3081 3447 3152 qui
3477 3081 3708 3136 alterius

2121 3179 2335 3251 generis
2361 3178 2483 3244 fuit,
2514 3178 2737 3233 dicens:
2778 3177 2845 3232 Et
2876 3194 3017 3242 eum,
3049 3177 3139 3248 qui
3170 3176 3389 3231 habebat
3424 3178 3705 3248 repromis—

2119 3276 2310 3337 siones,
2341 3270 2619 3325 benedixit.
2666 3289 2684 3321 ε
2721 3268 2968 3325 Ostendit
3006 3278 3063 3322 et
3100 3268 3557 3324 honorabiliorem
3584 3283 3707 3323 esse

2120 3365 2269 3419 illum
2297 3378 2364 3417 ex
2388 3360 2657 3416 communi
2693 3359 2935 3414 omnium
2958 3356 3182 3426 judicio,
3218 3367 3266 3411 et
3295 3359 3408 3411 sine
3442 3356 3553 3411 ulla
3573 3374 3702 3411 can-

2120 3454 2452 3517 tradictione,
2478 3450 2673 3521 inquit,
2705 3450 2808 3505 hoc
2836 3457 2940 3515 est,
2979 3448 3228 3504 omnibus
3254 3447 3375 3503 luce
3401 3448 3600 3504 clarius
3626 3448 3706 3501 vi-

2120 3548 2281 3602 detur
2307 3545 2451 3623 quod
2472 3544 2651 3599 minus
2678 3559 2707 3597 a
2729 3541 2935 3613 majore
2957 3543 3312 3597 benedicitur.
3339 3542 3572 3599 Proinde
3590 3558 3706 3597 mc-

2120 3640 2222 3694 lior
2245 3646 2327 3693 est
2354 3647 2509 3708 typus
2549 3636 2747 3691 Christi
2773 3636 2936 3691 etiam
2976 3650 3041 3690 eo
3067 3636 3157 3705 qui
3185 3636 3569 3705 promissiones
3606 3635 3705 3689 ha-

2122 3731 2301 3786 bebat.
2342 3751 2358 3782 ι
2391 3729 2523 3797 Quis
2546 3737 2648 3794 est,
2670 3730 2759 3800 qui
2782 3730 2898 3783 vivit
2922 3729 2947 3782 ?
2983 3728 3074 3783 llle
3098 3729 3264 3783 etiam
3292 3729 3384 3796 qui
3402 3728 3698 3783 secundum

2122 3828 2371 3883 ordinem
2417 3823 2807 3880 Melchisedech
2846 3823 3024 3876 factus
3058 3829 3142 3877 est
3168 3821 3414 3876 sacerdos
3452 3821 3505 3873 in
3529 3830 3695 3874 teter-

2123 3936 2271 3974 num.
2307 3917 2601 3973 Secundum
2630 3917 2865 3970 ordinem
2896 3914 3273 3969 Melchisedech
3292 3955 3307 3979 ,
3335 3911 3473 3986 [qui]
3509 3921 3697 3983 typum

2124 4010 2264 4080 gerit
2282 4006 2551 4077 pontiﬁcis
2570 4007 2762 4071 nostri,
2777 4005 2868 4076 qui
2886 4005 3234 4075 semetipsum
3253 4004 3449 4060 obtulit
3466 4004 3698 4059 hostiam

2124 4099 2235 4152 Dea
2261 4098 2558 4168 placentem
2584 4113 2599 4161 ;
2638 4111 2742 4150 non
2767 4110 2834 4150 ex
2858 4094 3187 4150 necessitate
3219 4093 3479 4164 qualibet,
3510 4093 3607 4148 sed
3632 4106 3699 4146 ex

2124 4189 2399 4242 voluntate
2434 4186 2665 4257 propria:
2709 4186 2995 4256 potestatis
3042 4181 3258 4255 [SuppL
3295 4178 3700 4249 excellentiam]

2126 4280 2390 4349 designat,
2420 4279 2512 4348 qui
2544 4278 2676 4333 nihil
2708 4278 2868 4333 morti
2909 4276 3135 4340 debuit;
3176 4275 3379 4330 idcirco
3414 4271 3703 4344 ptmtiﬁcali

2129 4369 2394 4425 sacriﬁcio
2423 4369 2504 4422 sui
2529 4368 2775 4438 corporis
2797 4368 3036 4422 omnium
3063 4367 3236 4423 abluit
3251 4375 3496 4436 peccata.
3518 4365 3701 4437 (Vsus.

2132 4462 2219 4525 ll,
2253 4458 2363 4530 12.)
2395 4457 2453 4513 Si
2477 4475 2599 4529 ergo
2615 4458 2992 4512 consummatio
3014 4473 3107 4529 per
3142 4456 3490 4510 sacerdotium
3520 4454 3704 4508 Leviti-

2129 4566 2248 4604 cum
2267 4538 2376 4602 erat
2406 4545 2646 4618 (populus
2683 4548 2820 4602 enim
2847 4546 2941 4601 sub
2969 4547 3081 4617 ipso
3117 4544 3280 4614 legem
3317 4541 3556 4614 accepit),
3582 4542 3705 4613 quid

2130 4644 2303 4698 adhuc
2318 4644 2665 4697 necessarium
2684 4650 2757 4696 est
2778 4641 3064 4696 secundum
3083 4640 3320 4695 ordinem
3336 4637 3709 4693 Melchisedech

2132 4733 2297 4787 alium
2314 4749 2523 4802 surgere
2549 4730 2901 4794 sacerdotem,
2927 4740 2974 4785 et
3011 4746 3115 4787 non
3151 4729 3435 4784 secundum
3475 4729 3710 4783 ordinent

2136 4824 2313 4878 Aaron
2353 4823 2503 4877 dici?
2534 4822 2809 4876 Translata
2847 4822 2983 4877 enim
3012 4820 3306 4875 sacerdotio
3331 4819 3560 4890 corporis
3588 4816 3709 4881 (Sic

2132 4911 2284 4979 ms.),
2308 4928 2510 4966 necesse
2537 4918 2707 4975 est,ut
2734 4921 2781 4964 et
2801 4910 2927 4980 legis
2952 4908 3226 4963 translatio
3253 4908 3372 4977 ﬁat.
3399 4927 3418 4957 ι
3449 4905 3547 4961 llic
3561 4907 3711 4962 enim

2132 5003 2321 5073 incipit
2366 5002 2578 5058 Veteris
2617 5001 2860 5070 Novique
2895 5000 3220 5055 Tt-stamenti
3252 4998 3584 5056 diﬂ‘erentias
3622 5011 3713 5051 os-

2133 5092 2375 5155 tendere,
2407 5110 2426 5143 »
2458 5091 2673 5146 dicens:
2699 5089 2759 5146 Si
2784 5090 2930 5146 enim
2960 5090 3359 5152 consummatio,
3384 5089 3437 5143 id
3460 5095 3568 5153 est,
3587 5102 3713 5157 per»

2134 5180 2314 5245 lectio,
2341 5198 2435 5252 per
2470 5180 2820 5235 sacerdotium
2865 5179 3149 5234 Leeiticum
3178 5179 3299 5248 fuit,
3330 5179 3460 5248 quid
3487 5192 3711 5233 necesse

2137 5276 2234 5332 fuit
2260 5278 2424 5335 alium
2446 5291 2669 5347 surgere
2688 5275 3069 5331 sacerdotem?
3104 5273 3241 5328 Nam
3268 5271 3449 5329 Aaron
3477 5271 3712 5340 primum

2135 5377 2253 5436 post
2299 5368 2471 5437 legem
2517 5367 2697 5422 datam
2734 5367 3070 5423 sacerdotem
3099 5366 3165 5422 de
3194 5364 3339 5421 tribu
3381 5364 3510 5421 Levi
3556 5378 3712 5426 esse.

2135 5457 2265 5512 nulli
2292 5457 2510 5511 dubium
2540 5464 2658 5511 est:
2700 5457 2821 5513 ideo
2849 5458 3208 5514 sacerdotium
3229 5471 3340 5526 quo
3363 5455 3584 5512 [uinctus
3608 5462 3714 5519 est,

2136 5546 2431 5601 Leviticum
2476 5547 2775 5604 nominavit
2819 5547 3203 5604 sacerdotium.
3246 5546 3366 5615 Quo
3411 5545 3717 5605 sacenhtio

2138 5635 2374 5690 Levitico
2404 5636 2572 5693 multo
2600 5638 2788 5692 melior
2817 5636 3207 5693 Melchisedech
3237 5638 3289 5692 in
3310 5638 3503 5694 ordine
3528 5648 3717 5692 sacer-
