4002 6186
338 328 475 384 i065

1033 323 1441 381 EXEGETICA.
1484 354 1552 364 —
1589 320 1832 379 EXPOS.
1873 321 1916 377 ll

2014 318 2195 377 IPiST.
2235 320 2294 376 ὃ.
2330 319 2533 377 PAULI
2566 319 2658 375 AD
2696 317 2897 374 HEBli.

3449 316 3587 376 1066

336 441 498 515 dotali
526 430 702 493 factus
729 446 833 501 est,
879 436 970 506 qui
1016 443 1199 506 typum
1229 434 1453 505 gerebat
1480 432 1778 489 sacerdotis
1812 447 1909 486 no-
1937 438 1980 493 Α
2013 431 2364 493 humanitate,
2403 429 2665 484 mediator
2692 429 2833 483 inter
2862 427 3032 482 Deum
3060 438 3112 481 et
3144 428 3406 497 homines,
3438 446 3587 487 sem-

334 532 470 597 stri,
513 529 567 585 id
604 537 687 583 est
721 527 931 581 Domini
978 524 1274 581 Salvatoris
1302 524 1507 579 mundi.
1558 522 1909 593 Nequaquam

335 622 481 678 cnim
527 618 781 683 dixisset,
820 616 1102 671 secundum
1134 615 1375 669 ordinem
1424 614 1822 679 Melchisedech,
1866 614 1913 669 si

337 714 467 773 illud
492 713 851 770 sacerdotium
875 710 1056 766 Aaron
1084 711 1278 766 melius
1304 718 1467 774 esset,
1495 711 1595 766 sub
1619 726 1727 779 quo
1746 724 1915 780 popu-

335 806 421 862 lus
448 803 753 859 Iudaeorum
780 801 951 870 legem
981 810 1309 870 susceperat.
1340 800 1398 855 Si
1429 800 1592 869 igitur
1627 799 1912 854 sacerdotii

341 893 621 951 translatio
652 899 752 957 est,
780 906 998 945 necesse
1019 899 1102 945 est
1126 892 1288 945 etiam
1312 891 1445 961 legis
1467 906 1583 945 esse
1612 890 1917 945 translatio-

338 1000 501 1040 nem:
545 996 717 1052 neque
761 978 905 1036 enim
934 988 1111 1049 potest
1150 982 1402 1036 sacerdos
1440 980 1556 1037 sine
1597 988 1915 1036 testamento

337 1092 459 1133 esse
490 1083 545 1131 et
569 1076 688 1130 sine
708 1074 845 1144 lege,
867 1082 923 1128 et
949 1072 1067 1126 sine
1092 1072 1395 1143 praeceptis.
1462 1128 1467 1133 ,

410 1209 572 1263 Vens.
606 1205 690 1268 15,
724 1204 807 1258 14.
854 1234 924 1244 —
966 1202 1034 1256 In
1061 1220 1162 1274 quo
1191 1204 1326 1257 enim
1358 1201 1511 1274 [lucc]
1542 1202 1822 1268 dicuntur,
1851 1202 1916 1275 de

337 1303 444 1357 alia
473 1301 612 1354 tribu
638 1309 736 1364 est,
763 1299 827 1353 de
850 1315 950 1371 quo
977 1298 1150 1361 nullus
1179 1297 1367 1352 altario
1388 1306 1575 1368 pra'sto
1599 1298 1717 1365 fuit.
1743 1297 1916 1352 Mani—

328 1395 527 1465 festum
550 1401 624 1445 est
651 1391 787 1444 enim
824 1389 964 1460 quod
992 1406 1054 1442 ex
1075 1388 1104 1442 J
1114 1387 1218 1443 uda
1242 1400 1387 1441 ortus
1425 1397 1497 1440 est
1532 1386 1789 1441 Dominus
1818 1403 1915 1440 no-

334 1496 444 1541 ster
466 1496 487 1534 :
524 1483 579 1536 in
604 1499 708 1554 qua
742 1480 879 1534 tribu
905 1479 1034 1534 nihil
1058 1479 1122 1533 de
1151 1478 1503 1533 sacerdotibus
1531 1477 1734 1548 Moyses
1767 1476 1916 1531 locu-

335 1590 422 1634 tus
450 1587 546 1633 est.
591 1578 658 1631 In
697 1593 798 1648 quo
843 1577 1011 1640 enim,
1054 1575 1161 1640 ait,
1192 1575 1246 1629 id
1274 1585 1379 1640 est,
1409 1574 1474 1629 de
1499 1588 1605 1643 quo
1625 1574 1746 1628 haec
1775 1572 1916 1628 dicta

337 1678 480 1732 sunt,
501 1668 784 1721 Dominum
811 1665 1018 1720 scilicet
1039 1663 1348 1734 signiﬁcans
1364 1662 1718 1719 Salvatorem.
1738 1681 1757 1713 ι
1777 1662 1917 1717 Dum

2014 537 2113 592 per
2139 522 2322 577 vivens
2343 521 2413 575 ad
2439 518 2887 589 interpellandum
2912 534 3009 588 pro
3034 519 3206 573 nobis.

2010 644 2019 651 ν
2085 614 2248 668 Vens.
2282 611 2371 677 18,
2400 611 2484 666 l9.
2507 640 2577 650 —
2600 609 2908 680 Reprobatio
2937 608 3145 679 quidem
3169 609 3227 677 ﬁt
3253 611 3591 681 prwcedentis

2013 703 2273 768 mandati,
2291 712 2499 774 propter
2515 701 2872 770 inﬁrmitatem
2894 700 3007 770 ejus
3032 710 3080 753 et
3100 701 3433 755 inutilitatem
3452 703 3587 772 ejus.

2016 794 2167 849 Nihil
2212 795 2348 849 enim
2390 795 2447 847 in
2484 792 2769 862 perfectum
2813 792 3035 845 adduxit
3065 791 3168 846 lex.
3209 812 3228 843 ‹
3258 791 3395 859 Quid
3422 794 3587 859 enim,

2012 884 2149 937 nihil
2172 882 2371 952 profuit
2400 883 2527 937 lex?
2554 880 2761 936 Profuit
2786 883 3049 951 siquidem
3074 899 3088 948 ;
3119 884 3213 938 sed
3241 883 3374 938 nihil
3403 885 3592 943 adhoc

2014 973 2255 1042 profuit,
2292 980 2352 1027 ut
2388 971 2661 1041 perfectos
2698 970 2877 1026 facere
2911 973 3175 1041 potuisset
3214 974 3511 1031 servientes
3536 976 3591 1031 in

2014 1079 2116 1119 ea:
2151 1064 2352 1119 idcirco
2395 1063 2511 1133 ejus
2557 1062 2863 1132 reprobatio
2894 1061 3014 1127 fuit,
3060 1071 3122 1117 ut
3155 1064 3345 1134 gratiae
3373 1065 3595 1121 daretur

2014 1152 2183 1219 locus,
2226 1152 2351 1206 dum
2378 1152 2619 1216 veniret,
2668 1151 2723 1204 in
2766 1163 2873 1218 qua
2900 1150 3168 1219 perfectio
3209 1153 3383 1208 ﬁeret.
3433 1154 3595 1210 Utilis

2015 1244 2209 1314 quippe
2239 1243 2340 1297 fuit
2356 1244 2466 1307 lex,
2494 1243 2589 1297 sed
2615 1242 2720 1296 illis
2737 1243 2829 1311 qui
2857 1241 3016 1297 ﬁdem
3039 1242 3343 1299 habuerunt
3365 1245 3414 1297 in
3439 1244 3596 1299 Chri-

2014 1341 2119 1397 sto,
2159 1346 2266 1387 non
2297 1331 2402 1385 illis
2426 1331 2517 1401 qui
2542 1338 2716 1385 totam
2756 1346 2907 1399 spem
2949 1346 3101 1385 suam
3129 1332 3183 1385 in
3213 1347 3332 1386 eam
3378 1332 3593 1390 ﬁrmas-

2014 1431 2166 1479 seut:
2210 1422 2536 1476 Introductio
2563 1437 2679 1475 vero
2705 1420 2936 1474 melioris
2963 1421 3094 1490 spei,
3125 1437 3218 1490 per
3238 1437 3398 1491 quam
3416 1424 3597 1494 proxi-

2011 1527 2219 1568 mamus
2248 1511 2317 1565 ad
2341 1511 2529 1565 Deum.
2556 1510 2740 1581 (Vens.
2760 1509 2876 1581 20.)
2901 1510 2969 1563 Et
2989 1520 3242 1580 quantum
3266 1520 3340 1565 est
3362 1529 3465 1567 nou
3484 1515 3595 1568 sine

2008 1601 2384 1673 jurejurando.
2413 1599 2518 1654 Alii
2545 1600 2753 1672 quidem
2776 1602 2891 1654 sine
2916 1601 3270 1671 jurejurando
3298 1605 3594 1661 sacerdotes

2015 1692 2143 1761 [acti
2201 1701 2343 1747 sunt.
2379 1691 2728 1755 lntroductio,
2786 1691 2983 1761 inquit,
3017 1684 3255 1748 melioris
3291 1696 3426 1764 spei.
3488 1694 3596 1751 Ha;-

338 1762 393 1817 id
422 1758 737 1854 translatum
765 1764 848 1812 est
871 1753 1439 1854 sacerdotium-simul
1462 1762 1516 1854 et
1538 1761 1914 1854 testamentum
1946 1780 1992 1839 Β
2015 1753 2136 1837 imi,
2155 1783 2352 1852 quippe
2375 1789 2430 1835 ει
2455 1781 2544 1836 [ex
2582 1753 2731 1851 spe",
2750 1821 2768 1845 ,
2811 1753 2905 1836 se};
2945 1753 3052 1836 ,ίοη
3080 1783 3259 1838 talem.
3298 1753 3598 1854 épembam

339 1851 656 1908 translatum
684 1857 768 1903 est
792 1865 807 1914 ;
849 1864 957 1903 non
980 1854 1161 1902 autem
1184 1846 1373 1901 ordine
1409 1844 1797 1909 tantummodo,
1821 1859 1915 1899 ne-

336 1958 443 2014 que
468 1941 771 2014 prarceptis,
796 1940 892 1996 sed
914 1941 1080 1996 etiam
1105 1939 1269 1994 tribu.
1305 1936 1598 2008 Oportebat
1618 1935 1833 2006 quippe,
1859 1943 1918 1990 ut

334 2037 503 2094 etiam
551 2033 771 2109 [tribus]
819 2041 1137 2089 mutaretur.
1177 2032 1249 2088 Et
1284 2033 1553 2101 quomodo
1598 2030 1917 2087 translatum

338 2132 423 2183 est
447 2125 805 2181 sacerdotium
829 2139 896 2178 ex
920 2123 1060 2177 tribu
1086 2123 1152 2177 ad
1172 2122 1392 2187 tribum,
1416 2121 1483 2176 de
1508 2121 1825 2177 sacerdotali
1848 2119 1917 2175 ad

337 2215 604 2287 regalem?
626 2215 696 2271 Ut
722 2216 909 2270 eadem
935 2214 1050 2284 ipsa
1075 2214 1146 2269 sit
1165 2221 1220 2268 et
1242 2214 1439 2284 regalis
1463 2221 1518 2267 et
1544 2212 1913 2269 sacerdotalis.

337 2308 411 2365 Et
425 2309 637 2365 intuere
662 2308 1008 2379 mysterium:
1031 2308 1206 2377 primo
1231 2305 1331 2360 fuit
1352 2305 1528 2375 regale
1553 2305 1916 2361 sacerdotium

340 2398 727 2481 Melchisedech
751 2397 1044 2453 secundum
1065 2395 1500 2465 consequentiam
1525 2393 1687 2461 hujus
1708 2408 1914 2474 sermo-

339 2489 463 2554 nis;
504 2487 797 2555 secundum
825 2486 988 2540 etiam
1010 2483 1112 2538 fuit
1140 2482 1471 2538 sacerdotale
1499 2482 1553 2536 in
1573 2482 1787 2546 Aaron;
1812 2490 1918 2541 ter-

338 2578 474 2633 tium
503 2575 747 2648 [ϐω-98η
777 2575 858 2630 sic
885 2572 1086 2645 etiam]
1115 2571 1216 2628 fuit
1255 2572 1310 2627 in
1348 2570 1564 2629 Christo
1595 2572 1790 2626 iterum
1833 2586 1920 2627 re-

334 2672 481 2743 gale,
510 2670 603 2740 qui
645 2678 765 2723 erat
807 2683 900 2722 rex
939 2680 1183 2749 semper;
1233 2664 1485 2719 sacerdos
1528 2672 1707 2717 autem
1732 2661 1920 2721 factus

342 2772 444 2828 est,
467 2761 683 2832 quando
713 2774 929 2814 carnem
956 2757 1212 2827 suscepit,
1243 2754 1456 2827 quando
1480 2753 1804 2811 sacriﬁcium
1825 2755 1921 2811 ob-

324 2851 484 2911 tulit.
536 2851 700 2906 Vides
752 2849 1109 2905 mutationem
1159 2846 1391 2901 rerum?
1446 2845 1574 2912 Quae
1630 2845 1773 2900 enim
1821 2859 1921 2915 per

344 2941 750 2998 translationem
792 2939 935 2995 facta
965 2946 1115 3003 sunt,
1147 2938 1264 2993 haec
1290 2937 1454 2992 veluti
1492 2952 1558 2991 ex
1585 2951 1766 2992 rerum
1792 2952 1920 2993 con-

2008 1875 2159 1931 enim
2188 1875 2327 1929 bene
2349 1873 2624 1944 placentes
2643 1880 2700 1927 ct
2722 1873 2893 1943 legem
2918 1873 3013 1928 Dei
3036 1876 3400 1932 custodientes
3425 1879 3605 1948 possi-‘

2016 1966 2145 2021 dere
2187 1974 2424 2031 terram;
2468 1965 2602 2021 nihil
2643 1980 3006 2021 aerumnosum
3034 1968 3179 2035 pati,
3223 1982 3481 2039 prospere
3518 1972 3607 2027 vi-

2015 2070 2165 2120 vere,
2197 2056 2339 2110 sicut
2363 2055 2565 2110 dictum
2591 2064 2707 2110 est:
2751 2053 2855 2120 Qui
2881 2055 3061 2125 fecerit
3085 2074 3201 2111 eam
3222 2098 3237 2124 ,
3275 2060 3401 2115 tiret
3429 2063 3487 2115 in
3511 2077 3598 2116 ea.

2014 2144 2118 2200 Hic
2144 2153 2325 2199 autem
2343 2158 2642 2215 speramus,
2665 2146 2790 2214 quia
2817 2144 3107 2213 placentes,
3129 2149 3440 2220 evangelica
3459 2164 3598 2219 prte-

2015 2246 2170 2307 oepta
2198 2237 2599 2301 custodientes;
2636 2252 2746 2291 non
2770 2244 2976 2291 terram
3010 2238 3288 2307 possidere
3305 2279 3321 2305 ,
3368 2241 3463 2297 sed
3486 2256 3599 2299 cm-

2015 2326 2148 2381 lum.
2182 2326 2347 2396 Magis
2372 2331 2551 2380 autem
2576 2324 2740 2396 (quod
2768 2326 2908 2381 caelo
2935 2327 3107 2382 multo
3132 2329 3327 2384 melius
3349 2331 3453 2403 est)
3475 2347 3599 2403 spe-

2000 2432 2203 2470 .ramus
2230 2417 2459 2484 proximi
2492 2417 2602 2470 Deo
2648 2419 2973 2481 consistere,
3007 2420 3074 2474 ad
3104 2420 3277 2490 ipsum
3307 2429 3597 2490 paternum

2002 2506 2211 2563 solium
2230 2507 2604 2576 pervenire,et
2625 2509 2931 2565 ministrare
2958 2510 3005 2563 ei
3035 2526 3156 2565 cum
3182 2512 3408 2581 angelis.
3439 2532 3458 2565 ι
3485 2512 3599 2570 Hoc

2014 2604 2199 2652 autem
2227 2596 2607 2657 sacerdOtium,
2638 2612 2736 2665 per
2761 2597 2903 2665 quod
2942 2598 3081 2652 hanc
3108 2599 3335 2669 gloriam
3378 2615 3598 2669 posses-

2018 2692 2130 2748 suri
2156 2705 2363 2755 sumus,
2391 2706 2498 2746 non
2524 2690 2631 2747 erit
2657 2691 2773 2746 sine
2793 2691 3163 2761 jurejurando,
3186 2703 3247 2748 ut
3265 2693 3476 2749 ﬁrmam
3500 2697 3598 2753 Dei

2017 2782 2430 2853 promissionem
2470 2780 2781 2846 credamus,
2825 2781 2949 2850 quia
2991 2782 3107 2837 haec
3148 2785 3327 2840 omnia
3359 2786 3515 2841 nobis
3540 2787 3598 2843 in

2018 2872 2156 2927 Filio
2181 2873 2400 2943 proprio
2422 2871 2690 2942 promisit,
2722 2887 2882 2941 quem
2906 2887 3006 2941 pro
3031 2874 3185 2929 nobis
3212 2876 3463 2933 omnibus
3481 2885 3595 2934 tra-

2022 2963 2178 3027 didit,
2206 2972 2269 3017 ut
2307 2977 2407 3033 per
2448 2978 2572 3018 eum
2606 2963 2722 3018 haec
2745 2963 2925 3017 omnia
2960 2962 3172 3034 [SuppL
3206 2965 3361 3035 forte,
3394 2968 3595 3025 habea-

344 3033 545 3125 stantia
576 3031 810 3125 [Citrys.,
841 3046 911 3087 ex
945 3046 1127 3085 rerum
1152 3028 1563 3103 consequentia]
1588 3029 1743 3101 quasi
1778 3044 1918 3086 nova
1966 3124 1973 3125 ί
2021 3051 2187 3125 mus],
2212 3053 2283 3108 de
2309 3028 2414 3122 [1υο
2442 3053 2645 3109 (nam
2665 3060 2788 3107 es“
2819 3050 2897 3106 Tu
2920 3028 2979 3106 es"
2997 3028 3241 3109 Μάνεω,
3268 3057 3325 3111 δη
3346 3028 3595 3114 ἀκηδείῃ

320 3123 520 3199 ,τωὶω
543 3123 811 3178 videntur.
842 3142 861 3177 ι

412 3257 575 3315 Vens.
600 3256 788 3311 15-”.
815 3288 888 3297 —
915 3255 984 3311 Et
1008 3255 1232 3327 amplius
1261 3255 1433 3310 adhuc
1464 3255 1799 3324 manifestum
1819 3264 1916 3324 est,

342 3346 690 3403 sisecundum
715 3347 951 3401 ordinem
986 3345 1166 3418 [Leg.,
1197 3345 1614 3417 similitudinem]
1648 3345 1921 3401 Melchise-

340 3437 468 3492 dech
497 3446 791 3507 exsurgeret
818 3436 953 3491 alius
982 3436 1256 3502 sacerdos,
1284 3437 1372 3505 qui
1400 3453 1503 3490 non
1532 3436 1815 3490 secundum
1845 3435 1919 3489 le-

340 3542 453 3598 gem
480 3527 719 3581 mandati
744 3528 973 3580 carnalis
1014 3526 1184 3596 factus
1201 3567 1215 3591 ,
1256 3525 1346 3580 sed
1371 3525 1653 3580 secundum
1680 3527 1916 3580 virtutem

341 3617 457 3671 vitta
479 3616 792 3671 insolubilis.
825 3614 1158 3671 Contestatur
1182 3617 1337 3680 enim,
1377 3617 1624 3688 quoniam
1646 3626 1717 3688 tu
1744 3634 1797 3671 es
1831 3634 1918 3671 sa-

340 3705 523 3761 cerdos
554 3707 611 3760 in
635 3716 887 3760 internum
922 3706 1205 3761 secundum
1238 3686 1473 3760 ordinem
1517 3686 1911 3760 Melchisedech.

344 3794 548 3853 Novam
573 3793 748 3867 [Cod.,
779 3794 1052 3869 Nostram]
1082 3797 1184 3852 hoc
1218 3796 1335 3852 loco
1364 3796 1721 3851 diﬁ‘erentiam
1760 3796 1916 3850 insti-

338 3885 444 3939 tuit
477 3884 618 3939 inter
645 3887 1005 3941 sacerdotium
1037 3885 1258 3958 [Aaron]
1295 3895 1351 3941 et
1377 3886 1736 3940 sacerdotium
1764 3884 1916 3939 Chri-

1945 3124 1997 3193 C
2021 3142 2307 3199 secundum
2329 3142 2564 3195 ordinent
2589 3140 2987 3197 Melchisedech.

2087 3244 2249 3299 Vens.
2278 3239 2627 3295 πει-1η
2657 3250 2859 3295 tantum
2881 3242 3109 3298 melioris
3128 3248 3422 3302 testamenti
3441 3265 3596 3320 spon-

2012 3355 2105 3395 sor
2130 3338 2300 3407 factus
2326 3344 2400 3391 est
2430 3334 2604 3390 Iesus.
2640 3334 2711 3389 Et
2739 3334 2832 3389 alii
2859 3336 3067 3406 quidem
3104 3337 3279 3408 plures
3313 3343 3441 3411 facti
3473 3355 3595 3398 sunt

1972 3448 1975 3451 ·
2014 3429 2327 3491 sacerdotes,
2355 3426 2553 3481 idcirco
2586 3427 2726 3498 quod
2762 3438 2928 3482 morte
2958 3430 3355 3499 prohiberentur
3391 3451 3596 3505 perma—

2015 3532 2171 3573 nere:
2208 3517 2294 3570 Itic
2314 3526 2489 3571 autem
2512 3533 2595 3581 eo,
2625 3517 2765 3587 quod
2792 3521 3083 3574 maneatin
3107 3531 3377 3587 internum,
3409 3529 3595 3598 sempi-

2016 3619 2220 3665 ternum
2246 3609 2399 3663 habet
2424 3609 2795 3663 sacerdotium.
2832 3627 2850 3659 ε
2896 3610 3041 3664 Duas
3062 3614 3213 3679 ponit
3241 3615 3591 3685 diﬂ'erentias,

2014 3702 2140 3772 quia
2165 3716 2273 3755 non
2302 3701 2461 3756 habet
2482 3699 2644 3754 linem
2670 3700 2927 3763 sacerdos
2960 3711 3147 3758 noster
3164 3744 3179 3771 ,
3211 3706 3354 3762 sicut
3382 3709 3590 3782 legalis.

2014 3790 2129 3844 Hoc
2157 3796 2338 3845 autem
2381 3786 2513 3842 facit
2555 3801 2623 3841 ex
2666 3802 2897 3857 persona
2924 3790 3145 3860 Christi,
3185 3797 3275 3866 qui
3303 3799 3590 3869 ingressus,

2014 3878 2217 3947 inquit,
2260 3875 2544 3931 secundum
2569 3877 2804 3930 virtutem
2842 3880 2960 3933 vitta
2982 3882 3296 3941 insolubilis.
3333 3906 3352 3940 ι
3382 3888 3452 3946 Et
3487 3891 3591 3949 hoc

339 3972 445 4035 sti;
476 3972 605 4040 quia
638 3971 767 4025 illud
795 3973 1029 4033 carnale,
1060 3973 1164 4026 hoc
1182 3988 1311 4026 vero
1329 3971 1601 4041 spiritale;
1626 3971 1756 4025 illud
1779 3980 1915 4026 tem-

2014 3967 2363 4038 jurejurando
2386 3975 2646 4033 testatur,
2694 3969 2836 4024 sicut
2870 3985 3033 4041 supra
3060 3974 3260 4030 dictum
3301 3988 3403 4035 est.
3439 3982 3592 4040 Sicut

340 4060 545 4132 porale.
569 4061 675 4115 hoc
697 4076 828 4115 vero
853 4068 1115 4116 aeternum
1140 4070 1245 4117 est.
1286 4061 1427 4116 Dicit
1447 4062 1591 4116 enim
1626 4062 1694 4118 de
1734 4078 1915 4118 sacer-
2011 4059 2103 4113 ille
2129 4067 2431 4128 permanet,
2460 4060 2534 4115 ita
2558 4061 2722 4115 etiam
2747 4071 2803 4118 et
2820 4063 2906 4118 lex
2928 4080 3089 4135 quam
3117 4070 3316 4136 attulit,
3339 4089 3590 4142 perman.

339 4150 491 4205 dolio
508 4149 726 4204 Aaron:
756 4150 1041 4205 secundum
1067 4150 1228 4222 legem
1266 4152 1501 4207 mandati
1528 4153 1774 4208 carnalis.
1801 4152 1911 4207 Lex
2010 4163 2139 4205 sura
2164 4159 2284 4215 est;
2328 4152 2381 4204 in
2411 4166 2516 4221 qua
2544 4161 2630 4208 cst
2668 4168 2799 4209 vera
2846 4162 3189 4224 peccatorum
3221 4163 3469 4220 remissio
3487 4206 3503 4230 ,
3534 4176 3589 4223 et

338 4240 538 4310 quippe
558 4240 648 4295 illa
673 4254 741 4295 ex
767 4240 934 4295 multa
952 4242 1108 4311 parte
1135 4243 1370 4299 carnalis
1395 4252 1552 4310 erat;
1590 4245 1643 4299 in
1675 4233 1910 4300 circum-

2014 4248 2281 4309 perpetuse
2306 4242 2581 4312 perceptio
2607 4244 2813 4312 gratiae.
2850 4263 2870 4295 ι
2902 4245 2960 4301 Si
2994 4248 3138 4303 enim
3168 4250 3256 4305 illa
3285 4253 3435 4323 prior
3461 4272 3581 4328 pro.

336 4331 543 4387 cisione
569 4333 777 4397 carnis,
810 4333 866 4387 in
897 4334 1243 4389 mundationc
1289 4336 1499 4402 carnis,
1541 4337 1595 4392 in
1634 4337 1825 4393 hostiis
1852 4347 1908 4394 et

2014 4340 2128 4402 pter
2157 4334 2579 4391 imbecillitatem
2606 4338 2706 4400 sui,
2738 4354 2857 4407 qua:
2885 4339 3019 4395 nihil
3052 4342 3117 4397 ad
3145 4344 3444 4412 perfectum
3481 4350 3585 4405 dun

332 4420 699 4479 oblationibus
722 4423 1044 4489 carnalibus,
1073 4425 1126 4479 in
1155 4426 1478 4482 discretione
1502 4426 1765 4494 ciborum,
1794 4428 1910 4484 die-
1932 4470 1984 4532 υ
2007 4439 2133 4479 cere
2158 4426 2413 4495 potuerit,
2440 4426 2656 4482 exclusa
2685 4437 2785 4493 est,
2832 4431 2935 4485 ista
2966 4447 3122 4496 vero,
3157 4450 3316 4505 quam
3344 4440 3584 4509 pontifex

334 4527 489 4578 tam,
519 4519 839 4582 temporum,
867 4516 1031 4570 etiam
1050 4524 1107 4571 ει
1132 4519 1185 4571 in
1209 4519 1579 4585 retributione,
1601 4521 1796 4592 quibus
1814 4523 1908 4577 be—
1932 4516 1980 4532 v
2008 4529 2233 4585 magnus
2261 4516 2459 4579 attulit,
2486 4516 2649 4580 valet,
2682 4525 2739 4573 et
2764 4518 2921 4575 fortis
2943 4530 3046 4587 est,
3075 4533 3131 4580 et
3160 4537 3361 4583 manet.
3389 4529 3582 4589 Osten-

328 4600 729 4678 vnefacientibus
749 4611 802 4659 et
821 4604 996 4675 legem
1016 4609 1443 4666 custodientibus
1461 4627 1565 4681 pax
1579 4613 1909 4668 etsecuritas

2014 4603 2085 4658 dit
2122 4612 2302 4658 autem
2351 4606 2455 4661 hoc
2496 4620 2564 4660 ex
2596 4608 2870 4677 pontifice.
2915 4610 3236 4679 Quomodo?
3272 4618 3407 4687 Quia
3442 4639 3581 4681 unus

314 4695 750 4765 ﬂammei-itas
775 4704 831 4752 ει
856 4697 1072 4770 frugum
1099 4702 1427 4758 abundantia
1464 4706 1693 4777 θιηδηί
1719 4715 1908 4776 pote".
2004 4701 2106 4748 est.
2155 4694 2272 4750 Non
2307 4695 2450 4750 enim
2494 4712 2636 4753 unus
2678 4707 2861 4765 esset,
2908 4703 3009 4758 nisi
3049 4717 3194 4762 esset
3240 4709 3577 4772 immortalis.

330 4785 714 4876 ﬂiam-omissa
749 4793 856 4851 est,
896 4802 1018 4857 qua:
1046 4791 1227 4845 omnia
1270 4801 1443 4847 mone
1469 4791 1701 4850 ﬁnienda
1728 4804 1903 4850 erant,
2004 4786 2157 4842 Sicut
2192 4788 2340 4842 enim
2379 4788 2533 4847 multi
2577 4791 2885 4848 sacerdotes
2931 4795 2983 4849 in
3028 4796 3145 4869 lege
3182 4798 3421 4870 fuerunt,
3452 4808 3577 4876 quia

309 4891 318 4898 .
465 4891 582 4973 mn-
603 4876 1059 4973 im-sacgrgggum
1076 4879 1462 4973 Chrisjjtquod
1485 4886 1779 4941 secundum
1800 4887 1909 4941 γει-
2003 4879 2258 4936 mortales
2289 4878 2536 4969 fuerunt,
2582 4883 2661 4940 sic
2687 4900 2825 4941 unus
2842 4927 2857 4952 ,
2896 4889 3022 4959 quia
3066 4890 3386 4952 immortalis
3408 4872 3579 4973 usque

318 4968 504 5056 ﬁdem
531 4965 656 5056 Ῐὶιε
681 4966 982 5029 insalubilis
1006 4977 1109 5025 est.
1142 4987 1164 5020 ς
1207 4969 1339 5037 Quis
1380 4980 1463 5029 est
1505 4974 1610 5030 istc
1649 4977 1900 5032 sacerdos
2012 4971 2116 5025 hic.
2150 4970 2252 5039 Qui
2297 4965 2348 5026 in
2392 4981 2598 5028 tantum
2634 4975 2874 5033 melioris
2904 4983 3212 5038 testamenti
3249 4999 3475 5056 Sponsor
3491 4965 3579 5050 ia-

525 5055 877 5156 Dianam-031.;
1184 5060 1593 5130 Melchisedech,
1615 5066 1785 5138 688
1810 5070 1904 5131 sed
2008 5071 2127 5118 ctus
2151 5072 2258 5128 est,
2289 5066 2581 5120 secundum
2602 5069 2749 5136 quod
2763 5068 3002 5138 juratum
3028 5082 3111 5129 est
3140 5075 3205 5130 de
3317 5120 3332 5145 ,
3363 5096 3578 5156 semper
3684 5088 3691 5093 ’

332 5143 626 5217 “Sinnius
655 5148 743 5209 ille
758 5150 1158 5211 Helchisedech
1182 5161 1371 5224 typum
1407 5156 1646 5225 gerebat.
1678 5156 1755 5213 De
1797 5174 1904 5228 quo
2006 5165 2131 5209 eum
2158 5166 2279 5208 esse
2308 5168 2649 5212 mansurum.

1184 5252 1444 5353 ιθθιδιξΐξ
1473 5244 1558 5353 Ia
1659 5249 1901 5353 επιζτξω
2077 5260 2238 5353 Vens.
2267 5259 2356 5318 25.
2386 5295 2456 5305 -—
2485 5263 2634 5321 Unde
2659 5279 2710 5323 et
2743 5270 2947 5327 salvere
2984 5273 3040 5329 in
3063 5236 3370 5349 perpetuum
3410 5292 3577 5353 potest

1789 5337 1903 5394 Hoc
2007 5350 2306 5408 accedentes
2326 5370 2420 5425 per
2442 5358 2771 5429 semetipsum
2799 5362 2868 5416 ad
2890 5329 3086 5432 Deum:

333 5418 1565 5533 ῗῗ;¹1⁴ἶ⁸ῗ,ἱ⁴ῗῗῖἶ⁰ἲῗ¹ἔῗςέῗὲἲ¹ἶῗῗυθωδοιῗθυεν
1595 5432 1689 5489 ⁸θά
1712 5445 1905 5533 ⁸Ρ⁰¹¹¹²·
2002 5418 2436 5533 incedentium
2466 5463 2561 5515 ρνο
2729 5418 2958 5510 Intueris
2986 5418 3324 5526 ςυὲῐᾶεἶέο
3349 5418 3575 5533 si";

333 5509 780 5612 flammasin
805 5512 1102 5612 insolubilis
1124 5517 1292 5612 vita};
1331 5539 1351 5571 ι
1388 5523 1556 5612 sitam
1580 5539 1708 5580 vero
1735 5526 1789 5579 in
1819 5539 1904 5582 se-
2003 5509 2236 5586 cundum
2276 5509 2493 5589 carnem
2530 5544 2614 5592 est
2641 5538 2746 5597 ista
2792 5509 2948 5598 dicit.
2989 5509 3220 5611 Quand;
3247 5509 3577 5611 gignat

701 5599 1326 5707 insolubilemqnamvis
1345 5610 1642 5707 aii-tempus
1660 5623 1904 5707 mortuus
2001 5619 2237 5691 pontifex
2280 5630 2384 5687 est,
2423 5632 2552 5681 tunc
2594 5627 2758 5684 etiam
2794 5598 3139 5703 interpellat;
3149 5598 3205 5688 ἶ
3233 5598 3572 5707 cinea-

334 5696 480 5743 esset
504 5704 706 5843 carne
747 5698 927 5749 tamen
1071 5702 1329 5751 internum
1374 5698 1649 5759 divinitate
1675 5706 1806 5760 vivit
1848 5717 1902 5762 et
2005 5720 2192 5766 natura
2229 5728 2331 5784 qua
2359 5715 2597 5785 pontifex
2626 5725 2745 5789 cst,
2792 5693 3572 5797 interpellat'pro-suislbuis

708 5803 925 5846 Ατηοι.
1023 5830 1040 5847 .
3063 5818 3129 5847 ’³-⁷-

708 5803 925 5846 nam.
975 5803 1040 5848 (ᾳ.
2608 5860 2647 5877 ,η
3060 5818 3136 5877 3ιὶ

2608 5860 2671 5879 Ὧι,
