4010 6182
447 293 576 350 i337

450 492 594 548 illius
619 488 944 558 conjunctio,
970 500 1126 554 quam
1150 495 1373 556 paterno
1396 485 1528 539 solio
1550 486 1786 550 advexit,
1815 499 2029 555 semper

451 582 604 635 vivus
627 588 683 633 et
711 579 776 632 ad
817 575 1126 631 salvandum
1167 575 1409 630 idoneus.
1441 575 1545 628 Alii
1570 591 1699 630 vero
1727 574 2028 644 pontifices,

451 675 576 748 quia
603 688 815 743 semper
841 689 947 727 non
973 679 1150 736 erant,
1190 686 1405 742 semper
1447 688 1550 724 non
1595 670 2027 740 interpellabant.

451 763 570 821 Non
611 761 782 818 solum
829 761 883 815 in
929 761 1030 814 hac
1057 761 1165 813 vita
1202 759 1372 814 salvat
1409 775 1506 827 per
1547 758 2030 828 interpellationem

451 853 802 913 humanitatis
837 868 948 907 suae
971 893 985 917 ,
1025 851 1117 905 sed
1166 851 1326 905 etiam
1362 851 1412 905 in
1461 850 1700 904 futurum
1731 850 1994 920 gloriﬁcat
2016 891 2031 916 ,

454 947 581 1002 dum
615 943 793 1000 tradet
831 957 1052 1014 regnum
1091 942 1200 995 Deo
1238 941 1426 1004 Patri,
1456 948 1511 995 et
1537 941 1795 1014 perducet
1820 949 2035 996 sanctos

454 1037 524 1095 ad
567 1037 827 1092 visionem
869 1044 1105 1106 paterna:
1141 1031 1456 1101 majestatis.
1491 1032 1676 1103 (Vsus.
1727 1031 1841 1102 26.)
1892 1030 2033 1084 Talis

452 1127 591 1183 enim
613 1125 846 1188 decebat,
874 1133 930 1177 ut
962 1123 1106 1176 nobis
1140 1131 1270 1176 esset
1305 1121 1558 1191 pontifex,
1591 1129 1804 1174 sanctus
1829 1160 1842 1182 ,
1880 1120 2033 1172 inno-

455 1235 600 1284 cens,
632 1216 955 1287 impollutus,
986 1225 1282 1284 segregatus
1309 1230 1339 1264 a
1363 1211 1740 1282 peccatoribus,
1779 1221 1825 1262 et
1864 1208 2035 1262 excel-

454 1306 568 1364 sior
590 1307 728 1361 caelis
773 1307 963 1375 factus.
1001 1303 1146 1358 Talis
1172 1304 1335 1356 etiam
1368 1301 1472 1355 illis
1499 1301 1681 1355 decuit
1716 1314 1835 1355 esse
1861 1299 2036 1369 ponti-

460 1399 570 1462 fex,
603 1397 669 1453 de
697 1397 890 1466 quibus
921 1396 1033 1465 ipse
1067 1395 1182 1447 ait:
1225 1393 1348 1446 Jam
1390 1409 1492 1446 non
1535 1391 1706 1462 dicam
1743 1407 1829 1444 vos
1863 1405 2036 1443 servos

458 1493 549 1548 sed
573 1493 802 1555 amicos,
847 1491 971 1560 quia
1016 1488 1190 1542 omnia
1217 1504 1537 1559 quaecunque
1577 1487 1754 1540 audivi
1799 1503 1830 1539 a
1877 1483 2039 1538 Patre

452 1595 595 1649 tneo,
631 1593 752 1638 nota
784 1581 881 1650 feci
913 1581 1053 1634 vobis
1077 1580 1272 1652 .(Joan.
1325 1595 1413 1644 xv,
1464 1577 1573 1648 l5).
1607 1577 1867 1632 Videlicet
1896 1576 2040 1630 servi

457 1672 677 1745 legales,
725 1670 1004 1744 pontifices
1049 1669 1353 1724 habuerunt
1388 1667 1663 1732 mortales,
1701 1676 2036 1737 peccatores,

1325 289 1380 340 ll.
1424 288 1480 339 l".
1525 283 1746 339 ALBINI
1790 282 1918 337 SEC-
1946 282 2228 336 «ΑΙᾸΣΕΙΝΙ
2281 280 2564 338 οΡΕιιυΜ
2604 278 2778 334 PARS
2817 277 2877 331 ll.

447 414 531 459 est
574 403 666 472 qui
715 398 1009 467 interpellat
1032 439 1044 460 ,
1099 396 1201 449 nisi
1246 398 1490 450 humana:
1523 406 1728 450 natura:
1759 393 2023 449 divinitati
2055 397 2101 456 Α
2129 405 2355 448 cuntur:
2401 393 2576 449 Talem
2602 394 2850 447 habemus
2880 391 3195 462 ponti/irem,

3574 277 3702 333 ωδε

3313 389 3406 457 qui
3495 390 3629 446 sedet
3657 393 3711 444 in

2133 487 2346 541 dextera
2373 487 2508 541 sedis
2538 483 2913 556 magnitudinis
2938 483 2988 534 in
3020 480 3161 535 ca'lis
3179 522 3194 545 ,
3219 490 3521 535 sanctorum
3563 481 3713 535 mini-

2131 588 2239 632 ster
2264 589 2312 632 et
2339 576 2663 631 tabernaculi
2686 576 2812 639 reri,
2843 572 2981 643 quod
3006 571 3124 641 ﬁxit
3151 570 3317 635 Deus,
3338 582 3386 625 et
3414 589 3515 625 non
3540 571 3715 625 homo.

2134 669 2287 736 Quod
2313 669 2494 738 itaque
2519 667 2624 721 ait:
2657 662 2958 735 Capitulum
2981 663 3033 717 in
3054 663 3134 716 his
3154 678 3271 733 quae
3295 661 3436 716 dicta
3467 672 3603 725 sunt,
3634 662 3714 715 si-

2133 761 2353 832 gniﬁcat
2384 759 2586 828 aliquid
2611 771 2881 813 summum
2911 763 2964 810 et
2991 769 3248 824 magnum
3269 793 3284 818 ,
3327 754 3476 822 quasi
3503 767 3717 824 praece-

2134 851 2310 906 dentis
2336 846 2714 920 disputationis
2742 843 3138 915 recapitulatio,
3168 844 3236 897 ad
3281 858 3395 899 rem
3423 843 3590 912 ipsam
3614 843 3718 897 de-

2135 941 2338 996 ducens
2364 939 2686 994 auditorem.
2739 936 2916 990 Talem
2959 937 3230 998 habemus,
3272 935 3476 1004 inquit,
3504 935 3719 1004 pontiﬁ-

2135 1049 2264 1095 cem,
2312 1032 2402 1102 qui
2437 1031 2576 1085 sedet
2604 1030 2672 1083 ad
2705 1030 2971 1083 dexteram
3006 1027 3337 1099 majestatis;
3378 1027 3598 1082 humilia
3624 1042 3720 1082 ex—

2137 1122 2315 1188 celsis,
2349 1123 2581 1176 humana
2609 1121 2801 1175 divinis
2827 1120 3216 1180 commiseens,
3262 1119 3508 1173 eumdem
3553 1118 3721 1172 Deum

2137 1212 2444 1276 ostendens,
2482 1227 2642 1282 quem
2673 1219 2727 1266 et
2751 1209 3098 1281 pontificem;
3142 1224 3240 1264 nec
3277 1209 3439 1263 alium
3483 1223 3603 1263 esse
3626 1209 3722 1278 qui

2138 1305 2292 1360 sedet
2333 1305 2400 1358 ad
2444 1305 2722 1359 dexteram
2758 1303 2874 1369 Dei,
2924 1303 3027 1357 nisi
3073 1319 3195 1357 eum
3233 1302 3323 1372 qui
3357 1311 3443 1356 est
3489 1301 3727 1356 minister

2139 1407 2436 1452 sanctorum
2462 1407 2510 1452 et
2532 1394 2876 1460 tabernaculi,
2893 1395 3034 1467 quod
3054 1395 3171 1465 ﬁxit
3191 1394 3335 1448 Deus
3355 1404 3404 1448 et
3425 1409 3527 1447 non
3547 1393 3723 1446 homo.

2139 1487 2253 1544 Hoc
2302 1487 2709 1542 tabernaculum
2739 1488 2932 1540 anima:
2978 1495 3104 1541 sunt
3139 1494 3483 1549 sanctorum,
3529 1482 3728 1552 quibus

2141 1589 2342 1634 :eterna
2370 1579 2563 1649 gaudia
2607 1578 2900 1641 ministrat,
2929 1585 2984 1632 et
3014 1576 3258 1632 velamen
3297 1575 3420 1631 cmli
3439 1617 3452 1639 ,
3481 1574 3728 1644 pontifex

2139 1683 2390 1741 magnus.
2425 1670 2530 1735 Qui
2559 1669 2698 1723 sedet
2725 1669 2794 1722 ad
2820 1669 3087 1722 dexteram
3115 1669 3406 1738 majestatis
3434 1668 3487 1720 in
3510 1664 3732 1720 excelsis

457 1740 559 1834 pro
585 1740 888 1834 semetipsis
907 1761 1232 1826 oﬁ‘erentes;
1265 1761 1356 1814 lilii
1386 1775 1522 1814 vero-
1535 1767 1589 1814 et
1609 1759 1766 1813 amici
1793 1759 1886 1812 Dei
1906 1773 2040 1828 pon-

2145 1740 2338 1822 Patris.
2371 1765 2507 1820 Dum
2531 1765 2716 1819 audies
2746 1764 2992 1818 eumdem
3027 1764 3211 1819 sedere
3239 1780 3268 1817 a
3298 1763 3504 1818 dextris
3532 1763 3654 1828 Dei,
3676 1773 3734 1816 et

459 1855 659 1913 tiﬂeem
686 1856 886 1910 habent
912 1852 1271 1908 immortalem
1289 1893 1303 1916 ,
1341 1862 1665 1923 segregatum
1694 1869 1726 1904 a
1753 1851 2039 1922 peccatori-

461 1947 579 2012 bus,
609 1947 664 2001 id
691 1954 797 2012 est,
842 1945 1114 2016 prioribus
1144 1945 1536 2010 sacerdotibus,
1561 1943 1669 2013 'qui
1701 1952 1844 1998 esset
1887 1944 2041 1998 inno-

462 2047 593 2089 cens
617 2039 672 2090 et
696 2042 954 2098 sanctus;
1003 2051 1021 2084 ι
1057 2032 1338 2097 Innocens,
1377 2035 1501 2101 quia
1531 2033 1649 2088 sine
1685 2033 2038 2103 malignitate,

461 2126 605 2196 quod
635 2125 766 2181 dicit
793 2124 1096 2194 Propheta:
1141 2123 1251 2177 Nec
1294 2124 1446 2178 dolus
1490 2125 1723 2178 inventus
1751 2134 1827 2178 est
1863 2125 1918 2178 in
1953 2141 2042 2178 ore

461 2215 576 2284 ejus
602 2214 786 2286 (Isaia
808 2231 928 2279 mn,
957 2213 1034 2286 9).
1071 2233 1088 2266 ι
1122 2213 1370 2279 Sanctus,
1391 2214 1519 2284 quia
1551 2215 1603 2268 in
1633 2213 1780 2268 omni
1805 2215 2042 2269 bonitate

387 2349 398 2362 κ
459 2303 630 2375 689
654 2303 974 2374 praecipuus.
995 2301 1344 2374 impollutus,
1370 2303 1494 2373 quia
1534 2301 1671 2357 nihil
1706 2303 1894 2358 habuit
1918 2318 2044 2373 pec-

464 2395 592 2450 cati.
622 2393 894 2448 Excelsior
921 2393 1060 2448 caelis
1089 2393 1284 2464 factus,
1314 2393 1439 2463 quia
1465 2394 1695 2449 adorant
1713 2407 1835 2448 eum
1854 2408 2045 2449 omnes

465 2484 641 2556 angeli
665 2483 780 2538 Dei.
813 2484 996 2556 (Vens.
1024 2483 1137 2556 27.)
1172 2482 1277 2550 Qui
1301 2500 1405 2539 non
1429 2484 1581 2540 habet
1615 2484 1842 2556 quotidie
1867 2487 2045 2540 neces-

463 2577 693 2642 sitatem,
720 2574 1157 2647 quemadmodum
1184 2575 1496 2641 sacerdotes,
1523 2573 1672 2646 prius
1701 2591 1795 2646 pro
1823 2575 1932 2630 suis
1955 2575 2047 2631 de-

467 2666 606 2722 lictis
626 2666 827 2720 hostias
850 2666 1058 2736 offerre,
1086 2665 1272 2719 deinde
1295 2681 1388 2736 pro
1407 2663 1620 2736 populi:
1641 2665 1739 2719 hoc
1762 2664 1897 2719 enim
1923 2663 2046 2734 fecit

461 2755 622 2814 semet
650 2755 875 2828 seipsum
905 2755 1189 2826 oﬂ'erendo.
1241 2773 1258 2806 ε
1302 2754 1400 2809 Hic
1433 2755 1578 2810 enim
1622 2754 2046 2825 magnitudinem

2144 1857 2454 1913 ministrare
2488 1857 2713 1921 sanctis,
2748 1875 2766 1906 ‹
2813 1857 3001 1910 sedere
3026 1865 3205 1910 autem
3232 1855 3504 1926 dignitatis
3531 1854 3732 1909 divina:

2143 1958 2259 2013 est,
2298 1947 2608 2002 ministrare
2637 1963 2766 2002 vero
2798 1946 3181 2002 misericordiae
3217 1945 3396 2000 multa:
3432 1954 3484 1998 et
3526 1945 3734 2000 amoris

2145 2040 2325 2112 magni
2347 2054 2506 2110 quem
2530 2039 2684 2094 nobis
2706 2038 2985 2108 impendit.
3017 2057 3034 2089 ι
3063 2037 3308 2092 Mirabile
3332 2044 3732 2090 sacramentum

2144 2141 2227 2187 est
2251 2131 2497 2186 eumdem
2529 2131 2718 2185 sedere
2747 2130 2800 2184 in
2828 2129 3124 2184 divinitatis
3151 2129 3341 2199 gloria,
3364 2143 3521 2198 quem
3545 2142 3731 2197 perse-

2145 2231 2361 2277 cutores
2378 2221 2444 2276 in
2477 2235 2638 2276 cruce
2679 2219 2999 2290 pendentem
3028 2218 3310 2282 viderunt;
3341 2218 3393 2271 in
3431 2232 3538 2286 qua
3564 2231 3732 2270 cruce

2144 2311 2412 2382 passionis
2441 2309 2586 2365 illius
2607 2350 2621 2375 ,
2655 2307 2979 2364 ministratio
3000 2315 3087 2363 est
3113 2306 3304 2361 salutis
3341 2314 3571 2371 nostra;
3618 2305 3728 2362 hoc

2145 2401 2288 2456 enim
2315 2407 2524 2471 gestum
2557 2399 2864 2465 credimus;
2905 2399 3007 2454 hoc
3033 2398 3189 2452 nobis
3216 2397 3284 2471 ad
3311 2397 3529 2452 salutem
3553 2394 3728 2465 proﬁ-

2147 2508 2271 2550 cere
2295 2493 2561 2548 novimus.
2593 2490 2701 2548 sed
2729 2491 2858 2561 quid
2883 2490 3119 2546 carnalis
3146 2504 3300 2544 mens
3324 2489 3557 2543 humana
3582 2488 3732 2542 aesti-

2149 2583 2340 2640 met'in
2370 2597 2456 2650 eo,
2489 2583 2632 2653 quod
2661 2583 2898 2637 dicitur:
2927 2581 3127 2636 Sedere
3153 2596 3275 2635 eum
3302 2595 3333 2634 a
3362 2580 3568 2635 dextris
3595 2579 3733 2633 Dei?

2147 2673 2540 2730 Condescendit
2573 2673 2718 2729 enim
2740 2681 2926 2728 sancta
2965 2670 3241 2740 Scriptura
3278 2678 3474 2724 nostra:
3497 2667 3735 2722 inﬁrmi-

2149 2764 2269 2829 tati,
2293 2772 2598 2833 nostraeque
2625 2761 3014 2825 consuetudini,
3042 2769 3310 2832 quatenus
3351 2758 3620 2815 imbecilla
3653 2759 3735 2813 in-

463 2847 718 2906 sacriﬁcii
746 2847 1005 2912 ostendit,
1035 2847 1283 2916 quamvis
1309 2845 1438 2900 illud
1471 2861 1638 2900 unum
1664 2854 1845 2911 esset;
1886 2853 1942 2900 et
1969 2846 2047 2900 sic
2150 2863 2452 2910 strueretur
2473 2854 2810 2919 humanitas,
2835 2853 3048 2924 quando
3078 2868 3248 2922 usque
3283 2853 3350 2906 ad
3373 2851 3518 2906 illam
3547 2866 3733 2906 secre-

397 3001 402 3005 ,
467 2941 707 2999 oblatum
733 2941 929 2998 sullicit
953 2941 1008 2995 in
1047 2940 1474 3012 sempiternum;
1517 2947 1571 2992 et
1605 2944 1815 2993 tantum
1843 2953 2049 3008 praeva—

2152 2953 2261 3000 tatn
2309 2945 2536 3016 gloriam
2581 2944 2877 2999 divinitatis
2925 2941 3100 3016 [Cod.,
3137 2941 3410 3014 divinitas]
3454 2942 3735 2997 hominum

466 3031 589 3101 luit,
625 3043 888 3105 quantum
923 3040 1119 3087 caetera
1146 3031 1327 3086 omnia
1373 3046 1480 3085 non
1519 3029 1954 3100 praevaluet'unt;
1993 3039 2048 3086 et
2069 3081 2116 3110 η
2147 3051 2254 3092 non
2284 3043 2495 3106 poterat
2539 3035 2840 3105 pervenire.
2882 3035 3052 3106 Igitur
3089 3035 3278 3090 victori
3323 3034 3494 3098 Filio,
3537 3043 3592 3088 et
3636 3047 3736 3104 per

407 3158 412 3161 -
468 3125 613 3198 quod
632 3123 914 3190 oderebat,
933 3139 1038 3178 non
1055 3139 1156 3193 pro
1175 3138 1233 3178 se
1251 3121 1532 3186 offerebat,
1549 3121 1642 3178 sed
1662 3137 1760 3192 pro
1780 3122 1995 3193 populo.
2017 3142 2038 3176 ι

447 3216 584 3274 Nec
605 3217 750 3274 enim
785 3217 888 3272 hoc
915 3230 1015 3286 pro
1037 3215 1235 3285 populo
1260 3215 1500 3285 quotidie
1532 3214 1862 3270 oﬂ‘erendum
1888 3225 2043 3281 erat;

469 3310 566 3368 sed
591 3318 755 3366 tanta:
776 3309 1078 3365 sanctitatis
1105 3317 1162 3362 et
1190 3309 1412 3362 honoris
1446 3309 1585 3378 apud
1615 3307 1782 3362 Deum
1818 3308 1919 3362 fuit
1945 3309 2048 3364 hoc

472 3402 822 3467 sacriﬁcium,
850 3408 908 3454 ut
936 3399 1102 3456 semel
1129 3399 1367 3454 oblatum
1396 3399 1450 3453 in
1479 3409 1737 3454 aiternum
1761 3400 2052 3470 profuisset

473 3494 675 3567 popqu
698 3492 815 3548 Dei.

545 3586 706 3640 Vens.
743 3583 832 3639 28.
856 3612 930 3621 —
956 3581 1064 3637 Lex
1087 3584 1224 3637 enim
1253 3582 1488 3637 homines
1513 3583 1776 3637 constituit
1807 3583 2050 3637 sacerdo-

2149 3137 2390 3185 sanctam
2418 3128 2840 3184 incarnationem
2887 3128 3052 3182 totius
3086 3126 3269 3181 mundi
3313 3126 3730 3197 triumphaturi,

2146 3229 2269 3290 post
2296 3219 2704 3274 resurrectionis
2731 3218 2956 3290 gloriam
2986 3218 3317 3273 honorabilis
3343 3232 3632 3272 consessus
3652 3216 3734 3271 oli-

2147 3311 2342 3374 fertur,
2372 3318 2432 3362 ut
2457 3322 2555 3380 per
2581 3309 2726 3364 hunc
2755 3309 2915 3363 situm
2955 3316 3216 3378 susceptae
3236 3307 3590 3363 humanitatis
3611 3305 3728 3379 glo-

2147 3403 2228 3457 ria
2260 3401 2565 3456 declaretur
2589 3418 2600 3454 :
2637 3416 2760 3455 nam
2788 3400 2891 3454 hoc
2915 3399 3081 3455 verbo
3107 3400 3304 3464 sedere,
3335 3399 3463 3454 illud
3488 3397 3730 3469 designa-

2137 3505 2258 3560 tur,
2285 3503 2344 3549 ut
2371 3502 2534 3564 caput
2560 3505 2802 3548 nostrum
2829 3491 3075 3547 Christus
3095 3493 3161 3546 ad
3187 3491 3365 3546 Patris
3386 3503 3733 3562 cognoscere-

2150 3598 2238 3641 tur
2285 3587 2561 3641 dexteram
2612 3583 2962 3650 collocatum,
3000 3583 3052 3638 id
3085 3591 3204 3648 est,
3239 3582 3435 3636 divinze
3481 3581 3733 3650 majesta-

479 3689 553 3734 tes
579 3679 937 3748 inﬁmitatem
980 3678 1257 3743 habentes;
1295 3686 1583 3750 propterea
1610 3694 1708 3747 pro
1747 3694 1807 3734 se
1831 3679 1972 3734 sicut
1997 3685 2054 3733 et
2152 3679 2222 3733 tis
2255 3669 2635 3732 sublimitatem
2655 3717 2669 3740 ,
2719 3676 2771 3730 in
2820 3692 2926 3745 qua
2963 3683 3116 3746 parte
3143 3675 3374 3745 ponendi
3406 3682 3551 3738 sunt,
3577 3673 3670 3744 qui
3699 3687 3730 3726 a

475 3783 575 3838 pro
593 3769 790 3838 populo
815 3783 1029 3837 semper
1055 3766 1369 3823 otl‘erebant.
1401 3769 1504 3824 Iste
1534 3777 1711 3824 autem
1734 3777 1840 3823 tam
1861 3777 2053 3838 potens
2139 3767 2392 3838 .perlldis,
2440 3764 2678 3834 eiusdem
2727 3765 3022 3823 Salvatoris
3070 3781 3320 3830 munere,
3359 3771 3725 3836 segregantur.

471 3865 579 3923 est,
609 3865 668 3913 ut
694 3857 859 3913 semel
879 3857 1093 3913 oblatus
1117 3874 1228 3915 suae
1249 3861 1430 3916 carnis
1449 3861 1734 3926 sacriﬁcio,
1765 3861 1897 3915 nihil
1918 3875 2054 3931 opus
2087 3846 2093 3852 ’
2155 3860 2341 3928 (Vens.
2373 3857 2452 3928 ὅ.)
2486 3857 2668 3912 Omnis
2699 3859 2836 3912 enim
2859 3857 3092 3928 pontifex
3116 3858 3186 3913 ad
3211 3858 3466 3928 oﬂ'erenda
3501 3875 3725 3915 munera

472 3957 595 4007 erat
613 3949 862 4020 cuiquam
887 3951 1219 4006 credentium
1254 3952 1374 4023 plus
1401 3951 1597 4007 ollerre
1631 3966 1730 4020 pro
1763 3967 1847 4006 eo.
1872 3951 2052 4006 Sermo
2152 3961 2200 4004 et
2228 3951 2425 4004 hostias
2460 3949 2791 4007 constituitur
2813 3964 2831 4001 :
2871 3949 3006 4004 unde
3042 3967 3244 4004 necesse
3289 3961 3358 4004 est
3392 3960 3438 4004 et
3466 3950 3600 4004 hunc
3627 3949 3732 4006 ltu-

475 4050 652 4096 autcm
674 4039 1064 4110 jurisjurandi,
1103 4043 1194 4112 qui
1239 4051 1352 4112 post
1394 4041 1556 4113 legem
1602 4051 1708 4107 est,
1756 4040 1956 4094 Filium
1998 4041 2054 4094 in
2156 4044 2273 4098 bere
2301 4043 2498 4114 aliquid
2535 4044 2674 4114 quod
2699 4045 2907 4112 offerat.
2943 4043 3231 4099 Pontiﬁces
3263 4059 3394 4098 vero
3423 4045 3623 4099 veteris
3645 4044 3732 4099 in-

476 4139 727 4186 cternum
747 4130 1051 4200 perfectum.
1083 4130 1180 4187 Hic
1217 4132 1381 4186 etiam
1406 4131 1527 4186 Filii
1552 4147 1749 4188 nomen
1774 4133 1842 4188 ad
1867 4133 2055 4188 distin—
2156 4136 2440 4190 strumenti
2471 4137 2598 4189 stati
2627 4145 2751 4190 sunt
2790 4135 2979 4205 legalia
3011 4134 3207 4190 oﬂ’erre
3235 4150 3482 4198 munera,
3525 4135 3731 4190 hostias

475 4222 710 4277 stionem
737 4234 1036 4283 servorum,
1064 4221 1157 4288 qui
1187 4219 1405 4275 fuerunt
1433 4221 1486 4274 in
1517 4221 1651 4292 lege,
1681 4221 1912 4291 positum
1939 4233 2052 4288 est;
2157 4244 2255 4298 pro
2285 4228 2415 4290 suis,
2448 4227 2587 4282 sicut
2624 4228 2871 4296 superius
2903 4229 3073 4293 dixit,
3105 4227 3185 4281 vel
3214 4229 3378 4282 etiam
3422 4242 3524 4297 pro
3555 4225 3729 4297 populi

475 4312 602 4384 quia
627 4310 768 4366 servi
800 4309 997 4364 inﬁrmi
1025 4308 1274 4364 fuerunt:
1301 4311 1414 4364 sive
1433 4312 1558 4380 quia
1583 4319 1914 4380 peccatores,
1943 4311 2056 4366 sive
2157 4318 2412 4388 peccatis.
2448 4317 2598 4373 Unde
2636 4333 2857 4373 necesse
2896 4327 2978 4373 ρει
3017 4317 3348 4373 salvatorem
3391 4326 3635 4372 nostrum
3677 4316 3733 4370 in

477 4402 603 4472 quia
631 4401 886 4456 mortales
912 4408 1085 4455 erant.
1117 4400 1186 4454 Et
1217 4400 1360 4456 hunc
1397 4401 1590 4455 Filium
1615 4401 1910 4471 perfectum
1935 4417 2054 4458 esse
2088 4433 2134 4492 υ
2159 4409 2347 4463 diebus
2372 4407 2551 4462 carnis
2578 4423 2688 4464 suae
2713 4407 2914 4478 aliquid
2953 4410 3150 4463 habere
3189 4408 3252 4463 ad
3273 4407 3608 4462 oﬂ'erendum
3634 4421 3735 4475 pro

481 4495 837 4556 demonstrat,
871 4493 995 4562 quia
1034 4508 1246 4564 semper
1285 4493 1432 4558 vivit,
1466 4501 1521 4548 et
1546 4509 1760 4565 semper
1787 4495 1902 4551 sine
1927 4511 2054 4566 pec-
2157 4499 2350 4555 nobis:
2399 4499 2526 4553 dum
2566 4498 2622 4552 in
2669 4500 2994 4568 sempiterna
3045 4498 3338 4554 divinitatis
3383 4513 3494 4553 sua:
3535 4505 3729 4552 natura

478 4593 604 4640 cato
629 4591 731 4639 est.
764 4582 1064 4653 Utrumque
1084 4583 1356 4654 apostolus
1384 4585 1478 4648 ait,
1509 4593 1566 4638 et
1603 4585 1830 4640 mirillce
1863 4601 2053 4640 conso-
2156 4612 2261 4651 non
2303 4595 2489 4650 habuit
2519 4595 2664 4664 quod
2699 4593 2950 4659 oﬂ‘erret,
2988 4594 3217 4664 sumpsit
3254 4609 3322 4648 ex
3370 4594 3528 4648 nobis
3567 4591 3735 4664 ω

477 4671 619 4727 latur
646 4671 946 4737 audientes,
969 4680 1025 4726 et
1050 4673 1332 4727 minaciter
1353 4682 1524 4728 terret
1543 4673 1899 4745 negligentes:
1931 4680 2057 4730 co‘n-
2155 4688 2302 4756 quod
2327 4701 2428 4755 pro
2454 4685 2610 4740 nobis
2633 4684 2827 4741 offerre
2854 4686 3134 4756 potuisset,
3173 4685 3224 4740 id
3253 4694 3358 4751 est,
3381 4699 3602 4741 carnem
3628 4685 3736 4739 hu-

483 4762 691 4819 solatur
719 4763 774 4817 in
802 4776 891 4828 eo,
919 4763 1056 4832 quia.
1071 4762 1146 4816 ait
1173 4763 1550 4818 :Sacerdotem
1577 4764 1686 4835 [Ita
1715 4765 2056 4831 cod.,corru-
2159 4792 2393 4832 umnam,
2438 4775 2576 4842 Quid
2619 4784 2730 4832 iam
2775 4785 2958 4847 aptum
3005 4777 3357 4832 immotam)“;
3399 4792 3563 4848 quam
3603 4790 3737 4831 οπο

480 4849 587 4926 pte]
623 4853 804 4926 magni
836 4853 1043 4924 potenti
1082 4853 1348 4909 sacriﬁcio
1383 4854 1672 4925 proximati
1697 4865 1841 4911 sunt.
1871 4856 2058 4912 Terret
2158 4866 2402 4923 mortalis
2431 4882 2526 4936 pro
2553 4867 2908 4923 mortalibus?
2948 4868 3014 4923 Et
3039 4868 3166 4938 quid
3195 4877 3304 4922 tam
3342 4868 3593 4923 mundum
3627 4880 3739 4936 pro

481 4947 534 5000 in
561 4959 649 5012 eo,
673 4959 744 4999 ne
767 4953 1031 5015 peccent;
1072 4945 1197 5014 quia
1242 4945 1372 5000 illud
1410 4943 1736 5001 sacrificium
1783 4961 2058 5015 nunquam

477 5051 578 5107 pro
598 5036 839 5108 peccatis
865 5037 1060 5091 iterum
1083 5035 1320 5092 oblatum
1346 5039 1470 5092 erit.
1506 5056 1524 5088 ι
1560 5037 1676 5091 Non
1699 5046 1784 5092 est
1807 5037 1950 5092 aliud
1972 5055 2059 5094 sa-

481 5123 744 5180 criﬁcium
773 5140 788 5192 ;
828 5139 993 5180 unum
1019 5141 1150 5181 vero
1188 5141 1288 5181 nos
1318 5128 1606 5197 purgavit;
1647 5138 1767 5198 post
1792 5130 1894 5185 hoc
1917 5130 2059 5202 judi-

481 5221 625 5276 cium
659 5220 780 5276 erit.
810 5218 1082 5291 Quotquot
1125 5222 1386 5292 redempti
1427 5239 1634 5290 sumus,
1661 5225 1764 5282 isto
1796 5228 2060 5284 sacriﬁcio

481 5325 896 5380 permaneamus
923 5309 1332 5386 [custodientes]
1367 5315 1782 5386 generositatem
1820 5329 2058 5376 nostram

482 5409 533 5452 et
562 5401 842 5456 honorem.
882 5422 900 5454 ι
1557 5433 1562 5438 -

1067 5534 1295 5592 CAPUT
1337 5535 1463 5592 V’lll.

561 5663 714 5740 Vens.
757 5665 797 5724 Ι,
829 5667 881 5719 2.
910 5695 979 5705 --~
1003 5665 1297 5738 Capit-tilum
1339 5680 1509 5724 autem
1551 5687 1707 5742 super
1738 5690 1798 5727 ea
1836 5691 1950 5744 qnw
1979 5675 2059 5728 di-

2156 4959 2480 5014 mundandis
2502 4959 2648 5015 vitiis
2692 4960 3012 5016 mortalibus
3039 4976 3200 5030 quam
3244 4960 3364 5016 sine
3394 4959 3501 5015 ulla
3541 4965 3735 5014 conta-

2157 5050 2314 5119 gione
2341 5050 2574 5105 carnalis
2593 5051 3040 5120 concupiscentiae
3074 5065 3207 5106 caro
3235 5059 3360 5105 nata
3384 5051 3438 5104 in
3461 5057 3640 5117 utero,
3664 5061 3738 5102 ex

2158 5150 2314 5196 utero
2337 5140 2624 5210 virginali?
2659 5141 2725 5196 Et
2744 5141 2872 5211 quid
2907 5151 3016 5196 tam
3045 5151 3198 5213 grate
3234 5140 3418 5197 oﬂ'erri
3449 5150 3510 5196 et
3535 5141 3739 5210 suscipi

2157 5231 2328 5301 possit
2368 5246 2530 5301 quam
2560 5220 2688 5287 caro
2717 5231 2971 5288 sacriﬁcii
3013 5235 3220 5299 matri,
3255 5247 3456 5302 corpus
3483 5231 3741 5288 enectum

2160 5319 2314 5395 (Cod.
2341 5364 2357 5389 ,
2393 5320 2668 5395 allectum]
2714 5323 3016 5381 sacerdotis
3061 5326 3278 5381 nostri?
3314 5325 3383 5380 Et
3425 5322 3698 5395 quomodo
3718 5325 3743 5377 τ

2161 5413 2404 5479 Quatuor
2429 5415 2841 5498 considit-antur
2867 5415 2924 5470 in
2962 5417 3111 5473 omni
3141 5415 3446 5472 sacriﬁcio:
3488 5414 3580 5470 cui
3605 5411 3744 5471 ob

2161 5515 2332 5571 ratur,
2368 5521 2398 5560 a
2427 5521 2535 5575 quo
2575 5505 2863 5571 oll'eratur,
2905 5507 3038 5578 quid
3067 5507 3361 5573 oﬂ‘eratur,
3404 5522 3508 5578 pro
3543 5507 3746 5577 quibus

2157 5594 2435 5650 oﬂ‘eratur.
2463 5597 2604 5668 Ergo
2646 5613 2747 5652 nec
2771 5598 2931 5652 alicui
2961 5597 3282 5653 sacriﬁcium
3327 5599 3587 5662 debetur,
3637 5595 3746 5651 nisi

2158 5683 2254 5739 soli
2284 5700 2408 5742 vero
2437 5687 2562 5741 Deo.
2592 5686 2823 5742 Proinde
2853 5687 3090 5758 pontifex
3118 5697 3302 5743 noster
3321 5703 3420 5760 pro
3449 5687 3631 5752 nobis,
3654 5699 3747 5740 so-
