4002 6186
425 309 556 366 Ιυΰξ)

1125 321 1530 379 EXEGETICA.
1571 357 1641 366 —-
1678 324 1919 382 EXPOS.
1960 327 2025 381 ΙΝ
2067 327 2280 383 EPIST.
2321 328 2378 383 S.
2421 328 2621 386 PAULI
2658 333 2749 385 AD
2786 329 2984 389 llEBll.

3500 305 3658 397 ’ίοτο

421 425 701 494 metipsum
733 425 1011 495 oﬁ‘erebat,
1041 431 1185 486 idem
1248 436 1499 490 sacerdos
1555 446 1608 492 et
1637 439 1980 494 sacriﬁcium.
2013 443 2062 500 Α
2089 451 2244 508 aptus
2268 442 2485 496 secundi
2510 445 2815 498 testamenti
2843 461 2855 508 ;
2896 445 3033 499 sicut
3069 461 3164 515 per
3183 447 3503 518 Prophetam
3531 453 3660 509 dicit

490 513 650 570 Vsus.
677 516 732 581 4,
759 517 812 571 5.
836 549 901 557 —
937 517 996 573 Si
1020 537 1139 590 ergo
1160 533 1288 576 esset
1325 541 1480 594 super
1506 535 1721 592 terram,
1753 545 1843 582 nec
1870 545 1992 599 ergo

418 616 547 662 esset
574 609 850 664 sacerdos:
880 627 998 664 cum
1024 621 1192 666 essent
1220 614 1310 685 qui
1338 616 1583 685 offerrent
1609 619 1892 673 secundum
1919 619 1993 673 le-

416 713 530 767 gem
559 714 795 765 munera,
817 701 906 771 qui
927 702 1212 773 exemplari
1235 714 1285 758 et
1311 705 1508 760 umbra:
1533 708 1824 764 deserviunt
1846 710 1994 765 coele—

417 792 596 844 stium.
627 790 684 846 Si
718 793 880 864 igitur
909 804 1052 850 esset
1074 804 1320 852 terrenus
1343 799 1606 868 pontifex,
1630 802 1770 856 sicut
1787 802 1990 870 Aaron,

418 895 526 934 non
570 891 716 935 esset
757 883 940 951 utique
989 885 1068 941 sic
1116 888 1369 942 sacerdos
1409 891 1701 945 secundum
1746 891 1991 948 ordinem

419 965 809 1025 Melchisedech
827 971 881 1025 in
906 981 1186 1029 :eternum.
1209 974 1390 1032 Aaron
1409 979 1604 1048 quippe
1623 991 1866 1036 mortuus
1886 991 1990 1047 est,

415 1068 470 1114 et
491 1074 602 1114 non
629 1070 710 1115 est
733 1063 1014 1120 sacerdos:
1037 1064 1288 1125 Christus
1310 1084 1440 1127 vero
1460 1071 1586 1141 quia
1609 1073 1743 1128 vivit
1761 1074 1815 1128 in
1841 1083 1991 1130 teter-

415 1165 566 1216 num,
600 1153 852 1208 sacerdos
888 1163 971 1210 est
991 1158 1390 1228 sempiternus:
1430 1178 1537 1217 non
1564 1164 1686 1219 talis
1709 1165 1894 1235 quales
1914 1165 1990 1220 illi

415 1237 634 1295 fuerunt
660 1242 752 1312 qui
775 1245 1061 1316 exemplari
1085 1257 1134 1302 et
1155 1251 1350 1306 umbra:
1378 1253 1668 1308 deserviunt
1689 1256 1987 1311 ctelestium.

414 1328 614 1386 Omnes
642 1347 772 1387 vero
807 1336 1114 1392 sacerdotes
1144 1339 1198 1392 in
1226 1339 1344 1411 lege
1373 1337 1650 1398 constituti
1687 1346 1992 1415 exemplare

413 1430 468 1475 et
496 1421 782 1478 umbratile
809 1425 1169 1492 sacerdotium
1196 1431 1454 1499 gerebant
1473 1433 1795 1497 cmlestium,
1814 1434 1866 1489 id
1887 1443 1989 1502 est,

413 1512 757 1581 spiritalium,
790 1515 1154 1585 signiﬁcantes
1181 1535 1369 1576 verum
1397 1531 1452 1578 et
1483 1526 1865 1595 sempiternum
1899 1543 1989 1583 sa-

412 1603 712 1657 cerdotium
743 1599 975 1660 Christi.
1024 1608 1211 1665 Nonne
1247 1612 1414 1668 altare
1445 1613 1634 1686 [Cod.,
1675 1619 1878 1689 altera]
1908 1629 1994 1676 est

412 1691 632 1749 caeleste
661 1693 792 1750 ﬁdes
833 1705 1042 1763 nostra,
1083 1699 1135 1752 in
1167 1717 1274 1772 quo
1297 1703 1576 1761 offerimus
1604 1709 1842 1777 quotidie
1869 1725 1990 1764 ora-

2096 525 2390 584 Dominus:
2430 529 2567 586 Ecce
2593 533 2703 585 dies
2725 534 2946 598 venient,
2976 535 3098 589 dicit
3135 534 3410 602 Dominus,
3450 550 3500 592 et
3535 559 3659 596 con-

2092 619 2362 672 sumntabo
2383 637 2538 692 super
2561 621 2774 677 domum
2803 623 2971 678 Israel
3011 636 3060 679 et
3103 643 3258 696 super
3284 629 3494 684 domum
3519 633 3664 688 Iuda

2093 717 2458 764 testamentum
2501 729 2689 766 novum
2733 714 2864 785 (Ier.
2910 733 3060 783 xxxi,
3102 718 3212 791 55).
3251 717 3435 790 (Vsus.
3475 722 3550 796 9.)
3594 725 3662 784 Et

2093 815 2196 852 non
2230 802 2516 855 secundum
2545 813 2904 859 testamentum
2935 808 3073 877 quod
3107 809 3206 878 feci
3230 811 3465 880 patribus
3488 831 3662 869 eorum

2091 887 2146 941 in
2173 889 2279 955 die,
2325 908 2430 960 qua
2457 895 2770 962 apprehendi
2799 913 3012 950 manum
3059 916 3236 953 eorum
3255 941 3271 966 ,
3311 910 3367 955 ut
3395 903 3664 962 educerem

2090 994 2176 1031 eos
2199 977 2264 1032 de
2283 989 2423 1034 terra
2449 979 2670 1054 Egypti
2684 1025 2698 1048 ,
2734 988 2982 1055 quoniam
3007 989 3108 1057 ipsi
3140 1008 3243 1045 non
3271 1007 3669 1060 permanserunt

2092 1069 2144 1121 in
2174 1078 2478 1124 testamento
2501 1088 2636 1137 meo,
2672 1083 2720 1127 et
2743 1091 2836 1144 ego
2873 1076 3074 1147 neglexi
3095 1097 3206 1143 eos,
3233 1082 3358 1136 dicit
3385 1083 3662 1141 Dominus.

2092 1155 2192 1212 llic
2218 1165 2396 1213 autem
2418 1160 2649 1216 discrete
2677 1163 2883 1232 posuit,
2929 1165 2995 1220 de
3019 1182 3126 1236 quo
3153 1167 3357 1225 dictum
3383 1180 3485 1238 est,
3524 1176 3664 1245 quod

2092 1263 2196 1300 non
2215 1261 2608 1318 permanserunt
2637 1253 2691 1305 in
2719 1263 3022 1309 testamento
3045 1275 3176 1312 meo.
3217 1260 3354 1316 Dum
3385 1263 3519 1319 dixit
3543 1284 3556 1319 :
3597 1264 3667 1320 In

2090 1335 2192 1400 die,
2217 1353 2320 1407 qua
2350 1339 2664 1408 apprehendi
2692 1359 2906 1397 manum
2931 1345 3165 1413 illorum,
3197 1360 3252 1403 ut
3281 1353 3548 1409 educerem
3576 1373 3665 1413 eos

2090 1424 2155 1479 de
2182 1435 2322 1480 terra
2349 1427 2569 1498 Egypti
2582 1446 2602 1494 ;
2641 1431 2706 1485 de
2729 1431 2847 1502 lege
2872 1433 2974 1489 hoc
3002 1435 3138 1490 dixit
3159 1436 3334 1510 [Cod.,
3366 1457 3473 1497 non
3507 1443 3666 1512 dixit,

2091 1516 2352 1589 mendose]
2383 1517 2489 1573 lata
2534 1519 2588 1574 in
2633 1532 2816 1577 monte
2863 1523 3043 1590 Sinni,
3072 1543 3190 1596 quae
3227 1531 3667 1602 quinquagesima
3754 1600 3758 1604 θ

2092 1607 2177 1662 die
2204 1607 2329 1662 data
2357 1623 2476 1664 esse
2506 1620 2737 1682 constat,
2766 1615 2818 1669 in
2857 1632 2963 1687 qua
2990 1633 3093 1673 non
3129 1635 3541 1690 permanserunt
3566 1643 3667 1696 pa-e
3737 1687 3744 1692 ,

2092 1705 2203 1752 tres
2232 1713 2441 1766 eorum,
2471 1701 2564 1756 sed
2589 1701 2832 1758 fecerunt
2855 1707 3079 1761 vitulum
3106 1710 3158 1764 in
3189 1711 3365 1769 Horeh
3395 1723 3450 1770 et
3477 1717 3668 1783 adora,-
3709 1773 3712 1775 .

415 1781 586 1836 tiones
605 1783 634 1835 ἲ
676 1801 693 1834 ι
730 1784 872 1840 Nihil
903 1803 1031 1844 vero
1061 1790 1265 1848 habens
1288 1797 1520 1852 carnalis
1543 1798 1817 1864 sacriﬁcii,
1847 1801 1983 1870 quod

2094 1800 2288 1843 verunt
2316 1789 2464 1845 illud.
2494 1790 2610 1846 Non
2639 1794 2782 1848 enim
2818 1795 2884 1850 de
2917 1796 3006 1852 illo
3031 1799 3170 1868 quod
3205 1803 3451 1870 patribus
3476 1781 3665 1861 eorum

412 1870 466 1925 in
497 1873 706 1930 cineres
751 1879 1051 1934 resolvatur
1072 1923 1088 1948 ,
1136 1898 1233 1939 nec
1271 1885 1326 1939 in
1356 1885 1506 1942 fumo
1539 1898 1851 1947 extensetur
1877 1893 1987 1965 [Ita

413 1964 583 2034 Cod.;
611 1970 766 2040 forte,
793 1977 1156 2050 extenuetur],
1181 1995 1281 2034 nec
1303 1980 1356 2034 in
1386 1997 1614 2052 vapores
1638 1964 1984 2042 diﬁ‘undatur.

413 2057 540 2116 Περ
583 2076 710 2116 vero
756 2065 1022 2122 sacriﬁcia
1069 2070 1213 2125 clara
1257 2078 1310 2126 et
1354 2072 1629 2131 festiviora
1663 2076 1986 2135 efﬁciuntur.

411 2148 687 2215 Quomodo
720 2157 959 2213 cmlestia
986 2175 1092 2214 non
1133 2161 1410 2218 celebrant
1450 2165 1715 2220 sacriﬁcia
1741 2209 1756 2233 ,
1796 2169 1990 2238 quibus

411 2238 606 2296 dicitur
631 2258 646 2296 :
676 2245 903 2316 Accipite
929 2247 1184 2320 Spiritum
1212 2263 1452 2308 sanctum
1473 2269 1492 2307 :
1528 2273 1750 2328 quorum
1781 2261 1990 2316 remise-

411 2334 525 2388 ritis
550 2347 782 2404 peccata,
807 2341 1146 2398 remittuntur
1169 2347 1241 2400 eis
1264 2364 1282 2412 ;
1320 2358 1369 2402 et
1393 2367 1615 2419 quorum
1649 2354 1987 2421 retin-ueritis,

412 2431 610 2476 retenta
633 2436 754 2478 sunt
782 2427 963 2498 (Ioan.
993 2448 1189 2500 xxvm,
1211 2434 1344 2506 25)?
1374 2457 1394 2489 ›
1430 2438 1631 2510 Horum
1654 2443 1796 2496 enim
1826 2445 1991 2499 sacri-

412 2511 678 2580 ﬁciorum,
707 2518 887 2572 omnia
933 2519 1158 2576 Levitici
1198 2527 1486 2581 sacerdotii
1539 2531 1806 2586 sacriﬁcia
1835 2533 1987 2605 signa

411 2601 666 2659 fuerunt:
711 2604 847 2671 Quia
876 2608 960 2664 lex
984 2627 1077 2681 per
1100 2611 1317 2684 Moysen
1339 2615 1464 2670 data
1489 2627 1600 2683 est;
1636 2621 1807 2689 gratia
1837 2601 1989 2676 et'ee-

412 2695 540 2749 ritas
553 2713 645 2768 per
662 2697 844 2753 Iesum
857 2699 1120 2757 Christum
1142 2703 1284 2774 facta
1303 2717 1378 2762 est
1402 2708 1581 2782 (Ioan.
1606 2729 1646 2778 ι,
1667 2713 1774 2786 l7).
1805 2733 1823 2766 ι
1837 2714 1988 2772 Sicut

413 2799 724 2852 responsum
763 2798 845 2842 est
872 2789 1062 2862 Moysi,
1093 2809 1216 2848 cum
1243 2811 1645 2858 consummaret
1673 2805 1986 2862 tabernacu-

409 2873 520 2928 lum
551 2894 563 2928 :
603 2873 752 2944 Vide,
781 2879 974 2950 inquit,
1004 2885 1180 2938 omnia
1207 2885 1365 2956 [adito
1387 2891 1670 2947 secundum
1701 2895 1984 2965 exemplar,

409 2965 549 3032 quod
592 2965 686 3019 tibi
728 2979 988 3024 ostensum
1037 2983 1111 3027 est
1158 2976 1212 3030 in
1245 2989 1417 3033 monte
1463 2978 1658 3052 (Exod.
1705 3000 1833 3051 xxv,
1871 2986 1982 3059 40).

410 3050 673 3118 Quoniam
701 3058 915 3114 auditus
939 3062 1118 3118 minus
1152 3073 1309 3135 aptus
1345 3050 1702 3126 esse-videtur
1734 3075 1800 3129 ad
1826 3073 1988 3130 disci-

2087 1883 2381 1952 proposuit,
2411 1885 2571 1956 691
2607 1886 2662 1942 id
2691 1898 2775 1944 est
2800 1889 3092 1960 Abraham,
3123 1893 3270 1950 Isaac
3300 1906 3355 1952 et
3378 1897 3563 1956 Jacob.
3599 1903 3668 1958 Et

2088 1988 2276 2028 omnes
2305 1973 2400 2030 ﬁlii
2429 1976 2573 2041 ﬁdei,
2600 1978 2692 2033 ﬁlii
2721 1978 2994 2037 Abraham
3023 1985 3127 2039 dici
3155 1997 3398 2055 possunt,
3431 1991 3571 2062 sicut
3597 1993 3665 2049 de

2088 2063 2206 2134 ipso
2238 2065 2466 2122 Domino
2491 2067 2545 2122 in
2570 2068 2860 2140 Evangelio
2887 2074 3175 2129 scribitur:
3216 2076 3346 2132 Dico
3375 2091 3546 2138 autem
3573 2100 3663 2138 vo-

2089 2152 2187 2219 bis,
2226 2154 2364 2224 quod
2402 2165 2580 2226 potens
2609 2167 2685 2212 est
2710 2158 2850 2214 Deus
2887 2160 2952 2215 de
2985 2160 3241 2233 lapidibus
3269 2167 3382 2222 istis
3415 2172 3668 2226 suscitare

2087 2241 2224 2310 ﬁlios
2246 2243 2470 2298 Abraha:
2495 2244 2710 2317 (Matth.
2736 2265 2820 2314 nt,
2845 2247 2918 2321 9).
2944 2250 3009 2305 Ει
3031 2251 3135 2331 hoc
3155 2263 3238 2309 est
3261 2263 3663 2325 testamentum,

2088 2332 2230 2401 quod
2257 2335 2652 2392 consummabit
2675 2336 2838 2404 Deus,
2863 2339 2920 2394 id
2949 2349 3052 2406 est,
3082 2343 3325 2412 perﬁciet
3349 2362 3510 2418 super
3545 2366 3664 2404 om-

2088 2433 2186 2474 nes
2211 2429 2418 2490 gentes,
2457 2431 2516 2476 ut
2563 2425 2869 2497 quicunque
2913 2430 3240 2488 crediderint
3281 2435 3334 2490 in
3367 2435 3665 2505 Christum,

2085 2508 2181 2563 ﬁlii
2201 2509 2450 2576 Abrahae,
2469 2513 2762 2568 secundum
2782 2515 3077 2585 spiritalem
3098 2525 3516 2593 generationem,
3534 2546 3662 2586 vere

2087 2599 2214 2652 sint.
2249 2599 2433 2671 (Vens.
2464 2601 2677 2674 10-12.)
2706 2603 2843 2669 Quia
2876 2605 2974 2660 hoc
3007 2619 3080 2662 est
3125 2619 3487 2670 testamentum
3522 2623 3662 2689 quod

2087 2686 2358 2758 disponam
2384 2689 2565 2744 domui
2590 2690 2762 2747 Israel
2786 2704 2900 2764 post
2923 2695 3030 2751 dies
3050 2697 3191 2767 illos,
3213 2701 3338 2756 dicit
3367 2686 3621 2763 Dominus
3646 2725 3664 2760 :

2086 2774 2274 2830 Danda
2303 2775 2437 2848 leges
2473 2795 2616 2834 meas
2638 2781 2694 2835 in
2729 2792 2922 2838 mentes
2950 2801 3128 2840 eorum
3155 2799 3202 2843 et
3232 2791 3286 2844 in
3311 2793 3553 2849 cordibus
3581 2813 3665 2851 co-

2086 2882 2203 2920 rum
2244 2870 2622 2940 superscribam
2665 2889 2772 2928 eas.
2805 2873 2875 2929 Et
2917 2894 3005 2932 ero
3035 2879 3109 2934 eis
3145 2881 3200 2936 in
3241 2879 3434 2951 Deum,
3476 2895 3524 2940 et
3568 2888 3667 2958 ipsi

2085 2967 2239 3012 erunt
2265 2960 2392 3014 mihi
2418 2962 2473 3015 in
2512 2963 2780 3034 populum.
2820 2965 2890 3020 Et
2928 2983 3031 3023 non
3076 2971 3274 3026 docebit
3317 2980 3665 3051 unusquisque

2084 3051 2380 3118 proximum
2402 3069 2578 3120 suum,
2597 3063 2647 3108 et
2670 3059 3018 3130 unusquisque
3038 3059 3255 3131 fratrem
3278 3083 3429 3120 suum
3453 3069 3664 3126 dicens:

411 3143 610 3212 plinam
655 3149 1093 3220 percipiendam,
1142 3128 1305 3226 quam
1347 3159 1530 3227 visus;
1571 3177 1677 3216 non
1725 3128 1984 3220 enimwita
2013 3128 2057 3189 Ο
2089 3137 2350 3211 cognosce
2402 3142 2571 3199 Deum
2624 3145 2770 3218 [AL’
2819 3148 3168 3226 Dominum]:
3196 3158 3443 3226 quoniam
3492 3177 3666 3216 omn“

410 3236 591 3291 animo
609 3242 1046 3299 commendamus
1065 3260 1398 3318 quaecunque
1424 3252 1692 3320 audimus,
1718 3257 1986 3324 quomodo

410 3323 498 3378 illa
528 3342 647 3396 qua:
676 3327 794 3398 ipso
821 3332 939 3385 visu
961 3335 1305 3405 percipimus.
1345 3359 1364 3392 ι
1397 3338 1522 3397 Ideo
1553 3342 1714 3398 dicit:
1735 3323 1904 3412 iVide,
1928 3356 1987 3403 ut

409 3419 590 3473 omnia
617 3418 785 3476 facias
813 3423 954 3478 sicut
993 3426 1086 3480 tibi
1115 3428 1166 3482 in
1209 3439 1390 3486 monte
1429 3432 1852 3492 demonstratum
1880 3449 1982 3494 est.

410 3509 517 3566 Sed
545 3512 635 3567 hic
664 3515 829 3583 quaeri
855 3525 1055 3586 potest,
1101 3519 1169 3575 de
1216 3523 1412 3592 quibus
1457 3527 1716 3584 dixisset:
1771 3529 1982 3598 Omnia,

409 3602 523 3657 sive
549 3603 613 3658 de
637 3604 969 3662 tabernaculi
1005 3613 1438 3682 constructione;
1475 3617 1586 3673 sive
1619 3620 1688 3674 de
1715 3621 1904 3676 hostiis
1933 3631 1987 3677 et

411 3691 710 3760 sacriﬁciis,
740 3710 859 3765 quae
889 3697 942 3751 in
967 3712 1032 3753 eo
1061 3700 1291 3756 oblaturi
1315 3707 1527 3760 essent?
1555 3708 1647 3762 sed
1669 3709 1735 3764 de
1756 3720 1985 3781 utroque

412 3785 600 3840 melius
624 3788 958 3861 intelligitur.
993 3794 1178 3866 (Vens.
1212 3797 1288 3869 6.)
1334 3817 1352 3850 ‹
1397 3799 1554 3854 Nunc
1585 3811 1760 3854 autem
1800 3801 1984 3856 melius

408 3875 621 3931 sortitus
654 3888 728 3932 est
757 3881 1123 3950 ministerium,
1142 3897 1338 3955 quanto
1363 3897 1413 3940 et
1439 3887 1665 3941 melioris
1693 3891 1984 3944 testamenti

407 3967 662 4020 mediator
681 3979 777 4034 est,
796 3971 934 4040 quod
961 3973 1258 4029 melioribus
1287 3977 1765 4047 repromissionibus
1788 3983 1986 4036 sancti-

409 4056 622 4121 ﬁcatum
649 4057 752 4129 [lta
782 4060 912 4116 Cod.
939 4081 954 4129 ;
995 4064 1089 4131 al.,
1131 4068 1410 4141 sancitum]
1441 4079 1536 4124 est.
1566 4071 1745 4138 Vides,
1786 4074 1981 4143 inquit,

407 4155 606 4214 quanto
631 4149 821 4204 melior
848 4151 1010 4227 [haec]
1039 4156 1130 4211 illa
1157 4157 1538 4216 celebratione.
1587 4160 1862 4232 Siquidem
1890 4165 1981 4219 illa

404 4237 680 4307 exemplar
706 4248 760 4295 et
784 4239 956 4298 forma
981 4261 996 4311 ;
1033 4246 1134 4301 ista
1157 4263 1286 4303 vero
1313 4250 1536 4317 veritas,
1573 4272 1591 4304 ι
1625 4253 1763 4308 sicut
1786 4255 1984 4311 dicitur

405 4326 458 4380 in
490 4327 814 4402 Evangelia:
856 4332 964 4388 Lex
985 4352 1076 4405 per
1105 4336 1320 4408 Moysen
1344 4339 1470 4394 data
1505 4350 1604 4407 est,
1628 4343 1800 4412 gratia
1825 4354 1874 4398 et
1899 4362 1983 4400 tae-

355 4461 358 4464 .
405 4420 534 4473 ritas
573 4437 666 4489 per
701 4421 880 4476 Iesum
921 4424 1182 4481 Christum
1226 4429 1368 4498 facta
1415 4440 1510 4487 est.
1557 4432 1633 4487 De
1672 4449 1778 4504 qua
1805 4436 1976 4505 gratia

404 4512 792 4582 subsequenter
818 4515 909 4572 hic
933 4517 1200 4588 signiﬁcat
1233 4520 1545 4592 Apostolus,
1577 4524 1793 4581 dicens:
1823 4525 1978 4594 Quod

403 4604 456 4658 in
520 4604 819 4662 melioribus
886 4611 1370 4680 repromissionibus
1433 4616 1818 4687 sanctiﬁcatum
1879 4627 1974 4674 est.

402 4692 612 4762 Quanto
641 4695 862 4752 meliora
899 4709 1024 4755 sunt
1047 4701 1290 4758 ctelestia
1329 4706 1581 4771 terrenis,
1607 4715 1806 4763 aeterna
1838 4717 1975 4764 tem—

400 4788 701 4858 poralibus;
745 4800 892 4847 tanto
918 4793 1146 4849 melioris
1173 4804 1249 4849 est
1271 4785 1527 4852 mediator
1550 4801 1802 4855 sacerdos
1822 4799 1978 4858 Citri—

399 4886 515 4934 stus
542 4880 683 4937 Deus
709 4883 1021 4938 testamenti.
1044 4902 1063 4935 ι
1089 4882 1379 4942 Transiens
1399 4887 1465 4943 de
1495 4887 1635 4953 loco,
1661 4895 1716 4947 et
1739 4904 1770 4944 a
1790 4903 1973 4946 sacer-

400 4966 546 5036 dote,
563 4977 620 5026 et
647 4985 676 5025 a
704 4971 992 5038 sacriﬁcio,
1025 4979 1152 5030 tunc
1177 4972 1391 5029 demum
1417 4983 1470 5030 et
1492 4979 1798 5036 testamenti
1821 4977 1971 5037 diﬁ‘e—

400 5058 628 5114 rentiam
661 5059 834 5130 ponit.
882 5060 982 5120 llic
1011 5070 1190 5118 autem
1218 5063 1285 5118 ad
1315 5064 1508 5122 emtum
1551 5081 1650 5123 nos
1676 5067 1893 5128 elevans
1918 5081 1972 5129 et

398 5151 709 5216 ostendens,
758 5153 882 5221 quia
911 5167 1009 5222 pro
1040 5154 1386 5212 tabernaculo
1424 5157 1619 5214 omium
1649 5159 1909 5218 habemus
1945 5187 1965 5220 ι

397 5240 452 5296 in
481 5241 928 5311 promissionibus
957 5243 1072 5300 Dei.
1415 5257 1422 5264 ’

467 5331 631 5387 Vens.
668 5330 725 5395 7,
749 5332 800 5387 8.
828 5360 898 5371 —
924 5331 1068 5387 Nam
1099 5335 1144 5389 si
1182 5335 1318 5392 illud
1354 5341 1499 5412 prius
1530 5341 1685 5413 culpa
1718 5354 1969 5411 “cauet,

397 5438 501 5475 non
558 5422 735 5492 utique
784 5424 999 5480 secundi
1045 5422 1190 5482 locus
1237 5428 1600 5502 inquireretur.
1656 5432 1971 5508 Vituperans

398 5509 537 5563 enim
561 5527 646 5566 eos
674 5510 838 5565 dicit:
868 5512 981 5568 Hoc
1014 5520 1121 5579 est,
1141 5516 1185 5570 si
1217 5517 1564 5589 inculpabiles
1589 5535 1770 5582 essent
1787 5529 1972 5584 obser-

399 5592 760 5671 ratores'sui,
791 5621 1065 5676 nunquam
1109 5610 1328 5665 secundi
1371 5611 1519 5670 locus
1558 5619 1970 5690 relinqueretur.

397 5689 505 5750 Sed
529 5696 650 5764 quia
680 5697 807 5754 illud
834 5713 938 5754 non
964 5697 1064 5754 fuit
1097 5697 1416 5768 perfectum,
1445 5702 1692 5764 inventus
1714 5689 1806 5766 est
1825 5710 1973 5769 locus

2084 3233 2247 3287 scient
2276 3249 2356 3287 me
2379 3253 2411 3289 a
2440 3237 2639 3291 minore
2666 3256 2828 3310 usque
2849 3242 2919 3295 ad
2948 3244 3220 3315 majorem.
3249 3246 3384 3313 Quia
3411 3253 3666 3322 propitius

2084 3340 2171 3376 ero
2206 3313 2566 3396 iniquitatibus
2596 3345 2798 3396 eorum,
2820 3341 2868 3385 et
2897 3345 3108 3403 peccata
3130 3351 3308 3390 eorum
3339 3355 3442 3393 non
3471 3357 3666 3396 memo-

2086 3417 2242 3471 rabor
2263 3419 2507 3488 amplius.
2531 3420 2600 3476 Et
2622 3422 2710 3478 hic
2732 3439 2925 3496 magna
2948 3426 3199 3482 distantia
3227 3438 3311 3485 est
3334 3431 3474 3486 inter
3490 3431 3664 3503 legem

2084 3518 2139 3564 et
2167 3509 2359 3582 legem,
2395 3513 2539 3568 inter
2570 3512 2906 3585 Scripturam
2935 3526 2990 3572 et
3014 3518 3372 3589 Scripturam,
3407 3523 3546 3579 inter
3577 3525 3666 3579 lit-

2085 3609 2254 3655 teram
2279 3610 2335 3656 et
2361 3603 2614 3672 gratiam.
2645 3603 2780 3658 Nam
2806 3605 2985 3660 littera
3003 3606 3136 3678 legis
3163 3612 3363 3681 scripta
3386 3624 3468 3669 est
3496 3615 3550 3669 in
3580 3625 3666 3672 ta-

2083 3690 2223 3744 bulis
2246 3691 2489 3759 lapideis,
2519 3707 2653 3780 quas
2679 3692 2889 3765 Moyses
2913 3696 3026 3766 ipse
3051 3696 3232 3770 fregit,
3259 3702 3386 3758 dum
3415 3705 3546 3761 vidit
3568 3723 3665 3780 po-

2084 3778 2267 3848 pulum
2307 3787 2432 3835 ante
2456 3774 2678 3836 vitulum
2708 3783 2979 3842 ludentem
3007 3806 3020 3842 :
3059 3792 3231 3860 gratia
3262 3808 3390 3850 vero
3426 3796 3548 3853 data
3568 3774 3665 3855 est

2085 3869 2138 3920 in
2161 3869 2322 3924 corda
2342 3871 2674 3926 credentium
2705 3888 2800 3944 per
2821 3875 3079 3946 Spiritum
3101 3890 3366 3951 sanctum,
3381 3901 3478 3958 per
3496 3906 3659 3960 quem

2083 3959 2318 4016 cbaritas
2361 3961 2553 4018 diffusa
2590 3973 2672 4019 est
2715 3965 2770 4020 in
2805 3967 3056 4023 cordibus
3101 3971 3457 4030 credentium.
3507 3959 3660 4046 Quod

2083 4067 2211 4106 vero
2241 4052 2296 4108 in
2325 4051 2505 4109 littera
2532 4054 2733 4111 latebat
2758 4066 2813 4112 et
2836 4057 3115 4127 legebatur
3141 4075 3170 4114 a
3197 4065 3394 4134 populo
3423 4083 3521 4138 per
3548 4085 3661 4125 ma-

2082 4142 2372 4213 gistrorum
2403 4147 2738 4215 traditiones,
2759 4148 2861 4205 hoc
2882 4151 3113 4222 Spiritus
3135 4165 3352 4213 sanctus
3371 4160 3661 4218 adveniens

2082 4234 2309 4291 docebat
2335 4238 2623 4308 apostolos.
2656 4239 2724 4295 Et
2757 4242 2859 4298 hoc
2886 4247 3128 4314 estquod
3153 4247 3228 4304 ait
3252 4247 3521 4321 Propheta
3546 4271 3557 4307 :
3587 4253 3658 4309 Et

2082 4341 2184 4380 non
2212 4327 2414 4383 docebit
2440 4333 2792 4402 unusquisque
2818 4335 3115 4402 proximum
3135 4354 3287 4392 suum
3314 4351 3361 4394 et
3383 4347 3660 4413 unusquis-

2079 4433 2178 4486 que
2202 4418 2418 4489 fratrem
2444 4438 2620 4488 suum,
2644 4423 2818 4479 dicens
2842 4439 2861 4476 :
2901 4423 3162 4496 Cognosce
3191 4429 3470 4487 Dominum
3493 4452 3511 4500 ;
3547 4452 3659 4490 om-

2083 4523 2171 4561 nes
2191 4509 2327 4562 enim
2347 4511 2508 4564 scient
2528 4528 2607 4565 me
2625 4530 2658 4565 a
2680 4514 2877 4568 minore
2895 4532 3056 4588 usque
3075 4517 3146 4571 ad
3169 4519 3422 4590 majorem
3441 4540 3619 4579 eorum
3634 4540 3656 4576 ς

2081 4598 2221 4652 sicut
2255 4599 2309 4653 in
2351 4599 2642 4672 Evangelio
2670 4604 2736 4658 de
2766 4605 2990 4661 Domino
3016 4607 3248 4680 legitur:
3285 4609 3427 4668 Tunc
3451 4615 3658 4685 operuit

2078 4689 2182 4744 illis
2205 4707 2434 4760 sensum,
2455 4705 2508 4748 ut
2528 4695 2868 4768 intelligerent
2889 4697 3186 4771 Scripturas
3211 4701 3360 4776 (Luc.
3378 4706 3653 4776 xxxv,45).

2079 4778 2265 4850 (Vens.
2317 4781 2430 4856 l5.)
2478 4785 2710 4842 Dicenda
2756 4799 2930 4844 autem
2973 4807 3161 4846 novum
3203 4795 3442 4850 octeravit
3481 4797 3651 4868 prius.

2079 4867 2234 4936 Quod
2275 4880 2451 4944 autem
2489 4876 2797 4954 antiquetur
2827 4886 2877 4933 et
2914 4880 3162 4946 senescit,
3193 4897 3350 4954 prope
3389 4882 3655 4940 interitum

2077 4968 2172 5013 est.
2204 4978 2223 5010 ι
2253 4958 2482 5017 Sumens
2497 4978 2528 5018 a
2547 4963 2814 5037 Propheta
2835 4967 3084 5024 ﬁduciam
3110 4969 3328 5036 Paulus,
3347 4973 3574 5045 amplius
3599 4975 3654 5031 in

2078 5048 2205 5106 illud
2249 5059 2628 5112 testamentum
2677 5057 2974 5125 invehitur,
3024 5063 3304 5119 commode
3339 5065 3652 5131 ostendens,

2076 5141 2330 5212 quoniam
2383 5153 2568 5202 nostra
2601 5163 2746 5204 nunc
2787 5147 3017 5218 ﬂorent;
3060 5152 3149 5208 illa
3195 5161 3405 5210 vetusta
3442 5166 3567 5214 sunt
3600 5167 3652 5215 et

2079 5247 2243 5304 prope
2271 5234 2549 5292 interitum
2579 5257 2592 5290 :
2635 5258 2656 5292 ι
2702 5239 2806 5296 Sed
2834 5241 3179 5298 renovabitur
3205 5246 3345 5304 sicut
3369 5247 3549 5320 aquila
3569 5247 3654 5320 ju-

2080 5329 2270 5379 ventus
2294 5333 2501 5394 nostra,
2529 5327 2571 5382 si
2611 5329 2678 5384 ad
2717 5329 2921 5389 fontem
2962 5334 3086 5390 vita:
3111 5336 3419 5406 currimus;
3459 5337 3506 5395 si
3541 5338 3654 5394 alas

2079 5423 2132 5468 et
2160 5413 2344 5472 oculos
2374 5415 2442 5472 ad
2469 5408 2635 5476 solem
2654 5421 2879 5493 iustitiae
2905 5426 3261 5484 extendimus.

2679 5575 2905 5635 CAPUT
2943 5581 3034 5639 IX.

2157 5713 2320 5772 Vens.
2357 5715 2492 5784 l,-2.
2521 5749 2590 5762 -—
2621 5720 2822 5778 Habuit
2848 5725 3052 5796 quidem
3088 5727 3233 5798 prius
3250 5724 3650 5797 justi/icationcs
