4002 6186
414 299 550 359 ’1071

1242 294 1301 347 Β.
1341 291 1403 346 F.
1443 291 1667 347 ALBlNl
1706 290 1836 351 εει]
1876 290 2148 348 ALCL'INI
2186 289 2468 348 OPERUM
2504 289 2681 347 PARS
2713 290 2773 346 Il.

3520 295 3656 354 1072

414 414 640 470 cultura:
660 422 706 468 et
724 421 960 466 sanctum
985 407 1256 465 swculare.
1285 406 1698 461 Tabernaculum
1718 407 1852 460 enim
1877 407 1985 477 pri-
2013 413 2060 471 Α
2086 406 2235 476 prior
2283 406 2501 461 intravit
2547 422 2653 461 non
2710 407 2823 460 sine
2874 405 3153 478 sanguine,
3198 406 3340 462 sicut
3393 407 3660 480 Propheta

413 523 559 563 mum
585 504 781 575 factum
828 512 922 567 est,
964 503 1019 555 in
1047 517 1148 573 quo
1180 510 1327 554 erant
1372 497 1707 563 candelabra,
1734 514 1909 551 mensa
1939 506 1986 551 et

412 580 697 669 propositio
718 608 930 664 panum,
958 592 1098 663 quod
1127 591 1321 645 dicitur
1340 599 1542 644 sancta.
1567 588 1818 658 Legimus
1841 588 1985 643 enim

400 685 469 740 in
510 683 762 753 Josepho,
815 681 1215 736 tabernaculum
1266 681 1334 735 ad
1385 680 1557 734 instar
1592 678 1752 746 hujus
1800 677 1984 733 mundi

413 773 612 830 factum
645 791 656 825 :
683 772 955 827 exteriora
980 787 1109 827 vero
1138 772 1297 842 hujus
1346 770 1527 826 szeculi
1558 769 1783 841 ﬁguram
1815 769 1983 824 habe-

410 862 559 918 bant.
596 862 800 917 idcirco
829 862 1069 932 quOtidie
1097 861 1408 915 ministrant
1432 860 1604 914 sancti
1652 860 1981 924 sacerdotes,

409 954 725 1008 accedentes
755 950 958 1026 [Forte,
998 950 1373 1022 accendentes]
1400 951 1581 1004 lumen
1604 949 1877 1011 doctrinae,
1931 959 1986 1004 et

406 1052 690 1116 pascentes
730 1043 983 1116 populum
1019 1041 1134 1097 Dei.
1166 1041 1396 1107 Panum,
1425 1042 1516 1112 qui
1546 1058 1708 1113 super
1738 1058 1981 1097 mensam

408 1154 437 1192 a
470 1138 694 1193 sabbato
715 1152 884 1207 usque
911 1137 977 1191 ad
1000 1137 1283 1191 sabbatum
1305 1143 1504 1205 prmsto
1530 1134 1728 1189 debent
1755 1150 1903 1199 esse;
1930 1135 1984 1190 id

407 1234 508 1293 est,
538 1241 569 1279 a
612 1225 838 1280 sabbato
858 1225 969 1295 spei
997 1233 1218 1288 nostrae,
1250 1223 1304 1276 in
1334 1238 1438 1292 qua
1466 1221 1619 1291 quasi
1665 1222 1718 1276 in
1744 1219 1980 1285 Christo,

406 1325 462 1371 et
502 1316 569 1371 ab
600 1314 764 1384 hujus
796 1314 979 1369 mundi
1009 1313 1314 1367 turbinibus
1338 1312 1535 1376 securi,
1562 1326 1733 1380 usque
1770 1311 1824 1367 in
1855 1309 1983 1364 illud

407 1407 709 1469 sabbatum,
740 1404 882 1474 quod
912 1402 1120 1477 [Forte,
1154 1400 1281 1474 quo]
1317 1402 1647 1457 retineamus
1687 1416 1806 1469 qua:
1839 1414 1983 1455 nunc

406 1498 460 1552 in
506 1511 599 1567 spe
645 1496 926 1550 habemus.
956 1492 1289 1548 Candelabra
1314 1507 1443 1547 vero
1474 1492 1611 1547 dona
1653 1499 1779 1547 sunt
1804 1488 1978 1560 Spiri-

406 1595 493 1641 tus
522 1584 713 1650 sancti,
743 1599 862 1654 qua:
890 1584 942 1637 in
974 1582 1210 1638 Ecclesia
1237 1581 1420 1637 lucent
1439 1581 1858 1653 intelligentibus
1885 1595 1982 1649 per

403 1690 548 1739 eum,
592 1691 692 1747 per
735 1689 894 1744 quem
923 1672 1226 1741 requiescet
1266 1673 1488 1742 spiritus
1525 1672 1800 1741 sapientia:
1825 1679 1879 1724 ct
1906 1671 1983 1724 in-

2088 495 2337 566 przedixit
2364 514 2378 549 :
2408 495 2536 562 Quis
2582 507 2656 551 est
2703 497 2820 561 iste,
2871 494 2962 567 qui
2991 495 3123 550 venit
3168 496 3232 550 de
3261 496 3433 553 Edam
3486 502 3663 557 tinctis

2089 586 2307 640 vestibus
2362 587 2426 640 de
2475 586 2641 640 Bosra
2692 584 2874 656 (Isaia:
2917 602 3072 650 ant,
3122 585 3352 657 l)?Sed
3392 592 3651 659 patiente!

2087 686 2458 746 exspectamus
2501 686 2713 745 tempus
2757 676 3173 730 resurrectionis
3195 686 3408 741 nostrte,
3436 680 3486 734 in
3520 697 3658 752 quo,

2087 782 2210 821 cum
2260 769 2592 837 apparuerit,
2641 768 2770 838 quid
2806 768 3043 834 erimus;
3103 769 3307 825 scimus
3358 774 3495 829 enim
3519 776 3653 845 quia

2086 860 2288 915 similes
2332 861 2404 915 illi
2434 862 2659 926 erimus,
2708 862 2811 916 hoc
2855 870 2956 924 est,
2987 860 3321 918 immortales
3349 881 3362 919 :
3394 866 3531 921 sicut
3567 870 3656 923 illi

2084 965 2232 1005 mors
2260 951 2399 1005 ultra
2427 967 2535 1005 non
2562 951 2946 1018 dominabitur,
2979 966 3078 1006 nec
3104 960 3287 1005 nostra
3329 968 3457 1009 caro
3482 956 3659 1011 domi-

2084 1050 2208 1095 nata
2248 1042 2372 1097 erit.
2410 1042 2540 1108 Quae
2574 1060 2677 1096 non
2699 1052 2913 1113 possunt
2937 1044 3097 1113 juxta
3139 1046 3512 1101 conscientiam
3541 1066 3663 1119 per—

2085 1131 2273 1201 fectum
2318 1133 2489 1203 facere
2516 1134 2839 1201 servientem,
2863 1133 3190 1189 solummodo
3230 1136 3284 1190 in
3307 1137 3433 1192 cibis
3453 1148 3502 1191 et
3524 1140 3662 1211 poti-

2085 1222 2202 1291 bus,
2245 1222 2441 1295 (Vens.
2488 1224 2588 1295 10)
2661 1235 2712 1280 et
2762 1226 2918 1280 variis
2967 1226 3289 1296 baptismatis
3343 1239 3392 1283 et
3432 1230 3663 1300 justitiis

2084 1316 2260 1371 carnis
2310 1334 2469 1386 usque
2511 1316 2582 1371 ad
2613 1326 2814 1388 tempus
2862 1319 3196 1373 correctionis
3238 1319 3513 1391 impositis.
3562 1321 3660 1377 Βε

2083 1422 2212 1462 vero
2230 1406 2460 1476 justitize
2507 1410 2776 1476 carnales,
2818 1410 2873 1463 in
2903 1411 3038 1466 cibis
3073 1420 3126 1466 et
3152 1413 3390 1482 potibus,
3419 1424 3476 1468 et
3494 1415 3660 1485 variis

2081 1498 2496 1567 baptismatibus
2533 1515 2705 1569 usque
2733 1502 2799 1555 ad
2822 1508 3033 1573 tempus
3078 1504 3435 1559 correctionis
3483 1505 3662 1576 impo-

2081 1589 2198 1643 sita:
2225 1598 2367 1643 sunt.
2402 1588 2629 1644 Attende
2670 1590 2797 1659 quid
2840 1592 2941 1645 hoc
2971 1598 3084 1669 est;
3113 1592 3244 1647 nihil
3271 1595 3409 1648 enim
3439 1595 3512 1647 ad
3538 1613 3663 1665 per-

2084 1677 2274 1747 fectum
2296 1674 2513 1732 deduxit
2562 1677 2683 1743 lex;
2712 1678 2806 1733 sed
2850 1680 3141 1735 secundum
3170 1679 3387 1754 [legem]
3424 1684 3669 1740 carnalis

402 1763 667 1827 tellectus,
721 1762 942 1833 spiritus
986 1761 1198 1815 consilii
1250 1770 1308 1816 et
1348 1759 1700 1824 fortitudinis,
1759 1761 1979 1829 spiritus
2010 1764 2319 1823 B‘mumlati
2360 1766 2547 1823 sordes
2595 1780 2651 1823 et
2693 1770 3046 1839 ignorantiam
3096 1773 3270 1840 potuit
3317 1774 3662 1832 emundare:

402 1855 642 1909 scientia:
676 1860 731 1908 et
754 1852 990 1923 pietatis,
1033 1858 1089 1906 et
1133 1850 1355 1921 spiritus
1382 1851 1590 1905 timoris
1618 1849 1852 1905 Domini.
1893 1851 1978 1904 ln-

400 1945 570 2000 terius
615 1958 743 1998 vero
792 1940 1216 2006 tabernaculum,
1276 1940 1417 2010 quod
1464 1940 1663 1995 dicitur
1717 1958 1736 1991 ι
1790 1950 1977 1995 sancta

400 2045 735 2100 sanctorum,
788 2035 963 2106 ipsum
1012 2032 1207 2088 caelum
1248 2031 1537 2104 signiﬁcat.
1591 2030 1779 2104 (Vens.
1835 2031 1976 2103 5—5.)

408 2128 769 2184 Velamentum
802 2136 981 2182 autem
1011 2125 1207 2181 coelum
1236 2135 1340 2190 est,
1378 2144 1396 2177 ι
1451 2125 1595 2178 intra
1628 2126 1771 2195 quod
1802 2139 1980 2179 sacer-

400 2226 497 2278 dos
520 2230 705 2277 noster
723 2219 971 2275 Christus
992 2234 1097 2273 non
1120 2218 1235 2273 sine
1260 2218 1520 2288 sanguine
1555 2216 1798 2271 intravit.
1833 2215 1975 2271 Thu-

398 2311 627 2366 ribulum
667 2311 862 2367 habens
893 2325 1131 2373 aureum,
1164 2308 1219 2362 in
1242 2322 1349 2378 quo
1377 2305 1679 2363 oﬂ'eruntur
1705 2306 1978 2362 orationes

398 2410 729 2457 sanctorum.
779 2399 838 2456 in
891 2415 997 2470 quo
1045 2398 1339 2453 Cherubin
1392 2397 1564 2469 gloria
1621 2397 1979 2453 obumbratile

397 2488 993 2566 [Leg.,obumbrantia]
1041 2489 1488 2560 propitiatorium,
1522 2474 1625 2544 hoc
1670 2496 1755 2543 est
1797 2488 1980 2544 multi-

397 2585 527 2639 tudo
555 2583 811 2639 scientize.
844 2582 980 2653 Apte
1003 2580 1437 2653 propitiatorium
1468 2595 1630 2649 super
1673 2594 1854 2635 arcam
1883 2593 1978 2650 po-

396 2677 559 2731 situm
599 2690 718 2731 esse
744 2674 963 2738 dicitur,
987 2673 1113 2743 quia
1141 2663 1251 2741 ipsi
1269 2671 1553 2726 mediatori
1585 2670 1679 2725 Dei
1709 2678 1763 2725 et
1803 2670 1977 2725 homi-

396 2782 523 2821 num
561 2764 865 2835 specialiter
912 2779 943 2818 a
982 2763 1093 2818 Deo
1123 2761 1285 2816 Patre
1317 2761 1574 2815 donatum
1627 2767 1728 2819 est.
1764 2768 1821 2812 ut
1846 2768 1977 2813 esset

393 2857 693 2929 propitiatio
720 2872 813 2926 pro
842 2854 1064 2921 peccatis
1101 2852 1294 2906 nostris
1337 2849 1390 2922 (Ι
1434 2848 1594 2906 Joan.
1622 2867 1685 2915 ιι,
1712 2848 1789 2919 2).
1822 2848 1976 2928 Unde

393 2950 558 3004 etiam
587 2946 785 3001 Paulus
814 2946 945 3000 dicit
974 2962 987 2997 :
1016 2942 1173 2997 Iesus
1200 2942 1459 3007 Christus,
1491 2943 1580 3012 qui
1611 2953 1846 2994 mortuus
1876 2949 1972 3006 est,

393 3039 499 3091 imo
523 3038 611 3108 qui
642 3045 688 3089 et
714 3034 1011 3095 resurrexit,
1058 3033 1148 3103 qui
1175 3041 1224 3086 et
1252 3042 1326 3085 est
1355 3031 1424 3085 ad
1450 3031 1717 3089 dexteram
1742 3030 1860 3095 Dei,
1883 3030 1973 3101 qui

2074 1857 2146 1911 de
2182 1856 2445 1912 adulterio
2484 1873 2635 1923 vero,
2666 1859 3004 1927 capitalibus
3030 1861 3351 1917 criminibus
3378 1863 3513 1918 nihil
3557 1881 3665 1936 po-

2075 1948 2181 2001 tuit
2220 1949 2472 2019 purgari;
2520 1949 2614 2002 sed
2643 1948 2898 2003 damnare
2926 1956 3168 2018 paratam
3198 1951 3405 2020 absque
3445 1955 3665 2010 miseri-

2072 2040 2276 2095 cordia.
2314 2039 2437 2094 ldeo
2490 2039 2790 2095 adulteram
2836 2040 3114 2095 mulierem
3154 2040 3412 2098 Pharisaei
3459 2061 3661 2115 propo-

2075 2138 2298 2183 suerunt
2349 2126 2474 2183 Jesu
2530 2126 2711 2200 (Joan.
2760 2145 2882 2194 vm,
2929 2129 3010 2202 5),
3069 2134 3131 2185 ut
3175 2132 3476 2200 potuissent
3520 2150 3653 2192 eum

2077 2233 2353 2285 accusare,
2403 2219 2449 2273 si
2492 2227 2679 2273 contra
2733 2221 2904 2291 legem
2946 2220 3227 2276 absolvere
3264 2222 3510 2292 juberet;
3544 2214 3662 2280 aut

2075 2306 2399 2364 laudabilem
2442 2310 2906 2365 mansuetudinem
2937 2312 3233 2381 amitteret,
3287 2316 3329 2370 si
3363 2316 3494 2386 legis
3533 2316 3661 2385 jus—

2079 2399 2285 2454 sionem
2308 2398 2583 2454 custodire
2612 2401 2946 2470 prteciperet.
2982 2400 3086 2457 Sed
3116 2413 3403 2477 utrumque
3426 2408 3661 2463 cavebat

2077 2488 2339 2557 sapientia
2364 2487 2480 2553 Dei,
2512 2489 2667 2558 quasi
2698 2490 2921 2545 dixisset
2952 2508 2965 2544 :
2995 2490 3146 2546 Iusta
3174 2503 3259 2549 est
3293 2495 3509 2564 quidem
3538 2497 3656 2561 lex,

2075 2576 2316 2645 sijustos
2345 2578 2571 2633 haberet
2610 2580 2917 2647 ministros.
2949 2580 3051 2649 Qui
3088 2582 3352 2640 festucam
3389 2587 3455 2642 de
3498 2589 3660 2644 oculo

2076 2667 2300 2723 alterius
2332 2666 2516 2722 tollere
2558 2667 2758 2733 videat,
2791 2666 2997 2737 justum
3032 2679 3137 2737 est,
3175 2682 3237 2726 ut
3265 2675 3418 2743 prius
3443 2677 3657 2731 trabem

2075 2764 2142 2816 de
2172 2762 2391 2831 proprio
2444 2761 2595 2817 tollat
2648 2763 2824 2817 oculo.
2853 2761 2929 2817 De
2960 2763 3306 2833 baptismatis
3343 2762 3659 2821 Iudaeorum

2072 2854 2283 2924 plenius
2328 2854 2380 2908 in
2408 2854 2697 2924 Evangelio
2731 2865 2848 2908 cata
2879 2855 3119 2909 Marcum
3149 2855 3364 2925 legitur,
3387 2855 3481 2910 ubi
3507 2854 3653 2910 Pha-

2075 2945 2217 2999 rismi
2246 2944 2629 3015 vituperabant
2667 2944 2952 2999 Dominum
2974 2951 3028 2999 et
3058 2945 3367 3013 discipulos,
3395 2960 3505 3000 non
3530 2944 3663 3000 lotis

2072 3035 2327 3089 manibus
2379 3035 2705 3089 manducare
2768 3033 2962 3106 (Marc.
3020 3033 3142 3105 ru).
3198 3032 3425 3089 Frustra
3474 3045 3661 3094 autem

394 3128 553 3179 etiam
592 3121 887 3193 interpellat
927 3137 1021 3192 pro
1065 3120 1213 3175 nobis
1242 3119 1414 3191 (Rom.
1446 3132 1564 3186 Vill.
1606 3119 1718 3191 54)-
1752 3118 1821 3173 Εε
1848 3136 1972 3173 arca
2003 3117 2046 3183 C
2075 3125 2356 3189 Pharisaei,
2385 3124 2586 3180 frustm
2614 3134 2790 3180 autem
2820 3140 3009 3181 omnes
3029 3125 3199 3182 Judaai
3228 3127 3413 3182 lavant
3440 3145 3657 3197 manus,

394 3215 709 3270 testamenti.
756 3212 883 3267 limo
921 3221 1007 3268 est
1050 3228 1180 3268 caro
1209 3213 1505 3267 Salvatoris
1541 3214 1733 3280 nostri,
1768 3213 1822 3267 in
1869 3229 1974 3281 qua

396 3320 594 3362 manna
626 3304 925 3359 divinitatis
949 3311 1006 3359 et
1053 3303 1249 3357 tabulae
1272 3304 1502 3358 duorum
1529 3310 1975 3358 testamentorum

394 3407 441 3452 et
472 3398 620 3468 virga
671 3395 868 3461 Aaron,
918 3410 1038 3465 quae
1079 3392 1258 3448 ﬂoruit
1308 3395 1362 3447 in
1393 3394 1692 3449 sacerdotio
1737 3392 1972 3459 Christi;

394 3489 459 3560 de
478 3487 664 3560 quibus
687 3503 790 3541 non
818 3496 894 3540 est
922 3486 1075 3539 modo
1106 3500 1198 3554 per
1226 3482 1436 3555 singula
1464 3482 1657 3537 dicere.

413 3559 419 3565 ’
464 3559 629 3636 Vsus.
652 3578 705 3633 6.
724 3576 896 3631 —His
926 3593 1041 3631 vero
1062 3575 1137 3630 ita
1159 3572 1477 3645 compositis,
1502 3573 1555 3627 in
1584 3573 1747 3644 priori
1769 3573 1978 3646 quidem

395 3668 731 3725 tabernaculo
788 3683 991 3738 semper
1041 3663 1325 3719 introibant
1384 3662 1701 3729 sacerdotes,
1768 3661 1978 3731 sacriﬁ-

396 3759 598 3814 ciorum
637 3759 801 3830 oﬁicia
830 3767 1272 3823 consummantes,
1304 3758 1446 3826 quod
1489 3772 1620 3812 vero
1648 3771 1808 3826 supra
1839 3756 1979 3811 dixit

396 3858 638 3904 sanctum
690 3847 943 3903 swculare
981 3863 1121 3914 esse,
1146 3848 1249 3902 hoc
1278 3847 1438 3902 modo
1460 3846 1691 3901 lucidius
1718 3845 1976 3911 ostendit,

397 3939 453 3994 id
482 3947 584 4003 est,
616 3939 670 3992 in
700 3954 807 4009 quo
853 3937 1202 3993 tabernaculo
1250 3936 1516 3992 sacriﬁcia
1553 3934 1773 3991 fuerunt
1810 3950 1980 3991 saecu-

395 4028 557 4096 laria,
607 4029 741 4084 nihil
784 4027 850 4084 ad
870 4028 1172 4099 perfectura
1212 4027 1538 4082 deducentes
1564 4026 1887 4082 servientem
1922 4026 1978 4080 in

396 4121 496 4177 eis.
531 4119 718 4194 (Vens.
750 4120 829 4191 7.)
876 4119 943 4174 In
966 4119 1193 4173 secundo
1219 4128 1393 4173 autem
1418 4117 1574 4172 semel
1600 4118 1654 4171 in
1677 4133 1816 4172 anno
1837 4115 1979 4171 solus

396 4212 632 4282 pontifex
666 4228 769 4265 non
790 4210 899 4264 sine
920 4209 1194 4279 sanguine,
1220 4225 1373 4278 quem
1402 4208 1551 4277 o/fert
1579 4223 1673 4279 pro
1701 4224 1798 4261 sua
1818 4216 1865 4259 et
1884 4222 1980 4277 pro

396 4301 576 4371 pepuli
605 4298 922 4371 ignorantia.
952 4298 1115 4370 692
1142 4297 1248 4352 iste
1273 4312 1401 4351 vero
1451 4293 1692 4367 pontifex
1730 4312 1797 4353 ex
1826 4304 1981 4365 parte

399 4390 692 4462 signiﬁcat,
731 4390 856 4460 quia
894 4388 1061 4444 semel
1106 4389 1387 4459 ingressus
1434 4395 1517 4442 est
1566 4386 1785 4451 caelum,
1834 4387 1979 4441 intra

397 4588 498 4644 pro
544 4573 717 4627 nobis.
768 4569 922 4638 Quod
949 4585 1077 4625 vero
1108 4570 1181 4624 ait
1210 4587 1225 4625 :
1254 4565 1321 4623 Ut
1346 4570 1535 4641 offerat
1556 4585 1649 4641 pro
1679 4585 1777 4623 sua
1800 4576 1847 4622 et
1885 4584 1980 4639 po-

398 4665 510 4738 puli
556 4664 877 4735 ignorantia,
921 4663 1026 4717 ltoc
1063 4671 1169 4729 est,
1209 4662 1374 4737 quod.
1405 4661 1518 4732 ipse
1568 4661 1622 4716 in
1654 4677 1816 4717 cruce
1857 4661 1976 4717 ait:

400 4756 542 4811 Deus
592 4754 735 4810 Deus
788 4771 955 4821 meus,
1021 4769 1184 4825 quare
1246 4768 1329 4806 me
1390 4750 1712 4824 dereliquisti
1761 4751 1976 4825 (Matth.

401 4860 575 4911 xxvn,
630 4843 770 4917 46)?
810 4840 972 4898 Verba
1009 4841 1317 4898 delictorum
1367 4859 1633 4908 meorum;
1683 4857 1805 4912 qua:
1854 4849 1981 4896 sunt

402 4937 569 4989 verba
615 4932 958 5007 delictorum,
997 4928 1099 4986 nisi
1141 4932 1385 5002 corporis
1431 4930 1549 4988 sui?
1576 4930 1764 5004 (Vsus.
1812 4931 1869 4995 8,
1899 4931 1978 5003 9.)

408 5024 521 5083 Hoc
563 5021 888 5096 signiﬁcante
914 5020 1118 5094 Spiritu
1155 5032 1357 5089 sancto,
1385 5021 1614 5076 nondum
1652 5021 1982 5093 propalatam

404 5113 837 5171 esse'sanctorum
857 5113 1014 5170 vitam
1037 5111 1188 5186 [Leg.
1201 5154 1217 5179 ,
1231 5110 1416 5186 viam],
1432 5112 1604 5167 adhuc
1622 5112 1797 5184 priore
1812 5111 1984 5167 taber-

407 5207 596 5265 naculo
629 5206 848 5264 habente
889 5216 1116 5277 statum;
1162 5222 1280 5278 qua:
1304 5204 1558 5278 parabola
1601 5214 1680 5261 est
1735 5207 1983 5278 temporis

408 5296 671 5367 instantis,
712 5298 873 5369 juxta
895 5314 1053 5371 quam
1090 5314 1307 5353 munera
1348 5306 1399 5354 et
1441 5296 1625 5353 hostiae
1662 5297 1975 5369 oﬂ'eruntur.

412 5403 435 5439 ι
465 5387 780 5460 Propterea,
809 5389 1003 5460 inquit,
1039 5387 1148 5444 ista
1183 5388 1259 5445 ita
1283 5397 1598 5446 constructa
1619 5396 1767 5455 sunt,
1789 5396 1850 5444 ut
1871 5385 1982 5443 dis-

409 5491 597 5535 camus
619 5481 743 5550 quia
767 5490 952 5537 sancta
981 5489 1312 5549 sanctorum,
1336 5482 1439 5539 hoc
1456 5488 1562 5548 est,
1585 5479 1780 5537 omium
1807 5479 1982 5535 adhuc

413 5565 782 5623 inaccessibile
824 5569 1144 5627 mortalibus
1187 5571 1320 5640 solet
1345 5583 1486 5627 esse.
1526 5589 1546 5625 ι
1596 5568 1708 5625 Nec
1732 5575 1985 5639 putemus

410 5662 468 5710 ct
516 5651 646 5710 illud
698 5655 907 5727 ingredi
959 5671 1066 5712 non
1124 5671 1300 5726 posse,
1355 5656 1449 5713 ubi
1498 5654 1742 5729 pontifex
1802 5661 1987 5709 noster

2076 3221 2132 3269 et
2173 3228 2202 3267 a
2248 3212 2366 3268 foro
2410 3214 2538 3269 dum
2583 3215 2826 3281 veniunt,
2858 3216 3220 3284 baptizantur,
3249 3219 3486 3286 quandiu
3521 3236 3658 3276 oon-

2076 3311 2322 3357 temnunt
2348 3301 2497 3358 fonte
2525 3302 2822 3359 Salvatoris
2842 3305 3005 3359 ablui.
3048 3303 3154 3360 Sed
3194 3305 3454 3363 Pharisaei
3496 3311 3660 3380 spiri-

2078 3395 2204 3448 talia
2244 3397 2627 3466 prophetarum
2656 3396 2818 3451 verba
2849 3396 3141 3452 carnaliter
3160 3398 3510 3469 accipientes,
3535 3416 3659 3470 qua:

2077 3484 2153 3538 illi
2177 3487 2241 3540 de
2269 3488 2448 3541 cordis
2476 3496 2530 3542 et
2555 3488 2732 3556 operis
2760 3489 3112 3559 castigatione
3141 3491 3547 3560 prmcipiebant,
3577 3494 3662 3547 di-

2077 3583 2262 3629 centes
2298 3590 2312 3627 :
2352 3572 2644 3641 Lavamini,
2694 3578 2877 3630 mundi
2927 3587 3086 3633 estote
3119 3577 3299 3650 (Isaia:
3337 3597 3377 3647 ι,
3408 3580 3515 3655 16).
3544 3581 3613 3636 Et
3642 3599 3657 3634 :

2078 3662 2421 3728 mundamini,
2452 3665 2542 3735 qui
2578 3666 2723 3733 fertis
2769 3683 2894 3720 vasa
2940 3666 3155 3721 Domini
3184 3667 3346 3740 (Ibid.
3376 3687 3474 3735 ur,
3528 3671 3659 3742 il);

2079 3751 2165 3807 isti
2198 3753 2262 3806 de
2289 3768 2513 3822 corpore
2535 3754 2868 3810 solummodo
2896 3755 3124 3811 lavando
3148 3769 3425 3827 sperantes
3444 3756 3660 3831 [Forte,

2079 3843 2338 3917 sperant].
2371 3842 2506 3899 Cum
2541 3853 2748 3899 certum
2782 3846 2853 3900 sit
2891 3844 3110 3917 Moysen
3149 3856 3200 3903 et
3221 3848 3520 3917 prophetas,
3553 3850 3654 3918 qui

2076 3951 2205 3991 vasa
2228 3936 2407 4007 p0puli
2433 3937 2529 3992 Dei
2550 3935 2637 3991 'vel
2660 3938 2815 4007 aquis
2840 3932 2986 4002 dilui,
3031 3938 3118 3994 vel
3145 3939 3261 4010 igne
3284 3938 3521 4009 purgari,
3555 3939 3652 3993 vel

2076 4027 2196 4082 oleo
2242 4028 2588 4093 sanctiﬁcari,
2636 4044 2953 4099 quacunque
2985 4043 3052 4084 ex
3105 4046 3291 4094 causa,
3342 4030 3653 4099 jusserunt,

2078 4133 2186 4172 non
2227 4116 2281 4172 in
2310 4118 2413 4173 hac
2462 4120 2823 4173 materialium
2862 4134 3043 4174 rerum
3090 4121 3507 4186 emundatione;
3560 4122 3659 4177 sed

2078 4209 2341 4264 mentium
2359 4210 2539 4281 potius
2565 4218 2619 4264 et
2641 4224 2864 4279 operum
2889 4211 3241 4284 castigatione
3275 4226 3339 4266 ac
3361 4212 3657 4266 sanctimo-

2080 4304 2170 4359 nia
2196 4312 2355 4374 atque
2379 4305 2681 4358 animarum
2712 4304 2867 4359 nebis
2896 4304 3154 4357 mandare
3176 4302 3373 4357 salute.

2151 4394 2313 4449 Vens.
2344 4393 2429 4447 il.
2456 4424 2529 4434 --
2552 4392 2791 4448 Christus
2825 4394 3073 4448 assistens
3093 4392 3329 4464 pontifex
3360 4392 3659 4462 futurorum

292 4486 303 4499 ‘
397 4482 577 4537 velum
605 4482 659 4536 in
707 4490 893 4537 sancta
930 4488 1265 4545 sanctorum,
1309 4488 1370 4533 ut
1408 4479 1628 4534 assistat
1666 4477 1836 4531 vultui
1879 4476 1976 4532 Dei
2007 4457 2057 4516 D
2080 4483 2330 4538 bonorum
2351 4500 2442 4554 per
2468 4482 2691 4554 amplius
2730 4493 2777 4537 et
2806 4457 3524 4554 perfectius-tabernaculum,
3548 4499 3657 4538 non

2078 4590 2239 4628 manu
2264 4574 2482 4644 factum,
2509 4574 2563 4628 id
2590 4583 2687 4640 est,
2728 4590 2831 4629 non
2869 4575 3028 4644 hujus
3056 4575 3357 4629 creationis.
3396 4573 3659 4629 Taberna-

2078 4664 2254 4718 culum
2278 4680 2380 4718 non
2406 4680 2563 4719 manu
2592 4664 2789 4734 factum
2815 4664 3009 4719 caelum
3056 4663 3346 4735 signiﬁcat,
3376 4665 3515 4718 unde
3557 4676 3661 4721 nos

2079 4754 2261 4809 futura
2307 4754 2446 4808 bona
2490 4769 2770 4825 speramus
2810 4755 2966 4809 nobis
3009 4755 3149 4820 dari,
3183 4754 3236 4808 id
3283 4762 3388 4818 est,
3432 4763 3658 4819 aeterm,

2082 4858 2202 4916 qua:
2232 4860 2341 4901 non
2368 4852 2672 4901 transeunt.
2706 4844 2891 4917 Neque
2916 4845 3076 4914 hujus
3102 4844 3399 4907 creatiouis,
3426 4844 3524 4898 hoc
3545 4850 3658 4907 est,

2081 4951 2188 4992 non
2230 4937 2390 5008 hujus
2429 4937 2763 4993 tabernaculi
2794 4938 3023 5009 species,
3056 4938 3200 5008 quod
3241 4937 3296 4991 in
3320 4949 3497 4991 eremo
3535 4933 3663 4990 ﬁxit

2081 5026 2264 5093 homo,
2296 5027 2391 5082 sed
2411 5027 2515 5083 hoc
2536 5027 2690 5098 longe
2714 5027 2872 5083 aliter
2896 5027 2964 5082 ab
2992 5027 3110 5098 ipso
3146 5027 3258 5083 Deo
3286 5033 3524 5083 creatum
3554 5035 3662 5091 est,

2082 5117 2418 5187 spiritaliter,
2442 5130 2550 5174 non
2570 5118 2877 5173 carnaliter.
2903 5117 2963 5173 In
2992 5132 3099 5188 quo
3123 5116 3475 5179 tabernaculo
3502 5114 3665 5171 modo

2085 5216 2210 5280 sunt
2252 5209 2446 5264 animm
2479 5208 2749 5280 iustorum
2774 5218 2831 5265 et
2859 5210 3036 5282 angeli
3070 5225 3259 5265 earum
3292 5210 3537 5281 spiritus,
3571 5222 3668 5264 e1-

2082 5307 2390 5369 spectantes
2414 5298 2583 5355 donec
2614 5298 2949 5369 compleatur
2990 5312 3250 5359 numerus
3275 5311 3667 5355 conservorum

2083 5400 2326 5444 suorum.
2351 5384 2535 5460 (Vsus.
2560 5386 2674 5460 l2.)
2734 5385 2918 5461 Neque
2953 5380 3047 5461 per
3065 5389 3371 5461 sanguinem
3395 5389 3669 5444 hircorum

2085 5487 2137 5532 et
2163 5476 2469 5543 vitulorum,
2510 5477 2601 5532 sed
2640 5495 2733 5549 per
2771 5481 3043 5553 proprium
3085 5481 3397 5557 sanguinem

2085 5570 2241 5625 semel
2274 5568 2328 5624 in
2351 5579 2556 5636 sancta,
2581 5581 2775 5629 attenta
2802 5573 3153 5646 redemptione
3175 5574 3405 5630 inventa.
3464 5570 3663 5631 Omnia

2089 5660 2282 5732 quippe
2323 5671 2631 5733 permutata
2659 5673 2801 5721 sunt.
2835 5662 2913 5722 ibi
2941 5665 3160 5741 sanguis
3183 5664 3467 5722 hircorum
3508 5663 3668 5719 diluit
