4010 6182
368 376 502 431 1073

1062 374 1468 438 ΕΧΕΟΕΤΙΕΑ.
1491 406 1559 415 --
1579 375 1821 434 ΕΧΡΟΞ.
1863 377 1910 432 Ii

2013 373 2184 434 PIST.
2228 379 2284 434 8.
2322 379 2531 435 PAULI
2558 381 2648 434 AD
2685 379 2882 436 IIEBR.

3459 377 3595 435 10ῗὶ

360 499 577 559 peccata
623 479 840 542 carnis:
871 486 956 540 hic
992 487 1210 555 sanguis
1250 485 1455 541 Christi
1484 486 1652 541 abluit
1695 496 1919 556 peccata
1948 489 1996 551 Α
2021 503 2143 542 rum
2179 489 2451 542 hominum
2487 489 2854 543 testimonium
2900 503 3087 542 verum
3112 497 3218 545 est.
3259 487 3327 544 Si
3365 487 3594 544 duorum

356 581 596 650 Spiritus.
649 577 752 642 Qui
797 584 1008 632 (eterna,
1037 576 1387 647 redemptione
1437 577 1648 632 inventa
1688 578 1920 634 introivit

353 670 510 726 semel
541 671 595 724 in
617 678 819 732 sancta,
841 669 894 723 id
922 675 1026 733 est,
1056 668 1271 732 omium,
1301 676 1362 723 ut
1388 670 1608 724 assistat
1635 670 1803 725 vultui
1823 672 1920 727 Dei

354 776 454 834 pro
493 761 670 816 nobis.
707 759 860 825 Quod
909 761 1042 817 dixit
1091 771 1286 814 ωεστ-πα
1315 760 1660 830 redemptione
1685 761 1918 826 inventa,

353 852 592 906 ostendit
635 851 688 904 in
717 851 986 919 prioribus
1006 850 1288 905 sacriﬁciis
1305 858 1359 904 et
1386 851 1644 920 legalibus
1665 866 1924 908 caeremo-

352 944 460 999 niis
482 957 587 996 non
621 957 739 997 esse
781 951 1038 995 teternam
1075 941 1517 1010 redemptionem.
1570 941 1756 1013 (Vens.
1808 943 1921 1015 lii.)

352 1033 416 1089 Si
441 1033 578 1087 enim
615 1033 826 1102 sanguis
850 1033 1111 1085 hircorum
1136 1041 1184 1084 et
1210 1041 1486 1086 taurorum
1511 1042 1559 1086 et
1588 1035 1717 1088 cinis
1745 1033 1922 1088 vitqu

350 1138 594 1194 aspersus
647 1123 944 1192 inquinatos
1007 1122 1300 1190 sanctiﬁcat
1372 1122 1442 1175 ad
1500 1124 1921 1178 emundationem

351 1215 592 1289 [carnis].
622 1203 830 1280 Quanto
856 1215 1021 1284 magis
1064 1216 1276 1285 sanguis
1316 1213 1532 1280 Christi,
1560 1215 1650 1286 qui
1684 1233 1778 1285 per
1802 1213 1922 1286 Spi-

351 1307 508 1360 ritum
528 1313 766 1359 sanctum
786 1305 1116 1374 semetipsum
1157 1303 1341 1357 obtulit
1364 1303 1761 1357 immaculatum
1787 1303 1921 1358 Deo.

357 1415 376 1448 ι
413 1396 471 1450 Si
507 1397 651 1450 enim
687 1411 926 1458 carnem,
959 1395 1155 1465 inquit,
1199 1396 1376 1464 potuit
1401 1397 1662 1451 mundare
1705 1397 1923 1467 sanguis

351 1497 650 1552 taurorum,
681 1487 848 1541 multo
873 1486 1103 1554 amplius
1129 1487 1322 1541 anima:
1349 1487 1563 1541 sordem
1595 1487 1763 1542 diluet
1791 1502 1919 1541 san-

348 1578 468 1649 guis
501 1577 723 1632 Christi.
756 1576 833 1632 Ne
863 1577 1008 1631 enim
1033 1577 1257 1632 audiens
1283 1578 1597 1646 sanctiﬁcat,
1625 1577 1920 1648 perfectam

349 1681 465 1722 esse
487 1667 811 1722 ablutionem
826 1675 1056 1721 aestimet
1081 1668 1223 1736 quis,
1252 1683 1377 1723 mox
1405 1669 1678 1739 subjungit
1700 1685 1920 1725 causam

348 1757 662 1812 dill'erentiae
702 1759 887 1812 dicens
915 1775 926 1810 :
965 1758 1068 1823 Qui
1106 1775 1198 1828 per
1223 1758 1474 1828 Spiritum
1495 1761 1658 1830 693
1683 1770 1920 1814 sanctum

2023 579 2386 634 testimonium
2411 595 2519 634 non
2541 589 2624 634 est
2649 579 3028 650 spernendum,
3063 587 3264 650 quanto
3283 580 3455 651 magis
3485 579 3592 635 Pa-

2020 672 2120 726 tris
2146 681 2200 727 et
2221 671 2366 736 Filii,
2392 672 2553 727 etiam
2579 682 2634 727 et
2656 671 2891 742 Spiritus
2911 673 3104 736 sancti,
3129 673 3196 726 de
3215 687 3321 742 quo
3347 671 3545 727 dicitur
3572 692 3587 726 ;

2022 763 2124 817 Ille
2159 764 2509 817 testimonium
2535 764 2764 834 perhibet
2799 763 2864 817 de
2918 779 3019 816 me.
3057 763 3124 816 Et
3172 761 3241 818 de
3281 761 3537 832 apostolis
3577 775 3591 812 :

2021 850 2092 904 Et
2118 867 2207 905 vos
2242 852 2447 922 quidem
2475 853 2825 906 testimonium
2851 853 3127 922 perhibetis
3157 851 3220 906 de
3247 867 3346 917 me,
3377 852 3502 921 quia
3527 851 3596 904 ab

2019 941 2169 995 initio
2201 958 2401 994 mecum
2451 943 2573 995 estis
2611 942 2793 1014 (Joan.
2849 958 2904 1009 ν,
2963 941 3077 1014 36).
3125 961 3144 994 ι
3200 942 3257 996 In
3305 942 3598 996 offensione

2020 1032 2217 1102 quippe
2237 1045 2471 1096 eramus,
2504 1033 2642 1086 mori
2683 1047 2782 1087 nos
2820 1035 3122 1103 oportebat.
3163 1053 3184 1086 ›
3225 1033 3368 1087 Misit
3395 1032 3594 1087 Filium

2021 1138 2176 1178 suum
2207 1121 2407 1177 factum
2433 1137 2499 1177 ex
2523 1122 2768 1187 muliere,
2811 1124 2902 1192 qui
2924 1123 3060 1177 mori
3090 1123 3353 1191 potuisset
3376 1137 3478 1192 pro
3507 1123 3598 1177 de-

2020 1213 2286 1268 bitoribus
2333 1213 2552 1277 mortis;
2601 1213 2689 1281 qui
2717 1222 2961 1268 mortuus
2990 1222 3072 1268 est
3100 1229 3198 1282 pro
3235 1213 3391 1267 nobis
3417 1213 3598 1268 debita

2023 1306 2225 1378 [Forte,
2251 1307 2430 1362 debita
2456 1307 2631 1378 nobis]
2658 1316 2849 1360 morte.
2886 1325 2921 1357 «η
2940 1305 3130 1360 Effecit
3160 1319 3260 1361 nos
3306 1305 3497 1377 dignos
3518 1314 3598 1359 tes-

2021 1400 2270 1454 stamenti
2297 1408 2350 1453 et
2371 1399 2703 1454 htereditatis
2727 1399 3026 1467 promissae.
3059 1397 3173 1452 Hoc
3200 1396 3359 1450 modo
3381 1395 3596 1450 ﬁrmum

2020 1490 2223 1546 factum
2262 1499 2347 1545 est
2395 1497 2796 1546 testamentum.
2825 1490 2884 1545 In
2916 1498 3122 1544 tantum
3166 1489 3267 1544 fuit
3314 1498 3597 1559 peccatum

2020 1595 2284 1650 nostrum,
2320 1595 2382 1640 ut
2431 1586 2628 1641 salvari
2672 1600 2777 1641 non
2816 1586 3079 1655 potuisset
3133 1584 3442 1653 aliquando,
3491 1581 3598 1638 nisi

2020 1677 2330 1747 unigenitus
2359 1677 2528 1732 Filius
2575 1677 2668 1731 Dei
2713 1692 2814 1747 pro
2841 1677 2996 1730 nobis
3023 1683 3343 1730 moreretur.
3399 1693 3418 1726 ι
3447 1671 3598 1740 Quod

2021 1781 2150 1822 vero
2175 1767 2252 1820 ait
2291 1767 2562 1822 inﬁrmum
2591 1782 2712 1822 esse
2751 1775 3150 1830 testamentum,
3195 1765 3410 1820 vivente
3437 1772 3600 1819 testa-

348 1851 675 1919 semetipsum
705 1849 887 1903 obtulit
907 1848 1303 1903 immaculatum
1357 1849 1466 1903 Deo
1494 1867 1511 1903 :
1543 1851 1645 1905 hoc
1693 1858 1797 1916 est,
1829 1866 1917 1906 sa-
1947 1839 1992 1898 Β
2023 1865 2156 1923 tore,
2189 1859 2292 1913 hoc
2315 1859 2583 1929 signiﬁcat
2607 1859 2750 1928 quod
2780 1859 3016 1929 quandiu
3042 1858 3179 1912 vivit
3223 1865 3469 1922 testator,
3495 1870 3598 1927 po-

347 1939 608 1994 criﬁcium
642 1939 1064 1993 immaculatum.
1093 1939 1224 1992 Erat
1244 1941 1438 2009 quippe
1463 1941 1719 1995 mundum
1742 1958 1770 1995 a
1793 1955 1918 2010 pec.-

346 2029 480 2083 catis
501 2030 602 2083 hoc
626 2029 974 2092 sacriﬁcium,
1002 2030 1104 2082 hoc
1127 2036 1231 2091 est,
1259 2043 1355 2098 per
1379 2027 1640 2098 Spiritum
1663 2037 1910 2085 sanctum

344 2125 623 2182 aeternum,
655 2135 760 2172 non
787 2134 884 2188 per
912 2119 1112 2188 ignem,
1141 2134 1246 2172 non
1273 2133 1370 2189 per
1409 2119 1512 2172 alia
1543 2119 1805 2188 quaedam.

417 2210 487 2264 Et
505 2211 776 2265 mundabit
797 2211 1168 2265 conscientiam
1185 2219 1417 2264 nostram
1439 2210 1503 2264 ab
1522 2212 1760 2281 operibus
1777 2227 1917 2264 mor-

343 2301 446 2354 tuis
467 2301 534 2353 ad
561 2300 886 2354 serviendum
925 2301 1034 2354 Deo
1057 2301 1267 2354 viventi.
1297 2301 1442 2355 Bene
1471 2301 1606 2355 dixit
1636 2302 1702 2354 ab
1742 2303 1916 2373 operi-

343 2391 438 2445 bus
474 2394 735 2455 mortuis;
766 2393 811 2446 si
841 2393 963 2460 quis
987 2393 1132 2446 enim
1173 2393 1425 2461 tangebat
1462 2402 1757 2457 mortuum,
1802 2393 1919 2463 pol-

341 2479 590 2534 luebatur
623 2497 637 2531 :
675 2481 742 2532 Et
777 2480 865 2533 hic
892 2481 937 2533 si
973 2481 1096 2548 quis
1145 2480 1385 2549 tetigerit
1432 2495 1564 2547 opus
1621 2489 1912 2546 mortuum,

343 2572 740 2628 contaminatur
779 2586 876 2640 per
906 2571 1310 2626 conscientiam.
1359 2571 1534 2639 Opera
1559 2580 1769 2625 mortua
1792 2580 1918 2626 sunt

342 2670 581 2732 peccata.
631 2660 734 2725 Qui
762 2662 898 2714 enim
941 2661 1163 2730 tetigerit
1206 2663 1392 2732 picem,
1449 2661 1804 2731 inquinabitur
1849 2663 1915 2716 ab

341 2771 425 2819 ea,
467 2756 546 2810 sic
573 2756 667 2824 qui
689 2770 787 2824 per
811 2756 1182 2824 paenitentiam
1217 2757 1432 2812 ablutus
1461 2765 1545 2812 est
1569 2759 1637 2812 ab
1663 2757 1916 2826 operibus

342 2849 591 2912 mortuis,
617 2848 664 2901 si
683 2849 870 2902 eadem
895 2849 1089 2904 iterum
1113 2850 1244 2919 agit,
1268 2851 1420 2920 pejus
1440 2852 1912 2905 contaminabitur.

345 2939 500 2995 Sicut
528 2940 720 2996 Petrus
750 2941 1025 3010 apostolus
1055 2959 1067 2994 :
1103 2941 1262 2997 Canis
1294 2959 1528 2996 reversus
1569 2943 1638 2996 ad
1665 2943 1914 2996 vomitum

344 3030 430 3104 (11
482 3031 627 3087 Petr.
676 3049 740 3098 ιι,
793 3034 906 3105 2‘2),
945 3035 1018 3088 ita
1068 3036 1158 3104 qui
1205 3037 1363 3090 iterat
1409 3035 1687 3090 stultitiam
1736 3049 1910 3088 suam.

341 3125 423 3179 Ad
469 3126 816 3190 serviendum,
867 3127 1057 3195 inquit,
1093 3127 1202 3181 Deo
1241 3127 1448 3181 viventi.
1480 3128 1576 3180 llic
1605 3124 1915 3180 manifestat

2017 1956 2123 2002 test
2145 1949 2433 2004 immutare
2458 1951 2800 2014 sententiam,
2833 1957 2889 2004 et
2915 1949 3051 2004 alios
3077 1957 3240 2018 atque
3267 1949 3402 2006 alios
3429 1950 3599 2006 addu-

2017 2053 2142 2094 cere
2161 2039 2404 2094 hazredes
2431 2040 2487 2093 in
2517 2042 2887 2096 hzereditatem
2922 2055 3093 2095 suam.

2091 2128 2249 2183 Vens.
2288 2130 2372 2184 18.
2402 2158 2473 2168 —-
2510 2127 2656 2184 Unde
2689 2146 2780 2184 nec
2811 2131 3038 2201 primum
3085 2131 3292 2200 quidem
3328 2131 3443 2186 sine
3472 2145 3599 2185 san-

2015 2221 2172 2291 guine
2209 2220 2506 2275 dedicatum
2530 2230 2624 2275 est.
2675 2239 2695 2272 ‹
2733 2221 2902 2287 Unde,
2937 2223 3090 2288 dixit,
3123 2240 3213 2277 nec
3248 2225 3472 2294 primum
3526 2230 3600 2276 te-

2016 2319 2341 2367 stamentum
2368 2312 2480 2366 sine
2503 2313 2758 2382 sanguine
2785 2313 3080 2367 dedicatum
3112 2323 3214 2378 est,
3247 2314 3299 2367 id
3348 2322 3452 2378 est,
3507 2313 3610 2365 ﬁr-

2015 2417 2162 2454 mum
2191 2400 2392 2455 factum
2428 2409 2531 2466 est,
2569 2402 2880 2456 roboratum
2901 2410 3003 2457 est.
3031 2402 3183 2470 Quod
3218 2411 3398 2457 autem
3443 2402 3606 2466 dixit,

2016 2491 2172 2554 unde,
2198 2491 2304 2544 tale
2328 2500 2430 2553 est,
2477 2490 2636 2558 quale
2665 2491 2710 2545 si
2737 2491 2964 2556 diceret,
2996 2501 3279 2560 propterea
3315 2483 3598 2559 oportebat

2018 2581 2320 2636 testamenti
2337 2581 2730 2636 solemnitatem
2747 2581 3000 2649 compleri
3018 2582 3176 2635 etiam
3202 2597 3298 2649 per
3319 2591 3548 2635 mortem
3571 2601 3591 2632 ι

2014 2670 2235 2726 Christi.
2297 2671 2482 2741 (Vens.
2535 2670 2744 2742 19-22.)
2793 2670 2946 2724 Lecto
2976 2673 3111 2724 enim
3157 2671 3296 2724 omni
3343 2671 3598 2724 mandato

2015 2761 2140 2831 legis
2157 2780 2188 2814 a
2203 2760 2385 2830 Moyse
2399 2763 2638 2815 universo
2655 2760 2863 2832 populo,
2882 2763 3187 2833 accipientes
3214 2761 3315 2834 [lla
3334 2761 3464 2817 Cod.
3491 2763 3597 2834 leg.

2014 2850 2295 2922 accipiens]
2325 2853 2632 2922 sanguinem
2659 2853 2935 2908 vitulorum
2959 2862 3007 2907 et
3033 2854 3296 2907 hircorum
3318 2869 3436 2907 cum
3457 2869 3598 2924 aqua

2013 2950 2064 2995 et
2111 2943 2236 2995 lana
2280 2943 2521 2996 coccinea
2556 2952 2604 2996 et
2629 2944 2868 3015 hyssopo,
2899 2945 3067 3015 ipsum
3095 2961 3295 3016 quoque
3323 2944 3514 3000 librum
3542 2955 3594 2998 et

2015 3049 2218 3087 omnem
2257 3033 2506 3105 populum
2535 3037 2772 3106 aspersit,
2825 3037 3002 3091 dicens
3057 3055 3074 3092 :
3124 3033 3224 3091 Hic
3254 3046 3328 3092 est
3382 3039 3597 3108 sanguis

2013 3123 2332 3186 testamenti,
2383 3123 2520 3194 quod
2563 3125 2830 3179 mandavit
2873 3127 2942 3180 ad
2973 3144 3058 3182 vos
3094 3127 3251 3182 Deus.
3282 3127 3462 3182 Etiam
3508 3137 3594 3182 ta-

340 3216 466 3284 quia
499 3230 663 3285 opera
707 3224 918 3270 mortua
979 3217 1238 3271 habentes
1284 3232 1390 3270 non
1444 3225 1670 3285 possunt
1707 3216 1912 3270 servire
1937 3181 1986 3246 c
2016 3209 2350 3266 bernaculum
2399 3222 2448 3267 et
2481 3216 2654 3269 omnia
2686 3232 2828 3288 vasa
2855 3217 3127 3271 ministerii
3153 3219 3408 3288 sanguine
3454 3218 3599 3273 simi-

340 3319 469 3360 vero
497 3312 551 3358 et
574 3305 697 3362 vivo
739 3305 871 3369 Deo,
915 3305 1038 3373 quia
1068 3305 1156 3359 illa
1182 3313 1394 3360 mortua
1430 3315 1554 3360 sunt
1580 3315 1632 3360 et
1663 3305 1815 3361 falsa.
1847 3306 1915 3359 Et

342 3395 534 3450 merito
577 3395 756 3450 nullus
795 3410 961 3464 opera
1007 3404 1220 3450 mortua
1247 3397 1451 3450 habens
1479 3397 1777 3466 ingreditur
1801 3395 1909 3450 hic.

339 3486 396 3540 Si
447 3487 592 3541 enim
634 3503 757 3542 eum
806 3488 896 3558 qui
940 3503 1138 3558 corpus
1188 3495 1458 3544 mortuum
1488 3490 1754 3560 tangebat,
1805 3504 1912 3544 non

338 3579 623 3647 oportebat
667 3578 873 3634 intrare
901 3579 957 3633 in
1005 3579 1286 3648 templum,
1340 3589 1541 3649 quanto
1585 3579 1756 3648 magis
1785 3594 1912 3634 eum

337 3669 427 3738 qui
467 3684 632 3738 opera
659 3677 870 3723 mortua
910 3668 1116 3741 [habet]
1157 3685 1261 3724 non
1285 3677 1463 3739 potest
1491 3671 1696 3724 intrare
1723 3669 1776 3723 in
1801 3683 1912 3724 cce-

335 3759 482 3815 lum?
533 3760 740 3815 Mortua
771 3761 966 3831 quippe
1016 3769 1140 3815 sunt
1167 3761 1347 3816 omnia
1387 3776 1548 3830 opera
1597 3776 1717 3829 quae
1742 3760 1910 3814 vitam

231 3885 234 3888 ν
336 3867 440 3906 non
470 3852 688 3908 habent.
713 3872 731 3904 ι
761 3851 946 3921 (Vens.
971 3852 1184 3922 15—17.)
1214 3852 1283 3906 Et
1306 3853 1420 3906 ideo
1447 3852 1582 3904 Navi
1608 3850 1908 3903 Testamen-

335 3944 375 3997 ti
399 3945 655 3997 mediator
698 3953 794 4005 est,
818 3953 873 3995 ut
903 3953 1068 3996 morte
1094 3942 1462 4003 intercedente,
1486 3941 1540 3993 in
1564 3941 1910 4009 redemptione

333 4048 514 4086 earum
554 4031 1066 4101 prwvaricationum,
1094 4046 1210 4100 qua:
1243 4039 1389 4082 erant
1432 4029 1530 4083 sub
1555 4030 1727 4100 priore
1750 4039 1908 4085 testa-

333 4131 506 4176 mento
535 4121 953 4186 repromissiones
981 4121 1261 4189 accipiant,
1285 4121 1375 4190 qui
1398 4121 1565 4175 vocati
1587 4130 1730 4187 sunt,
1756 4131 1909 4177 teter-

333 4226 416 4264 πίε
443 4210 779 4264 hwreditatis.
815 4208 914 4264 Ubi
941 4209 1077 4264 enim
1121 4217 1484 4263 testamentum
1525 4219 1623 4275 est,
1649 4227 1790 4266 mors
1818 4227 1909 4266 ne-

333 4315 472 4353 cesse
498 4309 572 4352 est
615 4298 899 4352 intercedat
940 4299 1221 4354 testatoris.
1259 4298 1642 4353 Testamentum
1686 4301 1822 4355 enim
1852 4302 1907 4355 in

332 4389 555 4443 mortuis
602 4387 969 4456 conﬁrmatum
1027 4397 1124 4453 est,
1176 4387 1409 4459 alioquin
1453 4389 1684 4443 nondum
1747 4390 1903 4456 valet,

330 4483 455 4536 dum
501 4479 618 4534 vivit
661 4481 749 4550 qui
781 4489 996 4533 testatus
1025 4488 1118 4533 est.
1157 4499 1172 4529 ι
1207 4479 1475 4534 Fortassis
1514 4481 1656 4534 enim
1685 4489 1905 4550 possent

2012 3300 2134 3356 liter
2178 3306 2400 3374 aspersit
2429 3321 2448 3358 .·
2477 3315 2527 3360 et
2576 3309 2751 3361 omnia
2775 3325 2902 3378 pene
2945 3311 3001 3362 in
3023 3311 3274 3380 sanguine
3318 3310 3592 3364 mundavit

2011 3397 2298 3450 secundum
2325 3397 2523 3468 legem;
2568 3408 2617 3454 et
2645 3401 2758 3454 sine
2784 3402 3054 3471 sanguinis
3085 3403 3338 3471 effusione
3364 3418 3467 3456 non
3493 3401 3596 3470 fuit

2014 3484 2186 3557 [Leg.,
2216 3503 2318 3542 non
2346 3489 2429 3560 ﬁt]
2468 3490 2722 3545 remissio.
2751 3491 2890 3559 Quid
2938 3503 3020 3547 est
3067 3491 3209 3562 quod
3253 3492 3390 3546 liber
3425 3499 3480 3544 et
3501 3505 3602 3558 po-

2010 3580 2170 3649 pulus
2209 3587 2263 3634 et
2315 3581 2721 3637 tabernaculum
2750 3585 3014 3651 sanguine
3053 3598 3307 3652 aspersus
3335 3590 3438 3645 est,
3488 3581 3593 3636 nisi

2010 3669 2282 3737 pretiosus
2326 3671 2546 3737 sanguis
2571 3669 2770 3723 Christi
2800 3670 3098 3725 Salvatoris
3125 3672 3295 3726 nostri
3319 3672 3386 3725 ab
3411 3671 3587 3732 initio,

2012 3761 2106 3813 illo
2153 3760 2448 3822 schemate,
2486 3759 2879 3829 praenuntiatus
2927 3761 3042 3815 est?
3087 3760 3266 3828 Quare
3310 3761 3585 3831 hyssopo?

2010 3847 2288 3917 Hyssopus
2333 3848 2478 3900 enim
2519 3847 2682 3901 herba
2720 3848 2942 3903 humilis
2979 3858 3062 3904 est
3091 3859 3144 3904 et
3177 3851 3232 3905 in
3256 3850 3426 3921 petris
3466 3864 3593 3904 nas-

2010 3953 2140 3992 cens
2171 3951 2185 3990 :
2223 3937 2503 3993 humilitas
2549 3936 2752 3993 Christi
2787 3940 3122 4009 signiﬁcatur
3161 3955 3258 4009 per
3292 3942 3431 3995 hanc
3459 3942 3589 3995 her-

2009 4029 2137 4084 bam
2163 4035 2218 4083 et
2257 4027 2535 4094 fortitudo,
2563 4044 2669 4098 qua
2713 4029 2970 4084 interiora
3022 4040 3206 4084 nostra
3267 4037 3587 4099 purgantur.

2008 4120 2146 4175 Nam
2172 4121 2277 4176 hoc
2307 4136 2506 4192 genere
2536 4122 2718 4176 herbae
2743 4122 3057 4193 pulmonum
3098 4122 3228 4176 vitia
3254 4122 3473 4192 purgari
3498 4136 3588 4177 so-

2008 4210 2140 4266 lent.
2167 4210 2345 4278 Quare
2382 4213 2612 4281 aquam?
2635 4211 2884 4268 Ostendit
2911 4213 3313 4268 mundationem
3347 4212 3610 4266 futuram

2006 4317 2106 4372 per
2134 4317 2330 4371 aquam
2357 4303 2630 4372 baptismi.
2656 4303 2834 4371 Quare
2873 4303 2993 4358 lana
3022 4303 3315 4358 coccinea?
3346 4302 3416 4358 Ut
3459 4301 3588 4356 reti-

2006 4401 2161 4447 neret
2206 4394 2543 4462 sanguinem.
2575 4393 2825 4449 Ostendit
2870 4395 2972 4448 hoc
3018 4394 3136 4449 loco
3178 4394 3322 4449 idem
3369 4407 3489 4447 esse
3525 4401 3581 4447 et

2011 4498 2208 4552 aquam
2231 4493 2286 4536 et
2305 4484 2644 4553 sanguinem,
2673 4482 2837 4554 694
2857 4484 3124 4554 Baptisma
3150 4484 3312 4538 etiam
3340 4493 3584 4538 nostrum

331 4574 510 4638 multi,
544 4573 634 4641 qui
665 4543 928 4626 inﬁrmius
964 4571 1333 4626 alliciebantur
1375 4587 1442 4626 ex
1473 4587 1538 4627 eo
1569 4543 1710 4642 quod
1750 4590 1898 4628 mor-
1933 4543 1980 4601 θ
2009 4543 2240 4646 [έΙινῃεη
2264 4543 2529 4644 baptisma
2575 4543 2889 4647 enim'ejbs]
2919 4543 3098 4646 passio
3147 4574 3264 4644 ejus
3301 4583 3404 4640 est,
3460 4575 3581 4631 ideo

333 4672 458 4720 tuus
490 4671 572 4719 est
615 4662 883 4725 Christus,
919 4662 1156 4715 maxime
1181 4677 1285 4715 non
1315 4663 1535 4717 credere
1578 4664 1898 4733 promissio-

330 4771 428 4810 nes
456 4754 589 4823 ejus.
622 4752 821 4807 Paulus
849 4753 1014 4822 igitur
1046 4765 1112 4805 ex
1143 4752 1470 4806 abundantia
1512 4753 1615 4808 hoc
1642 4754 1814 4822 ponit,
1845 4762 1902 4810 et

329 4845 572 4916 exempla
618 4859 684 4899 ex
725 4843 993 4899 communi
1023 4856 1302 4896 assumens
1351 4846 1739 4899 consuetudine
1767 4845 1900 4900 dicit

331 4935 484 5003 quasi
514 4933 782 4990 dubitanti
811 4933 963 4988 cordi
997 4932 1377 5000 responderet;
1412 4941 1698 5002 propterea
1736 4935 1900 5006 igitur

328 5026 610 5093 oportebat
642 5025 1004 5080 conﬁteri.....
1035 5023 1159 5093 quia
1189 5039 1318 5087 non,
1346 5021 1580 5094 [Chrgs.,
1617 5027 1900 5096 oportebat

327 5115 616 5171 conﬁdere.
647 5115 858 5182 Quare?
883 5117 1017 5184 Quia
1045 5130 1172 5179 non,
1195 5114 1325 5187 etc.]
1352 5115 1656 5171 viventibus
1683 5125 1902 5174 testato-

327 5205 502 5270 ribus,
534 5209 626 5261 sed
656 5207 908 5273 mortuis,
946 5217 1074 5263 tunc
1110 5207 1267 5263 ﬁrma
1301 5213 1429 5262 sunt
1472 5214 1817 5277 testamenta,
1844 5217 1901 5266 et

326 5294 695 5351 fortitudinem
748 5298 1036 5366 accipiunt.
1094 5299 1498 5355 Testamentum
1560 5300 1704 5355 enim
1751 5301 1898 5357 circa

327 5388 674 5442 novissimum
707 5388 849 5442 diem
889 5388 951 5441 ﬁt
982 5387 1342 5446 delhnctionis
1368 5404 1383 5444 :
1406 5391 1460 5446 iu
1500 5390 1658 5446 simul
1683 5390 1894 5464 [testes]

327 5478 486 5534 debet
530 5480 731 5534 habere
757 5487 1157 5534 testamentum.
1188 5480 1420 5539 Adverte
1445 5498 1568 5539 eum
1589 5483 1854 5540 dicentem
1878 5501 1892 5538 :

326 5567 442 5634 Ego
463 5584 602 5635 sum,
623 5570 712 5639 qui
737 5569 1085 5624 testimonium
1110 5571 1356 5640 prohibeo
1400 5574 1465 5627 de
1491 5591 1707 5647 meipso,
1732 5583 1782 5631 et
1818 5583 1897 5630 te-

325 5659 624 5713 stimonium
660 5660 887 5730 perhibet
938 5660 1002 5714 de
1057 5675 1158 5726 me,
1209 5663 1299 5731 qui
1355 5665 1495 5717 misit
1559 5682 1640 5720 me
1710 5665 1890 5736 (Joan.

327 5765 416 5818 xx,
447 5749 555 5821 18).
588 5771 606 5804 ›
641 5752 709 5808 Et
732 5753 785 5808 in
817 5752 932 5828 lege
953 5759 1130 5808 vestra
1155 5751 1461 5828 [scriptum]
1483 5763 1586 5822 est,
1609 5758 1733 5827 quia
1761 5759 1892 5814 duo-

2005 4663 2144 4718 idem
2167 4664 2369 4718 Paulus
2391 4663 2524 4720 dicit
2545 4665 2652 4720 alio
2673 4665 2792 4721 loco
2814 4684 2826 4720 :
2852 4664 3149 4738 Consepulti
3166 4666 3302 4720 enim
3323 4665 3444 4720 estis
3463 4682 3582 4720 cum

2003 4752 2093 4807 illo
2131 4754 2186 4807 in
2231 4755 2482 4825 baptismo
2511 4754 2683 4828 (Rom.
2712 4773 2788 4822 vi,
2827 4756 2904 4827 4).
2930 4757 3084 4824 Quod
3113 4772 3242 4812 vero
3265 4757 3364 4822 ait,
3389 4752 3577 4828 [quod]

2003 4845 2120 4899 sine
2153 4846 2429 4916 sanguinis
2468 4845 2727 4904 eﬁ‘usione
2756 4864 2861 4904 non
2902 4849 3066 4904 fuerit
3092 4850 3360 4914 remissio,
3411 4861 3582 4918 quare

2003 4937 2105 4993 hoc
2138 4938 2310 4992 dixit?
2339 4937 2475 5006 Quia
2507 4939 2562 4993 in
2586 4939 2694 4994 illis
2733 4941 2891 5009 plena
2915 4956 3020 4995 non
3046 4940 3147 4995 fuit
3174 4940 3442 5004 remissio,
3483 4937 3579 4994 sed

2003 5029 2136 5083 semi
2175 5028 2354 5096 plena,
2379 5029 2435 5083 in
2466 5030 2688 5084 minima
2721 5039 2905 5100 parte;
2955 5048 3101 5087 nunc
3135 5043 3314 5087 autem
3363 5032 3449 5085 hic
3477 5041 3576 5095 est,

2001 5115 2195 5185 inquit,
2223 5117 2434 5188 sanguis
2457 5117 2576 5172 novi
2614 5121 2929 5186 testamenti,
2968 5123 3058 5193 qui
3083 5139 3176 5193 pro
3203 5122 3349 5176 nobis
3377 5122 3578 5191 eﬂ'usus

2001 5218 2076 5262 est
2123 5210 2179 5262 in
2223 5211 2576 5264 remissionem
2613 5223 2961 5282 peccatorum.
3002 5216 3132 5283 Quis
3176 5225 3260 5272 est
3299 5216 3438 5271 liber
3481 5217 3604 5288 qui-

2003 5314 2254 5370 aspersus
2281 5311 2365 5356 est
2387 5304 2644 5373 sanguine
2671 5306 2920 5374 mystico,
2943 5313 2999 5362 et
3028 5323 3148 5377 quae
3177 5315 3301 5363 sunt
3319 5323 3449 5363 vasa
3475 5323 3575 5362 un-

2002 5393 2217 5459 ctionis,
2269 5400 2324 5449 et
2361 5396 2506 5464 quod
2551 5395 2972 5461 tabernaculum,
3016 5400 3120 5454 nisi
3164 5400 3426 5471 populus?
3467 5399 3575 5470 Ipsi

2001 5483 2144 5538 enim
2175 5491 2300 5538 sunt
2326 5482 2484 5550 liber,
2510 5500 2657 5550 vasa,
2695 5494 2751 5542 et
2787 5489 3214 5544 tabernaculum.
3243 5490 3368 5546 ldeo
3393 5490 3575 5546 Domi—

2001 5590 2104 5630 nus
2167 5575 2298 5631 dicit
2356 5593 2369 5630 :
2445 5574 2758 5633 Inhabitabo
2814 5578 2870 5659 in
2933 5579 3060 5646 illis,
3131 5590 3178 5636 et
3237 5581 3573 5637 inambulabo

2001 5665 2089 5723 (ΙΙ
2118 5663 2239 5722 Cor.
2271 5682 2345 5731 γι,
2403 5665 2512 5738 15).
2543 5665 2651 5724 Sed
2680 5676 2793 5725 tota
2827 5669 2970 5728 illius
2995 5672 3208 5729 Veteris
3242 5671 3571 5730 Testamenti

1999 5758 2100 5814 fuit
2128 5759 2424 5828 corporalis
2447 5759 2757 5828 inundatio;
2801 5777 2944 5818 nunc
2970 5779 3101 5820 vero
3129 5765 3386 5837 spiritalis
3410 5770 3490 5818 est
3511 5761 3568 5816 in
