4002 6186
379 346 520 403 1θῖΞῖ

1231 340 1290 394 Β.
1331 340 1394 395 F.
1435 338 1661 396 ALBlNl
1700 337 1830 395 SEU
1868 335 2143 392 ALCUINI
2175 337 2460 394 OPERUM
2497 335 2674 392 PARS
2710 336 2774 392 ιι.

3500 319 3626 396 tota

383 477 586 524 animo,
615 457 886 529 sanguinis
912 454 1132 510 Christi.
1161 454 1286 509 Ideo
1316 453 1483 509 dicit:
1511 453 1611 507 Hic
1638 463 1711 508 est
1739 451 1950 522 sanguis
1979 454 2028 511 Δ
2052 447 2309 516 ﬂuebant,
2357 450 2497 504 sicut
2525 451 2580 504 in
2606 448 2829 506 Actibus
2853 442 3234 518 Apostolorum
3269 449 3469 520 tegitur
3490 454 3628 523 (Act.

386 553 504 608 novi
541 548 834 605 testamenti
888 547 941 599 in
993 545 1341 599 remissionem
1367 553 1706 614 peccatorum
1754 541 1947 613 (Marc.

384 659 496 707 xxv,
526 637 640 710 24).
678 657 697 689 ‹
747 637 807 693 lu
849 637 954 693 illis
982 637 1247 706 siquidem
1283 635 1339 689 in
1380 634 1664 703 superﬁcie
1705 647 1957 704 aSperge-

380 731 542 790 batur
567 739 624 785 et
674 731 871 785 iterum
913 727 1217 784 diluebatur
1238 741 1516 795 aspersus;
1578 739 1756 794 neque
1809 724 1954 779 enim

385 827 700 880 cruentatus
728 834 941 888 semper
966 817 1346 874 deambulabat
1367 815 1595 886 populus
1625 833 1639 868 ε
1671 815 1726 869 in
1774 815 1954 868 anima

383 925 516 966 vero
539 925 648 964 non
675 911 749 964 ita
783 918 888 974 est,
910 908 1005 963 sed
1026 907 1128 977 ipsi
1147 906 1396 961 essentia:
1431 905 1811 960 commiscetur
1832 919 1957 958 san-

385 1001 524 1072 guis,
569 1000 764 1056 fortem
805 999 954 1053 illam
999 997 1202 1052 faciens
1224 1004 1281 1050 et
1306 996 1582 1059 mundam,
1623 1001 1680 1049 et
1713 994 1780 1049 ad
1809 992 1960 1047 illam

383 1092 801 1148 inenarrabilcm
830 1089 1280 1160 pulchritudinem
1325 1088 1645 1156 perducens.
1686 1105 1704 1137 ι
1732 1085 1957 1155 Propter

383 1185 489 1240 hoc
513 1185 635 1255 agni
657 1183 858 1239 occisio
881 1180 1004 1246 fuit,
1045 1189 1101 1236 et
1144 1179 1363 1249 sanguis
1389 1176 1505 1245 ejus
1531 1175 1958 1245 superliminari-

383 1272 487 1330 bus
519 1272 918 1329 liberandorum
961 1270 1159 1333 illitus;
1187 1275 1406 1346 propter
1433 1269 1537 1322 hoc
1583 1265 1748 1320 etiam
1775 1265 1958 1319 omnia

383 1362 647 1418 sacriﬁcia
679 1361 876 1417 veteris
933 1357 1243 1414 testamenti
1270 1356 1542 1427 leguntur,
1564 1361 1624 1408 ut
1650 1355 1753 1409 hoc
1789 1369 1956 1408 unum

383 1453 710 1510 sacriﬁcium
771 1451 1075 1521 designaret
1120 1446 1325 1520 [Forte,
1381 1444 1799 1516 designaretur],
1860 1459 1958 1513 per

381 1546 524 1616 quod
549 1561 673 1601 vera
699 1554 782 1601 est
806 1545 1051 1601 remissio
1074 1551 1440 1615 peccatorum,
1469 1549 1524 1596 et
1537 1541 1815 1596 mundatio
1840 1541 1956 1595 ani-

381 1652 485 1692 mte
509 1636 564 1691 in
599 1644 888 1692 aeternum.

457 1727 614 1784 Vens.
647 1727 832 1784 23-94.
864 1759 935 1769 —
968 1721 1190 1782 Necesse
1236 1736 1311 1781 est
1343 1742 1470 1796 ergo
1496 1722 1814 1793 exemplaria
1839 1723 1954 1793 qni-

378 1821 494 1876 dem
520 1820 801 1876 cmlestium
830 1821 912 1875 his
939 1819 1222 1876 mandari:
1251 1819 1364 1889 ipsa
1391 1826 1562 1872 autem
1595 1815 1818 1870 caelestia
1847 1831 1956 1868 me-

379 1910 602 1967 lioribus
631 1912 812 1966 hostiis
860 1928 1017 1982 quam
1041 1911 1175 1965 istis.
1222 1908 1345 1964 Non
1383 1908 1518 1962 enim
1549 1908 1606 1960 in
1637 1903 1955 1973 manufactis

377 2003 575 2057 sanctis
611 1999 741 2073 [Al.,
789 2002 846 2055 in
898 1999 1203 2069 manufacta
1251 1997 1457 2069 sancta]
1515 1997 1672 2051 Iesus
1725 1993 1955 2048 introivit

377 2093 701 2164 exemplaria
748 2107 986 2147 verorum
1017 2108 1036 2146 :
1066 2091 1156 2145 sed
1185 2091 1240 2144 in
1273 2090 1443 2161 ipsum
1473 2087 1675 2150 caelum,
1712 2096 1766 2139 ut
1789 2101 1944 2155 appa-

377 2192 493 2240 reat
529 2189 666 2238 nunc
694 2182 859 2237 vultui
884 2182 986 2236 Dei
1009 2199 1103 2252 pro
1127 2182 1293 2235 nobis.
1321 2179 1601 2246 Quomodo
1628 2176 1962 2248 exemplaria

341 2317 350 2326 .
377 2283 504 2331 sunt
523 2289 732 2338 eorum,
763 2289 882 2344 qua:
908 2273 960 2328 in
982 2273 1134 2329 cmlis
1154 2273 1312 2328 sunt?
1333 2270 1586 2326 Coelestia
1609 2269 1826 2340 quidem
1854 2281 1957 2322 no-

377 2365 606 2420 minavit
631 2365 772 2420 hanc
822 2363 1289 2420 conversationem
1329 2369 1592 2425 nostram,
1642 2358 1797 2428 cujus
1826 2372 1956 2412 con-

380 2455 704 2510 versationis
731 2453 1007 2523 csemplar
1035 2451 1138 2508 fuit
1161 2461 1214 2508 et
1250 2450 1596 2523 signiﬁcatio,
1627 2461 1959 2518 quaecunque

380 2545 668 2616 gerebatur
702 2544 757 2598 in
787 2543 957 2598 veteri
998 2551 1338 2599 testamento.
1370 2541 1521 2598 Unde
1545 2549 1600 2597 ct
1625 2538 1914 2609 Apostolus
1940 2555 1953 2591 :

381 2633 716 2691 Comersatio
772 2642 950 2688 nostra
998 2636 1056 2689 in
1105 2633 1243 2690 ctelis
1287 2643 1360 2687 est
1412 2632 1633 2706 (Philip.
1692 2647 1778 2696 ιιι,
1840 2629 1954 2702 20),

385 2744 408 2780 ι
447 2725 507 2782 In
549 2726 702 2783 caelis
727 2739 856 2796 ergo
884 2733 1014 2781 sunt
1053 2725 1178 2789 ista,
1201 2739 1323 2794 quae
1356 2731 1544 2779 nostra
1567 2730 1714 2787 sunt,
1741 2729 1796 2776 et
1842 2721 1968 2775 haec

382 2830 569 2881 nostra
587 2824 854 2889 caelestia,
879 2821 1128 2894 quamvis
1147 2820 1201 2875 in
1225 2827 1368 2874 terra
1395 2817 1752 2874 celebrentur.
1785 2834 1803 2869 ι
1828 2813 1960 2882 Quae

379 2924 466 2973 est
509 2915 616 2969 ista
657 2913 1006 2970 conversatio
1032 2910 1260 2966 nostra?
1287 2907 1414 2964 Haec
1456 2915 1539 2963 est
1573 2921 1700 2962 vera
1726 2904 1960 2974 philoso-

379 3004 530 3076 phia,
576 3020 738 3075 quam
767 3003 1026 3059 Christus
1067 2999 1293 3064 docuit,"
1317 3013 1478 3068 quam
1515 2995 1743 3067 apostoli
1789 2995 1959 3051 secuti

379 3104 525 3158 sunt,
573 3109 696 3164 quae
741 3093 892 3148 ducit
943 3091 1013 3147 ad
1053 3089 1313 3148 coelestia.
1351 3088 1505 3146 Unde
1537 3095 1592 3143 et
1621 3085 1907 3158 Apostolus
1940 3105 1953 3140 :

2052 553 2114 604 ιι,
2159 535 2238 609 5),
2290 538 2379 594 die
2437 547 2623 594 sancto
2675 537 3058 604 Pentecosten,
3124 541 3344 610 quando
3399 541 3634 611 Spiritus

2053 637 2269 684 sanctus
2291 630 2452 686 datus
2467 641 2552 686 est
2574 629 2828 700 apostolis
2850 631 2904 685 in
2923 631 3173 686 omnibus
3194 631 3388 703 linguis
3407 634 3632 705 loquen-

2053 719 2215 784 tibus,
2247 720 2612 784 constituisse,
2650 728 2711 774 ut
2738 735 2806 775 es
2830 720 3058 777 diversis
3091 723 3339 790 partibus
3363 727 3537 781 mundi
3567 737 3630 784 et

2053 808 2273 864 caeleste
2316 810 2531 866 audisse
2570 811 2892 865 miraculum
2939 819 2997 866 et
3038 813 3256 868 vidisse.
3312 831 3333 864 ι
3365 814 3469 870 Sed
3495 818 3628 874 huic

2054 897 2254 968 templo
2283 906 2452 954 totum
2477 900 2726 970 opposuit
2756 901 2954 956 ctelum
2997 901 3212 965 Paulus,
3263 911 3320 959 et
3343 920 3451 960 non
3490 907 3634 964 hanc

2054 987 2224 1042 solam
2275 988 2631 1044 differentiam
2681 992 2934 1055 ostendit,
2984 994 3078 1050 sed
3101 995 3266 1049 etiam
3315 995 3630 1064 pontiﬁcem

2055 1093 2327 1150 magnum,
2358 1088 2417 1133 ut
2461 1082 2678 1136 assistat
2717 1083 2886 1137 vultui
2915 1084 3007 1138 Dei
3057 1083 3279 1157 (Sensus
3311 1089 3633 1160 corruptus).

2054 1167 2284 1224 Proinde
2315 1186 2420 1223 non
2445 1185 2512 1224 ex
2538 1172 2675 1226 cmlo
2705 1180 2933 1238 tantum,
2962 1174 3054 1228 sed
3080 1176 3244 1230 etiam
3288 1192 3355 1231 ex
3385 1179 3634 1248 ingressu

2056 1276 2170 1315 rem
2198 1262 2641 1318 venerabiliorem
2671 1262 2826 1319 facit.
2849 1264 2964 1319 Non
2992 1267 3136 1320 enim
3167 1268 3504 1336 simpliciter,
3527 1271 3638 1325 sic-

2057 1355 2116 1402 ut
2162 1348 2281 1412 hic,
2327 1365 2425 1419 per
2467 1351 2616 1422 signa
2643 1354 2908 1422 quaedam,
2946 1375 2966 1407 ι
3021 1357 3115 1410 sed
3145 1356 3246 1426 ipsi
3294 1359 3638 1415 Deoassistit

2056 1451 2270 1508 semper
2302 1440 2457 1494 vivus
2507 1441 2575 1494 ad
2625 1442 3070 1511 interpellandum
3106 1461 3206 1515 pro
3256 1447 3430 1502 nobis.
3469 1467 3487 1499 ι
3547 1449 3640 1503 ln-

2055 1537 2228 1592 tuere,
2255 1539 2469 1599 quanta:
2505 1531 2850 1588 diﬁ'ereutite!
2896 1550 3039 1604 stupe
3066 1545 3122 1590 et
3166 1537 3364 1603 semel;
3420 1540 3475 1592 in
3509 1556 3641 1596 san-

2055 1622 2214 1690 guine
2247 1622 2441 1688 alieno,
2477 1631 2533 1677 et
2575 1625 2626 1678 in
2670 1627 2931 1698 sanguine
2960 1629 3201 1698 proprio.
3245 1629 3465 1685 Multum
3503 1648 3640 1704 ergo

2054 1712 2299 1769 interest.
2322 1714 2438 1784 Ipse
2463 1723 2518 1770 et
2540 1716 2883 1786 sacrificium,
2913 1729 2968 1774 et
3007 1720 3278 1788 sacerdos,
3300 1731 3355 1777 et
3375 1723 3569 1778 hostia.
3607 1744 3630 1778 ι

1985 1790 2032 1851 Β
2123 1801 2450 1874 695Vens.
2465 1804 2969 1880 26-28.—Alioquin
2981 1811 3246 1880 oportebat
3263 1829 3381 1866 eum
3395 1812 3640 1884 frequen—

2057 1903 2137 1949 ter
2166 1895 2276 1966 pati
2304 1895 2368 1949 ab
2395 1898 2594 1968 origine
2623 1899 2804 1954 mundi
2827 1916 2844 1954 :
2872 1918 3009 1956 nunc
3038 1911 3212 1956 autem
3241 1903 3398 1958 semel
3423 1906 3478 1959 in
3510 1922 3646 1958 con-

2055 1987 2397 2040 summatione
2440 1986 2750 2043 steculorum
2771 2030 2784 2054 ,
2813 1989 2882 2043 ad
2907 1990 3295 2046 destitutionem
3319 1996 3514 2063 peccati
3545 2011 3650 2064 per

2056 2075 2279 2128 hostiam
2298 2091 2448 2129 suam
2471 2079 2732 2148 apparuit.
2754 2077 2818 2132 Et
2833 2081 3270 2150 quemadmodum
3291 2091 3540 2137 statutum
3561 2092 3648 2137 est

2055 2166 2253 2220 homini
2280 2167 2436 2221 semel
2461 2171 2614 2234 mori,
2647 2181 2762 2241 post
2803 2173 2898 2225 hoc
2937 2183 3113 2228 autem
3142 2173 3446 2244 judicium:
3473 2176 3549 2229 sic
3588 2184 3643 2228 et

2056 2252 2298 2311 Christus
2323 2257 2480 2312 semel
2515 2259 2718 2315 oblatus
2762 2271 2837 2316 est
2875 2263 2944 2317 ad
2973 2264 3257 2319 multorum
3282 2266 3644 2320 exhauriendo

2055 2355 2296 2415 peccata;
2323 2349 2550 2403 secundo
2572 2352 2839 2422 apparebit
2863 2354 2973 2408 sine
2993 2364 3205 2424 peccato
3225 2355 3653 2424 exspectantibus

2055 2454 2110 2492 se
2146 2438 2215 2492 ad
2242 2439 2484 2496 salutem.
2511 2441 2759 2499 Christus
2793 2460 2924 2500 vero
2960 2460 3152 2516 passus
3192 2455 3310 2512 est,
3348 2453 3644 2516 postquam

2059 2531 2224 2588 multa
2272 2543 2429 2590 erant
2478 2545 2720 2608 peccata.
2755 2539 2945 2595 Merito
2988 2548 3117 2595 tunc
3169 2541 3449 2611 apparuit,
3495 2540 3640 2610 quod

2057 2625 2223 2680 etiam
2247 2626 2374 2682 alibi
2396 2629 2562 2685 dicit:
2593 2629 2695 2686 Ubi
2723 2632 3006 2688 abundavit
3030 2644 3299 2704 peccatum
3317 2634 3646 2705 superabun-

2057 2713 2200 2770 davit
2239 2720 2412 2788 gratia
2439 2719 2610 2794 (Rom.
2638 2731 2700 2790 v,
2718 2723 2831 2797 20).
2865 2723 2924 2779 Si
2952 2725 3119 2781 semel
3144 2725 3358 2782 oblatus
3385 2742 3493 2782 non
3522 2724 3644 2781 suf-

2060 2805 2248 2864 ﬁceret
2291 2812 2537 2868 omnium
2579 2815 2635 2870 in
2679 2831 2739 2872 se
2779 2817 3114 2873 credentium
3157 2828 3382 2889 peccata
3425 2820 3642 2874 exhau-

2061 2895 2190 2962 rire,
2219 2902 2547 2970 oportuisset
2573 2920 2696 2960 eum
2725 2907 2918 2977 saepius
2942 2909 3056 2978 pati
3097 2910 3166 2964 ab
3193 2910 3405 2981 origine
3430 2910 3640 2974 mundi,

2060 2989 2202 3055 quod
2249 3006 2318 3046 ne
2363 2992 2547 3061 ﬁeret,
2599 2997 2765 3052 semel
2826 2997 2888 3052 in
2934 3001 3399 3056 consummatione
3450 2984 3669 3056 mundi.

2059 3091 2252 3146 passus
2276 3090 2362 3136 est
2385 3085 2455 3138 ad
2476 3085 2759 3141 multorum
2780 3089 3134 3145 exhaurienda
3166 3102 3399 3162 peccata.
3423 3111 3442 3144 ι
3464 3093 3643 3160 Quare

382 3158 609 3240 Primus
639 3185 794 3239 homo
830 3184 896 3238 de
927 3193 1068 3238 terra
1114 3193 1372 3248 terrenus,
1401 3180 1661 3237 secundus
1711 3179 1776 3234 de
1821 3177 1948 3233 ctelo
1976 3158 2024 3223 Ο
2051 3173 2339 3232 multorum
2387 3187 2442 3234 et
2489 3195 2596 3236 non
2645 3183 2916 3238 omnium?
2961 3182 3095 3250 Quia
3140 3158 3250 3241 non
3297 3158 3632 3242 omnes—cro

379 3274 597 3330 ctzlestis
637 3273 691 3346 (Ι
742 3272 864 3328 Cor.
917 3290 1009 3339 xv,
1057 3273 1172 3344 47).
1208 3271 1399 3340 Qualis
1443 3279 1712 3335 terrenus,
1747 3267 1880 3324 tales
1899 3275 1956 3322 et

383 3366 586 3421 terreni
622 3383 636 3419 :
671 3372 726 3421 et
751 3364 927 3435 qualis
955 3363 1214 3428 celestis,
1237 3362 1372 3418 tales
1407 3368 1463 3417 et
1489 3360 1758 3425 caelestes,
1787 3377 1806 3410 ‹
1842 3358 1955 3413 Me-

377 3457 622 3524 lioribus,
648 3456 846 3529 inquit,
870 3454 1145 3524 sacriﬁciis
1175 3469 1332 3525 quam
1355 3453 1467 3506 haec
1501 3460 1640 3505 sunt.
1666 3450 1819 3517 Quod
1842 3464 1956 3504 me-

378 3546 487 3604 lius
534 3556 636 3613 est,
689 3548 833 3603 bono
867 3545 1050 3616 aliquo
1100 3543 1312 3600 melius.
1368 3542 1512 3598 Bona
1560 3555 1688 3611 ergo
1739 3538 1956 3595 fuerunt

378 3637 624 3708 exempla
673 3635 906 3710 [Chrys.,
963 3635 1208 3706 exempla
1257 3631 1486 3704 eorum],
1529 3647 1649 3701 quae
1691 3631 1747 3686 in
1802 3629 1956 3686 eoelis

377 3736 532 3793 sunt;
579 3747 598 3781 ι
635 3729 731 3783 sed
760 3728 873 3797 ipsa
908 3726 1150 3782 coelestia
1199 3725 1356 3798 longe
1393 3724 1664 3782 excellunt
1713 3722 1955 3794 exempla

378 3824 712 3880 sanctorum,
740 3816 934 3886 quibus
981 3814 1371 3886 signiﬁcantur.
1401 3833 1422 3867 ‹
1459 3813 1517 3870 Si
1553 3829 1683 3886 ergo
1707 3813 1957 3869 cmlestes

380 3924 571 3966 sumus
602 3925 723 3974 nos,
752 3915 808 3964 et
832 3917 1042 3964 tantum
1071 3908 1396 3964 sacriﬁcium
1425 3907 1608 3978 adepti
1641 3922 1849 3973 sumus,
1890 3908 1956 3962 ti-

379 4015 625 4057 meamus
667 4014 988 4071 permanere
1016 4000 1071 4054 in
1093 4007 1257 4055 terra.
1289 3998 1423 4054 Esse
1447 4006 1630 4053 autem
1654 3996 1709 4052 in
1734 4004 1877 4052 terra
1901 4005 1958 4052 et

378 4107 490 4148 non
527 4106 648 4148 esse
693 4089 1091 4162 quodammodo
1116 4090 1386 4154 videmur,
1413 4089 1540 4143 dum
1583 4088 1861 4143 voluntate
1900 4087 1955 4141 in

380 4183 520 4241 cmlo
543 4197 749 4246 sumus,
773 4181 899 4236 licet
930 4193 1155 4248 corpore
1175 4178 1230 4233 in
1254 4177 1441 4233 terris.
1467 4176 1524 4232 Si
1551 4191 1680 4249 ergo
1719 4192 1818 4232 nos
1843 4176 1956 4230 ani-

379 4289 470 4329 mo
508 4271 997 4342 appropinquemus
1052 4268 1183 4333 Deo,
1242 4267 1298 4320 in
1363 4266 1504 4322 cmlo
1555 4281 1759 4320 sumus.
1819 4265 1958 4332 Quid

382 4364 526 4420 enim
569 4361 702 4418 mihi
744 4375 873 4417 cura
917 4367 1001 4415 est
1037 4357 1252 4424 ctelum,
1298 4372 1420 4412 cum
1466 4356 1625 4412 video
1672 4355 1956 4411 Dominum

383 4454 524 4518 caeli,
573 4466 696 4508 cum
718 4465 818 4520 ego
864 4447 1068 4505 elﬁcior
1124 4447 1356 4504 omium?
1415 4446 1713 4512 Veniemus,
1762 4445 1958 4516 inquit,

378 4545 494 4617 Ego
533 4551 590 4598 et
633 4542 814 4607 Pater,
872 4551 920 4594 et
979 4539 1300 4593 mansionem
1339 4538 1481 4609 apud
1531 4554 1650 4592 eum
1701 4536 1953 4608 faciemus

381 4635 564 4707 (Joan.
607 4648 719 4698 xiv,
743 4631 857 4703 25).
889 4629 1096 4685 Caelum
1125 4627 1341 4698 quidem
1368 4643 1465 4698 per
1510 4643 1568 4684 se
1595 4643 1844 4684 serenum
1870 4633 1955 4682 est

379 4735 438 4782 et
464 4723 754 4790 mundum;
786 4737 894 4777 non
935 4722 990 4776 in
1019 4720 1218 4785 hieme,
1257 4735 1367 4776 non
1394 4719 1449 4773 in
1489 4727 1648 4774 nocte
1689 4726 1950 4775 mutatur.

378 4815 615 4871 Proinde
671 4820 728 4868 et
771 4826 892 4877 nos,
947 4824 1122 4880 neque
1168 4809 1225 4863 in
1268 4807 1703 4863 tribulationibus
1747 4808 1951 4873 saeculi,

380 4919 555 4975 neque
582 4903 637 4958 in
677 4901 1093 4958 adversitatibus
1123 4897 1320 4954 diaboli
1356 4897 1460 4952 hoc
1499 4897 1613 4966 pati
1650 4897 1950 4960 timeamus,

381 4997 477 5054 sed
505 5009 818 5052 maneamus
857 4990 1188 5048 immaculati
1235 4997 1291 5046 et
1335 4988 1538 5044 mundi.
1574 5007 1596 5042 ι
1635 4987 1808 5042 Habet
1841 4987 1960 5058 qui-

385 5088 510 5144 dem
549 5085 746 5142 caelum
777 5083 977 5148 solem;
1006 5081 1302 5137 habeamus
1327 5086 1381 5136 et
1423 5093 1522 5135 nos
1564 5077 1835 5134 Christum
1865 5093 1957 5135 so-

383 5179 489 5238 lem
505 5177 750 5251 iustitiae;
781 5190 995 5245 semper
1021 5173 1289 5229 lucentem
1311 5173 1365 5228 in
1393 5171 1644 5227 cordibus
1665 5171 1884 5227 nostris.

456 5271 622 5326 Vsus.
648 5268 739 5326 9.5.
777 5298 851 5309 —
877 5266 1060 5339 Neque
1098 5276 1156 5321 ut
1193 5282 1328 5337 saepe
1377 5266 1562 5336 o/ferat
1603 5266 1956 5337 semetipsum,

383 5359 820 5432 quemadmodum
845 5356 1079 5430 pontifex
1105 5356 1267 5410 intrat
1317 5356 1372 5409 in
1398 5365 1578 5410 sancta
1610 5373 1701 5428 per
1723 5354 1955 5426 singulos

385 5467 551 5506 annos
579 5451 635 5505 in
660 5451 914 5521 sanguine
946 5449 1136 5504 alieno.
1170 5446 1609 5518 Superiusdixit,
1637 5449 1954 5518 exemplaria

388 5555 646 5605 verorum,
675 5539 998 5608 exemplaria
1037 5539 1215 5595 omnia
1266 5538 1580 5603 nominans;
1639 5540 1756 5596 haec
1789 5540 1952 5594 etiam

390 5644 536 5694 vera,
566 5643 687 5698 qua:
727 5628 894 5682 intrat
915 5629 1174 5697 pontifex.
1208 5628 1320 5684 Hoc
1349 5643 1476 5683 vero
1500 5646 1666 5684 unum
1698 5629 1954 5698 templum

390 5723 490 5779 fuit
511 5719 563 5778 in
586 5727 698 5774 toto
720 5717 914 5771 mundo
929 5719 1304 5783 venerabilius,
1329 5719 1394 5773 ad
1409 5721 1550 5787 quod
1571 5720 1805 5789 undique
1827 5734 1953 5774 cou-

2055 3264 2207 3319 dunt.
2235 3265 2339 3322 Pro
2382 3271 2632 3327 omnibus
2676 3281 2921 3329 mortuus
2960 3275 3200 3340 est,hoc
3242 3284 3351 3340 est,
3377 3285 3646 3347 quantum

2055 3353 2108 3408 in
2138 3354 2254 3424 ipso
2293 3365 2394 3412 est.
2437 3357 2568 3427 Ejus
2607 3363 2864 3416 momenti
2892 3371 2979 3418 est
3012 3364 3172 3418 unius
3201 3379 3352 3420 mors
3398 3363 3631 3437 [Chrys-.

2052 3443 2170 3512 ejus
2194 3449 2453 3504 momenti
2494 3461 2577 3506 est
2601 3452 2690 3508 illa
2722 3453 2910 3525 mors],
2935 3456 3091 3526 cujus
3113 3457 3376 3512 momenti
3403 3466 3488 3512 est
3513 3473 3638 3513 om-

2054 3535 2204 3589 nium
2245 3538 2496 3605 perditio.
2523 3540 2642 3597 Non
2666 3544 2811 3599 enim
2856 3546 3095 3600 omnium
3138 3557 3362 3616 peccata
3391 3547 3640 3617 abstulit,

2053 3634 2274 3696 propter
2313 3630 2456 3698 quod
2483 3635 2704 3691 credere
2744 3637 3092 3693 noluerunt.»
3129 3638 3395 3694 Statutum
3437 3641 3638 3712 quippe

2054 3724 2129 3770 est
2157 3719 2393 3774 omnibus
2422 3723 2579 3777 semel
2617 3727 2772 3792 mori,
2797 3737 2852 3782 et
2877 3737 3000 3799 post
3034 3738 3274 3784 mortem-
3303 3731 3640 3800 judicabitur

2056 3810 2427 3880 unusquisque
2460 3815 2756 3871 secundum
2785 3819 2989 3873 merita
3025 3835 3144 3874 sua.
3170 3819 3258 3874 Sic
3298 3829 3356 3874 et
3382 3820 3642 3875 Christus

2055 3898 2222 3954 semel
2253 3910 2498 3958 mortuus
2519 3912 2604 3960 est
2623 3921 2722 3976 pro
2749 3909 2988 3977 peccatis
3015 3909 3236 3977 alienis;
3264 3917 3318 3964 et
3342 3909 3460 3964 ideo
3496 3910 3636 3979 quia

2056 3991 2375 4058 voluntarie,
2414 4001 2468 4050 et
2499 4012 2606 4053 non
2635 4001 2936 4056 necessarie
2962 4010 3223 4058 mortuus
3249 4012 3352 4057 est.
3388 4001 3644 4057 Secundo-

2055 4082 2250 4152 quippe
2287 4083 2516 4140 adventu
2551 4088 2818 4158 apparebit
2839 4092 2949 4145 sine
2975 4101 3186 4162 peccato
3221 4091 3419 4161 (omnis
3437 4089 3648 4160 quippe

2055 4175 2232 4230 hostia
2259 4190 2357 4244 pro
2383 4188 2609 4247 peccato
2634 4181 2832 4236 dicitur
2857 4182 3192 4254 peccatum);
3221 4199 3330 4237 non
3357 4182 3504 4237 enim
3527 4181 3639 4236 erit

2057 4269 2186 4320 tunc
2229 4265 2402 4321 hostia
2441 4283 2540 4338 pro
2574 4278 2824 4339 peccato;
2863 4272 2986 4340 quia
3025 4281 3307 4341 peccatum
3352 4287 3469 4327 non.
3495 4271 3640 4338 erit,

2056 4354 2151 4409 sed
2166 4352 2407 4423 iustitia;
2434 4359 2547 4414 sive
2588 4359 2644 4413 in
2669 4363 3098 4417 remuneratione
3116 4359 3414 4431 iustorum,
3438 4361 3552 4417 sive
3575 4359 3645 4416 in

2057 4445 2415 4503 retributione
2441 4457 2806 4518 peccatorum.

2667 4580 2894 4640 CAPUT
2931 4584 3000 4639 Χ.

2129 4711 2288 4767 Vens.
2330 4713 2380 4767 Ι.
2404 4744 2476 4754 -—
2502 4712 2750 4770 Umbram
2793 4717 2931 4771 enim
2973 4716 3168 4772 habens
3202 4717 3289 4772 lea:
3333 4716 3634 4786 futurorum

2058 4806 2329 4872 bonorum,
2361 4825 2464 4864 non
2488 4811 2655 4880 ipsam
2678 4812 2958 4883 imaginem
2982 4829 3178 4867 rerum.
3215 4831 3233 4864 ι
3263 4812 3376 4868 Hoc
3400 4822 3499 4876 est,
3520 4828 3630 4867 non

2059 4896 2230 4965 ipsam
2267 4899 2572 4956 veritatem.
2615 4901 2905 4972 Usquequo
2944 4903 3090 4958 enim
3132 4904 3299 4960 veluti
3342 4904 3394 4958 in
3419 4903 3633 4974 pictura

2063 4987 2288 5057 aspiciat
2309 4989 2430 5059 quis
2456 4989 2778 5047 lineamenta
2812 4993 3148 5059 umbrarum,
3174 4992 3483 5064 signiﬁcans
3502 4993 3634 5064 quid

2063 5080 2283 5151 pingere
2306 5081 2455 5147 velit,
2485 5083 2676 5138 umbra
2700 5084 2944 5154 quaedam
2985 5092 3090 5150 est,
3118 5093 3173 5139 et
3196 5100 3304 5140 non
3336 5085 3551 5155 imago:
3585 5085 3634 5139 si

2063 5170 2206 5224 enim
2243 5168 2406 5228 ﬂores
2451 5173 2595 5243 ipsos
2623 5174 2746 5244 quis
2773 5174 3014 5232 colorum
3055 5175 3354 5241 intinxerit,
3383 5185 3439 5230 et
3466 5176 3638 5245 impo-

2063 5262 2232 5316 suerit
2264 5278 2425 5334 super
2467 5264 2812 5330 lineamenta,
2843 5273 2973 5322 tunc
3011 5266 3188 5338 imago
3220 5266 3472 5322 efﬁcitur.
3503 5266 3639 5323 Tale

2063 5352 2312 5420 quiddam
2330 5360 2449 5408 erat
2466 5353 2626 5408 etiam
2643 5354 2751 5420 lex,
2768 5354 2959 5410 umbra
2970 5356 3232 5428 veritatis.
3245 5376 3265 5409 ι
3284 5355 3391 5410 Per
3402 5356 3641 5426 singulos

2061 5458 2224 5497 annos
2251 5443 2445 5498 eisdem
2472 5443 2606 5512 ipsis
2630 5444 2831 5512 hostiis,
2855 5464 2985 5517 quas
3005 5448 3233 5517 o/ferunt
3261 5447 3636 5509 indesinenter,

2062 5549 2325 5604 nunquam
2361 5542 2524 5603 potest
2569 5537 2866 5593 accedentes
2909 5541 3163 5611 perfectos
3202 5538 3376 5610 facere
3397 5552 3415 5589 :
3444 5537 3630 5607 (Vens.

2059 5623 2176 5692 9.4)
2219 5622 2463 5693 Alioquin
2509 5638 2789 5682 cessassent
2828 5631 3015 5700 olferre
3057 5629 3189 5702 [Al.,
3246 5628 3450 5702 offerri]
3477 5648 3489 5682 :
3515 5629 3636 5685 ideo

2061 5715 2199 5785 quod
2229 5715 2427 5771 nullam
2452 5717 2693 5774 habentes
2715 5719 2851 5774 ultra
2880 5725 3248 5776 conscientiam
3271 5723 3494 5791 peccati,
3521 5718 3633 5775 cul-
