4010 6182
296 381 428 438 1077

981 345 1389 435 exessum.
1427 409 1498 418 -
1535 366 1782 431 Βεροε.
1826 370 1889 427 IN

1990 371 2144 426 MST.
2187 365 2243 425 δ’.
2283 361 2487 425 PAULI
2523 366 2615 424 AD
2650 361 2853 424 HEBR.

3413 360 3550 416 {078

293 508 431 552 tores
454 488 610 548 semei
639 489 906 550 mandati;
931 489 1021 542 sed
1049 490 1103 541 in
1143 489 1272 557 ipsis
1310 487 1732 542 commemoratio
1759 498 1876 554 pec-
1901 481 1951 542 Α
1977 481 2192 551 generis
2216 480 2406 551 legalis
2426 479 2690 535 sacriﬁcia
2716 495 2822 534 non
2845 486 3135 550 potuerunt
3159 480 3408 550 expiare;
3431 479 3558 535 Cor—

295 595 532 640 catorum
557 596 649 652 per
675 578 909 650 singulos
938 594 1105 633 annos
1146 577 1227 647 ﬁt.
1258 575 1588 648 lmpossibile
1616 585 1690 628 est
1734 573 1872 627 enim

295 674 548 744 sanguine
605 679 877 724 taurorum
944 677 995 722 et
1048 667 1315 721 hircorum
1368 666 1568 734 auferri
1637 673 1870 734 peccata.

302 785 321 818 ι
360 763 477 821 Una
523 770 639 828 est,
687 761 893 831 inquit,
937 758 1279 823 ista'hostia;
1327 757 1429 811 illa;
1476 763 1657 809 autem
1696 752 1876 806 multa:

297 863 441 912 sunt.
471 854 762 924 Propterea
790 851 936 906 enim
965 865 1068 904 nec
1092 848 1262 903 fortes
1289 855 1475 912 erant,
1504 845 1631 915 quia
1670 841 1872 898 multm.

303 949 438 1016 Quid
476 953 661 1002 autem
704 959 840 1015 opus
876 955 995 998 erat
1023 942 1226 1004 multis,
1270 941 1358 996 dic
1398 939 1561 1003 mihi,
1598 952 1706 992 una
1733 933 1878 991 suﬁi-

299 1038 508 1096 ciente?
530 1037 762 1092 Proinde
786 1034 927 1105 quod
956 1033 1137 1090 multa:
1166 1041 1220 1088 et
1249 1048 1462 1102 semper
1493 1030 1875 1109 oﬁ‘erebantur,

211 1158 214 1161 -
298 1130 534 1186 ostendit
561 1141 835 1196 nunquam
879 1141 974 1180 eos
1016 1124 1254 1194 purgari.
1285 1122 1438 1178 Sicut
1470 1122 1613 1178 enim
1645 1120 1881 1175 medica—

300 1227 562 1284 mentum,
590 1216 806 1288 quando
829 1216 992 1270 l'uerit
1017 1214 1154 1270 forte
1179 1223 1234 1269 et
1260 1213 1449 1269 salutis
1474 1211 1683 1276 eﬁicax,
1707 1219 1761 1266 et
1791 1225 1882 1264 va—

301 1313 418 1367 lens
458 1318 704 1366 cunctam
739 1307 1097 1363 valetudinem
1138 1305 1416 1375 repellere,
1448 1303 1614 1358 semel
1660 1300 1880 1370 imposi-

302 1413 416 1457 tum
448 1407 621 1455 totum
662 1397 956 1470 [operatur.
989 1395 1045 1450 Si
1083 1411 1212 1465 ergo
1243 1393 1407 1450 semel
1445 1392 1758 1462 impositum
1798 1398 1882 1445 to-

301 1490 438 1564 tum]
463 1497 741 1576 operatum
772 1486 954 1551 fuerit,
981 1485 1217 1540 ostendit
1243 1482 1361 1552 ejus
1381 1483 1661 1546 virtutem,
1688 1489 1748 1536 ut
1771 1496 1882 1536 non

301 1571 529 1639 ulterius
573 1586 889 1650 apponatur.
934 1577 1035 1650 [Et
1063 1576 1165 1630 hoc
1206 1583 1290 1630 est
1334 1574 1450 1644 ejus
1479 1587 1638 1643 opus,
1672 1581 1732 1626 ut
1768 1571 1881 1641 jam

304 1692 410 1732 non
449 1670 793 1745 apponatur.]
837 1669 896 1724 Si
941 1684 1069 1724 vero
1101 1681 1311 1736 semper
1353 1665 1665 1736 apponitur,
1711 1662 1884 1716 mani-

303 1769 502 1822 festum
546 1763 800 1818 indicium
846 1770 930 1816 est
957 1761 1136 1816 minus
1172 1759 1300 1813 illud
1335 1756 1684 1827 przevaluisse
1713 1756 1882 1811 medi—

1974 588 2072 641 pus
2119 582 2294 625 autem
2339 570 2533 640 optasti
2560 571 2704 626 mihi.
2732 569 2846 626 Hoc
2889 585 2955 624 ex
2991 583 3224 641 persona
3270 570 3406 625 dixit
3443 569 3559 639 ejus

1975 661 2068 730 qui
2098 675 2296 730 corpus
2315 660 2553 730 suscepit
2579 669 2780 735 nostrae
2800 661 3170 726 mortalitatis,
3196 667 3256 715 ut
3281 675 3382 730 pro
3406 663 3562 717 nobis

1977 749 2200 804 haberet
2231 749 2362 819 quid
2405 747 2643 804 offerret.
2689 745 2834 802 Tunc
2862 749 2975 803 dixi
3006 763 3023 800 :
3055 748 3191 803 Ecce
3220 751 3386 803 venio.
3423 748 3563 805 Dum

1979 849 2191 911 tempus
2231 840 2356 907 luit,
2387 850 2450 896 ut
2488 842 2665 897 ablata
2693 853 2877 897 essent
2903 843 3080 913 signa,
3119 850 3174 897 et
3201 843 3406 898 veritas
3437 857 3566 911 pro-

1978 934 2144 988 missa
2170 935 2402 999 veniret,
2429 943 2553 988 tunc
2578 935 2720 988 dixi:
2745 933 2879 989 Ecce
2904 936 3069 990 venio.
3101 936 3196 990 illa
3230 934 3430 1002 ablata,
3453 937 3568 992 haec

1979 1023 2218 1094 impleta.
2247 1023 2350 1079 Ubi
2378 1033 2506 1079 sunt
2543 1025 2809 1079 sacriﬁcia
2835 1024 3178 1080 Judaeorum?
3209 1027 3567 1082 Transierunt

1980 1123 2036 1169 et
2061 1131 2167 1170 non
2197 1123 2322 1170 sunt
2355 1115 2411 1168 in
2440 1113 2681 1170 Ecclesia
2711 1114 2948 1180 Christi;
2990 1116 3116 1185 quia
3165 1115 3313 1171 venit
3357 1116 3445 1170 ille
3478 1118 3569 1186 qui

1981 1205 2316 1278 ﬁgurabatur
2354 1206 2458 1261 illis
2491 1204 2794 1270 sacriﬁciis,
2825 1205 2891 1260 de
2931 1220 3037 1275 quo
3062 1206 3117 1259 in
3152 1205 3341 1275 capite,
3372 1207 3486 1260 sive
3515 1204 3569 1259 in

1981 1296 2217 1366 capitulo
2242 1295 2363 1350 libri
2403 1296 2663 1371 scriptum
2683 1304 2778 1350 est.
2807 1294 2974 1363 Cujus
3014 1294 3174 1349 libri?
3199 1294 3396 1364 Utique
3421 1292 3572 1349 Psal-

1981 1388 2128 1453 terii,
2155 1386 2246 1441 ubi
2277 1386 2512 1442 dicitur:
2540 1385 2735 1440 Beatus
2764 1387 2842 1440 vir
2862 1386 2952 1456 qui
2978 1401 3081 1439 non
3114 1385 3240 1440 abiit
3269 1385 3324 1439 in
3353 1383 3570 1440 consilio

1981 1480 2290 1549 impiorum,
2321 1488 2369 1532 et
2401 1479 2458 1532 in
2503 1479 2584 1533 via
2613 1488 2945 1550 peccatorum
2985 1494 3089 1532 non
3117 1479 3288 1543 stetit,
3316 1489 3364 1532 et
3403 1495 3459 1533 in
3483 1494 3572 1533 ca-

1983 1569 2166 1625 thedra
2201 1569 2506 1640 pestilentiae
2535 1586 2640 1623 non
2678 1569 2840 1633 sedit,
2870 1568 2960 1622 sed
2997 1567 3051 1622 in
3091 1567 3200 1638 lege
3237 1568 3448 1622 Domim
3485 1585 3572 1621 uo-

1981 1663 2158 1718 luntas
2190 1663 2303 1733 ejus
2329 1663 2498 1734 (Psal.
2529 1680 2569 1728 ι,
2600 1662 2674 1735 1).
2727 1663 2831 1730 Qui
2882 1662 3123 1733 psalmus
3163 1662 3430 1732 capitulus
3459 1660 3572 1734 [Ito

1984 1752 2141 1826 Cod.]
2175 1753 2298 1808 libri
2338 1753 2502 1808 totius
2530 1753 2728 1808 dicitur
2751 1769 2780 1808 a
2812 1753 3168 1822 quibusdam;
3200 1753 3321 1808 ideo
3349 1759 3403 1807 et
3430 1752 3572 1822 Apo~

302 1862 630 1912 camentum.
658 1853 866 1922 Quippe
888 1851 1059 1905 virtus
1085 1849 1229 1904 illius
1251 1857 1337 1904 est
1366 1856 1426 1902 ut
1450 1846 1617 1904 semel
1647 1861 1884 1918 appona-
1911 1829 1958 1886 Β
1986 1846 2158 1902 stolus
2185 1845 2274 1900 hic
2301 1846 2431 1900 dicit
2457 1863 2470 1898 :
2503 1844 2570 1898 In
2600 1844 2768 1914 capite
2799 1842 2919 1897 libri
2957 1844 3210 1912 scriptum
3238 1853 3312 1897 est
3360 1843 3424 1896 de
3465 1859 3570 1905 me,

303 1957 391 2003 tur
425 1956 482 2002 et
523 1962 630 2002 non
672 1944 985 2013 frequent/3r
1018 1961 1030 1996 :
1067 1942 1146 1996 sic
1180 1942 1344 1996 etiam
1376 1941 1482 1996 hic.
1513 1939 1628 2006 Qua
1671 1939 1882 1994 ratione

303 2036 506 2092 eisdem
551 2033 832 2090 sacriﬁciis
875 2046 1092 2102 semper
1131 2030 1496 2085 curabantur?
1537 2029 1595 2083 Si
1641 2027 1786 2082 enim
1817 2026 1886 2081 ab

303 2126 554 2182 omnibus
600 2130 782 2180 essent
832 2122 1045 2178 liberati
1092 2120 1362 2191 peccatis,
1408 2132 1746 2188 nequaquam
1791 2131 1890 2186 per

305 2213 544 2285 singulos
569 2212 683 2269 dies
707 2211 926 2268 offerret
945 2211 1068 2283 quis
1094 2210 1377 2265 sacriﬁcia.
1394 2208 1627 2264 Proinde
1650 2220 1888 2262 comme-

306 2305 537 2360 moratio
564 2303 771 2374 peccati
816 2301 940 2368 fuit,
982 2318 1089 2358 non
1119 2301 1406 2365 absolutio,
1428 2320 1446 2352 ι
1479 2299 1605 2369 quia
1651 2297 1892 2368 quotidie

304 2397 508 2453 eisdem
536 2395 908 2465 purgabantur
938 2393 1131 2448 hostiis
1153 2393 1321 2447 etiam
1356 2400 1413 2446 et
1439 2391 1539 2460 ipsi
1584 2389 1892 2444 sacerdotes

307 2495 364 2542 et
404 2485 632 2556 populus
675 2485 903 2554 pariter.
937 2501 956 2533 ‹
986 2483 1042 2536 In
1081 2481 1298 2537 Christo
1338 2496 1370 2534 e
1407 2479 1680 2535 contrario
1725 2477 1891 2533 semel

309 2577 489 2634 oblata
513 2584 597 2632 est
639 2574 836 2640 hostia,
880 2582 1072 2644 potens
1113 2573 1182 2628 ad
1212 2573 1441 2627 salutem
1487 2571 1887 2641 sempiternam.

310 2668 448 2736 Quid
488 2682 618 2738 ergo
644 2667 778 2721 nos?
816 2664 1003 2720 Nonne
1031 2679 1128 2735 per
1169 2662 1407 2735 singulos
1434 2664 1546 2718 dies
1581 2660 1894 2716 oderimus?

312 2758 600 2815 Oﬁ‘erimus
627 2757 863 2826 quidem,
895 2753 990 2811 sed
1024 2755 1092 2810 ad
1122 2753 1550 2809 recordationem
1583 2751 1890 2807 faciendam

313 2849 504 2905 mortis
531 2850 666 2918 ejus.
694 2849 762 2902 Et
785 2863 891 2902 una
917 2855 1000 2903 est
1029 2849 1144 2903 hare
1167 2846 1363 2911 hostia,
1393 2861 1500 2901 non
1524 2845 1724 2901 multae.
1752 2843 1896 2910 Quo-

313 2941 472 2996 modo
497 2955 604 2995 una
627 2947 728 3004 est,
752 2947 808 2995 et
840 2954 946 2994 non
972 2939 1188 2994 multae?
1218 2936 1354 3005 Quia
1383 2937 1550 2992 semel
1579 2937 1759 2993 oblata
1788 2943 1890 2992 est.

311 3031 404 3086 Illa
446 3030 625 3086 oblata
653 3037 738 3085 est
765 3029 818 3084 in
849 3036 1036 3084 sancta
1062 3035 1403 3093 sanctorum;
1434 3027 1538 3082 hoc
1577 3034 1758 3082 autem
1803 3040 1897 3082 sa-

313 3125 578 3182 criﬁcium
597 3122 874 3193 exemplar
894 3121 1038 3178 illius
1055 3130 1162 3187 est,
1179 3121 1412 3190 idipsum
1433 3118 1584 3191 [Ms.,
1603 3119 1670 3174 ad
1691 3115 1892 3191 ipsum]

312 3232 528 3288 semper
557 3215 868 3272 oderimus:
900 3230 1000 3270 nec
1040 3228 1183 3268 nunc
1229 3213 1444 3282 quidem
1484 3213 1649 3268 alium
1695 3225 1893 3282 agnum

315 3321 454 3370 cras,
496 3305 662 3360 alium
708 3303 896 3369 hodie,
946 3302 1042 3359 sed
1087 3317 1300 3374 semper
1359 3302 1610 3373 idipsum.
1654 3300 1894 3357 Proinde

315 3411 483 3451 unum
526 3402 612 3450 est
657 3394 761 3449 hoc
807 3392 1133 3448 sacriﬁcium
1176 3410 1188 3447 :
1237 3393 1472 3463 alioquin
1513 3393 1616 3449 hac
1665 3392 1892 3459 ratione,

316 3484 569 3557 quoniam
596 3484 650 3538 in
687 3481 869 3538 multis
893 3481 1027 3538 locis
1053 3480 1294 3549 offertur,
1323 3482 1476 3538 multi
1503 3481 1706 3538 Christi
1733 3483 1894 3537 sunt?

316 3575 703 3646 Nequaquam:
731 3576 826 3632 sed
869 3591 1010 3631 unus
1049 3575 1246 3646 ubique
1283 3584 1365 3631 est
1395 3575 1660 3642 Christus,
1703 3583 1760 3631 et
1805 3576 1896 3633 hic

315 3666 507 3737 plenus
546 3667 783 3723 existens
821 3675 876 3721 et
902 3665 1014 3722 illic
1043 3667 1252 3736 plenus,
1286 3682 1454 3721 unum
1496 3681 1712 3737 corpus.
1741 3665 1896 3723 Sicut

316 3758 461 3812 enim
481 3756 572 3829 qui
594 3758 790 3827 ubique
801 3755 960 3814 oll‘ert
979 3755 1212 3829 [Cbrys.,
1225 3754 1491 3828 olfertur],
1512 3772 1676 3810 unum
1700 3769 1896 3825 corpus

318 3855 432 3912 εει,
460 3855 515 3905 ει
538 3864 643 3904 non
678 3849 843 3904 multa
870 3863 1129 3918 corpora;
1163 3849 1236 3903 ita
1262 3849 1426 3902 etiam
1455 3856 1510 3902 et
1535 3863 1700 3901 unum
1728 3845 1896 3900 sacri-

321 3939 521 3996 ﬁcium.
561 3940 806 3995 Pontifex
847 3949 1027 3994 autem
1061 3947 1243 3994 noster
1270 3939 1359 3991 ille
1387 3946 1490 4000 est,
1523 3937 1613 4006 qui
1661 3937 1894 3990 hostiam

319 4029 668 4084 inundantem
705 4043 806 4083 nos
849 4028 1060 4082 obtulit.
1098 4027 1275 4097 Ipsam
1313 4025 1588 4081 oﬁ'erimus
1626 4035 1682 4081 et
1729 4042 1890 4093 nunc,

319 4131 440 4185 quae
465 4115 630 4186 696
659 4123 786 4172 tunc
823 4116 1001 4172 oblata
1031 4116 1249 4187 quidem
1277 4116 1520 4172 consumi
1562 4131 1668 4171 non
1694 4126 1888 4188 potest.

320 4207 447 4271 Hoc
480 4216 660 4264 autem
687 4210 831 4279 quod
876 4225 974 4265 nos
1013 4210 1262 4274 facimus,
1293 4209 1345 4263 in
1375 4211 1896 4268 commemoratione

321 4299 383 4354 ﬁt
407 4301 546 4371 ejus,
568 4302 711 4372 quod
740 4301 938 4356 factum
967 4310 1070 4357 est.
1095 4299 1211 4356 Hoc
1235 4301 1378 4357 enim
1406 4301 1584 4372 facite,
1610 4302 1815 4371 inquit,
1839 4305 1896 4358 in

320 4407 489 4445 meam
514 4392 1052 4446 commemorationem
1095 4390 1247 4463 (Luc.
1282 4389 1440 4463 χχιι).
1467 4390 1583 4446 Non
1623 4392 1768 4452 aliud
1804 4408 1895 4448 sa-

1987 1945 2042 1989 ut
2077 1935 2269 2004 faciam
2317 1933 2455 1987 Deus
2495 1932 2810 1988 voluntatem
2838 1940 3003 1986 tuom.
3038 1931 3154 1986 Iloc
3192 1939 3298 1998 est,
3334 1929 3477 2000 quod
3518 1931 3574 1984 in

1989 2025 2278 2095 Evangelio
2304 2024 2500 2078 dicitur
2527 2043 2538 2075 :
2567 2022 2696 2078 Non
2726 2023 2862 2087 veni,
2898 2023 3092 2091 inquit,
3127 2023 3298 2092 facere
3336 2021 3576 2076 volunta-

1989 2125 2089 2168 tem
2120 2129 2309 2176 meam,
2333 2111 2424 2166 sed
2463 2111 2778 2166 voluntatem
2806 2113 2944 2182 ejus,
2968 2111 3057 2182 qui
3084 2111 3224 2165 misit
3266 2127 3346 2165 me
3389 2111 3570 2182 (Joan.

1989 2218 2066 2268 v1,
2093 2202 2205 2273 58).
2237 2200 2422 2269 Aufert
2464 2201 2712 2271 primum,
2756 2210 2814 2254 ut
2859 2217 3076 2270 sequens
3117 2209 3336 2255 statuat.
3377 2201 3434 2256 ld
3461 2209 3574 2266 est,

1990 2293 2225 2364 primum
2276 2297 2690 2355 testamentum,
2738 2291 2883 2361 quod
2925 2290 3096 2361 Moysi
3152 2291 3338 2346 datum
3381 2299 3468 2347 est
3516 2291 3573 2346 in

1991 2390 2173 2436 monte
2200 2380 2370 2436 Sinai.
2397 2379 2467 2434 Ut
2491 2396 2708 2451 sequens
2733 2389 2962 2446 statuat;
2989 2381 3094 2436 hoc
3117 2388 3201 2436 est
3229 2379 3577 2451 Evangelium

1991 2472 2134 2542 quod
2159 2487 2256 2541 per
2281 2470 2556 2526 Christum
2582 2471 2807 2525 allatum
2830 2480 2936 2537 est,
2965 2471 3177 2526 ﬁrmum
3209 2479 3435 2528 statuat:

2063 2583 2226 2637 Vsus.
2261 2581 2348 2636 10.
2374 2610 2446 2620 —
2469 2580 2535 2634 In
2571 2597 2676 2652 qua
2719 2580 2982 2635 uoluntate
3029 2581 3344 2650 sanctiﬁcati
3390 2599 3602 2638 sumus.

1991 2691 2083 2746 per
2106 2672 2417 2727 oblationem
2447 2672 2676 2744 corporis
2704 2671 2901 2727 Christi
2923 2671 3054 2728 Iesu
3083 2673 3259 2727 semel.
3281 2671 3409 2729 Haec
3429 2673 3580 2729 oblav

1995 2765 2072 2819 tio
2105 2763 2273 2820 semel
2313 2763 2492 2817 oblata
2528 2770 2631 2828 est,
2661 2763 2756 2818 sed
2791 2778 3004 2833 semper
3029 2771 3220 2833 potens
3248 2772 3332 2819 est
3359 2763 3578 2823 abluere

1994 2871 2182 2912 omnes
2214 2854 2499 2910 credentes
2523 2862 2579 2908 et
2608 2869 2797 2910 omnes
2829 2863 3078 2925 optantes
3105 2855 3160 2909 in
3200 2869 3264 2910 ea
3293 2856 3576 2920 mundari;

1996 2945 2117 3001 ideo
2171 2944 2478 3017 subjunxit,
2523 2952 2577 2998 et
2617 2943 2826 3014 plenius
2872 2960 3144 3015 exponens
3198 2946 3342 3002 idem
3388 2948 3578 3004 beatus

1994 3036 2192 3093 Paulus
2235 3037 2490 3092 virtutem
2539 3035 2699 3104 hujus
2744 3037 2935 3092 hostire
2972 3056 2984 3090 ε
3033 3039 3220 3110 (Vens.
3267 3038 3455 3112 11-15)
3511 3039 3578 3095 Et

1921 3165 1968 3228 c
1999 3127 2166 3184 omnis
2189 3126 2397 3199 quidem
2419 3125 2661 3182 sacerdos
2681 3136 2870 3197 praesto
2888 3137 2988 3195 est,
3007 3129 3236 3199 quotidie
3252 3130 3580 3197 ministram,

1998 3228 2050 3274 et
2086 3219 2292 3274 easdem
2316 3235 2453 3291 stupe
2480 3219 2700 3289 offerens
2743 3220 2962 3286 hostias,
3003 3237 3120 3292 quae
3153 3237 3421 3293 nunquam
3461 3239 3576 3293 pos-

1994 3319 2116 3367 sunt
2161 3310 2372 3382 auferre
2413 3319 2659 3381 peccato;
2701 3310 2783 3365 hic
2817 3319 2990 3364 autem
3026 3327 3185 3365 unam
3213 3327 3308 3382 pro
3349 3313 3576 3382 peccatis

1995 3404 2218 3474 offerens
2261 3402 2484 3458 hostiam
2529 3402 2584 3457 in
2611 3410 2976 3473 sempiternum
3017 3401 3157 3456 sedet
3198 3401 3269 3456 ad
3312 3401 3582 3457 dexteram

1995 3495 2116 3562 Dei,
2157 3496 2222 3551 de
2264 3505 2450 3551 caetero
2487 3504 2812 3567 exspectans,
2856 3495 3020 3550 donec
3068 3505 3336 3566 ponantur
3383 3495 3582 3551 inimici

1994 3587 2108 3658 ejus
2155 3587 2436 3642 scabellum
2478 3587 2667 3656 pedum
2693 3586 2828 3656 ejus.
2876 3603 2895 3636 ι
2921 3585 3137 3640 Priores
3167 3585 3312 3640 enim
3346 3583 3583 3640 ostendit

1997 3677 2212 3732 inutiles
2243 3691 2364 3730 esse
2399 3675 2602 3730 hostias
2631 3674 2700 3729 ad
2733 3673 2996 3745 integram
3026 3674 3452 3738 mundationem,
3486 3674 3582 3734 sed

1992 3768 2222 3823 formam
2253 3766 2424 3836 magis
2447 3779 2540 3820 eas
2565 3780 2707 3831 esse,
2734 3772 2789 3820 et
2814 3763 2984 3820 multo
3008 3765 3188 3820 minus
3214 3765 3415 3820 habere
3440 3781 3454 3819 :
3485 3764 3582 3822 sed

1996 3860 2124 3930 quia
2166 3856 2486 3912 occurrebat
2527 3856 2575 3911 ei
2605 3855 2804 3921 adhuc,
2851 3856 2904 3911 id
2945 3863 3050 3920 est,
3081 3856 3128 3912 si
3168 3854 3357 3911 formai
3401 3865 3579 3923 erant,

1995 3947 2262 4020 quomodo
2302 3947 2530 4002 veritate
2559 3945 2810 4001 veniente
2855 3961 2960 4000 non
2998 3954 3370 4011 cessaverunt,
3399 3961 3606 4015 neque.

1991 4037 2532 4103 discesserunt,.sed
2578 4036 2756 4092 adhuc
2791 4035 3164 4091 celebrantur?
3209 4035 3401 4092 Adhuc
3445 4053 3580 4110 ergo.

1995 4127 2108 4202 [de]
2152 4127 2240 4183 his
2281 4127 2392 4197 agit
2439 4125 2676 4199 [Chrys.,
2705 4125 2818 4181 Hoc
2853 4140 2982 4195 ergo
3006 4125 3091 4181 his
3128 4125 3258 4199 ait],
3289 4127 3580 4184 ostendens

1997 4220 2122 4290 quia
2155 4219 2270 4290 jam
2298 4233 2403 4273 non
2435 4217 2802 4282 celebrantur,
2837 4230 3011 4285 neque
3051 4214 3196 4270 velut
3219 4214 3438 4284 formae;
3470 4232 3580 4273 non

1996 4309 2141 4364 enim
2166 4323 2260 4364 eas
2286 4305 2641 4377 acceptabiles
2667 4306 2831 4361 habet
2857 4305 3017 4360 Deus.
3042 4325 3060 4357 ι
3095 4305 3162 4358 Ει
3208 4307 3312 4361 hoc
3355 4307 3455 4362 soli
3482 4308 3580 4364 ha-

1996 4400 2149 4468 bent,
2193 4401 2285 4471 qui
2326 4415 2540 4470 semper
2583 4398 2806 4469 Spiritui
2837 4407 3026 4454 sancto
3064 4399 3400 4456 restiterunt.
3432 4399 3577 4471 Qua-

320 4482 609 4547 criﬁcium,
645 4483 784 4538 sicut
809 4483 1079 4552 pontifex;
1111 4483 1205 4540 sed
1249 4485 1423 4554 ipsum
1469 4500 1684 4554 semper
1711 4485 1893 4542 olferi-
1920 4509 1974 4571 ι)
1996 4501 2218 4561 propter
2246 4490 2560 4560 prophetico
2593 4488 2900 4543 testimonio
2926 4489 3203 4560 redarguit
3229 4503 3321 4544 eos
3351 4490 3534 4546 dieens
3558 4507 3575 4544 :

323 4591 481 4631 mus:
512 4574 681 4644 magis
709 4584 889 4629 autem
935 4575 1361 4632 recordationem
1403 4576 1655 4632 sacriﬁcii
1695 4593 1893 4649 opera-

323 4684 464 4723 mur.
485 4687 504 4720 ι

395 4759 559 4814 Vnus.
591 4758 704 4816 5-9.
744 4790 816 4800 —
842 4759 970 4815 Ideo
1010 4759 1304 4830 ingrediens
1341 4761 1398 4814 in
1427 4761 1679 4816 mundum
1724 4762 1898 4820 dicit:

327 4847 568 4906 Hostiam
590 4860 638 4906 et
661 4850 971 4906 oblationem
1000 4849 1234 4916 noluisti,
1276 4867 1462 4920 corpus
1493 4862 1667 4906 autem
1701 4853 1895 4923 optasti

321 4943 482 5008 mihi;
511 4942 930 4999 ltolocautomota
953 4951 1002 4996 et
1037 4957 1132 5012 pro
1173 4949 1382 5010 peccato
1423 4957 1527 4994 non
1557 4941 1650 4994 tibi
1687 4941 1904 5011 placue-

324 5042 464 5086 runt.
507 5033 650 5087 Tunc
689 5035 824 5099 dixi,
848 5050 962 5089 ecce
997 5033 1173 5097 venio;
1198 5031 1255 5084 in
1280 5030 1448 5100 capite
1486 5029 1606 5085 libri
1644 5033 1891 5102 scriptum

323 5136 398 5181 est
423 5127 487 5181 de
514 5143 594 5182 me
615 5141 633 5178 :
660 5127 729 5182 Ut
761 5129 987 5198 facerem
1020 5127 1338 5183 uoluntatem
1366 5135 1532 5188 tuam,
1561 5125 1701 5178 Deus
1724 5137 1894 5193 meus,

324 5217 484 5270 volui.
517 5215 770 5286 Superius
812 5219 990 5274 dicens
1014 5234 1033 5271 :
1064 5219 1202 5285 Quia
1242 5218 1412 5272 hostio
1457 5226 1502 5269 et
1531 5214 1815 5270 oblationes
1844 5224 1900 5270 et

325 5306 748 5360 holocautomota
775 5323 870 5376 pro
895 5319 1101 5377 peccato
1129 5308 1371 5372 noluisti,
1411 5322 1502 5360 nec
1538 5305 1734 5374 placita
1771 5315 1893 5359 sunt

325 5395 418 5448 tibi
439 5411 554 5466 qua
582 5395 866 5450 secundum
889 5395 1051 5465 legem
1073 5398 1384 5466 offeruntur.
1413 5395 1556 5449 Tunc
1576 5395 1691 5448 dixi
1713 5406 1732 5445 :
1761 5393 1895 5448 Ecce

325 5483 490 5546 venio,
513 5491 568 5535 ut
596 5482 813 5552 faciam,
839 5482 1002 5547 Deus,
1029 5482 1342 5537 voluntatem
1364 5495 1527 5538 tuom.
1551 5481 1742 5537 Ablata
1770 5488 1897 5536 sunt

327 5573 477 5639 signa
520 5573 918 5643 promittentis,
950 5574 1075 5644 quia
1116 5573 1355 5628 exhibita
1399 5584 1482 5629 est
1525 5574 1726 5628 veritas
1769 5587 1895 5642 pro-

327 5663 510 5718 missa.
537 5664 660 5719 Ideo
683 5663 791 5718 ait:
825 5663 1264 5718 Holocautomota
1289 5671 1339 5716 et
1368 5665 1628 5732 sacriﬁcia
1659 5663 1892 5724 noluisti,

331 5769 514 5826 corpus
535 5761 704 5808 autem
725 5754 915 5824 optasti
943 5753 1067 5809 mihi
1076 5771 1095 5823 _;
1121 5754 1222 5811 hoc
1243 5763 1346 5822 est,
1368 5763 1646 5824 peccatum
1675 5755 1894 5810 humani

1997 4581 2439 4636 Holocautomata
2462 4590 2510 4634 et
2537 4597 2632 4652 pro
2657 4589 2870 4651 peccato
2897 4579 3129 4635 noluisti.
3163 4599 3182 4632 ‹
3201 4581 3278 4636 De
3303 4581 3448 4637 nullo
3469 4581 3600 4644 alio'

1995 4673 2101 4728 nisi
2131 4672 2199 4728 de
2232 4670 2448 4727 Christo
2473 4671 2578 4727 hoc
2603 4671 2820 4727 dicitur.
2850 4671 2918 4724 Et
2946 4671 3074 4741 quid
3111 4673 3308 4727 mirum
3338 4673 3383 4728 si
3433 4688 3576 4728 nunc

1995 4777 2104 4816 non
2132 4768 2216 4817 est
2239 4762 2487 4817 voluntas
2519 4760 2616 4818 Dei
2647 4761 2703 4816 in
2729 4761 2985 4832 sanguine
3009 4761 3283 4816 hircorum
3313 4769 3368 4817 et
3395 4769 3576 4817 tauro-

1996 4865 2140 4916 rum,
2171 4851 2296 4905 dum
2321 4865 2420 4919 per
2441 4849 2757 4920 prophetam
2785 4850 2979 4906 Isaiam
3005 4849 3204 4906 dicitur
3228 4869 3240 4904 :
3272 4849 3400 4917 Quis
3431 4867 3583 4923 quat--

1993 4941 2109 4996 sivit
2135 4941 2246 4995 haec
2275 4941 2340 4995 de
2366 4941 2608 4996 manibus
2647 4940 2826 4995 uestris
2867 4938 3048 5014 (Isaiae
3071 4957 3113 5008 ι,
3142 4940 3269 5014 12)?
3294 4942 3429 4996 Dum
3458 4943 3574 5000 hmo

1991 5031 2235 5098 noluisti,
2281 5041 2406 5086 tunc
2451 5031 2564 5085 dixi
2599 5044 2618 5083 :
2652 5028 2789 5085 Ecce
2823 5031 3004 5097 venio;
3048 5031 3103 5086 in
3149 5047 3253 5100 qua
3301 5033 3574 5088 voluntate

1993 5123 2124 5178 salvi
2149 5123 2274 5179 facti
2302 5139 2507 5178 sumus.
2530 5121 2809 5189 Quomodo
2832 5124 2964 5180 salvi
2992 5123 3120 5180 facti
3143 5125 3364 5179 sumus?
3383 5125 3440 5179 ld
3467 5137 3571 5190 est,

1994 5230 2090 5284 per
2107 5212 2417 5268 oblationem
2449 5214 2678 5284 corporis
2699 5212 2830 5269 Iesu
2863 5213 3037 5268 semel.
3071 5214 3141 5268 Et
3171 5215 3337 5268 omnis
3365 5214 3572 5285 quidem

1993 5303 2235 5358 sacerdos
2255 5314 2443 5373 prmsto
2465 5313 2539 5357 est
2557 5303 2786 5374 quotidie
2809 5304 3129 5358 ministram.
3153 5302 3457 5359 Ministrarc
3478 5319 3571 5358 au-

1999 5402 2106 5448 tem
2135 5392 2457 5446 famulorum
2503 5401 2615 5457 est;
2646 5394 2834 5448 sedere
2863 5409 2990 5449 vero
3024 5394 3398 5461 dominorum;
3430 5396 3572 5454 unde

1994 5491 2050 5538 ct
2083 5482 2253 5538 dicit:
2289 5481 2444 5536 Sedet
2485 5483 2554 5536 ad
2581 5483 2850 5538 deaterom
2888 5483 3004 5538 Dei.
3036 5483 3372 5557 Quapropter
3410 5502 3570 5540 unam

1997 5577 2217 5646 offerens
2257 5575 2478 5628 hostiam
2499 5615 2515 5639 ,
2546 5591 2665 5645 quae
2699 5576 2907 5631 salvare
2933 5585 3111 5646 potest
3140 5577 3193 5631 in
3226 5585 3569 5650 perpetuum.

1994 5666 2140 5720 sedet
2163 5665 2232 5718 ad
2260 5664 2525 5718 dexteram
2571 5664 2770 5730 Patris,
2813 5667 2876 5720 de
2911 5676 3094 5722 caetero
3122 5677 3444 5737 exspectans,
3473 5666 3568 5719 do-

1995 5772 2086 5809 nec
2109 5762 2370 5824 ponantur
2391 5753 2584 5808 inimici
2605 5753 2717 5823 ejus
2748 5753 3027 5809 scabellum
3063 5755 3250 5826 pedum
3296 5755 3426 5821 ejus.
3460 5751 3562 5818 Qui
