4010 6182
449 327 591 391 {079

1290 326 1351 386 Β.
1382 330 1452 391 F.
1491 331 1717 389 ΛιΒιΝι
1756 328 1887 390 SEU
1923 330 2198 392 ALCUINI
2235 333 2520 393 OPERUM
2553 334 2732 395 PARS
2766 334 2830 395 il.

3559 352 3695 412 1080

444 457 572 506 sunt
825 444 976 514 ejus?
998 442 1171 515 Judaei
1195 447 1403 503 scilicet
1425 456 1479 504 et
1505 447 2008 515 omnesintideles,.i
2042 456 2095 511 Δ
2119 449 2299 516 Quam
2337 454 2686 521 praeparavit,
2735 454 2944 525 inquit,
2976 465 3032 512 et
3066 468 3165 529 per
3202 475 3368 530 (ιιιιιιι
3412 464 3530 537 ipse
3560 484 3696 540 per.

444 539 540 610 qui
568 539 624 593 in
652 536 739 593 die
759 536 949 606 iudicii
971 538 1259 595 damnandi
1285 548 1414 594 sunt
1445 540 1514 596 ab
1538 555 1644 597 eo.‘
1663 558 1681 591 ι
1709 540 1780 595 Et
1812 541 1902 596 hic
1933 541 2017 595 ni-

441 630 717 685 mietatem
737 628 993 696 potentiae
1011 628 1308 700 signiﬁcat;
1333 646 1440 686 non
1465 631 1623 697 dixit,
1643 630 2013 701 subjiciuntur;

438 719 535 775 sed
562 726 623 773 ut
646 728 910 789 ponantur
941 721 1040 775 sub
1067 721 1291 790 pedibus
1319 722 1453 791 ejus.
1482 722 1598 779 Non
1632 724 1794 794 igitur
1819 724 2017 781 cilicia-

438 821 562 861 mur
583 821 646 863 ex
694 822 919 863 numero
960 808 1319 865 inimicorum.
1348 811 1463 867 Non
1490 813 1632 867 enim
1654 814 1752 869 soli
1778 815 2012 881 inimici,

438 895 531 967 qui
558 895 821 962 inﬁdeles,
844 905 1000 964 sunt;
1028 899 1122 953 sed
1141 900 1304 954 etiam
1330 901 1422 970 qui
1444 902 1555 956 vita
1577 902 1849 958 immunda
1870 904 2014 973 pleni

436 994 582 1042 sunt.
615 986 905 1042 Prudentia
935 998 1110 1044 autem
1138 992 1313 1045 carnis
1356 992 1569 1047 inimica
1595 1001 1672 1047 est
1717 993 1773 1047 in
1799 992 1970 1048 Deum
1991 1007 2011 1046 :

436 1072 538 1145 legi
584 1074 722 1128 enim
770 1092 873 1131 non
920 1077 1230 1148 subjicitur,
1278 1097 1370 1134 nec
1417 1081 1555 1136 enim
1599 1091 1766 1153 potest
1815 1081 2011 1154 (Rom.

436 1180 532 1219 vni
555 1204 571 1230 ,
603 1164 679 1234 6).

506 1256 670 1326 697
694 1257 855 1312 Vens.
884 1258 1070 1315 14-18.
1088 1290 1160 1303 —
1181 1259 1301 1317 Una
1326 1263 1465 1318 enim
1485 1264 1746 1321 oblatione
1772 1281 2014 1321 consum-

438 1344 597 1399 mavit
622 1345 678 1401 in
697 1346 1062 1416 sempiternum
1085 1352 1457 1421 sanctiﬁcatos.
1479 1353 1813 1411 Contestatur
1836 1366 2016 1412 autem

436 1432 585 1488 nobis
607 1443 656 1487 et
685 1433 915 1505 Spiritus
942 1447 1175 1493 sanctus.
1211 1440 1498 1514 Postquam
1529 1445 1667 1499 enim
1693 1445 1863 1500 dixit:
1896 1445 2011 1499 Hoc

434 1532 511 1578 est
539 1534 715 1579 autem
757 1534 1152 1595 testamentum,
1190 1533 1332 1602 quod
1378 1533 1605 1588 testabor
1642 1535 1710 1589 ad
1738 1534 1857 1590 illos
1896 1545 2012 1606 post

434 1613 545 1670 dies
584 1615 725 1682 illos,
750 1619 875 1674 dicit
907 1620 1201 1675 Dominus:
1229 1621 1419 1677 Dando
1455 1623 1590 1694 leges
1618 1641 1761 1680 meas
1802 1625 1859 1681 in
1899 1643 2014 1681 cor-

432 1701 585 1758 dibus
611 1723 814 1774 eorum,
837 1718 886 1763 et
914 1709 969 1763 in
996 1709 1251 1765 mentibus
1277 1727 1457 1766 eorum
1485 1714 1864 1783 superscribam
1888 1731 2010 1780 eas;

433 1802 484 1849 et
506 1806 718 1866 peccata
744 1814 922 1857 eorum
945 1807 994 1853 et
1022 1799 1347 1871 iniquitatem
1370 1818 1548 1856 eorum
1567 1803 1684 1872 jam
1711 1821 1814 1858 non
1843 1821 2008 1859 recor—
2042 1792 2087 1852 Β

433 1883 603 1938 dabor
623 1887 868 1959 amplius.
906 1887 1039 1943 Vera
1077 1889 1173 1962 [Ita
1203 1890 1356 1957 C0d.;
1384 1891 1489 1962 leg.
1518 1911 1529 1946 :
1560 1893 1681 1966 Ubi]
1713 1904 1885 1949 autem
1914 1898 2009 1949 ho-

432 1992 549 2031 rum
602 1979 865 2045 remissio,
901 1979 1018 2050 jam
1071 1998 1174 2035 non
1216 1981 1410 2039 oblatio
1457 2002 1553 2054 pro
1602 1995 1831 2056 peccato.
1892 1986 2008 2043 Una

431 2066 628 2135 quippe
646 2068 851 2123 oblatio
867 2072 1110 2139 corporis
1120 2071 1319 2128 Christi
1343 2072 1609 2142 perfectos
1630 2075 1788 2132 faciet
1811 2078 2010 2132 sancti-

434 2154 641 2222 ﬁcatos,
662 2173 783 2227 qua:
804 2160 1181 2215 remissionem
1202 2161 1467 2234 integram
1490 2164 1616 2220 facit
1639 2176 2004 2235 peccatorum.

431 2243 548 2300 Hoc
586 2253 764 2301 autem
799 2255 855 2302 et
880 2264 948 2304 ex
979 2250 1286 2306 testimonio
1311 2254 1559 2321 probavit
1584 2257 1900 2325 prophetico
1928 2258 2009 2313 di-

432 2350 561 2391 cens
583 2351 598 2390 :
624 2334 957 2392 Contestatur
982 2348 1158 2394 autem
1185 2342 1331 2397 nobis
1358 2341 1586 2414 Spiritus
1610 2354 1822 2400 sanctus
1845 2359 1864 2397 :
1890 2344 2007 2401 Hoc

431 2439 506 2486 est
548 2440 722 2487 autem
751 2440 1147 2498 testamentum,
1190 2434 1330 2505 quod
1375 2434 1604 2489 testabor
1633 2436 1703 2490 ad
1733 2435 1850 2492 illos
1891 2447 2008 2508 post

432 2520 541 2574 dies
587 2520 727 2587 illos,
756 2522 881 2576 dicit
906 2522 1200 2577 Dominus:
1224 2522 1414 2579 Dando
1459 2525 1594 2596 leges
1635 2544 1777 2582 meas
1804 2527 1859 2582 in
1889 2545 2005 2582 cor-

430 2608 582 2663 dibus
624 2614 821 2665 eorum.
855 2610 973 2666 Non
1005 2612 1099 2675 ita,
1131 2621 1190 2667 ut
1230 2614 1430 2684 scripta
1466 2614 1567 2669 fuit
1593 2615 1679 2671 lex
1722 2617 1778 2672 in
1808 2617 2004 2675 tabulis

429 2701 685 2773 lapideis;
719 2704 813 2760 sed
851 2705 906 2761 in
937 2706 1133 2762 tabulis
1173 2708 1352 2765 cordis
1379 2710 1685 2766 carnalibus
1722 2720 2005 2781 perpetua-

428 2793 552 2848 liter
578 2796 849 2850 scribebat
877 2795 1043 2851 illam.
1073 2796 1202 2863 Quae
1239 2807 1323 2854 est
1365 2798 1466 2853 ista
1513 2799 1618 2864 lex,
1649 2817 1767 2871 quae
1801 2801 1856 2855 in
1882 2816 2004 2858 cor-

429 2884 584 2940 dibus
612 2886 944 2956 singulorum
969 2889 1167 2958 scripta
1192 2891 1309 2944 est?
1336 2889 1536 2962 Utique
1558 2893 1825 2960 cbaritas;
1857 2902 1915 2949 ut
1938 2909 2004 2950 ea

428 2990 550 3045 qua:
591 2976 840 3032 nolumus
864 2977 1020 3033 nobis
1047 2977 1180 3043 ﬁeri,
1215 2978 1369 3035 alteri
1416 2996 1523 3035 non
1553 2979 1841 3051 faciamus;
1886 2984 2004 3039 tunc

426 3075 508 3122 est
532 3082 651 3138 qua:
676 3070 900 3140 cooperit
947 3069 1329 3126 multitudinem
1355 3083 1687 3144 peccatorum
1716 3074 1921 3145 (Jacob.
1944 3093 1999 3144 ν,

425 3156 517 3227 20)
543 3174 556 3210 :
581 3157 720 3212 sicut
742 3156 796 3211 in
824 3157 1109 3229 Evangelio
1136 3160 1369 3216 dicitur:
1402 3160 1593 3216 Omnia
1620 3180 1737 3234 qua:
1762 3163 1914 3220 vultis
1943 3174 1999 3221 ut

427 3249 627 3320 faciant
663 3249 800 3305 vobis
828 3249 1084 3320 homines,
1123 3253 1236 3309 htec
1278 3256 1458 3310 eadem
1503 3266 1552 3310 et
1590 3274 1678 3313 vos
1704 3258 1861 3327 facile
1896 3258 2001 3316 illis

426 3341 643 3415 (Matth.
669 3358 779 3408 vn,
804 3344 912 3414 η).
945 3343 1282 3415 Quapmpter
1318 3363 1426 3401 non
1467 3356 1552 3403 est
1595 3364 1817 3405 necesse
1863 3367 2001 3422 quo-

424 3432 558 3488 tidie
594 3429 874 3488 sacriﬁciis
907 3433 1235 3503 Quotidianis
1272 3446 1530 3506 purgare,
1562 3437 1702 3492 sicut
1746 3438 1803 3493 in
1830 3441 2005 3496 veteri

422 3523 562 3595 lege.

495 3614 656 3671 Vens.
685 3613 1231 3671 i9-21.—-Habentes
1255 3615 1428 3687 itaque
1454 3616 1644 3687 fratres
1662 3617 1912 3687 ﬁduciam
1942 3623 2006 3677 in-

421 3705 639 3761 introitu
664 3715 962 3761 sanctorum
988 3708 1043 3760 in
1067 3708 1320 3778 sanguine
1344 3706 1561 3775 Christi,
1592 3728 1749 3782 quam
1773 3713 1997 3770 initiavit

422 3796 570 3850 nobis
615 3797 748 3850 viam
789 3814 979 3852 novam
1006 3807 1055 3852 et
1084 3799 1329 3855 viventem
1354 3818 1448 3872 per
1487 3803 1747 3873 velamen,
1787 3808 1844 3862 id
1885 3819 1999 3878 est,

425 3900 633 3940 carnem
671 3903 842 3967 suam,
867 3896 917 3941 et
953 3888 1271 3944 sacerdotem
1307 3909 1553 3964 magnum
1589 3912 1747 3968 super
1781 3899 1995 3955 domum

427 3976 540 4032 Dei.
586 3976 686 4033 Hic
727 3980 960 4036 ostendit
987 3981 1296 4039 distantiam
1333 3986 1603 4056 pontiﬁcis
1652 3997 1708 4045 et
1744 3993 1995 4049 sacerdo-

422 4066 515 4134 tis,
539 4075 593 4125 et
620 4068 937 4136 hostiarum,
962 4079 1017 4126 et
1041 4073 1387 4139 tabernaculi,
1412 4083 1468 4131 et
1493 4082 1799 4145 testamenti
1826 4090 1880 4137 et
1908 4098 1995 4139 re-

416 4158 813 4228 promissionis,
837 4169 892 4215 et
928 4161 1152 4216 multam
1188 4163 1564 4233 differentiam,
1592 4169 1637 4222 si
1666 4171 1880 4239 quidem
1903 4173 1991 4231 illa

418 4247 637 4306 fuerunt
673 4251 1007 4322 temporalia,
1035 4253 1152 4308 haec
1187 4262 1367 4309 autem
1391 4264 1623 4325 aeterna;
1655 4260 1744 4315 illa
1773 4265 1991 4332 quidem

417 4341 487 4395 ad
514 4341 705 4396 horam
732 4342 992 4412 parentia,
1023 4342 1139 4398 haec
1166 4343 1346 4417 itaque
1369 4350 1769 4416 permanentia;
1796 4350 1886 4406 illa
1908 4353 1992 4408 in-

2115 540 2285 605 rexit,
2327 540 2463 594 viam
2485 558 2695 632 incum
2732 553 2783 599 et
2825 545 3013 602 visam.
3051 546 3161 604 Per
3184 550 3443 622 uelamen,
3483 557 3690 632 inquit,

2114 629 2286 717 carnis
2305 646 2435 684 sua.
2458 629 2583 687 Hac
2602 633 2801 703 quippe
2818 648 2947 690 caro
2974 637 3208 717 primum
3230 648 3530 713 penetravit

2113 715 2282 783 illam,
2305 725 2361 773 et
2387 718 2654 775 dedicavit
2671 737 2791 777 eam
2818 715 3175 791 bac'ratione,
3198 737 3467 800 quomodo
3486 738 3685 812 [Μαι.

2113 807 2387 879 quoniam]
2417 809 2532 878 ipse
2557 811 2615 865 in
2641 826 2705 867 ea
2731 815 2989 882 perrexit.
3014 817 3271 876 Velamen
3290 832 3470 881 autem
3489 807 3691 890 merito

2112 914 2398 966 vocamus;
2422 916 2544 957 cum
2570 903 2717 958 enim
2736 904 2975 963 elevatus
2999 918 3084 965 est
3110 911 3168 967 in
3191 913 3413 985 omium,
3440 927 3571 978 tunc
3592 939 3690 997 ap-

2112 995 2408 1056 paruerunt
2431 989 2694 1071 celestia.

2183 1120 2344 1175 Vens.
2369 1120 2457 1175 22.
2479 1154 2551 1163 —
2568 1124 2908 1194 Accedamus,
2937 1130 3131 1200 inquit,
3158 1150 3278 1189 cum
3306 1153 3428 1193 vero
3455 1141 3609 1195 corde
3638 1153 3689 1197 et

2110 1209 2169 1262 in
2191 1207 2510 1279 plenitudine
2534 1212 2682 1281 ﬁdei,
2708 1219 2908 1287 aspersi
2935 1220 3095 1274 corda
3118 1238 3150 1275 a
3175 1227 3490 1282 conscientia
3524 1231 3693 1295 mala,

2111 1307 2161 1351 et
2185 1298 2351 1353 abluti
2376 1317 2562 1372 corpus
2608 1320 2866 1373 aquarum
2909 1308 3161 1365 undaJn
3193 1328 3301 1382 quo
3336 1318 3701 1374 accedamus?

2113 1390 2331 1448 Scilicet
2368 1394 2489 1460 ﬁde,
2520 1397 2748 1466 spiritali
2786 1399 3026 1467 cultura,
3054 1402 3108 1458 in
3143 1407 3323 1462 veraci
3360 1409 3543 1475 corde,
3573 1412 3692 1467 sine

2112 1481 2474 1551 simulatione,
2503 1485 2555 1540 in
2585 1487 2955 1545 satisfactione
2983 1490 3136 1559 ﬁdei;
3169 1496 3297 1564 quia
3335 1498 3468 1553 nihil
3492 1509 3578 1556 est
3610 1501 3696 1557 vi-

2111 1574 2268 1629 sibile
2309 1576 2522 1631 horum.
2561 1577 2746 1649 Neque
2779 1583 3087 1641 sacerdotes
3106 1585 3241 1654 jam,
3268 1604 3444 1660 neque
3480 1593 3696 1649 sacriﬁ-

2112 1663 2273 1729 cium,
2302 1680 2479 1735 neque
2515 1667 2703 1723 altare.
2734 1668 3025 1740 Propterea
3063 1674 3256 1745 inquit,
3283 1678 3338 1731 in
3366 1679 3697 1749 plenitudine

2112 1752 2252 1821 ﬁdei.
2287 1752 2379 1807 Sic
2410 1763 2624 1823 oportet
2651 1758 2893 1826 credere,
2921 1765 3188 1831 quomodo
3227 1766 3363 1820 certi
3406 1784 3593 1825 sumus
3622 1771 3695 1828 de

2110 1842 2327 1897 visibili.
2351 1842 2561 1899 Etenim
2580 1851 2633 1899 et
2653 1846 2829 1904 adhuc
2848 1851 3095 1920 amplius.
3112 1852 3211 1909 Hic
3229 1855 3372 1910 enim
3394 1856 3691 1928 aliquando

2107 1935 2287 1990 carnis
2310 1950 2499 1991 sensus
2518 1946 2701 1993 errant
2724 1940 2777 1995 in
2802 1940 2886 1996 bis
2904 1958 3024 2013 quae
3056 1945 3325 2014 videntur,
3357 1948 3467 2004 illic
3492 1961 3681 2007 autem

2108 2037 2449 2095 nequaquam
2491 2045 2503 2079 :
2537 2027 2663 2096 quia
2707 2030 2899 2099 spiritu
2946 2026 3211 2103 spiritalia
3255 2040 3602 2110 percipimus,
3634 2052 3694 2099 et

2107 2131 2215 2172 non
2259 2117 2384 2172 licet
2409 2119 2660 2176 btesitare
2689 2121 2755 2177 de
2792 2122 2889 2177 eis.
2918 2124 3041 2181 ideo
3078 2128 3188 2182 ait:
3216 2130 3427 2201 Aspersi
3454 2135 3616 2188 corda
3656 2153 3691 2190 a

2108 2211 2424 2266 conscientia
2455 2213 2616 2268 mala.
2662 2213 2907 2272 Ostendit
2949 2222 3075 2289 quia
3112 2239 3222 2278 non
3262 2224 3395 2282 ﬁdes
3429 2229 3562 2295 sola,
3589 2233 3693 2288 sed

2107 2302 2270 2356 etiam
2298 2303 2406 2358 vita
2434 2320 2556 2360 cum
2577 2306 2773 2363 virtute
2801 2310 3085 2380 quaeritur,
3112 2314 3236 2387 quia
3266 2314 3401 2374 ﬁdes
3420 2320 3531 2375 sine
3550 2338 3693 2393 ope-

2106 2393 2259 2449 ribus
2279 2394 2452 2450 otiosa
2480 2404 2600 2452 est:
2629 2399 2704 2453 illi
2735 2409 2913 2456 autem
2935 2420 3164 2475 corpora
3194 2410 3541 2479 mundabant,
3569 2430 3702 2470 non

2107 2484 2513 2539 conscientiam.
2540 2486 2611 2541 Et
2638 2488 2826 2557 abluti,
2856 2493 3071 2562 inquit,
3099 2513 3238 2567 aqua
3268 2501 3483 2556 munda.
3512 2503 3692 2561 Lava-

2107 2583 2258 2625 crum
2289 2573 2627 2643 baptismatis
2655 2576 2709 2632 in
2754 2580 2859 2635 hoc
2890 2581 3012 2639 loco
3041 2583 3191 2639 dicit.
3222 2585 3498 2658 Baptisma
3538 2593 3691 2651 enim

2106 2664 2349 2732 corporis
2382 2667 2659 2724 mundatio
2689 2686 2796 2725 non
2820 2679 2924 2740 est,
2947 2676 3042 2731 sed
3066 2677 3280 2743 animm,
3305 2698 3324 2732 ι
3357 2681 3403 2736 si
3427 2682 3559 2739 ﬁdes
3588 2686 3690 2741 ad-

2105 2761 2189 2809 est
2212 2755 2506 2824 baptizato,
2534 2759 2647 2814 sive
2675 2771 2981 2831 parentum,
3013 2765 3127 2821 sive
3156 2769 3239 2823 sui
3268 2769 3403 2840 ipsa,
3428 2773 3473 2826 si
3502 2774 3570 2828 ad
3596 2792 3689 2829 ra-

2106 2843 2416 2902 tionabilem
2442 2856 2655 2905 aetatem
2682 2856 3009 2922 pervenerit.
3040 2856 3224 2929 (Vens.
3249 2860 3365 2935 25.)
3396 2862 3688 2921 Teneamus

2102 2935 2212 3006 spei
2256 2946 2447 2993 nostra:
2490 2942 2864 3012 confessionem
2910 2946 3361 3020 indeclinabilem,
3391 2954 3563 3023 ﬁdelis
3607 2968 3691 3012 est

2102 3027 2261 3092 enim,
2306 3029 2395 3100 qui
2421 3032 2728 3101 repromisit.
2764 3051 2783 3084 ι
2808 3032 2951 3089 Nihil
2987 3038 3132 3093 enim
3160 3043 3442 3109 scruteris,
3470 3044 3546 3099 nil
3590 3062 3685 3100 ra—

2106 3118 2266 3173 tionis
2285 3129 2581 3189 exspectes,
2609 3120 2713 3178 ﬁde
2735 3138 2871 3193 opus
2901 3124 3100 3182 habent
3125 3129 3242 3184 haec
3269 3132 3476 3198 omnia,
3500 3154 3518 3187 s
3552 3137 3685 3205 quia

2105 3213 2219 3268 sine
2259 3209 2362 3267 fide
2387 3212 2714 3282 impossibile
2739 3216 2953 3287 placere
2980 3218 3109 3275 Deo.
3153 3219 3308 3276 Sicut
3336 3223 3481 3280 Deus
3504 3226 3685 3289 ﬁdelis

2103 3303 2265 3358 estin
2289 3304 2567 3373 promissis
2594 3308 2723 3372 suis,
2751 3307 2825 3362 ita
2856 3307 3041 3365 ﬁdeles
3060 3310 3173 3365 vult
3202 3327 3301 3367 nos
3324 3328 3446 3371 esse
3470 3316 3526 3372 in
3553 3332 3684 3389 pro-

2103 3392 2284 3447 missis
2323 3393 2544 3461 nostris,
2584 3411 2703 3465 quae
2741 3397 3007 3454 vovimus.
3057 3399 3281 3458 Diabolo
3308 3407 3681 3464 contradicere

2099 3480 2377 3551 debemus,
2402 3491 2457 3539 et
2482 3483 2702 3541 Christo
2726 3486 2949 3543 servire.

2165 3635 2334 3707 693
2368 3637 2530 3692 Vens.
2562 3636 2660 3702 ει,
2689 3636 2780 3691 25.
2804 3666 2877 3679 -
2910 3635 3314 3697 Considerentus
3351 3644 3567 3699 invicem
3611 3642 3683 3701 iis

2095 3725 2456 3795 provocatione
2479 3726 2750 3783 charitatis
2786 3736 2837 3783 et
2862 3729 3117 3785 bonorum
3152 3747 3387 3803 operum.
3431 3734 3556 3790 Non
3576 3734 3678 3792 le-

2094 3824 2318 3870 serentes
2359 3814 2709 3871 collectionem
2747 3825 2979 3873 nostram
3012 3821 3149 3875 sicut
3184 3830 3263 3876 est
3285 3825 3681 3880 consuetudini:

2094 3905 2424 3977 quibusdam.
2459 3905 2598 3973 Quid
2620 3915 2725 3974 est,
2752 3907 3109 3979 intelligamus
3156 3911 3417 3969 invicem?
3438 3913 3498 3968 Si
3528 3914 3669 3969 viro

2094 4005 2208 4053 tute
2232 3998 2476 4054 creditur
2504 3999 2642 4073 [Id.,
2667 4001 2710 4058 si
2739 4004 2861 4073 quis
2899 4003 3063 4061 fuerit
3105 4007 3313 4065 virtute
3356 4010 3673 4083 prndium},

2093 4088 2240 4145 hunc
2260 4090 2552 4159 imitemur,
2576 4099 2632 4148 et
2658 4094 2714 4148 in
2741 4109 2864 4150 eum
2896 4096 3257 4165 intendamus,
3287 4108 3349 4155 ut
3382 4101 3681 4173 diligamus

2093 4186 2148 4234 et
2169 4181 2484 4252 diligamur;
2511 4197 2579 4239 ex
2608 4184 2896 4243 dilectione
2925 4188 3123 4260 quippe
3146 4191 3287 4246 bona
3316 4204 3480 4261 opera
3506 4191 3659 4247 ﬁunt.

2093 4269 2338 4343 Magnum
2369 4272 2565 4342 quippe
2596 4275 2796 4330 bonum
2825 4284 2909 4332 est
2934 4281 3278 4350 congregatio
3304 4297 3317 4333 :
3358 4281 3476 4350 ipsa
3517 4296 3667 4337 nam-

2092 4375 2197 4431 que
2241 4364 2560 4420 charitatem
2601 4373 2858 4435 operatur
2902 4367 3357 4439 frequentiorem,
3395 4379 3452 4425 et
3493 4386 3556 4426 ex
3599 4386 3673 4425 es

416 4430 594 4498 firma,
642 4432 757 4489 bzec
785 4432 1054 4504 perfecta;
1096 4432 1185 4489 illa
1222 4433 1426 4553 formie,
1469 4437 1585 4494 haec
1622 4441 1854 4509 veritas;
1886 4444 1991 4502 hoc
2015 4496 2067 4553 υ
2092 4430 2287 4510 (iuncta
2341 4455 2482 4510 bona
2523 4430 2687 4528 opera
2740 4430 3085 4529 generantur.
3122 4460 3265 4515 Nihil
3324 4430 3521 4533 quippe
3566 4462 3665 4517 bo.

416 4532 591 4553 -...,....
643 4532 1028 4553 “unum”...
1078 4542 1271 4553 _.........
1390 4530 1553 4553 λι---
1609 4532 1917 4553 --μεηςμη
2315 4551 2321 4553 _
2507 4547 2521 4553 _
2858 4551 2871 4553 _
2961 4551 2971 4553 _
3205 4551 3219 4553 _
3304 4552 3307 4553 ν
3507 4551 3513 4553 _

413 4532 593 4580 autem
643 4532 1033 4581 testamentum
1078 4542 1306 4593 novum,
1351 4527 1556 4585 habens
1609 4532 1983 4592 remissionem
2015 4527 2066 4553 “’
2089 4558 2218 4597 num
2247 4551 2349 4609 est,
2380 4547 2522 4615 quod
2562 4527 2671 4602 non
2697 4527 2795 4617 per
2822 4551 3147 4606 charitatem
3190 4551 3271 4605 ﬁt.
3301 4527 3473 4608 Istam
3501 4551 3666 4624 igitur

412 4623 777 4684 peccatorum,
808 4615 938 4672 illud
971 4626 1151 4672 autem
1176 4618 1311 4673 nihil
1350 4618 1685 4688 hujusmodi;
1714 4624 1845 4680 illud
1887 4643 1983 4682 au-

412 4719 522 4761 tem
543 4722 703 4761 manu
724 4705 945 4775 factum,
963 4710 1066 4764 hoc
1079 4718 1258 4765 autem
1282 4726 1386 4767 non
1410 4728 1572 4769 manu
1592 4714 1826 4783 factum;
1850 4718 1981 4775 illud

412 4799 629 4869 quidem
677 4800 993 4872 sanguinem
1040 4802 1347 4868 hircorum,
1393 4804 1497 4860 hoc
1529 4814 1731 4873 autem,
1767 4808 1980 4865 Domini

412 4887 645 4961 [Chrys.,
676 4890 779 4947 hoc
813 4901 992 4947 autem
1042 4893 1281 4966 Deum]:
1316 4894 1443 4952 illud
1487 4897 1705 4967 quidem
1748 4907 1979 4957 stantem

408 4981 742 5036 sacerdotem
780 4980 1030 5049 habebat,
1057 4983 1159 5038 hoc
1186 4992 1367 5039 autem
1395 4985 1691 5041 sedentem.
1716 4986 1979 5054 Quoniam

410 5068 574 5140 igitur
601 5069 689 5126 illa
714 5070 924 5126 minora
958 5083 1102 5136 sunt,
1133 5072 1249 5129 haec
1277 5082 1453 5130 autem
1479 5074 1703 5145 majora,
1735 5077 1979 5134 habentes

406 5161 585 5231 gitur,
626 5161 827 5232 inquit,
872 5161 1062 5233 fratres
1102 5161 1370 5232 ﬁduciam.
1416 5165 1601 5222 Unde?
1644 5164 1795 5223 Sicut
1834 5169 1979 5225 enim

407 5249 777 5311 confusionem
808 5252 1011 5310 faciunt
1050 5263 1292 5325 peccata,
1325 5255 1405 5313 sic
1440 5257 1690 5315 ﬁduciam
1731 5261 1980 5319 remissio

406 5352 781 5412 peccatorum;
806 5353 863 5399 et
886 5345 1029 5414 quod
1062 5345 1302 5403 haeredes
1322 5345 1497 5405 effecti
1529 5363 1741 5418 sumus,
1758 5359 1816 5408 et
1835 5353 1977 5423 quod

406 5439 558 5487 tanta
586 5434 871 5492 dilectione
898 5434 1146 5493 fruimur.
1179 5435 1248 5492 In
1281 5438 1518 5507 introitu,
1549 5440 1744 5512 inquit,
1770 5452 1979 5499 sancto-

410 5514 546 5574 rum'.
587 5523 689 5580 Hic
738 5526 933 5582 omium
981 5529 1118 5585 dixit
1162 5536 1219 5586 et
1266 5544 1542 5588 accessum
1575 5532 1643 5587 ad
1693 5533 1974 5604 spiritalia.

409 5611 581 5679 Quam
620 5614 893 5679 dedicauit,
936 5619 1039 5676 hoc
1061 5628 1167 5685 est,
1196 5636 1359 5690 quam
1390 5626 1705 5688 construxit,
1736 5633 1793 5681 et
1813 5620 1976 5695 quam

405 5702 656 5760 initiavit.
708 5703 978 5759 Dcdicatio
1024 5712 1217 5780 quippe
1261 5712 1455 5770 dicitur
1502 5714 1712 5772 initium
1765 5716 1972 5772 utendi.

2089 4631 2468 4688 conﬁrmemus
2502 4635 2761 4702 invicem,
2802 4639 2928 4708 quia
2965 4638 3232 4709 plenitudo
3271 4641 3400 4713 legis
3435 4643 3663 4698 cher-itas

2086 4731 2162 4777 est
2205 4721 2381 4794 (Rom.
2406 4740 2524 4790 xm,
2550 4725 2662 4798 10).
2689 4727 2807 4783 Non
2844 4730 2989 4785 enim
3017 4730 3293 4788 laboribus
3320 4747 3459 4804 opus
3497 4733 3659 4807 babe-

2086 4829 2206 4869 mus
2250 4822 2345 4870 aut
2380 4817 2701 4874 sudoribus:
2733 4821 2780 4875 si
2808 4821 3155 4880 dilexerimus
3196 4825 3459 4891 invicem,
3495 4841 3656 4897 spon-

2084 4911 2243 4959 tanea
2285 4907 2442 4963 nobis
2468 4908 2557 4963 via
2583 4912 2843 4967 sternitur
2882 4913 3085 4970 ducens
3119 4915 3187 4970 ad
3214 4917 3467 4972 virtutem
3492 4925 3545 4972 et
3582 4918 3655 4972 ad

2082 4995 2372 5051 caelestia.»
2406 4997 2555 5053 Sicut
2579 5008 2655 5055 est
2682 5005 3072 5061 consuetudinis
3103 5006 3442 5076 quibusdam.
3468 5007 3525 5062 ιιι
3552 5009 3663 5062 hoc

2081 5083 2200 5141 loco
2222 5101 2331 5141 non
2354 5087 2528 5143 solum
2554 5090 2861 5159 admonuit,
2880 5096 2973 5151 sed
3005 5096 3170 5152 etiam
3198 5098 3439 5168 culpavit
3461 5108 3514 5155 et
3548 5106 3658 5155 ter-

2082 5176 2191 5231 ruit
2219 5178 2480 5234 unitatem
2505 5181 2788 5239 cbaritatis
2816 5186 3143 5243 scindentes.
3168 5187 3275 5244 Sed
3300 5190 3653 5253 consolantes,

2081 5274 2130 5318 et
2176 5275 2321 5322 tanto
2371 5271 2572 5342 magis,
2620 5282 2813 5344 quanto
2863 5275 3096 5332 videritis
3151 5274 3656 5351 appropinquantem

2079 5356 2239 5414 diem.
2269 5358 2440 5427 Quem
2465 5360 2610 5419 diem
2630 5362 2894 5433 designat,
2921 5367 3028 5423 nisi
3057 5367 3200 5425 diem
3220 5368 3439 5440 iudicii,
3463 5369 3520 5425 in
3545 5383 3657 5440 quo

2077 5448 2410 5521 singulorum
2455 5454 2650 5509 merita
2691 5457 3104 5514 examinantur?
3146 5460 3244 5517 Vel
3271 5460 3441 5516 etiam
3468 5469 3655 5516 extre-

2079 5555 2227 5595 mum
2269 5541 2412 5598 diem
2440 5542 2565 5600 vitae
2604 5553 2833 5613 nostrae;
2858 5546 2992 5604 dicit
3032 5548 3178 5604 enim
3218 5549 3327 5605 alio
3355 5549 3514 5607 loco:
3544 5548 3657 5607 De-

2079 5630 2247 5683 minus
2282 5648 2440 5702 prope
2462 5643 2559 5698 est,
2589 5634 2718 5690 nihil
2744 5635 2956 5693 solliciti
2980 5639 3097 5693 sitis
3136 5637 3358 5709 (Philip.
3393 5654 3470 5705 tv,
3489 5638 3545 5705 5,
3570 5638 3652 5710 ϐ),

2081 5716 2133 5772 id
2156 5725 2258 5783 est,
2287 5718 2352 5777 de
2377 5724 2624 5780 terrenis.
2651 5726 2717 5781 Et
2743 5726 2901 5785 item:
2934 5727 3089 5785 Nunc
3120 5729 3336 5800 propius
3362 5739 3441 5786 est
3470 5741 3652 5786 nos!“
