4002 6186
254 269 271 279 ’
338 292 473 352 test

1068 290 1482 349 EXEGETICA.
1519 322 1592 334 —
1625 290 1872 348 EXPOS.
1912 290 1980 347 IN
2018 290 2236 348 EPIST.
2284 291 2342 348 S.
2381 290 2586 348 PAULI
2623 291 2716 348 AD
2753 293 2957 352 HEBR.

3450 306 3592 365 108$

334 405 505 471 salus,
526 420 689 473 quam
710 402 1026 459 credidimus
1045 400 1365 475 (Rm.llll,
1382 401 1504 475 il):
1529 402 1905 471 tempusenim
1931 404 1981 464 Α
2007 416 2116 473 quo
2146 401 2435 459 mundatus
2459 412 2544 459 est
2563 444 2580 468 ,
2609 411 2667 459 et
2692 405 2761 460 ad
2784 407 3047 462 vomitum
3076 411 3370 468 revertitur
3398 417 3589 484 misti.

335 495 707 553 abbreviatum
734 503 839 551 est.
1793 538 1803 548 .

406 586 569 642 Vsus.
594 584 683 642 26.
715 614 786 625 ——
823 582 1124 640 Voluntaria
1171 586 1313 641 enim
1353 585 1689 655 peccantibus
1734 584 1904 650 nobis,

333 686 447 749 post
478 686 744 747 acceptam
773 678 1014 730 notitiam
1042 677 1293 741 veritatis,
1316 677 1439 747 jam
1462 691 1567 730 non
1596 675 1907 745 relinquitur

332 782 431 837 pro
456 766 679 836 peccatis
707 766 899 820 hostia.
930 766 1132 836 Sponte
1160 782 1390 836 namque
1419 766 1770 836 peccantibus
1811 780 1906 819 uo-

331 854 440 920 bis,
468 864 752 927 postquam
781 858 1086 927 accepimus
1110 859 1361 913 veritatis
1381 858 1734 928 agnitionem,
1764 856 1905 910 ultra

332 961 444 1002 non
484 948 807 1017 relinquitur
836 949 1010 1003 hostia
1042 964 1140 1017 pro
1168 949 1425 1017 peccatis,
1468 948 1610 1003 sicut
1646 963 1700 1002 in
1736 946 1905 1002 veteri

332 1036 450 1108 lege
469 1036 726 1092 donatum
751 1037 853 1092 fuit
880 1038 1084 1094 hostias
1101 1036 1296 1093 oﬁ‘erre
1323 1037 1517 1106 sepius
1539 1052 1638 1106 pro
1662 1045 1903 1106 peccato.

330 1127 518 1199 Neque
556 1131 699 1184 enim
730 1129 980 1186 Christus
1016 1132 1130 1202 ipse
1169 1131 1367 1206 iterum
1419 1130 1778 1186 immolandos
1822 1139 1906 1186 est

332 1239 432 1294 pro
456 1224 690 1294 peccatis
718 1226 949 1291 nostris;
994 1227 1096 1282 hee
1122 1227 1266 1281 enim
1302 1226 1471 1282 semel
1513 1225 1688 1282 factus
1716 1238 1824 1291 est,
1853 1234 1908 1281 et

330 1315 569 1370 secundo
596 1330 702 1369 non
731 1323 816 1370 est
841 1330 1006 1386 opus;
1036 1317 1130 1371 sed
1173 1317 1345 1387 magis
1369 1332 1503 1386 opus
1543 1324 1627 1372 est
1663 1324 1785 1386 post
1811 1332 1905 1373 ac-

328 1414 547 1475 ceptam
569 1406 799 1475 gratiam
834 1420 1156 1475 permanere
1184 1407 1238 1461 in
1274 1407 1377 1462 ﬁde
1398 1414 1455 1461 et
1480 1407 1709 1460 veritate
1739 1406 1909 1462 bono-

327 1512 451 1552 rum
492 1512 741 1567 operum.
774 1516 794 1549 ‹
823 1499 1109 1554 Mundatus
1131 1514 1214 1564 es,
1256 1500 1393 1555 liber
1421 1514 1483 1554 es
1504 1514 1537 1553 a
1563 1500 1904 1566 criminibus,

326 1587 503 1645 lactus
523 1604 583 1645 es
606 1589 774 1645 Filius
800 1591 915 1646 Dei.
940 1590 999 1645 Si
1027 1592 1094 1647 ad
1117 1591 1350 1661 primum
1371 1593 1631 1645 vomitum
1658 1605 1907 1646 reversus

325 1678 510 1745 fueris,
555 1681 699 1736 aliud
730 1690 784 1737 te
813 1690 1092 1752 exspectat
1109 1682 1396 1751 judicium,
1419 1702 1437 1734 ι
1471 1681 1576 1736 nisi
1610 1696 1706 1753 per
1731 1682 1906 1752 pinni-

2004 509 2161 558 num,
2180 501 2238 549 et
2277 494 2514 563 seipsum
2539 508 2639 563 per
2688 497 3065 565 paenitentiam
3102 500 3298 557 iterum
3326 508 3587 566 mundare

2004 587 2304 656 neglexerit
2345 587 2559 660 [Forte,
2595 590 2860 664 negligit].
2898 593 3068 664 m9
3113 595 3181 650 Et
3218 599 3427 667 spiritui
3465 618 3589 670 gra-

2004 676 2093 731 tim
2137 677 2421 747 injuriam.
2464 697 2482 729 ι
2510 679 2616 746 Qui
2666 697 2797 736 vero
2837 684 3158 739 beneﬁcium
3209 687 3390 743 dantis
3434 703 3588 759 grata

2005 778 2185 824 mente
2227 786 2334 826 non
2376 773 2624 842 suscipit,
2654 773 2904 842 injuriam
2946 776 3147 832 faciens
3193 778 3403 851 [Fat-te,
3432 782 3584 855 facit}
3629 796 3633 801 '

2004 858 2381 941 heuefacienti.
2410 862 2504 918 ille
2535 863 2665 919 facit
2692 875 2741 919 te
2770 867 2959 931 ﬁlium,
2985 876 3039 922 tu
3068 885 3197 925 vero
3223 872 3304 927 vis
3332 872 3449 928 ﬁeri
3475 890 3590 928 ser-

2007 965 2105 1005 vus
2128 952 2353 1020 peccati.
2385 953 2543 1006 Venit
2564 955 2707 1007 enim
2734 954 2804 1009 ad
2832 956 3180 1013 habitandum
3208 964 3348 1030 apud
3372 971 3458 1027 te;
3485 983 3505 1016 ι
3534 972 3590 1019 tu

2005 1053 2136 1094 vero
2166 1055 2271 1095 non
2316 1056 2588 1110 praeparas
2622 1043 2674 1097 ei
2714 1044 2929 1098 domum
2971 1046 3192 1114 dignam
3240 1050 3588 1108 habitationis

2006 1144 2140 1194 suae,
2168 1130 2355 1198 alium,
2382 1132 2437 1186 id
2458 1140 2564 1199 est,
2593 1133 2867 1189 diabolum
2893 1136 2991 1191 tibi
3018 1136 3379 1195 habitatorem
3410 1143 3593 1198 concl-

2005 1214 2165 1271 linus.

2078 1306 2240 1363 Vsus.
2261 1306 2352 1362 50.
2366 1308 2642 1365 ~—Scimus
2652 1312 2789 1366 enim
2809 1313 2898 1383 qui
2918 1313 3052 1367 dixit
3071 1329 3090 1365 :
3116 1314 3247 1370 Mihi
3272 1318 3522 1384 uindicta,
3541 1328 3595 1374 et

2007 1412 2098 1467 ego
2126 1397 2361 1452 reddam.
2401 1398 2472 1453 Et
2500 1400 2726 1454 iterum:
2756 1400 2894 1466 Quia
2917 1402 3181 1471 judicabit
3207 1405 3463 1461 Dominus
3496 1425 3593 1477 po-

2006 1482 2189 1555 pulum
2212 1502 2386 1540 suum.
2433 1488 2510 1544 De
2539 1489 2777 1545 inimicis
2799 1492 2904 1546 hoc
2930 1492 3097 1558 dixit,
3133 1500 3188 1548 et
3214 1494 3281 1549 de
3309 1496 3589 1567 negligen-

2008 1574 2153 1629 tibus
2186 1589 2284 1644 per
2311 1577 2684 1644 paenitentiam
2720 1595 2779 1636 se
2812 1596 3079 1651 purgare;
3124 1583 3217 1637 sed
3246 1585 3422 1639 securi
3452 1584 3597 1641 male

2008 1663 2236 1721 faciunt.
2288 1665 2543 1724 Judicare
2585 1670 2730 1727 enim
2776 1672 3096 1742 intelligitur
3141 1674 3351 1742 plebem
3397 1691 3593 1743 suam,

325 1771 550 1826 tentiam
601 1749 1126 1828 renovatus-fueris.
1176 1773 1300 1828 Ideo
1346 1749 1747 1842 subsequenter
1785 1773 1905 1826 ait:
1939 1749 1982 1809 Β
2010 1760 2312 1826 separando
2351 1757 2451 1832 [ίηῖ
2493 1761 2646 1829 [Habe
2674 1778 2773 1816 sua
2807 1764 2976 1819 bonos
3013 1780 3043 1819 3
3079 1766 3266 1831 malis,
3310 1767 3496 1824 ﬁdeles
3523 1770 3592 1825 ab

324 1855 511 1929 (Vens.
562 1859 652 1928 27)
692 1860 958 1915 Terribilis
988 1868 1163 1914 autem
1204 1860 1445 1931 quietiam
1481 1863 1798 1931 exspectatio
1814 1861 1910 1929 ju-

321 1949 471 2015 dicii,
498 1959 547 2005 et
579 1952 715 2021 ignis
745 1950 1035 2017 wmulatio,
1069 1968 1187 2022 quae
1224 1961 1595 2022 consumptum
1620 1961 1696 2007 est
1722 1952 1910 2007 adver-

322 2041 514 2095 sarios.
547 2059 566 2092 σ
586 2041 642 2095 In
663 2042 767 2097 hoc
780 2057 891 2096 non
903 2043 1276 2112 penitentiam
1304 2043 1550 2107 exclusit,
1579 2059 1756 2113 neque
1780 2057 1908 2112 pro-

319 2130 683 2203 pitiationem,
708 2148 828 2203 quae
853 2133 915 2189 ﬁt
936 2149 1034 2205 per
1058 2134 1468 2205 paenitentiam;
1498 2150 1675 2205 neque
1698 2134 1909 2204 repellit

322 2229 379 2278 et
403 2222 587 2293 dejicit
604 2238 702 2292 per
723 2225 1153 2294 desperationem
1176 2225 1606 2295 delinquentem;
1628 2239 1738 2279 non
1762 2225 1907 2279 enim

324 2311 401 2367 ita
430 2322 517 2368 est
540 2313 794 2369 inimicus
814 2315 1005 2370 salutis
1030 2325 1257 2371 nostrae.
1277 2315 1385 2370 Sed
1413 2317 1576 2383 quid?
1602 2316 1907 2370 Secundum

322 2416 557 2470 namque
579 2403 811 2457 exclusit
829 2402 1105 2457 lavacrum
1130 2404 1404 2473 baptismi.
1428 2404 1544 2458 Non
1569 2406 1719 2459 enim
1741 2405 1906 2460 dixit:

322 2490 442 2546 Non
464 2498 549 2546 est
575 2490 714 2546 ultra
738 2492 1056 2560 paenitentia
1075 2508 1097 2558 °,
1117 2507 1292 2563 neque
1320 2493 1490 2548 dixit:
1521 2494 1671 2551 Ultra
1697 2508 1804 2548 non
1825 2503 1909 2549 est

323 2581 574 2637 remissio
598 2598 611 2635 :
639 2582 735 2637 sed
763 2582 963 2648 hostia,
992 2583 1190 2652 inquit,
1226 2583 1368 2638 ultra
1395 2598 1502 2639 non
1531 2592 1637 2651 est,
1673 2585 1774 2641 hoc
1799 2593 1904 2651 est,

324 2685 455 2724 crux
484 2671 717 2726 secunda
743 2671 882 2725 ultra
915 2687 1022 2727 non
1050 2684 1154 2727 est.
1186 2672 1304 2728 Una
1333 2688 1568 2743 namque
1598 2674 1825 2743 perfecit
1851 2675 1907 2729 in

322 2767 643 2830 perpetuum
664 2775 777 2826 eos,
791 2761 885 2831 qui
905 2760 1339 2827 sanctiﬁcantur,
1357 2777 1462 2817 non
1486 2763 1628 2817 sicut
1646 2762 1904 2822 Iudaicae.

323 2848 525 2904 Cautos
558 2865 656 2905 nos
700 2852 889 2905 volens
941 2849 1190 2918 efﬁcere,
1240 2867 1308 2906 ne
1357 2852 1500 2906 ultra
1552 2853 1636 2908 vel
1688 2869 1907 2910 crucem

323 2942 548 3008 Christi,
574 2943 658 2997 vel
687 2944 891 2998 hostias
909 2944 1153 3014 judaicas
1179 2954 1552 3014 exspectemus
1582 2961 1679 3016 pro
1718 2962 1907 3016 pecca-

324 3034 412 3088 tis.
440 3053 458 3085 i
491 3033 556 3086 Et
596 3033 904 3103 quicunque
939 3033 1272 3103 paenitentia:
1315 3035 1765 3089 medicamentum
1807 3050 1906 3090 ne-

323 3123 589 3195 glexerit,
624 3123 763 3192 ignis
804 3124 1078 3179 zemulatio
1108 3125 1327 3180 devoret
1375 3140 1519 3179 eum.
1568 3124 1907 3196 Quapropter

322 3212 693 3282 unusquisque
715 3213 781 3267 ad
811 3214 1162 3282 poenitentiae,
1186 3215 1313 3267 dum
1339 3222 1553 3283 tempus
1579 3216 1763 3281 habet,
1794 3232 1907 3273 me-

251 3317 254 3320 ’
322 3300 688 3356 dicamentum
736 3301 1044 3370 confugiat,
1094 3318 1163 3357 ne
1214 3303 1326 3374 igni
1384 3305 1629 3359 tradatur
1679 3314 1901 3364 aeterno.

321 3387 509 3463 (Vnus.
533 3387 647 3463 28.)
668 3389 887 3446 Irritam
913 3393 1029 3463 quis
1060 3391 1260 3462 faciens
1282 3392 1443 3465 legem
1466 3394 1639 3466 Moysi
1664 3397 1777 3451 sine
1796 3396 1905 3453 ulla

321 3482 656 3538 miseratione
697 3482 901 3538 duobus
930 3481 1009 3543 uel
1039 3484 1206 3539 tribus
1247 3484 1464 3540 testibus
1492 3487 1736 3542 moritur.
1769 3488 1903 3543 Ter-

324 3590 504 3632 rorem
530 3574 676 3630 enim
704 3575 899 3631 incutit
921 3575 1244 3632 Christianis
1264 3578 1329 3632 de
1350 3579 1527 3648 poenis
1556 3578 1789 3652 [eorum]
1812 3579 1904 3650 qui

324 3664 425 3719 sub
451 3664 569 3736 lege
602 3675 986 3735 peccaverunt.
1024 3684 1045 3718 ο
1068 3666 1196 3723 Sine
1221 3667 1578 3736 miseratione,
1608 3671 1817 3740 inquit,
1846 3679 1905 3725 ut

324 3759 470 3814 nulla
519 3760 591 3816 sit
621 3760 811 3828 venia,
857 3760 1003 3817 nulla
1045 3761 1117 3816 sit
1148 3761 1546 3824 misericordia,
1596 3777 1906 3831 quanquam

324 3850 492 3923 Moysi
518 3859 662 3907 esset
688 3852 776 3906 illa
804 3852 908 3906 lex.
957 3852 1015 3905 Si
1043 3852 1148 3905 duo
1171 3851 1253 3904 vel
1280 3858 1408 3913 tres,
1438 3851 1580 3905 sicut
1608 3850 1698 3902 ille
1726 3851 1905 3918 dispo-

321 3944 461 4008 suit,
491 3942 849 3997 testiﬁeantur
877 3955 1039 4009 super
1063 3955 1185 3994 cum
1204 3980 1223 4005 ,
1247 3940 1530 3995 confestim
1554 3939 1766 4009 iudices
1803 3955 1902 4009 po-

323 4033 436 4104 puli
460 4032 708 4102 judicant
729 4046 853 4085 eum
883 4028 953 4084 ad
980 4036 1235 4092 mortem,
1265 4030 1309 4083 si
1340 4028 1442 4098 legi
1473 4028 1775 4082 contrarius
1800 4026 1902 4082 fuit

323 4131 420 4178 aut
448 4122 781 4178 inobediens.
810 4121 878 4175 Et
903 4121 950 4175 si
990 4120 1093 4175 hoc
1123 4118 1196 4172 ita
1235 4126 1319 4172 est
1345 4116 1398 4170 in
1432 4116 1604 4172 veteri
1644 4116 1776 4187 lege,
1811 4116 1902 4170 ubi

324 4215 410 4269 lex
440 4213 608 4284 Moysi
635 4212 785 4266 irrita
812 4210 891 4265 ﬁt.
918 4209 1104 4282 (Vens.
1130 4206 1244 4278 29.)
1275 4207 1486 4273 Quanto
1513 4206 1707 4276 magis,
1729 4205 1902 4275 inquit

323 4304 632 4375 Apostolus,
664 4303 861 4374 putatis
908 4300 1167 4355 deteriora
1231 4298 1415 4352 mereri
1474 4294 1759 4367 supplicia,
1812 4295 1901 4366 qui

326 4394 527 4449 Filium
553 4393 643 4447 Dei
664 4391 1124 4455 conculcaverit,et
1146 4389 1448 4458 sanguinem
1471 4388 1763 4441 testamenti
1788 4384 1899 4454 pol-

2009 1848 2342 1905 inﬁdelibus.
2377 1850 2563 1920 (Vnus.
2592 1851 2711 1923 51.)
2736 1851 3075 1907 Horrendum
3102 1863 3177 1908 est
3206 1856 3342 1910 enim
3368 1855 3596 1911 incidere

2006 1942 2065 1997 in
2092 1959 2279 1996 manus
2313 1941 2407 1996 Dei
2443 1943 2683 1997 viventis.
2721 1944 2910 1998 Incidit
2948 1946 3002 1999 in
3042 1961 3235 2001 manus
3275 1946 3368 2000 Dei
3408 1948 3463 2001 in
3501 1947 3591 2003 die

2000 2031 2211 2101 judicii,
2242 2034 2296 2089 id
2323 2042 2424 2097 est,
2460 2034 2515 2087 in
2544 2042 2868 2103 potestatem
2898 2033 3017 2103 ejus
3034 2034 3375 2105 judicis,qni
3406 2036 3593 2092 reddet

2006 2125 2298 2192 unicuique
2323 2125 2621 2179 secundum
2652 2124 2846 2183 merita
2878 2140 3005 2191 sua,
3035 2127 3129 2196 qui
3158 2141 3264 2181 non
3293 2126 3408 2180 vult
3433 2128 3595 2183 modo

2006 2216 2308 2285 prmvenire
2339 2216 2395 2270 in
2422 2214 2769 2271 confessione
2804 2224 2863 2270 et
2886 2217 3204 2286 pmnitentia
3234 2216 3427 2273 faciem
3453 2216 3592 2286 ejus,

2007 2308 2136 2361 dum
2174 2315 2386 2375 tempus
2423 2306 2608 2361 habet.
2660 2305 2721 2361 Si
2757 2321 2863 2361 non
2901 2307 3218 2376 paenituerit
3251 2307 3318 2361 de
3353 2307 3594 2376 peccatis

2007 2395 2140 2458 suis,
2160 2395 2348 2449 incidit
2367 2395 2421 2448 in
2443 2396 2775 2449 horrendum
2792 2395 3056 2462 judicium
3074 2398 3459 2466 omnipotentis
3474 2397 3591 2453 Dei.

2009 2486 2196 2559 (Vsus.
2222 2486 2341 2557 52.)
2378 2485 2816 2541 Rememoramini
2851 2497 3028 2542 autem
3062 2489 3312 2558 pristinos
3347 2491 3491 2557 dies,
3536 2492 3592 2547 in

2004 2576 2190 2649 quibus
2227 2576 2509 2631 illuminati
2548 2593 2793 2651 magnum
2820 2586 3081 2633 certamen
3118 2579 3443 2634 sustinuistis
3470 2597 3601 2650 pas-

2006 2669 2232 2724 sionum.
2285 2688 2305 2721 ι
2356 2669 2649 2739 Postquam
2688 2685 2820 2725 vero
2858 2669 3058 2724 Paulus
3101 2671 3340 2726 concutit
3378 2672 3599 2728 animos

2005 2776 2197 2817 eorum
2223 2761 2489 2818 dicendo:
2532 2759 2871 2816 Horrendum
2914 2770 2990 2816 est
3031 2761 3262 2816 incidere
3304 2762 3361 2816 in
3400 2778 3591 2818 mam

2006 2854 2105 2909 Dei
2132 2855 2367 2921 viventis,
2401 2873 2420 2906 ι
2454 2854 2615 2915 ﬁdem
2646 2853 2873 2918 faciens,
2902 2854 3045 2924 quod
3073 2854 3399 2909 omnimodis
3431 2870 3592 2926 opor-

2009 2954 2087 3000 tet
2106 2947 2286 3014 perire
2312 2943 2658 3013 injuriantem
2683 2945 2913 3014 gratiam
2934 2944 3054 3010 Dei,
3076 2954 3129 2999 et
3153 2943 3375 3013 Spiritui
3405 2953 3594 3001 sancto

2010 3033 2264 3102 injuriam
2309 3033 2598 3089 facientem
2623 3073 2639 3098 ,
2691 3041 2746 3088 et
2789 3034 2893 3088 hoc
2931 3048 2999 3088 cx
3041 3033 3159 3104 lege
3203 3033 3590 3121 Moysidocet.

1974 3127 1981 3203 ξ
2016 3146 2035 3179 ‹
2062 3128 2297 3184 Proinde
2338 3143 2407 3183 ne
2448 3127 2620 3181 multo
2665 3127 2859 3182 timore
2888 3127 3264 3195 desperantem
3303 3142 3333 3179 a
3367 3127 3589 3181 tristitia

2006 3227 2060 3274 et
2087 3218 2462 3289 desperatione
2489 3217 2766 3273 absorberi
2791 3217 3013 3283 faceret,
3037 3217 3351 3272 consolatur
3375 3232 3469 3272 eos
3490 3232 3591 3287 per

2005 3311 2192 3366 laudes
2225 3319 2282 3365 et
2307 3309 2675 3373 hortationes;
2714 3314 2771 3362 et
2805 3306 3205 3362 aemulationem
3232 3307 3584 3362 domesticam

2003 3400 2084 3456 eis
2113 3399 2413 3469 proferens.
2453 3398 2771 3464 Illuminati,
2802 3398 2856 3453 id
2883 3404 2987 3462 est,
3019 3395 3309 3453 confcrtati
3338 3403 3437 3466 petl
3467 3412 3590 3467 gra-

2003 3490 2138 3544 tiam
2162 3489 2431 3555 divinam,
2468 3504 2716 3558 magnum
2746 3496 3007 3541 certamen
3035 3485 3356 3539 sustinuistis
3383 3485 3588 3555 passio-

2004 3596 2149 3634 num.
2201 3578 2320 3634 Non
2355 3578 2487 3632 dicit
2525 3577 2841 3646 simpliciter
2868 3583 3143 3629 certamen
3166 3616 3181 3640 ,
3225 3576 3320 3629 sed
3348 3574 3586 3641 addidit,

2003 3683 2274 3737 magnum.
2320 3666 2430 3720 Nec
2456 3666 2613 3729 dixit,
2647 3664 2996 3729 tentationcs,
3034 3664 3127 3718 sed
3155 3680 3411 3733 pugnam,
3444 3665 3589 3734 quod

2003 3757 2219 3825 quidem
2261 3762 2345 3810 est
2379 3754 2561 3810 multae
2592 3755 2797 3819 laudis,
2842 3763 2898 3809 et
2935 3764 3243 3810 nostrarum
3274 3755 3587 3826 prmdicatio

2002 3844 2219 3899 laudum
2242 3864 2260 3895 ι
2290 3859 2387 3914 pro
2409 3842 2609 3899 Christi
2639 3846 2858 3899 nomine
2882 3844 3016 3914 pati.
3050 3845 3234 3915 (Vsus.
3260 3846 3349 3908 53,
3371 3843 3483 3917 54.)
3515 3843 3586 3898 Et

2003 3934 2057 3988 in
2095 3934 2261 3987 altera
2290 3933 2499 4004 quidem
2534 3935 2820 4006 opprobriis
2855 3944 2905 3989 et
2941 3933 3361 3987 tribulationibus
3389 3943 3590 4004 specta-

2003 4023 2179 4078 culum
2205 4023 2374 4094 facti:
2407 4026 2460 4079 in
2488 4024 2654 4079 altero
2691 4036 2866 4080 autem
2903 4025 3032 4082 socii
3070 4022 3245 4078 taliter
3276 4041 3587 4078 conversan—

2002 4117 2134 4171 tium
2176 4118 2364 4186 effecti.
2424 4117 2569 4173 Nam
2615 4125 2664 4171 et
2710 4118 2893 4208 vir‘ctis
2934 4116 3190 4189 compassi
3230 4116 3376 4170 estis.
3430 4113 3593 4170 Modo

2001 4210 2310 4265 minutatim
2356 4226 2455 4280 per
2496 4218 2678 4280 partes
2727 4209 3071 4280 prosequitur
3116 4208 3304 4263 laudes
3351 4221 3537 4262 eorum
3563 4246 3587 4271 ,

2002 4304 2205 4369 dicens,
2247 4318 2342 4359 eos
2381 4319 2488 4358 non
2529 4303 2700 4358 solum
2739 4303 2971 4357 viriliter
3000 4301 3267 4355 sustinere
3284 4298 3583 4369 passiones

2002 4408 2102 4463 pro
2131 4393 2567 4454 Christo.verum
2607 4392 2770 4447 etiam
2811 4398 2866 4445 et
2903 4390 3100 4444 vinctis
3140 4403 3453 4456 compassos
3489 4401 3585 4441 cos

326 4483 495 4538 lutum
539 4482 770 4546 duxerit,
819 4482 874 4535 in
908 4495 1009 4551 quo
1047 4453 1402 4547 sancti/icatus
1457 4484 1559 4542 est,
1608 4486 1657 4530 et
1695 4453 1901 4547 spiritui
1929 4453 1980 4515 υ
2001 4453 2121 4536 esse
2145 4453 2449 4536 annuntiat.
2490 4481 2561 4533 Et
2593 4478 3013 4533 tribulationibus
3052 4453 3437 4549 opprobriisque
3469 4492 3589 4545 spe-

326 4575 512 4644 gratiaz
536 4570 906 4625 contumeliam
933 4568 1147 4639 fecerit?

400 4663 610 4730 Quanto
657 4662 829 4733 major
856 4668 941 4715 est
966 4659 1211 4714 Christus
1255 4673 1417 4727 quam
1464 4656 1692 4728 Moyses,
1728 4657 1902 4727 gratia

327 4769 490 4825 quam
537 4753 656 4818 lex,
719 4761 869 4807 tanto
912 4752 1113 4823 majora
1168 4750 1464 4804 merebitur
1515 4746 1793 4816 supplicia.
1835 4748 1903 4802 Et

329 4844 596 4915 quomodo
648 4845 931 4901 concaleat
979 4843 1204 4913 quisque
1254 4839 1447 4895 Filium
1492 4838 1623 4893 Dei?
1677 4835 1901 4904 Quando

329 4937 472 4993 enim
517 4953 584 4992 ex
626 4953 691 4993 eo
731 4939 947 5011 indigne
973 4935 1357 5007 participamur
1397 4946 1492 5000 per
1536 4938 1895 4995 sacramenta,

330 5032 719 5103 nonnegrande
744 5039 1023 5100 peccatum
1048 5025 1368 5084 committit?
1388 5023 1575 5078 Nonne
1595 5022 1744 5076 illum
1769 5037 1897 5077 con-

330 5124 543 5181 culcet?
574 5121 761 5177 Nonne
787 5121 962 5189 ipsum
989 5117 1316 5175 contemnit?
1340 5114 1493 5172 Sicut
1519 5114 1663 5169 enim
1686 5128 1749 5167 ea
1777 5128 1897 5182 quas

331 5216 729 5277 conculcamus,
761 5211 957 5265 nullius
985 5211 1237 5266 momenti
1280 5208 1582 5279 pendimus,
1608 5204 1688 5260 sic
1713 5210 1765 5259 et
1804 5205 1897 5273 qui

332 5306 502 5361 libere
527 5310 772 5374 peccant,
798 5299 1000 5367 absque
1020 5299 1232 5364 timure,
1256 5307 1309 5355 et
1332 5298 1535 5368 absque
1560 5293 1896 5366 paenitentia,

332 5395 606 5451 Christum
640 5390 838 5446 nullius
862 5388 1119 5443 momenti
1146 5389 1475 5456 existimant,
1494 5407 1513 5441 ι
1542 5401 1639 5442 nec
1666 5398 1788 5440 eum
1811 5381 1899 5452 ju-

335 5485 511 5541 dicem
555 5481 793 5537 futurum
834 5476 1143 5535 formidant.
1191 5477 1387 5532 Factus
1417 5487 1502 5534 est
1536 5492 1634 5551 per
1671 5475 1896 5548 gratiam

338 5589 533 5641 corpus
566 5570 788 5634 Christi,
819 5577 874 5624 et
916 5568 1149 5638 seipsum
1195 5564 1325 5621 facit
1363 5581 1557 5635 corpus
1584 5566 1813 5630 diaboli;
1844 5572 1898 5620 et

339 5667 647 5734 sanguinem
690 5662 885 5719 Christi
930 5659 1263 5724 impollutum
1309 5657 1614 5729 lLpollutuml
1652 5660 1807 5723 facit,
1844 5658 1895 5711 in

2000 4571 2263 4627 ctaculum
2295 4571 2442 4639 facti.
2478 4593 2495 4622 ι
2531 4569 2724 4625 Gravis
2749 4569 2945 4638 quippe
2975 4582 3063 4623 res
3090 4574 3173 4620 est
3196 4564 3576 4634 opprobrium;

2000 4671 2057 4719 et
2088 4663 2279 4717 idonea
2308 4662 2378 4716 ad
2404 4660 2777 4716 fortitudinem
2812 4658 3007 4712 anima:
3035 4655 3446 4712 subvertendam
3470 4695 3484 4719 ,
3526 4658 3588 4710 et.

2001 4753 2067 4808 ad
2098 4751 2476 4807 excecandam
2506 4757 2738 4804 mentem
2768 4756 2982 4817 potens,
3020 4746 3273 4816 quoniam
3299 4743 3452 4797 valde
3480 4757 3583 4813 ap-

2000 4854 2189 4916 petens
2217 4851 2301 4899 est
2331 4842 2516 4911 gloria:
2540 4854 2709 4912 genus
2734 4839 3064 4901 humanum;
3105 4843 3391 4907 propterea
3418 4835 3586 4889 etiam

2002 4944 2058 4991 et
2097 4932 2403 5005 opprobriis
2452 4930 2611 4984 facile
2656 4934 2905 4997 captatur
2950 4923 3184 4998 [Chrys.,
3231 4921 3578 4996 captivatur].

2000 5025 2067 5079 Et
2098 5040 2205 5079 non
2235 5022 2550 5092 simpliciter
2579 5018 2716 5073 dixit
2747 5016 3086 5087 opprobriis,
3128 5014 3222 5070 sed
3257 5013 3417 5068 etiam
3451 5028 3582 5083 aug-

1998 5123 2240 5171 mentum
2292 5113 2420 5167 fecit
2443 5154 2459 5179 ,
2507 5111 2694 5165 dicens
2715 5148 2729 5172 ,
2780 5103 3131 5178 spectaculum
3161 5102 3314 5175 [Cod.
3344 5117 3579 5170 semper,

1998 5202 2411 5275 expectaculum]
2457 5201 2606 5273 facti.
2660 5197 2794 5253 Cum
2825 5196 2969 5252 enim
2998 5195 3121 5264 quis
3150 5201 3359 5247 secrete
3387 5205 3582 5261 expro-

1998 5294 2209 5359 bratur,
2228 5293 2579 5348 contristatur
2599 5287 2851 5358 quidem;
2882 5283 2977 5339 sed
3003 5282 3172 5336 multo
3202 5279 3430 5349 amplius
3453 5293 3582 5334 cum

1998 5398 2181 5440 coram
2220 5381 2486 5437 omnibus.
2518 5398 2537 5431 ι
2591 5376 2660 5432 Ει
2702 5375 2943 5446 rapinam
2989 5373 3241 5427 bonorum
3288 5378 3582 5424 vestrorum

1998 5486 2115 5525 cum
2140 5467 2333 5541 gaudio
2355 5465 2668 5537 suscepistis.
2707 5461 3028 5518 Mirabiliter
3038 5460 3231 5516 laudat
3247 5473 3341 5514 eos
3365 5457 3420 5513 in
3442 5454 3578 5525 ﬁde;

1999 5564 2124 5632 quia
2155 5562 2201 5617 si
2229 5559 2390 5616 ﬁdem
2434 5574 2540 5614 non
2585 5556 2870 5620 haberent,
2916 5552 3141 5609 meliora
3168 5551 3435 5621 recepisse
3474 5560 3583 5620 pro

2002 5655 2101 5708 hac
2131 5652 2428 5709 substantia
2468 5650 2723 5720 abrepta,
2765 5662 2873 5705 non
2911 5661 3033 5704 cum
3074 5643 3272 5716 gaudio
3309 5640 3573 5713 suscepisc
