4010 6182
464 371 598 426 1083

1322 355 1382 411 n.
1418 355 1476 410 ι’.
1519 327 1908 409 Anmxfssu
1951 350 2226 407 ALCUINI
2265 301 2766 406 opsnuurans
2802 342 2864 405 ιι.

3573 351 3595 405 i
3605 349 3706 406 θερί

462 489 582 537 sent
607 478 848 546 rapinam
875 472 1008 542 ejus.
1046 469 1275 525 Proinde
1300 465 1573 536 subiungit
1601 463 1848 520 ﬁduciam
1879 463 2022 518 ﬁdei.
2057 468 2101 526 Α
2129 480 2287 537 gnam
2318 463 2490 518 labori
2517 471 2722 518 vestro.
2769 460 2907 528 Quia
2935 476 3041 515 non
3067 458 3160 530 qui
3188 461 3446 530 coeperit,
3487 477 3714 519 corona-

462 570 853 640 Cognoscentes,
869 561 1059 630 inquit,
1075 576 1162 613 vos
1182 558 1368 612 habere
1388 555 1648 610 meliorem
1670 563 1720 608 et
1739 561 2032 608 manentem

403 701 405 710 ε
463 657 826 715 substantiam.
857 652 1022 720 Quasi
1049 651 1286 705 diceret:
1314 648 1533 702 Vestras
1561 645 1768 700 futuras
1792 644 2034 698 videntes

406 730 424 814 ἶ
465 747 680 803 divitias
705 742 1033 799 sustinuistis
1061 755 1181 795 cum
1212 737 1424 808 gaudio.
1477 735 1630 802 Quod
1670 734 1895 789 necdum
1936 747 2032 801 ap-

464 845 656 907 paret,
697 835 851 904 quasi
887 847 1125 903 praesens
1154 835 1470 900 appareret,
1512 827 1834 882 ceruebalis.
1871 845 1889 876 ι
1923 824 2037 880 lloc

467 928 610 983 enim
644 934 814 982 totum
845 922 1194 995 apostolicum
1241 927 1326 974 est
1369 933 1533 987 opus,
1583 923 1638 971 et
1681 917 1899 985 dignum
1933 913 2037 996 illis

467 1020 697 1075 fortibus
725 1017 1033 1079 animabus,
1077 1023 1137 1068 ut
1177 1012 1399 1081 ﬂagellis
1427 1009 1752 1079 gauderent,
1799 1007 1937 1060 sicut
1983 1005 2037 1058 in

469 1110 697 1166 Actibus
722 1107 1084 1176 apostolorum
1125 1102 1358 1172 legitur:
1401 1099 1598 1152 Euntes
1636 1109 1809 1150 autem
1847 1114 1878 1148 a
1914 1112 2039 1148 con-

471 1198 626 1264 cilio,
674 1195 955 1266 gaudentes
987 1191 1124 1268 .quia
1170 1191 1313 1260 digni
1356 1188 1681 1242 habebantur
1706 1204 1798 1256 pro
1837 1186 2042 1240 nomine

471 1287 598 1342 Jesu
624 1284 986 1341 contumeliam
1014 1280 1123 1353 pati
1145 1279 1285 1351 (Act.
1307 1295 1360 1343 v,
1382 1277 1494 1348 41).
1527 1276 1946 1347 Cognoscentes,
1968 1275 2044 1328 in-

472 1380 611 1448 quit,
625 1393 720 1432 vos
739 1375 1014 1430 meliorem
1036 1373 1234 1426 habere
1254 1378 1308 1424 et
1326 1377 1633 1425 manentem
1653 1367 2041 1430 substantiam;

473 1482 634 1547 prout
656 1474 887 1538 diceret,
929 1472 1136 1525 ﬁrmam
1156 1510 1170 1533 ,
1210 1477 1265 1523 et
1299 1466 1658 1522 substantiam
1687 1462 1923 1536 (Chrys.,
1955 1463 2046 1515 ﬁr-

473 1579 616 1618 mam
642 1569 697 1618 et
720 1558 1016 1630 stabilem],
1043 1573 1161 1627 qua:
1185 1556 1364 1626 perire
1394 1569 1501 1609 non
1525 1553 1730 1624 possit,
1769 1552 1910 1607 sicut
1943 1550 2046 1605 ista

473 1665 689 1710 terrena
713 1653 873 1724 perit.
897 1673 914 1704 ι
954 1651 1155 1706 Deinde
1176 1649 1399 1704 laudans
1423 1662 1516 1702 eos
1535 1646 1696 1701 dicit:
1723 1643 1908 1718 (Vens.
1956 1641 2046 1716 55)

476 1747 654 1802 Nolite
698 1746 871 1816 itaque
915 1744 1152 1806 amittere
1200 1740 1566 1808 conﬁdentiam
1611 1745 1837 1791 vestram
1865 1776 1881 1800 ,
1933 1751 2051 1806 qua:

2134 559 2295 621 bitur,
2342 556 2437 616 sed
2471 555 2559 626 qui
2594 552 2993 626 perseveraverit
3034 553 3090 606 in
3129 553 3425 608 certamine
3459 570 3623 624 usque
3659 557 3714 609 in

2133 648 2314 717 ﬁnem,
2340 647 2424 700 hic
2447 644 2623 700 saluus
2649 645 2747 699 erit
2774 642 2990 713 (Matth.
3018 659 3073 708 x,
3104 642 3218 713 22).
3269 642 3336 696 In
3363 644 3608 713 patientia
3640 646 3717 700 si—

2135 739 2352 810 quidem
2379 735 2726 808 possidebitis,
2766 735 2899 790 dicit
2933 735 3216 800 Dominus,
3255 734 3452 788 animas
3485 745 3713 791 uestras.

2136 828 2445 898 Reportetis,
2473 827 2628 892 dixit,
2657 826 2710 882 id
2733 837 2836 891 est,
2874 825 3154 895 accipiatis
3186 825 3563 896 promissiones
3585 827 3714 881 Dei.

2139 916 2323 987 (Vens.
2353 915 2469 987 57.)
2514 915 2698 970 Adhuc
2725 915 2862 969 enim
2887 915 3150 970 modicum
3179 914 3587 986 aliquantulum,
3626 916 3722 987 qui

2136 1016 2386 1061 venturus
2406 1015 2504 1071 est,
2525 1006 2690 1060 veniet
2719 1014 2767 1060 et
2794 1022 2898 1061 non
2921 1005 3169 1060 tardabit.
3202 1005 3317 1061 Non
3340 1007 3561 1060 minima
3585 1022 3722 1062 con-

2139 1098 2331 1153 solatio
2361 1106 2446 1152 est
2477 1097 2695 1162 laboris,
2735 1098 2843 1154 cito
2872 1114 3091 1169 sperare
3121 1106 3409 1154 venturum
3444 1100 3716 1170 iudicem,

2139 1197 2194 1244 et
2222 1199 2701 1256 remuneratorem,
2725 1199 2779 1246 et
2807 1191 3224 1257 consolatorem,
3251 1205 3722 1249 remuneraturum

2141 1280 2453 1336 certaminis
2473 1282 2848 1336 constantiam.
2879 1281 3064 1352 (Vens.
3087 1283 3177 1346 38,
3197 1281 3311 1353 39.)
3334 1281 3524 1336 Justus
3545 1293 3725 1337 autem

2144 1387 2288 1425 meus
2323 1386 2388 1424 ex
2423 1371 2528 1440 ﬁde
2558 1371 2714 1426 vivit:
2756 1371 2908 1436 Quod
2942 1371 2988 1426 si
3020 1371 3336 1426 subtraxerit
3362 1390 3438 1438 se,
3477 1389 3580 1426 non
3611 1373 3727 1443 pla-

2145 1460 2274 1514 cebit
2307 1461 2499 1514 anima:
2531 1476 2680 1515 mete.
2731 1460 2846 1514 Nos
2873 1469 3047 1514 autem
3081 1477 3185 1515 non
3209 1461 3370 1531 700
3395 1475 3580 1515 sumus
3608 1461 3731 1514 sub-

2147 1549 2417 1604 tractionis
2436 1548 2534 1618 ﬁlii
2551 1548 2608 1604 in
2625 1548 2984 1620 perditionem,
3007 1549 3097 1604 sed
3115 1549 3239 1618 fidei
3255 1551 3311 1603 in
3328 1549 3732 1622 acquisitionen

2148 1641 2358 1694 animat.
2401 1639 2515 1694 Hoc
2548 1639 2921 1710 propheticum
2960 1639 3141 1694 intulit
3163 1638 3451 1710 Apostolus
3481 1640 3735 1696 testimo-

2150 1731 2390 1787 monium
2417 1731 2483 1786 ad
2504 1729 2934 1785 exhortationem
2958 1731 3104 1786 ﬁdei.
3130 1729 3283 1786 Sicut
3305 1731 3617 1802 displicebit
3635 1733 3735 1801 qui

473 1834 724 1904 grandem
751 1812 902 1887 habet
925 1830 1389 1886 remunerationem
1433 1828 1573 1897 apud
1592 1827 1783 1881 Deum.
1813 1825 2050 1896 Apparet
2079 1812 2126 1871 Β
2150 1822 2390 1889 dubitat,
2429 1823 2505 1876 ita
2541 1822 2635 1891 qui
2671 1822 2996 1887 crediderit,
3034 1823 3177 1877 vivet
3209 1822 3266 1876 in
3295 1821 3402 1877 ﬁde
3426 1837 3523 1877 sua
3556 1830 3731 1876 recta.

476 1934 658 1980 autem
702 1925 827 1994 quia
867 1925 924 1977 in
965 1937 1159 1992 magna
1205 1919 1529 1975 conﬁdentia
1561 1924 1719 1972 erant
1752 1914 1819 1969 ad
1847 1914 2051 1982 Deum,

475 2033 638 2086 quam
667 2031 734 2071 ne
760 2016 1090 2078 amitterent,
1119 2011 1508 2069 instantissime
1537 2025 1630 2065 eos
1655 2011 1940 2073 hortatur;
1976 2006 2056 2062 fa-

475 2110 631 2166 cilius
659 2109 803 2164 enim
835 2109 1044 2179 integra
1072 2111 1467 2161 conservantur
1490 2117 1651 2172 quam
1676 2101 1872 2155 amissa
1900 2115 2056 2155 recu-

477 2208 755 2270 perentur.
788 2199 931 2254 Nihil
958 2199 1104 2254 enim
1130 2197 1282 2252 vobis
1307 2194 1672 2250 necessarium
1703 2200 1814 2258 est,
1853 2191 1959 2245 nisi
1996 2196 2057 2244 ut

477 2291 633 2345 stetis
659 2289 908 2354 ﬁrmiter,
944 2296 999 2342 et
1031 2285 1391 2357 permaneatis
1420 2284 1470 2337 in
1501 2282 1820 2337 fortitudine
1849 2287 2053 2345 vestra,

477 2396 594 2452 quae
622 2395 867 2449 magnam
893 2376 1046 2430 habet
1078 2372 1540 2430 remunerationem
1568 2370 1709 2441 apud
1735 2369 1924 2423 Deum.

549 2468 713 2523 Vsus.
743 2466 831 2522 '56.
857 2496 928 2505 —
960 2464 1224 2518 Patientia
1254 2463 1390 2516 enim
1428 2461 1569 2514 vobis
1610 2459 1902 2514 necessaria
1945 2466 2053 2523 est,

479 2569 536 2614 ut
571 2557 886 2614 voluntatem
923 2556 1018 2610 Dei
1053 2554 1300 2624 facientes
1339 2551 1606 2624 reportetis
1639 2549 2052 2620 promissionem.

479 2649 524 2706 0
551 2658 750 2720 quanta
783 2646 1096 2718 magnitudo
1123 2643 1514 2700 exhortationis
1540 2641 1698 2696 istius
1731 2648 1786 2695 et
1809 2636 2056 2695 consola-

480 2741 642 2797 tionis
667 2737 906 2795 l’Unum
934 2738 1132 2809 quippe
1157 2751 1292 2806 opus
1320 2734 1586 2797 habeatis,
1617 2733 1671 2787 id
1697 2740 1813 2796 est,
1846 2739 1907 2786 ut
1931 2745 2056 2799 per-

481 2834 742 2892 severetis
775 2833 829 2889 in
860 2847 1055 2904 agone,
1083 2831 1254 2886 donec
1280 2827 1554 2898 recipiatis
1585 2839 1840 2881 coronam
1868 2823 2058 2878 condi-
2085 2855 2133 2918 ο

2153 1911 2491 1983 Quapropter
2515 1913 2800 1969 credamus
2826 1911 3085 1968 velociter
3109 1912 3322 1967 venisse
3361 1910 3570 1984 [Forte,
3600 1929 3737 1968 ven-

2154 2007 2356 2080 turum]
2371 1992 2610 2078 iudicem
2627 2006 2926 2074 Christum,
2943 2015 2997 2062 et
3016 2021 3379 2077 praeparemus
3397 2023 3498 2062 nos
3515 2007 3736 2062 obviam

2153 2101 2210 2156 in
2238 2101 2396 2156 bonis
2428 2100 2670 2166 actibus,
2709 2114 2778 2155 ne
2813 2100 2984 2156 simus
3017 2100 3397 2156 abstractionis
3423 2099 3519 2154 ﬁlii
3549 2116 3580 2154 a
3613 2101 3740 2155 luce

2153 2191 2513 2261 sempiterna;
2539 2189 2634 2246 sed
2653 2189 3022 2260 aequisitionis
3045 2190 3100 2244 in
3121 2189 3367 2260 gloriam,
3383 2204 3504 2244 cum
3525 2190 3741 2245 sanctis

2153 2283 2210 2338 in
2233 2283 2320 2338 die
2333 2297 2527 2351 magno
2551 2281 2830 2336 audientes
2849 2296 3035 2337 vocem
3056 2281 3494 2336 desiderabilem:
3518 2280 3706 2335 Venite
3719 2327 3734 2348 ,

2154 2373 2407 2428 benedicti
2433 2370 2610 2426 Patris
2633 2372 2754 2438 mei,
2781 2371 3025 2444 percipite
3052 2386 3289 2442 regnum,
3309 2369 3442 2441 quod
3465 2370 3608 2424 vobis
3635 2387 3742 2440 pa-

2153 2470 2330 2516 ratum
2354 2469 2431 2515 est
2457 2459 2522 2513 ab
2550 2460 2749 2530 origine
2773 2458 2956 2513 mundi
2983 2455 3197 2530 (Matth.
3222 2474 3350 2522 xxv,
3375 2455 3488 2529 5i).

2226 2551 2531 2623 (Hucusque
2551 2551 2732 2607 codex.
2755 2549 2974 2624 Reliqua
2992 2550 3097 2604 tria
3115 2551 3286 2622 capita
3305 2551 3464 2620 hujus
3479 2548 3739 2618 Epistolis

2157 2643 2226 2697 ad
2249 2641 2497 2697 Hebraeos
2521 2643 2872 2714 prater-missa
2893 2649 3033 2708 sunt,
3057 2639 3134 2696 vel
3154 2640 3220 2694 ab
3244 2640 3360 2711 ipso
3382 2639 3632 2706 Alcuino,
3660 2640 3740 2695 vel

2160 2754 2193 2792 a
2216 2734 2476 2808 librario.)

478 2964 2974 2994 _____________.____._._...__._._———_-——————

1646 3069 2238 3140 COMMENTATIO
2286 3069 2568 3129 BREVIS

1261 3223 1324 3266 IN
1375 3217 1671 3274 QUASDAM
1713 3212 1933 3258 SANCTI
1973 3210 2159 3253 PAULI
2203 3208 2496 3253 APOSTOLI
2537 3207 2938 3253 SENTENTIAS.

558 3407 781 3464 Albinus
798 3403 866 3460 de
885 3404 990 3458 hoc
1009 3399 1151 3470 quod
1169 3397 1302 3452 dicit
1315 3389 1606 3463 Apostolus
1626 3389 1694 3443 ad
1715 3384 2022 3443 Corinthios
2042 3399 2056 3437 :

487 3504 653 3558 Omne
677 3503 944 3571 peccatum
965 3489 1304 3563 quodcunque
1327 3483 1504 3556 fecerit
1527 3483 1680 3535 homo
1705 3487 1852 3533 extra
1873 3493 2061 3547 corpus

482 3603 591 3658 est;
624 3566 713 3663 qui
748 3596 921 3642 autem
945 3582 1261 3654 fornicatur,
1305 3577 1361 3630 in
1405 3589 1592 3644 corpus
1619 3587 1772 3626 suum
1801 3576 1976 3640 peccat
2004 3566 2058 3639 (ι

484 3684 609 3741 Cor.
637 3660 715 3747 vt,
746 3677 854 3749 l8).
906 3674 1057 3742 Quod
1101 3672 1175 3726 ita
1220 3666 1354 3724 solvi
1393 3671 1590 3737 potest.
1642 3660 1801 3716 Aliud
1845 3667 2063 3749 est_per

485 3787 684 3841 corpus
703 3745 968 3838 peccare,
1011 3759 1154 3815 aliud
1191 3759 1245 3812 in
1288 3769 1533 3825 corpore.
1572 3750 1678 3806 Per
1703 3763 1896 3818 corpus
1925 3745 2063 3800 ﬁunt

486 3863 652 3926 furta,
682 3858 906 3929 rapinas,
935 3851 1244 3916 homicidia,
1289 3856 1345 3902 et
1373 3848 1458 3902 his
1489 3843 1720 3900 similia:
1753 3843 1808 3896 in
1835 3851 2062 3910 corpore

485 3967 616 4008 vero
644 3949 781 4004 ﬁunt
807 3943 1222 4007 fornicationes,
1261 3947 1316 3994 et
1352 3936 1632 3991 libidinum
1671 3929 2059 3994 immunditiis;

486 4045 575 4099 illa
602 4041 713 4113 agit
741 4053 958 4109 corpus,
985 4037 1102 4090 bzec
1129 4032 1350 4104 patitur.
1388 4027 1562 4082 Aliter
1588 4044 1601 4079 :
1631 4025 1690 4080 ln
1719 4037 1915 4092 corpus
1938 4035 2064 4091 pec-

486 4143 596 4199 cat,
626 4131 718 4202 qui
747 4129 885 4184 tollit
914 4127 1156 4181 membra
1181 4119 1405 4184 Christi,
1434 4125 1490 4173 et
1518 4115 1649 4170 facit
1676 4113 1920 4168 membra
1949 4125 2062 4165 me-

485 4197 723 4284 retricis,
751 4229 806 4272 et
848 4213 1103 4283 templum
1148 4209 1242 4271 Dei
1289 4208 1420 4262 facit
1463 4205 1744 4261 delubrum
1778 4200 1973 4256 diaboli
2007 4197 2060 4270 (1

486 4313 610 4368 Cor.
642 4326 718 4373 vr,
746 4305 858 4378 15).
910 4304 1080 4359 Aliter
1105 4321 1117 4355 :
1157 4301 1219 4355 ln‘
1247 4313 1442 4367 corpus
1469 4302 1680 4366 peccat,
1710 4291 1802 4361 qui
1829 4289 2066 4346 fornica-

2164 3381 2307 3452 quod
2348 3379 2583 3451 Spiritus
2622 3378 2676 3434 in
2716 3392 2785 3435 eo
2823 3376 3162 3447 loquebatur,
3205 3373 3388 3428 subito
3414 3370 3639 3444 protulit
3683 3369 3742 3425 in

2164 3474 2401 3531 medium
2428 3515 2442 3541 ,
2488 3482 2549 3529 ut
2589 3470 2861 3543 loquentis
2902 3471 2957 3526 in
3000 3486 3059 3526 se
3097 3467 3422 3524 auctoritate
3451 3464 3696 3520 ﬁrmaret
3723 3503 3747 3527 ,

2165 3585 2328 3640 quam
2365 3567 2478 3624 suis
2513 3565 2848 3622 auditoribus
2873 3561 3199 3634 persuadere
3223 3559 3415 3614 voluit.
3466 3555 3605 3611 Sunt
3642 3555 3745 3623 qui

2165 3659 2439 3715 aestimant
2472 3671 2595 3710 eum
2631 3657 2737 3710 hoc
2773 3655 2839 3709 de
2872 3649 3164 3708 reconditis
3200 3647 3543 3717 antiquorum
3579 3643 3741 3698 libris

2163 3747 2454 3820 protulisse
2481 3743 2869 3809 testimonium,
2899 3741 3038 3797 sicut
3062 3742 3117 3793 in
3141 3738 3262 3793 aliis
3289 3752 3410 3792 eum
3439 3734 3569 3789 locis
3598 3733 3741 3804 legi-

2165 3855 2290 3896 mus
2307 3837 2517 3895 fecisse.
2549 3835 2655 3892 Sed
2682 3836 2787 3890 hoc
2811 3831 3161 3904 quaerendum
3186 3837 3271 3885 est
3290 3843 3383 3882 cur
3399 3826 3543 3897 prius
3568 3825 3742 3894 quasi

2165 3930 2366 3986 viventi
2396 3930 2626 3994 diceret,
2675 3941 2914 3995 exsurge,
2959 3923 3049 3995 qui
3095 3921 3326 3983 dormis;
3364 3925 3418 3973 et
3454 3915 3740 3986 posterius

2167 4022 2323 4094 quasi
2358 4028 2612 4076 mortuo:
2653 4025 2703 4073 et
2735 4031 2953 4086 exsurge
2989 4031 3022 4068 α
3059 4011 3324 4067 mortuis!
3358 4008 3557 4063 Animte
3585 4019 3741 4058 mor-

2167 4122 2275 4168 tem
2304 4113 2552 4183 legimus,
2580 4116 2676 4163 ut:
2714 4107 2904 4161 Anima
2931 4121 3048 4176 qua:
3073 4101 3381 4175 peccauerit,
3410 4099 3520 4169 ipse
3543 4095 3742 4148 morie-

2165 4221 2252 4264 tur
2279 4205 2494 4278 (Esech.
2515 4217 2672 4266 xvm,
2695 4199 2817 4271 20);
2848 4197 3068 4268 spiritus
3091 4209 3220 4250 vero
3246 4208 3355 4248 non
3380 4190 3627 4260 legimus.
3657 4186 3744 4241 Ae

2165 4299 2284 4354 ideo
2306 4295 2449 4366 quod
2471 4292 2633 4347 dicit:
2658 4289 2915 4358 Exsurge,
2939 4286 3028 4357 qui
3053 4283 3270 4347 domis,
3293 4280 3361 4336 ad
3387 4278 3631 4348 spiritum
3654 4290 3743 4366 ref

488 4401 649 4457 tionis
677 4365 840 4454 causa
870 4394 1230 4466 virginitatem
1274 4387 1484 4460 perdit,
1533 4399 1695 4454 quam
1745 4395 2064 4452 recuperare
2096 4426 2145 4486 Β
2168 4365 2336 4453 femi
2361 4382 2506 4454 quod
2531 4381 2693 4437 dicit:
2723 4393 2940 4447 exsurge
2963 4393 2996 4429 a
3019 4371 3256 4436 mortuis,
3281 4369 3476 4424 anima:
3496 4365 3740 4435 coaptati

488 4506 761 4562 nunquam
795 4495 1003 4559 potest,
1047 4483 1315 4554 Propheta
1343 4485 1628 4534 attestante
1655 4494 1667 4529 :
1707 4473 1862 4545 Virgo
1895 4472 2063 4528 Israel
2096 4472 2141 4486 "
2167 4485 2342 4548 ροιθει
2364 4487 2413 4530 α,
2685 4487 2688 4490 -

488 4584 696 4648 cecidit,
725 4581 814 4637 sed
845 4597 946 4634 non
975 4577 1206 4648 adjiciat,
1233 4583 1289 4628 ut
1317 4581 1548 4642 resurgat
1581 4570 1780 4640 (Amos.
1809 4583 1866 4633 v,
1899 4567 1953 4632 1,
1983 4565 2060 4638 2).

489 4677 675 4732 Potest
695 4689 792 4744 per
809 4670 1181 4744 pcenitentiam
1204 4664 1572 4721 fornicationis
1593 4678 1756 4716 causa
1777 4660 1938 4725 dilui;
1970 4660 2065 4715 sed

436 4755 442 4762 ’
487 4768 698 4839 perdita
719 4764 1042 4835 virginitatis
1061 4775 1257 4816 corona
1281 4758 1479 4814 resumi
1500 4756 1702 4824 nequit.
1731 4754 1872 4810 Sunt
1895 4762 1950 4810 et
1971 4753 2064 4824 qui

489 4861 557 4917 de
581 4873 752 4915 uxore
779 4857 882 4912 hoc
904 4855 1092 4909 volunt
1117 4850 1362 4921 intelligi.

567 4952 662 5006 Est
686 4959 741 5005 et
767 4948 871 5002 alia
900 4945 1147 5016 qumstio,
1177 4942 1267 4996 ubi
1297 4940 1366 4996 ad
1389 4937 1650 5009 Ephesios
1674 4933 1960 5006 Apostolus
1987 4931 2066 4988 lo-

492 5043 712 5113 quitur:
747 5040 1007 5109 Exsurge,
1034 5035 1122 5107 qui
1152 5032 1371 5108 dormis,
1415 5039 1464 5084 et
1506 5045 1722 5099 exsurge
1756 5045 1789 5080 a
1821 5026 2064 5092 mortuis,

491 5145 541 5190 et
582 5133 896 5189 illuminabit
940 5140 989 5184 te
1025 5127 1261 5183 Christus
1291 5124 1503 5196 (Epltes.
1530 5140 1586 5188 v,
1618 5120 1727 5191 Η).
1779 5116 1875 5174 His
1904 5117 2066 5173 etiam

493 5225 693 5281 dicitur
726 5222 816 5292 qui
858 5221 913 5276 in
947 5217 1184 5274 tenebris
1225 5223 1568 5285 peccatorum
1607 5211 1826 5281 jacent,
1867 5209 1976 5264 imo
2014 5215 2071 5264 et

494 5317 826 5378 moriuntur;
873 5312 965 5382 qui
1011 5311 1054 5365 si
1098 5323 1196 5379 per
1224 5305 1590 5377 paenitentiam
1634 5310 1891 5372 surgunt,
1940 5314 2062 5354 mox

495 5407 598 5462 sibi
634 5404 829 5460 divinae
858 5401 1042 5475 gratia:
1076 5399 1256 5453 lumen
1287 5398 1474 5451 adesse
1505 5395 1764 5450 sentiunt.
1813 5391 1920 5447 Sed
1946 5390 2067 5460 quis

496 5497 603 5551 hoc
643 5481 873 5560 dixerit,
920 5491 1159 5564 quaeris?
1210 5489 1406 5560 Utique
1442 5487 1674 5559 Spiritus
1713 5491 1931 5541 sanctus
1969 5496 2069 5551 per

495 5584 831 5654 Apostolum,
851 5592 909 5639 ut
931 5599 1030 5638 nos
1050 5584 1360 5639 exhortaret
1380 5581 1446 5633 ad
1466 5577 1854 5648 paenitentiam.
1883 5573 2067 5642 Itaque

569 5752 595 5780 ι
623 5737 753 5792 Vide
780 5737 836 5792 S.
865 5736 1010 5792 Hicr.
1041 5735 1092 5789 in
1122 5735 1262 5788 hunc
1290 5733 1484 5788 locum.

2236 4571 2314 4624 De
2351 4565 2591 4640 Epistula
2631 4564 2701 4619 ad
2743 4562 2934 4617 Titum.
2988 4558 3097 4615 Cur
3130 4553 3420 4626 Apostolus
3459 4547 3738 4618 cujusdam

2165 4659 2378 4732 gentilis
2411 4663 2583 4727 poetae
2620 4654 2991 4723 comprobaret
3028 4646 3429 4703 testimonium:
3470 4641 3742 4697 Cretenses

2165 4729 2363 4820 semper
2389 4747 2683 4810 mendaces,
2722 4742 2875 4797 malae
2911 4742 3084 4796 bestia:
3120 4748 3168 4794 et
3203 4737 3398 4793 ventris
3430 4734 3564 4805 pigri
3601 4729 3741 4804 (Tit.

2165 4859 2209 4909 ι,
2238 4841 2367 4914 l2)?
2397 4839 2616 4894 Scilicet
2642 4837 2834 4906 probat
2857 4834 2985 4906 quia
3015 4846 3202 4887 verum
3231 4828 3565 4884 intellexerat
3596 4821 3746 4877 tales

2165 4947 2307 4998 esse,
2329 4931 2516 5001 quales
2536 4928 2746 4983 illorum
2767 4926 3006 4997 proprius
3023 4923 3272 4995 propheta
3291 4916 3553 4991 pradixit,
3567 4929 3745 4985 quem

2165 5022 2408 5078 alludens
2448 5021 2765 5092 prophetam
2805 5016 3126 5081 nominavit;
3176 5013 3320 5085 quod
3358 5009 3562 5068 scilicet
3600 5008 3747 5064 tales

2165 5113 2457 5170 Christiani
2484 5113 2618 5168 tales
2645 5119 2954 5167 mereantur
2981 5109 3182 5164 habere
3209 5106 3517 5178 prophetas.
3573 5100 3745 5157 Sum-

2165 5208 2274 5279 psit
2316 5215 2498 5262 autem
2543 5205 2704 5260 istum
2744 5201 3069 5257 versiculum
3112 5197 3181 5254 de
3224 5197 3363 5253 libro
3405 5193 3746 5265 Epimenidis

2165 5298 2438 5356 Cretensis
2487 5304 2691 5369 poetae,
2741 5293 2891 5362 cujus
2942 5291 3130 5346 titulus
3177 5297 3304 5344 est:
3358 5287 3437 5341 De
3486 5285 3746 5340 oraculis.

2166 5391 2336 5457 Quem
2369 5388 2614 5444 eumdem
2651 5381 3031 5439 aestimaverim
3067 5380 3262 5450 legisse
3295 5373 3638 5448 Apostolum,
3681 5381 3748 5428 ut

2166 5487 2328 5542 sciret
2346 5483 2472 5554 quid
2489 5479 2765 5554 gentilium
2783 5477 3158 5548 promitterent
3175 5470 3422 5536 oracula;
3457 5483 3568 5525 non
3596 5464 3746 5538 quod

2168 5585 2340 5632 totum
2379 5571 2756 5642 comprobaret
2793 5569 2990 5625 librum
3011 5607 3026 5633 ,
3069 5565 3164 5622 sed
3194 5577 3384 5619 aurum
3414 5560 3471 5616 in
3498 5567 3744 5616 stercora
