4010 6182
502 366 640 421 1087

1368 360 1430 415 Β.
1474 358 1537 414 1³.
1573 354 1797 413 ALBINI
1831 351 1966 411 SEU
1996 348 2272 409 ALCUINI
2302 346 2587 406 OPEBUM
2622 344 2803 402 PARS
2837 343 2902 400 ll.

3599 340 3744 397 1088

498 473 779 534 Adclmuin
804 485 861 532 et
881 475 1078 530 Bedam
1106 472 1472 538 doctissimus,
1497 468 1821 527 Parisiensis
1865 464 2155 538 academia
2181 461 2463 538 marmor,
2726 456 2959 538 denique
2982 453 3162 536 Caroli
3208 454 3489 538 magister,
3517 463 3578 538 ut
3602 468 3749 538 eum

498 524 1784 615 ;-'e1;.';g";}..3emagnanimi;eineuneu.
1811 538 1867 593 in
1888 534 2177 593 Occidente
2191 532 2426 605 pugilem
2450 524 2722 587 haereticis
2738 524 3057 598 Adoptianis
3076 525 3426 596 opposuit,ut
3450 526 3506 580 in
3524 524 3751 580 Oriente

499 614 757 688 Cyrillum
774 614 1141 672 ’Nestorianis.

1734 843 2032 923 LIBER
2090 838 2504 917 PRIMUS.

1898 994 2331 1011 *-

749 1084 1038 1145 ΙΝΕΙΡῙΤ
1076 1077 1478 1138 ΡΠᾹΞΕΑΤΙΟ
1517 1067 1828 1133 ἈΙλΟΠΙΝΙ

854 1216 907 1255 IN
943 1209 1331 1259 EXPOSITIONEI
1363 1204 1729 1248 APOCALYPSIS.

566 1317 763 1372 Beatus
788 1313 934 1368 Beda
986 1311 1040 1365 in
1077 1317 1280 1378 septem
1306 1303 1579 1375 perioehis
1619 1302 1750 1358 dicit
1777 1298 2073 1370 Apocalyp-

495 1409 580 1463 sin
621 1405 936 1463 consistere.
966 1401 1023 1455 In
1076 1400 1251 1470 prima
1276 1404 1398 1466 post
1439 1394 1813 1450 salutationem
1836 1402 2074 1445 comme—

497 1504 674 1552 morat
716 1492 926 1549 Domini
951 1490 1230 1562 passiones
1254 1496 1309 1542 et
1336 1485 1536 1556 glorias
1568 1483 1634 1538 ad
1676 1480 2073 1537 conﬁrmandos

495 1586 779 1642 inﬁrmos:
811 1583 1006 1638 deinde
1040 1576 1475 1636 commemoratis
1499 1588 1617 1644 quae
1656 1573 1709 1626 in
1742 1579 1945 1640 septem
1972 1569 2074 1624 Ee-

492 1676 673 1732 elesiis
700 1683 851 1746 gesta
903 1681 957 1729 et
1008 1670 1240 1743 gerenda
1287 1676 1436 1730 sunt,
1479 1662 1736 1719 describit
1781 1674 1992 1731 pugnas
2017 1665 2075 1712 et

494 1768 751 1823 victorias
772 1763 1092 1820 universalis
1118 1758 1391 1815 Ecclesize.
1428 1756 1484 1810 ln
1514 1753 1748 1810 secunda
1768 1751 1916 1805 videt
1940 1763 2073 1818 qua-

494 1866 619 1914 tuor
644 1857 921 1921 animalia,
948 1865 1003 1911 et
1026 1852 1216 1924 viginti
1235 1860 1468 1921 quatuor
1488 1846 1748 1910 seniores,
1785 1851 1841 1898 et
1861 1842 2071 1911 Agnum

492 1956 748 2011 stantem,
771 1954 827 2001 et
853 1945 1046 2000 librum
1088 1949 1293 2012 septem
1328 1937 1517 2009 sigillis
1543 1936 1809 2004 signatum
1841 1949 1855 1985 :
1883 1938 2072 1985 narrat

493 2041 658 2096 etiam
685 2054 895 2109 pugnas
932 2045 989 2091 et
1029 2035 1328 2103 triumphos
1366 2028 1637 2085 Ecclesiae.
1667 2025 1727 2080 In
1771 2024 1928 2078 tertia
1973 2021 2071 2076 sub

492 2129 673 2201 specie
723 2135 928 2196 septem
998 2124 1308 2194 angelorum
1360 2121 1489 2174 tuba
1537 2115 1846 2172 canentium
1890 2112 2072 2166 varios

493 2194 719 2275 eventus
739 2194 992 2272 Ecclesiae
1018 2213 1292 2269 describit.
1318 2210 1375 2265 In
1403 2214 1614 2278 quarta,
1637 2206 1737 2259 sub
1761 2203 1930 2273 ﬁgura
1952 2215 2072 2255 mu-
2105 2194 2115 2205 ⁸

491 2306 641 2363 lieris
661 2315 716 2362 et
741 2305 1014 2368 draconis,
1037 2317 1242 2373 pugnas
1277 2308 1335 2355 et
1378 2297 1634 2354 victorias
1661 2293 1916 2350 Ecclesiae
1945 2308 2073 2347 nar-

495 2404 599 2462 rat,
628 2398 719 2451 ubi
769 2409 867 2465 per
892 2402 1097 2463 septem
1124 2390 1342 2461 angelos
1387 2387 1529 2442 dicta
1558 2392 1613 2440 et
1646 2382 1791 2437 facta
1834 2395 2069 2436 comme-

492 2494 686 2549 morat,
711 2486 814 2540 etsi
841 2499 947 2540 nou
981 2490 1040 2536 ut
1060 2482 1225 2550 prius.
1248 2479 1305 2533 In
1331 2478 1521 2547 quinta
1551 2489 1649 2544 per
1676 2481 1881 2544 septem
1905 2486 2068 2543 ange-

492 2577 576 2632 los
603 2584 809 2646 septem
834 2575 1006 2645 plagis
1049 2581 1248 2628 terram
1277 2568 1529 2639 perculit.
1561 2567 1619 2621 ln
1661 2573 1815 2621 sexta
1850 2564 2072 2619 damna-

492 2668 692 2723 tionem
732 2664 1037 2722 meretricis
1077 2670 1281 2717 uarrat.
1309 2660 1367 2714 ln
1395 2658 1622 2728 septima
1668 2669 1895 2710 uxorem
1932 2652 2069 2725 Agui

492 2759 624 2813 dicit
656 2765 906 2812 ornatam
938 2755 1005 2810 de
1029 2752 1166 2809 etelo
1190 2749 1535 2807 descendere.
1565 2747 1639 2801 De
1675 2753 1880 2814 septem
1913 2758 2071 2814 regu-

491 2849 559 2906 lis
587 2848 868 2913 Tichonii;
917 2860 1144 2916 quarum
1174 2844 1347 2913 prima
1380 2850 1462 2896 est
1489 2841 1554 2895 de
1593 2838 1821 2893 Domino
1847 2836 2070 2907 ejusque

493 2954 743 3009 corpore,
775 2938 1008 2994 secunda
1052 2935 1118 2990 de
1147 2933 1356 2987 Domini
1406 2945 1632 3001 corpore
1657 2943 1788 2984 vero
1824 2934 1881 2983 et
1903 2928 2068 2981 simu-

493 3034 629 3099 lato,
655 3034 817 3089 tertia
845 3032 911 3086 de
937 3028 1218 3098 promissis
1242 3035 1297 3081 et
1325 3026 1465 3097 lege,
1486 3032 1676 3095 quarta
1716 3024 1784 3080 de
1809 3021 1987 3093 specie
2012 3028 2071 3077 et

493 3139 711 3195 genere,
742 3122 929 3190 quinta
982 3119 1049 3173 de
1095 3116 1446 3186 temporibus,
1495 3123 1648 3169 sexta
1675 3110 2066 3184 recapitulatio,

497 3213 726 3284 septima
755 3212 821 3266 de
842 3209 1055 3265 diabolo
1074 3209 1295 3279 ejusque
1319 3220 1566 3278 corpore.
1607 3204 1701 3279 Hae
1726 3212 1929 3276 septem
1977 3217 2087 3259 re-l

496 3309 653 3381 gulae,
684 3323 792 3362 non
819 3307 991 3362 solum
1010 3307 1065 3359 in
1090 3303 1431 3375 Apocalypsi,
1459 3303 1554 3358 sed
1590 3302 1643 3356 in
1669 3301 1789 3355 aliis
1810 3300 1963 3355 libris
1985 3300 2068 3353 in-

495 3400 811 3463 veniuntur,
836 3397 1071 3455 maxime
1097 3405 1279 3463 autem
1306 3394 1362 3448 in
1386 3391 1732 3462 propheticis.

464 3544 473 3557 ,
568 3491 625 3546 In
652 3488 1013 3559 Apocalypsin
1033 3487 1240 3556 primus
1284 3491 1674 3538 commentatus
1714 3490 1922 3551 martyr
1944 3480 2068 3535 Vic-

496 3582 738 3647 torinus;
768 3593 929 3651 quem
957 3590 1189 3646 sequens
1208 3576 1398 3630 beatus
1439 3571 1798 3641 Hieronymus
1822 3570 2067 3641 quaedam

496 3688 617 3744 quae
644 3672 732 3727 ille
775 3669 931 3740 juxta
973 3667 1206 3723 litteram
1250 3663 1590 3720 intellexerat
1625 3658 1896 3725 auferens,
1925 3670 2069 3728 quaen

2091 1076 2139 1133 Α
2165 1087 2356 1142 pauca,
2383 1068 2807 1125 luculentissime
2855 1076 3035 1122 tamen
3074 1082 3103 1121 a
3133 1072 3320 1121 sancto
3354 1062 3619 1133 Gregorio
3646 1077 3752 1116 ex-

2168 1163 2343 1231 posita
2373 1168 2496 1215 sunt
2520 1158 2752 1228 capitula
2784 1172 2879 1227 per
2930 1156 3047 1227 ejus
3091 1155 3304 1210 diversa
3332 1151 3615 1223 opuscula.
3640 1152 3751 1207 Po-

2170 1259 2374 1305 stremo
2400 1250 2593 1304 beatus
2634 1247 2952 1302 Ambrosius
2972 1246 3267 1315 Autpertus
3291 1245 3575 1315 presbyter
3601 1258 3753 1313 quae-

2170 1340 2290 1395 dam
2313 1355 2380 1394 ex
2406 1340 2513 1403 his,
2545 1339 2709 1393 multa
2736 1354 2866 1394 vero
2887 1352 2950 1391 ex
2992 1351 3089 1391 suo
3113 1351 3340 1407 ponens,
3383 1333 3751 1404 pulcherrime

2168 1431 2539 1501 pertractavit.
2570 1428 2798 1502 Explica
2822 1427 3084 1500 prwfatio.

2204 1587 2563 1646 EXPOSI'I‘IO
2599 1585 3011 1648 PBOPHETLE
3050 1585 3213 1643 NOV!
3250 1579 3721 1640 TESTAMENTL

2168 1738 2197 1769 ι
2221 1725 2386 1781 Exsul
2416 1725 2485 1780 ab
2508 1724 2742 1781 humano
2768 1723 2894 1779 dum
2916 1720 3135 1791 pellitur
3157 1719 3289 1774 orbe
3312 1716 3556 1773 Joannes

2238 1817 2306 1871 Et
2330 1816 2532 1871 vetitus
2551 1815 2699 1871 Coici
2724 1822 2809 1869 est
2832 1827 3056 1868 eernere
3080 1825 3243 1879 regna
3275 1809 3396 1866 soli.

2173 1908 2346 1965 intret
2368 1923 2537 1963 ovans
2560 1908 2683 1963 caeli
2708 1906 2936 1962 Domino
2962 1905 3189 1960 dilectus
3211 1902 3267 1958 in
3294 1904 3473 1958 aulam

2240 1999 2403 2070 Regis
2422 2008 2478 2055 et
2497 1998 2773 2053 altithroni
2805 1997 3001 2067 gaudet
3021 1997 3211 2052 adesse
3232 1996 3387 2051 toris.

2168 2090 2306 2146 Hine
2324 2091 2416 2145 ubi
2436 2087 2733 2158 subjectum
2764 2104 2915 2143 sacra
2937 2087 3139 2142 lumina
3159 2086 3321 2141 vertit
3344 2086 3402 2139 in
3425 2083 3622 2139 orbem

2238 2181 2473 2237 Currere
2497 2180 2807 2250 ﬂuetivagas
2838 2180 3014 2236 cernit
3039 2181 3237 2249 ubique
3262 2186 3428 2233 rotas.

2168 2273 2235 2329 Et
2255 2273 2420 2329 Babcl
2446 2282 2501 2328 et
2526 2272 2799 2345 Solymum
2827 2273 3014 2327 mixtis
3043 2272 3330 2342 conﬂigere
3354 2270 3567 2331 castris.

2240 2364 2485 2434 Hincque
2503 2373 2665 2434 atque
2684 2365 2811 2420 hinc
2830 2365 3038 2420 vicibus
3064 2364 3168 2418 tela
3191 2362 3477 2434 fugamque
3499 2361 3649 2430 capi.

2172 2452 2277 2509 Sed
2305 2454 2491 2509 mitem
2520 2454 2763 2523 sequitur
2789 2455 2944 2510 miles
2972 2454 3063 2525 qui
3095 2454 3355 2509 candidus
3382 2468 3607 2525 agnum,

2236 2543 2370 2599 Cum
2394 2544 2529 2600 duce
2552 2546 2813 2614 percipiet
2836 2560 2999 2616 regna
3027 2546 3185 2600 beata
3213 2544 3357 2614 polo.

2172 2633 2530 2704 Squammeus
2549 2643 2634 2690 est
2651 2635 2841 2706 anguis
2862 2651 2960 2705 per
2981 2644 3182 2691 tartara
3202 2651 3346 2690 caeca
3367 2632 3642 2704 maniplos

2240 2724 2561 2795 Submerget
2587 2724 2836 2790 ﬂammis,
2868 2736 3044 2796 peste,
3076 2727 3322 2797 fameque
3347 2742 3497 2781 suos.

2170 2814 2340 2884 Hujus
2369 2831 2490 2886 qua:
2514 2815 2703 2881 facies,
2725 2817 3048 2879 stadiumve,
3078 2818 3278 2872 ordove
3304 2816 3493 2881 duelli,

2236 2904 2342 2961 Ars
2362 2921 2498 2976 quae,
2530 2921 2651 2976 quae
2677 2906 2935 2976 phalanx,
2959 2906 3137 2976 palma
3157 2917 3214 2962 et
3237 2922 3387 2961 arma
3412 2906 3618 2971 forem,

2096 3014 2105 3019 '
2167 2994 2411 3051 Pandere
2435 2997 2563 3051 dum
2590 3012 2857 3066 cuperem,
2889 3006 3134 3052 veterum
3161 3007 3277 3053 sata
3303 2998 3409 3052 lata
3450 3012 3756 3069 peragrans

2239 3086 2496 3157 Excerpsi
2522 3088 2725 3157 campis
2746 3089 2989 3159 germina
3014 3104 3185 3159 pauca
3206 3089 3401 3152 sacris,

2168 3178 2331 3251 Copia
2361 3196 2428 3236 ne
2448 3183 2626 3251 potior
2649 3190 2870 3253 generet
2897 3182 3112 3237 fastidia
3135 3183 3361 3246 mensis,

2238 3266 2529 3325 Convivam
2560 3276 2652 3325 aut
2681 3277 2897 3325 tenuem
2924 3278 3072 3325 tanta
3096 3286 3291 3341 parare
3314 3276 3482 3325 vetet.

2167 3357 2362 3416 Nostra
2394 3360 2501 3416 tuis
2521 3376 2648 3433 ergo
2675 3361 2887 3431 sapiant
2907 3362 2951 3416 si
2981 3359 3187 3417 fercula
3213 3358 3381 3416 labris

2239 3450 2467 3506 Donauti
2497 3451 2683 3508 laudes
2702 3454 2769 3506 da
2794 3466 2960 3521 super
2976 3460 3121 3507 astra
3151 3449 3281 3506 Deo.

2171 3542 2267 3598 Sin
2295 3544 2446 3609 alias,
2474 3544 2685 3599 animos
2701 3554 2879 3599 tamen
2905 3543 3237 3613 amplexator
3258 3542 3462 3597 amicos

2241 3631 2370 3698 Quae
2391 3647 2548 3699 cano,
2577 3634 2877 3703 corripiens
2894 3633 3105 3703 pumice
3130 3632 3315 3699 frange
3336 3629 3471 3687 fero.

496 3767 621 3822 dam
643 3780 710 3819 ex
737 3762 955 3833 proprio
992 3759 1271 3829 adjiciens,
1298 3772 1465 3811 unum
1493 3756 1549 3810 in
1586 3771 1707 3811 eam
1745 3752 1982 3810 condidit
2006 3752 2070 3806 li-
2095 3766 2142 3829 ο
2243 3756 2387 3811 inter
2405 3756 2639 3826 reliquos
2665 3755 2800 3811 Novi
2822 3756 3153 3813 Testamenti
3180 3756 3366 3819 libros,
3388 3755 3496 3810 sola
3524 3756 3751 3825 Αροαι-

495 3858 677 3920 hrum,
704 3852 1048 3923 promittens,
1074 3863 1132 3903 se
1168 3849 1224 3903 in
1264 3862 1329 3902 ea
1351 3847 1628 3917 potissime
1678 3846 2068 3908 laboraturum,

499 3949 546 4005 si
584 3947 707 4002 vita:
734 3944 963 4014 spatium
989 3943 1241 3996 adesset:
1269 3939 1361 3994 sed
1410 3953 1544 4008 opus
1590 3936 1718 3991 illud
1747 3945 1927 3989 utrum
1975 3934 2072 3988 im-

497 4038 696 4110 pletum
718 4035 904 4099 fuerit,
932 4035 1197 4088 incertum
1238 4036 1340 4084 est.
1385 4028 1660 4082 Donatista
1689 4026 1851 4081 etiam
1878 4025 2072 4079 Ticho«

497 4129 620 4183 nius
645 4123 995 4194 multiplicem
1014 4123 1067 4175 in
1089 4135 1207 4174 eam
1228 4118 1395 4172 edidit
1410 4116 1824 4186 expositionem,
1844 4114 1935 4168 sed
1951 4128 2072 4182 per-

498 4219 640 4276 ﬁdiae
670 4231 871 4274 veneno
896 4213 1254 4270 commiscuit.
1277 4211 1405 4265 Post
1426 4223 1584 4280 quem
1610 4208 1903 4263 Primasius
1930 4205 2073 4260 Afri-

499 4327 649 4370 canae
676 4307 932 4365 Ecclesiae
957 4303 1201 4369 antistes,
1231 4302 1314 4355 vir
1354 4316 1452 4371 per
1480 4299 1660 4356 omnia
1697 4296 1994 4353 catholicus
2019 4303 2074 4351 et

501 4407 557 4461 in
586 4402 783 4460 divinis
833 4396 1128 4468 Scripturis
1174 4392 1440 4458 eruditus,
1484 4390 1720 4460 quinque
1761 4403 1880 4443 eam
1923 4388 2073 4442 libris

501 4494 772 4557 enodavit,
801 4491 855 4545 in
878 4488 1093 4560 quibus,
1115 4493 1177 4541 ut
1200 4486 1313 4556 ipse
1343 4482 1559 4548 asserit,
1595 4495 1701 4535 non
1724 4489 1835 4533 tam
1855 4479 2071 4547 propria

501 4600 665 4658 quam
708 4583 881 4637 aliena
939 4577 1247 4644 contexuit,
1295 4572 1532 4644 ejusdem
1580 4570 1785 4627 scilicet
1829 4567 2073 4623 Tichonii

500 4656 640 4734 bene
685 4670 955 4728 intellecta
999 4667 1294 4729 deﬂorans;
1327 4662 1674 4718 nihilominus
1701 4667 1755 4714 et
1793 4658 1935 4715 beati
1960 4656 2067 4711 Au-

500 4762 697 4837 gustini
747 4759 992 4830 quaedam
1045 4754 1288 4826 exposita
1338 4751 1572 4821 capitula
1630 4748 1938 4804 adnectens.
2008 4746 2076 4800 Et

499 4855 749 4930 quamvis
771 4852 889 4907 eam
913 4850 1120 4923 plenius
1139 4863 1299 4918 quam
1335 4845 1424 4900 alii
1452 4842 1778 4913 exposuerit,
1816 4841 2075 4895 altissimo

500 4962 687 5007 tamen
736 4960 982 5004 sermone
1036 4940 1356 5012 composuit.
1412 4936 1652 5005 Denique
1700 4933 1803 4987 etsi
1853 4947 2076 4988 numero

571 5075 598 5105 ι
629 5059 742 5117 Hos
782 5072 970 5115 versus
996 5054 1239 5125 sequenti
1274 5048 1691 5125 Commentario
1719 5044 1907 5125 (quod,
1951 5044 2077 5125 licet

2171 3848 2337 3918 lypsis
2360 3848 2639 3917 prophetia
2666 3856 2911 3911 vocatur,
2954 3848 3107 3917 juxta
3138 3847 3270 3901 illud
3295 3865 3306 3899 :
3329 3846 3514 3900 Beatus
3536 3845 3633 3914 qui
3663 3844 3749 3899 le-

2170 3939 2247 4009 git
2268 3946 2323 3993 et
2344 3939 2434 4008 qui
2457 3937 2681 3991 audiunt
2702 3938 2866 3991 verba
2890 3937 3185 4006 prophetia:
3212 3936 3331 3990 libri
3360 3932 3537 4002 hujus,
3558 3942 3619 3988 et
3637 3948 3751 3991 cae-

2171 4036 2307 4083 tera.
2346 4028 2479 4095 Quia
2499 4042 2627 4096 ergo
2655 4041 2791 4081 nova
2815 4026 3095 4096 prophetia
3120 4034 3219 4087 est,
3253 4026 3330 4080 sic
3357 4024 3569 4079 excellit
3592 4031 3750 4081 vete-

2171 4132 2285 4171 rem
2318 4118 2674 4186 prophetiam,
2699 4116 2838 4171 sicut
2879 4115 3220 4185 Evangelium
3247 4114 3647 4170 observantiam
3667 4113 3749 4168 le-

2171 4209 2274 4280 gis,
2305 4208 2430 4277 quia
2459 4222 2577 4276 qua:
2602 4207 2668 4261 de
2694 4206 2909 4262 Christo
2931 4214 2985 4260 et
3013 4206 3077 4260 de
3099 4205 3339 4259 Ecclesia
3378 4204 3602 4273 antiqua
3621 4218 3754 4274 pro-

2170 4297 2350 4366 phetia
2376 4295 2658 4351 revelanda
2685 4294 2955 4365 prmdixit,
2984 4294 3098 4347 hmc
3117 4293 3228 4363 jam
3259 4292 3495 4348 revelata
3541 4292 3758 4347 denun-

2171 4388 2293 4442 tiat.
2333 4387 2487 4443 Unde
2522 4395 2578 4441 et
2604 4386 2974 4456 Apocalypsis,
3002 4386 3056 4440 id
3084 4392 3168 4440 est
3197 4384 3476 4449 revelatio,
3502 4384 3759 4440 inscribi-

2170 4485 2279 4532 tur.
2310 4476 2481 4545 Hujus
2509 4483 2686 4531 autem
2708 4476 2833 4531 libri
2864 4490 3054 4547 magna
3078 4476 3375 4529 auctoritas
3401 4482 3506 4537 est,
3552 4475 3676 4543 quia
3720 4489 3756 4527 a

2172 4568 2437 4623 Trinitate
2462 4581 2557 4637 per
2572 4566 2818 4637 angelum
2839 4566 2905 4620 ad
2925 4563 3183 4618 Joannem
3214 4564 3467 4618 mittitur.
3493 4562 3533 4617 A
3565 4562 3754 4627 Patre,

2171 4666 2231 4711 ut
2258 4657 2386 4712 illud
2411 4675 2423 4710 :
2450 4655 2621 4722 Quam
2650 4655 2791 4710 dedit
2825 4654 2901 4710 illi
2926 4653 3064 4708 Deus
3088 4653 3265 4724 palam
3289 4653 3481 4722 facere.
3510 4652 3557 4706 A
3588 4651 3752 4711 Filio.

2124 4746 2233 4803 “ut
2257 4747 2384 4802 illud
2414 4766 2426 4802 :
2461 4748 2573 4817 Ego
2616 4744 2773 4801 Iesus
2800 4744 2923 4799 misi
2965 4743 3215 4814 angelum
3256 4758 3435 4796 meum
3468 4742 3760 4797 testiﬁcari

2171 4839 2343 4894 vobis.
2371 4836 2415 4890 A
2462 4835 2668 4906 Spiritu
2697 4848 2909 4904 quoque
2935 4840 3141 4896 sancto,
3186 4838 3249 4886 ut
3285 4831 3418 4885 illud
3446 4850 3459 4884 :
3485 4830 3765 4887 Dominus

2173 4928 2316 4983 Deus
2342 4925 2681 4995 omnipotens
2727 4922 2959 4991 Spiritus
2987 4919 3370 4992 prophetarum
3412 4917 3557 4973 misit
3579 4933 3758 4990 ange-

2176 5034 2563 5107 archiepiscopi
2612 5031 3072 5102 Salisburgensis;
3124 5030 3220 5102 qui
3271 5044 3466 5087 versus
3526 5029 3607 5084 ita
3665 5043 3762 5084 so-

500 5112 1348 5209 haudincompertum,'.reperire
1376 5137 1480 5176 non
1506 5116 1700 5243 potui?
1724 5112 2074 5186 przeiigeudos
2098 5112 2151 5172 D
2177 5114 2333 5164 nant.

501 5204 700 5243 imiith
753 5201 1048 5243 thnmns
1093 5203 1232 5243 mter
1273 5191 1526 5243 Addenda
1556 5199 1609 5243 et
1697 5184 1974 5243 unnlenda.
2000 5186 2070 5240 ad
2292 5233 2322 5243 ..

501 5184 1232 5260 indicat—“Fro'benius'inter
1273 5184 1526 5245 Addendd
1556 5199 1609 5243 et
1655 5184 1974 5259 supplenda,
2000 5186 2070 5240 ad

500 5274 703 5355 calcem
725 5270 960 5355 Operam
996 5266 1143 5355 beati
1166 5262 1395 5349 Alcuini,
1424 5276 1488 5355 ei:
1511 5260 1692 5355 codice
1724 5263 2066 5355 .pervetus‘to,

503 5327 702 5413 dequo
745 5327 831 5397 sic
864 5340 950 5394 vir
980 5336 1359 5413 doctissimus:
1391 5350 1407 5383 ι
1445 5331 1609 5413 ἰξευῌο
1628 5327 1935 5413 “antequam
1967 5327 2071 5382 hoc

501 5397 637 5483 opus
662 5397 1031 5484 integre_typis
1049 5407 1435 5484 absolveretur,
1467 5401 1605 5458 forte
1627 5397 1845 5484 fortuito
1871 5397 1937 5452 ad
1954 5411 2072 5480 ma:

503 5466 1018 5538 {.Bs‘meaﬂaiths
1038 5485 1122 5534 est
1159 5476 1327 5533 codex
1356 5466 1456 5528 ms.
1486 5479 1844 5543 pervetustus,
1870 5466 2070 5543 nemini

505 5536 683 5608 adhuc
724 5536 1083 5614 memoratus,
1125 5536 1627 5614 conservatus'vero
1655 5540 1707 5593 in
1736 5538 1898 5614 hujus
1920 5536 2070 5614 urbis

503 5606 702 5678 nostrae
729 5606 1132 5687 Ratisponensis
1173 5614 1373 5687 celebri
1409 5612 1630 5683 collegio
1665 5625 1757 5687 seu
1783 5606 2069 5687 episcopali

505 5690 786 5765 gymnasio
806 5690 864 5745 S.
882 5685 1063 5765 Pauli.
1092 5686 1335 5765 Scriptus
1355 5685 1410 5765 is
1442 5690 1547 5762 est,
1573 5686 1735 5765 prou't
1748 5685 2070 5765 ver‘susprit

509 5745 611 5818 ilia!
635 5759 839 5829 paginae
885 5757 1128 5826 inscripti
1173 5745 1457 5815 testantur,
1497 5745 1650 5818 jussu
1704 5745 2069 5816 l.iuphrammi

2291 5233 2522 5285 Scribere
2544 5232 2675 5281 hunc
2695 5229 2875 5281 librum
2897 5227 3013 5279 fecit
3028 5230 3125 5291 jam
3147 5226 3515 5291 archisaeerdos

2420 5293 2789 5355 Liuphrammus
2808 5299 2993 5354 rector,
3018 5289 3085 5342 sit
3108 5292 3184 5340 cui
3213 5293 3307 5340 vita
3328 5289 3479 5339 salus.

2171 5392 2367 5450 Tenuit
2390 5389 2803 5462 Liuphrammus
2822 5388 2967 5443 illam
2997 5388 3180 5462 sedem
3201 5383 3659 5462 metropolitieam

2170 5462 2437 5519 ann0856
2474 5453 2640 5529 usque
2683 5461 2751 5514 ad
2790 5474 2989 5513 annum
3018 5457 3157 5529 859;
3203 5456 3291 5512 cui
3338 5453 3575 5529 tempori

2169 5542 2328 5605 ptura
2357 5524 3103 5605 eodipisiapprime_eonveuit.
3132 5527 3300 5605 Porro
3336 5526 3392 5605 in
3430 5524 3537 5605 hoc

2172 5592 2403 5686 plurima
2429 5592 2841 5686 Alc'uinijnostri
2854 5596 3131 5686 {carmina
3139 5593 3522 5686 Adeprehendi,
3530 5607 3645 5686 1ρει
3658 5592 3762 5686 tir_n

2171 5662 2280 5743 jam
2297 5674 2442 5729 inter
2467 5670 2611 5743 edita
2637 5669 3041 5743 comprehensa,
3065 5662 3262 5737 partim
3292 5665 3363 5721 ibi
3390 5662 3607 5729 mutila,
3628 5675 3769 5734 par-

2176 5739 2271 5801 tim
2295 5757 2423 5801 vero
2448 5741 2667 5798 omnino
2686 5739 2912 5803 inedita;
2949 5757 2967 5792 ι
2994 5744 3101 5794 etc.
