4002 6186
291 218 427 274 1089

1041 214 1451 273 EXEGETICA.
1492 244 1561 255 —
1596 211 1947 271 centrum.
1989 214 2057 269 lN
2091 199 2379 283 specu.
2420 247 2491 257 —
2525 216 2652 273 LIB.
2692 217 2731 273 ι.

3384 227 3521 285 1090

287 336 397 389 lum
423 348 597 396 suum,
630 337 685 388 et
709 340 925 388 caitera.
968 332 1138 403 Igitur
1184 331 1310 401 quia
1355 329 1490 385 nihil
1535 328 1853 385 historicum
1879 331 1926 390 Α
1956 329 2171 384 tandum
2202 331 2327 398 quia
2370 329 2579 400 plenior
2614 347 2805 389 sensus
2850 316 3180 398 redderetur.
3213 338 3258 394 si
3306 340 3420 398 htec
3442 352 3527 399 est

285 432 462 491 sonet,
488 425 656 494 ipsius
701 425 865 478 verba
897 424 1089 479 docere
1113 423 1431 491 probamur.
1477 419 1661 489 Neque
1709 419 1854 473 enim

286 513 343 569 in
362 513 506 569 caelo
526 520 652 569 sunt
671 510 809 566 fabri
836 510 931 580 qui
980 510 1174 566 loricas
1206 508 1489 575 fabricent,
1532 523 1632 562 nec
1664 507 1858 562 mulier

285 601 343 665 in
368 602 508 661 coelo
533 616 723 670 parere
749 601 941 670 potuit.
975 598 1129 654 Nunc
1171 605 1417 668 superest
1446 605 1504 651 ut
1542 597 1856 666 qualitatem

286 692 509 748 visionis
522 691 643 761 ejus
662 688 1033 747 discutiamus.
1062 687 1196 742 Tres
1217 687 1396 757 itaque
1440 685 1708 741 visionum
1742 698 1857 737 mo-

286 783 383 838 dos
402 790 585 851 patres
607 780 780 835 nostri
817 778 1188 847 intclligendos
1225 777 1523 832 docuerunt
1559 792 1573 828 :
1604 788 1857 844 corpora-

284 872 415 936 lem,
440 878 500 926 ut
544 869 788 924 videmus
828 883 929 938 per
973 867 1154 923 oculos
1181 866 1369 931 solem,
1397 865 1594 925 lunam,
1625 873 1680 919 et
1725 863 1856 919 reli-

283 979 418 1036 qua;
453 960 770 1032 spiritalem,
802 974 922 1029 qua:
966 959 1025 1013 ﬁt
1052 973 1150 1027 per
1185 957 1382 1012 mentis
1424 970 1703 1010 excessum
1743 954 1857 1009 sive

284 1053 629 1124 vigilantibus
678 1050 792 1105 sive
841 1048 1229 1104 dormientibus
1274 1047 1433 1111 viris,
1459 1061 1581 1100 cum
1619 1060 1726 1099 non
1768 1060 1857 1099 res

284 1140 607 1209 corporales.
638 1140 732 1193 sed
750 1137 1127 1193 similitudines
1152 1151 1331 1190 rerum
1375 1132 1731 1201 corporalium
1760 1146 1857 1200 per

286 1231 532 1303 spiritum
553 1228 847 1290 intuentur,
875 1225 1324 1294 quemadmodum
1344 1222 1552 1276 Pharao
1573 1221 1702 1274 vidit
1732 1234 1855 1289 sep-

285 1329 394 1375 tem
423 1320 605 1380 boves,
632 1326 685 1371 et
707 1316 1197 1371 Nabuchodonosor
1227 1313 1455 1382 lapidem
1481 1311 1766 1381 prtecisum
1791 1311 1856 1366 de

284 1417 466 1466 monte
505 1408 621 1462 sine
650 1406 919 1470 manibus,
941 1412 995 1458 et
1027 1404 1220 1457 Petrus
1244 1403 1484 1457 linteum.
1526 1400 1739 1454 Tertius
1774 1409 1858 1453 est

284 1501 376 1571 qui
411 1496 787 1554 intellectualis
826 1494 1143 1565 appellatur,
1169 1507 1265 1562 per
1292 1507 1451 1562 quem
1474 1505 1573 1545 nec
1604 1504 1856 1560 corpora-

285 1592 364 1647 les
389 1605 498 1655 res,
514 1603 613 1643 nec
633 1602 820 1643 earum
842 1583 1236 1648 similitudines,
1255 1583 1347 1636 sed
1368 1582 1481 1650 ipsa
1510 1595 1690 1635 rerum
1716 1580 1858 1634 veri-

1952 423 2301 496 Apocalypsis
2340 426 2573 491 diceret;
2602 427 2696 481 sed
2723 425 3127 496 Scripturarum
3154 445 3272 485 mos
3291 440 3375 486 est
3396 434 3524 489 bre-

1952 512 2136 567 vitatis
2177 526 2339 568 causa
2366 513 2782 582 praenominatas
2805 515 3098 582 particulas
3132 518 3232 573 sub
3253 520 3527 576 auditione

1954 602 2274 672 relinquere.
2322 603 2459 659 Hinc
2502 611 2588 658 est
2637 605 2776 674 quod
2805 604 3054 662 Salomon
3098 624 3205 663 non
3253 610 3329 663 ait
3368 627 3381 663 :
3433 611 3528 667 lla:

1954 700 2075 746 sunt
2103 692 2371 760 parabola:
2394 692 2715 759 Salomonis,
2733 695 2835 757 vel,
2863 695 2988 751 Haec
3013 705 3140 751 sunt
3158 700 3320 753 verba
3342 700 3529 756 Eccle-

1954 782 2152 837 siastae.
2179 783 2545 854 Apocalypsis,
2575 794 2634 839 ut
2664 785 2865 841 dictum
2896 796 3001 853 est,
3039 804 3104 843 ex
3131 788 3320 845 Graeco
3342 791 3395 844 in
3426 791 3529 846 La-

1953 870 2125 929 tinum
2143 872 2399 926 revelatio
2428 873 2830 941 interpretatur.
2854 874 3011 930 Jesus
3033 876 3314 944 Hebraice,
3341 878 3534 936 Graece

1954 961 2109 1026 sotir,
2132 960 2321 1017 Latine
2343 971 2525 1019 autem
2551 964 2746 1019 dicitur
2762 966 3035 1021 salutaris.
3054 967 3301 1024 Christus
3319 969 3525 1033 Greece,

1952 1050 2141 1106 Latine
2162 1060 2376 1108 unctus.
2402 1051 2535 1106 Nam
2559 1054 2792 1109 chrisma
2826 1057 3008 1110 unctio
3030 1057 3244 1111 dicitur.
3279 1058 3529 1113 Chrisma

1951 1155 2081 1195 vero
2110 1140 2316 1209 primus
2333 1140 2555 1210 jubente
2582 1140 2811 1198 Domino
2839 1142 3047 1213 Moyses
3088 1144 3143 1198 in
3180 1145 3319 1199 libro
3344 1146 3532 1200 Exodo

1953 1231 2318 1299 composuisse
2338 1240 2612 1294 narratur,
2634 1246 2743 1299 quo
2765 1246 2919 1301 reges
2956 1240 3012 1285 et
3038 1235 3344 1289 sacerdotes
3365 1249 3532 1306 unge-

1952 1319 2164 1383 bantur,
2191 1318 2596 1388 przrﬁgurantes
2630 1318 2899 1375 Christum
2928 1337 2959 1375 a
2984 1321 3146 1376 Patre
3190 1323 3531 1380 invisibiliter

1953 1416 2193 1463 unctum.
2224 1406 2395 1471 Quam
2418 1408 2559 1461 dedit
2605 1407 2711 1462 illi:
2740 1408 2881 1463 Deus
2924 1411 3102 1480 palam
3152 1412 3323 1481 facere
3368 1414 3529 1469 servis

1953 1498 2085 1564 suis,
2111 1514 2231 1569 quia
2278 1508 2476 1569 oportet
2520 1500 2639 1565 ﬁeri
2681 1501 2804 1554 cito.
2850 1502 2950 1557 Hie
2977 1518 3190 1572 quoque
3234 1506 3527 1561 notandum

1954 1587 2080 1657 quia
2110 1588 2364 1649 usitatius
2391 1590 2692 1655 diceretur,
2732 1589 2847 1656 Qua
2890 1593 3040 1647 dedit
3085 1593 3162 1648 illi
3207 1594 3351 1650 Deus
3382 1613 3394 1648 :
3433 1597 3527 1652 sed

285 1691 368 1737 tas
400 1678 732 1735 intuentibus
753 1675 1143 1739 manifestatur,
1169 1674 1313 1745 quod
1336 1673 1461 1727 huic
1489 1672 1854 1726 tantummodo
1886 1662 1928 1719 Β
1956 1693 2126 1735 sacra;
2156 1677 2448 1748 scriptum
2471 1681 2803 1737 consuetudo
2820 1690 2908 1736 es;
2931 1681 3243 1752 frequenter
3260 1701 3361 1755 ριιο
3381 1687 3530 1741 εωθ-

282 1770 633 1842 Apocalypsis
681 1769 872 1824 beatus
930 1765 1285 1834 Hieronymus
1329 1762 1570 1819 ascribit.
1624 1759 1855 1815 Sanctus

284 1875 409 1915 vero
430 1858 759 1931 Augustinus
784 1854 1082 1927 spiritalem
1108 1853 1163 1906 in
1190 1852 1294 1907 hac
1316 1850 1542 1920 intelligi
1563 1849 1755 1904 debere
1775 1849 1856 1903 vi-

281 1952 487 2007 sionem
510 1990 526 2016 .
571 1965 636 2005 ac
683 1963 782 2023 per
831 1945 1210 2002 similitudines
1258 1959 1440 1998 rerum
1495 1941 1854 2011 corporalium

281 2048 572 2105 ostensam,
619 2036 942 2092 omnimodis
967 2036 1140 2091 docet.
1184 2033 1292 2088 Sed
1336 2032 1437 2103 ipsi
1465 2032 1697 2086 viderint
1733 2031 1855 2101 quis

281 2144 467 2185 eorum
500 2128 679 2202 verius
705 2125 921 2183 dixerit.
945 2124 1091 2183 Ordo
1113 2139 1242 2179 vero
1270 2123 1598 2179 narrationis
1626 2123 1715 2176 hic
1748 2129 1852 2175 est.

282 2217 581 2287 Aquuando
623 2217 690 2271 ab
720 2216 956 2270 adventu
996 2213 1207 2268 Domini
1251 2212 1487 2278 inchoat,
1514 2220 1569 2266 et
1608 2212 1857 2282 perducit

283 2323 451 2379 usque
498 2309 565 2363 ad
590 2307 750 2362 ﬁnem
799 2294 1000 2361 steculi.
1051 2304 1350 2372 Aliquando
1394 2304 1462 2357 ab
1491 2303 1724 2357 adventu
1751 2302 1859 2355 Do-

283 2395 417 2449 mini
452 2394 691 2457 inchoat,
717 2401 772 2445 et
815 2401 1106 2458 antequam
1145 2390 1315 2455 ﬁniat,
1362 2390 1429 2442 ad
1455 2389 1665 2443 initium
1694 2390 1854 2456 redit,

282 2493 337 2541 et
354 2500 419 2540 ea
447 2497 567 2554 quae
590 2481 886 2544 dimiserat,
917 2480 1031 2555 sive
1054 2494 1175 2549 quae
1203 2479 1433 2543 dixerat,
1468 2479 1696 2534 diversis
1722 2479 1857 2550 ﬁgu-

282 2576 360 2630 ris
381 2582 646 2645 repetens,
673 2572 741 2626 ad
771 2570 1063 2625 secundum
1092 2568 1304 2624 Domini
1324 2568 1610 2623 adventum
1636 2584 1858 2639 percur-

284 2668 375 2723 rit.
406 2666 713 2736 Aliquando
744 2664 931 2733 incipit
952 2678 983 2716 a
1009 2662 1299 2717 novissima
1325 2661 1727 2731 persecutione;
1761 2660 1856 2715 sed

284 2768 572 2828 antequam
616 2756 687 2810 ad
736 2754 898 2808 ﬁnem
918 2753 1134 2819 veniat,
1186 2752 1584 2822 recapitulando
1630 2761 1856 2823 utraque

284 2849 577 2921 conjungit.
602 2848 901 2918 Aliquando
937 2848 1004 2901 ad
1029 2847 1389 2901 enarrandum
1419 2844 1689 2914 proposita
1719 2860 1852 2913 pau-

284 2941 449 2997 lulum
488 2940 813 3008 intermittit,
841 2945 893 2993 et
935 2938 1076 2993 aliud
1105 2951 1210 2991 non
1233 2937 1299 2990 ad
1328 2936 1431 2990 hoc
1456 2934 1731 3004 pertinens
1772 2932 1855 2988 in-

1954 1769 2067 1825 tivo
2089 1769 2205 1827 sine
2223 1770 2597 1839 praepositione
2622 1774 2986 1828 accusativum
3010 1788 3232 1843 ponere.
3267 1776 3420 1832 Unde
3445 1787 3531 1835 est

1952 1855 2081 1911 illud
2100 1856 2291 1925 psalmi
2318 1875 2331 1910 :
2354 1857 2589 1922 Exaudi,
2618 1858 2863 1926 Domine,
2878 1878 3053 1916 vocem
3074 1879 3265 1929 nteant,
3289 1880 3399 1936 qua
3421 1868 3532 1922 cla-

1954 1945 2093 1999 mavi
2135 1945 2205 1998 ad
2252 1955 2320 1999 te.
2365 1946 2432 1999 Et
2479 1946 2678 2003 Paulus
2710 1948 2963 2005 :Bonum
3004 1961 3265 2008 certamen
3315 1958 3528 2011 certari.

1953 2032 2266 2089 Ostenditur
2289 2035 2434 2090 enim
2462 2037 2548 2091 his
2587 2038 2766 2094 verbis
2793 2040 2909 2095 hac
2956 2043 3212 2098 revelatio
3255 2059 3377 2100 esse
3399 2046 3529 2102 Jesu

1954 2123 2178 2190 Christi,
2209 2134 2265 2179 et
2289 2127 2394 2182 hoc
2412 2142 2443 2181 a
2470 2127 2582 2183 Deo
2608 2129 2755 2184 illum
2781 2134 3076 2202 accepisse,
3108 2144 3169 2190 ut
3203 2150 3299 2191 sua
3329 2138 3533 2194 revela-

1954 2215 2100 2271 tione
2122 2215 2300 2284 palam
2320 2215 2527 2272 faceret
2557 2219 2728 2275 servis
2749 2221 2861 2276 suis
2880 2237 3001 2291 quae
3019 2233 3231 2294 oportet
3251 2224 3367 2281 ﬁeri
3399 2227 3528 2283 cito.

1954 2304 2125 2370 Quam
2145 2307 2214 2360 ob
2241 2321 2352 2360 rem
2376 2308 2451 2361 ita
2472 2308 2913 2379 distinguendum
2927 2322 3026 2379 est,
3052 2314 3389 2387 Apocalypsi:
3399 2316 3530 2372 Iesu

1955 2395 2182 2460 Christi;
2211 2406 2266 2450 et
2288 2396 2481 2453 deinde
2528 2399 2888 2468 inferendum,
2914 2421 3074 2473 quam
3105 2408 3246 2461 dedit
3283 2409 3364 2464 illi
3386 2410 3532 2467 Deus

1953 2486 2130 2558 palam
2154 2487 2323 2556 facere
2367 2491 2531 2544 seruis
2558 2490 2689 2556 suis,
2725 2501 2781 2547 et
2808 2494 3014 2563 reliqua
3048 2512 3321 2567 :quorum
3361 2517 3528 2557 unum

1955 2576 2025 2630 ad
2046 2576 2382 2632 divinitatem
2422 2579 2710 2650 redigitur,
2739 2584 3032 2639 secundum
3060 2602 3221 2657 quam
3246 2590 3363 2659 ipse
3407 2607 3534 2647 cum

1955 2666 2115 2721 Patre
2138 2677 2333 2723 cuncta
2356 2669 2559 2725 revelat
2584 2673 2874 2742 mysteria;
2914 2674 3142 2731 alterum
3189 2678 3257 2733 ad
3284 2680 3537 2735 humani-

1956 2766 2143 2825 tatem,
2174 2762 2467 2816 secundum
2490 2777 2651 2831 quam
2679 2779 2786 2820 non
2809 2765 2984 2820 solum
3010 2782 3040 2820 a
3058 2768 3220 2824 Patre
3243 2778 3297 2824 et
3321 2771 3529 2840 Spiritu

1955 2857 2164 2935 saneto,
2186 2850 2287 2906 sed
2310 2860 2368 2905 et
2393 2866 2424 2905 a
2444 2852 2735 2922 semetipso
2763 2856 2990 2925 accepit,
3020 2867 3079 2912 ut
3117 2859 3231 2929 ipse
3255 2877 3350 2915 sua
3379 2877 3531 2917 reve-

1954 2941 2151 2999 latione
2170 2957 2234 2998 ea
2254 2959 2373 3013 quae
2394 2944 2502 2999 cito
2519 2954 2732 3014 oportet
2768 2946 2906 3013 ﬁeri,
2931 2951 3104 3005 servis
3128 2953 3242 3007 suis
3268 2953 3528 3009 declaret.

286 3030 548 3099 ιετροηίῑὶ
576 3039 699 3100 Post
714 2997 867 3099 iquod
894 3028 1083 3084 ordine
1104 3026 1320 3081 conciso
1347 3041 1466 3095 quae
1486 3032 1722 3094 coeperat
1737 3039 1855 3095 per-
1876 2997 1926 3059 ο
1959 3032 2110 3088 Unde
2134 3048 2241 3088 non
2261 2997 2476 3100 dicitur,
2501 2997 2663 3105 qliam
2687 3037 2833 3091 dedit
2853 2997 2927 3092 illi
2950 3039 3094 3095 Deus
3117 3040 3300 3108 Pater,
3329 3045 3422 3099 sed
3444 3045 3529 3098 in-

284 3120 459 3176 docet.
480 3118 785 3189 Aliquando
808 3119 864 3172 in
898 3118 1013 3188 ipso
1030 3130 1224 3188 genere
1244 3113 1531 3169 locutionis
1553 3114 1630 3168 sic
1651 3121 1856 3167 mutata

285 3209 455 3283 ﬁgt’ira
480 3209 641 3283 quasi.
664 3207 766 3263 alia
792 3207 1175 3279 permiscet,ut
1194 3220 1301 3260 non
1325 3204 1397 3257 nil
1418 3203 1561 3257 aliud
1590 3203 1855 3274 signiﬁcet

284 3314 443 3369 quam
458 3298 600 3369 quod
613 3312 833 3351 narrare
853 3307 1108 3365 coeperat.
1123 3296 1189 3348 Et
1205 3302 1330 3349 nota
1351 3295 1476 3362 quia
1501 3294 1772 3348 rarissime
1798 3293 1852 3348 in

284 3392 386 3445 hac
414 3389 738 3444 revelatione
772 3380 855 3443 vel
876 3387 1110 3458 angelus,
1145 3385 1229 3441 vel
1256 3384 1488 3440 Joannes
1511 3387 1755 3456 proprias
1777 3392 1854 3440 te-

284 3492 413 3536 nent
441 3496 719 3551 personas.
748 3479 995 3535 Becurrit
1022 3488 1200 3531 autem
1222 3459 1404 3535 'sermo
1426 3494 1456 3531 a
1479 3479 1657 3547 specie
1676 3478 1741 3531 ad
1764 3492 1853 3548 ge-

285 3589 409 3639 nus,
436 3570 882 3642 quemadmodum
916 3585 1039 3624 cum
1071 3568 1286 3624 Jezabel
1330 3570 1633 3639 specialiter
1674 3567 1849 3624 incre—

284 3673 485 3734 passet,
513 3662 789 3733 subjunxit
818 3680 831 3715 :
860 3660 930 3714 Et
968 3660 1102 3715 dabo
1124 3661 1399 3732 unicuique
1424 3671 1646 3715 vestrum
1672 3677 1854 3715 secun-

284 3754 410 3808 dum
431 3770 584 3825 opera
613 3770 730 3806 sua.
752 3751 903 3817 Quod
932 3751 1258 3821 generaliter
1282 3754 1395 3805 sive
1425 3750 1579 3804 bonis
1602 3749 1715 3802 sive
1742 3763 1854 3801 ma-

283 3846 353 3901 lis
365 3860 659 3914 congruere
680 3846 907 3897 videtur.
920 3844 1052 3896 Item
1070 3858 1101 3895 a
1122 3858 1319 3910 genere
1340 3843 1408 3895 ad
1427 3842 1659 3909 speciem
1682 3850 1854 3895 trans-

285 3935 331 3989 it
374 3934 587 4004 quando
625 3946 747 3993 cum
785 3930 1058 3995 Ecclesiae,
1102 3945 1221 3998 qua:
1247 3930 1455 3984 habitat
1484 3930 1624 3984 inter
1659 3930 1854 4003 malos,

284 4024 386 4081 sub
413 4023 588 4095 specie
609 4023 841 4093 pastoris
878 4021 1326 4092 Pergamenorum
1355 4022 1555 4079 diceret
1578 4043 1591 4077 :
1617 4023 1740 4080 Scio
1766 4025 1853 4079 ubi

283 4117 509 4183 habitas,
539 4116 627 4170 ubi
652 4116 795 4170 sedes
837 4123 912 4169 est
959 4108 1196 4183 Satanw,
1245 4127 1299 4171 et
1333 4117 1558 4189 reliqua.
1587 4118 1853 4175 Continuo

284 4209 571 4282 negligenti
592 4208 795 4280 pastori
838 4206 1018 4261 intulit
1046 4226 1057 4260 :
1091 4205 1273 4262 Habeo
1290 4209 1540 4276 adversus
1588 4219 1637 4264 te
1659 4226 1850 4281 pauca,

286 4312 341 4357 et
367 4311 580 4357 ets-tera.
611 4303 693 4357 Ab
721 4302 823 4356 hac
851 4302 1027 4372 specie
1055 4303 1245 4357 transit
1271 4303 1339 4357 ad
1365 4303 1545 4370 aliam,
1581 4319 1700 4359 cum
1731 4320 1855 4374 pro-

286 4393 430 4447 tinus
458 4393 636 4447 subdit
663 4411 675 4446 :
706 4391 795 4446 Ita
822 4392 978 4446 habes
1008 4402 1055 4446 et
1081 4402 1138 4446 tu
1178 4402 1404 4447 tenentes
1437 4395 1728 4448 doctrinam
1750 4395 1853 4449 Ni—

287 4482 614 4537 colaitarum.
649 4481 753 4550 Qui
771 4484 913 4537 enim
945 4499 1050 4539 non
1075 4485 1149 4539 ait
1173 4503 1185 4538 :
1216 4484 1393 4540 Habes
1420 4486 1584 4545 etiam
1610 4486 1733 4549 illic,
1762 4488 1856 4543 sed

286 4573 439 4645 habes
468 4584 514 4628 et
542 4584 621 4640 tu,
645 4583 893 4646 patenter
939 4576 1115 4635 innuit
1155 4577 1281 4647 quia
1316 4579 1384 4632 ab
1424 4594 1528 4633 una
1577 4580 1753 4648 specie
1786 4580 1855 4635 ad

286 4668 444 4723 aliam
482 4682 780 4725 sermonem
806 4670 1091 4725 convertit.
1125 4669 1396 4725 Invenitur
1422 4672 1583 4725 etiam
1605 4687 1772 4743 genus
1798 4672 1855 4726 in

285 4759 482 4829 specie.
514 4758 646 4814 Nam
673 4759 898 4815 dicendo
944 4759 1057 4828 Ego
1077 4758 1309 4814 Joannes
1333 4758 1520 4829 frater,
1545 4768 1598 4815 et
1624 4761 1853 4829 reliqua,

284 4849 342 4906 in
392 4866 489 4907 sua
519 4867 746 4922 persona
795 4852 957 4909 totius
974 4851 1236 4906 Ecclesia:
1280 4853 1683 4922 persecutiones
1723 4853 1856 4907 insi-

284 4948 436 5007 nuat,
458 4956 592 5011 quas
615 4944 850 5012 quotidie
875 4951 1095 5013 propter
1120 4941 1341 4997 verbum
1361 4940 1455 4995 Dei
1476 4942 1700 5010 patitur.
1723 4940 1855 4997 Jun-

285 5033 428 5103 gitur
454 5032 614 5087 etiam
635 5048 806 5103 genus
822 5035 1022 5105 generi,
1055 5048 1178 5091 cum
1199 5032 1354 5089 sedes
1382 5032 1578 5087 dicitur
1605 5032 1775 5102 posita
1798 5031 1854 5086 in

284 5124 445 5184 cado.
465 5127 765 5198 Utrumque
788 5130 930 5183 enim
962 5146 1061 5201 per
1104 5145 1164 5186 se
1189 5129 1446 5201 positum,
1468 5129 1525 5184 id
1561 5137 1643 5185 est
1668 5136 1724 5184 et
1744 5143 1856 5184 cte-

284 5215 394 5270 lum
417 5224 473 5271 et
509 5218 693 5295 sedes,
708 5216 763 5271 in
812 5217 915 5273 hac
937 5220 1263 5276 revelatione
1310 5219 1623 5292 frequenter
1661 5220 1851 5277 Eccle-

285 5307 422 5360 siam
448 5305 693 5378 desith
721 5323 734 5360 :
765 5322 886 5363 cum
920 5316 1099 5363 autem
1142 5311 1303 5387 simul
1325 5310 1648 5385 junguntur,
1691 5326 1854 5381 unam

285 5393 639 5463 eamdemque
660 5393 959 5452 Ecclesium
990 5395 1245 5467 ﬁgurant.

795 5489 1021 5546 CAPUT
1057 5490 1345 5565 PRIMUM.

363 5581 520 5635 Vens.
551 5581 598 5635 l.
626 5610 699 5622 —
727 5581 1063 5653 Apocalypsi:
1109 5580 1479 5639 JesnACliristi.
1530 5587 1711 5645 Primo
1757 5605 1851 5644 no-

1954 3122 2192 3189 deﬁuite.
2212 3140 2366 3194 quam
2392 3124 2533 3179 dedit
2551 3124 2631 3179 illi
2654 3124 2817 3193 Deus,
2838 3128 2893 3182 id
2911 3136 2997 3183 cst
3017 3129 3272 3186 Trinitas.
3304 3133 3370 3186 Et
3396 3142 3528 3189 nota

1952 3218 2080 3286 quia
2122 3218 2350 3274 dicendo
2385 3219 2547 3272 servis
2579 3219 2710 3285 suis,
2738 3221 2974 3275 ostendit
3023 3222 3219 3278 Filium
3258 3226 3422 3280 etiam
3470 3227 3523 3281 in

1953 3307 2124 3364 forma
2147 3310 2312 3375 servi,
2340 3326 2444 3365 non
2480 3325 2720 3378 servum,
2767 3314 2892 3368 dum
2930 3313 3055 3382 ejus
3076 3317 3401 3372 humanitas
3429 3319 3528 3372 do-

1951 3402 2095 3456 mina
2117 3404 2442 3472 pradieatur
2467 3419 2764 3459 servatum.
2825 3404 2947 3460 Suis
2975 3410 3331 3475 autem'dicit,
3358 3411 3413 3464 id
3439 3418 3528 3465 est

1952 3493 2147 3559 divina:
2167 3494 2354 3565 gratia:
2378 3496 2667 3564 subjectis;
2698 3495 2854 3562 juxta
2891 3497 3019 3550 illud
3058 3498 3364 3565 :Conﬁteor
3411 3500 3531 3565 tibi,

1952 3582 2191 3649 Domine,
2215 3582 2379 3637 Pater
2414 3584 2528 3637 caeli
2552 3593 2603 3636 et
2632 3593 2805 3649 teme,
2835 3585 2963 3655 quia
2995 3585 3313 3642 abscondisti
3355 3590 3468 3644 Iure
3493 3607 3527 3644 α

1950 3674 2265 3743 sapientibus
2312 3682 2361 3726 et
2395 3674 2756 3743 prudentibus,
2803 3684 2854 3729 et
2899 3677 3137 3732 rerelarti
3191 3694 3253 3734 ea
3297 3682 3531 3752 parvulis

1954 3762 2167 3831 (Matth.
2190 3779 2267 3827 xi,
2289 3763 2401 3832 25).
2435 3764 2492 3817 In
2515 3780 2581 3820 eo
2600 3779 2730 3819 vero
2760 3768 2903 3834 quod
2923 3770 3197 3835 subditur,
3228 3787 3347 3842 qua:
3370 3790 3528 3843 opor-

1953 3857 2022 3905 tet
2040 3850 2168 3917 ﬁeri
2191 3851 2314 3916 cito,
2339 3866 2644 3921 quanquam
2694 3853 2981 3910 innumera
3030 3859 3239 3927 possint
3282 3861 3530 3935 intelligi,

1953 3940 2209 4009 singulari
2240 3951 2418 3998 uiatori
2444 3944 2744 3998 intentione
2762 3946 2830 3999 de
2866 3948 3252 4017 temporalibus
3280 3950 3537 4007 Ecclesia:

1950 4031 2218 4099 pressaris
2237 4032 2552 4102 gaudiisque
2583 4033 2908 4102 perennibus
2931 4038 3199 4104 venturis,
3224 4052 3289 4094 ac
3311 4040 3377 4095 de
3414 4054 3536 4096 ma-

1951 4116 2125 4175 lorum
2165 4122 2417 4189 praesenti
2445 4121 2718 4188 felicitate,
2742 4125 3068 4196 aeternisqu
3100 4126 3300 4185 futuris
3323 4131 3534 4186 cmcia-

1952 4209 2096 4265 tibus
2119 4227 2420 4268 sermonem
2444 4214 2699 4269 contexit.
2724 4213 2853 4280 Quae
2877 4218 3057 4271 omnia
3082 4218 3193 4273 cito
3219 4218 3373 4286 ﬁunt,
3396 4220 3525 4290 quia

1885 4340 1931 4398 D
1955 4299 2058 4355 hoc
2080 4315 2317 4371 praesens
2344 4309 2556 4372 tempus
2578 4303 2696 4398 sine
2736 4304 2912 4373 aliqua
2941 4308 3197 4361 momenti
3237 4308 3535 4398 interposi-

1957 4391 2101 4446 tione
2128 4392 2196 4445 ad
2220 4392 2379 4446 tinem
2425 4392 2757 4448 transvolare
2801 4394 3157 4463 compellitur.
3206 4396 3359 4453 Unde
3389 4397 3537 4454 idem

1954 4479 2187 4537 Joannes
2213 4482 2341 4537 alibi
2392 4482 2523 4538 dicit
2551 4501 2565 4537 :
2593 4481 2798 4551 Filioli,
2847 4486 3125 4542 novissima
3167 4489 3300 4545 hora
3329 4498 3408 4545 est
3445 4490 3531 4563 (Il

1953 4570 2115 4626 Joan.
2144 4589 2208 4639 ιι,
2234 4571 2344 4644 18).

2022 4682 2092 4737 Et
2118 4684 2431 4755 signiﬁcavit
2451 4687 2660 4740 mittens
2687 4702 2781 4756 per
2803 4687 3043 4756 angelum
3072 4703 3227 4743 suum
3253 4704 3405 4745 emo
3430 4706 3536 4746 suo

1951 4773 2165 4829 Joanni.
2219 4772 2562 4845 Signiﬁcavit,
2608 4775 2661 4829 id
2693 4783 2797 4841 est,
2836 4776 3107 4847 sigillavit.
3151 4778 3287 4833 Nam
3315 4779 3530 4851 signum

1952 4865 2186 4936 sigillum
2210 4866 2408 4921 dicitur
2431 4882 2446 4931 ;
2472 4867 2616 4922 unde
2633 4876 2688 4921 et
2710 4868 2917 4923 Danieli
2938 4869 3138 4924 dicitur
3160 4887 3173 4924 :
3206 4868 3389 4927 Clausi
3406 4884 3532 4929 sunt
3639 4920 3644 4925 .

1950 4956 2518 5027 signatiqueaemones
2559 4957 2725 5027 (Dan.
2747 4974 2851 5024 xu,
2878 4960 2954 5030 9).
2994 4959 3059 5014 Et
3088 4960 3238 5018 Isaia:
3265 4980 3279 5017 :
3309 4961 3530 5035 Signavi

1951 5045 2212 5103 visionem
2249 5047 2304 5102 in
2329 5047 2611 5117 discipulis
2633 5049 2768 5104 meis
2790 5049 2924 5121 (Ira.
2955 5066 3078 5117 vni,
3103 5051 3214 5122 16).
3247 5052 3354 5111 Sed
3381 5056 3530 5125 quid

1952 5139 2053 5195 sibi
2080 5139 2196 5196 vult
2224 5140 2377 5209 quod
2405 5140 2615 5210 signata
2642 5142 2759 5198 hac
2783 5143 2924 5199 visio
2954 5145 3176 5212 dicitur,
3202 5158 3326 5204 cum
3356 5147 3411 5202 in
3437 5160 3529 5203 se-

1951 5229 2238 5297 quentibus
2273 5230 2507 5296 dicatur,
2557 5231 2637 5286 Ne
2680 5233 2982 5306 signaveris
3021 5238 3189 5292 verba
3230 5238 3528 5308 prophetia:

1904 5376 1909 5379 η
1952 5319 2074 5376 libri
2099 5320 2303 5391 huius?
2344 5321 2451 5376 nisi
2487 5323 2613 5393 quia
2644 5325 2750 5394 piis
2787 5337 3119 5395 reserantur,
3164 5330 3346 5402 impiis
3373 5330 3533 5404 signo

1951 5410 2291 5477 clauduntur,
2335 5425 2512 5483 neque
2552 5415 2696 5470 enim
2720 5426 2942 5488 propter
2968 5418 3152 5476 ﬁdeles
3197 5428 3404 5489 servos,
3434 5422 3533 5480 sed

1949 5511 2167 5574 propter
2202 5502 2352 5563 fures
2374 5503 2577 5562 divitia;
2597 5507 2919 5578 sigillantur.
2969 5508 3122 5566 Unde
3147 5511 3217 5566 ad
3254 5512 3529 5570 Danielem

1898 5659 1903 5665 ,
1949 5593 2185 5651 dicitur:
2235 5592 2398 5664 Impie
2443 5605 2594 5665 agent
2632 5595 2829 5667 impii;
2874 5614 3029 5669 porro
3059 5601 3199 5657 docti
3243 5602 3526 5674 intelligat!
