4002 6186
414 308 543 360 ίυιῑι

1229 304 1287 357 Β.
1329 303 1390 358 F.
1432 296 1654 356 ALBlNl
1695 294 1824 353 SEU
1866 290 2139 351 ALCL'INI
2177 290 2458 349 OPERUM
2495 288 2671 346 PARS
2708 287 2769 344 ll.

3531 281 3666 337 {092

412 429 574 497 (Dan.
606 441 697 490 xu,
731 426 835 494 10).
889 422 1120 478 Dicendo
1150 431 1327 478 autem
1369 417 1700 489 signiﬁcavit,
1747 411 1984 467 ostendit
2011 414 2056 472 Α
2084 405 2469 497 beatitudinem
2510 402 2854 497 repromittit.
2904 398 3138 453 Dicendo
3171 404 3352 450 autem
3522 395 3671 497 legit,

411 532 518 570 non
558 514 710 584 juxta
753 513 986 567 litteram
1033 512 1204 581 accipi
1251 511 1468 574 debere,
1497 508 1593 562 sed
1634 507 1700 560 ad
1731 501 1984 574 mysteria

411 606 573 660 altius
621 603 1004 673 perscrutanda
1055 601 1462 672 significationis
1509 597 1674 652 verbo
1717 609 1817 650 nos
1859 592 1989 647 fecit

413 697 665 751 intentos.
699 693 824 749 Haec
863 694 1026 764 igitur
1068 695 1204 749 visio
1243 709 1340 763 per
1366 691 1612 761 angelum
1658 689 1842 742 missa!
1861 692 1984 749 est;

411 785 505 839 sed
532 772 1028 853 incircumscriptus
1071 784 1314 853 spiritus,
1359 781 1450 851 qui
1488 781 1629 835 hanc
1651 777 1822 840 misit,
1851 774 1984 828 etin

411 890 476 930 eo
507 875 608 929 fuit
628 890 723 944 per
745 890 904 944 quem
943 875 1111 940 misit,
1137 882 1192 929 et
1219 876 1272 929 in
1303 891 1368 930 eo
1393 874 1475 928 cui
1508 871 1675 928 misit.
1712 869 1856 922 Idem
1887 882 1986 920 au-

413 972 521 1018 tem
548 964 768 1034 angelus
793 965 880 1032 qui
906 965 1148 1034 apparuit
1183 964 1349 1018 solius
1379 962 1641 1017 incarnati
1666 959 1826 1014 Verbi
1856 959 1990 1026 ﬁgu-

414 1068 530 1106 ram
556 1053 741 1124 gessit,
770 1052 990 1122 ejusque
1013 1053 1278 1122 corporis,
1305 1051 1450 1120 quod
1471 1059 1555 1105 est
1580 1049 1840 1104 Ecclesia.
1871 1046 1989 1116 ipse

412 1144 579 1198 etiam
617 1142 871 1210 Joannes,
907 1145 992 1198 cui
1038 1146 1307 1214 apparuit,
1347 1143 1601 1198 Ecclesiae
1641 1151 1825 1211 typum
1853 1155 1990 1210 prte-

413 1233 600 1287 tendit.
631 1233 746 1288 Non
777 1244 956 1288 autem
985 1235 1117 1288 duas
1155 1234 1423 1288 Ecclesias
1459 1233 1704 1303 angelum
1735 1239 1788 1285 et
1829 1229 1991 1284 Joan-

415 1339 540 1378 nem
567 1326 941 1394 praeﬁgurasse
979 1324 1304 1379 credendum
1332 1331 1414 1377 est
1439 1339 1453 1388 ;
1502 1323 1594 1376 sed
1622 1336 1744 1376 cum
1770 1320 1989 1390 angelus

414 1420 598 1483 typum
642 1421 786 1468 tenet
821 1413 1034 1482 capitis,
1085 1412 1320 1467 Joannes
1361 1412 1772 1482 praedicatorum
1805 1427 1819 1475 ;
1865 1424 1990 1464 cum

413 1505 635 1576 angelus
662 1506 1095 1574 praedicatorum,
1130 1504 1362 1559 Joannes
1405 1504 1748 1570 auditorum;
1790 1510 1991 1557 etcum

412 1609 510 1665 per
536 1594 781 1664 angelum
807 1592 1167 1663 prmcedentia
1196 1593 1462 1656 membra,
1485 1606 1583 1661 per
1608 1590 1873 1646 Joannem
1904 1605 1991 1645 se-

413 1684 632 1754 quentia
659 1684 1042 1750 designantur;
1077 1683 1190 1737 sive
1228 1682 1281 1735 in
1313 1681 1501 1750 angelo
1530 1680 1770 1735 Ecclesia
1797 1678 1994 1734 intelli-

2085 505 2134 550 et
2181 496 2274 564 qui
2300 494 2542 557 audiunt,
2581 492 2858 547 doctorum
2903 503 3184 559 personam
3229 495 3284 540 et
3328 485 3668 540 audientium

2086 585 2490 642 demonstravit.
2523 583 2675 651 Quod
2706 598 2834 638 vero
2861 581 3130 645 subditur,
3176 589 3224 632 et
3253 587 3466 632 servant
3487 593 3574 642 ea,
3599 576 3670 630 ad

2085 691 2342 751 utrosque
2369 682 2623 752 pertinet,
2654 679 2780 749 quia
2807 693 2914 732 non
2938 677 3212 731 auditores
3236 674 3368 745 legis
3385 672 3518 743 justi
3535 678 3672 728 sunt

2087 773 2226 842 apud
2251 772 2442 837 Deum,
2471 771 2565 826 sed
2597 769 2830 824 factores
2853 767 2988 838 legis
3021 764 3479 837 justiﬁeabuntnr.
3509 761 3578 817 Et
3601 769 3670 816 ut

2087 865 2154 918 ad
2199 866 2316 919 haec
2359 861 2695 919 observanda
2741 870 3096 930 utrorumque
3143 857 3350 912 animos
3393 855 3669 933 incitam,

2088 954 2350 1022 subjecit:
2406 962 2604 1024 tempus
2651 952 2786 1006 enim
2828 966 2988 1022 prope
3033 958 3150 1015 est;
3202 947 3409 1004 scilicet
3455 961 3563 1016 quo
3583 955 3669 1009 ve]

2085 1043 2217 1114 justi
2243 1052 2365 1114 post
2384 1043 2781 1099 observantiam
2831 1041 3205 1096 mandatorum
3232 1045 3670 1104 remunerentur.

2090 1137 2174 1191 vel
2213 1135 2392 1204 iniusti
2427 1143 2550 1206 post
2588 1134 2968 1206 negligentiam
2999 1133 3310 1204 puniantur.

2161 1227 2322 1281 Vsus.
2346 1227 2400 1279 4.
2419 1256 2490 1266 -
2515 1225 2748 1280 Joannes
2792 1235 2982 1296 septem
3012 1223 3255 1278 Ecclesiis
3285 1240 3404 1295 quae
3449 1233 3573 1279 sunt
3616 1225 3672 1278 in

2091 1316 2236 1370 Asia.
2261 1316 2366 1371 Per
2387 1316 2748 1386 septenarium
2777 1330 3062 1370 numerum
3085 1314 3406 1369 universalis
3429 1313 3674 1370 Ecclesia

2089 1393 2430 1477 exprimitur,
2465 1414 2683 1477 propter
2728 1414 2932 1475 septem
2967 1405 3105 1460 dona
3143 1404 3286 1458 illius
3311 1405 3402 1474 qui
3445 1404 3677 1476 replevit

2090 1499 2278 1553 orbem
2303 1507 2587 1552 terrarum.
2632 1497 2768 1552 Hinc
2810 1496 3018 1551 Eliseus
3053 1496 3247 1565 septies
3270 1511 3499 1565 puerum
3527 1497 3676 1551 osci-

2093 1599 2210 1645 tare
2256 1589 2382 1644 fecit
2429 1604 2591 1660 super
2635 1603 2795 1659 quem
2836 1587 3099 1652 incubuit,
3143 1587 3396 1656 quoniam
3443 1586 3681 1656 populus

2094 1684 2407 1739 inﬁdelitate
2434 1690 2699 1747 mortuus,
2728 1696 2824 1752 per
2849 1692 3056 1752 septem
3079 1680 3214 1734 dona
3238 1679 3409 1734 sancti
3436 1676 3680 1748 Spiritus

415 1773 559 1842 gitur
576 1781 696 1841 post
715 1773 1163 1827 resurrectionem
1189 1770 1486 1839 gloriﬁcata
1513 1787 1526 1836 ;
1558 1771 1611 1824 in
1642 1769 1845 1824 Joanne
1864 1783 1994 1823 vero
2026 1774 2070 1834 B
2096 1774 2419 1828 vivilicatur.
2471 1771 2818 1842 Septenarius
2868 1771 3050 1840 itaque
3093 1783 3347 1822 numerus
3400 1766 3681 1837 perfectus

413 1875 651 1929 praesens
697 1860 989 1916 erudienda
1033 1877 1063 1914 a
1113 1860 1346 1915 Christo.
1404 1861 1667 1915 Pratterea
1719 1859 1994 1914 sciendum

415 1950 540 2020 quia
567 1951 646 2005 sic
668 1951 924 2006 Dominus
944 1958 1066 2019 post
1095 1950 1465 2005 ascensionem
1493 1957 1715 2018 apparet
1740 1948 1997 2018 quemad-

415 2040 634 2094 modum
667 2047 792 2094 ante
815 2040 1238 2093 incarnationem
1261 2040 1508 2107 patribus
1533 2038 1802 2108 apparuit,
1828 2037 1883 2091 id
1912 2045 1998 2092 est

415 2145 512 2199 per
559 2129 857 2199 angelicam
906 2137 1232 2184 creaturam.
1287 2129 1344 2182 ln
1392 2145 1499 2197 quo
1548 2128 1692 2183 facto
1745 2135 1997 2197 patenter

415 2219 672 2282 ostendit,
701 2232 809 2272 non
839 2232 898 2271 se
925 2217 1276 2286 corporaliter
1300 2232 1442 2270 nunc
1467 2217 1535 2271 ad
1580 2217 1880 2271 docendum
1910 2229 1998 2270 re-

416 2308 557 2377 quiri
589 2307 806 2372 debere,
827 2307 926 2376 qui
954 2307 1154 2376 ubique
1182 2320 1423 2376 praesens
1448 2313 1533 2360 est
1553 2305 1831 2374 majestate
1855 2324 1868 2357 :
1896 2319 1998 2360 nec

415 2398 562 2452 enim
607 2396 1024 2451 existimandum
1069 2403 1172 2460 est,
1221 2395 1611 2449 humanitatem
1659 2410 1726 2449 ex
1779 2394 1997 2464 Virgine

416 2496 684 2558 sumptam
720 2486 884 2542 fuisse
907 2487 962 2540 in
1003 2486 1232 2556 angelo;
1281 2485 1376 2539 sed
1403 2484 1548 2539 illius
1575 2483 1801 2554 ﬁguram
1831 2499 1992 2554 ange-

416 2578 526 2632 lum
555 2576 910 2646 expres-isse.
933 2573 1078 2629 Nihil
1102 2575 1264 2628 etiam
1287 2574 1483 2628 mirum
1510 2574 1653 2643 quod
1673 2572 1864 2628 similis
1874 2571 1997 2628 .ﬁlio

417 2666 652 2722 hominis
680 2675 924 2731 vocatur,
957 2679 1078 2720 cum
1103 2662 1290 2718 Daniel
1329 2662 1590 2734 propheta
1612 2661 1862 2733 angelum
1891 2660 1996 2716 Ga-

417 2756 557 2813 briel
601 2757 778 2811 virum
827 2755 1138 2810 nominasse
1168 2753 1500 2824 perhibetur.
1551 2751 1641 2808 Sic
1680 2761 1860 2807 autem
1898 2765 1998 2822 per

417 2847 561 2902 hunc
580 2845 825 2916 angelum
846 2846 1042 2901 dicitur
1065 2860 1079 2899 :
1106 2845 1219 2915 Ego
1239 2861 1356 2899 sum
1379 2845 1576 2915 primus
1593 2854 1643 2898 et
1667 2844 1994 2907 novissimus,

417 2949 474 2996 et
503 2940 727 3008 reliqua.
768 2937 1227 3004 Quemadmodum
1255 2946 1379 2991 ante
1408 2936 1829 2991 incarnationem
1854 2936 1996 2991 Deus

417 3031 474 3086 in
520 3037 792 3098 assumpta
837 3028 1010 3098 angeli
1047 3043 1274 3097 persona
1320 3029 1497 3083 dicit:
1542 3028 1654 3099 Ego
1700 3043 1817 3084 sum
1855 3028 1996 3084 Deus

2095 1871 2198 1928 est,
2225 1863 2316 1932 qui
2343 1877 2374 1916 a
2405 1861 2642 1918 ternario
2671 1867 2725 1915 et
2766 1857 3109 1930 quaternario
3151 1858 3456 1922 formatur;
3487 1863 3678 1911 tema-

2095 1955 2208 2010 rius
2233 1968 2464 2023 namque
2488 1955 2544 2008 in
2571 1953 2767 2008 divinis
2813 1950 3109 2020 Scripturis
3149 1949 3420 2020 perfectus
3443 1949 3681 2003 habetur

2093 2052 2312 2116 propter
2338 2043 2651 2114 mysterium
2680 2041 2960 2096 Trinitatis
2985 2057 2999 2106 ;
3031 2040 3142 2095 sive
3178 2049 3394 2110 propter
3421 2047 3533 2094 tres
3561 2039 3678 2093 vir-

2094 2146 2259 2202 tutes,
2291 2135 2476 2200 ﬁdem,
2502 2150 2653 2204 spem
2681 2141 2735 2188 et
2763 2131 3077 2188 charitatem
3102 2148 3117 2197 ;
3164 2131 3278 2186 sive
3313 2140 3533 2200 propter
3556 2139 3676 2186 tres

2093 2225 2310 2282 ordines
2360 2225 2620 2290 ﬁdelium,
2672 2223 3108 2294 praedicatorum,
3158 2221 3564 2286 abstinentium,
3614 2229 3676 2275 et

2095 2319 2521 2389 coniugatorum.
2559 2314 2943 2382 Quaternarius
2982 2328 3110 2370 vero
3145 2312 3410 2383 perfectus
3433 2321 3515 2368 est
3539 2327 3679 2382 pro-

2094 2415 2214 2477 pter
2249 2405 2432 2460 mundi
2457 2412 2657 2476 partes,
2687 2405 2800 2460 sive
2841 2412 3062 2475 propter
3088 2411 3316 2473 quatuor
3343 2400 3678 2472 principales

2094 2501 2342 2564 virtutes,
2373 2498 2426 2556 id
2469 2507 2551 2553 est
2575 2498 2937 2569 prudentiam,
2983 2496 3412 2565 temperantiam,
3454 2493 3676 2549 fortitu»

2095 2591 2274 2647 dinem
2301 2598 2460 2667 atque
2494 2588 2796 2659 justitiam;
2840 2603 2933 2644 seu
2975 2596 3197 2659 propter
3225 2595 3456 2657 quatuor
3496 2586 3677 2640 Evan-

2095 2683 2354 2757 geliorum
2383 2683 2567 2738 libros.
2612 2681 2746 2749 Quia
2776 2681 2937 2753 igitur
2963 2679 3242 2734 Trinitatis
3269 2678 3505 2750 cognitio
3533 2692 3701 2750 qua-_

2096 2787 2219 2831 tuor
2252 2775 2374 2831 coeli
2418 2773 2668 2830 cardines
2711 2772 3150 2842 comprehendit;
3199 2771 3313 2824 sive
3360 2769 3485 2839 quia
3521 2781 3674 2841 spes,

2096 2867 2228 2923 ﬁdes
2259 2876 2313 2923 et
2336 2866 2572 2922 charitas
2598 2870 2828 2934 quatuor
2849 2860 3222 2933 principalium
3246 2859 3504 2914 virtutum
3527 2873 3677 2914 sum-

2096 2973 2239 3012 mam
2278 2956 2596 3027 perﬁciunt;
2644 2969 2736 3009 seu
2781 2953 2907 3024 quia
2939 2960 3046 3006 tres
3073 2951 3290 3006 ordines
3317 2949 3677 3014 credentium,

2095 3056 2324 3118 quatuor
2350 3046 2758 3115 Evangeliorum
2803 3044 3087 3114 prmeeptis
3129 3057 3188 3097 se
3222 3042 3480 3106 subdunt,
3527 3049 3678 3096 recte

418 3121 724 3213 Abraham,-
750 3125 804 3172 et
836 3128 1050 3213 uetera.
1099 3117 1250 3213 Sient
1287 3118 1457 3213 enim-
1477 3118 1687 3189 Moyses
1715 3135 1855 3213 cui}!
1896 3120 1990 3213 (Illi
2016 3106 2063 3169 α
2091 3106 2189 3213 per
2219 3142 2363 3197 hunc
2385 3136 2747 3209 septenarium
2772 3151 3053 3190 numerum
3083 3133 3405 3188 universalis
3431 3131 3673 3187 Ecclesia

417 3209 520 3264 sibi
548 3210 602 3262 in
646 3209 780 3263 rubo
805 3209 1070 3277 apparuit,
1102 3211 1260 3264 modo
1305 3209 1576 3280 angelum,
1608 3210 1765 3265 modo
1805 3211 1992 3266 Domi-

420 3313 548 3352 num
576 3307 772 3362 vocat;
799 3299 878 3353 sic
909 3297 1143 3356 Joannes
1186 3300 1323 3355 hanc
1363 3300 1744 3356 revelationem
1768 3302 1870 3356 sibi
1897 3317 1996 3372 per

419 3386 666 3455 angelum
695 3387 923 3457 missam
958 3387 1225 3456 perhibet,
1267 3396 1322 3443 et
1363 3389 1535 3459 ipsum
1565 3391 1621 3444 in
1661 3392 1916 3462 mysterio
1939 3399 1996 3447 et

419 3479 590 3549 ﬁgura
630 3478 914 3532 Dominum
947 3476 1131 3532 Jesum
1171 3477 1447 3533 Christum
1488 3479 1655 3535 fuisse
1690 3481 1991 3536 conﬁrmat.

419 3568 604 3638 itaque
628 3576 682 3624 et
724 3566 887 3624 Paulo
932 3568 1189 3624 Dominus
1216 3569 1272 3622 in
1308 3569 1392 3624 via
1431 3584 1528 3639 per
1557 3571 1806 3640 angelum
1833 3587 1994 3642 appa-

419 3661 563 3725 ruit;
611 3661 734 3730 quia
760 3659 804 3715 si
851 3660 904 3714 in
930 3660 1161 3729 propria:
1185 3660 1366 3715 carnis
1395 3661 1700 3716 substantia
1733 3677 1996 3732 apparere

421 3750 716 3814 debuisset,
760 3749 972 3815 Joanni,
1011 3765 1172 3820 quem
1221 3751 1526 3822 specialiter
1581 3753 1790 3819 dilexit,
1833 3769 1995 3824 appa-

423 3847 588 3895 reret.
620 3839 689 3893 Et
711 3839 1006 3894 notandum
1045 3839 1174 3909 quia
1203 3856 1355 3896 more
1397 3841 1622 3896 aliorum
1661 3841 1895 3900 Joannes
1930 3845 1998 3900 de

422 3945 482 3986 se
505 3930 660 4000 quasi
689 3931 754 3986 de
780 3929 885 3984 alio
928 3930 1183 4001 loquitur.
1229 3932 1440 4003 Moyses
1483 3935 1678 4006 quippe
1720 3936 1833 3990 ait:
1865 3936 1998 3991 Erat

426 4021 632 4093 Moyses
657 4023 734 4077 vir
759 4023 1062 4078 mitissimus
1085 4023 1274 4094 (Num.
1299 4040 1400 4091 xu,
1417 4024 1495 4095 5).
1520 4026 1590 4080 Et
1613 4025 1743 4082 Job:
1771 4026 1862 4081 Vir
1885 4037 1999 4082 erat

422 4113 479 4166 in
502 4121 642 4166 terra
663 4111 782 4168 Ilus
810 4113 1016 4166 nomine
1051 4112 1152 4166 Job
1193 4111 1335 4184 (Job.
1369 4129 1410 4179 ι,
1437 4114 1514 4185 1),
1544 4123 1600 4170 et
1637 4125 1850 4171 caetera.
1882 4118 1999 4173 Non

423 4207 568 4261 enim
594 4206 695 4275 ipsi
723 4221 754 4260 a
787 4219 867 4271 se,
898 4205 993 4260 sed
1035 4203 1266 4274 Spiritus
1308 4214 1527 4261 sanctus
1563 4223 1660 4278 per
1689 4223 1784 4264 eos
1816 4210 1998 4280 loque-

426 4299 605 4353 bazur.

498 4400 660 4454 Vens.
690 4398 744 4453 2.
776 4429 847 4438 —
873 4397 976 4464 Qui
1012 4398 1359 4454 testimonium
1387 4401 1640 4470 perhibuit
1681 4401 1843 4457 Verbo
1882 4404 1999 4472 Dei,

2095 3234 2375 3304 ﬁguratur.
2403 3230 2654 3284 Attamen
2681 3226 2957 3282 sciendum
2986 3225 3111 3296 quia
3136 3224 3442 3296 specialiter
3463 3223 3530 3279 ad
3554 3237 3675 3292 sep-

2094 3333 2203 3380 tem
2225 3322 2580 3392 Ephesiorum
2603 3318 2872 3374 Ecclesias
2893 3318 3008 3374 haec
3036 3323 3370 3372 sacramenta
3400 3315 3466 3370 de
3484 3314 3676 3369 exsilio

2094 3417 2294 3486 scripta
2323 3413 2616 3470 mandavit.
2664 3411 2779 3466 Non
2826 3425 2956 3482 ergo
2992 3409 3200 3481 species
3227 3407 3552 3471 excluditur,
3584 3405 3679 3462 sed

2096 3508 2151 3562 in
2187 3506 2367 3576 specie
2410 3519 2600 3575 genus,
2632 3503 2684 3557 id
2722 3511 2804 3558 est
2851 3501 3169 3558 universalis
3211 3499 3455 3554 Ecclesia
3498 3506 3683 3553 osten-

2093 3599 2260 3662 ditur,
2287 3610 2407 3666 quae
2429 3596 2566 3650 bene
2588 3595 2642 3649 in
2674 3594 2802 3649 Asia
2825 3608 2944 3649 esse
2963 3593 3179 3648 dicitur.
3197 3591 3323 3646 Asia
3345 3592 3489 3646 enim
3509 3589 3675 3645 elatio

2096 3688 2498 3757 interpretatur.
2526 3684 2701 3740 Elatio
2713 3692 2889 3739 autem
2912 3699 3017 3738 non
3031 3698 3242 3760 semper
3261 3698 3358 3752 pro
3373 3682 3504 3737 vitio
3523 3683 3683 3752 poni-

2095 3787 2201 3843 tur,
2217 3777 2309 3833 sed
2325 3773 2610 3844 aliquando
2619 3789 2718 3846 pro
2729 3775 2962 3830 culmine
2973 3773 3207 3836 virtutis,
3221 3780 3277 3826 ut
3294 3771 3420 3826 illud
3434 3792 3448 3826 :
3466 3769 3679 3826 Ponant

2095 3875 2143 3922 te
2155 3868 2208 3922 in
2222 3867 2514 3938 superbiam
2534 3863 2845 3920 seculorum
2876 3863 3010 3937 (Isa.
3039 3882 3129 3932 ιι,
3148 3865 3249 3937 15).
3272 3862 3326 3918 ld
3346 3872 3446 3928 est,
3469 3863 3686 3918 faciam

2097 3969 2157 4015 ut
2179 3959 2478 4029 voluptates
2498 3972 2687 4014 omnes
2705 3964 2762 4014 et
2789 3957 3000 4012 inﬁmos
3026 3957 3256 4012 honores
3278 3954 3557 4024 despicias.
3601 3955 3679 4010 Et

2097 4053 2223 4108 alibi
2250 4067 2264 4106 :
2295 4050 2514 4106 Sustulit
2541 4060 2588 4105 te
2611 4067 2766 4122 super
2792 4049 3121 4105 altitudinem
3142 4058 3315 4102 terrm.
3363 4046 3424 4102 1n
3452 4046 3557 4103 hac
3579 4046 3689 4118 igi-

2100 4151 2190 4196 tur
2230 4142 2476 4196 elationis
2516 4140 2832 4196 celsitudine
2876 4138 3124 4194 consistit
3169 4137 3430 4192 Ecclesia.
3484 4135 3679 4200 Aliter,

2100 4236 2144 4290 si
2173 4235 2332 4289 elatio
2356 4249 2454 4304 pro
2483 4233 2612 4287 vitio
2639 4231 2876 4302 ponitur,
2906 4246 3013 4285 non
3039 4229 3410 4298 accipiendum
3430 4235 3516 4282 est
3536 4227 3679 4296 quod

2101 4333 2288 4382 sancta
2317 4323 2555 4380 Ecclesia
2585 4321 2722 4378 elata
2746 4328 3082 4391 permaneat,
3113 4319 3204 4374 scd
3234 4319 3359 4388 quia
3393 4317 3593 4372 dudum
3622 4316 3679 4371 in

2102 4417 2349 4474 elationis
2369 4413 2505 4470 fastu
2532 4422 2734 4479 erecta,
2759 4412 2975 4467 humilis
2999 4410 3179 4465 futura
3201 4424 3432 4478 superno
3459 4423 3684 4464 munere

425 4497 473 4542 et
493 4489 843 4542 testimonium
863 4487 990 4542 Jesu
1013 4487 1204 4543 Christi
1224 4465 1538 4562 quiscunque
1558 4493 1701 4548 vidit.
1724 4465 2002 4552 Perhibuit
2029 4465 2079 4526 υ
2993 4517 3005 4553 :
3044 4465 3296 4570 Nunquid
3329 4498 3590 4568 ingressus
3621 4512 3681 4551 es

428 4590 556 4636 tunc
588 4581 842 4646 Joannes,
871 4581 1114 4651 perhibet
1151 4596 1293 4635 nunc
1339 4582 1598 4651 Ecclesia,
1646 4588 1798 4658 cujus
1823 4589 1912 4643 ille
1940 4589 2000 4642 ﬁ-

427 4690 616 4744 guram
640 4675 881 4744 gerebat,
899 4691 1020 4730 cum
1045 4677 1184 4732 hanc
1204 4675 1560 4751 Apocalypsin
1577 4693 1842 4738 cerneret.
1865 4685 1997 4740 Ver-

427 4766 556 4822 bum
597 4774 774 4820 autem
823 4775 878 4822 et
913 4766 1096 4823 Jesum
1143 4770 1418 4828 Christum
1460 4774 1738 4844 distinguit
1783 4784 2000 4846 propter

427 4857 564 4912 duas
603 4855 806 4912 Christi
853 4859 1202 4926 substantias,
1251 4863 1344 4931 qui
1393 4863 1462 4918 de
1496 4871 1722 4934 utroque
1761 4865 1999 4921 testimo-

427 4947 578 5002 nium
605 4947 876 5018 perhibuit
913 4948 1136 5004 dicens:
1186 4949 1254 5004 In
1289 4953 1543 5024 principio
1587 4963 1697 5007 erat
1753 4952 1992 5009 Verbum.

427 5038 496 5093 Et
533 5038 698 5092 item:
755 5035 972 5091 Verbum
1012 5055 1134 5092 caro
1164 5039 1360 5110 factum
1399 5051 1494 5097 est.
1543 5041 1677 5097 Vidit
1719 5052 1899 5100 autem
1930 5047 1996 5101 ad

430 5138 718 5199 utrumque
765 5127 1014 5184 refertur.
1068 5131 1212 5187 Vidit
1259 5134 1418 5188 enim
1454 5135 1784 5203 spiritalibus
1832 5137 2000 5191 oculis

431 5219 688 5284 Verbum,
731 5222 1102 5290 corporalibus
1128 5238 1256 5280 vero
1294 5227 1474 5280 omnia
1499 5242 1617 5296 qua:
1653 5227 1720 5283 de
1757 5228 2004 5283 humani-

430 5319 542 5364 tate
567 5311 736 5380 ipsius
761 5321 1069 5368 narrantur.
1104 5313 1287 5384 (νεεδ.
1311 5314 1390 5389 5.)
1435 5315 1632 5372 Beatus
1651 5318 1758 5389 .qui
1801 5317 1922 5389 legit
1950 5329 2000 5372 et

430 5401 522 5468 qui
550 5401 772 5457 audiunt
796 5402 946 5458 verba
970 5404 1251 5474 prophetia:
1275 5405 1396 5460 libri
1416 5407 1592 5477 hujus,
1617 5419 1666 5462 et
1695 5416 1913 5463 servant
1938 5425 2000 5462 ea

431 5505 548 5560 qua
587 5492 640 5546 in
678 5509 740 5546 ea
767 5496 962 5565 scripta
995 5506 1134 5550 sunt.
1174 5495 1394 5566 Tempus
1435 5499 1572 5552 enim
1598 5515 1756 5570 prape
1780 5509 1874 5554 est.
1904 5498 2002 5554 Hic

433 5578 602 5633 claret
645 5591 844 5650 quanta
891 5585 963 5639 sit
996 5584 1154 5654 hujus
1199 5586 1322 5642 libri
1366 5589 1681 5652 auctoritas,
1729 5588 1818 5657 qui
1866 5589 2005 5642 inter

432 5683 619 5724 omnes
647 5673 952 5742 prophetias
985 5675 1199 5744 speciali
1249 5677 1478 5744 quodam
1520 5679 1678 5732 modo
1722 5676 2006 5748 sponsione

2103 4599 2374 4650 thesauros
2425 4593 2577 4658 nivis,
2630 4603 2719 4646 aut
2771 4591 3039 4646 thesauros
3086 4587 3355 4660 grandinis
3411 4587 3681 4657 aspeaisti,

2101 4703 2218 4758 qua:
2258 4684 2544 4756 pra-paravi
2573 4683 2630 4737 in
2670 4691 2868 4753 tempus
2906 4680 3087 4747 hostis,
3125 4679 3180 4733 in
3224 4679 3363 4734 diem
3405 4695 3592 4750 pugna:
3631 4689 3683 4732 et

2104 4775 2224 4832 belli
2253 4775 2395 4845 (Job.
2428 4789 2653 4840 xxxvm,
2682 4773 2774 4840 22,
2798 4772 2936 4843 ‘25)?

2173 4867 2332 4922 Vens.
2361 4865 2414 4920 5.
2437 4895 2508 4906 —-
2535 4862 2720 4919 Gratia
2766 4863 2904 4919 vobis
2935 4872 2983 4918 et
3030 4879 3136 4936 pax
3182 4862 3246 4917 ab
3271 4878 3330 4917 eo
3374 4863 3460 4934 qui
3501 4869 3601 4926 est,
3629 4872 3686 4915 et

2102 4958 2190 5029 qui
2219 4965 2352 5022 erat,
2389 4963 2437 5009 et
2473 4955 2563 5025 qui
2606 4962 2849 5008 venturus
2891 4962 2990 5019 est,
3019 4961 3067 5006 et
3101 4970 3132 5006 α
3169 4961 3362 5024 septem
3391 4947 3688 5020 spiritibus,

2103 5049 2266 5121 quiin
2301 5055 2574 5118 conspectu
2615 5046 2786 5100 throni
2813 5045 2928 5116 ejus
2969 5054 3113 5109 sunt,
3157 5054 3205 5098 et
3233 5061 3267 5098 α
3289 5042 3418 5098 Jesu
3451 5041 3685 5100 Christo.

2105 5138 2290 5193 Gratia
2317 5137 2515 5192 dicitur
2541 5135 2697 5190 venia
2723 5135 2890 5206 gratis
2915 5132 3132 5197 collata,
3168 5147 3272 5202 qua
3301 5131 3594 5203 infulgente
3617 5149 3689 5188 ex

2108 5227 2276 5282 servis
2302 5227 2507 5298 peccati
2537 5226 2592 5280 in
2617 5225 2755 5280 ﬁlios
2785 5223 3008 5294 iustitia:
3033 5223 3268 5293 adoptati
3299 5237 3504 5278 sumus.
3535 5221 3691 5277 lianc

2107 5319 2316 5377 Petrus.
2343 5319 2487 5374 hanc
2528 5317 2726 5373 Paulus
2769 5317 3020 5388 scripturi
3065 5315 3332 5378 ﬁdelibus,
3363 5313 3520 5368 titulo
3544 5313 3694 5369 salu-

2100 5408 2318 5464 tationis
2357 5407 2752 5478 prmmisernnt,
2778 5414 2836 5461 ut
2861 5406 3081 5477 populos
3107 5404 3289 5475 gratia:
3327 5403 3693 5467 exhortatnri,

2103 5511 2314 5552 omnem
2361 5496 2698 5551 salutationis
2729 5511 2992 5552 summam
3026 5496 3079 5548 in
3125 5495 3227 5548 hac
3255 5508 3377 5548 esse
3418 5502 3694 5547 monstra-

2105 5595 2259 5643 rent:
2305 5599 2360 5640 et
2388 5594 2508 5658 apte
2535 5590 2704 5659 gratia
2745 5589 2865 5659 paci
2903 5587 3208 5659 przefertur,
3252 5587 3376 5658 quia
3412 5585 3596 5642 nullus
3621 5587 3695 5640 ad

2106 5691 2290 5746 pacem
2343 5679 2431 5732 Dei
2465 5681 2840 5735 reconciliatus
2885 5681 3066 5734 venire
3113 5685 3344 5749 poterat,
3391 5677 3494 5732 nisi
3547 5677 3696 5733 hunc
