4010 6182
318 250 454 306 4095

1080 244 1486 302 IiXECli'I‘ICA.
1523 277 1591 286 »-
1631 244 1979 300 ΩΟΜΜΕΧΤ.
2025 245 2088 299 IN
2130 244 2416 300 APOCAL.
2460 277 2527 285 -—-
2564 243 2691 301 LIB.
2734 245 2773 299 I.

3428 219 3567 301 loss

311 364 481 435 gratia
509 363 887 418 misericordiae
929 363 1308 430 praecessisset.
1357 359 1506 426 Quod
1540 368 1718 414 autem
1753 361 1881 415 dicit
1910 366 1957 423 Α
1987 375 2138 430 reges
2177 370 2302 415 sunt
2339 372 2393 416 et
2441 363 2782 428 sacerdotes;
2835 369 2892 416 ut
2939 361 3066 416 illud
3117 361 3256 415 Petri
3290 361 3513 432 apostoli
3547 379 3560 417 :

313 457 378 511 ab
404 473 463 510 eo
489 457 576 527 qui
596 464 692 518 est,
716 463 763 507 et
802 454 890 523 qui
922 462 1032 506 erat
1042 493 1056 515 ,
1079 463 1126 506 et
1167 453 1256 522 qui
1283 461 1528 507 venturus
1551 461 1649 518 est,
1679 454 1884 521 specia—

313 548 435 603 liter
462 547 733 615 unigenito
781 545 874 600 Dei
906 544 1043 598 Filio
1086 545 1470 612 assignandum
1515 552 1615 599 est.
1660 543 1776 613 Ipse
1801 559 1884 600 es-

313 636 610 690 sentialiter
631 641 714 688 est
740 649 860 688 cum
881 633 1041 686 Patre
1069 641 1123 687 et
1152 632 1355 702 Spiritu
1398 641 1604 697 sancto,
1637 633 1723 685 cui
1763 648 1884 686 mu-

315 730 549 785 tabilitas
588 743 865 798 nunquam
896 728 1112 793 accidit,
1154 726 1310 795 juxta
1340 727 1470 782 illud
1516 728 1666 782 Pauli
1697 747 1710 782 :
1763 727 1887 781 Non

313 820 412 892 fuit
442 820 495 872 in
527 817 616 872 illo
637 827 711 872 est
737 826 785 872 et
811 833 951 882 non;
980 822 1068 872 sed
1091 827 1166 871 est
1187 819 1240 872 in
1265 817 1356 871 illo
1380 817 1479 887 fuit
1507 825 1624 872 erat
1651 816 1739 889 (II
1761 817 1884 871 Cor.

313 927 349 972 I,
381 908 490 980 18),
517 908 643 977 quia
669 915 792 961 ante
822 921 983 976 quam
1007 906 1074 960 de
1103 907 1308 977 virgine
1332 914 1644 960 nasceretur
1672 906 1725 960 in
1754 913 1888 960 tem-

312 1015 462 1071 pore,
488 1007 678 1055 cuncta
723 1014 842 1053 cum
884 997 1044 1051 Patre
1088 997 1514 1068 temporaJ‘ecit.
1563 997 1715 1052 Unde
1747 981 1888 1050 idem

310 1087 587 1145 Joannes:
637 1087 705 1141 In
756 1086 1011 1157 principio
1064 1095 1176 1140 erat
1236 1084 1479 1140 Verbum.
1531 1085 1676 1140 Idem
1725 1086 1890 1140 etiam

310 1189 572 1236 venturus
595 1187 678 1234 est
706 1178 760 1232 in
788 1185 1064 1246 assumpta
1093 1177 1430 1231 humanitate
1451 1177 1519 1231 ad
1541 1175 1889 1245 judicandum

311 1271 462 1327 vivos
506 1278 561 1326 et
604 1277 884 1330 mortuos;
932 1269 1073 1323 sicut
1114 1269 1372 1338 scriptum
1417 1276 1538 1324 est:
1593 1267 1682 1324 Sic
1729 1267 1891 1323 veniet

312 1359 743 1432 quemadmodum
785 1357 982 1412 vidistis
1022 1374 1140 1411 eum
1176 1367 1382 1412 euntem
1424 1358 1481 1412 in
1522 1357 1704 1412 coelum
1751 1358 1888 1430 (Act.

313 1471 348 1515 ι,
380 1452 489 1523 il).
538 1450 672 1506 Cum
698 1465 827 1520 ergo
864 1458 1071 1505 certum
1099 1451 1170 1505 sit
1194 1451 1318 1520 quia
1361 1450 1500 1506 hanc
1541 1451 1770 1522 gratiam
1796 1450 1894 1505 Ec-

312 1543 472 1599 clesia
503 1542 640 1597 sicut
665 1557 696 1596 a
725 1540 861 1596 Filio
888 1548 944 1595 et
967 1540 1172 1610 Spiritu
1199 1549 1407 1606 sancto,
1446 1541 1521 1596 ita
1545 1556 1576 1594 a
1601 1541 1762 1595 Patre
1786 1556 1893 1612 per

313 1634 505 1690 Filium
539 1640 596 1687 et
634 1631 893 1700 Spiritum
920 1639 1167 1700 sanctum
1207 1632 1497 1701 acceperit,
1527 1647 1625 1687 cur
1646 1632 1749 1687 hoc
1775 1630 1893 1686 loco

1996 447 2096 503 Vos
2117 466 2277 520 genus
2299 450 2515 504 electum
2544 451 2714 522 regale
2750 451 3098 506 sacerdotium
3129 451 3180 522 (Ι
3206 449 3351 508 Petr.
3397 468 3459 518 It,
3484 451 3564 523 9).

1990 541 2164 611 Reges
2187 550 2366 597 autem
2391 550 2536 608 sunt,
2559 543 2767 612 seipsos
2785 541 3019 614 regendo
3044 559 3057 608 ;
3088 543 3396 598 sacerdotes
3416 557 3570 609 vero,

1986 633 2095 686 Deo
2123 632 2433 698 offerendo;
2461 633 2613 702 juxta
2654 633 2820 688 illud:
2875 631 3099 687 Obsecro
3129 649 3216 686 vos
3254 649 3347 703 per
3373 632 3569 686 miseri-

1985 724 2217 776 cordiam
2245 724 2365 790 Dei,
2394 734 2450 777 ut
2491 725 2772 779 exhibeatis
2806 741 3024 796 corpora
3054 734 3218 779 vestra
3245 724 3468 778 hostiam
3498 723 3570 776 ei—
3652 753 3658 760 ι

1987 822 2200 866 ventem.
2249 814 2484 869 Dicendo
2512 815 2693 884 itaque
2734 815 2844 868 Deo
2889 823 2937 868 et
2988 811 3162 880 Patri,
3194 830 3356 868 unam
3385 829 3569 884 perso-

1987 917 2112 956 nam
2157 904 2428 968 ostendit;
2479 919 2784 974 quanquam
2833 904 3066 974 Spiritus
3115 913 3332 960 sanctus
3382 920 3574 961 secun—

1991 991 2118 1046 dum
2167 993 2479 1062 przedictam
2526 994 2766 1063 regulam
2814 994 2887 1048 ibi
2937 996 3284 1065 intelligatur,
3336 997 3476 1051 sicut
3518 1004 3575 1052 et

1987 1081 2260 1150 apostolus
2287 1083 2418 1137 dicit
2443 1100 2457 1135 :
2489 1082 2796 1136 Benedictus
2820 1083 2959 1138 Deus
2989 1094 3034 1138 et
3061 1083 3224 1138 Pater
3247 1085 3454 1139 Domini
3482 1104 3576 1140 no-

1987 1172 2084 1223 stri
2107 1171 2236 1225 Jesu
2259 1170 2454 1226 Christi
2477 1172 2527 1244 (I
2557 1172 2678 1227 Cor.
2703 1191 2743 1240 ι,
2766 1175 2821 1246 ’5)
2849 1192 2864 1240 ;
2889 1175 3058 1228 Deum
3085 1185 3139 1230 et
3163 1175 3378 1230 Patrem
3409 1191 3575 1231 unam

1987 1278 2274 1332 personam
2319 1266 2504 1320 volens
2548 1267 2807 1338 intelligi;
2855 1269 3079 1339 proinde
3127 1269 3410 1324 dicendum
3451 1279 3575 1327 est:

1990 1353 2103 1425 Ipsi
2126 1355 2292 1424 gloria
2318 1357 2372 1410 in
2395 1357 2586 1411 stecula
2612 1358 2942 1414 saeculorum.
2988 1359 3115 1429 Ipsi,
3145 1361 3195 1415 id
3225 1369 3307 1415 est
3328 1361 3417 1430 qui
3449 1360 3581 1418 fecit

1990 1459 2092 1499 nos
2128 1460 2280 1515 reges
2313 1455 2370 1500 et
2408 1448 2738 1512 sacerdotes,
2768 1448 2916 1503 Patri
2963 1449 3170 1504 scilicet
3195 1457 3250 1504 et
3293 1451 3450 1515 Filio,
3483 1451 3575 1506 ubi

1993 1535 2338 1607 intelligimus
2365 1540 2648 1593 amborum
2680 1539 3026 1602 charitatem,
3077 1555 3197 1608 qum
3230 1548 3313 1594 est
3343 1539 3577 1610 Spiritus

1994 1633 2246 1681 sanctus:
2289 1627 2527 1683 charitas
2571 1629 2713 1682 enim
2760 1628 2855 1683 Dei
2899 1627 3092 1684 diffusa
3119 1639 3202 1683 est
3245 1631 3298 1684 in
3327 1631 3580 1686 cordibus

313 1738 540 1794 persona
587 1722 765 1776 Patris
813 1721 1117 1778 reticetur?
1169 1721 1389 1776 Scilicet
1436 1721 1564 1792 quia
1614 1736 1892 1776 sacrarum
1925 1712 1968 1770 Β
1996 1719 2194 1772 nostris
2222 1735 2320 1789 per
2344 1719 2603 1789 Spiritum
2633 1730 2896 1776 sanctum.
2942 1719 3084 1776 Bene
3113 1731 3294 1777 autem
3322 1739 3426 1776 non
3453 1723 3579 1790 sibi,

317 1814 713 1882 Scripturarnm
745 1826 863 1867 mos
887 1820 991 1877 est,
1021 1821 1083 1868 ut
1109 1812 1200 1866 ubi
1238 1827 1343 1867 una
1372 1812 1458 1867 vel
1483 1813 1601 1867 dua:
1625 1812 1693 1868 de
1722 1812 1900 1867 Triui—

318 1914 423 1961 tate
467 1919 711 1976 personae
749 1911 1041 1974 ponuntur,
1082 1911 1193 1958 tota
1240 1904 1400 1960 simul
1430 1903 1665 1959 Trinitas
1703 1903 1900 1958 intelli-

316 2003 488 2064 gatur.
538 1994 582 2047 Α
626 2002 816 2064 septem
856 2007 986 2048 vero
1026 1993 1296 2063 spiritibus
1322 1993 1454 2048 dicit
1480 2002 1702 2064 propter
1738 1992 1901 2048 unius

316 2087 533 2156 spiritus
549 2085 906 2155 septenariam
925 2086 1322 2154 Operationem:
1349 2085 1436 2154 qui
1461 2084 1580 2138 ideo
1597 2084 1653 2138 in
1679 2099 1896 2153 conspe-

316 2186 400 2232 ctu
423 2178 616 2241 throni,
649 2177 702 2233 id
723 2185 807 2232 est
849 2176 1125 2242 Ecclesiae,
1154 2175 1259 2231 hoc
1282 2182 1366 2231 est
1393 2175 1449 2229 in
1475 2173 1735 2229 memoria
1775 2188 1900 2228 san-

316 2276 528 2324 ctorum
580 2267 726 2323 solus
775 2281 898 2322 esse
936 2265 1155 2326 dicitur.
1203 2264 1329 2335 quia
1373 2263 1548 2318 eidem
1594 2261 1902 2332 specialiter

316 2359 564 2416 remissio
607 2365 955 2427 peccatorum
992 2356 1335 2425 assignatur;
1379 2353 1533 2421 juxta
1579 2351 1752 2404 illud:
1799 2351 1900 2402 Ac-

315 2451 467 2522 cipite
498 2448 752 2519 Spiritum
784 2455 1055 2509 sanctum;
1085 2459 1308 2516 quorum
1335 2441 1636 2495 remiseritis
1662 2447 1898 2509 peccata,

315 2540 650 2594 remittuntur
690 2537 763 2590 eis
794 2533 975 2607 (Joan.
1003 2550 1096 2599 xx,
1119 2533 1206 2596 22,
1238 2532 1352 2602 25).
1386 2532 1482 2586 Vel
1517 2539 1664 2586 certe
1697 2531 1751 2584 in
1781 2529 1901 2600 Spi-

315 2631 422 2685 ritu
447 2637 559 2684 tota
586 2627 825 2682 Trinitas
850 2624 1183 2696 intelligitur.
1225 2623 1462 2678 Dicenda
1485 2630 1667 2676 autem
1693 2638 1725 2674 a
1769 2619 1899 2676 Jesu

316 2720 546 2785 Christo,
599 2719 718 2774 ideo
760 2716 883 2772 Filii
927 2730 1213 2787 personam
1250 2713 1467 2783 repetit,
1510 2712 1765 2782 quoniam
1807 2711 1900 2781 qui

315 2810 513 2865 dicitur
533 2816 651 2862 erat
677 2813 801 2861 ante
831 2804 1049 2870 sarcula,
1093 2804 1255 2860 homo
1282 2803 1459 2858 factus
1481 2809 1567 2857 est
1594 2801 1650 2856 in
1673 2799 1778 2856 ﬁne
1802 2816 1900 2856 sae-

315 2899 582 2955 culorum.

385 2987 489 3054 Qui
530 2997 605 3042 est
651 2987 795 3042 testis
842 2986 1012 3057 ﬁdelis
1055 2987 1428 3058 primogenitus
1469 2995 1900 3053 mortuorum-et

314 3077 548 3147 princeps
593 3092 770 3147 regum
815 3084 990 3130 teme.
1046 3074 1328 3130 Manifesto
1375 3090 1572 3146 genere
1615 3075 1904 3130 locutionis

315 3164 588 3220 Christum
616 3166 765 3231 dicit,
798 3165 1106 3235 specialiter
1147 3174 1340 3221 testem
1369 3165 1603 3232 ﬁdelem,
1638 3181 1761 3221 cum
1792 3175 1904 3222 tres

317 3258 427 3312 sint
452 3257 542 3328 qui
576 3257 941 3314 testimonium
969 3257 1115 3318 dant,
1169 3256 1349 3322 Pater,
1384 3265 1442 3312 et
1475 3257 1667 3323 Filius,
1697 3267 1754 3312 et
1781 3256 1902 3328 Spi-

317 3349 454 3403 ritus
481 3357 718 3415 sanctus,
751 3356 807 3403 et
831 3357 940 3402 tres
971 3362 1109 3402 unus
1153 3347 1294 3402 Deus
1317 3356 1462 3402 sunt.
1491 3346 1674 3404 Potest
1702 3356 1758 3402 et
1784 3363 1906 3418 spe-

319 3439 530 3499 cialiter
552 3439 720 3493 Filius
746 3441 800 3493 in
839 3445 1116 3508 assumpto
1143 3437 1360 3494 homine
1387 3437 1492 3492 dici
1517 3439 1672 3494 testis
1709 3437 1901 3504 ﬁdelis,

318 3544 385 3584 eo
414 3529 556 3600 quod
595 3544 695 3598 pro
724 3528 1032 3582 testimonio
1080 3527 1324 3582 veritatis
1352 3543 1524 3597 usque
1569 3528 1636 3583 ad
1673 3536 1902 3584 mortem

317 3621 624 3691 pervenerit
651 3619 852 3675 carnis.
899 3616 1035 3672 Nam
1073 3633 1190 3670 cum
1219 3618 1394 3673 omnis
1419 3617 1662 3696 Ecclesia
1699 3619 1754 3673 in
1781 3634 1906 3674 san-

319 3711 425 3766 ctis
466 3710 907 3780 praedicatoribus
956 3709 1323 3764 testimonium
1367 3708 1435 3764 de
1479 3709 1698 3766 Christo
1722 3711 1906 3780 perhi-

320 3804 466 3869 beat,
496 3803 570 3858 illi
599 3802 968 3873 principaliter
995 3809 1285 3871 martyres,
1325 3800 1382 3854 id
1409 3809 1494 3855 est
1513 3808 1700 3864 testes,
1721 3799 1908 3853 dicun-

322 3903 413 3950 tur
441 3895 533 3965 qui
578 3909 678 3964 pro
723 3893 941 3946 Christo
985 3899 1212 3944 mortem
1255 3887 1594 3958 pertulerunt
1638 3888 1902 3956 corporis.

319 3983 713 4054 Primogenitus
744 3991 928 4035 autem
972 3979 1092 4034 ideo
1119 3978 1337 4042 dicitur,
1385 3977 1512 4048 quia
1557 3977 1737 4034 nullus
1779 3987 1906 4034 ante

320 4076 496 4146 ipsum
525 4088 631 4128 non
661 4072 954 4126 moriturus
1002 4070 1257 4124 surrexit.
1308 4068 1481 4124 Aliter
1507 4085 1696 4125 omnes
1733 4070 1906 4125 sancti

319 4166 518 4222 mortui
549 4173 673 4220 sunt
694 4163 914 4228 mundo,
943 4170 1002 4216 ut
1023 4162 1152 4216 illud
1176 4179 1188 4216 :
1224 4159 1418 4216 Mortui
1441 4163 1588 4217 enim
1617 4163 1786 4228 estis;
1813 4163 1906 4217 sed

321 4260 422 4314 iste
444 4257 806 4326 singulariter,
837 4257 890 4310 in
922 4271 1029 4325 quo
1076 4255 1290 4310 nullum
1323 4255 1424 4310 fuit
1461 4263 1760 4326 peccatum.
1793 4256 1903 4310 Re-

321 4363 416 4420 ges
443 4362 592 4412 vero,
620 4355 714 4400 aut
743 4361 931 4400 omnes
975 4352 1193 4400 sanctos
1235 4344 1386 4410 dicit,
1416 4345 1508 4414 qui
1554 4360 1612 4400 se
1657 4345 1794 4400 bene
1822 4361 1906 4400 re-

321 4454 448 4511 gere
477 4434 741 4492 noverunt
765 4453 780 4501 ;
827 4443 920 4490 aut
945 4444 1093 4491 certe
1118 4436 1524 4505 praedicatores,
1551 4435 1642 4504 qui
1665 4434 1823 4491 bonis
1843 4451 1902 4490 se

321 4534 532 4589 sociant
558 4548 570 4596 ;
603 4531 694 4585 sed
718 4545 879 4602 super
908 4528 1076 4583 malos
1097 4529 1333 4600 erigunt,
1364 4529 1504 4584 sicut
1527 4527 1718 4583 Petrus
1742 4544 1905 4600 super

320 4623 602 4684 Ananiam,
633 4629 688 4676 et
724 4620 922 4674 Paulus
948 4627 1221 4688 sceptrum
1249 4619 1425 4673 vibrat
1457 4619 1680 4674 dicendo
1705 4637 1719 4672 :
1765 4619 1902 4684 Quid

321 4715 517 4769 vultis?
552 4702 625 4768 In.
648 4712 786 4784 virga
826 4712 1027 4766 veniam
1069 4711 1139 4764 ad
1186 4727 1270 4766 vos
1297 4711 1349 4782 (Ι
1377 4711 1594 4778 Cor.1v,
1624 4711 1737 4784 21).
1766 4712 1902 4778 Quia

321 4806 505 4863 dilexit
527 4823 640 4860 nos.
683 4803 962 4872 Quomodo
996 4817 1098 4858 nos
1129 4801 1400 4868 dilexerit,
1450 4803 1591 4857 mala
1635 4819 1754 4872 qua:
1784 4818 1906 4872 per-

323 4898 445 4953 tulit
473 4894 840 4952 manil'estant.
871 4893 989 4950 Non
1013 4901 1194 4949 autem
1243 4909 1342 4950 nos
1369 4895 1557 4964 quales
1581 4910 1800 4950 eramus
1825 4895 1906 4950 di-

320 4989 475 5056 lexit,
505 4990 557 5046 id
582 4999 666 5046 est
692 4993 921 5063 impios;
953 4994 1046 5050 sed
1071 4993 1257 5064 quales
1283 4993 1400 5063 ipso
1421 5007 1605 5048 amore
1627 5007 1726 5048 nos
1754 4991 1900 5047 fecit.

322 5078 475 5137 Unde
498 5081 752 5138 continuo
775 5085 1060 5139 subditur:
1107 5093 1159 5138 et
1198 5083 1320 5139 lavit
1361 5099 1452 5138 nos
1479 5100 1510 5136 α
1555 5083 1777 5151 peccatis
1813 5099 1907 5136 no-

317 5171 444 5224 stris
473 5172 532 5225 in
572 5173 826 5242 sanguine
853 5191 968 5227 suo.
1023 5175 1130 5231 Sed
1171 5191 1279 5245 quo
1325 5175 1513 5230 ordine
1553 5174 1607 5228 in
1645 5174 1907 5244 sanguine

318 5277 421 5318 suo
447 5277 547 5316 nos
576 5262 785 5328 laverit,
816 5263 1106 5334 Apostolus
1135 5267 1394 5322 indicavit
1414 5265 1635 5320 dicens:
1672 5263 1910 5327 Quicun-

317 5369 422 5423 que
457 5351 708 5423 baptizari
743 5371 924 5409 sumus
962 5356 1016 5410 in
1045 5355 1254 5411 Christo
1278 5357 1431 5424 Iesu,
1469 5359 1525 5412 in
1552 5365 1719 5411 morte
1745 5355 1909 5425 ipsius

318 5442 572 5512 baptizati
617 5461 794 5501 sumus
844 5445 1020 5518 (Rom.
1052 5463 1127 5513 vr,
1155 5447 1233 5518 3).
1263 5449 1446 5520 (Vens.
1471 5448 1552 5518 ϐ.)
1579 5448 1648 5502 Et
1676 5447 1798 5516 fecit
1824 5463 1909 5501 re-

316 5550 478 5604 gnum
508 5543 751 5591 nostrum
781 5537 1073 5592 sacerdotes
1099 5537 1208 5592 Deo
1249 5548 1298 5593 et
1338 5537 1490 5592 Patri
1513 5556 1630 5593 suo.
1665 5538 1798 5604 Quia
1824 5553 1912 5592 ca-

314 5633 416 5696 put
441 5634 681 5680 nostrum
716 5644 807 5683 rex
831 5638 914 5684 cst
939 5638 992 5686 ct
1011 5629 1284 5697 sacerdos,
1317 5630 1436 5685 ideo
1455 5631 1634 5686 omnia
1664 5627 1906 5686 membra

2000 1809 2092 1863 sed
2132 1810 2203 1876 ei,
2233 1825 2263 1864 a
2309 1825 2416 1880 quo
2441 1811 2669 1881 accepit,
2701 1826 2798 1882 pro
2834 1811 2919 1866 his
2960 1811 3201 1867 Ecclesia
3237 1813 3428 1867 tribuit
3468 1813 3582 1883 glo-

1999 1900 2175 1966 riam;
2218 1899 2371 1970 juxta
2410 1902 2580 1957 illud:
2617 1903 2740 1957 Non
2785 1903 2950 1970 nobis,
2983 1904 3226 1970 Domine,
3259 1922 3362 1959 non
3411 1906 3580 1971 nobis,

1998 1989 2088 2043 sed
2114 1991 2310 2044 nomini
2330 1999 2420 2045 tuo
2447 1991 2515 2044 da
2541 1991 2761 2062 gloriam
2798 1992 2967 2062 (Psal.
3005 2008 3154 2059 cxm,
3183 1993 3258 2063 1).

2071 2079 2232 2134 Vens.
2259 2080 2402 2133 7.—
2426 2079 2560 2133 Ecce
2589 2082 2722 2134 venit
2760 2097 2878 2134 cum
2922 2082 3162 2136 nubibus.
3211 2081 3268 2136 Si
3300 2080 3454 2150 juxta
3498 2083 3584 2136 lit-

2000 2179 2171 2224 teram
2202 2170 2583 2241 intelligamus,
2629 2171 2880 2226 veniente
2929 2171 3158 2226 Domino
3203 2173 3269 2227 ad
3296 2171 3580 2242 judicium,

1999 2261 2102 2315 erit
2129 2261 2301 2316 nubes
2339 2260 2590 2325 candida,
2621 2277 2740 2332 qua:
2777 2269 2992 2317 sanctos
3014 2261 3341 2318 obumbrans
3366 2263 3433 2320 ab
3461 2263 3587 2336 igne

1999 2349 2254 2403 saeculum
2306 2359 2580 2404 cremante
2622 2351 2890 2406 defendat.
2939 2353 3056 2408 Erit
3106 2353 3381 2420 terribilis,
3433 2355 3588 2427 cujus

1999 2433 2303 2507 fragoribus
2347 2439 2559 2506 reprobi
2598 2445 2932 2505 terreantur;
2972 2450 3211 2497 attamen
3237 2444 3292 2498 in
3317 2445 3418 2500 hac
3443 2445 3588 2518 Apo-

1999 2527 2198 2598 calypsi
2226 2542 2334 2582 non
2362 2527 2519 2583 facile
2557 2527 2714 2598 juxta
2758 2529 2994 2585 litteram
3037 2533 3313 2604 quippiam
3345 2537 3584 2591 sentien-

2000 2621 2126 2679 dum
2162 2628 2264 2676 est.
2311 2620 2499 2691 Itaque
2538 2620 2594 2674 in
2632 2635 2787 2676 sacro
2829 2622 3060 2692 eloquio,
3112 2639 3235 2679 cum
3270 2624 3463 2695 plurali
3491 2645 3591 2683 nu-

2002 2727 2155 2768 mero
2199 2713 2370 2768 nubes
2416 2721 2713 2783 ponuntur,
2755 2715 3136 2784 praedicatores
3188 2728 3403 2777 sanctos
3447 2721 3591 2777 desi-

2000 2810 2189 2870 gnant,
2220 2803 2313 2873 qui
2334 2811 2389 2858 et
2422 2803 2686 2858 munditia
2725 2804 2923 2860 mentis
2952 2805 3097 2861 leves
3125 2816 3276 2874 sunt,
3320 2816 3374 2863 et
3401 2810 3587 2880 praedi-

2001 2894 2274 2949 cationum
2311 2894 2480 2965 guttis
2520 2895 2683 2949 corda
2714 2895 3048 2951 audientium
3095 2897 3274 2968 rigare
3313 2915 3420 2954 non
3448 2900 3591 2956 desi-

2002 2990 2170 3037 stunt.
2217 2982 2354 3038 Cum
2377 2984 2464 3039 his
2504 2985 2668 3055 igitur
2695 2986 2929 3042 nubibus
2955 2986 3214 3044 Dominus
3239 2990 3305 3044 ad
3327 2988 3590 3059 judicium

1929 3056 1978 3121 C
2005 3074 2219 3140 veniet;
2259 3074 2414 3145 juxta
2443 3075 2572 3130 illud
2616 3078 2890 3147 prophetae
2919 3097 2930 3131 :
2977 3078 3117 3134 Ecce
3150 3079 3296 3135 venit
3328 3056 3587 3138 Dominus

2005 3167 2072 3222 ad
2091 3167 2356 3238 judicium
2379 3184 2501 3224 cum
2527 3170 2829 3226 senioribus
2855 3172 3037 3242 populi
3066 3171 3201 3246 (Isa.
3234 3189 3315 3239 ιιι,
3349 3173 3458 3245 15).
3509 3173 3586 3228 Et

2005 3257 2190 3313 videbit
2233 3276 2350 3313 eum
2388 3261 2555 3316 omnis
2597 3261 2804 3330 oculus,
2848 3273 2899 3318 et
2945 3265 3034 3336 qui
3077 3281 3195 3320 eum
3241 3277 3591 3338 pupugerunt.

2004 3347 2190 3404 Omnis
2217 3350 2407 3406 oculus
2432 3351 2672 3418 videbit;
2723 3353 2778 3407 id
2810 3362 2893 3409 est
2929 3355 3105 3410 omnis
3135 3355 3318 3420 homo,
3366 3371 3398 3408 a
3440 3366 3596 3426 parte

2005 3445 2199 3504 totum,
2233 3441 2325 3509 qui
2352 3449 2480 3497 tunc
2509 3443 2891 3509 resurrexerit,
2934 3444 3048 3499 sive
3075 3445 3143 3499 ad
3168 3443 3353 3508 vitam,
3384 3443 3497 3498 sive
3526 3445 3594 3498 ad

2003 3539 2234 3586 mortem
2263 3552 2274 3585 :
2313 3549 2421 3588 non
2448 3542 2628 3587 autem
2672 3534 3003 3599 animalium,
3043 3535 3237 3601 quibus
3265 3550 3369 3589 non
3397 3543 3482 3590 est
3505 3535 3598 3590 da-

2006 3628 2116 3674 tum
2143 3631 2266 3690 post
2295 3631 2523 3676 mortem
2554 3635 2858 3690 resurgere.
2909 3620 3120 3675 Videbit
3147 3636 3275 3677 vero
3299 3623 3476 3678 omnis
3503 3623 3598 3680 h0-

2004 3726 2095 3766 mo
2119 3712 2174 3764 in
2200 3710 2372 3763 forma
2417 3709 2580 3774 servi,
2630 3709 2683 3763 in
2716 3726 2820 3779 qua
2868 3710 2934 3765 ab
2979 3711 3157 3781 impiis
3189 3711 3461 3782 judicatus
3488 3722 3595 3781 est,

2005 3817 2114 3855 non
2155 3800 2211 3854 in
2244 3798 2416 3856 forma
2445 3799 2763 3864 divinitatis,
2813 3815 2930 3869 quin
2960 3801 3027 3856 ab
3063 3802 3245 3871 impiis
3280 3804 3450 3860 videri
3486 3821 3595 3862 non

2005 3899 2204 3962 potest.
2238 3891 2308 3946 Et
2351 3900 2478 3946 nota
2521 3891 2666 3962 quod
2713 3891 2852 3947 alter
2899 3891 3166 3961 interpres
3217 3894 3336 3949 ait:
3381 3897 3597 3953 Videbit

2005 3996 2129 4036 eum
2156 3983 2334 4037 omnis
2376 3991 2540 4049 terra,
2586 3985 2748 4040 talem
2795 4000 2856 4040 ac
2900 3985 2944 4038 si
2991 3985 3218 4051 diceret,
3259 3984 3469 4055 qualem
3507 3987 3595 4044 hic

2005 4079 2238 4148 positum
2267 4077 2419 4148 impii
2461 4076 2701 4133 futurum
2740 4095 2848 4133 non
2890 4079 3200 4135 credebant.
3252 4079 3323 4133 Et
3350 4079 3596 4151 plangent

2005 4186 2059 4223 se
2082 4184 2238 4239 super
2261 4185 2377 4221 eum
2406 4185 2584 4223 omnes
2613 4168 2776 4224 tribus
2806 4178 2978 4223 terrae.
3017 4167 3130 4224 Hoc
3154 4168 3272 4224 Ioco
3299 4171 3595 4225 notandum

2006 4259 2130 4327 quia
2155 4273 2280 4314 cum
2321 4259 2624 4330 adjectione
2663 4260 2739 4314 ait
2767 4259 2930 4313 tribus
2970 4268 3164 4313 terrae:
3211 4275 3275 4316 ac
3301 4259 3346 4314 si
3389 4261 3594 4316 diceret

2009 4357 2226 4405 terrena
2255 4350 2644 4413 desiderantes,
2677 4357 2732 4402 et
2773 4348 3014 4402 avaritia:
3058 4349 3353 4415 studentes,
3402 4350 3598 4419 quibus

1989 4441 2243 4497 dicitur:
2285 4440 2378 4495 Va:
2415 4440 2554 4495 vobis
2596 4439 2837 4493 divitibus
2867 4437 3020 4509 (Luc.
3048 4455 3126 4503 v1,
3167 4439 3296 4510 24);
3345 4448 3401 4496 et
3442 4441 3516 4495 ite
3541 4459 3596 4507 τι,

2021 4530 2110 4586 Vw
2137 4532 2277 4586 vobis
2323 4531 2413 4602 qui
2442 4531 2620 4585 ridetis
2657 4527 2840 4602 (lbid.,
2868 4547 2998 4584 vers.
3027 4529 3141 4602 25).
3197 4529 3328 4598 Qua:
3367 4547 3500 4588 vero
3530 4533 3600 4586 sit

2011 4638 2171 4677 causa
2201 4621 2422 4688 doloris,
2450 4621 2691 4691 aperitur
2713 4636 2832 4675 cum
2861 4621 3079 4686 dicitur,
3105 4636 3262 4691 super
3285 4639 3424 4676 eum.
3463 4621 3597 4682 Nam

2008 4713 2111 4767 etsi
2137 4711 2428 4767 multarum
2451 4712 2795 4767 miseriarum
2823 4712 2896 4767 ibi
2920 4711 3098 4767 luctus
3124 4713 3250 4779 erit,
3281 4714 3346 4768 ad
3385 4729 3600 4784 compa-

2013 4805 2278 4860 rationem
2329 4814 2504 4859 tamen
2542 4801 2699 4858 ﬂetus
2739 4818 2804 4858 ex
2836 4803 3046 4858 visione
3085 4803 3347 4858 claritatis
3395 4802 3597 4859 Christi

2011 4896 2192 4952 nullus
2216 4897 2357 4962 erit;
2391 4895 2564 4966 magis
2601 4894 2744 4949 enim
2780 4902 2911 4948 tunc
2937 4894 3190 4950 dolebunt
3233 4893 3473 4950 infelices
3502 4909 3600 4965 pro

2011 5003 2078 5043 eo
2103 4990 2243 5058 quod
2277 4989 2436 5043 talem
2463 4986 2811 5056 perdiderunt
2840 4987 3146 5052 Dominum,
3178 5001 3338 5057 quam
3369 4988 3512 5057 quod
3545 4987 3598 5042 in

2011 5080 2409 5136 atrocissimum
2445 5079 2751 5133 inciderunt
2782 5086 3146 5143 tormentum;
3180 5078 3274 5134 sed
3314 5092 3440 5133 ecce
3477 5094 3599 5133 cum

2013 5170 2422 5240 interpositione
2441 5168 2735 5238 juramenti
2761 5184 2880 5240 qua:
2900 5168 3042 5225 dicta
3071 5177 3196 5225 sunt
3222 5168 3453 5224 allirmat
3477 5185 3598 5224 cum

2013 5259 2231 5315 subdit:
2260 5259 2453 5313 etiam:
2492 5275 2666 5314 amen.
2700 5258 2851 5326 Quod
2878 5261 3020 5330 apud
3057 5260 3280 5315 Latinos
3316 5267 3400 5314 est
3419 5260 3595 5324 etiam,

2013 5352 2118 5406 hoc
2151 5351 2293 5420 apud
2322 5349 2577 5405 Hebraos
2609 5366 2783 5405 amen.
2836 5350 3138 5420 Utrumque
3184 5360 3364 5406 autem
3409 5349 3602 5406 advers

2011 5442 2158 5498 bium
2188 5450 2270 5497 est
2295 5440 2598 5498 aliirmandi
2626 5461 2639 5497 :
2680 5443 2759 5497 ait
2789 5457 2918 5513 ergo
2940 5443 3097 5497 etiam
3141 5459 3314 5510 amen,
3342 5458 3403 5498 ac
3429 5443 3474 5499 si
3521 5443 3604 5499 in-

2010 5533 2330 5604 geminando
2353 5535 2577 5600 diceret,
2598 5549 2788 5590 verum
2814 5543 2916 5600 est,
2931 5549 3117 5590 verum
3140 5543 3241 5591 est.

2081 5625 2242 5682 Vsus.
2269 5624 2322 5680 8.
2346 5656 2416 5666 -—
2442 5625 2554 5695 Ego
2593 5642 2710 5681 sum
2752 5649 2786 5683 α
2824 5635 2874 5682 et
2911 5650 2971 5691 ω,
3013 5627 3323 5698 principium
3366 5635 3413 5681 el
3451 5624 3599 5693 ﬁnis.
