4010 6182
439 282 462 337 1
472 278 577 337 095

1307 272 1368 326 Β.
1406 270 1468 325 F.
1508 266 1731 324 ALBINI
1769 265 1902 324 εει]
1937 263 2214 323 ALCUINI
2250 260 2537 322 OPERUM
2572 260 2753 318 PARS
2789 260 2852 316 ll.

3560 263 3704 321 ιωσ

436 392 564 449 dicit
614 390 870 446 Dominus
920 387 1057 442 Deus
1082 385 1168 458 qui
1200 393 1294 451 est,
1321 393 1369 438 et
1394 384 1485 455 qui
1514 392 1644 449 erat,
1686 392 1734 438 et
1767 383 1856 453 qui
1890 398 2012 438 ren-
2046 389 2088 442 Α
2117 380 2243 434 dum
2272 377 2399 448 quia
2427 376 2569 432 sicut
2591 374 2828 431 Joannes
2848 375 2901 430 in
2932 374 3123 445 spiritu
3148 374 3353 431 audivit
3371 416 3386 440 ,
3409 376 3483 431 ita
3505 392 3612 432 vox
3638 378 3713 435 ad

436 493 590 540 turus
621 494 716 539 est.
760 480 994 536 Dicendo
1026 496 1164 543 sum,
1205 486 1390 550 aperte
1438 478 1677 533 insinuat
1708 478 1835 545 quia
1874 474 2017 529 Deus

434 588 537 645 per
563 589 621 630 se
646 570 983 641 loquebatur.
1017 568 1170 625 Unde
1208 565 1538 637 Apostolus:
1582 564 1663 617 An
1691 563 2016 632 experimen-

434 673 550 719 tum
572 664 805 734 quaeritis
834 660 946 732 ejus
972 660 1060 732 qui
1085 660 1139 713 in
1160 675 1240 711 me
1261 657 1491 729 loquitur
1520 654 1754 709 Christus
1785 651 1868 724 (II
1893 649 2015 705 Cor.

438 771 557 820 xm,
588 754 683 826 5)?
725 753 794 808 Et
840 752 1046 807 David:
1097 749 1358 804 Attendite
1401 744 1623 817 populus
1667 760 1810 814 meus
1857 742 2031 813 legem,

438 860 605 899 meam
648 842 819 913 (Psal.
848 858 1055 906 Lxxvu,
1086 841 1177 912 l);
1233 854 1354 894 cum
1401 850 1499 892 nec
1537 834 1762 905 populus
1808 848 1907 887 nec
1933 832 2021 887 lex

440 936 603 991 David
632 934 810 991 fuerit.
835 932 949 988 Hoc
976 940 1157 988 autem
1181 931 1455 1001 signiﬁcat
1477 951 1510 983 α
1537 936 1591 981 ει
1616 951 1678 992 ω,
1710 924 1852 994 quod
1874 924 2021 992 prin-

428 1026 633 1098 cipium
659 1036 713 1081 et
742 1025 883 1080 ﬁnis.
930 1023 1066 1078 Nam
1105 1046 1139 1078 α
1165 1022 1303 1091 apud
1344 1020 1563 1075 Grmcos
1591 1016 1917 1087 principium
1940 1020 2026 1069 est

434 1116 864 1182 elementorum;
915 1140 955 1170 ω
985 1132 1112 1170 vero
1151 1115 1274 1169 linis
1303 1113 1637 1168 eorumdem.
1689 1109 2024 1178 Principium

436 1217 617 1269 autem
644 1208 890 1263 Christus
918 1206 1133 1269 dicitur,
1164 1205 1286 1273 quia
1316 1204 1385 1257 ab
1424 1204 1541 1272 ipso
1568 1200 1745 1256 omnis
1774 1206 2023 1253 creatura

430 1296 651 1352 initium
688 1295 915 1363 accipit;
946 1294 1067 1347 finis
1094 1308 1243 1355 vero,
1273 1291 1400 1361 quia
1437 1291 1550 1358 ipse
1577 1288 1731 1357 quasi
1762 1287 2024 1340 terminus

432 1388 618 1443 omnia
644 1385 929 1442 concludit.
973 1384 1147 1438 Aliter
1182 1383 1503 1453 principium
1546 1390 1602 1436 et
1629 1380 1750 1435 linis
1775 1387 2021 1444 vocatur,

438 1479 563 1547 quia
594 1478 704 1548 ipse
728 1486 810 1531 est
837 1477 976 1530 Deus
1007 1484 1131 1529 aute
1160 1475 1379 1541 saecula,
1405 1485 1461 1529 et
1497 1475 1659 1529 homo
1703 1474 1755 1527 in
1790 1473 1894 1527 line
1919 1489 2025 1529 sae-

436 1567 701 1622 culorum.
748 1565 901 1621 Unde
935 1564 1208 1620 Joannes:
1256 1563 1324 1618 In
1361 1563 1617 1634 principio
1646 1572 1757 1615 erat
1800 1560 2026 1616 Verbum

440 1658 623 1731 (Joan.
644 1674 691 1721 ι,
718 1658 791 1728 1).
827 1658 894 1712 Ει
923 1656 1083 1711 item:
1123 1656 1346 1710 Verbum
1373 1672 1495 1711 caro
1522 1654 1718 1725 factum
1739 1662 1814 1707 est
1841 1652 2025 1725 (Joan.

2116 485 2241 525 eum
2270 467 2411 524 facta
2439 466 2698 537 spiritalis
2728 465 2847 521 fuit.
2895 465 3004 521 Sed
3055 466 3410 536 quaerendum
3451 476 3534 522 est
3557 477 3713 539 quod

2116 562 2337 620 dorsum
2373 562 2595 632 spiritus
2620 562 2822 617 habere
2851 562 3046 630 potuit,
3074 567 3133 615 ut
3153 570 3276 631 post
3303 575 3363 615 se
3382 577 3567 617 vocem
3610 577 3719 618 au-

2119 655 2280 710 diret.
2308 654 2534 709 Videtur
2561 654 2746 723 itaque
2776 652 2942 707 facies
2969 652 3195 722 spiritus
3231 651 3378 707 illius
3400 651 3563 709 fuisse
3584 655 3717 725 ipsa

2117 749 2202 804 vis
2225 748 2421 803 divina:
2453 747 2949 817 contemplationis;
2979 746 3201 802 dorsum
3247 761 3379 801 vero
3416 747 3614 803 oblivio
3638 748 3719 804 de

2117 840 2493 909 pnesentihus.
2544 837 2750 892 Idcirco
2778 853 2910 908 ergo
2959 852 3147 892 vocem
3176 837 3227 891 in
3256 838 3342 892 his
3365 853 3482 907 qua:
3503 839 3718 896 oblitus

2121 928 2297 984 fuerat
2341 929 2564 991 audivit,
2606 934 2666 982 ut
2702 926 2893 981 faciem
2922 927 3120 983 mentis
3145 928 3212 983 ad
3250 943 3315 983 ea
3340 939 3714 997 convertant,

2122 1029 2177 1074 et
2201 1034 2428 1090 qumque
2468 1019 2677 1073 videret
2703 1017 2758 1072 in
2786 1016 2944 1080 libro,
2974 1017 3027 1071 in
3057 1016 3195 1073 libro
3237 1018 3520 1073 scriberet.
3559 1019 3646 1074 Ac
3667 1018 3726 1075 si

2124 1111 2175 1166 ei
2201 1111 2315 1180 ipsa
2366 1123 2471 1163 vox
2520 1108 2722 1163 diceret
2771 1123 2784 1158 :
2832 1105 2910 1160 Ea
2939 1122 3060 1175 quae
3094 1112 3150 1160 in
3179 1106 3369 1175 spiritu
3400 1106 3500 1161 Dei
3527 1108 3726 1165 videre

2125 1202 2338 1272 incipis,
2366 1201 2456 1256 hic
2483 1200 2575 1254 ubi
2605 1215 2692 1254 me
2712 1199 2867 1254 audis
2894 1198 3011 1253 sine
3037 1213 3174 1253 sono
3202 1207 3508 1263 sonantem,
3552 1200 3612 1253 id
3634 1210 3728 1257 est

2126 1296 2180 1351 in
2213 1296 2398 1359 terris,
2420 1293 2505 1348 vel
2531 1300 2682 1361 gesta
2707 1292 2792 1347 vel
2828 1292 3061 1362 gerenda
3085 1299 3231 1346 sunt.
3264 1291 3357 1346 Sic
3382 1300 3563 1346 autem
3586 1292 3728 1349 did-

2124 1395 2215 1442 tur
2239 1402 2359 1456 qua:
2378 1385 2529 1440 vides
2551 1383 2764 1448 scribe;
2796 1398 2860 1438 ac
2897 1383 2943 1437 si
2969 1382 3198 1447 diceret,
3228 1398 3348 1451 qua:
3368 1384 3594 1438 visurus
3620 1398 3721 1450 es;

2125 1481 2356 1535 necdum
2381 1478 2525 1534 enim
2552 1477 2758 1547 aliquid
2783 1476 3008 1531 viderat.
3041 1476 3343 1547 Allcgorice
3369 1475 3621 1532 Ecclesia
3657 1478 3732 1534 de

2127 1570 2329 1626 Christi
2356 1584 2423 1625 ac
2445 1584 2543 1624 sua
2567 1567 2755 1638 copula
2789 1582 2977 1622 vocem
3012 1574 3136 1637 post
3166 1567 3418 1631 scandit,
3448 1582 3480 1621 a
3510 1566 3636 1637 lege
3668 1574 3732 1623 et

2126 1663 2426 1734 prophetis,
2453 1669 2513 1717 ut
2538 1660 2670 1717 illud
2694 1678 2709 1713 :
2739 1658 2915 1713 Erunt
2930 1659 3035 1713 duo
3064 1659 3120 1713 in
3147 1674 3305 1713 came
3330 1675 3439 1711 una
3466 1655 3628 1728 (Gen.
3657 1673 3729 1724 is,

438 1766 480 1814 ι,
511 1748 621 1821 id).
654 1749 840 1820 (Vens.
868 1747 946 1819 9.)
997 1747 1110 1819 Ego
1136 1746 1369 1801 Joannes
1397 1746 1583 1815 frater,
1609 1754 1657 1799 et
1685 1745 1944 1815 particeps
1972 1746 2029 1798 in
2062 1766 2107 1824 Β
2128 1755 2242 1826 24),
2278 1754 2395 1810 vo;
2424 1761 2603 1809 autem
2639 1752 2755 1806 haec
2775 1751 2889 1806 sive
2910 1751 2967 1805 in
2994 1750 3236 1805 Ecclesia
3267 1751 3381 1805 sive
3405 1751 3459 1804 in
3487 1748 3727 1815 Joanne,

438 1839 796 1906 tribulatione,
822 1848 870 1894 et
900 1856 1076 1910 regno,
1104 1848 1151 1892 et
1196 1838 1449 1909 patientia
1477 1836 1631 1902 Iesu,
1660 1836 1739 1907 fui
1768 1838 1823 1890 in
1851 1836 2029 1893 imula

439 1948 557 2005 qua:
577 1930 871 2002 appellatur
901 1927 1179 1994 Pathmos,
1208 1937 1419 2000 propter
1441 1928 1650 1982 verbum
1673 1928 1769 1982 Dei
1793 1935 1842 1983 et
1887 1928 2031 1982 testi-

438 2022 669 2077 monium
693 2020 730 2075 J
733 2038 846 2075 esu.
879 2020 990 2075 Hoc
1014 2019 1132 2074 loco
1160 2019 1415 2085 Joannes,
1445 2026 1499 2073 et
1520 2017 1825 2088 specialiter
1850 2032 2029 2084 suam,

439 2122 495 2170 et
525 2113 846 2184 generaliter
890 2110 1146 2166 Ecclesia:
1188 2124 1475 2180 personam
1519 2109 1787 2180 designat.
1837 2108 1911 2171 Et
1938 2124 2033 2164 no-

440 2205 665 2259 tandum
701 2204 828 2273 quia
859 2216 1085 2273 regnum
1130 2186 1367 2269 pertinet
1413 2200 1481 2255 ad
1527 2207 1708 2269 caput,
1754 2199 2033 2257 tribuhtio

439 2299 512 2355 ad
532 2297 797 2369 membra,
826 2295 1089 2367 patientia
1120 2294 1187 2350 ad
1232 2304 1541 2363 utrumque,
1587 2291 1733 2363 quod
1776 2299 1947 2351 totum
1975 2291 2032 2347 in

440 2406 550 2446 uno
573 2389 701 2445 Jesu
720 2389 1009 2459 reperitur.
1031 2387 1454 2451 Tribulationem
1477 2400 1710 2454 namque
1724 2383 1937 2455 patieba
1946 2393 2033 2439 tur

436 2488 744 2551 caputch
783 2478 1042 2535 membris
1066 2476 1294 2531 dicendo
1318 2495 1333 2528 :
1379 2474 1564 2540 Saule,
1590 2473 1777 2541 Saule;
1797 2475 1922 2545 quid
1950 2489 2037 2531 me

438 2572 761 2643 persequeris
784 2570 922 2641 (Act.
947 2585 1027 2633 Ix,
1054 2567 1108 2639 4)
1131 2569 1154 2621 ?
1182 2568 1425 2637 Regnum
1466 2566 1518 2620 in
1549 2566 1747 2636 capite,
1772 2576 1834 2622 ut
1857 2565 1987 2621 illud
2014 2583 2029 2619 :

444 2662 660 2727 Venite,
690 2659 960 2717 benedicti
986 2657 1163 2715 Patris
1190 2658 1320 2723 mei,
1350 2658 1614 2728 percipite
1638 2672 1861 2728 regnum
1882 2657 2035 2726 quod

440 2755 595 2810 vobis
614 2762 861 2825 paratum
882 2760 966 2809 est
987 2753 1055 2807 ab
1072 2751 1279 2822 origine
1305 2752 1486 2807 mundi
1515 2752 1733 2823 (Matth.
1756 2766 1881 2815 xxv,
1902 2749 2029 2821 54);

439 2844 591 2914 quod
635 2852 720 2898 est
756 2850 943 2912 aperte
992 2841 1213 2897 dicere:
1259 2841 1450 2896 Venite
1496 2843 1762 2907 membra,
1813 2848 2036 2911 regnate

439 2948 566 2988 cum
597 2932 790 3002 capite,
841 2931 968 3001 quia
997 2944 1098 3000 ego
1147 2944 1266 2999 sum
1308 2943 1551 2997 regnum.
1601 2928 1671 2984 Se
1712 2928 1856 2983 enim
1884 2927 2037 2985 dabit

441 3022 579 3087 suis,
607 3030 666 3076 ut
687 3021 947 3089 scriptum
972 3026 1094 3087 est:
1145 3017 1534 3089 Jusjurandum
1557 3018 1696 3089 quod
1727 3018 1929 3088 juravit
1963 3018 2035 3077 ad

2130 1855 2278 1903 recte
2297 1860 2493 1914 magna
2519 1844 2741 1907 dicitur,
2766 1842 2892 1911 quia
2915 1841 2983 1897 de
2999 1841 3227 1896 summis
3250 1840 3526 1912 mysteriis
3552 1840 3732 1908 loqui-

2129 1947 2242 2004 tur,
2268 1952 2493 2008 quaeque
2522 1936 2650 1991 ideo
2682 1935 2826 1990 tuba:
2851 1941 3216 2004 comparatur,
3252 1943 3307 1988 et
3332 1948 3434 2002 per
3458 1949 3558 1988 ora
3588 1948 3733 2003 pra-

2131 2028 2426 2086 dicantium
2474 2024 2811 2081 diﬁ‘unditur.
2869 2024 3022 2079 Unde
3077 2024 3171 2078 uni
3220 2037 3410 2078 eorum
3456 2024 3663 2079 dicitur
3708 2040 3731 2076 :

2134 2118 2299 2184 Quasi
2327 2115 2453 2172 tuba
2497 2115 2677 2170 exulta
2716 2130 2889 2169 vocent
2932 2123 3077 2168 tm
3121 2111 3258 2185 (Ira.
3284 2129 3442 2179 mn,
3474 2115 3547 2183 l).
3599 2113 3735 2172 Hac

2131 2224 2236 2264 vox
2255 2208 2311 2263 in
2332 2205 2538 2262 Joanne
2558 2205 2863 2262 Ecclesium
2884 2204 3160 2270 admonet,
3180 2212 3245 2259 ut
3270 2219 3391 2274 qua:
3405 2204 3556 2259 videt
3588 2205 3740 2261 sui-

2131 2299 2246 2364 hat,
2277 2298 2332 2354 id
2358 2305 2443 2353 est
2468 2297 2523 2351 in
2542 2295 2805 2351 memoria
2829 2294 3105 2350 recondat.

2204 2388 2273 2442 Et
2294 2389 2438 2443 mitte
2460 2396 2656 2456 septem
2684 2384 2956 2449 Ecclesiis,
3003 2383 3234 2456 Epheso,
3277 2384 3535 2454 Smyrna,
3576 2381 3735 2439 Pus-

2132 2496 2306 2551 gamo,
2347 2477 2632 2547 Thyatira,
2671 2474 2882 2539 Sardis,
2910 2472 3318 2546 Philadelphia,
3366 2474 3739 2531 «Laodicia.

2133 2570 2428 2627 Dicendum
2473 2566 2738 2638 quomodo
2782 2566 3161 2636 interpretatio
3204 2568 3399 2621 horum
3432 2568 3725 2622 nou-inm

2136 2661 2423 2719 universali
2448 2660 2733 2717 conveniat
2757 2658 3029 2715 Ecclesiae.
3054 2659 3300 2729 Ephesus
3332 2660 3739 2729 interpretatur

2133 2752 2407 2817 volutans,
2439 2752 2554 2807 sive
2588 2750 2873 2805 consilium
2899 2764 3079 2804 meum
3096 2762 3155 2813 ι;
3178 2756 3236 2804 ει
3256 2749 3449 2817 cuius?
3484 2751 3594 2805 nisi
3618 2750 3743 2818 ejus

2134 2843 2228 2914 qui
2248 2841 2492 2912 reprobat
2518 2839 2742 2895 consilia
2785 2840 3079 2911 principum
3101 2881 3116 2906 ,
3139 2839 3417 2895 consilium
3448 2857 3575 2895 uero
3619 2842 3742 2912 ejus

2134 2940 2308 2987 manet
2341 2931 2397 2985 in
2448 2941 2699 2985 reternum
2736 2927 2908 3001 (Psal.
2931 2945 3105 2994 xxx",
3154 2929 3265 3001 l0).
3289 2929 3533 2986 Ecclesia
3552 2938 3742 2985 autem

2137 3022 2391 3081 voluntas
2438 3020 2539 3076 Dei
2574 3028 2682 3084 est,
2724 3021 2816 3075 cui
2860 3036 2957 3091 per
2996 3022 3317 3089 prophetam
3344 3022 3594 3076 dicitur:
3636 3019 3741 3076 Vo-

442 3113 710 3167 Abraham
759 3121 960 3182 patrem
1003 3118 1259 3176 nostrum,
1312 3109 1562 3165 daturum
1603 3125 1659 3169 se
1704 3109 1851 3164 nobis
1881 3108 2037 3182 (μισ.
2064 3112 2112 3177 C
2143 3116 2347 3175 suberis
2364 3113 2735 3171 uoluntasmea
2759 3111 2894 3181 (Isa.
2928 3126 3064 3177 un,
3094 3110 3172 3183 ι).
3211 3111 3279 3165 Et
3317 3119 3446 3166 nota
3474 3112 3607 3182 quia
3642 3127 3743 3168 vo-

442 3219 484 3266 I,
514 3201 624 3273 75).
677 3184 942 3257 Patientia
991 3214 1121 3254 vero
1168 3214 1269 3255 nos
1318 3207 1624 3270 eXSpectat,
1664 3199 1820 3268 juxta
1866 3200 2036 3257 illud:

442 3293 667 3363 Ignoras
695 3293 941 3364 quoniam
977 3291 1265 3363 benignitas
1308 3292 1401 3347 Dei
1429 3292 1498 3347 ad
1536 3294 1844 3364 patientiam
1873 3303 1931 3350 te
1945 3296 2044 3351 atl-

442 3378 589 3437 ducit
618 3382 791 3453 (Rom.
819 3400 878 3446 ιι,
906 3383 1008 3455 4)⁴ῖ
1036 3384 1104 3437 Et
1126 3399 1225 3438 nos
1264 3384 1316 3437 in
1358 3385 1620 3451 patientia
1650 3394 1837 3441 nostra
1868 3388 2043 3455 possi-

445 3464 691 3529 debimus
705 3475 911 3528 animas
932 3480 1166 3529 nostras.
1191 3472 1296 3528 Per
1313 3472 1573 3528 Pathmos
1587 3483 1766 3533 autem
1786 3476 2039 3543 insulam,

441 3580 566 3636 qua:
591 3564 762 3623 fretus
786 3564 898 3636 (Ita
926 3564 1067 3634 cod.)
1114 3565 1523 3634 interpretatur,
1562 3567 1617 3620 in
1658 3581 1765 3636 qua
1806 3565 2042 3626 Joannes

443 3664 564 3711 erat
605 3656 879 3726 religatus,
927 3656 1333 3726 persecutiones
1367 3666 1425 3710 et
1463 3657 1723 3727 angustiae
1755 3657 2042 3728 designan-

444 3756 556 3812 tur,
583 3762 718 3815 quas
739 3747 944 3817 patitur
984 3745 1219 3803 Joannes
1243 3755 1298 3802 et
1345 3747 1613 3813 Ecclesia,
1640 3748 1700 3803 id
1725 3757 1810 3809 est
1834 3750 2053 3819 species

446 3848 505 3895 et
532 3854 703 3910 genus
728 3855 743 3905 ;
776 3840 871 3893 sed
897 3849 1119 3908 propter
1144 3842 1367 3895 verbum
1395 3841 1514 3907 Dei,
1537 3857 1644 3899 non
1660 3858 1764 3913 pro
1790 3843 1905 3898 suis
1927 3858 2045 3897 tua,

449 3928 555 3995 lis;
577 3928 731 3999 juxta
763 3929 890 3984 illud
927 3929 1074 3985 Petri
1105 3930 1370 4001 apostoli:
1404 3930 1576 3987 Nemo
1605 3942 1831 3989 oestrum
1868 3935 2045 4005 patia-

445 4031 538 4079 tur
558 4022 711 4094 quasi
755 4021 862 4091 fur,
905 4021 1001 4077 sed
1046 4023 1202 4091 quasi
1239 4010 1441 4079 Christi
1479 4024 1776 4095 discipulus
1801 4025 1855 4098 (Ι
1895 4025 2043 4082 Petri

449 4131 524 4181 Iv,
558 4114 661 4186 l5).
702 4114 888 4186 (Vens.
924 4114 1038 4185 l0.)
1081 4113 1185 4171 Fui
1215 4115 1270 4171 in
1311 4116 1502 4186 spiritu
1540 4119 1600 4173 in
1627 4118 1905 4174 Donu'nica
1934 4120 2038 4175 die.

451 4206 591 4260 Hinc
611 4203 724 4274 jam
747 4205 1061 4275 singillatim
1088 4205 1154 4262 de
1190 4207 1388 4275 specie,
1422 4208 1733 4278 singillatim
1762 4210 2043 4280 degenere

453 4299 742 4355 dicendum
786 4307 887 4353 est.
914 4292 1055 4354 .Non'
1084 4309 1268 4355 autem
1313 4298 1535 4356 Joannis
1567 4303 1792 4371 spiritus
1818 4320 2042 4360 carnem

457 4388 702 4447 funditus
729 4390 986 4455 deseruit,
1020 4391 1236 4460 quando
1266 4392 1367 4449 hoc
1397 4393 1547 4457 vidit,
1581 4395 1709 4464 quia
1737 4410 1935 4466 corpus
1961 4397 2042 4451 si-

2141 3208 2325 3263 luntas
2371 3206 2609 3278 pertinet
2650 3203 2719 3258 ad
2750 3203 3108 3267 claritatem,
3156 3201 3444 3256 consilium
3494 3216 3628 3257 vero
3668 3202 3744 3259 ad

2142 3303 2564 3367 correctionem.
2618 3298 2711 3354 Ille
2760 3299 2905 3353 enim
2950 3295 3316 3352 voluntast
3343 3293 3593 3361 est,'qui
3627 3307 3743 3347 non

2140 3393 2337 3453 timere
2380 3390 2602 3460 pmnali,
2647 3388 2742 3443 sed
2783 3396 2977 3457 sponte
3020 3400 3083 3441 se
3111 3385 3359 3441 Creatori
3404 3384 3611 3439 subdit.
3642 3382 3741 3438 Ille

2140 3496 2274 3535 vero
2299 3481 2389 3550 qui
2416 3495 2520 3535 nec
2568 3480 2797 3543 timore,
2825 3492 2925 3543 nec
2973 3490 3181 3537 amore.
3216 3491 3283 3530 se
3321 3472 3740 3540 conferre‘rult,

2143 3573 2321 3628 divina
2341 3581 2532 3644 agente
2552 3573 2835 3630 clementia
2850 3612 2869 3637 ,
2915 3571 2975 3625 fit
2996 3573 3062 3626 ad
3085 3585 3207 3626 eum
3234 3570 3587 3625 correctionis
3623 3584 3743 3624 ser-

2143 3681 2254 3730 mo,
2302 3674 2361 3720 ut
2389 3666 2576 3736 relicto
2625 3680 2833 3730 errore,
2877 3664 3162 3719 consilium
3210 3662 3401 3716 salutis
3445 3661 3737 3731 percipiat.

2145 3759 2375 3828 Smyrna
2402 3758 2458 3812 in
2490 3757 2742 3812 Latinum
2770 3756 3003 3811 vertitur
3026 3756 3299 3810 canticum
3319 3769 3503 3809 eorum
3523 3793 3537 3816 ,
3569 3752 3624 3806 id
3652 3760 3744 3806 est

2143 3851 2461 3916 electorum,
2480 3849 2753 3905 canticum
2774 3863 2903 3903 vero
2918 3846 3051 3902 illud
3071 3853 3157 3901 est
3176 3845 3475 3900 mandatum
3498 3857 3732 3897 novum.

2144 3943 2386 3999 Ecclesia
2434 3943 2600 4014 igitur
2645 3942 2915 3997 canticum
2952 3940 3061 3994 hoc
3105 3938 3343 4008 quotidie
3370 3942 3570 3998 cantat,
3598 3949 3738 3992 cum

2144 4034 2456 4089 mandatum
2495 4048 2694 4088 novum
2724 4031 2992 4103 diligendo
3017 4030 3188 4084 Deum
3210 4036 3268 4082 et
3291 4027 3595 4097 proximum
3628 4025 3741 4081 im-

2142 4127 2279 4197 plet.
2311 4125 2633 4196 Pergamum
2680 4125 3070 4192 interpretatur
3114 4118 3384 4174 dividendi
3409 4130 3614 4172 cornua
3642 4126 3742 4170 eo-

2101 4269 2105 4273 .
2145 4226 2286 4278 rum.
2314 4221 2382 4276 Et
2404 4234 2636 4291 quorum
2660 4219 2765 4273 nisi
2791 4216 3017 4281 Christi,
3037 4224 3092 4269 et
3121 4210 3361 4268 diaboli?
3387 4212 3444 4265 ln
3481 4209 3743 4267 cornibus

2146 4315 2330 4386 itaque
2352 4312 2562 4369 Christi
2596 4323 2822 4381 regnum
2852 4308 2970 4379 ejus
2988 4305 3318 4369 ostenditur,
3347 4302 3405 4357 id
3430 4310 3522 4357 est
3553 4299 3744 4357 Eccle-

2147 4411 2245 4465 sia.
2272 4409 2332 4464 In
2355 4406 2610 4463 cornibus
2635 4419 2762 4459 vero
2790 4401 3013 4467 diaboli,
3041 4399 3160 4470 ejus
3186 4399 3353 4454 etiam
3386 4411 3632 4467 regnum,
3680 4392 3742 4451 id

455 4496 530 4537 ne
562 4482 751 4553 spiritu
781 4496 889 4536 non
932 4482 1162 4549 viveret,
1187 4483 1280 4539 sed
1314 4485 1370 4540 in
1412 4486 1612 4543 exstasi
1645 4486 1875 4556 positus,
1902 4487 2038 4543 nihil

2143 4511 2229 4559 est
2258 4500 2430 4572 impii.
2480 4498 2620 4555 Audi
2641 4498 2803 4570 igitur
2828 4496 3147 4552 divisionem
3188 4507 3522 4549 cornuorum
3557 4509 3571 4542 :
3609 4486 3746 4543 0m-

448 4589 549 4645 per
572 4589 769 4646 corpus
784 4575 874 4631 vel
899 4577 1101 4630 sentire
1145 4577 1230 4633 vel
1256 4578 1555 4649 intelligere
1580 4580 1775 4648 potuit.
1813 4581 1885 4635 Et
1912 4590 2042 4638 uota

448 4666 578 4737 quia
602 4683 708 4723 non
734 4668 793 4722 in
816 4667 1062 4733 sabbato,
1084 4670 1253 4726 sedin
1280 4671 1557 4728 Dominica
1582 4673 1670 4729 die
1689 4688 1749 4728 se
1774 4674 1827 4728 in
1849 4676 2041 4743 spiritu

451 4756 620 4813 fuisse
643 4758 796 4823 dicit,
827 4760 952 4829 quia
978 4760 1094 4830 jam
1114 4768 1270 4816 vetus
1303 4762 1412 4827 illa,
1455 4778 1576 4833 quae
1596 4774 1829 4820 mortem
1853 4781 2044 4835 opera-

453 4848 637 4915 batur,
659 4849 747 4904 lex
775 4851 1087 4917 transierat,
1112 4859 1322 4908 etnova
1349 4869 1469 4924 qua:
1493 4855 1730 4911 viviﬁcat
1749 4857 1807 4911 in
1838 4857 2041 4915 Christi

454 4944 855 5000 resurrectione
878 4946 1171 5003 claruerat.
1201 4948 1501 5018 Allegoriee
1540 4951 1804 5018 Ecclesia,
1836 4955 1964 5023 quia
1999 4956 2053 5010 in

452 5034 644 5091 electis
663 5035 805 5101 facta
833 5036 1015 5095 carnis
1040 5038 1233 5108 spiritu
1273 5041 1587 5104 munificat,
1629 5048 1691 5097 ut
1711 5042 1770 5098 in
1798 5024 1953 5100 novas
1980 5045 2059 5100 vie-

458 5133 529 5180 tae
573 5128 985 5187 conversatione
1018 5136 1278 5199 assurgat
1305 5130 1360 5186 in
1404 5132 1626 5201 spiritu,
1673 5140 1730 5188 et
1773 5133 2054 5191 Dominica

460 5215 576 5272 dies
598 5231 719 5289 esse
759 5218 1114 5275 demonstrat.
1163 5219 1317 5285 Unde
1354 5229 1446 5278 est
1466 5223 1599 5279 illud
1625 5221 1908 5295 Apostoli:
1949 5223 2053 5280 Vos

458 5306 517 5360 in
537 5324 695 5364 carne
719 5326 827 5369 non
848 5311 996 5377 estis,
1023 5311 1114 5367 sed
1135 5311 1193 5369 in
1217 5312 1404 5384 spiritu
1424 5312 1609 5386 (Rom.
1635 5331 1758 5382 vm,
1784 5315 1864 5388 9).

531 5399 692 5465 Vsus.
718 5402 802 5459 ll.
828 5434 901 5446 —
922 5403 989 5459 Et
1011 5404 1187 5461 udim'
1218 5415 1335 5476 post
1360 5423 1441 5462 me
1461 5424 1635 5462 vocem
1651 5424 1899 5479 magnam
1921 5418 2046 5463 tan-

462 5501 621 5556 quam
641 5495 782 5549 tuba:
800 5495 1068 5555 dicentem
1101 5512 1116 5553 :
1149 5495 1303 5563 Quod
1329 5497 1468 5554 rides
1494 5499 1678 5554 scribe.
1701 5498 1836 5555 Illud
1876 5501 2048 5557 scien-

2146 4592 2235 4647 nia
2263 4607 2462 4644 cornua
2498 4598 2827 4658 peccatorum
2873 4585 3225 4655 confringam,
3272 4592 3322 4637 et
3365 4579 3745 4636 nuntiabuntur

2146 4694 2344 4735 cornua
2362 4678 2498 4749 justi
2519 4675 2693 4749 (Psal.
2739 4691 2924 4741 Lxxrv,
2958 4674 3067 4743 11).
3113 4674 3374 4745 Thyatira
3401 4671 3601 4727 dicitur
3624 4667 3747 4723 illu-

2146 4771 2382 4834 minata;
2418 4778 2476 4824 et
2516 4783 2637 4838 quae
2681 4767 2783 4822 alia
2814 4766 3115 4822 illuminata
3142 4765 3463 4833 intelligitur
3489 4760 3592 4816 nisi
3644 4759 3746 4815 illa

2143 4863 2232 4918 cui
2258 4877 2356 4933 per
2390 4862 2586 4917 Isaiam
2618 4860 2819 4915 dicitur
2851 4876 2864 4911 :
2900 4856 3088 4929 Surge,
3111 4855 3430 4919 illuminare,
3476 4851 3749 4907 Hierusa-

2150 4954 2253 5009 lem
2280 4953 2413 5027 (lsa.
2451 4968 2542 5018 ιιι,
2569 4950 2644 5024 1).
2680 4950 2751 5005 Et
2772 4958 2897 5021 apte
2921 4948 3223 5004 illuminata
3248 4945 3447 5001 dicitur
3468 4941 3752 4999 Ecclesia.

2150 5053 2211 5101 ut
2242 5044 2551 5101 meminerit
2578 5057 2639 5100 se
2676 5042 2930 5099 tenebras
2954 5039 3144 5097 fuisse.
3181 5037 3336 5095 Unde
3359 5033 3646 5107 Apostolus
3670 5035 3751 5090 ad

2151 5138 2268 5208 ejus
2307 5137 2592 5192 mnbm:
2628 5135 2828 5191 Fuistis
2855 5132 3146 5205 aliquando
3190 5114 3438 5194 tenelmr,
3480 5144 3621 5182 nunc
3643 5142 3749 5180 au-

2151 5236 2255 5281 tem
2276 5225 2374 5285 lus:
2403 5227 2460 5280 in
2484 5225 2708 5281 Domino
2739 5223 3017 5296 (Ephesx,
3046 5222 3124 5295 8).
3156 5220 3350 5277 Sardis
3373 5219 3569 5275 Latine
3584 5222 3747 5273 sonat

2149 5317 2381 5390 principi
2402 5316 2840 5389 pulchritudinis,
2856 5314 2946 5371 ubi
2966 5311 3471 5383 subintelligcndmn
3484 5316 3570 5365 est
3594 5315 3751 5377 apta—

2150 5420 2231 5475 ta.
2284 5409 2367 5466 vel
2418 5417 2739 5481 purpurata.
2788 5406 3049 5478 Princeps
3096 5416 3278 5462 autem
3322 5400 3747 5474 pulchritudinis

2153 5501 2242 5556 ille
2264 5510 2369 5567 est,
2397 5501 2463 5557 de
2490 5514 2606 5569 quo
2638 5499 2923 5556 Psalmista
2955 5499 3029 5553 ait
3058 5515 3071 5553 :
3111 5496 3388 5569 Speciem
3420 5493 3597 5565 forma
3632 5505 3745 5561 pm

545 5678 571 5706 ³
601 5664 748 5722 Hanc
774 5679 826 5725 ct
878 5681 1168 5742 sequentes
1216 5676 1529 5735 urbicorum
1564 5676 1842 5732 nominum
1892 5676 2369 5745 interpretationes
2395 5677 2518 5746 quis
2540 5677 2785 5732 eruditus
2809 5676 3032 5746 prolatu?
