4010 6182
407 183 562 241 1οω

1243 179 1305 235 Β.
1345 179 1407 235 F.
1447 175 1672 233 ΑΙ.Βωῖ
1709 175 1840 233 SEU
1881 175 2153 232 ALCUINI
2193 175 2476 233 OPERUM
2513 174 2689 231 PARS
2726 172 2789 228 ll.

3526 170 3665 227 1100

400 298 484 353 Et
535 297 672 353 scies
715 294 853 368 quod
912 291 1178 362 multiplex
1209 300 1293 347 est
1332 292 1415 346 lex
1447 292 1563 363 ejus
1624 289 1767 360 (Job.
1806 305 1883 355 χι,
1908 290 1983 360 6).
2016 294 2060 348 Α
2090 289 2204 358 ejus
2246 297 2495 358 tanquam
2547 294 2803 340 mortuus.
2847 281 3081 338 Joannes
3134 282 3237 338 hoc
3288 281 3410 337 loco
3463 280 3666 339 Christi

492 389 657 444 Vens.
707 384 792 439 16.
817 381 980 436 -Ει
1018 381 1237 436 habebat
1280 381 1334 436 in
1387 380 1601 435 dextera
1660 397 1758 435 sua
1797 388 1987 450 septem

419 479 621 537 stellas.
666 476 768 531 Per
795 483 999 545 septem
1022 473 1225 541 stellas,
1252 481 1314 528 ut
1340 472 1481 528 idem
1516 472 1737 543 angelus
1764 470 1990 526 inferius

418 568 654 641 exponit,
689 564 864 635 angeli
892 562 1280 634 intelliguntur.
1305 562 1423 618 Non
1448 571 1629 617 autem
1651 562 1726 616 illi
1754 561 1989 618 caelestis

419 657 608 730 patriae
629 653 867 723 spiritus,
895 652 949 707 in
967 651 1164 721 quibus
1188 651 1321 707 nihil
1345 651 1763 722 reprehensibile
1784 651 1989 706 inveni-

417 758 526 814 tur,
561 746 657 802 sed
701 744 960 801 Ecclesia:
1001 743 1403 813 praedicatores,
1436 744 1501 799 de
1529 743 1724 814 quibus
1749 743 1946 799 dicitur
1972 761 1985 796 :

414 836 597 909 Angeli
619 834 762 907 pacis
785 851 964 889 amare
990 833 1184 904 ﬂebunt
1214 832 1350 905 (Isa.
1374 850 1569 897 χχχιιι,
1600 832 1678 906 7),
1717 834 1809 903 qui
1844 840 1987 888 recte

414 942 510 999 per
535 926 717 982 stellas
746 933 802 982 et
829 924 1050 996 angelos
1089 924 1458 996 designantur,
1488 924 1614 994 quia
1632 932 1687 979 et
1727 924 1784 978 in
1829 924 1988 994 hujus

411 1019 595 1076 saeculi
633 1027 790 1074 nocte
809 1016 991 1072 lucent
1013 1029 1111 1086 per
1128 1015 1450 1070 munditiam
1469 1015 1614 1082 vitae,
1648 1023 1701 1070 et
1728 1016 1988 1070 auditori-

412 1112 516 1166 bus
568 1109 683 1165 suis
724 1106 965 1164 cmlestia
1008 1105 1330 1172 nuntiando,
1378 1104 1552 1177 angeli
1589 1106 1831 1160 veritatis
1874 1104 1987 1159 exi-

414 1207 584 1254 stunt.
613 1198 750 1266 Quia
774 1212 905 1254 vero
928 1205 1133 1266 septem
1162 1213 1268 1252 non
1291 1212 1517 1251 numero
1549 1203 1691 1261 sunt,
1715 1197 1807 1252 sed
1827 1197 1989 1268 signi-

417 1287 669 1343 ficatione
695 1286 1084 1351 universitatis,
1109 1301 1296 1341 omnes
1323 1286 1565 1351 ecclesia:
1600 1286 1985 1354 praedicatores

414 1378 529 1433 haec
562 1376 769 1446 species
807 1375 1239 1445 comprehendit.
1294 1376 1446 1432 Unde
1494 1375 1548 1429 in
1596 1375 1985 1445 signiﬁcatione

413 1484 520 1524 non
547 1468 660 1537 jam
687 1476 914 1539 septem,
949 1470 1045 1524 sed
1072 1483 1213 1523 unus
1244 1469 1485 1540 angelus,
1513 1468 1567 1524 id
1607 1478 1690 1523 est
1715 1469 1985 1538 perfectus

413 1560 549 1615 ordo
594 1558 1027 1629 praedicatorum.
1089 1556 1239 1612 Sicut
1284 1565 1338 1613 et
1381 1565 1584 1628 septem
1637 1557 1980 1624 candelabra,

2088 380 2348 442 membra,
2375 378 2595 450 angelus
2619 386 2796 433 autem
2819 374 3122 446 specialiter
3144 373 3421 431 Christum
3454 374 3663 446 signiﬁ-

2088 479 2192 526 cat.
2217 467 2450 524 Joannes
2478 483 2605 540 ergo
2626 467 2781 539 quasi
2803 476 3047 523 mortuus
3067 467 3135 522 ad
3156 466 3323 537 pedes
3362 466 3535 537 angeli
3573 483 3666 523 ca.

2088 562 2186 626 dit,
2217 559 2342 628 quia
2374 559 2611 615 Ecclesia
2632 565 2692 612 ut
2718 557 2984 613 moriatur
3011 557 3234 622 mundo,
3259 555 3459 612 Christi
3496 558 3665 614 vesti-

2086 648 2175 716 gia
2215 649 2477 719 sequitur.
2527 649 2595 704 Et
2640 657 2764 718 apte
2790 648 2988 704 dicitur
3031 648 3187 717 quasi
3228 659 3483 715 mortuus,
3525 651 3662 721 quia

2086 738 2347 806 Ecclesia,
2375 740 2474 794 etsi
2514 740 2714 796 mundo
2737 748 2793 794 et
2817 739 2966 795 vitiis
2987 740 3281 807 moriatur,
3313 741 3442 796 vivit
3475 752 3659 798 tamen

2087 829 2215 883 Deo.
2242 829 2306 883 Et
2328 831 2501 901 posuit
2521 847 2677 902 super
2706 828 3076 887 me'dexteram
3103 849 3256 888 suam
3288 834 3464 889 dicens
3490 848 3507 887 :
3531 835 3662 890 Noli

2084 920 2282 973 timere.
2333 919 2438 975 Per
2464 922 2739 976 dexteram
2776 923 2951 992 angeli
2982 923 3086 980 hoc
3124 924 3244 980 loco
3277 926 3664 996 praedicatores

2085 1012 2452 1082 designantur.
2494 1012 2633 1069 Hinc
2670 1028 2766 1083 per
2808 1014 3024 1086 Moysen
3064 1016 3263 1072 dicitur
3290 1035 3305 1070 :
3334 1016 3401 1071 1η
3446 1017 3664 1072 dextera

2084 1101 2199 1171 ejus
2238 1102 2389 1172 ignea
2429 1102 2514 1157 lea:
2560 1102 2736 1175 (Deut.
2769 1120 2959 1168 xxxiii,
2986 1106 3073 1176 ‘2);
3123 1107 3176 1161 id
3204 1117 3315 1169 est,
3363 1108 3417 1162 in
3459 1110 3668 1164 sanctis

2083 1194 2523 1262 prmdicatoribus
2542 1195 2784 1249 doctrina
2808 1194 3041 1266 Spiritus
3062 1197 3254 1252 sancti.
3281 1196 3484 1252 Silctur
3507 1199 3664 1267 plane

2084 1282 2210 1351 quid
2257 1282 2476 1351 angelus
2507 1285 2843 1355 superposita
2869 1285 3088 1340 dextera
3123 1286 3344 1352 fecerit;
3377 1289 3474 1343 sed
3513 1299 3662 1345 certa

2085 1373 2293 1427 ratione
2339 1372 2661 1444 colligimus,
2706 1377 2831 1445 quia
2862 1377 2977 1432 sive
3015 1375 3298 1443 Joannem,
3329 1378 3443 1434 sive
3474 1380 3663 1436 Eccle-

2084 1464 2239 1530 siam,
2270 1466 2323 1519 in
2345 1465 2479 1521 illoa
2508 1474 2649 1521 terra
2672 1468 2885 1522 levavit.
2917 1468 3022 1523 Sed
3052 1471 3291 1541 nunquid
3323 1470 3565 1527 Ecclesia
3594 1473 3664 1528 ab

2085 1555 2380 1611 imitatione
2425 1558 2733 1626 passionum
2783 1558 2981 1614 Christi
3030 1562 3275 1615 submota
3315 1562 3438 1616 est?
3480 1562 3661 1618 Absit.

408 1665 518 1706 non
547 1625 755 1704 tantum
799 1650 942 1705 Asiae
963 1649 1249 1714 Ecclesias,
1284 1650 1378 1705 sed
1402 1625 1758 1705 universalem
1797 1650 1974 1705 Eccle-
2018 1625 2060 1684 Β
2084 1644 2344 1715 Angelum
2373 1625 2504 1716 ergo
2524 1644 2715 1702 Joannl
2737 1655 2991 1718 tanquam
3016 1658 3229 1704 mortuo
3258 1651 3325 1705 ad
3349 1651 3515 1721 pedes
3534 1668 3666 1708 suos

407 1742 549 1796 siam
588 1740 893 1812 designant.
935 1740 1007 1794 Et
1034 1740 1078 1795 si
1109 1739 1377 1795 subtiliter
1420 1739 1765 1805 intendimus,
1816 1740 1870 1793 in
1899 1740 1984 1794 his
2073 1735 2278 1803 jacenti
2298 1737 2573 1792 dexteram
2601 1752 2986 1807 superponere,
3019 1753 3250 1811 eumque
3291 1756 3323 1795 a
3376 1750 3521 1796 terra
3553 1744 3665 1797 eri-

408 1837 616 1900 septem
665 1828 834 1885 stellis
875 1829 1040 1884 etiam
1075 1828 1392 1885 candelebra
1441 1829 1775 1895 invenimus;
1820 1829 1875 1884 id
1902 1837 1985 1885 est

406 1919 465 1972 in
520 1917 723 1974 sanctis
770 1916 1214 1988 praedicatoribus
1269 1918 1626 1973 universalem
1668 1918 1980 1974 Ecclesiam.

412 2008 565 2064 Unde
613 2007 872 2062 Dominus
920 2022 1045 2063 cum
1073 2007 1165 2062 uni
1212 2006 1401 2078 angelo
1449 2008 1707 2077 loquitur,
1752 2008 1979 2063 subdit:

411 2100 604 2155 Audiat
632 2100 757 2171 quid
810 2100 1027 2171 spiritus
1050 2100 1192 2154 dicat
1220 2099 1470 2154 Ecclesiis
1521 2100 1703 2172 (Apoc.
1760 2118 1821 2168 ιι,
1867 2100 1979 2174 29).

406 2190 641 2245 Dextera
670 2189 726 2244 in
743 2190 849 2246 hoc
872 2190 990 2245 loco
1018 2204 1228 2245 summa
1257 2189 1534 2245 beatitudo
1560 2190 1715 2245 debet
1737 2190 1979 2260 intelligi,

406 2293 533 2349 quae
577 2294 723 2335 nunc
767 2278 822 2333 in
849 2292 963 2348 spe,
1014 2288 1144 2334 tunc
1181 2280 1287 2333 erit
1325 2279 1379 2333 in
1415 2293 1492 2333 re.
1543 2278 1695 2335 Unde
1722 2288 1806 2335 est
1854 2279 1983 2335 illud

408 2367 890 2437 lsaim:Suscipiet
908 2376 958 2422 te
999 2367 1213 2423 dextera
1245 2368 1380 2438 justi
1406 2368 1505 2422 mei
1534 2367 1667 2439 (Isa.
1710 2384 1820 2434 xu,
1868 2368 1977 2442 10).

408 2458 546 2515 Cum
592 2473 722 2530 ergo
766 2457 1064 2514 Ecclesiam
1109 2459 1165 2513 in
1212 2460 1433 2514 dextera
1459 2460 1630 2514 teneri
1659 2460 1924 2525 audimus,
1950 2478 1982 2515 a

410 2556 530 2605 toto
561 2557 775 2619 partem
823 2548 1120 2617 intelligere
1157 2549 1432 2614 debemus,
1465 2564 1585 2619 quae
1609 2551 1663 2605 in
1691 2551 1870 2605 intum
1912 2551 1980 2605 ad

406 2637 685 2693 dexteram
713 2635 1026 2693 collocanda
1050 2645 1150 2692 est.
1176 2636 1245 2692 Et
1276 2638 1341 2693 de
1360 2654 1448 2692 ore
1472 2640 1586 2709 ejus
1609 2639 1816 2711 gladius
1841 2650 1983 2695 utra—

405 2744 506 2799 que
555 2736 707 2798 parte
752 2735 938 2782 acutus
986 2728 1206 2782 exiebat.
1267 2727 1408 2796 Quid
1452 2743 1550 2799 per
1590 2730 1843 2801 gladium,
1877 2732 1980 2786 nisi

405 2820 720 2890 praedicatio
746 2818 957 2876 Veteris
983 2828 1038 2876 et
1064 2819 1198 2876 Novi
1220 2820 1583 2877 Testamenti?
1608 2830 1668 2877 ut
1689 2823 1817 2878 illud
1844 2824 1979 2878 Pau-

406 2910 445 2967 li
474 2925 489 2965 :
521 2911 591 2965 Et
613 2910 850 2981 gladium
877 2911 1109 2983 spiritus,
1136 2911 1274 2983 quod
1304 2921 1381 2966 est
1402 2913 1608 2967 verbum
1637 2912 1733 2968 Dei
1761 2914 1974 2987 (Ephes.

404 3018 481 3068 v1,
516 3001 626 3074 17).
657 3001 761 3071 Qui
782 3003 920 3058 bene
953 3008 1179 3071 utraque
1196 3010 1352 3073 parte
1377 3011 1569 3059 acutus
1589 3004 1804 3069 dicitur,
1851 3005 1978 3075 quia

409 3092 539 3148 hinc
564 3092 752 3162 culpas
778 3091 982 3161 operis,
1014 3091 1162 3149 illinc
1198 3103 1407 3150 resecat
1451 3094 1665 3150 illicitas
1693 3096 1977 3167 cogitatio-

407 3196 524 3237 nes.
570 3179 699 3236 Sive
743 3182 868 3251 quia
907 3181 1251 3252 imperfectos
1287 3183 1442 3254 juxta
1472 3184 1705 3240 litteram
1742 3186 1980 3242 exterius

407 3272 680 3339 informat,
712 3281 770 3329 et
815 3273 1085 3344 perfectos
1119 3275 1274 3344 juxta
1317 3279 1601 3349 mysticum
1650 3279 1978 3334 intellectum

407 3365 635 3420 interius
663 3363 862 3420 erudit.
894 3364 965 3419 Et
1005 3366 1166 3436 facies
1193 3368 1308 3437 ejus
1334 3368 1467 3421 sicut
1495 3367 1575 3421 sol
1616 3368 1751 3423 lucet
1796 3371 1850 3423 in
1878 3371 1980 3425 vir-

404 3467 517 3513 tute
543 3473 663 3512 sua.
689 3455 795 3510 Per
821 3454 1013 3511 faciem
1041 3454 1335 3527 fulgentem
1364 3464 1422 3510 ut
1449 3457 1549 3522 sol,
1574 3457 1727 3513 electi
1754 3468 1980 3529 possunt

402 3548 599 3619 accipi,
623 3555 682 3603 ut
697 3546 825 3602 illud
851 3564 865 3600 :
898 3544 1194 3618 Fulgebunt
1205 3547 1343 3617 justi
1356 3547 1498 3602 sicut
1522 3546 1600 3602 sol
1622 3546 1770 3619 (Sap.
1794 3565 1874 3615 ιιι,
1900 3549 1975 3621 7).

404 3637 464 3692 tn
492 3651 601 3708 qua
629 3636 895 3692 sententia
923 3636 970 3690 si
1012 3635 1185 3692 solem
1229 3636 1391 3691 istum
1439 3635 1702 3691 visibilem
1735 3636 1980 3693 volumus

406 3726 725 3795 intelligere,
758 3724 1035 3779 sciendum
1059 3725 1185 3794 quia
1223 3732 1352 3779 tunc
1379 3723 1598 3794 majoris
1622 3725 1725 3781 erit
1765 3725 1979 3781 clarita-

408 3814 480 3869 tis
493 3827 655 3883 quam
677 3827 841 3877 nunc,
871 3819 926 3867 et
952 3821 1261 3869 sanctorum
1291 3814 1597 3886 tuncgloria
1620 3816 1809 3888 major,
1842 3816 1976 3872 Isaia

407 3911 697 3960 attestante
724 3906 817 3973 qui
845 3904 957 3959 ait:
990 3903 1108 3958 Erit
1137 3903 1231 3959 lus:
1273 3904 1412 3960 luna:
1440 3906 1573 3960 sicut
1610 3905 1703 3961 tua:
1746 3906 1905 3972 solis;
1931 3918 1980 3961 et

406 3990 502 4046 luat
541 3988 666 4045 solis
689 3989 1086 4061 scptempliciter
1130 3990 1265 4043 sicut
1308 3990 1401 4044 lua;
1435 4000 1626 4061 septem
1649 3990 1874 4056 dierum,
1924 3992 1978 4045 in

404 4083 490 4137 die
514 4098 620 4155 qua
645 4080 936 4152 alligaverit
984 4079 1238 4133 Dominus
1284 4078 1468 4132 vulnus
1494 4078 1671 4150 populi
1710 4080 1794 4134 sui
1843 4079 1976 4152 (lsa.

404 4190 532 4242 xxx,
561 4173 675 4245 26).
710 4172 860 4229 Unde
882 4172 986 4226 hoc
1021 4170 1141 4224 loco
1168 4167 1407 4223 additum
1429 4177 1546 4223 est:
1569 4170 1626 4222 in
1653 4169 1839 4223 virtute
1859 4185 1975 4223 sua.

2080 1843 2229 1898 gere,
2252 1836 2337 1883 est
2361 1829 2644 1889 Dominum
2675 1828 3088 1899 Redemptorem
3126 1830 3424 1887 Ecclesium
3452 1835 3666 1902 passio-

2081 1936 2177 1975 nes
2195 1919 2310 1988 ejus
2332 1919 2629 1974 imitantem
2661 1935 2692 1973 a
2721 1920 2899 1975 cordis
2927 1936 3159 1976 mterore
3186 1922 3255 1977 ad
3284 1939 3433 1993 spem
3465 1923 3666 1980 futurzc

2082 2008 2267 2080 gloria:
2285 2024 2383 2080 per
2408 2018 2624 2065 sanctos
2651 2011 3035 2081 praedicatores
3054 2012 3389 2070 exhortando
3414 2014 3661 2079 elevare;

2081 2108 2141 2155 ut
2168 2100 2296 2155 illud
2325 2119 2337 2154 :
2373 2098 2492 2155 Non
2513 2110 2633 2154 sunt
2650 2100 2923 2171 condigna:
2940 2103 3209 2173 passiones
3231 2102 3391 2175 hujus
3413 2108 3663 2176 temporis

2081 2189 2151 2242 ad
2174 2190 2407 2259 futuram
2431 2188 2680 2259 gloriam,
2706 2205 2823 2260 quae
2857 2190 3169 2246 revelabitur
3201 2194 3257 2247 in
3304 2194 3447 2249 nobis
3475 2194 3663 2266 (Rom.

2081 2296 2197 2344 vm,
2234 2279 2342 2351 18).
2397 2279 2463 2334 Ει
2486 2287 2607 2350 apte
2638 2279 2787 2345 dicit,
2821 2277 2949 2334 Noli
2984 2283 3201 2348 timere;
3236 2298 3303 2339 ac
3327 2285 3371 2339 si
3397 2284 3661 2341 Dominus

2081 2371 2333 2426 Ecclesia:
2359 2370 2538 2426 dicat:
2564 2368 2797 2440 Accepta
2847 2371 3078 2443 desuper
3105 2373 3299 2429 ﬁducia
3319 2415 3335 2441 ,
3365 2375 3665 2430 humanm

2079 2463 2328 2517 timorem
2379 2461 2534 2533 longe
2580 2464 2851 2534 propulsa.
2884 2462 3071 2536 (Vsus.
3111 2466 3222 2539 l8.)
3254 2465 3367 2536 Ego
3410 2485 3526 2522 sum
3550 2470 3667 2540 pri-

2078 2570 2214 2619 mus,
2244 2562 2292 2608 et
2319 2554 2660 2621 novissimus;
2689 2565 2737 2610 et
2764 2555 2904 2611 vivus
2949 2556 3049 2626 fui,
3079 2567 3129 2611 et
3169 2568 3426 2623 mortuus,
3469 2570 3518 2614 et
3545 2578 3666 2615 ecce

2078 2661 2193 2699 sum
2215 2646 2381 2700 vivens
2408 2646 2463 2699 in
2492 2645 2685 2701 saecula
2714 2644 3045 2701 seculorum.
3074 2647 3173 2704 Hic
3199 2648 3506 2705 declaratur
3531 2652 3665 2721 quia

2080 2734 2300 2806 angelus
2346 2736 2444 2790 iste
2501 2736 2712 2791 Domini
2745 2735 2872 2792 Jesu
2899 2736 3103 2793 Christi
3146 2739 3456 2807 specialiter
3475 2757 3666 2811 perso-

2080 2838 2206 2879 nam
2254 2825 2440 2895 gessit,
2496 2826 2581 2880 cui
2628 2836 2743 2882 meo
2770 2827 2953 2881 omnia
3000 2828 3342 2883 conveniunt.
3385 2828 3457 2884 Et
3496 2831 3665 2885 habeo

2082 2916 2251 2971 claves
2280 2916 2460 2970 mortis
2482 2925 2531 2970 et
2560 2915 2876 2971 inferorum.
2907 2916 3011 2972 Per
3029 2917 3208 2973 claves
3233 2926 3473 2988 potestas
3492 2920 3663 2975 divini

2075 3004 2265 3074 judicii
2310 3005 2641 3077 designatur,
2690 3020 2854 3077 quam
2883 3005 3061 3061 nullus
3086 3004 3323 3078 eﬂ‘ugere
3368 3008 3532 3073 valet,
3565 3008 3666 3064 sed

2079 3103 2302 3150 cunctos
2346 3103 2408 3149 ut
2456 3095 2623 3151 clavis
2672 3096 2926 3161 includit;
2967 3095 3124 3165 juxta
3180 3096 3350 3151 illud:
3382 3097 3582 3151 claudit
3612 3109 3661 3152 et

2080 3201 2229 3240 nemo
2255 3187 2422 3257 aperit
2451 3186 2631 3257 (Apoc.
2671 3202 2757 3250 ιιι,
2789 3185 2864 3257 7).
2896 3185 3001 3240 Per
3042 3196 3270 3241 mortem
3296 3202 3429 3243 vero
3457 3187 3565 3253 ille,
3593 3189 3659 3244 de

2079 3289 2187 3344 quo
2208 3275 2467 3343 scriptum
2489 3282 2600 3329 est:
2624 3273 2832 3329 Invidia
2857 3284 3031 3329 autem
3047 3273 3243 3329 diaboli
3264 3291 3408 3329 mors
3427 3276 3660 3331 introivit

2079 3366 2134 3417 in
2151 3365 2323 3419 orbem
2349 3374 2607 3419 terrarum
2629 3363 2781 3436 (Sap.
2808 3382 2871 3430 ιι,
2893 3363 3007 3437 Ἃ).
3037 3364 3104 3419 Ει
3118 3380 3215 3435 per
3239 3364 3535 3432 inferos,hi
3563 3366 3659 3437 qui

2079 3456 2148 3512 ad
2190 3472 2312 3511 eum
2338 3458 2609 3527 pertinent
2657 3458 3052 3527 exprimuntur.
3083 3456 3178 3512 His
3204 3458 3389 3527 itaque
3416 3458 3659 3515 clavibus

2078 3544 2291 3600 laxatur
2335 3545 2578 3602 diabolus
2623 3546 2692 3602 ad
2732 3546 3045 3602 tentandum
3085 3544 3405 3613 Ecclesiam,
3442 3555 3497 3602 et
3536 3547 3658 3603 istis

2079 3635 2355 3706 religatur.
2386 3635 2538 3691 Unde
2572 3637 2834 3706 scriptum
2859 3644 2978 3691 est:
3010 3632 3212 3690 Fidelis
3248 3633 3388 3690 Deus
3414 3636 3503 3706 qui
3549 3650 3658 3689 non

2077 3728 2306 3796 patietur
2326 3744 2412 3783 vos
2436 3727 2625 3782 tentari
2649 3745 2809 3799 supra
2833 3742 2996 3797 quam
3017 3727 3233 3798 potestis
3254 3726 3428 3783 facere
3446 3725 3503 3797 (1
3521 3722 3650 3781 Cor.

2080 3834 2132 3882 χ,
2161 3818 2274 3889 15).
2329 3819 2514 3891 (Vsus.
2547 3816 2661 3891 19.)
2699 3817 2879 3874 Scribe
2907 3834 3029 3887 ergo
3078 3834 3196 3888 qua:
3224 3817 3412 3883 vidisti,
3436 3824 3485 3871 et
3523 3832 3648 3887 quae

2078 3916 2216 3974 sunt,
2246 3916 2293 3961 et
2315 3924 2433 3979 qua:
2464 3917 2660 3978 oportet
2700 3908 2817 3978 ﬁeri
2841 3918 2955 3978 post
2984 3909 3113 3962 lucc.
3143 3907 3359 3962 Transit
3385 3921 3417 3961 a
3455 3920 3651 3977 genere

2079 3997 2145 4053 ad
2197 3998 2453 4068 speciem.
2491 3999 2628 4054 Hinc
2665 3999 2808 4054 enim
2843 3997 3078 4053 Joannes
3105 3997 3489 4067 prsedicatores
3529 4010 3660 4067 spe-

2078 4089 2287 4145 cialiter
2319 4089 2584 4160 designat.
2611 4089 2679 4143 Et
2716 4096 2843 4144 nota
2875 4089 3000 4158 quia
3028 4103 3148 4159 quae
3168 4085 3283 4156 jam
3329 4087 3541 4142 dixerat
3570 4101 3660 4141 re»

2078 4183 2235 4250 petit,
2263 4189 2324 4235 ut
2365 4179 2523 4249 culpa
2551 4180 2784 4249 torporis
2810 4186 3142 4234 amoveatur.
3174 4175 3354 4232 Scribe
3380 4192 3522 4247 ergo,
3557 4175 3657 4239 ait,

403 4268 600 4333 Aliter,
650 4260 779 4333 quid
805 4276 903 4331 per
936 4259 1129 4316 faciem
1166 4258 1364 4351 angeli,
1391 4257 1494 4313 nisi
1542 4259 1845 4314 ineat-natio
1874 4259 1979 4315 Re—
2005 4284 2058 4351 υ
2079 4286 2195 4343 quat
2238 4269 2430 4334 vidisti,
2470 4277 2723 4339 tanquam
2773 4267 2994 4333 diceret,
3026 4267 3080 4320 in
3123 4265 3241 4336 lege
3276 4272 3333 4320 et
3379 4264 3658 4334 prophetis

406 4356 702 4430 demptoris
725 4353 1031 4420 manifesta,
1052 4367 1170 4423 quae
1191 4350 1337 4407 velut
1357 4358 1536 4407 ortum
1551 4351 1738 4406 habuit
1758 4365 1978 4407 nascen-

405 4451 498 4517 do,
542 4463 796 4506 occasum
820 4445 1117 4509 moriendo,
1147 4452 1205 4498 et
1240 4443 1369 4499 item
1410 4450 1590 4497 ortum
1616 4443 1978 4512 resurgendo?

406 4541 473 4595 Et
499 4540 624 4611 quia
643 4540 757 4610 jam
784 4536 901 4606 ejus
949 4534 1273 4592 resurrectio
1311 4547 1409 4603 per
1435 4540 1604 4588 totum
1645 4532 1832 4588 orbem
1861 4532 1973 4588 cla-

405 4639 609 4696 ruerat,
631 4627 786 4698 quasi
806 4626 886 4683 sol
904 4625 1230 4682 meridianas
1244 4624 1406 4679 horas
1425 4624 1830 4690 conscenderat,
1851 4639 1974 4679 cum

403 4721 640 4779 Joannes
680 4721 783 4776 ista
834 4718 1119 4783 cernebat;
1163 4715 1388 4786 ideoque
1438 4729 1562 4769 cum
1612 4714 1977 4770 additamento

406 4811 481 4866 ait
514 4830 529 4866 :
559 4812 694 4867 sicut
713 4809 847 4864 lucet
865 4806 944 4864 sol
972 4808 1029 4860 in
1055 4806 1241 4862 virtute
1260 4820 1376 4860 sua.

478 4903 640 4959 Vens.
668 4900 753 4954 l7.
776 4928 848 4940 -—
867 4898 935 4953 Et
961 4913 1078 4951 cum
1099 4896 1337 4952 vidissem
1365 4910 1504 4961 eum,
1532 4894 1693 4949 cecidi
1729 4894 1798 4948 ad
1824 4893 1977 4963 pedes

2080 4363 2258 4418 futura
2286 4362 2353 4417 de
2397 4376 2511 4427 me;
2540 4370 2590 4415 et
2632 4374 2750 4432 qua:
2774 4367 2916 4426 sunt,
2943 4356 3151 4415 scilicet
3177 4354 3515 4425 impletaper
3545 4368 3651 4415 me,

2077 4464 2128 4511 et
2147 4471 2263 4527 qua:
2283 4461 2481 4525 oportet
2501 4451 2619 4521 fieri
2642 4460 2759 4523 post
2778 4451 2911 4516 lucc,
2955 4449 3010 4504 id
3044 4454 3127 4504 est
3160 4462 3283 4517 quae
3308 4452 3433 4501 sunt
3476 4443 3648 4499 adim-

2078 4543 2270 4614 plenda
2301 4543 2354 4597 in
2383 4541 2638 4597 membris
2686 4541 2840 4595 meis.
2874 4537 2980 4593 Sed
3021 4537 3109 4592 hic
3135 4536 3274 4592 liber
3310 4534 3428 4607 jam
3470 4532 3650 4588 debito

2082 4635 2188 4690 [ine
2215 4632 2543 4690 claudendas
2566 4637 2669 4697 est,
2696 4644 2764 4686 ne
2799 4636 2926 4684 ante
2959 4626 3223 4683 lassemur
3248 4626 3305 4680 in
3338 4636 3646 4693 camporum

2080 4724 2323 4797 planitie,
2347 4737 2506 4793 quam
2532 4722 2600 4777 ad
2624 4719 2783 4790 hujus
2806 4716 3154 4791 Apocalypsis
3176 4716 3482 4771 subeundos
3502 4727 3650 4767 mon-

2083 4823 2165 4871 tes
2184 4813 2481 4869 veniamus.

1574 5144 1874 5220 LIBER
1929 5142 2486 5221 SECUNDUS.

489 5354 558 5409 Ut
579 5354 907 5425 prtecedenti
931 5353 1071 5409 libro
1109 5352 1223 5422 jam
1250 5349 1485 5405 diximus
1503 5386 1517 5413 ,
1559 5346 1700 5401 hanc
1721 5344 1980 5400 visionem

413 5445 507 5500 alii
536 5445 847 5515 spiritalem,
889 5446 980 5501 alii
1013 5430 1429 5501 intellectualem
1457 5447 1724 5495 asserunt.
1759 5435 1912 5502 Quod
1937 5436 1983 5489 si

415 5535 788 5597 intetlectuatis
826 5535 927 5591 fuit
952 5576 967 5603 ,
1013 5549 1120 5590 non
1148 5534 1202 5589 in
1230 5547 1325 5588 sua
1368 5530 1460 5586 sed
1492 5529 1544 5582 in
1588 5523 1985 5581 aliorum.dicit

2087 5339 2267 5412 [Cod.,
2300 5338 2481 5410 discit]
2509 5351 2756 5409 persona.
2788 5334 2845 5390 Si
2878 5349 3007 5390 vero
3030 5331 3308 5403 spiritalis,
3334 5329 3657 5401 quibusdam

2085 5430 2217 5484 locis
2243 5430 2511 5498 quomodo
2534 5425 2937 5496 intelligentiam
2964 5423 3191 5479 visionis
3213 5419 3481 5489 acceperit
3500 5418 3656 5481 dicit,

2086 5518 2405 5588 quibusdam
2439 5523 2618 5572 autem
2660 5524 2818 5572 tacet.
2870 5516 2935 5570 Et
2974 5517 3075 5570 hoc
3115 5513 3331 5584 quidem
3358 5509 3659 5573 moderate,
