4002 6186
1202 238 1608 297 EXEGETlCA.
1643 266 1709 279 .-
1745 196 2099 294 nonnum.
2138 235 2207 289 IN
2246 232 2628 289 APOCAL.—
2665 232 2791 287 un.
2831 230 2894 286 ιι.

425 365 551 432 quia
577 362 622 418 si
663 375 760 430 per
786 366 955 413 totum
998 366 1182 427 aperta
1217 355 1355 409 visio
1382 361 1543 414 esset.
1589 352 1871 407 vilesceret
1897 368 1912 415 ;
1943 350 1988 406 si
2021 356 2064 412 Α
2095 352 2410 416 prosecutus
2451 350 2552 398 est.
2607 342 2713 396 Sed
2738 343 2810 396 ab
2830 342 2930 396 hac
2959 340 3135 432 specie
3164 340 3231 393 ad
3258 338 3418 432 aliam
3449 339 3676 432 reﬂectit

424 468 491 506 ex
524 460 635 505 toto
661 449 864 513 clausa,
907 452 1360 502 contemneretur.
1413 443 1599 513 (Vsus.
1639 440 1755 512 20.)
1805 439 2002 495 Sacra-

426 551 655 596 mentum
682 547 872 610 septem
895 534 1165 591 stellarum
1188 550 1317 605 quas
1348 530 1519 588 vidisti
1548 532 1603 585 in
1627 530 1837 583 dextera
1864 544 1997 588 mea,

425 642 474 686 et
500 641 690 702 septem
706 626 1020 687 candelabra
1043 641 1241 689 aurea;
1264 633 1455 694 septem
1484 619 1667 685 stellae,
1691 617 1861 688 angeli
1882 624 2001 670 sunt

425 732 617 792 septem
662 719 1059 781 Ecclesiarum;
1110 724 1159 769 et
1207 712 1524 768 candelabra
1551 718 1765 779 septem,
1811 715 2002 776 septem

429 810 678 866 Ecclesia
700 819 843 865 sunt.
870 808 946 864 De
977 807 1063 863 his
1096 803 1424 861 suiﬁcicuter
1443 799 1557 869 jam
1585 797 1795 852 dictum
1822 802 1926 849 est.

1057 934 1281 992 CAPUT
1317 932 1382 987 II.

503 1069 660 1121 Vens.
725 1065 776 1120 1.
818 1095 889 1105 -
934 1065 1001 1118 Et
1044 1064 1226 1135 angelo
1272 1062 1464 1134 Ephesi
1512 1060 1763 1116 Ecclesia:
1799 1059 2003 1113 scribe:

430 1160 559 1214 Παῖς
585 1160 709 1216 dicit
731 1159 819 1230 qui
842 1167 976 1212 tenet
1004 1167 1192 1228 septem
1227 1155 1405 1210 stellas
1427 1155 1480 1208 in
1510 1152 1723 1207 dextera
1761 1168 1882 1215 sua,
1917 1150 2007 1222 qui

427 1248 658 1306 ambulat
698 1248 753 1303 in
799 1248 965 1301 medio
995 1256 1185 1317 septem
1222 1243 1653 1299 candelabrorum
1701 1256 2000 1295 aureorum.

429 1340 614 1409 (Vens.
643 1335 723 1407 2.)
774 1336 895 1392 Scio
924 1353 1079 1405 opera
1106 1345 1220 1400 tua,
1254 1344 1302 1388 et
1328 1334 1577 1397 laborem,
1628 1341 1676 1387 et
1704 1330 2005 1401 patientiam

428 1439 592 1481 tuam.
629 1427 743 1482 Hoc
780 1425 899 1480 loco
927 1427 1115 1481 beatus
1141 1423 1394 1487 Joannes,
1438 1422 1523 1476 vel
1553 1436 1619 1475 ex
1646 1419 1884 1489 propria,
1921 1418 2003 1471 vel

427 1529 492 1568 ex
517 1513 933 1582 praecedentium
969 1512 1384 1579 praedicatorum
1424 1523 1672 1579 persona,
1714 1507 1875 1563 verba
1901 1505 2004 1558 Do-

429 1603 558 1657 mini
583 1602 697 1672 ipso
724 1602 945 1673 jubeute
972 1600 1162 1655 scribit
1188 1600 1256 1654 ad
1293 1596 1653 1652 universalem
1679 1594 2002 1656 Ecclesiam,

2101 449 2405 491 sermonem
2431 474 2445 497 ,
2509 447 2673 502 quam
2727 432 2942 499 dignam
2980 429 3185 497 judicat
3237 429 3674 497 reprehensione.
3718 478 3719 481 η

2100 526 2338 582 Primam
2381 532 2560 580 autem
2594 524 2920 578 charitatcm
2964 538 3062 576 usu
3110 522 3357 577 humana:
3385 519 3678 577 locutionis

2101 620 2232 676 dicit
2251 616 2450 688 prioris
2480 615 2758 685 temporis.

2174 707 2272 763 Sin
2296 716 2492 770 autem,
2520 704 2664 758 venio
2691 703 2803 767 tibi,
2836 711 2882 756 et
2907 702 3113 756 movebo
3141 700 3510 757 candelabth
3535 711 3681 759 tuum

2101 802 2166 855 de
2189 801 2301 855 loco
2327 816 2446 863 suo,
2480 799 2580 853 nisi
2611 796 3176 867 pwnitemiamegeris.
3218 794 3357 859 Quid
3388 804 3471 850 est
3498 795 3684 863 impas-

2102 892 2297 947 uitenti
2337 891 2536 952 dicere,
2578 890 2725 942 venio
2757 887 2870 950 tibi,
2916 887 3017 940 nisi
3047 887 3389 952 praesentiam
3435 888 3529 942 ira:
3551 901 3685 941 mea:

2103 982 2305 1037 sentire
2333 988 2382 1035 te
2428 978 2668 1032 faciam?
2712 978 2781 1030 Et
2807 978 2931 1045 quia
2960 978 3183 1048 angelus
3209 986 3264 1033 et
3302 978 3685 1033 candelabrum

2103 1084 2200 1139 per
2222 1068 2671 1139 signiﬁcationem
2702 1082 2867 1121 unum
2890 1074 3038 1129 sunt,
3082 1067 3211 1135 quid
3234 1075 3318 1120 est
3346 1068 3547 1130 dicere,
3572 1083 3685 1120 mo-

2104 1158 2223 1212 vebo
2253 1156 2622 1210 candelabrum
2649 1165 2795 1209 tuum
2836 1154 3036 1208 deloco
3064 1171 3183 1218 suo,
3214 1154 3318 1209 nisi
3343 1156 3572 1210 movebo
3595 1156 3687 1209 te?

2104 1249 2193 1307 ubi
2224 1264 2329 1302 uou
2365 1255 2508 1302 totus
2530 1246 2774 1316 angelus,
2800 1244 2893 1299 sed
2924 1260 3049 1312 pars
3074 1244 3192 1314 ejus
3221 1244 3328 1314 imp
3347 1262 3363 1295 ι
3383 1245 3563 1299 nitens
3592 1245 3686 1299 de-

2104 1339 2195 1395 bet
2224 1337 2473 1406 intelligi,
2504 1334 2659 1403 cujus
2686 1335 2835 1389 locus
2858 1330 2941 1387 eSt
2977 1333 3235 1388 Ecclesia.
3266 1334 3403 1387 Nam
3428 1335 3554 1404 quia
3582 1351 3693 1390 non

2105 1440 2273 1493 genus
2300 1426 2396 1479 sed
2422 1425 2658 1492 speciem
2686 1424 2740 1477 in
2767 1422 2959 1492 angelo
2992 1422 3185 1491 tangit,
3216 1423 3334 1476 ideo
3361 1422 3537 1479 locum
3570 1435 3689 1494 spe-

2106 1518 2205 1572 eiei
2234 1518 2284 1571 in
2313 1531 2510 1588 genere
2545 1515 2801 1571 ostendit.
2858 1514 2925 1567 Et
2966 1514 3258 1567 notandum
3290 1515 3416 1582 quia
3456 1530 3565 1569 non
3589 1517 3686 1579 ait,

2105 1607 2421 1677 projiciam,
2474 1606 2567 1664 sed
2617 1604 2868 1669 movebo,
2916 1604 3209 1661 ostendens
3261 1604 3692 1674 impmnitentem

428 1708 545 1762 quae
568 1690 670 1761 per
697 1690 944 1762 angelum
971 1690 1388 1745 demonstratur.
1417 1690 1472 1742 ln
1503 1703 1610 1757 quo
1633 1686 1821 1756 angelo
1845 1685 2002 1737 modo

2114 1698 2339 1766 quandiu
2368 1697 2423 1751 in
2452 1697 2553 1750 hac
2580 1696 2688 1753 vita
2728 1702 2999 1757 versatur,
3042 1708 3381 1763 nequaquam
3405 1696 3472 1750 ab
3497 1695 3687 1751 Εειιαο

429 1800 597 1843 totum
625 1788 914 1843 electorum
947 1799 1165 1854 corpus,
1195 1782 1339 1852 quod
1364 1797 1430 1836 ex
1460 1780 1660 1835 sanctis
1688 1778 2002 1848 praedicato-

430 1880 577 1935 ribus
612 1886 667 1934 et
694 1877 849 1933 bonis
878 1875 1214 1931 auditoribus
1239 1880 1474 1937 constat,
1518 1870 1789 1940 prmconio
1831 1869 2003 1923 laudis

429 1968 724 2033 attollitur;
779 1966 936 2021 modo
982 1964 1142 2019 etiam
1188 1978 1314 2032 pars
1361 1961 1667 2031 specialiter
1698 1967 1920 2014 notatur
1949 1958 2004 2012 in

429 2059 604 2113 malis.
654 2057 793 2124 Quid
821 2056 986 2125 igitur
1007 2065 1092 2109 est
1118 2053 1402 2107 Dominum
1432 2050 1845 2118 Redemptorem
1877 2046 2005 2099 stel-

429 2152 508 2202 las
534 2147 587 2202 iu
617 2146 838 2203 dextera
869 2153 1074 2208 tenere,
1123 2142 1227 2196 nisi
1270 2140 1469 2196 electos
1498 2153 1625 2193 suos
1654 2138 1707 2194 in
1731 2135 2003 2206 prOSperi-

428 2235 553 2289 tatis
573 2234 900 2290 beatitudine
930 2231 1339 2302 przedestinatos
1368 2227 1609 2283 habere?
1652 2225 1790 2291 Quid
1824 2232 2005 2278 autem

426 2335 509 2381 est
529 2325 777 2381 eumdem
807 2326 862 2378 in
894 2324 1069 2377 ttiodio
1094 2320 1537 2376 candelabrorum
1566 2316 1865 2377 ambulare,
1901 2314 2006 2366 nisi

426 2415 715 2484 unicuique
735 2421 1045 2469 sanctorum
1072 2410 1301 2481 gratiam
1327 2409 1588 2461 donorum
1617 2404 1891 2474 largiendo
1911 2417 2009 2472 per

428 2507 694 2560 iuternam
740 2502 1114 2558 discretionem
1163 2498 1362 2566 ubique
1408 2503 1728 2567 praesentem
1777 2494 2007 2548 adesse?

428 2593 582 2661 Quod
621 2593 666 2648 si
690 2608 786 2663 per
820 2590 1001 2647 stellas
1031 2597 1085 2644 et
1111 2586 1435 2644 candelabra
1467 2595 1638 2640 totum
1680 2600 1877 2654 corpus
1900 2584 2006 2638 Ec—

428 2684 606 2740 clesize
646 2682 972 2752 accipimus,
1006 2679 1151 2750 quod
1193 2691 1261 2730 ex
1289 2676 1476 2732 electis
1518 2683 1572 2731 et
1602 2674 1844 2745 reprobis
1877 2689 2007 2728 con-

430 2783 574 2840 stat;
622 2789 719 2843 per
742 2774 1020 2828 dexteram
1053 2770 1256 2827 Christi
1296 2769 1529 2839 potentia
1572 2768 1869 2823 divinitatis
1893 2767 2009 2837 ejus

430 2866 768 2936 intelligenda
793 2872 895 2928 est,
923 2879 1084 2933 quam
1108 2862 1287 2918 nullus
1315 2869 1493 2931 potest
1517 2861 1768 2925 evadere,
1796 2860 1920 2929 quia
1956 2860 2011 2913 iu

430 2974 591 3013 manu
620 2955 735 3025 ejus
760 2965 885 3011 sunt
909 2971 1098 3012 omnes
1126 2954 1261 3010 ﬁnes
1288 2964 1445 3010 terra:
1470 2971 1484 3021 ;
1528 2955 1620 3024 qui
1650 2954 1791 3009 inter
1811 2953 2007 3009 caude-

431 3050 578 3105 lahra
627 3048 902 3113 ambulat,
938 3047 1114 3119 justos
1155 3047 1444 3110 visitando,
1487 3054 1543 3100 et
1584 3044 1810 3113 injustas
1849 3045 2006 3100 dese-

432 3140 616 3194 rendo.
644 3138 825 3207 Opera
849 3144 1049 3202 autem,
1081 3144 1135 3193 et
1170 3136 1435 3201 laborem,
1461 3144 1516 3189 et
1543 3134 1858 3204 patientiam
1884 3149 2008 3189 san-

431 3241 639 3285 ctorum
667 3244 727 3286 se
752 3228 1010 3283 Dominus
1054 3229 1195 3285 scire
1223 3226 1491 3298 perhibet,
1541 3228 1642 3281 hoc
1667 3234 1751 3281 est
1779 3242 1875 3296 per
1899 3226 2008 3281 ele-

431 3320 623 3375 ctiouis
646 3319 875 3390 gratiam
899 3318 1217 3388 approbare.
1259 3317 1366 3372 Sed
1391 3331 1518 3370 ecce
1545 3316 1612 3371 ad
1642 3314 2007 3370 iulirmautem

432 3408 720 3479 specialem
742 3408 986 3477 corporis
1013 3415 1224 3478 partem
1253 3421 1431 3463 sermo
1458 3406 1689 3460 recurrit
1724 3420 1848 3461 cum
1879 3407 2007 3461 sub-

433 3501 580 3556 ditur
600 3515 615 3554 :

503 3592 573 3646 Et
598 3593 721 3662 quia
748 3596 1005 3650 sustinere
1036 3608 1139 3647 non
1182 3595 1329 3649 vales
1352 3591 1539 3649 malos.
1576 3589 1694 3646 Non
1722 3590 1865 3647 enim
1892 3591 2011 3646 lau-

434 3682 540 3747 dis,
579 3683 674 3737 sed
702 3699 908 3753 magna:
951 3682 1281 3739 inﬁrmitatis
1311 3683 1506 3739 iudicia
1549 3690 1676 3737 sunt
1700 3722 1714 3747 ,
1762 3681 2011 3753 angelum

435 3773 605 3832 malos
631 3774 899 3829 sustinere
921 3789 1026 3829 non
1057 3787 1232 3842 posse.
1263 3773 1332 3827 Et
1358 3774 1654 3828 notandum
1682 3773 1809 3840 quia
1837 3772 2013 3826 eidem

436 3862 622 3933 angelo
643 3861 866 3917 inferius
885 3863 1043 3917 dicit:
1072 3860 1595 3932 Sustinuistiprapter
1615 3876 1800 3914 nomen
1819 3877 2012 3925 meum,

438 3952 579 4020 quod
612 3951 739 4006 huic
763 3950 885 4006 loco
927 3950 1258 4005 contrarium
1296 3966 1404 4004 non
1436 3959 1541 4015 est,
1569 3952 1693 4021 quia
1717 3951 1769 4005 in
1792 3966 1901 4009 uno
1935 3951 2014 4009 in-

440 4041 689 4105 lirmitas,
732 4040 787 4094 in
815 4039 985 4096 altero
1029 4040 1395 4095 membrorum
1418 4040 1644 4096 ﬁrmitas
1674 4041 2012 4101 demonstra-

438 4140 544 4184 tur.
590 4130 657 4183 Et
686 4130 897 4184 tentasti
940 4145 1026 4182 eos
1072 4129 1161 4198 qui
1189 4145 1243 4182 se
1275 4129 1454 4184 dicunt
1499 4147 1608 4185 esse
1644 4131 1938 4202 apostolos,
1966 4143 2014 4187 et

436 4236 541 4275 non
568 4228 711 4284 sunt,
754 4228 803 4273 et
830 4218 1067 4273 invenisti
1110 4236 1196 4273 eos
1241 4220 1533 4274 mendaces.
1582 4221 1876 4277 Pullulasse
1900 4239 2015 4278 cre-

2102 1788 2185 1845 sia
2208 1786 2446 1843 funditus
2473 1784 2630 1843 avelli
2657 1801 2671 1849 ;
2705 1785 2799 1841 sed
2835 1784 3032 1839 donum
3061 1782 3387 1847 sanctitatis,
3431 1800 3536 1850 quo
3565 1797 3689 1843 ante

2104 1878 2369 1931 humanos
2385 1874 2569 1933 oculos
2597 1874 2829 1937 lucebat,
2856 1882 3079 1943 propter
3098 1868 3191 1927 cor
3217 1874 3560 1942 itupmniteus
3583 1892 3689 1933 non

2104 1962 2323 2017 mereri.
2380 1963 2593 2021 Movere
2640 1973 2822 2019 autem
2855 1961 3117 2017 Dominus
3155 1963 3536 2020 candelabrum
3562 1964 3691 2020 dici-

2105 2062 2215 2118 tur,
2257 2052 2311 2107 id
2349 2061 2561 2111 estnon
2590 2060 2850 2115 statuere,
2901 2052 3041 2108 sicut
3070 2066 3165 2106 cor
3210 2051 3509 2109 Pharaonis
3538 2055 3693 2109 indu-

2107 2158 2246 2199 rare.
2292 2142 2515 2209 Quando
2541 2143 2703 2213 igitur
2736 2143 2966 2212 quisque
3008 2143 3215 2198 crimen
3263 2145 3520 2211 admittit,
3566 2154 3695 2205 tunc

2107 2234 2158 2287 in
2206 2240 2499 2303 conspectu
2542 2233 2824 2289 hominum
2870 2240 3116 2289 movetur
3142 2233 3526 2295 candelabrum
3551 2236 3691 2307 ejus.

2105 2324 2197 2390 qui
2221 2322 2265 2377 si
2291 2323 2400 2375 cito
2421 2337 2518 2390 per
2543 2321 2916 2391 paenitentiam
2942 2323 3259 2387 surrexerit,
3287 2324 3412 2393 quia
3432 2324 3487 2379 in
3507 2326 3694 2383 eodem

2107 2414 2225 2468 loco
2285 2414 2709 2470 misericorditer
2771 2414 3066 2471 collocatur
3095 2455 3108 2479 ,
3155 2424 3211 2471 et
3261 2419 3333 2473 ob
3378 2420 3481 2475 hoc
3542 2422 3694 2476 multi

2107 2510 2253 2557 stant
2282 2501 2335 2555 in
2362 2511 2655 2570 conspectu
2701 2501 2836 2563 Dei,
2884 2501 2974 2570 qui
3004 2500 3056 2554 in
3088 2514 3380 2572 conspectu
3415 2506 3693 2563 hominum

2100 2591 2281 2659 jacere
2304 2592 2571 2645 videntur.
2610 2590 2753 2644 Dicit
2776 2605 2926 2659 ergo,
2951 2590 3158 2644 movebo
3181 2593 3290 2648 cito
3317 2594 3691 2651 candelabrum
3722 2638 3725 2641 λ

2109 2693 2256 2737 tuum
2302 2682 2366 2735 de
2408 2680 2522 2734 loco
2569 2697 2700 2744 suo,
2742 2681 2847 2734 nisi
2892 2681 3268 2749 pmnitentiam
3304 2686 3501 2754 egeris,
3534 2686 3587 2739 id
3612 2696 3695 2742 est

2108 2790 2304 2831 munus
2330 2775 2635 2830 sanctitatis
2660 2781 2781 2844 post
2811 2773 3021 2843 lapsum
3049 2790 3157 2830 non
3188 2776 3440 2846 recipies,
3472 2777 3576 2835 nisi
3600 2793 3696 2835 cor

2108 2869 2175 2923 ad
2198 2866 2573 2938 prnuitentiam
2595 2865 2849 2930 emollire
2876 2865 3174 2923 curaveris.

2177 2959 2342 3014 Vnus.
2369 2956 2423 3011 6.
2448 2985 2520 2995 —
2548 2955 2655 3012 Sed
2681 2956 2776 3010 hoc
2798 2956 2977 3020 habes,
3006 2956 3145 3027 quod
3175 2955 3331 3012 odisti
3360 2957 3503 3027 facta
3529 2956 3686 3012 Nico-

2110 3048 2382 3111 laitarum,
2413 3063 2529 3117 qum
2551 3056 2599 3100 et
2629 3063 2721 3116 ego
2753 3046 2841 3100 odi
2863 3063 2882 3111 ;
2924 3061 2988 3101 ac
3012 3046 3059 3103 si
3081 3046 3368 3105 universali
3397 3047 3588 3117 angelo
3611 3049 3696 3107 di~

2110 3146 2325 3195 ceretur
2352 3157 2363 3191 :
2397 3136 2513 3193 Non
2544 3137 2598 3191 iu
2624 3151 2688 3190 ea
2714 3136 2914 3206 specie,
2944 3151 3107 3205 quam
3136 3152 3279 3190 nunc
3308 3137 3501 3203 terrui,
3526 3136 3622 3193 sed
3642 3139 3696 3193 in

2109 3228 2214 3283 alia
2242 3228 2346 3283 hoc
2375 3227 2564 3291 habes,
2606 3226 2731 3296 quia
2758 3224 2914 3280 odisti
2941 3224 3084 3294 facta
3122 3224 3532 3291 Nicolaitarum,
3576 3242 3695 3298 quae

2109 3325 2157 3370 et
2181 3333 2272 3389 ego
2301 3317 2408 3370 odi.
2448 3315 2579 3382 Qua:
2620 3324 2746 3371 sunt
2774 3321 2953 3371 autem
2983 3316 3235 3385 specialia
3268 3315 3413 3371 facta
3454 3317 3691 3377 Nicolai-

2110 3415 2289 3460 tarum
2314 3445 2331 3471 ,
2384 3406 2576 3460 beatus
2617 3404 2953 3475 Augustinus
2995 3404 3050 3458 in
3092 3403 3233 3459 libro
3278 3406 3346 3459 de
3387 3404 3698 3462 Haeresibus

2109 3494 2595 3561 ostendit,dicens:
2644 3514 2660 3545 ι
2702 3494 2977 3557 Nicotaus,
3009 3503 3070 3549 ut
3102 3493 3295 3557 fertur,
3340 3510 3481 3549 unus
3507 3493 3607 3549 fuit
3632 3512 3696 3551 ex

2114 3586 2219 3641 illis
2246 3594 2454 3654 septem
2482 3584 2798 3639 diacouibus
2845 3583 2937 3652 qui
2973 3583 3205 3638 ordinati
3235 3592 3362 3638 sunt
3388 3585 3456 3639 ab
3484 3594 3699 3654 aposto-

2112 3675 2200 3741 lis,
2229 3674 2452 3743 quique,
2478 3688 2599 3727 cum
2624 3673 2743 3726 zelo
2768 3671 3149 3742 pulcherrima:
3180 3671 3421 3745 conjugis
3450 3675 3698 3746 culpare-

2116 3770 2223 3827 tur,
2265 3761 2529 3831 purgandi
2559 3774 2616 3816 se
2643 3777 2809 3817 causa
2836 3762 3153 3831 permisisse
3197 3762 3371 3819 fertur
3398 3773 3457 3821 ut
3493 3782 3580 3833 ea,
3606 3768 3699 3839 qui

2114 3853 2296 3920 vellet,
2323 3862 2588 3918 uteretur,
2620 3855 2763 3923 quod
2803 3854 2921 3925 ejus
2949 3854 3150 3910 factum
3180 3857 3233 3910 in
3260 3861 3701 3924 sectamturpis.

2115 3942 2304 3999 simam
2332 3957 2547 3997 versum
2573 3952 2676 4006 est,
2723 3958 2829 4012 qua
2858 3942 3034 4012 placet
3059 3958 3190 3998 usus
3211 3943 3523 4000 indiﬁ'erens
3546 3945 3701 4001 femi-

2115 4052 2325 4091 narum.
2361 4035 2675 4095 Sectatores
2694 4037 2859 4091 etiam
2883 4038 3022 4107 ejus,
3057 4051 3158 4091 nec
3194 4038 3263 4092 ab
3290 4037 3375 4092 his
3402 4053 3522 4107 qua:
3544 4038 3701 4094 idolis

2115 4129 2460 4185 immolantur
2479 4130 2725 4185 dividunt
2746 4131 2896 4186 cibos
2919 4145 3067 4185 suos.
3101 4149 3120 4181 ι
3150 4129 3489 4187 Generaliter
3515 4139 3696 4187 autem

2114 4235 2303 4276 omnes
2345 4221 2583 4275 haeretici
2610 4219 2886 4276 Nicolaitze
2912 4229 3057 4276 sunt.
3088 4220 3339 4277 Nicolaus
3363 4223 3505 4277 enim
3534 4222 3702 4277 iuter~

437 4310 669 4367 dentium
701 4318 784 4369 est
808 4317 936 4369 tunc
963 4311 1014 4364 in
1038 4311 1234 4382 Ephesi
1259 4312 1498 4367 Ecclesia
1530 4312 1693 4368 falsos
1721 4316 2014 4384 apostolos,
2040 4349 2092 4407 υ
2118 4318 2360 4380 pretatur
2381 4311 2577 4369 stultus
2599 4312 2846 4381 populus.
2875 4311 3189 4381 Quicunque
3215 4311 3379 4381 igitur
3405 4313 3472 4367 de
3496 4314 3700 4382 sapieno

438 4417 572 4472 quos
597 4402 738 4457 idem
761 4401 994 4458 Joannes
1023 4402 1076 4456 in
1101 4404 1324 4473 epistola
1348 4420 1443 4459 sua
1470 4406 1818 4463 antichristos
1838 4417 2016 4473 vocat,

439 4494 493 4548 iu
544 4509 772 4564 quorum
818 4509 1047 4564 persona
1095 4496 1332 4550 omnium
1377 4497 1750 4555 haereticorum
1792 4500 2016 4569 perﬁdia

439 4593 674 4639 notatur.
732 4584 981 4639 Tcutatio
1006 4594 1184 4639 autem
1226 4586 1512 4656 aliquando
1538 4589 1607 4644 ad
1647 4591 2019 4660 probationem

437 4675 711 4743 pertinet,
755 4682 816 4729 ut
858 4674 1025 4729 illud:
1079 4674 1261 4731 Tentat
1292 4694 1380 4731 vos
1395 4679 1645 4737 Dominus
1688 4681 1829 4741 Deus
1860 4693 2021 4747 vester

441 4764 620 4826 (Deut.
663 4765 864 4836 “11.5).
916 4765 1157 4821 Ecclesia
1197 4782 1327 4839 ergo
1354 4769 1521 4826 falsos
1560 4780 1754 4837 teutat,
1801 4790 1923 4830 cum
1964 4775 2019 4829 in

438 4856 880 4925 prmdicatorihus
907 4856 1190 4912 hrereticos
1232 4860 1297 4913 de
1342 4859 1443 4915 ﬁde
1472 4861 1791 4933 interrogat,
1838 4875 2017 4921 utrum

440 4947 704 5013 veritatis,
748 4964 815 5003 an
859 4948 1124 5004 mendacii
1155 4949 1264 5003 sint
1306 4950 1573 5023 discipuli.
1602 4952 1789 5023 (Vsus.
1819 4957 1898 5021 5.)
1950 4955 2019 5011 Et

434 5057 472 5110 φ
491 5040 744 5094 ιιὶεηιὲαηι
771 5040 950 5105 habes,
985 5050 1035 5096 et
1059 5058 1148 5095 sus
1172 5041 1351 5095 innisti
1378 5053 1586 5113 propter
1614 5060 1797 5099 nomen
1825 5063 2017 5111 meum,

441 5147 532 5185 nec
557 5132 812 5202 defecisti.
861 5131 982 5187 Huic
1022 5134 1147 5203 quia
1176 5134 1461 5190 manifesta
1503 5144 1630 5191 sunt
1660 5146 2016 5197 transeamus.

435 5219 631 5285 (Vsus.
678 5220 758 5290 ι.)
797 5220 902 5276 Sed
941 5222 1103 5277 habeo
1149 5225 1395 5283 adversus
1435 5236 1484 5280 te
1528 5227 1667 5297 quod
1712 5229 2019 5286 charitatem

436 5318 590 5363 tuam
623 5309 846 5380 primam
892 5310 1166 5380 reliquisti.
1215 5317 1401 5384 (Vsus.
1433 5316 1512 5388 5.)
1549 5317 1752 5373 Memor
1778 5328 1885 5373 esto
1915 5322 2019 5375 ita-

432 5413 543 5465 que
581 5397 717 5451 unde
756 5398 1047 5464 excideris,
1093 5410 1141 5454 et
1189 5420 1285 5472 age
1325 5409 1712 5474 pwnitentiam,
1758 5420 1806 5464 et
1850 5413 2021 5483 prima

447 5499 605 5553 opera
632 5485 737 5553 fac.
783 5486 938 5543 Absit
962 5497 1023 5543 ut
1059 5489 1105 5543 is
1129 5491 1358 5560 primam
1387 5497 1705 5557 charitatem
1738 5501 2022 5572 reliquisse

450 5575 720 5641 credatur,
750 5592 908 5646 quem
953 5580 1007 5633 in
1031 5583 1348 5650 praecedenti
1384 5587 1647 5644 versiculo
1687 5598 1836 5646 tanta
1867 5594 2024 5650 laude

2120 4402 2193 4456 tia
2218 4402 2418 4465 Patris,
2452 4417 2572 4473 qum
2597 4411 2679 4457 est
2700 4401 2888 4468 Filius,
2918 4418 3046 4457 vera
3073 4420 3177 4458 non
3205 4406 3466 4469 sentiunt,
3492 4406 3596 4463 etsi
3620 4422 3702 4465 εει

2119 4494 2328 4561 pientes
2351 4493 2460 4547 sint
2493 4493 2720 4559 smculo,
2753 4495 3047 4550 secundum
3073 4496 3243 4549 Deum
3275 4496 3471 4554 stultos
3496 4512 3554 4554 se
3579 4513 3704 4557 esse

2121 4584 2512 4638 demonstrant.
2563 4584 2868 4640 Invenimus
2896 4594 2951 4640 et
2994 4586 3049 4643 iu
3085 4586 3324 4644 Ecclesia
3360 4589 3695 4657 Nicolaitas;

2119 4686 2214 4727 eos
2240 4673 2468 4738 scilicet,
2512 4689 2649 4744 quos
2673 4674 2836 4731 stulte
2865 4676 2918 4729 in
2962 4683 3179 4732 terreno
3223 4693 3407 4734 amore
3435 4680 3702 4739 thesauri-

2120 4777 2247 4817 zare
2268 4762 2531 4820 videmus.
2566 4762 2873 4820 Notandum
2894 4765 3147 4835 denique,
3173 4768 3299 4836 quia
3331 4784 3438 4825 n0n
3461 4771 3558 4836 ait,
3588 4772 3702 4827 odi-

2120 4856 2188 4910 sti
2214 4855 2505 4911 Nicolaitas
2524 4899 2539 4921 ,
2571 4858 2666 4912 sed
2696 4856 2836 4926 facta
2873 4856 3283 4926 Nicolaitarum,
3313 4861 3439 4930 quia
3465 4878 3575 4918 non
3606 4879 3702 4918 na.

2122 4954 2320 5010 turam,
2366 4961 2486 5016 quae
2531 4947 2670 5002 bona
2714 4947 2767 5000 in
2813 4946 2917 5003 iliis
2946 4957 3130 5007 creata
3170 4958 3285 5015 est,
3342 4953 3435 5007 sed
3464 4955 3697 5024 pessima

2120 5032 2261 5089 facta
2307 5035 2587 5099 Dominus,
2621 5043 2677 5090 et
2719 5036 2810 5104 qui
2838 5051 2905 5091 ex
2945 5046 3101 5107 parte
3138 5038 3284 5096 illius
3329 5050 3476 5099 sunt.
3526 5041 3579 5097 in
3617 5044 3699 5099 eis

2120 5126 2299 5181 odisse
2332 5128 2652 5196 probantur.

2192 5237 2355 5292 Vens.
2386 5238 2440 5291 7.
2464 5267 2538 5279 --
2564 5237 2668 5303 Qui
2694 5239 2847 5294 habet
2883 5257 3063 5296 aurem
3100 5242 3284 5297 audiat
3319 5244 3444 5314 quid
3469 5243 3699 5315 Spiritus

2121 5324 2261 5379 dicat
2289 5324 2561 5380 Ecclesiis.
2614 5327 2729 5384 Hoc
2756 5330 2899 5384 dicto
2923 5331 3201 5386 evidenter
3225 5333 3459 5387 ostendit
3491 5335 3617 5404 quia
3643 5336 3699 5390 in

2121 5431 2226 5470 una
2251 5415 2607 5484 Ephesiorum
2638 5418 2900 5481 Ecclesia,
2938 5420 3340 5477 universitatem
3369 5424 3699 5480 credentium

2122 5509 2545 5577 comprehendit.
2575 5508 2749 5566 Aures
2792 5527 2922 5565 vero
2951 5528 3057 5567 non
3084 5515 3347 5584 corporis,
3395 5519 3489 5572 sed
3520 5516 3700 5572 eonlis

2124 5599 2389 5667 requirit;
2426 5598 2579 5666 juxta
2609 5600 2772 5655 illud:
2828 5601 2982 5656 Vobis
3010 5602 3128 5657 diro
3154 5644 3168 5668 ,
3206 5606 3295 5676 qui
3323 5606 3539 5661 auditis.
3594 5603 3699 5657 Sed
