4002 6186
274 326 408 382 1103

1115 326 1174 379 Β.
1219 325 1278 379 F.
1319 325 1543 381 ALBINI
1584 325 1714 381 SEU
1755 323 2028 382 ALCUINI
2067 323 2349 380 OPERUM
2390 325 2565 380 PARS
2599 326 2664 381 ll.

3395 325 3530 378 1104

269 455 390 494 cum
418 439 638 512 angelus
661 437 966 508 specialiter
983 433 1109 489 Filii
1129 450 1412 504 personam
1440 437 1687 505 gesserit,
1715 435 1842 504 quid
1874 443 1910 493 Α
1946 436 2047 488 ista
2075 434 2421 500 conveniunt,
2446 436 2537 504 qui
2562 435 2697 490 falso
2726 435 2826 491 sibi
2853 434 3186 500 Iudaeorum,
3215 435 3269 489 id
3290 444 3376 491 est
3403 452 3531 492 con-

271 535 373 588 sibi
401 534 515 588 vult
535 533 676 603 quod
702 547 805 584 non
831 529 1049 594 dicitur,
1100 529 1228 597 quid
1258 528 1353 582 Dei
1385 528 1571 594 Filius,
1603 528 1697 582 sed
1719 528 1843 598 quid

273 624 501 694 Spiritus
541 622 680 674 dicat
725 619 1023 673 Ecclesiis.’
1069 618 1170 672 nisi
1218 619 1342 686 quia
1391 619 1458 672 ad
1504 617 1846 672 instruendos

273 729 448 769 mores
471 715 734 774 humanos
765 712 928 765 verba
957 709 1098 772 Filii,
1136 709 1369 779 Spiritus
1391 710 1551 762 verba
1581 717 1722 763 sunt.
1752 707 1846 760 Vel

273 821 378 861 non
406 803 712 874 specialiter
739 801 970 871 Spiritus
995 801 1163 855 sancti
1196 815 1445 869 persona,
1471 800 1564 854 sed
1593 807 1702 852 tota
1728 797 1846 850 Tri-

281 897 414 953 sitas
448 894 502 947 in
528 892 731 962 Spiritu
757 891 1067 960 accipienda
1093 898 1193 944 est.
1235 888 1468 943 Vincenti
1487 889 1620 943 dabo
1642 889 1688 942 ei
1698 887 1847 942 edere

272 987 335 1036 de
356 984 496 1055 ligno
533 985 670 1046 vitta,
699 982 836 1054 quod
861 992 936 1036 est
965 982 1018 1036 in
1046 984 1293 1051 paradiso
1331 983 1427 1035 Dei
1452 982 1572 1034 mei.
1620 979 1847 1048 Ligmtm

273 1077 396 1130 vita:
429 1074 691 1143 sapientia
728 1073 818 1126 Dei
844 1072 1022 1125 Patris
1043 1079 1145 1135 est,
1168 1073 1320 1140 juxta
1353 1071 1480 1124 illud
1511 1069 1845 1124 Salomonis:

272 1168 466 1220 Beatus
525 1165 686 1219 homo
741 1163 828 1235 qui
879 1163 1068 1216 invenit
1114 1161 1422 1230 sapientiam
1468 1161 1671 1230 lignum
1725 1158 1848 1212 vitae

273 1257 460 1318 tEccli.
495 1273 622 1321 xxv,
659 1257 767 1326 15),
800 1265 855 1310 et
880 1256 1104 1324 reliqua.
1139 1255 1205 1308 Et
1233 1262 1354 1322 apte
1377 1253 1579 1322 lignum
1605 1253 1730 1306 vita:
1755 1267 1849 1306 vo-

258 1359 446 1410 reatur,
486 1349 609 1418 quia
649 1347 701 1400 in
741 1346 994 1414 praesenti
1039 1345 1237 1399 electos
1268 1359 1393 1398 suos
1419 1344 1486 1398 ab
1515 1350 1647 1398 cestu
1689 1341 1848 1396 vitio-

277 1455 393 1493 rum
422 1438 676 1508 protegit,
711 1446 766 1491 ct
792 1436 844 1490 in
871 1435 1048 1489 futura
1074 1434 1404 1489 beatitudine
1431 1433 1608 1488 cibum
1635 1440 1848 1487 aeterna:

270 1530 739 1598 contemplationis
765 1543 824 1582 se
853 1527 1280 1583 desiderantibus
1309 1525 1548 1596 praabet;
1601 1525 1742 1579 unde
1767 1531 1850 1578 est

275 1619 405 1673 illud
433 1637 445 1671 :
480 1617 729 1674 Satiabor
755 1618 878 1672 dum
927 1616 1360 1672 manifestabitur
1389 1616 1521 1671 mihi
1551 1613 1718 1685 gloria
1758 1624 1849 1668 tua

273 1708 443 1778 (Psal.
478 1726 590 1775 xvr,
616 1710 724 1767 15).
767 1709 868 1777 Qui
905 1725 1033 1780 ergo
1061 1711 1272 1776 vicerit,
1302 1710 1354 1765 id
1378 1717 1461 1764 est
1488 1709 1579 1778 qui
1610 1707 1662 1762 in
1689 1707 1847 1764 Chri-

1949 523 2242 588 lltentium,
2273 539 2468 580 nomen
2494 535 2794 580 assumunt.

2018 615 2179 669 Vsus.
2219 615 2304 668 10.
2340 645 2411 655 -
2442 614 2592 669 Nihil
2616 617 2802 669 horum
2824 617 3006 670 timeas
3033 633 3153 687 gate
3173 633 3425 687 passurus
3452 634 3526 674 es.

1945 701 2102 757 Juxta
2132 704 2263 758 illud
2288 706 2655 776 evangelicum
2685 724 2697 758 :
2738 705 2918 760 Nolite
2947 708 3130 760 timere
3151 723 3238 761 eos
3275 709 3362 778 qui
3385 711 3524 763 occi-

1945 795 2078 847 dunt
2123 811 2345 865 corpus,
2390 797 2619 849 animam
2665 805 2838 850 autem
2882 813 2986 850 non
3033 807 3252 867 possunt
3299 800 3526 854 occidere

1947 884 2164 956 (Matth.
2198 902 2252 951 ι,
2282 885 2396 952 28).
2439 885 2574 940 Ecce
2609 887 2864 940 missurus
2895 896 2969 940 est
3009 888 3251 943 diabolus
3292 906 3357 943 ea:
3393 889 3528 943 vobis

1945 972 2000 1026 in
2026 991 2308 1040 carcerem,
2358 984 2413 1027 ut
2445 975 2708 1030 tentemini
2727 1016 2740 1039 ,
2777 986 2825 1029 et
2848 977 3100 1031 habebitis
3143 977 3531 1033 tribulationem

1946 1060 2126 1116 diebus
2175 1063 2370 1116 decem.
2427 1063 2526 1118 Hie
2563 1065 2765 1133 liquido
2812 1067 3135 1132 ostenditur,
3187 1067 3430 1123 diversas
3477 1070 3531 1122 in

1947 1162 2057 1205 uno‘
2090 1154 2280 1222 angelo
2323 1169 2581 1223 personas
2627 1155 2848 1225 alloqui.
2900 1155 3035 1210 Cum
3075 1156 3221 1210 enim
3264 1156 3530 1226 singulari

1947 1258 2173 1298 numero
2199 1245 2541 1313 praemiserit,
2578 1247 2779 1311 timeas,
2823 1248 3016 1317 plurali
3048 1249 3227 1303 intulit
3251 1266 3320 1304 ex
3343 1250 3486 1304 vobis
3510 1267 3532 1316 ;

1948 1341 2000 1387 et
2027 1333 2174 1398 item,
2200 1343 2257 1387 ut
2280 1335 2584 1401 tentemini;
2631 1337 2722 1391 sed
2755 1354 2853 1393 nec
2885 1349 2977 1392 aut
3006 1347 3301 1404 tententur,
3326 1341 3410 1394 vel
3433 1341 3533 1396 ha—

1947 1425 2148 1480 bebunt
2175 1441 2189 1492 ;
2224 1428 2318 1481 sed
2348 1436 2407 1480 ut
2431 1429 2717 1494 tentemini,
2758 1439 2812 1484 et
2849 1430 3140 1484 habebitis:
3173 1441 3232 1486 ut
3265 1433 3366 1488 hoc
3390 1432 3534 1487 dicto

1949 1515 2266 1582 insinuaret,
2317 1518 2368 1571 in
2396 1532 2504 1572 uno
2527 1519 2723 1573 multos
2749 1529 3018 1575 constare.
3049 1521 3340 1576 Universas
3369 1523 3534 1592 igitur

1947 1622 2322 1676 pressurarum
2363 1610 2637 1679 angustias
2676 1611 2891 1666 nomine
2931 1612 3168 1667 carceris
3211 1612 3530 1682 designavit.

1949 1696 2100 1763 Quod
2129 1705 2304 1751 autem
2329 1713 2434 1752 non
2462 1699 2558 1764 ait,
2589 1715 2704 1763 vos,
2749 1701 2842 1754 sed
2870 1717 2934 1754 ex
2959 1700 3120 1765 vobis,
3156 1701 3280 1755 illos
3305 1700 3420 1754 vult
3444 1701 3531 1755 in—

273 1813 374 1866 ςιο,
423 1810 478 1857 ει
521 1817 618 1871 per
647 1801 921 1856 Christum
951 1802 1158 1871 antiqui
1189 1801 1362 1856 hostis
1391 1806 1724 1854 tentamenta
1751 1813 1844 1852 su—
1878 1786 1922 1845 Β
1951 1789 2114 1858 telligi
2146 1789 2236 1857 qui
2262 1805 2328 1843 ex
2358 1790 2521 1845 illatis
2551 1791 2985 1845 tribulationibus
3011 1793 3241 1846 victores
3267 1794 3526 1846 existunt.

271 1892 561 1960 peraverit,
599 1890 744 1946 dabit
770 1890 818 1944 ei
861 1889 1107 1945 Christus
1132 1890 1422 1944 secundum
1459 1887 1849 1942 humanitatem

263 1998 424 2037 suam
451 1983 609 2036 edere
641 1982 706 2036 de
727 1981 877 2052 ‘ligno
911 1981 1054 2045 vitae,
1099 1981 1223 2049 quia
1253 1979 1320 2033 ad
1339 1978 1599 2047 judicium
1628 1976 1850 2031 veniens

265 2072 524 2137 perducet
556 2070 620 2122 ad
647 2069 1108 2138 contemplandam
1135 2068 1428 2123 divinitatis
1464 2083 1575 2121 sua:
1601 2065 1850 2133 majesta-

275 2172 401 2214 tem.
423 2159 732 2213 'Paradisus
764 2168 968 2222 autem,
1017 2159 1071 2212 in
1107 2173 1212 2227 quo
1240 2157 1440 2227 lignum
1463 2167 1545 2212 est
1569 2157 1712 2222 vitae,
1739 2157 1849 2210 vita

273 2259 355 2306 est
381 2259 603 2315 aeterna,
627 2265 747 2319 quae
767 2256 850 2304 est
874 2249 925 2303 in
953 2249 1100 2318 ligno
1123 2248 1267 2302 vita}.
1298 2248 1364 2301 Et
1383 2254 1507 2301 nota
1533 2247 1656 2316 quia
1683 2246 1849 2300 Deum

275 2355 333 2394 se
378 2340 579 2396 habere
613 2339 786 2403 dicit,
837 2339 1129 2392 secundum
1171 2336 1556 2391 humanitatem
1602 2335 1848 2405 loquens,

275 2444 437 2499 quam
462 2445 562 2499 pro
597 2429 751 2483 nobis
781 2429 1088 2498 assumpsit.
1131 2428 1405 2483 "Prmterea
1435 2428 1562 2496 quia
1589 2427 1732 2482 hunc
1756 2444 1852 2481 an-

276 2519 452 2590 gelum
495 2518 690 2588 partim
720 2517 940 2581 laudat,
988 2517 1182 2586 partim
1208 2518 1509 2586 vituperat,
1559 2521 1852 2572 secundum

273 2624 430 2663 suum
461 2623 654 2663 nomen
681 2624 694 2672 ;
747 2606 874 2676 quia
909 2606 1173 2676 Ephesus,
1209 2614 1264 2661 et
1295 2607 1486 2674 lapsus
1519 2621 1764 2676 magnus,
1797 2614 1852 2659 et

276 2698 521 2752 voluntas
551 2711 670 2752 mea
701 2695 918 2751 dicitur.

351 2873 508 2928 Vsus.
550 2871 602 2925 8.
634 2902 700 2911 —
734 2871 800 2925 Et
841 2871 1024 2942 angelo
1067 2870 1312 2924 Ecclesiae
1358 2870 1599 2941 Smyrna:
1644 2873 1850 2927 scribe:

276 2966 387 3017 haec
411 2962 539 3015 dicit
567 2962 786 3030 primus,
829 2969 877 3013 et
915 2959 1244 3024 novissimus,
1271 2961 1360 3030 qui
1389 2961 1486 3030 fuit
1527 2971 1778 3024 mortuus,
1804 2971 1853 3015 et

279 3053 396 3106 vivit
420 3069 437 3115 ;
474 3052 660 3120 (Vsus.
689 3048 744 3118 9)
775 3047 895 3103 Scio
924 3047 1308 3103 tribulationem
1347 3059 1510 3116 tuam,
1553 3061 1603 3106 et
1631 3069 1855 3123 pauper-

1955 1879 2060 1934 Sed
2087 1881 2215 1949 quid
2261 1881 2360 1935 sibi
2391 1881 2505 1934 vult
2544 1882 2684 1950 quod
2731 1881 2986 1936 Ecclesia:
3015 1883 3413 1938 tribulationem
3444 1884 3534 1938 de—

1951 1984 2067 2024 cem
2093 1969 2298 2024 dierum
2323 1985 2548 2025 numero
2586 1970 2898 2026 concludit?
2947 1972 3048 2025 nisi
3073 1972 3196 2040 quia
3224 1981 3410 2026 contra
3437 1987 3533 2025 va-

1951 2060 2059 2114 rias
2086 2059 2520 2130 persecutionum
2563 2061 2860 2130 passiones,
2908 2069 3092 2114 contra
3117 2061 3356 2115 diversas
3380 2061 3528 2131 cupi-

1950 2149 2177 2204 ditatum
2222 2149 2524 2215 illecebras,
2575 2150 2815 2221 decalogi
2864 2133 3130 2204 mandatis
3161 2152 3374 2205 subdita
3402 2165 3530 2206 con-

1950 2241 2168 2310 ﬂigitur.
2217 2239 2345 2294 Esto
2373 2239 2543 2293 ﬁdelis
2590 2255 2760 2308 usque
2787 2241 2855 2291 ad
2881 2247 3130 2302 mortem,
3161 2251 3214 2293 et
3243 2241 3381 2294 dabo
3420 2241 3517 2293 tibi

1949 2345 2203 2385 coronam
2245 2330 2388 2384 vitae.
2444 2329 2556 2384 Hoc
2592 2329 2914 2398 generaliter
2954 2331 3100 2383 omni
3132 2329 3417 2393 Ecclesiae,
3471 2339 3526 2383 et

1952 2421 2255 2492 specialiter
2279 2421 2567 2490 unicuique
2597 2419 2741 2475 ﬁdeli
2778 2420 2993 2474 dicitur.
3026 2419 3163 2474 llinc
3196 2420 3449 2474 Dominus
3472 2420 3527 2474 in

1951 2511 2279 2582 Evangelia:
2333 2511 2437 2575 Qui
2482 2513 2881 2582 perseveraverit
2927 2528 3090 2582 usque
3135 2513 3186 2565 in
3226 2512 3404 2580 ﬁnem,
3453 2511 3538 2565 hic

1951 2600 2126 2654 salvus
2174 2601 2272 2654 erit
2316 2601 2529 2672 (Matth.
2573 2618 2624 2665 κ,
2668 2601 2779 2672 2'2).
2830 2601 3012 2672 (Vens.
3066 2599 3176 2664 ll.)
3237 2601 3340 2665 Qui
3384 2601 3538 2655 habet

1951 2707 2131 2744 aurem
2159 2691 2339 2744 audiat
2365 2691 2489 2763 quid
2523 2691 2751 2761 Spiritus
2777 2690 2917 2745 dicat
2951 2691 3243 2746 Ecclesiis:
3288 2692 3378 2761 qui
3407 2692 3542 2745 rice-

1953 2783 2021 2834 rit
2051 2798 2154 2835 non
2177 2781 2439 2834 la'detura
2465 2791 2627 2835 morte
2647 2782 2893 2836 secunda.
2921 2781 3053 2836 Cum
3079 2797 3233 2836 sacra
3255 2780 3537 2850 Scriptura

1953 2878 2065 2925 tres
2088 2878 2291 2924 mortes
2313 2885 2511 2940 ponere
2551 2871 2703 2925 solita
2731 2871 2801 2925 sit
2827 2891 2839 2924 :
2889 2888 3050 2925 unam
3082 2871 3287 2926 scilicet
3307 2872 3537 2940 peccati,

1957 2961 2180 3016 alteram
2228 2962 2446 3027 carnis,
2487 2961 2644 3015 aliam
2688 2977 2818 3016 vero
2865 2962 3248 3026 damnationis,
3299 2977 3398 3016 cur
3433 2963 3539 3017 hoc

1956 3051 2076 3106 loco
2103 3051 2288 3105 ultima
2315 3052 2589 3105 damnatio
2635 3067 2739 3106 non
2771 3053 2945 3114 tertia,
2999 3053 3092 3108 sed
3130 3053 3363 3107 secunrla
3393 3066 3544 3106 mors

275 3152 475 3204 tatem;
511 3139 600 3192 sed
624 3139 762 3192 dives
798 3154 871 3192 es.
902 3138 1016 3193 Hoc
1047 3146 1250 3193 tantum
1277 3155 1382 3194 non
1410 3141 1523 3204 uni,
1564 3142 1657 3196 sed
1682 3141 1854 3213 magis
1875 3128 1926 3191 C
1958 3141 2279 3213 appellatur,
2331 3142 2435 3195 nisi
2469 3143 2594 3211 quia
2620 3142 2724 3195 illa:
2749 3143 2836 3196 hic
2863 3143 2986 3211 poni
3019 3142 3270 3197 videntur
3290 3157 3407 3211 quae
3439 3156 3540 3195 no-

275 3231 468 3285 unitati
497 3236 806 3283 sanctorum
836 3229 1054 3294 dicitur,
1102 3245 1330 3299 quorum
1367 3232 1642 3287 tribulatio
1672 3232 1853 3286 multi-

277 3321 399 3391 plex
432 3327 533 3375 est.
571 3320 723 3375 Unde
764 3320 868 3374 alia
899 3320 1176 3375 translatio
1202 3363 1216 3386 ,
1264 3321 1623 3377 tribulationes
1660 3323 1850 3392 plurali

280 3425 505 3466 numero
541 3410 738 3479 posuit.
793 3409 1169 3479 Paupertatem
1206 3426 1336 3464 vero
1362 3411 1628 3477 geminam
1657 3412 1854 3465 intelli-

276 3516 401 3571 gere
423 3501 716 3564 debemus;
763 3497 928 3553 altera
951 3498 1092 3553 enim
1121 3506 1203 3552 est
1228 3498 1282 3552 in
1311 3508 1643 3553 terrenarum
1672 3515 1850 3554 rerum

276 3591 652 3655 abdicatione;
688 3590 855 3645 altera
900 3590 955 3643 in
983 3589 1203 3658 spiritus
1231 3589 1584 3653 contritione,
1633 3604 1738 3660 qua
1764 3605 1853 3643 su-

272 3686 463 3755 perbia
503 3683 784 3747 minuitur,
832 3680 1107 3736 humilitas
1141 3688 1407 3751 augetur;
1449 3681 1513 3735 de
1538 3695 1641 3749 qua
1667 3680 1851 3734 Domi-

276 3791 379 3831 nus
408 3775 569 3830 dicit:
612 3772 762 3826 Beati
793 3787 1046 3842 pauperes
1077 3771 1262 3840 spiritu
1296 3768 1509 3841 (Matth.
1539 3786 1594 3833 v,
1621 3769 1675 3839 5)
1702 3786 1716 3834 ;
1764 3770 1853 3825 ille

276 3867 419 3922 enim
449 3863 640 3934 spiritu
662 3877 871 3932 pauper
897 3869 996 3923 est,
1042 3861 1134 3930 qui
1164 3877 1286 3915 cum
1315 3862 1454 3915 bona
1484 3861 1615 3930 agit,
1644 3875 1855 3929 semper

276 3954 602 4011 se'inutilem
632 3953 876 4007 attendit.
924 3951 1146 4006 Dicatur
1173 3951 1353 4020 itaque
1376 3966 1391 4005 :
1419 3949 1542 4007 Scio
1569 3959 1854 4021 pauperta-

276 4057 385 4101 tem
414 4055 585 4110 tuam,
623 4044 713 4098 sed
758 4043 897 4097 dives
921 4059 1016 4106 es;
1055 4057 1118 4096 ac
1146 4041 1189 4095 si
1219 4041 1453 4096 diceret:
1506 4040 1657 4096 Unde
1690 4050 1740 4094 te
1759 4056 1855 4110 per

267 4135 634 4192 humilitatem
678 4133 899 4202 spiritus
933 4144 1222 4199 pauperem
1265 4130 1561 4192 existimas,
1603 4129 1727 4184 inde
1759 4144 1856 4199 per

277 4226 457 4282 omnia
481 4225 629 4280 dives
654 4220 1038 4291 comprobaris.
1070 4219 1160 4274 Sic
1185 4227 1363 4273 autem
1385 4221 1585 4274 dictum
1615 4228 1697 4274 est
1717 4222 1852 4290 scio,

278 4329 535 4387 tanquam
562 4313 853 4376 diceretur,
882 4311 1022 4365 scire
1049 4318 1101 4364 te
1125 4308 1283 4364 iacio.
1333 4309 1514 4364 Potest
1538 4313 1700 4364 etiam
1732 4305 1854 4380 qui-

278 4409 411 4462 libet
438 4405 642 4461 electus
673 4403 791 4457 ideo
838 4417 1043 4471 pauper
1066 4407 1120 4454 et
1161 4400 1312 4455 dives
1340 4401 1543 4467 vocari,
1588 4402 1713 4470 quia
1747 4417 1856 4457 cce-

1957 3245 2080 3286 cere
2125 3232 2464 3302 probantur?
2518 3232 2661 3288 Mors
2721 3235 2924 3288 scilicet
2984 3233 3232 3303 peccati,
3288 3241 3344 3288 et
3394 3247 3545 3287 mors

1957 3323 2145 3377 aterni
2189 3321 2452 3392 supplicii,
2506 3325 2572 3377 ad
2623 3339 2850 3392 quarum
2901 3324 3380 3393 comparationem,
3434 3321 3539 3375 ista

1958 3428 2077 3484 quas
2102 3413 2281 3467 carnis
2309 3421 2412 3476 est,
2436 3428 2582 3468 mors
2614 3414 2837 3469 dicenda
2859 3429 2964 3467 non
2993 3423 3094 3468 est.
3127 3413 3387 3467 Lzesionis
3414 3427 3546 3466 vero

1958 3500 2240 3565 vocabulo,
2268 3500 2608 3555 miseriarum
2641 3502 2798 3556 debet
2821 3502 3042 3572 intelligi
3070 3501 3362 3572 cormptio.

2029 3595 2192 3647 Vsus.
2228 3593 2316 3646 12.
2345 3623 2416 3633 -—
2441 3592 2510 3646 Et
2555 3593 2739 3664 angelo
2780 3591 3024 3664 Pergami
3054 3593 3302 3647 Ecclesia:
3337 3592 3501 3646 scribe
3524 3609 3544 3644 :

1964 3682 2076 3736 Hoc
2109 3681 2236 3735 dicit
2262 3681 2352 3752 qui
2377 3681 2528 3735 habet
2573 3683 2888 3752 romphazam
2914 3698 2978 3737 ex
3006 3691 3229 3752 utraque
3250 3692 3398 3752 parte
3417 3699 3544 3734 acu-

1961 3780 2087 3824 tam.
2125 3769 2238 3824 lloc
2265 3769 2510 3839 superius
2538 3769 2738 3823 dictum
2766 3779 2866 3825 est.
2902 3769 3086 3840 (Vens.
3121 3769 3232 3839 15.)
3280 3768 3403 3824 Scio
3453 3769 3544 3822 ubi

1961 3861 2181 3922 habitas,
2218 3859 2305 3913 ubi
2327 3859 2470 3914 sedes
2500 3869 2572 3913 est
2602 3859 2838 3915 Satanan
2867 3861 2980 3916 lloc
3004 3861 3326 3929 generaliter
3352 3859 3538 3913 Eccle-

1962 3951 2055 4006 siae
2081 3953 2296 4015 dicitur,
2328 3968 2447 4022 qua:
2466 3967 2565 4022 per
2594 3955 2780 4008 orbem
2818 3954 3128 4008 universum
3159 3953 3385 4015 habitat,
3432 3966 3540 4020 quo

1963 4040 2206 4096 diabolus
2243 4051 2448 4112 regnat.
2493 4043 2561 4096 Et
2596 4053 2736 4097 tenes
2787 4059 2974 4096 nomen
3002 4059 3194 4106 meum,
3238 4051 3286 4095 et
3322 4058 3424 4096 non
3456 4059 3544 4096 ne—

1962 4134 2096 4203 gasti
2121 4132 2273 4200 [idem
2296 4151 2485 4200 meam,
2516 4145 2563 4189 et
2587 4137 2641 4189 in
2662 4135 2840 4189 diebus
2860 4134 2964 4188 illis
2993 4136 3209 4204 Antipas
3239 4135 3380 4189 testis
3401 4151 3547 4189 meus

1963 4223 2154 4293 ﬁdelis,
2181 4224 2270 4295 qui
2300 4225 2498 4278 occisus
2525 4234 2600 4279 est
2635 4226 2776 4294 apud
2803 4242 2914 4289 vos,
2951 4225 3038 4278 ubi
3070 4224 3298 4281 Satanas
3321 4224 3543 4278 habitat.

1964 4312 2091 4368 Haec
2110 4315 2374 4368 sententia
2401 4323 2494 4369 aut
2530 4316 2854 4386 scriptorum
2877 4316 3008 4370 vitio
3033 4327 3286 4384 corrupta
3323 4323 3428 4380 est,
3455 4322 3550 4368 aut

1963 4417 2060 4472 per
2101 4401 2504 4459 subauditiones
2539 4404 2698 4459 debet
2724 4404 2999 4474 explanari
3025 4445 3040 4468 ,
3071 4412 3132 4458 ut
3158 4404 3258 4459 iste
3302 4404 3374 4458 sit
3413 4403 3546 4458 ordo

279 4498 430 4553 lestis
464 4495 654 4565 patria:
681 4493 894 4547 divitias
925 4493 1159 4547 nondum
1188 4492 1350 4546 habet
1373 4492 1425 4545 in
1464 4507 1543 4557 re,
1575 4508 1709 4562 quas
1736 4509 1860 4563 pos-
1894 4478 1940 4539 ί)
1964 4491 2269 4547 verborum.
2306 4492 2363 4547 ln
2391 4495 2581 4549 diebus
2616 4494 2724 4548 illis
2748 4494 2972 4563 Antipas
3000 4496 3151 4549 testis
3192 4511 3344 4549 meus
3373 4494 3545 4549 ﬁdelis

278 4587 419 4642 sidet
448 4587 500 4639 in
545 4599 656 4653 spe.
709 4581 775 4634 Et
825 4579 1194 4649 blasphemaris
1220 4580 1284 4632 ab
1329 4580 1409 4634 his
1446 4581 1534 4653 qui
1576 4599 1631 4636 se
1679 4582 1858 4637 dicunt

278 4696 389 4734 esse
415 4677 647 4738 Juda'os,
677 4685 725 4728 et
751 4691 852 4728 non
877 4683 1021 4736 sunt,
1053 4673 1141 4727 sed
1168 4683 1289 4727 sunt
1327 4692 1590 4746 synagoga
1617 4676 1854 4733 Satanrr.

283 4770 395 4824 Hoc
445 4765 733 4822 universali
782 4762 1033 4818 Ecclesiae
1083 4763 1309 4831 dicitur,
1354 4781 1474 4834 qute
1526 4768 1578 4819 in
1633 4768 1860 4838 singulis

285 4855 539 4912 membris
557 4871 654 4926 per
684 4855 796 4910 loca
817 4895 834 4919 ,
868 4862 923 4908 et
952 4854 1005 4908 in
1031 4863 1145 4909 toto
1171 4871 1400 4925 corpore
1428 4872 1524 4926 per
1550 4857 1759 4921 orbem,
1788 4861 1856 4913 ab

284 4945 518 5000 inimicis
545 4943 965 5012 blasphematur.
1015 4943 1198 5012 Neque
1224 4945 1368 4999 enim
1400 4945 1453 4998 iu
1485 4946 1596 4999 sola
1627 4944 1856 5016 Smyrna

284 5036 368 5088 vel
393 5034 556 5090 fuisse
581 5035 663 5088 vel
693 5049 810 5090 esse
835 5033 1049 5089 Judaeos
1075 5035 1506 5105 blasphemantes
1535 5037 1858 5092 credendum

286 5136 388 5180 est.
417 5126 770 5194 Qumreudum
797 5141 926 5179 vero
947 5134 1034 5180 est
1055 5125 1145 5180 ubi
1171 5125 1339 5182 Jutbei
1366 5128 1641 5197 proprium
1667 5144 1860 5184 nomen

288 5216 602 5282 amiserint,
646 5230 767 5269 cum
795 5215 958 5269 etiam
989 5224 1108 5285 post
1133 5231 1317 5271 necem
1347 5217 1738 5288 Redemptoris,
1771 5236 1863 5275 eos

286 5319 439 5360 sacra
469 5305 744 5376 Scriptura
775 5307 848 5361 ita
875 5307 1134 5372 nominet,
1173 5316 1232 5362 ut
1261 5311 1312 5362 in
1349 5308 1571 5364 Actibus
1599 5311 1864 5381 apostolo-

289 5411 430 5449 rum.
462 5397 568 5455 Sed
597 5399 872 5455 scicndum
895 5401 1020 5468 quia
1047 5415 1261 5464 nomen,
1293 5401 1433 5470 quod
1447 5401 1601 5470 juxta
1630 5403 1861 5457 litteram

289 5487 527 5543 exterius
545 5491 902 5557 prastendunt,
931 5490 1155 5546 interius
1183 5491 1371 5560 spiritu
1400 5495 1715 5559 amiserunt,
1741 5511 1861 5549 cum

287 5575 563 5631 Christum
591 5581 832 5634 confiteri
858 5581 1158 5638 noluerunt.
1192 5582 1322 5637 Nam
1347 5583 1562 5639 Judzeus
1589 5585 1866 5640 confessor

295 5664 691 5735 interpretatur.
750 5666 1054 5725 Secundum
1108 5671 1334 5740 figuram
1390 5687 1539 5737 vero,
1597 5672 1865 5727 hmrrticis

1965 4583 2054 4652 qui
2079 4584 2292 4638 occisus
2315 4592 2397 4638 est
2436 4585 2574 4654 apud
2603 4601 2698 4640 vos
2716 4626 2730 4650 ,
2766 4601 2874 4640 non
2903 4587 3117 4657 negavit
3141 4585 3300 4640 ﬁdem
3331 4602 3500 4640 meam
3525 4604 3540 4650 ;

1964 4674 2048 4728 vel
2084 4683 2230 4730 certe
2255 4675 2312 4729 in
2335 4675 2525 4732 diebus
2556 4677 2662 4732 illis
2691 4679 2898 4732 exstitit
2923 4677 3146 4747 Antipas
3187 4680 3340 4734 testis
3368 4693 3540 4741 meus,

1961 4768 2054 4838 qui
2076 4769 2287 4823 occisus
2311 4777 2393 4824 est
2416 4770 2556 4838 apud
2585 4786 2697 4826 vos.
2749 4771 2807 4824 In
2850 4786 2956 4840 quo
2993 4781 3230 4842 martyre
3257 4787 3444 4827 omnes
3467 4780 3547 4826 tc-

1962 4867 2073 4914 stes
2117 4860 2388 4928 praconio
2435 4859 2608 4915 laudis
2646 4860 2981 4915 attolluntur.
3036 4861 3191 4930 Apud
3230 4876 3325 4916 vos
3369 4871 3541 4915 autem

1966 4952 2115 5018 dicit,
2141 4967 2246 5006 non
2273 4967 2380 5020 quo
2411 4954 2478 5006 ab
2505 4952 2610 5007 illis
2641 4953 2854 5008 occisus
2883 4954 2988 5016 sit;
3032 4953 3124 5007 sed
3158 4953 3302 5006 inter
3327 4951 3448 5006 illos
3478 4951 3546 5004 ab

1967 5043 2052 5097 bis
2082 5044 2134 5096 in
2164 5043 2358 5112 quibus
2401 5042 2630 5098 Satanas
2658 5043 2888 5098 habitat.
2932 5043 2999 5096 Et
3037 5051 3162 5096 uota
3208 5043 3334 5112 quia
3365 5043 3548 5112 singu-

1966 5130 2066 5184 lari
2119 5146 2344 5187 numero
2388 5133 2736 5201 praemittitur
2780 5142 2943 5197 tenes,
2992 5143 3048 5186 et
3081 5133 3273 5201 plurali
3323 5131 3550 5186 infertur

1966 5237 2078 5284 vos,
2107 5222 2230 5290 quia
2262 5222 2443 5292 plures
2475 5223 2527 5276 in
2560 5239 2664 5277 una
2692 5238 2918 5292 persona
2955 5221 3170 5276 affatur.
3219 5223 3407 5293 (Vsus.
3437 5222 3547 5291 14.)

1971 5308 2076 5363 Sed
2100 5309 2263 5363 habeo
2291 5312 2538 5364 adversus
2560 5319 2609 5364 te
2633 5328 2801 5381 pauca
2828 5325 2846 5363 :
2889 5311 3047 5364 habes
3074 5310 3182 5364 illic
3207 5321 3434 5364 tenentes
3457 5311 3552 5365 do-

1968 5399 2187 5452 ctrinam
2213 5398 2459 5464 Balaam,
2485 5400 2574 5468 qui
2599 5400 2812 5454 docebat
2835 5401 3000 5455 Balac
3021 5401 3221 5454 mittere
3241 5399 3549 5454 scandalum

1969 5504 2145 5541 coram
2173 5488 2298 5556 ﬁliis
2337 5487 2529 5553 Israel,
2575 5489 2746 5553 edere,
2788 5500 2837 5544 et
2881 5480 3152 5559 fornicari.
3201 5490 3551 5558 Nequaquam

1970 5582 2072 5634 ista
2121 5580 2192 5632 illi
2239 5581 2601 5643 conveniunt,
2646 5585 2732 5637 cui
2769 5586 3105 5654 prmmiserat
3131 5625 3145 5649 ,
3185 5593 3324 5637 tenes
3365 5600 3555 5636 nomen

1971 5687 2171 5734 meum,
2222 5679 2275 5724 et
2315 5671 2536 5740 reliqua.
2593 5673 2698 5728 Sed
2732 5675 2783 5727 in
2835 5675 3060 5731 alteram
3108 5674 3341 5743 speciem
3374 5686 3554 5727 sermo
