4002 6186
539 233 676 290 H05

1310 231 1719 290 EXEGETICA.
1739 265 1809 274 —
1845 229 2195 292 COMMENT.
2238 231 2304 287 1N
2342 229 2638 292 APOCAL.
2667 265 2736 276 --
2757 234 2892 292 LlB.
2925 235 2987 293 ll.

3647 245 3668 297 l
3684 245 3781 299 106

531 344 882 410 convertitur,
913 345 1206 399 doctrinam
1233 358 1360 398 vero
1384 341 1598 398 Balaam
1627 344 1906 400 consilium
1932 352 2110 408 vocat,
2139 347 2186 400 Α
2213 343 2296 398 lus
2327 345 2460 415 lapis
2489 357 2572 402 est
2611 349 2878 418 pretiosus
2898 388 2912 416 ,
2943 352 3033 420 qui
3055 362 3110 407 et
3137 355 3496 412 carbunculus
3518 368 3775 424 vocatur,

532 434 674 505 quod
702 435 1031 491 deditBalac
1071 445 1131 490 ut
1157 445 1378 505 poneret
1418 436 1672 492 mulieres
1713 437 2106 506 pulcherrimas

533 542 713 582 coram
756 526 880 580 lilii;
925 527 1085 581 Israel
1114 567 1128 590 ,
1164 541 1391 595 quarum
1435 529 1714 596 speciebus
1749 529 2000 584 delectati
2051 531 2104 584 in

533 616 810 684 amplexus
839 615 1052 670 illicitos
1078 625 1316 681 ruerent,
1360 632 1654 686 earumque
1681 619 1954 674 blanditiis
1975 619 2106 674 deli-

534 705 632 758 uiti
661 705 728 758 de
754 705 1032 760 sacriﬁciis
1069 705 1437 774 Behelphegor
1463 708 1854 763 manducarent
1878 725 1893 774 ;
1924 724 1988 763 ac
2009 725 2108 778 per

535 795 635 849 hoc
658 811 688 848 a
717 794 824 848 Deo
854 795 1052 850 deserti
1080 811 1259 850 coram
1285 797 1516 852 inimicis
1539 798 1650 852 suis
1679 799 1952 854 caderent.
1999 799 2107 856 Sed

534 883 579 938 si
611 899 637 936 a
668 884 994 953 proprietate
1017 885 1083 938 ad
1111 884 1333 954 ﬁguram
1357 886 1704 951 recurrimus,
1733 886 1964 956 qualiter
1986 897 2109 957 post

533 975 613 1027 vel
667 983 813 1043 gesta
869 975 952 1028 vel
1002 975 1234 1043 gerenda
1292 983 1452 1037 sunt,
1511 975 1830 1034 invenimus.
1888 977 2106 1031 Balaam

531 1066 725 1133 quippe
761 1067 1144 1135 interpretatur
1168 1070 1394 1138 populus
1415 1069 1636 1135 varius;
1685 1070 1826 1124 unde
1856 1079 1978 1139 apte
2017 1071 2108 1125 de-

531 1156 704 1223 signat
733 1156 1038 1222 hazreticos,
1069 1159 1158 1226 qui
1187 1160 1413 1215 diversis
1438 1159 1714 1213 erroribus
1738 1168 2064 1214 evanescunt
2090 1178 2102 1212 :

531 1242 690 1298 Balac
719 1253 897 1298 autem
927 1246 1150 1311 elidens,
1180 1263 1277 1317 per
1300 1263 1459 1317 quem
1483 1245 1641 1315 hujus
1667 1248 1845 1301 saeculi
1872 1255 2105 1318 potesta-

531 1343 610 1389 tes
635 1337 1027 1404 esprimuntur,
1057 1354 1175 1407 qua:
1200 1339 1539 1408 plerumque,
1573 1338 1844 1392 haereticis
1880 1338 2109 1392 suaden-

531 1427 695 1490 tibus,
722 1428 1035 1497 dignitatem
1060 1428 1316 1484 Ecclesiae
1343 1431 1407 1486 ad
1437 1438 1646 1497 tempus
1668 1429 1930 1482 inclinant
1954 1446 1966 1481 :
2013 1443 2109 1497 per

529 1515 689 1571 Israel
721 1531 868 1582 vero,
913 1519 1087 1572 virum
1119 1519 1284 1573 Deum
1308 1520 1575 1575 videntem
1609 1518 1919 1582 Dominum,
1949 1518 2107 1572 electi

531 1607 846 1676 ﬁgurantur.
903 1606 1137 1662 Docente
1183 1610 1361 1678 itaque
1409 1610 1662 1673 Balaam,
1713 1609 1878 1663 mittit
1925 1625 2107 1664 coram

529 1696 653 1750 ﬁliis
693 1695 850 1750 Israel
879 1697 1036 1752 Balac
1079 1699 1389 1754 scandalum
1435 1699 1741 1762 mulierum,
1790 1698 1994 1753 scilicet
2017 1698 2108 1752 de-
2138 1679 2183 1739 Β

527 1785 827 1853 captionem
855 1801 975 1840 cum
1005 1787 1198 1856 quibus
1230 1789 1293 1842 de
1317 1787 1625 1858 idolothytis
1647 1789 1828 1853 edant,
1860 1797 1913 1841 et
1937 1787 2106 1842 forni-

528 1884 744 1940 centur,
777 1877 923 1945 quia,
952 1878 1221 1933 haereticis
1249 1879 1615 1942 suadentibus,
1662 1879 1929 1948 principes
1952 1876 2110 1944 hujus

529 1964 732 2030 saeculi,
760 1981 946 2020 eorum
971 1977 1169 2031 seczas,
1209 1968 1359 2038 quasi
1389 1968 1640 2037 pulchras
1666 1966 1797 2021 foris
1825 1966 2111 2022 ostendunt

529 2056 583 2108 in
608 2053 988 2121 locutionibus,
1017 2073 1136 2128 quae
1163 2059 1305 2113 intus
1334 2059 1479 2113 omni
1507 2059 1764 2127 spurcitia
1794 2058 1964 2127 plena:
1989 2071 2109 2112 esse

531 2155 843 2200 noscuntur.
897 2147 1066 2203 Aliter
1110 2148 1320 2202 Balaam
1348 2189 1362 2211 ,
1405 2148 1456 2203 id
1507 2157 1589 2202 est
1625 2147 1900 2211 diabolus,
1953 2147 2110 2201 docet

531 2236 708 2301 Balac,
739 2237 792 2291 id
820 2245 907 2292 est
931 2253 1168 2302 carnem,
1203 2247 1261 2308 ut
1282 2239 1460 2292 mittat
1500 2237 1755 2293 mulieres
1775 2277 1787 2301 ,
1833 2235 1886 2291 id
1908 2242 1991 2290 est
2011 2250 2110 2290 sae-

531 2328 638 2382 culi
668 2328 988 2396 voluptates,
1021 2328 1214 2396 quibus
1235 2336 1457 2397 pereant
1484 2329 1694 2382 animat.

605 2418 766 2472 Vsus.
797 2417 879 2471 15.
926 2447 998 2456 —-
1037 2416 1122 2470 Ita
1161 2417 1316 2471 habes
1356 2427 1404 2470 et
1444 2427 1500 2472 tu
1551 2427 1779 2474 tenentes
1819 2417 2110 2474 doctrinam

541 2507 950 2565 Nicolaitarum.
993 2510 1067 2566 De
1110 2508 1267 2565 factis
1303 2509 1686 2565 Nicolaitarum
1727 2510 1859 2564 satis
1893 2509 2006 2579 jam
2032 2509 2111 2564 di-

536 2610 681 2656 ctum
708 2610 809 2656 est.
849 2602 981 2655 Dum
1003 2609 1180 2656 autem
1217 2601 1314 2665 ait,
1353 2616 1460 2656 non
1488 2602 1652 2656 habes
1677 2600 1809 2665 illic,
1838 2601 1933 2656 sed
1955 2599 2112 2654 habes

535 2704 585 2746 et
607 2702 684 2756 tu,
702 2693 932 2748 ostendit
956 2709 983 2746 a
1002 2693 1177 2762 specie
1200 2693 1263 2747 ad
1277 2693 1509 2762 specient
1531 2705 1831 2748 sermonem
1851 2691 2108 2746 converti.

537 2785 602 2840 Et
624 2783 747 2853 quia
771 2783 903 2836 nihil
921 2785 1145 2839 interest
1169 2792 1346 2838 utrum
1375 2785 1496 2853 quis
1517 2799 1614 2852 pro
1643 2784 1884 2838 doctrina
1899 2781 2113 2836 Balaam

537 2891 605 2928 an
631 2890 727 2943 pro
749 2873 1131 2928 Nicolaitarum
1155 2875 1385 2929 tacuisse
1411 2875 1780 2944 redarguatur,
1816 2881 1963 2928 recte
1991 2873 2115 2927 sub-

531 2970 809 3039 jungitur:
864 2969 1110 3023 similiter
1135 2969 1505 3038 paenitentiam
1549 2984 1685 3040 age;
1733 2983 1840 3037 quo
1866 2969 2008 3023 dicto
2038 2967 2112 3021 illi

453 3079 470 3094 κ
536 3061 696 3114 etiam
738 3060 802 3114 ad
854 3059 1223 3129 paenitentiam
1267 3059 1496 3114 latenter
1532 3069 1930 3129 provocamur,
1980 3074 2114 3126 quos

539 3154 678 3206 idem
711 3161 986 3221 torpentes
1023 3153 1404 3221 praedicatores
1445 3167 1785 3222 nequaquam
1811 3153 2116 3206 correxisse

538 3246 830 3304 notantur;
882 3240 1022 3294 unde
1047 3247 1100 3294 et
1129 3239 1376 3294 subditur
1424 3257 1436 3292 :
1472 3241 1655 3309 (Vens.
1689 3241 1774 3309 16)
1813 3239 1907 3294 Sin
1934 3249 2114 3294 autem

453 3341 455 3343 ‘
537 3331 695 3384 venio
733 3332 849 3395 tibi,
895 3341 943 3385 et
977 3331 1216 3400 pugnabo
1257 3347 1373 3384 cum
1405 3330 1506 3386 illis
1549 3332 1603 3386 in
1644 3331 1816 3402 gladio
1855 3332 1959 3386 oris
1994 3332 2112 3386 mei.

537 3421 648 3476 Cur
676 3422 817 3477 enim
846 3437 950 3476 non
981 3421 1057 3474 ait
1087 3423 1336 3493 pugnabo
1367 3429 1566 3486 tecum,
1612 3422 1704 3476 sed
1734 3421 1974 3492 pugnabo
1999 3439 2115 3476 cum

539 3511 642 3566 illis
671 3513 695 3566 ?
731 3512 832 3566 nisi
860 3511 1010 3582 quia,
1037 3520 1096 3566 ut
1125 3512 1326 3567 dictum
1355 3520 1458 3578 est,
1492 3513 1610 3568 illos
1637 3512 1797 3568 etiam
1823 3511 1888 3567 ad
1919 3513 2118 3568 lamen-

541 3612 651 3656 tum
686 3604 868 3657 venire
910 3604 1159 3658 hortatur
1183 3619 1317 3673 quos
1349 3604 1761 3674 praedicatorum
1786 3613 2002 3674 torpore
2026 3622 2118 3675 pe-

541 3695 675 3747 risse
706 3702 1047 3764 cognoverat.
1093 3693 1244 3760 Quod
1266 3695 1372 3750 tale
1401 3703 1482 3750 est
1511 3711 1575 3750 ac
1602 3695 1646 3750 si
1673 3695 1876 3750 diceret
1902 3714 1914 3748 :
1948 3696 2118 3749 Venio

542 3785 658 3849 tibi,
689 3795 742 3840 et
777 3787 1023 3856 pugnabo
1048 3796 1244 3851 tecum,
1274 3789 1414 3842 sicut
1447 3788 1548 3841 alia
1587 3788 1869 3841 translatio
1900 3788 2118 3842 demon—

539 3883 695 3928 strat.
746 3877 838 3929 Vel
871 3877 1026 3929 venio
1065 3877 1236 3938 vobis,
1279 3885 1331 3930 et
1361 3877 1606 3945 pugnabo
1633 3875 1927 3928 vobiscum.
1981 3874 2118 3940 Quid

541 3976 624 4019 est
648 3973 824 4018 autem
853 3967 1030 4021 dicere
1054 3967 1211 4020 venio
1237 3967 1353 4031 tibi,
1399 3966 1500 4020 nisi
1533 3977 1835 4036 respectum
1866 3967 1960 4020 iraa
1985 3983 2119 4022 mere

541 4054 742 4107 sentire
769 4063 820 4109 te
849 4055 1019 4108 facio?
1044 4056 1137 4111 Vel
1157 4055 1307 4124 quid,
1334 4055 1571 4126 pugnabo
1599 4072 1715 4109 cum
1739 4055 1842 4111 illis
1870 4057 1922 4109 in
1943 4055 2118 4126 gladio

541 4143 645 4196 oris
685 4145 804 4208 mei,
843 4145 943 4197 nisi
972 4146 1144 4200 acutis
1177 4145 1510 4214 eloquiorum
1553 4160 1793 4199 meorum
1838 4145 2119 4200 sententiis

539 4236 846 4290 (latnnalm?
873 4237 1057 4306 (Vens.
1100 4235 1209 4305 l7.)
1239 4235 1341 4301 Qui
1372 4237 1522 4290 habet
1553 4254 1733 4290 aurem
1779 4237 1963 4290 audiat
1990 4237 2117 4308 quid

2207 437 2456 504 quoniam
2479 439 2618 493 sicut
2637 439 2801 494 carbo
2820 454 3128 508 succensus,
3151 460 3255 514 qua
3276 447 3642 518 magnitudine
3661 452 3782 505 sub-

2206 529 2420 583 sistitea
2433 529 2488 582 in
2503 531 2738 585 tenebris
2754 533 2958 600 positus
2971 531 3155 603 fulget,
3170 537 3244 589 ita
3265 544 3317 590 et
3346 535 3434 592 hic
3448 537 3583 606 lapis
3606 537 3783 596 facere

2206 617 2536 684 perhibetur.
2561 617 2698 684 Quid
2720 619 2902 687 itaque
2921 634 3019 689 per
3044 621 3307 676 calculum
3333 624 3616 680 candidum
3636 667 3650 690 ,
3681 629 3782 682 nisi

2204 701 2451 758 Christus
2475 704 2630 759 Jesus
2657 705 3004 776 designatur?
3032 710 3123 776 qui
3149 710 3262 764 sine
3289 711 3392 764 ulla
3420 715 3625 780 peccati
3651 714 3784 769 oll‘u-

2205 793 2443 847 scatione
2469 794 2700 848 mundus
2723 796 2864 849 inter
2891 796 3135 852 homines
3160 801 3426 868 apparuit,
3454 809 3508 855 et
3535 802 3791 858 divinita-

2206 882 2276 936 tis
2307 897 2417 936 sua:
2447 883 2566 938 luce
2598 885 2848 940 tenebras
2871 895 3067 942 nostra:
3095 891 3437 946 mortalitatis
3477 893 3780 948 illustravit.

2204 973 2272 1026 Et
2298 982 2380 1028 est
2411 989 2601 1029 sensus
2626 994 2638 1025 :
2669 975 2734 1029 de
2773 977 2964 1031 mortis
2989 987 3208 1034 auctore
3243 981 3666 1052 triumphantem
3696 998 3786 1039 co-

2207 1065 2475 1118 haeredem
2504 1079 2680 1119 meum
2729 1066 2785 1118 in
2835 1081 3001 1136 regno
3026 1068 3204 1124 Patris
3231 1069 3478 1125 elﬁciam.
3510 1073 3629 1128 Alia
3657 1087 3788 1129 vero

2209 1153 2489 1206 translatio
2507 1169 2604 1222 pro
2629 1153 2838 1208 calculo
2861 1157 3210 1225 margaritum
3235 1160 3432 1228 posuit.
3455 1159 3660 1216 Nomen
3689 1177 3789 1219 no-

2206 1257 2331 1294 vum
2359 1242 2489 1296 dicit
2510 1241 2876 1297 Christianum
2900 1246 3105 1313 pridem
3130 1247 3444 1314 inauditum,
3470 1251 3536 1306 de
3563 1267 3671 1320 quo
3690 1269 3790 1323 per

2206 1331 2396 1401 Isaiam
2434 1333 2689 1386 Dominus
2711 1333 2965 1387 Ecclesia:
2992 1335 3153 1389 dicit:
3191 1335 3470 1392 Vocabitur
3488 1340 3578 1393 tibi
3603 1358 3788 1397 nomen

2208 1439 2421 1488 novum,
2443 1423 2581 1494 quod
2599 1441 2654 1477 os
2680 1423 2888 1477 Domini
2906 1425 3140 1480 locutum
3166 1435 3248 1482 est
3265 1428 3399 1498 (lsa.
3429 1447 3561 1496 uti,
3579 1431 3656 1503 2).
3681 1432 3787 1489 Sed

2207 1530 2327 1568 cum
2374 1515 2525 1568 multi
2571 1531 2601 1568 a
2649 1515 2860 1570 diabolo
2887 1518 3016 1571 victi
3058 1519 3162 1573 hoc
3203 1521 3416 1574 nomine
3444 1532 3786 1590 censeantur,

2208 1605 2474 1675 quomodo
2520 1605 2647 1660 solis
2690 1607 3030 1664 vincentibus
3073 1609 3176 1664 hoc
3219 1625 3278 1664 se
3317 1611 3447 1667 dare
3475 1613 3788 1683 pollicetur!

2209 1695 2310 1749 nisi
2337 1696 2460 1764 quia
2485 1695 2630 1750 datio
2660 1697 2747 1752 hic
2776 1697 2863 1752 illa
2889 1699 3194 1766 accipienda
3238 1710 3351 1763 est,
3385 1718 3490 1771 qua
3513 1703 3788 1772 purulenti-

2209 1795 2365 1840 uatos
2393 1787 2461 1840 ad
2492 1787 2659 1840 vitam
2702 1803 2947 1856 supernae
2988 1790 3516 1848 civitatis-novimus
3561 1793 3779 1852 electos.

2211 1875 2310 1932 Ubi
2337 1886 2460 1946 apte
2484 1877 2748 1943 subditur,
2775 1880 2914 1949 quod
2941 1897 3089 1934 nemo
3115 1882 3284 1945 novit,
3316 1882 3416 1936 nisi
3442 1885 3532 1954 qui
3566 1885 3784 1956 accipit;

2209 1973 2459 2036 tanquam
2484 1965 2688 2020 diceret
2712 1984 2726 2020 :
2755 1967 2930 2022 nullus
2945 1969 3256 2039 dignitatem
3279 1971 3780 2028 nominisChristia-

2208 2055 2264 2108 ni
2286 2056 2394 2108 vita
2415 2064 2469 2108 et
2495 2057 2734 2110 moribus
2761 2055 3028 2123 defendit,
3056 2060 3157 2114 nisi
3185 2062 3275 2129 qui
3317 2061 3419 2116 hoc
3443 2060 3622 2118 divina
3649 2079 3786 2134 pra-

2209 2147 2562 2203 destiuatione
2610 2148 2676 2203 ad
2733 2149 2898 2204 vitam
2943 2158 3198 2206 teternam
3252 2155 3568 2224 promeruit.
3620 2153 3789 2212 Nosse

2208 2239 2352 2292 enim
2377 2237 2576 2294 Christi
2603 2253 2818 2305 nomen,
2845 2240 2911 2294 ad
2937 2242 3234 2297 custodiam
3263 2243 3638 2298 mandatorum
3665 2259 3786 2314 per-

2213 2327 2374 2392 tinet;
2420 2329 2674 2398 accipes-e
2688 2343 2848 2396 vero,
2869 2329 2942 2385 .ad
2973 2330 3199 2402 gratiam
3229 2331 3422 2387 divinat
3441 2331 3787 2402 praedestina-

2214 2418 2376 2474 tionis
2400 2419 2650 2474 refertur.

2283 2509 2442 2564 Vens.
2473 2510 2553 2568 l8.
2582 2542 2653 2554 -ο
2680 2513 2745 2568 Et
2782 2515 2964 2586 angelo
2995 2515 3279 2587 Thyatirw‘
3303 2517 3562 2575 Ecclesiw
3577 2521 3744 2576 scribe
3769 2537 3785 2573 :

2214 2602 2344 2658 Herc
2383 2602 2507 2657 dicit
2545 2601 2715 2658 Filius
2743 2605 2873 2669 Dei,
2905 2608 2994 2675 qui
3028 2607 3178 2661 habet
3205 2607 3382 2662 oculos
3428 2617 3486 2662 ut
3519 2610 3786 2677 ﬂammam

2213 2693 2375 2763 ignis,
2424 2703 2471 2746 et
2511 2692 2662 2763 pedes
2709 2694 2821 2763 ejus
2868 2693 3062 2748 similes
3091 2695 3412 2750 aurichalco.
3453 2696 3637 2768 (Vens.
3677 2696 3788 2770 i9.)

2218 2783 2269 2837 Ν
2275 2783 2353 2838 ovi
2379 2800 2532 2854 opera
2561 2795 2675 2848 tua,
2709 2794 2757 2838 et
2786 2785 3091 2839 charitatem
3112 2826 3126 2850 ,
3170 2795 3216 2840 et
3250 2785 3437 2856 ﬁdem,
3477 2797 3524 2843 et
3563 2789 3792 2845 ministe-

2217 2875 2372 2938 rium,
2397 2883 2443 2927 et
2467 2875 2788 2944 patientiam,
2811 2884 2858 2928 et
2884 2890 3041 2944 opera
3065 2884 3156 2930 tua
3179 2877 3455 2931 novissima
3480 2877 3632 2948 plura
3649 2880 3794 2949 prio-

2219 2964 2378 3018 ribus.
2409 2964 2532 3018 Haec
2575 2964 2866 3019 universali
2912 2965 3166 3021 Ecclesia:
3208 2967 3484 3034 dicuntur,
3514 2968 3666 3038 cujus
3690 2968 3793 3026 Do-

2218 3055 2396 3109 minus
2443 3067 2606 3123 opera
2631 3095 2645 3116 ,
2677 3055 2995 3111 charitatem
3038 3065 3094 3112 et
3138 3055 3296 3112 ﬁdem
3337 3059 3514 3124 novit,
3545 3063 3669 3131 quia
3699 3077 3795 3132 per

2216 3147 2494 3203 electionis
2543 3147 2772 3218 gratiam
2829 3149 3110 3217 approbat.
3159 3147 3266 3203 Sed
3315 3149 3430 3205 haec
3470 3161 3796 3222 prmpostere

2217 3239 2494 3302 dicuntur;
2529 3237 2761 3307 primum
2807 3237 2950 3292 enim
2997 3246 3081 3292 est
3129 3240 3381 3306 credere,
3428 3241 3622 3297 dehinc
3652 3244 3794 3312 quod

2217 3327 2391 3382 credis
2435 3341 2649 3394 amare,
2695 3335 3025 3398 postremum
3059 3330 3201 3400 quod
3228 3346 3379 3386 amor
3410 3341 3465 3386 et
3505 3332 3796 3388 credulitas

2216 3416 2500 3485 compellat
2519 3418 2751 3488 operari.
2782 3418 3133 3475 Ministerium
3159 3420 3262 3476 hoc
3283 3421 3401 3476 loco
3425 3421 3537 3474 vult
3566 3422 3793 3493 intelligi

2218 3505 2514 3578 impensam
2574 3509 2998 3564 misericordiam
3054 3521 3300 3565 extrema
3353 3510 3633 3565 facultate:
3687 3511 3793 3567 Sed

2217 3599 2563 3666 qumrendum
2589 3606 2672 3652 est
2702 3615 2798 3652 cur
2823 3599 3076 3654 Ecclesia:
3109 3616 3293 3669 opera-
3317 3602 3605 3658 novissima
3637 3603 3790 3673 plura

2218 3689 2574 3756 praedicentur
2592 3703 2754 3757 quam
2786 3691 2992 3758 priora.
3011 3690 3299 3746 Sciendum
3330 3693 3510 3762 itaque
3534 3694 3658 3764 quia
3688 3697 3796 3764 pri-

2218 3791 2306 3830 mo
2334 3777 2402 3830 ab
2428 3777 2681 3846 apostolis
2706 3789 2936 3847 quatuor
2963 3789 3170 3835 tantum
3207 3783 3442 3852 capitula
3465 3785 3711 3854 gentibus
3727 3785 3794 3839 ad

2219 3865 2490 3922 Christum
2513 3871 2787 3924 conversis
2811 3873 3012 3926 servari
3050 3885 3318 3942 praecepta
3359 3885 3483 3930 sunt
3508 3893 3520 3929 :
3549 3877 3796 3932 videlicet

2219 3964 2278 4011 ut
2301 3958 2636 4012 abstinerent
2661 3974 2719 4014 se
2741 3959 2808 4014 ab
2830 3961 3121 4017 immolatis
3146 3971 3200 4018 et
3233 3963 3607 4031 fornicatione,
3635 3965 3795 4023 ευπο-

2219 4058 2342 4104 cato
2369 4056 2422 4102 et
2449 4050 2726 4119 sanguine.
2776 4050 2843 4104 At
2873 4067 2992 4106 cum
3034 4069 3285 4123 processu
3336 4057 3593 4125 temporis
3629 4072 3794 4126 parva

2219 4142 2391 4210 spatia
2417 4141 2662 4197 devoluta
2693 4142 2952 4211 fuissent,
2980 4156 3268 4202 creverunt
3295 4148 3360 4203 ad
3386 4148 3594 4203 culmen
3621 4149 3795 4218 perfe-

2219 4234 2446 4300 ctionis;
2479 4235 2551 4289 ita
2585 4243 2645 4289 ut
2669 4237 2823 4292 multi
2853 4238 3184 4293 credentium
3211 4248 3402 4295 cuncta
3430 4241 3611 4295 mundi
3647 4251 3796 4312 post-

543 4327 770 4396 Spiritus
791 4328 932 4382 dicat
969 4328 1214 4382 Ecclesiis
1236 4342 1254 4378 :
1283 4330 1503 4382 vincenti
1531 4329 1664 4383 dabo
1685 4346 1878 4383 manna
1903 4329 2119 4382 abscon-
2141 4359 2194 4419 Β
2220 4333 2500 4395 ponerent.
2534 4326 2630 4380 Vel
2659 4327 2783 4395 quia
2810 4327 2878 4380 ab
2907 4327 3219 4382 Antichristi
3268 4329 3640 4398 persecutione
3682 4345 3796 4384 am-

538 4420 725 4473 ditum.
777 4421 965 4474 Manna
1012 4421 1380 4476 absconditum
1413 4437 1605 4491 panem
1632 4422 1764 4476 dicit
1789 4421 2114 4477 invisibilem

542 4509 632 4578 qui
662 4510 728 4564 de
753 4511 890 4565 coelo
923 4512 1215 4576 descendit,
1260 4513 1351 4581 qui
1384 4513 1503 4567 ideo
1531 4511 1704 4566 factus
1743 4520 1825 4565 est
1847 4512 2028 4576 homo,
2059 4519 2120 4566 ut

546 4615 736 4670 panem
768 4601 1076 4670 angelorum
1118 4604 1463 4658 manducaret
1503 4606 1680 4658 homo.
1727 4603 1880 4669 Quod
1922 4618 2119 4657 manna

547 4705 686 4746 nunc
726 4693 954 4745 sumitur
984 4694 1035 4746 in
1077 4702 1415 4748 sacramento
1454 4709 1551 4763 per
1579 4695 1756 4758 ﬁdem,
1802 4695 2120 4764 quandoque

545 4794 722 4838 autem
747 4785 798 4838 in
829 4785 1057 4838 veritate
1098 4801 1194 4854 per
1236 4787 1508 4853 speciem;
1549 4787 1702 4854 juxta
1734 4787 1860 4841 illud
1897 4785 2120 4840 Psalmi-

541 4881 673 4926 διιεῖ
724 4873 972 4929 Satiabor
1014 4875 1138 4928 dum
1180 4876 1614 4930 manifestabitur
1657 4877 1787 4930 mihi
1831 4875 1998 4946 gloria
2029 4885 2119 4928 tua

547 4960 717 5028 (Psal.
760 4981 872 5028 xvt,
920 4967 1028 5035 15).
1081 4967 1266 5020 Manna
1297 4970 1439 5021 enim
1485 4970 1892 5038 interpretatum
1941 4976 2117 5032 Stmat,

545 5051 670 5116 quid
697 5063 778 5106 est
821 5056 960 5119 hoc;
1009 5058 1149 5126 quod
1193 5074 1298 5112 non
1348 5059 1596 5121 dicimus,
1649 5058 1752 5110 nisi
1781 5059 1844 5112 de
1873 5074 1929 5112 re
1959 5073 2117 5127 qnam

543 5149 668 5195 ante
713 5159 817 5196 non
861 5145 1108 5202 vidimus.
1162 5149 1294 5217 Apte
1340 5163 1469 5218 ergo
1505 5147 1590 5200 illa
1622 5147 1840 5200 satietas
1887 5146 2120 5200 cmlrstis

545 5230 726 5298 gloria:
752 5247 947 5288 manna
989 5247 1226 5301 vocatur,
1262 5239 1384 5308 quia
1405 5237 1556 5307 juxta
1587 5236 1737 5291 Pauli
1767 5251 1974 5300 vocem,
2021 5252 2120 5291 nec

545 5322 726 5376 oculus
748 5323 894 5386 vidit,
925 5341 1016 5377 nec
1037 5327 1088 5378 in
1114 5343 1202 5378 cor
1225 5329 1447 5384 hominis
1488 5330 1738 5391 ascendit,
1772 5345 1891 5399 qua:
1915 5343 2120 5398 purpu-

549 5415 676 5468 ruvit
706 5414 846 5468 Deus
872 5416 1212 5486 diligentibus
1236 5435 1291 5474 se
1315 5421 1364 5490 (I
1392 5422 1513 5476 Cor.
1548 5439 1628 5486 ιιι,
1663 5423 1737 5488 9).

621 5505 686 5557 [εἰ
719 5505 851 5558 dabo
877 5505 954 5559 illi
981 5505 1238 5559 calculum
1274 5512 1552 5566 candidum
1577 5555 1588 5576 ,
1619 5524 1664 5567 ct
1702 5514 1755 5568 in
1782 5512 1983 5568 calculo
2027 5527 2119 5564 no-

547 5615 662 5653 men
697 5617 898 5665 novum,
930 5599 1067 5670 quod
1098 5617 1245 5653 nemo
1273 5603 1441 5666 novit,
1466 5605 1564 5656 nisi
1589 5607 1676 5673 qui
1705 5604 1908 5674 accipit.
1935 5601 2119 5657 Calcu—

2219 4416 2355 4485 plior
2374 4417 2425 4469 in
2447 4431 2510 4470 ea
2533 4417 2702 4470 virtus
2721 4417 2947 4470 enitebit
2965 4418 3313 4485 operationis.
3341 4417 3468 4482 Qua:
3493 4419 3634 4472 enim
3655 4435 3799 4475 nune

2218 4521 2285 4560 ex
2315 4505 2560 4575 gentibus
2589 4505 2699 4560 sola
2728 4505 2956 4570 laborat,
2988 4515 3111 4562 tunc
3136 4505 3347 4562 Iudaeos
3366 4507 3527 4560 etiam
3548 4507 3612 4562 ad
3639 4507 3796 4563 ﬁdem

2217 4595 2516 4664 perducens
2546 4595 2708 4666 duplo
2731 4596 3016 4652 laborabit.

2292 4687 2455 4741 Vsus.
2487 4687 2576 4741 20.
2601 4719 2671 4728 —
2695 4686 2800 4742 Sed
2829 4689 2991 4743 habeo
3018 4689 3264 4746 adversus
3304 4702 3352 4746 te
3383 4692 3506 4764 quia
3545 4692 3797 4762 permittis

2220 4777 2488 4832 mulierem
2518 4778 2758 4842 Jezabel,
2803 4797 2918 4851 qua:
2951 4798 3004 4835 se
3032 4781 3157 4835 dicit
3181 4783 3488 4853 propheten,
3527 4783 3710 4838 docere
3749 4793 3798 4838 et

2218 4869 2460 4924 seducere
2481 4885 2652 4924 servos
2683 4885 2844 4933 meos,
2869 4870 3140 4938 fornicari,
3172 4881 3222 4924 et
3248 4873 3577 4927 manducare
3595 4873 3659 4927 de
3681 4873 3793 4936 ide-

2219 4960 2448 5030 lothytis.
2493 4960 2617 5013 llaec
2663 4975 2768 5014 non
2818 4960 2892 5013 illi
2947 4962 3302 5026 conveniunt,
3345 4979 3504 5033 quem
3551 4965 3798 5034 superius

2222 5059 2368 5104 tanta
2405 5051 2560 5106 laude
2587 5061 2906 5120 prosecutus
2932 5060 3042 5116 est;
3086 5055 3179 5107 sed
3206 5055 3511 5123 specialiter
3536 5055 3601 5109 ad
3629 5054 3800 5110 malos

2219 5143 2602 5212 praedicatores
2627 5183 2642 5207 ,
2689 5142 2781 5210 qui
2818 5158 2910 5196 sua
2955 5143 3275 5212 negligentia
3313 5143 3719 5198 fornicationem
3745 5153 3800 5198 et

2221 5232 2581 5286 idololatriam
2611 5232 2665 5285 in
2694 5231 2951 5286 Ecclesia
2964 5232 3167 5286 sinunt.
3195 5232 3310 5286 Non
3356 5240 3535 5286 autem
3578 5231 3800 5287 creden-

2218 5323 2346 5378 dum
2390 5330 2474 5378 est
2516 5338 2686 5392 usque
2739 5325 2805 5377 ad
2872 5321 3000 5377 illud
3049 5329 3259 5392 tempus
3307 5320 3522 5377 Iezabel
3576 5336 3798 5376 uxorem

2221 5415 2404 5470 Achab
2434 5415 2486 5468 in
2517 5429 2742 5482 corpore
2778 5411 3068 5477 mansisse,
3099 5426 3260 5483 quam
3288 5427 3547 5482 equorum
3587 5411 3799 5484 ungulis

2220 5505 2466 5558 novimus
2517 5503 2938 5564 comminutam;
2987 5501 3080 5556 sed
3127 5501 3252 5570 quia
3287 5510 3441 5557 erant
3469 5509 3596 5557 tunc
3623 5503 3677 5556 in
3710 5499 3797 5554 illa

2223 5596 2310 5665 qui
2342 5594 2514 5648 coitus
2541 5593 2682 5647 illius
2711 5590 3077 5653 imitabantur,
3118 5591 3318 5649 idcirco
3344 5593 3396 5648 in
3427 5594 3506 5649 eis
3529 5594 3647 5662 ipsa
3684 5604 3796 5642 ma-
