4010 6182
331 279 465 336 1107

1169 254 1231 307 Β.
1278 252 1338 305 F.
1378 246 1600 303 ALBINI
1635 243 1763 303 SEU
1804 237 2075 301 ALCUlSI
2109 233 2391 293 OPERUM
2429 230 2607 285 PARS
2643 230 2708 283 ll.

3440 224 3574 281 1108

329 400 411 447 κεν
445 383 859 441 romanum
888 369 1190 427 ηοωιιαιυτο
1216 357 1452 429 neptem
1475 355 1620 411 enim
1641 353 1894 447 νίαοηξεη
1924 343 1971 393 Α
2001 345 2310 447 εφυνίξαιεε
2355 342 2670 447 deceptae
2717 336 3033 447 “ad”???
3054 336 3575 447 _f_“:‘1-i"!’3‘_2.§‘

326 442 600 548 parilitate
630 465 923 538 conjuncti,
949 472 1115 516 unum
1143 451 1349 521 antiqui
1371 447 1543 548 hostis
1567 459 1763 548 corpus
1780 442 1899 548 erit:

326 534 479 626 ciunt
504 585 517 619 :
545 566 686 620 sicut
711 534 867 614 electi
894 553 1154 607 virtutum
1173 540 1490 612 compagine
1510 551 1679 594 unum
1694 534 1896 589 Christi

327 671 522 727 corpus
540 656 611 708 de
635 666 694 706 se
722 645 971 704 reddunt.
1004 635 1311 727 Fornicatio
1349 644 1481 727 vero
1520 628 1739 727 Jesabel
1765 642 1899 727 qua:

327 715 558 805 trimoda
579 749 683 797 est.
720 737 819 794 Est
852 734 1000 790 enim
1044 722 1446 787 delectationis,
1490 728 1550 775 ut
1595 717 1764 772 illud:
1794 715 1900 781 Qui

324 838 510 894 viderit
527 831 799 890 mulierem
822 826 892 881 ad
917 815 1378 890 concupiscendum
1393 827 1531 874 eam,
1547 810 1663 879 jam
1677 806 1901 861 moecha—

325 938 409 983 tus
428 934 507 980 est
527 937 645 977 eam
660 921 719 974 in
743 915 902 972 corde
920 929 1021 968 suo
1043 907 1258 983 (Matth.
1280 919 1337 969 v,
1364 901 1478 973 28).
1504 901 1601 956 Est
1617 906 1675 953 et
1695 897 1896 965 operis,

327 1015 468 1071 unde
484 1008 807 1083 Apostolus:
831 1003 1024 1074 Fugite
1042 995 1464 1083 fornicationem,
1488 990 1674 1083 fratres
1695 987 1746 1059 (Ι
1770 984 1896 1042 Cor.

324 1080 1185 1174 v1,18).—Estidololatria3,juxta
1207 1083 1338 1174 illud
1358 1101 1373 1136 :
1406 1080 1664 1174 Hmchata
1685 1085 1759 1132 est
1770 1092 1899 1174 cum

521 1198 571 1244 et
597 1187 739 1257 ligno
776 1183 1007 1256 (Jerem.
1040 1194 1137 1241 ιιι,
1179 1173 1398 1265 9).?“
1434 1169 1597 1224 etiam
1636 1165 1898 1265 avaritite,

320 1255 475 1356 juxta
499 1255 670 1338 illudi:
694 1255 951 1337 Avaritia,
980 1285 1095 1342 quc
1121 1275 1200 1321 est
1236 1263 1502 1356 idolorum
1520 1259 1740 1356 servitus
1762 1255 1896 1327 (Col.

325 1350 410 1440 in,
432 1373 512 1445 5).
544 1367 848 1426 Notandum
874 1368 1086 1432 qunque
1108 1356 1252 1428 quod
1277 1351 1493 1445 Jezabel
1519 1350 1814 1445 propheten

316 1437 484 1529 dicit,
502 1470 562 1517 et
586 1459 791 1514 idcirco
818 1453 915 1509 Dei
939 1463 1127 1506 servos
1150 1444 1382 1501 seducit.
1406 1442 1540 1496 Cum
1588 1439 1754 1507 igitur
1776 1437 1902 1529 qui-

327 1525 471 1608 libet
499 1545 795 1607 continenti
841 1541 973 1598 dicit
1005 1557 1018 1594 :
1050 1535 1216 1600 Veni,
1274 1532 1520 1587 fruamur
1564 1525 1898 1595 concupitis,

316 1648 450 1718 quia
475 1645 520 1699 si
550 1643 654 1697 hoc
676 1640 822 1693 Deus
845 1634 961 1689 ﬁeri
990 1630 1178 1693 nollet,
1199 1640 1403 1718 marem
1514 1620 1766 1718 feminam
1792 1633 1896 1673 non

322 1708 568 1799 crearet,
610 1728 767 1800 quasi
813 1720 1180 1797 prophetando
1224 1717 1319 1771 Dei
1370 1713 1596 1769 militem
1640 1708 1897 1765 seducere

321 1827 535 1899 quaerit.
559 1819 777 1879 Jezabel
795 1819 977 1886 itaque
999 1814 1387 1899 interpretatur
1406 1804 1681 1899 sanguinis
1703 1802 1895 1899 ﬂuxus,

320 1891 419 1972 aut
444 1916 637 1975 tinens,
661 1908 747 1965 vel
768 1903 1191 1974 sterquilinium.
1216 1896 1508 1967 Sanguinis
1529 1909 1659 1949 vero
1682 1891 1899 1947 nomine

321 2012 542 2076 peccata
569 2001 891 2071 ﬁgurantur,
916 1993 1070 2062 juxta
1099 1989 1230 2044 illud
1258 2006 1271 2041 :
1299 1986 1488 2040 Libera
1530 2000 1612 2037 me
1659 1982 1724 2035 de
1747 1998 1897 2076 san-

318 2073 565 2167 guinibus
586 2090 760 2165 (Psal.
787 2108 841 2153 1.,
868 2084 978 2157 16).
1011 2082 1294 2137 Mulierum
1325 2086 1509 2132 autem
1551 2076 1606 2128 in
1650 2073 1902 2167 patiendo

316 2161 525 2239 Durum
552 2161 832 2250 sanguinis
857 2178 962 2231 ista
990 2170 1321 2228 consuetudo
1338 2167 1674 2237 perhibetur,
1704 2172 1764 2218 ut
1784 2161 1900 2232 plu-

318 2276 589 2331 rimorum
630 2271 840 2327 dierum
883 2265 1141 2321 collectus
1176 2263 1369 2315 humor
1416 2255 1726 2326 sanguinis,
1776 2267 1900 2309 cum

320 2372 663 2423 menstruum
696 2368 908 2426 tempus
954 2351 1259 2416 advenerit,
1288 2346 1732 2416 superabundans
1778 2357 1902 2413 ege-

329 2461 498 2507 ratur.
528 2450 620 2506 Sic
648 2442 936 2502 universali
983 2440 1199 2496 Jezabel
1228 2437 1450 2492 evenire
1482 2435 1745 2504 probatur
1769 2450 1783 2485 :
1809 2432 1901 2487 diu

324 2545 467 2600 enim
497 2546 751 2611 congesta
796 2533 970 2603 turpis
995 2529 1281 2586 delectatio
1301 2567 1317 2590 ,
1344 2541 1471 2584 cum
1500 2532 1713 2593 tempus
1742 2523 1902 2577 adve-

322 2633 492 2696 nerit,
528 2631 595 2686 ad
622 2635 861 2699 apertam
887 2620 1222 2694 operationis
1246 2616 1643 2675 deformitatem
1666 2612 1897 2684 prosilit.

326 2721 529 2777 Deinde
553 2719 615 2773 ﬁt
642 2731 795 2771 mens
826 2710 1197 2769 vehementius
1222 2707 1383 2763 anxia
1402 2745 1417 2770 ,
1442 2712 1500 2759 et
1534 2711 1595 2759 ut
1628 2718 1755 2763 cera
1777 2709 1903 2757 ante

326 2813 521 2869 faciem
541 2809 679 2879 ignis
698 2806 903 2877 pariter
919 2803 1081 2860 homo
1096 2797 1349 2869 liquescit
1372 2813 1388 2851 :
1411 2796 1552 2851 unde
1568 2803 1714 2849 recte
1732 2791 1903 2846 fluens

328 2909 568 2959 vocatur.
596 2899 877 2954 Postremo
898 2902 955 2951 et
987 2893 1102 2961 ipsa
1128 2894 1450 2959 perpetratae
1478 2884 1703 2941 luxuriae
1742 2883 1904 2937 itera-

1999 436 2127 505 quia
2172 434 2509 489 incrementa
2549 431 2828 494 vitiorum,
2867 427 3022 496 quasi
3048 425 3295 497 quaedam
3321 426 3576 499 supplicia

1999 532 2142 586 sunt,
2176 523 2315 578 bene
2342 523 2454 590 ipse
2481 520 2651 575 lectus
2679 516 2953 573 tribulatio
2989 529 3185 587 magna
3209 523 3450 570 vocatur.
3476 515 3577 573 Po-

2002 622 2106 669 test
2134 613 2297 666 etiam
2323 627 2421 681 per
2444 610 2665 675 lectum,
2700 616 2962 663 aeternum
2989 606 3311 677 supplicium
3342 607 3575 679 designa-

2000 701 2067 756 ri.
2100 700 2252 755 Unde
2290 700 2424 753 mihi
2467 697 2605 752 alter
2632 697 2901 765 interpres
2932 709 3031 764 pro
3078 694 3219 749 iccto
3255 694 3450 749 luctum
3475 712 3570 768 po-

1998 790 2173 846 suisse
2200 791 2427 845 videtur.
2463 789 2533 843 Et
2552 787 2712 841 scient
2737 784 3010 850 Ecclesia’,
3043 787 3166 856 quia
3186 801 3282 855 ego
3305 801 3420 839 sum
3440 802 3571 839 scru-

1998 892 2116 937 tans
2165 899 2310 937 renes
2351 891 2400 934 et
2427 880 2606 934 corda.
2661 879 2716 932 In
2761 877 2982 931 renibus
3016 877 3188 945 ipsam
3212 876 3327 930 vult
3355 876 3575 947 intelligi

1999 971 2294 1042 corporalis
2320 970 2546 1024 luxuria:
2570 974 2928 1038 perpetratam
2969 966 3264 1034 nequitiam
3286 1006 3303 1031 ,
3328 967 3454 1036 quia
3484 968 3581 1021 bu-

2000 1074 2173 1114 mame
2199 1057 2571 1128 conceptionis
2602 1069 2786 1111 semen
2814 1056 2879 1111 de
2908 1055 3106 1110 lumbis
3132 1056 3407 1125 egreditur
3439 1058 3582 1112 viro-

2000 1164 2150 1215 rum;
2197 1150 2439 1206 cordium
2499 1157 2676 1205 autem
2725 1148 2987 1202 vocabulo
3030 1148 3288 1225 spiritalis
3333 1150 3585 1207 adulterii

2001 1239 2287 1294 incentiva.
2324 1239 2475 1295 Unde
2520 1239 2802 1294 Psalmista
2828 1257 2844 1293 :
2873 1237 2979 1293 Ure
3029 1256 3176 1295 renes
3219 1256 3360 1295 meos
3399 1251 3448 1295 et
3495 1259 3588 1298 cor

2001 1344 2170 1382 meum
2198 1326 2368 1399 (Psal.
2393 1343 2520 1392 xxv,
2542 1327 2618 1397 2).
2634 1327 2749 1399 Sed
2774 1328 3017 1396 nunquid
3038 1327 3191 1398 prius
3213 1344 3374 1399 quam
3400 1330 3584 1385 Domi-

2000 1433 2102 1472 nus
2130 1417 2439 1473 idololatras
2468 1425 2523 1472 et
2549 1415 2907 1472 fornicatores
2937 1417 2991 1470 in
3017 1418 3295 1487 publicum
3316 1419 3513 1489 prodat
3532 1428 3589 1474 et

2002 1508 2270 1572 trucidet,
2302 1508 2477 1563 nescit
2510 1508 2652 1562 hunc
2695 1506 2937 1561 Ecclesia
2972 1506 3306 1561 occultorum
3340 1510 3587 1579 cognito-

2000 1613 2115 1652 rem
2143 1598 2296 1652 esse?
2315 1597 2423 1652 Aut
2453 1596 2723 1667 quomodo
2751 1595 2994 1651 Ecclesia
3032 1596 3136 1651 dici
3166 1604 3382 1666 potest,
3409 1598 3455 1652 si
3483 1599 3593 1652 hoc

1936 1674 1975 1731 Β
2006 1687 2153 1743 exitu
2200 1702 2405 1753 rerum,
2449 1697 2506 1742 et
2546 1703 2654 1744 non
2678 1674 2877 1757 potius
2902 1686 3009 1741 ﬁde
3045 1688 3393 1758 cognoverit?
3427 1689 3589 1744 Certa

2005 1791 2134 1849 ergo
2158 1776 2262 1833 ﬁde
2293 1777 2581 1832 tenendum
2610 1787 2717 1843 est,
2743 1786 3004 1848 quantum
3040 1778 3109 1833 ad
3144 1780 3429 1848 pratsentis
3452 1789 3596 1836 tem.

2004 1867 2153 1936 poris
2175 1866 2489 1935 qualitatem
2514 1866 2695 1920 abdita
2720 1880 2815 1920 eos
2847 1874 3021 1921 morte
3042 1866 3243 1937 puniri.
3275 1867 3345 1922 Ut
3371 1869 3441 1923 sit
3482 1869 3590 1926 iste

2002 1972 2196 2012 sensus
2224 1975 2237 2010 :
2270 1973 2393 2011 cum
2424 1957 2478 2011 in
2507 1957 2704 2012 abditis
2732 1965 2894 2026 atque
2915 1956 3142 2012 occultis
3168 1959 3428 2027 reprobos
3455 1977 3591 2016 con-

2008 2048 2201 2103 demno
2229 2089 2244 2115 ,
2275 2049 2436 2104 etiam
2463 2058 2592 2104 tunc
2618 2058 2934 2105 cunctorum
2981 2066 3069 2106 me
3101 2060 3222 2108 acta
3267 2068 3595 2124 cognoscere

2006 2137 2193 2193 ﬁdeles
2217 2155 2322 2194 non
2347 2140 2647 2210 ambigunt.
2677 2139 2746 2193 Et
2777 2140 2912 2194 dabo
2940 2142 3220 2213 unicuique
3259 2152 3486 2198 vestrum
3506 2162 3594 2199 se-

2007 2228 2235 2281 cundum
2260 2245 2417 2299 opera
2442 2247 2561 2284 sua.
2588 2231 2747 2285 Redit
2789 2246 2820 2285 a
2861 2232 3039 2302 specie
3060 2234 3128 2287 ad
3147 2248 3337 2303 genus.
3365 2235 3460 2291 llic
3488 2252 3593 2290 au-

2009 2327 2114 2373 tem
2136 2320 2279 2388 quod
2300 2321 2493 2389 exponi
2518 2322 2715 2377 debeat
2746 2323 2974 2393 amplius
3014 2340 3122 2380 non
3161 2332 3270 2391 est,
3315 2327 3407 2381 sed
3437 2327 3580 2395 quod

2008 2414 2186 2484 magis
2212 2414 2410 2468 timeri.

2078 2513 2242 2567 Vsus.
2274 2513 2363 2569 24.
2384 2544 2455 2554 -—-
2481 2513 2637 2569 Vobis
2658 2516 2777 2571 dico
2801 2516 3000 2573 caneris
3025 2516 3114 2587 qtti
3138 2516 3402 2587 Thyatira:
3423 2519 3550 2576 estis
3574 2538 3595 2574 :

2006 2607 2100 2676 qui
2125 2624 2230 2663 non
2257 2608 2447 2663 habent
2471 2609 2765 2667 doctrinam
2789 2610 2948 2675 hanc,
2969 2610 3059 2681 qui
3083 2627 3186 2665 non
3216 2622 3487 2670 noverunt
3511 2613 3597 2669 al-

2011 2698 2292 2755 titudinem
2324 2696 2561 2753 Satanaz.
2593 2697 2708 2754 Hoc
2734 2698 2854 2755 loco
2887 2700 2955 2754 ad
2999 2700 3204 2757 electos
3240 2703 3465 2761 verbum
3505 2718 3596 2757 re-

2008 2786 2198 2840 currit.
2224 2785 2467 2842 Altitudo
2493 2795 2677 2843 autcm
2708 2785 2926 2843 Satanae
2957 2789 3176 2845 ruinoso
3214 2790 3359 2849 illius
3394 2808 3589 2862 super-

2008 2874 2097 2929 bia
2127 2874 2473 2946 intelligenda
2497 2883 2600 2941 est,
2629 2891 2733 2946 qua
2760 2877 2968 2946 primus
3003 2887 3191 2934 contra
3217 2880 3387 2939 Deum
3414 2882 3595 2941 elatus

326 2994 476 3050 tione
502 2992 658 3060 longe
682 2989 899 3056 lateque
937 2982 1096 3041 mala:
1141 2978 1412 3049 opinionis
1444 2975 1586 3031 fetor
1613 2974 1900 3029 emittitur.
1930 3000 1979 3065 ε
2012 2964 2236 3031 tumuit;
2280 2981 2442 3065 quam
2488 2966 2643 3065 electi
2673 2966 2922 3065 ignorare
2952 2968 3221 3035 dicuntur,
3250 2971 3304 3025 id
3331 2982 3417 3028 est
3441 2973 3595 3028 nullo

336 3080 489 3139 Unde
515 3083 908 3147 consequenter
942 3069 1158 3129 Jezabel
1201 3065 1593 3136 Sterquilinium
1643 3064 1905 3133 interpre-

332 3178 498 3227 tatur.

398 3260 563 3315 Vens.
594 3253 873 3311 2l.—-Et
917 3251 1037 3307 dedi
1082 3250 1162 3306 illi
1205 3256 1404 3318 tempus
1447 3256 1507 3302 ut
1553 3247 1905 3317 pmnitentiam

327 3354 524 3417 ageret,
553 3354 603 3402 et
629 3360 733 3399 non
757 3342 869 3401 uult
901 3342 1142 3412 poenitere
1173 3356 1206 3392 a
1231 3338 1577 3408 fornicatione
1608 3353 1729 3394 sua.
1767 3336 1905 3392 Hinc

328 3438 397 3493 de
423 3435 665 3505 quolibet
688 3434 916 3503 reprobo
936 3447 1034 3501 per
1057 3433 1273 3486 beatum
1298 3428 1399 3483 Job
1423 3427 1621 3485 dicitur
1645 3445 1658 3480 :
1682 3426 1837 3482 Dedit
1858 3429 1906 3481 ei

330 3527 583 3585 Domth
611 3525 782 3581 locum
810 3521 1121 3594 poenitentia:
1138 3559 1154 3584 ,
1182 3526 1230 3573 et
1256 3516 1343 3572 ille
1368 3517 1604 3571 abutitur
1635 3531 1697 3569 eo
1737 3516 1793 3570 in
1816 3533 1906 3570 su-

325 3617 555 3689 perbiant
585 3615 727 3688 (Job.
752 3629 899 3678 xxxv,
922 3610 1038 3682 25).
1066 3608 1173 3664 Sed
1202 3624 1325 3663 cum
1372 3604 1698 3675 pratcedentt
1737 3605 1907 3658 versi-

329 3707 451 3762 culo
482 3713 782 3773 torpentem
813 3701 1221 3772 przedicatorem
1243 3712 1343 3767 pro
1367 3694 1725 3753 fornicatione
1746 3693 1903 3755 Jeza-

330 3798 416 3857 bel
442 3794 793 3864 redarguerit,
823 3808 921 3846 cur
939 3807 1045 3847 non
1068 3791 1285 3855 dicitur,
1309 3789 1455 3847 dedit
1476 3789 1598 3854 tibi,
1618 3788 1793 3853 etilli,
1810 3789 1905 3844 sed

330 3895 540 3943 tantum
569 3883 691 3938 illi?
713 3882 1011 3953 prtesertim
1040 3897 1161 3937 cum
1190 3889 1414 3937 testctur
1436 3879 1755 3950 Apostolus:
1779 3882 1905 3949 quia

328 3993 437 4035 non
461 3975 634 4033 solum
661 3975 753 4046 qui
782 3973 986 4029 faciunt
1011 3973 1234 4037 malum,
1257 3971 1351 4026 sed
1378 3971 1542 4033 etiam
1565 3971 1657 4039 qui
1683 3986 1907 4029 consen-

330 4072 471 4129 tiunt
497 4068 840 4131 facientibus,
869 4073 1072 4121 aeterna
1094 4072 1219 4118 sunt
1239 4069 1413 4116 morte
1433 4060 1702 4130 ploctendi
1725 4059 1902 4131 (Rom.

334 4177 370 4223 ι,
400 4159 514 4231 52).
545 4156 839 4213 Sciendum
873 4168 1004 4223 ergo
1041 4152 1169 4221 quia
1203 4164 1384 4204 sermo
1410 4149 1507 4203 Dei
1539 4165 1570 4205 n
1613 4148 1792 4219 specie
1838 4148 1905 4202 ad

329 4264 497 4322 genus
524 4246 740 4311 transit,
760 4252 816 4298 et
839 4244 893 4297 in
913 4257 977 4297 eo
994 4249 1200 4311 partem
1223 4240 1420 4309 speciei
1444 4239 1726 4310 reprobam
1748 4238 1905 4308 quasi

2009 3069 2274 3111 consensu
2298 3056 2614 3112 imitandam
2642 3059 2913 3128 recipere;
2943 3061 3104 3117 sicuti
3126 3079 3281 3119 sacra
3307 3065 3595 3137 Scriptura

2007 3146 2258 3216 innuptas
2281 3149 2537 3204 mulieres
2562 3149 2692 3204 dicit
2718 3165 2825 3205 non
2857 3153 3175 3222 cognovisse
3202 3157 3384 3222 viros,
3424 3159 3479 3216 id
3508 3167 3599 3215 est

2007 3252 2344 3307 nequaquam
2369 3238 2537 3296 fuisse
2565 3250 2817 3310 expertas
2843 3257 3006 3312 opera
3037 3244 3278 3301 virorum
3304 3248 3362 3302 in
3390 3263 3593 3305 concu-

2006 3328 2164 3393 bitis;
2196 3338 2252 3384 et
2278 3331 2417 3386 sicut
2464 3332 2735 3389 hominem
2766 3348 3016 3390 veracem
3058 3336 3288 3393 dicimus
3332 3340 3590 3410 ignorare

2007 3421 2244 3475 mentiri.
2288 3421 2750 3489 Quemadmodum
2794 3425 3012 3492 dicunt,
3044 3426 3159 3481 Non
3202 3444 3400 3497 ponam
3425 3446 3595 3502 super

2005 3510 2275 3566 vos‘aliud
2301 3513 2527 3581 pondus.
2561 3512 2662 3581 Qui
2693 3521 2819 3569 sunt
2862 3514 2940 3569 illi
2988 3516 3082 3585 qui
3122 3517 3329 3585 dicunt,
3357 3520 3460 3576 nisi
3488 3536 3590 3592 po-

2005 3600 2116 3669 puli
2140 3599 2472 3667 Judazorum,
2498 3604 2588 3671 qui
2612 3618 2777 3673 super
2801 3606 3138 3661 credentium
3168 3608 3457 3665 humerum
3483 3627 3591 3668 cz-

2007 3690 2278 3746 remonias
2306 3690 2506 3747 veteris
2550 3692 2686 3762 legis
2733 3695 2919 3748 dicunt
2951 3695 3191 3764 imponi?
3236 3697 3389 3754 Unde
3415 3699 3590 3757 Lucas

2008 3780 2332 3849 evangelista
2361 3797 2374 3835 :
2407 3780 2636 3847 Quidam
2658 3782 3023 3839 descendentes
3051 3802 3088 3838 a
3120 3786 3319 3845 Iudaea
3339 3789 3584 3847 docebant

2007 3868 2221 3939 fratres,
2250 3869 2373 3939 quia
2418 3870 2520 3924 nisi
2561 3870 3009 3928 circumcidamini
3051 3877 3339 3933 secundum
3383 3894 3574 3932 merent

2010 3957 2198 4028 Moysi,
2225 3975 2326 4013 non
2352 3961 2562 4029 potestis
2583 3961 2713 4015 salvi
2736 3961 2854 4030 ﬁeri
2880 3960 3016 4034 (Act.
3038 3980 3129 4031 xv,
3158 3964 3232 4036 1).
3259 3967 3446 4037 (Vsus.
3466 3968 3579 4038 25.)

2012 4045 2206 4102 Tamen
2243 4048 2299 4102 id
2338 4049 2476 4120 quod
2518 4050 2715 4105 habetis
2755 4060 2951 4120 tenete,
2981 4053 3145 4111 donec
3172 4057 3395 4110 veniam.
3424 4058 3482 4113 id
3506 4067 3589 4113 est

2007 4152 2144 4193 onus
2173 4138 2288 4193 leve
2313 4139 2381 4193 ad
2408 4140 2550 4209 quod
2575 4141 2751 4195 vocati
2782 4143 2942 4207 estis,
2970 4144 3203 4214 gratiam
3244 4146 3451 4202 scilicet
3478 4147 3585 4202 Re-

2008 4227 2302 4296 demptoris
2329 4228 2562 4297 abjicere
2604 4232 2791 4288 nolite.
2822 4233 3058 4290 Dicendo
3095 4245 3277 4292 autem
3315 4238 3479 4293 donec
3507 4255 3593 4292 ce-

328 4319 395 4396 ex
413 4339 630 4397 occulto
670 4333 1098 4405 impcnnitentem
1155 4328 1467 4400 redarguit,
1517 4343 1681 4400 quam
1743 4343 1901 4397 supra
1934 4336 1980 4405 ο
2007 4319 2148 4375 niam
2173 4360 2188 4384 .
2231 4320 2466 4376 ostendit
2510 4320 2806 4379 Ecclesium
2854 4341 3026 4396 usque
3072 4328 3141 4383 ad
3183 4330 3595 4389 restaurationis

328 4438 513 4501 aperte
558 4430 964 4496 increpaverat;
1003 4431 1271 4493 quatenus
1312 4436 1420 4477 una
1467 4420 1759 4489 eademque
1796 4435 1912 4490 spe-

326 4522 440 4585 aks
492 4519 650 4581 modo
695 4533 829 4581 rea,
881 4516 1041 4572 modo
1102 4515 1265 4585 digna
1325 4521 1624 4583 appareat,
1678 4528 1802 4569 cum
1854 4522 1910 4567 et

330 4616 514 4678 aperte
540 4608 837 4679 negligens,
858 4614 913 4661 et
931 4622 1037 4660 non
1062 4613 1245 4677 aperte
1267 4604 1611 4675 impcenitens
1634 4604 1913 4674 redargui—

332 4711 437 4757 tur.
460 4699 573 4756 Hoc
595 4708 774 4759 autem
804 4698 1022 4762 idcirco,
1047 4712 1112 4751 ne
1136 4712 1264 4766 pars
1287 4696 1484 4766 speciei
1500 4710 1618 4764 quae
1636 4695 1687 4749 in
1711 4694 1911 4749 sanctis

330 4789 772 4859 praedicatoribus
796 4796 1028 4853 constat,
1057 4788 1131 4842 illi
1162 4802 1282 4856 quae
1309 4787 1363 4841 in
1394 4786 1639 4857 reprobis
1679 4794 1795 4850 est,
1832 4784 1910 4840 vi-

333 4882 550 4949 deretur
580 4878 887 4949 conjuncta.
934 4878 1118 4950 (Vsus.
1170 4876 1286 4949 22.)
1340 4876 1477 4932 Ecce
1514 4890 1657 4946 pono
1698 4891 1813 4928 eam
1854 4874 1911 4927 in

330 4967 543 5039 lectum,
565 4976 613 5021 et
632 4967 722 5038 qui
747 4966 1070 5021 mmcltantur
1087 4981 1205 5018 eum
1225 4982 1286 5019 ea
1315 4964 1370 5019 in
1394 4963 1729 5019 tribulatione
1748 4961 1912 5016 maxi-

332 5075 417 5112 ma
442 5066 618 5129 erunt,
650 5055 750 5110 nisi
787 5055 1138 5125 pmnitenliam
1178 5054 1375 5123 egerint
1414 5053 1480 5107 ab
1506 5052 1742 5122 operibus
1772 5049 1907 5117 ejus.

332 5147 520 5217 (Vsus.
551 5142 666 5214 25.)
692 5143 760 5200 Et
790 5143 926 5212 ﬁlios
952 5144 1069 5214 ejus
1110 5142 1422 5213 interﬁciant
1450 5143 1503 5195 in
1541 5151 1778 5194 mortem.
1813 5138 1905 5194 Je-

327 5237 481 5297 zabel
518 5252 584 5292 ac
620 5236 954 5293 mtechautes
990 5234 1044 5288 in
1086 5249 1151 5290 ea
1198 5242 1252 5288 et
1280 5232 1373 5287 filii
1418 5231 1535 5305 eius
1569 5247 1733 5287 unum
1784 5241 1909 5288 sunt

329 5342 526 5399 corpus
547 5325 784 5393 Satanae,
803 5326 944 5394 quod
965 5327 1017 5383 iu
1040 5325 1178 5379 lecto
1202 5323 1420 5394 ponitur
1437 5338 1541 5381 non
1563 5330 1620 5379 ut
1641 5323 1907 5392 quiescat,

332 5416 427 5473 sed
452 5425 512 5470 ut
535 5417 841 5486 phronesim
862 5418 1132 5483 incurrat;
1159 5414 1278 5475 lecti
1306 5415 1450 5469 enim
1484 5414 1701 5471 nomine
1746 5414 1909 5468 auda-

333 5507 414 5561 ria
444 5520 510 5559 ac
533 5510 797 5577 securitas
821 5508 1157 5578 delinquendi
1189 5506 1468 5575 accipitur.
1496 5505 1539 5558 Α
1578 5504 1687 5571 Deo
1730 5514 1907 5561 autem

338 5595 461 5669 poni
492 5594 708 5657 dicitur,
736 5611 842 5651 non
868 5613 973 5668 quo
1001 5599 1111 5669 ipse
1139 5595 1405 5667 impellat,
1450 5593 1541 5648 sed
1578 5609 1683 5663 quo
1715 5596 1781 5649 ab
1807 5596 1909 5649 hac

2014 4413 2254 4476 tempora
2283 4408 2383 4469 sub
2409 4411 2580 4479 gratia
2606 4427 2845 4469 manere.
2885 4412 3075 4486 (Vsus.
3103 4415 3216 4487 26.)
3247 4416 3317 4471 Et
3338 4419 3428 4488 qui
3456 4420 3591 4477 cice-

2013 4497 2099 4561 rit,
2125 4507 2175 4550 et
2202 4499 2293 4568 qui
2325 4501 2630 4555 custodierit
2656 4519 2811 4573 opera
2835 4520 2951 4561 mea
2976 4521 3135 4576 usque
3154 4507 3211 4559 in
3236 4507 3430 4575 ﬁnem,
3456 4508 3591 4563 dabo

2009 4584 2089 4638 illi
2107 4595 2412 4657 potestatem
2438 4605 2592 4659 super
2614 4600 2805 4658 gentes.
2846 4592 3031 4663 (Vens.
3072 4593 3188 4667 27.)
3217 4595 3287 4648 Et
3315 4607 3449 4668 reget
3475 4596 3595 4652 illas

2009 4677 2066 4729 in
2110 4680 2251 4747 virga
2275 4678 2478 4748 ferrea,
2508 4688 2555 4734 et
2585 4689 2832 4755 tanquam
2857 4700 2944 4739 vas
2981 4684 3131 4754 ﬁguli
3177 4686 3589 4757 confringentur.

2012 4767 2197 4839 (Vens.
2227 4769 2341 4843 28.)
2383 4770 2530 4826 Sicut
2571 4782 2619 4827 et
2664 4791 2756 4844 ego
2794 4776 2966 4847 accepi
3008 4794 3038 4830 a
3071 4775 3234 4832 Patre
3275 4795 3409 4833 meo.
3443 4777 3587 4833 Hanc

2010 4867 2333 4931 potestatem
2357 4861 2524 4917 Filius
2552 4879 2584 4919 a
2606 4862 2796 4931 Patre,
2835 4881 2943 4925 non
2973 4866 3028 4920 in
3065 4867 3386 4937 divinitate,
3415 4868 3501 4923 sed
3525 4868 3581 4922 in

2012 4952 2345 5009 humanitate
2390 4954 2629 5023 accepit,
2676 4970 2781 5025 qua
2830 4957 3007 5012 minor
3051 4966 3135 5013 est
3162 4973 3193 5011 a
3221 4957 3409 5015 Patre.
3438 4957 3591 5015 Unde

2012 5043 2140 5098 illud
2167 5059 2180 5097 :
2213 5043 2350 5101 Data
2375 5054 2450 5099 est
2473 5045 2600 5100 mihi
2626 5048 2792 5100 omnis
2817 5055 3043 5117 potestas
3072 5048 3125 5101 in
3149 5046 3278 5103 ctelo
3300 5058 3350 5102 et
3380 5049 3429 5103 in
3451 5057 3593 5102 terra

2013 5135 2227 5207 (Matth.
2250 5152 2445 5201 xxviii,
2477 5134 2562 5207 18)
2582 5153 2597 5203 ;
2629 5146 2685 5192 et
2712 5137 2835 5206 quia
2856 5136 3011 5192 electi
3035 5138 3278 5195 membra
3303 5138 3422 5215 ejus
3440 5145 3589 5202 sunt,

2011 5236 2065 5282 et
2096 5228 2197 5295 ipsi
2227 5227 2363 5281 hanc
2384 5235 2706 5296 potestatem
2728 5229 2781 5282 in
2806 5229 2982 5297 capite
3009 5244 3107 5285 suo
3128 5228 3593 5305 accipiunt,juxta

2012 5321 2174 5377 illud:
2208 5318 2562 5390 Quodcunque
2604 5318 2882 5388 ligaveritis
2909 5337 3065 5391 super
3090 5330 3303 5387 terrain,
3335 5321 3433 5376 erit
3458 5319 3594 5391 liga-

2012 5423 2119 5464 tum
2142 5420 2190 5464 et
2217 5412 2270 5463 in
2300 5409 2425 5464 cardo
2451 5409 2661 5479 (Matth.
2694 5425 2848 5477 xvnt,
2878 5409 2991 5483 18),
3012 5420 3066 5467 et
3097 5412 3321 5481 reliqua.
3352 5412 3458 5467 Per
3480 5411 3594 5465 vir-

2013 5519 2131 5575 gam
2158 5501 2384 5561 ferream
2416 5502 2652 5573 regimen
2667 5502 3079 5571 praedicatorum
3101 5503 3441 5579 exprimitur.
3468 5501 3589 5554 Vir-

2014 5608 2078 5661 ga
2111 5591 2252 5647 enim
2284 5590 2457 5646 ferrea
2488 5591 2862 5647 rectitudinem
2893 5592 3008 5649 sine
3042 5592 3265 5648 mollitie
3288 5593 3468 5655 habet.
3494 5590 3587 5645 Sic
