4010 6182
359 350 497 406 “09

1128 345 1534 401 EXEGETICA.
1575 375 1646 386 —
1681 345 2035 404 COMMENT.
2077 347 2144 402 ΙΝ
2183 347 2474 404 APOCAL.
2516 378 2584 389 ——-
2621 349 2748 405 LIB.
2786 350 2846 404 ll.

3474 358 3612 415 ιιιο

351 473 407 518 ct
431 461 605 518 sancti
636 460 1014 532 praedicatores
1041 472 1142 510 nec
1181 457 1283 511 sibi
1311 471 1412 510 nec
1438 455 1560 511 aliis
1586 465 1774 513 contra
1798 457 1927 512 vitia
1958 457 2006 518 Α
2035 455 2175 510 intra
2203 457 2380 512 sinum
2423 458 2676 513 Ecclesia:
2699 499 2713 523 ,
2747 459 2839 528 qui
2880 460 3047 515 vitam
3083 459 3156 522 ab
3185 464 3330 519 omni
3381 466 3610 523 crimine

352 565 576 620 parcere
606 557 896 608 noverunt;
931 547 1024 601 sed
1048 546 1104 600 in
1130 561 1189 600 se
1216 555 1270 600 et
1292 547 1346 600 in
1375 545 1497 601 aliis
1519 555 1730 601 tantum
1764 546 1924 614 justi-

352 642 441 696 tim
490 639 763 694 tramitem
805 637 1037 707 dirigere
1081 637 1318 692 student.
1352 635 1503 692 Unde
1540 636 1756 692 Christo
1794 637 1924 691 dici-

348 742 438 787 tur
462 749 476 785 :
514 729 675 802 Virga
701 738 848 784 recta
870 736 953 784 est
979 728 1120 797 virga
1149 729 1294 799 regni
1335 727 1412 781 tui
1455 724 1626 798 (Psal.
1671 743 1818 792 xLiv,
1844 727 1919 796 7).

347 823 414 878 Et
439 830 561 890 apte
587 821 867 876 credentes
895 818 1039 872 vasis
1065 817 1320 872 ﬁctilibus
1353 824 1766 886 comparantur;
1793 831 1922 870 vasa

343 914 490 968 enim
531 922 657 967 sunt
696 910 962 980 portando
993 909 1302 974 thesaurum
1331 923 1361 962 a
1401 907 1611 963 saeculis
1642 907 1924 964 abscondi-

343 1015 498 1071 tum;
537 1004 723 1060 ﬁctilia
754 1011 964 1068 autem,
1014 1003 1141 1071 quia
1188 1001 1369 1056 carnis
1420 1000 1764 1070 corruptione
1807 1016 1924 1070 gra-

341 1104 558 1151 vantur.
590 1095 743 1151 Unde
762 1093 1086 1164 Apostolus:
1118 1094 1383 1147 habemus
1420 1092 1733 1148 thesaurum
1761 1091 1923 1150 istum

342 1186 399 1240 in
423 1184 568 1240 vasis
608 1183 863 1239 ﬁctilibus
893 1182 980 1254 (II
1003 1180 1127 1236 Cor.
1154 1198 1233 1246 ιν,
1263 1181 1337 1253 7).
1379 1180 1532 1247 Quod
1579 1188 1757 1236 autem
1808 1181 1924 1235 haec

340 1290 470 1330 vasa
499 1284 645 1330 tactu
671 1275 837 1345 virga:
864 1273 1130 1343 confringi
1162 1281 1475 1336 narrantur,
1508 1289 1635 1344 pars
1671 1288 1921 1327 vasorum

340 1365 499 1420 debet
519 1365 743 1435 intelligi
770 1379 889 1434 quae
920 1364 1096 1419 adhuc
1131 1363 1426 1432 dissipatur
1450 1370 1509 1416 ut
1538 1363 1592 1418 in
1619 1362 1814 1418 melius
1843 1377 1922 1417 re-

340 1453 622 1509 l'ormetur.
651 1454 789 1509 Hinc
817 1453 1037 1508 humani
1064 1452 1279 1524 generis
1305 1451 1467 1522 ﬁgulo
1495 1453 1726 1508 dicitur:
1765 1452 1920 1508 Verte

336 1547 523 1616 impios
553 1555 603 1600 et
628 1562 728 1600 non
755 1554 908 1599 erunt
937 1543 1113 1617 (Prov.
1146 1561 1242 1611 xu,
1272 1544 1357 1616 7);
1389 1545 1710 1600 subauditur
1736 1545 1917 1615 impii,

334 1635 427 1690 sed
453 1635 546 1705 pii.
573 1635 682 1690 Sed
705 1635 834 1704 quid
861 1635 963 1690 sibi
994 1635 1110 1690 vult
1157 1633 1300 1704 quod
1335 1636 1703 1705 praemittitur,
1726 1638 1816 1706 qui
1839 1637 1917 1690 vi-

335 1727 480 1790 cerit,
502 1736 547 1779 et
572 1726 873 1780 custodierit
893 1729 1050 1796 opera
1068 1742 1184 1780 mea
1205 1743 1365 1796 usque
1383 1727 1439 1781 in
1459 1727 1614 1796 ﬁnem
1631 1727 1921 1798 ?Nunquid

2026 548 2390 603 custodientes
2413 589 2427 614 ,
2461 549 2568 603 vivi
2598 550 2740 618 apud
2781 549 3027 607 homines
3074 553 3409 613 aestimantur
3437 574 3452 609 :
3481 558 3608 627 quia

2025 636 2254 691 intentio
2282 645 2427 691 recta
2457 653 2564 692 non
2588 639 2853 708 procedit,
2884 639 3024 708 apud
3051 640 3221 696 Deum
3269 643 3469 698 mortui
3511 645 3607 700 de-

2024 735 2317 794 putantur;
2351 729 2547 798 quibus
2575 729 2773 786 dicitur
2799 748 2811 784 :
2847 731 2975 786 Esto
3003 733 3247 803 vigilans,
3278 745 3326 789 et
3350 737 3606 806 conﬁrma

2025 825 2213 871 cetera
2231 834 2348 886 qua:
2377 819 2629 872 moritura
2650 829 2833 888 erant;
2861 837 2924 876 ac
2947 822 2990 878 si
3019 823 3292 880 diceretur
3315 842 3330 879 :
3358 825 3414 880 Si
3438 827 3520 882 vis
3546 834 3606 881 ut

2024 919 2284 974 compago
2312 907 2570 962 virtutum
2603 910 2768 974 vivat,
2794 927 2924 966 cave
2952 913 3304 971 intentionem
3325 917 3598 990 operatio-

2024 995 2128 1058 nis,
2162 995 2324 1050 elatio
2357 997 2518 1050 vivet.
2552 997 2675 1051 Non
2715 1001 2853 1053 enim
2895 1002 3097 1056 invenio
3127 1020 3284 1074 opera
3321 1015 3412 1060 tua
3447 1005 3602 1075 plena

2023 1100 2198 1137 coram
2224 1084 2334 1139 Deo
2362 1102 2494 1140 meo.
2523 1086 2579 1140 ld
2609 1096 2692 1142 est
2721 1089 2846 1157 quia
2877 1100 3038 1158 caput
3062 1091 3300 1162 elanguit
3343 1093 3598 1149 intentio-

2023 1172 2138 1238 nis,
2189 1189 2530 1244 nequaquam
2575 1178 2730 1246 plena
2759 1179 2843 1234 vel
2876 1181 3095 1252 pinguia
3141 1184 3325 1252 vigent
3359 1185 3600 1241 membra

2022 1263 2282 1321 virtutum
2311 1306 2324 1328 ,
2378 1267 2471 1322 sed
2527 1268 2815 1324 macilenta
2876 1286 2941 1326 ac
3000 1287 3136 1341 pene
3184 1282 3394 1329 mortua
3451 1273 3600 1329 tabe-

2022 1363 2196 1409 scunt.

2093 1443 2254 1498 Vens.
2280 1446 2332 1499 5.
2359 1476 2425 1484 -
2451 1443 2517 1499 1η
2541 1456 2708 1502 mente
2729 1465 2849 1518 ergo
2872 1449 3002 1502 habe
3019 1448 3249 1520 qualiter
3273 1452 3530 1520 acceperis
3548 1461 3598 1505 et

2019 1535 2273 1602 audieris,
2299 1547 2347 1591 et
2369 1555 2540 1603 serva,
2567 1548 2617 1593 et
2639 1541 2990 1611 paenitentiam
3029 1557 3144 1611 age.
3170 1540 3296 1596 Haec
3331 1542 3593 1596 sententia

2021 1626 2086 1680 ad
2111 1635 2396 1698 utrumque
2425 1631 2668 1685 redditur
2709 1645 2947 1686 sensum.
2975 1631 3236 1687 Audierat
3265 1633 3407 1688 enim
3440 1652 3453 1686 :
3484 1632 3587 1699 Qui

2020 1718 2387 1774 observaverit
2428 1729 2588 1774 totam
2623 1719 2806 1791 legem,
2835 1721 3119 1777 ollenderit
3144 1733 3318 1776 autem
3360 1725 3416 1778 in
3453 1740 3587 1789 uno,

333 1837 438 1875 ηοη
492 1823 629 1892 τρεῖς,
669 1823 954 1878 credentes
1001 1822 1196 1891 aliquis
1240 1822 1552 1890 priusquam
1593 1821 1660 1875 de
1702 1820 1912 1876 diabolo
1946 1822 1990 1881 Β
2016 1809 2188 1878 factus
2215 1819 2289 1862 est
2315 1810 2544 1864 omnium
2576 1826 2692 1865 reus
2718 1811 2922 1881 (Iacob.
2954 1828 3014 1877 ιι,
3045 1811 3132 1885 10)
3158 1829 3172 1867 :
3200 1813 3354 1879 item,
3375 1812 3436 1869 Si
3462 1831 3590 1868 ocu-

331 1913 624 1983 triumphet
672 1915 1033 1984 perveniendo
1083 1929 1254 1984 usque
1304 1913 1372 1968 ad
1419 1913 1614 1968 linem?
1639 1921 1732 1966 aut
1767 1913 1910 1969 forte

330 2007 670 2076 postmodum
696 2009 881 2078 roget?
909 2006 1250 2076 Quapropter
1274 2005 1552 2060 sciendum
1576 2004 1700 2074 quia
1728 2004 1910 2060 future

331 2096 586 2151 Dominus
612 2111 711 2165 pro
741 2097 1016 2165 prmterito
1043 2103 1217 2157 utens,
1242 2109 1340 2164 per
1361 2094 1594 2164 gratiam
1634 2092 1910 2161 prtedesti-

328 2187 563 2242 nationis
581 2185 696 2256 jam
728 2187 944 2252 vicisse,
973 2185 1086 2255 jam
1112 2199 1278 2254 opera
1311 2198 1407 2238 sua
1436 2198 1609 2252 usque
1649 2181 1717 2236 ad
1747 2181 1907 2236 linem

328 2278 627 2334 custodisse
677 2279 966 2350 designat,
1023 2276 1218 2346 quibus
1263 2289 1324 2329 se
1376 2280 1700 2344 potestatem
1747 2285 1909 2340 super

326 2379 515 2440 gentes
560 2371 814 2424 daturum
847 2369 1188 2438 pronuntiat;
1221 2381 1286 2421 ac
1314 2366 1360 2420 si
1386 2365 1590 2419 diceret
1617 2382 1629 2415 :
1661 2363 1736 2416 illi
1771 2361 1907 2416 bene

327 2459 545 2529 regendi
573 2458 821 2512 ell‘ectum
854 2455 1172 2512 ministrabe
1197 2469 1357 2524 quem
1379 2454 1638 2507 victorem
1669 2460 1723 2505 et
1743 2463 1905 2518 opera

326 2563 444 2603 mea
474 2562 643 2618 usque
679 2548 744 2601 ad
777 2546 936 2600 linem
959 2552 1429 2614 perseveraturum
1459 2555 1807 2610 perspexero.
1837 2540 1903 2594 Et

323 2639 427 2693 hoc
451 2639 591 2702 ideo,
618 2638 742 2707 quia
769 2635 948 2690 futura
983 2636 1122 2704 apud
1152 2633 1300 2687 illum
1344 2631 1627 2700 prementia
1655 2638 1799 2684 sunt.
1832 2627 1903 2683 Et

323 2729 458 2781 dabo
497 2725 576 2781 illi
612 2725 817 2781 stellam
861 2724 1190 2778 matutinum.
1223 2723 1280 2776 ln
1311 2721 1588 2790 Scriptura
1612 2734 1763 2774 sacra
1794 2719 1903 2774 sin-

323 2819 494 2888 gulari
533 2832 758 2871 onmem
799 2816 956 2871 stella
988 2814 1251 2869 matutina
1294 2813 1566 2868 Christum
1613 2809 1896 2880 signiﬁcat.

324 2907 475 2961 Unde
501 2904 724 2960 inferius
748 2923 761 2958 :
795 2903 908 2976 Ego
928 2920 1043 2958 sum
1060 2902 1208 2958 stella
1231 2901 1491 2956 matutina
1509 2917 1528 2965 ;
1554 2899 1747 2970 plurali
1772 2915 1898 2954 vero

320 2996 558 3067 angelos.
590 2995 905 3050 Matutinam
942 3009 1072 3064 ergo
1115 2993 1326 3048 stellam
1350 2991 1608 3046 Dominus
1636 2989 1898 3043 vincenti-

317 3087 420 3142 bus
446 3087 617 3152 dabit,
650 3086 864 3154 quando
891 3098 1089 3153 corpus
1119 3081 1439 3137 humilitatis
1480 3087 1681 3134 nostrae
1728 3077 1898 3134 refer-

2010 1900 2092 1954 lus
2145 1911 2266 1955 tuus
2315 1917 2534 1972 nequam
2581 1910 2683 1966 est,
2719 1912 2858 1958 totus
2908 1921 3097 1975 corpus
3142 1907 3466 1961 tenebrosum
3490 1909 3589 1960 erit

2011 1989 2224 2061 (Matth.
2260 2007 2334 2056 vi,
2362 1990 2474 2062 25).
2504 1991 2565 2047 Si
2595 2002 2773 2047 autem
2803 2009 2905 2048 non
2931 1994 3256 2066 vigilaveris,
3282 1998 3483 2051 veniam
3513 1999 3584 2051 ad

2007 2092 2056 2136 te
2081 2093 2330 2154 tanquam
2353 2084 2460 2152 fur,
2492 2092 2546 2140 et
2575 2101 2679 2139 non
2702 2086 2841 2140 scies
2865 2088 3080 2155 quando
3104 2089 3324 2142 veniam.
3350 2089 3586 2159 Vigilare

2006 2182 2090 2228 est
2121 2191 2150 2228 a
2173 2177 2378 2244 peccati
2425 2192 2615 2232 somno
2637 2193 2733 2248 per
2771 2180 3102 2249 poenitentia:
3128 2180 3312 2236 ﬂetum
3338 2183 3406 2237 ad
3425 2181 3585 2251 justi—

2007 2265 2136 2319 tiam
2166 2281 2479 2336 exsurgere.
2504 2267 2642 2336 Apta
2665 2276 2844 2322 autem
2870 2270 2960 2324 hic
2985 2268 3120 2324 furis
3146 2272 3478 2341 comparatio
3502 2273 3584 2329 in-

2009 2354 2329 2418 troducitur,
2358 2356 2450 2423 qui
2477 2357 2601 2409 dum
2633 2357 2962 2426 improvidus
2982 2359 3222 2424 advenit,
3247 2360 3580 2416 dormientes

2005 2459 2248 2514 quosque
2282 2447 2558 2514 reperiens
2593 2445 2842 2516 jugulat,
2875 2457 2930 2501 et
2958 2452 3096 2504 bona
3147 2465 3332 2506 eorum
3370 2452 3578 2522 deprss-

2006 2533 2098 2588 dat
2123 2551 2136 2586 :
2165 2533 2244 2588 sic
2268 2535 2505 2590 caelestis
2525 2533 2689 2602 judex
2717 2537 2842 2590 dum
2876 2537 3185 2606 insperatus
3215 2543 3455 2596 occurrit
3478 2543 3580 2598 ini-

2003 2626 2331 2694 pmnitentes
2372 2625 2854 2681 animadversionis
2897 2628 3163 2682 sententia
3210 2629 3461 2698 perimit,
3491 2645 3583 2686 ee-

2005 2729 2233 2784 rumque
2281 2724 2401 2770 acta
2465 2715 2613 2770 velut
2664 2715 2991 2772 fortissimus
3053 2718 3237 2788 prside
3293 2719 3575 2790 disperdit.

2002 2805 2190 2873 (Vens.
2208 2805 2284 2875 4.)
2302 2805 2409 2860 Sed
2424 2806 2596 2861 habeo
2608 2823 2776 2876 pauca
2793 2809 3005 2862 nomina
3015 2809 3070 2863 in
3085 2807 3273 2865 Sardis
3283 2811 3375 2882 qui
3389 2827 3493 2866 non
3507 2814 3584 2867 in-

1998 2897 2339 2966 quinaverunt
2355 2899 2651 2953 vestimenta
2662 2916 2781 2964 sua,
2794 2909 2841 2954 et
2852 2900 3192 2957 ambulabunt
3209 2919 3408 2958 mecum
3425 2904 3480 2959 in
3500 2904 3580 2958 al-

2001 2988 2076 3043 bis
2096 2987 2221 3058 quia
2239 2989 2383 3060 digni
2403 2999 2543 3043 sunt.
2558 2990 2637 3045 llli
2657 2991 2978 3048 vestimenta
2995 3008 3092 3048 sua
3107 2995 3354 3051 sordibus
3368 3011 3473 3052 non
3500 2997 3583 3052 in.

2001 3079 2245 3149 tingunt,
2277 3081 2366 3150 qui
2394 3089 2517 3152 post
2548 3082 2898 3152 (baptismatis
2926 3094 3323 3141 sacramentum
3354 3088 3581 3144 mortale

318 3177 506 3242 mabit,
538 3176 744 3231 scilicet
765 3175 980 3244 quando
1009 3186 1197 3228 omnes
1219 3170 1310 3238 qui
1335 3169 1388 3222 in
1413 3168 1775 3222 monumentis
1797 3181 1893 3222 au-
1917 3167 1967 3232 ο
1999 3170 2203 3223 crimen
2251 3184 2356 3224 non
2403 3171 2714 3226 admittunt.
2761 3171 2866 3228 Sed
2891 3175 3016 3243 quia
3051 3175 3160 3232 rari
3188 3183 3347 3242 sunt,
3379 3176 3580 3234 idcirco

317 3268 465 3322 dient
494 3283 678 3323 vocem
707 3266 828 3321 Filii
861 3265 990 3330 Dei,
1031 3272 1086 3318 et
1125 3261 1455 3332 precedent:
1485 3275 1620 3329 quos
1659 3261 1727 3316 ad
1771 3276 1894 3330 per-

317 3355 514 3410 fectum
547 3356 691 3411 diem
719 3355 996 3425 perducet,
1023 3367 1143 3406 cum
1175 3350 1474 3406 divinitatis
1521 3365 1631 3404 suae
1675 3349 1894 3406 clarita-

318 3455 427 3502 tem
458 3445 564 3501 illis
596 3445 863 3500 ostendet.

922 3574 1148 3632 CAPUT
1189 3574 1272 3630 Ill.

382 3711 545 3764 Vens.
577 3709 624 3762 l.
651 3738 721 3750 -ο
743 3708 811 3762 Et
831 3707 1016 3779 angelo
1037 3707 1287 3761 Ecclesiae
1311 3704 1495 3761 Sardis
1527 3708 1692 3762 scribe
1716 3725 1734 3761 :
1758 3707 1889 3761 Ha'c

310 3801 433 3853 dicit
458 3801 546 3870 qui
574 3799 726 3854 habet
753 3808 946 3870 septem
970 3799 1183 3867 spiritus
1218 3797 1311 3851 Dei
1353 3807 1402 3851 et
1437 3808 1628 3866 septem
1661 3797 1840 3850 stellas
1869 3811 1886 3847 :

311 3889 429 3943 Scio
451 3907 606 3959 opera
632 3899 745 3952 tua,
762 3890 883 3956 quia
911 3904 1094 3941 nomen
1118 3887 1274 3939 habes
1296 3886 1436 3954 quod
1452 3886 1617 3949 vivas,
1639 3885 1734 3938 sed
1755 3901 1891 3938 mor-

309 3990 430 4034 tuus
455 3997 527 4033 es.
565 3979 749 4048 (Vens.
775 3977 854 4048 2.)
896 3976 1023 4029 Esto
1051 3975 1298 4044 vigilans,
1331 3983 1379 4027 et
1419 3975 1671 4043 conﬁrma
1699 3984 1890 4030 cratera

306 4088 425 4142 quae
447 4068 703 4123 moritura
725 4075 895 4121 erant.
921 4065 1092 4120 Aliter
1116 4064 1374 4120 Dominus
1402 4072 1606 4133 septem
1631 4065 1884 4133 spiritus,

309 4163 467 4215 aliter
509 4161 670 4214 habet
714 4157 914 4212 stellas.
948 4155 1118 4211 Habet
1145 4155 1290 4210 enim
1321 4153 1686 4223 septifermem
1717 4155 1888 4225 Spiri-

309 4260 423 4304 tum
455 4248 714 4317 aaqualem
745 4246 848 4302 sibi
873 4246 927 4300 in
957 4252 1148 4299 natura
1180 4244 1476 4300 divinitatis
1502 4262 1514 4295 ε
1545 4244 1706 4297 habet
1724 4245 1887 4314 septi-

307 4342 534 4396 l‘ermem
559 4339 854 4393 Ecclesiam
877 4335 1173 4404 subiectam
1214 4335 1316 4390 sibi
1357 4344 1611 4403 tanquam
1639 4335 1885 4390 ancillam

307 4433 364 4485 in
415 4431 613 4485 ditione
661 4427 962 4498 potestatis.
998 4425 1104 4482 Sed
1153 4426 1199 4480 si
1244 4425 1357 4480 sola
1398 4424 1520 4480 ﬁdei
1550 4425 1885 4482 confessione

1995 3258 2363 3328 praemittitur,
2411 3277 2583 3329 pauca
2628 3261 2861 3316 nomina.
2908 3262 3025 3330 Quo
3075 3264 3261 3335 igitur,
3311 3266 3569 3333 Domine,

1996 3355 2173 3402 tecum
2200 3346 2523 3403 ambulaturi
2555 3349 2718 3404 sunt?
2745 3350 2916 3418 Unde,
2944 3361 2999 3408 et
3027 3369 3166 3423 quo,
3198 3356 3302 3410 nisi
3331 3357 3398 3412 de
3433 3365 3488 3413 te
3521 3358 3576 3415 in

1993 3437 2084 3492 te?
2114 3437 2311 3493 Tecum
2337 3439 2480 3493 enim
2520 3441 2760 3509 quotidie
2804 3442 3108 3510 ambulant,
3139 3445 3263 3515 quia
3309 3447 3577 3514 passionis

1993 3538 2098 3583 tua:
2127 3529 2352 3600 vestigia
2381 3539 2672 3600 sequentes
2710 3530 3017 3588 observant.
3050 3534 3128 3588 Tu
3151 3536 3348 3604 quippe
3371 3552 3574 3606 praece-

1991 3622 2076 3676 dis
2102 3621 2344 3690 exempla
2379 3622 2577 3684 dando,
2608 3621 2682 3674 illi
2712 3621 2826 3674 haec
2849 3622 3035 3676 eadem
3061 3623 3322 3678 imitando
3341 3639 3575 3695 sequun—

1992 3721 2100 3764 tur.
2131 3710 2290 3778 Digni
2319 3718 2498 3763 autem
2534 3709 2703 3774 dicit,
2728 3719 2822 3763 aut
2849 3709 3030 3765 mundi
3058 3749 3074 3776 ,
3113 3719 3207 3766 aut
3236 3728 3353 3768 mea
3384 3714 3572 3785 digna-

1993 3799 2136 3852 tione
2180 3799 2450 3867 condigni.
2487 3798 2592 3854 Sed
2624 3801 2865 3868 nunquid
2913 3801 3307 3871 desperandum
3355 3813 3439 3862 est
3487 3808 3570 3862 his

1990 3889 2083 3957 qui
2112 3897 2233 3958 post
2259 3888 2590 3957 baptismum
2621 3889 2783 3944 vitam
2814 3891 3164 3960 coinquinant
3185 3895 3208 3946 ?
3231 3895 3408 3951 Absit.
3435 3897 3570 3952 Cur-

1988 3988 2109 4034 rant
2141 3980 2320 4047 itaque
2361 3979 2430 4033 ad
2478 3979 2794 4050 sanguinem
2842 3981 2987 4052 agni,
3042 3999 3147 4038 non
3192 3999 3302 4054 quo
3349 4001 3567 4042 rursum

1989 4083 2128 4137 aqua
2154 4069 2494 4137 baptismatis
2540 4069 2594 4126 in
2623 4083 2688 4124 eo
2725 4070 3060 4140 tinguantur,
3082 4071 3177 4126 sed
3205 4073 3564 4144 lacrymarum

1989 4157 2135 4212 lente
2181 4174 2211 4211 a
2260 4167 2606 4228 peccatorum
2647 4160 2869 4216 maculis
2911 4161 3215 4217 abluantur.
3252 4163 3404 4222 Unde
3441 4181 3563 4220 mox

1987 4251 2228 4320 sequitur
2255 4267 2269 4304 :

2059 4345 2220 4400 Vens.
2251 4345 2304 4399 5.
2332 4377 2403 4385 —
2429 4344 2534 4412 Qui
2568 4346 2779 4409 vicerit,
2823 4347 2898 4400 sic
2929 4347 3172 4401 vestietur
3199 4345 3352 4402 albis.
3380 4347 3438 4403 ld
3479 4359 3565 4404 est

1986 4436 2077 4504 qui
2103 4450 2201 4504 pro
2231 4435 2551 4504 recipiendis
2581 4434 2820 4488 vestibus
2861 4448 2982 4487 cum
3031 4435 3251 4491 inimico
3295 4437 3561 4494 dimicans

306 4526 421 4581 sive
445 4527 498 4579 in
521 4521 983 4592 praedicatoribus,
1015 4535 1109 4575 seu
1139 4519 1193 4574 in
1223 4517 1541 4587 quibusdam
1573 4517 1686 4580 suis
1732 4518 1882 4572 audi-
1910 4517 1958 4576 ο
1985 4527 2192 4590 vicerit,
2225 4527 2297 4579 ita
2328 4540 2511 4579 rursus
2538 4525 2741 4580 eisdem
2782 4525 3000 4582 indutus
3029 4527 3364 4596 splendebit,
3395 4537 3456 4586 nt
3483 4530 3558 4585 illi

306 4618 537 4681 toribus,
564 4615 707 4668 hunc
735 4611 982 4683 angelum
1030 4625 1224 4664 nomen
1270 4608 1471 4664 habere
1517 4606 1658 4674 quod
1697 4606 1878 4672 vivat,

305 4706 560 4775 operibus
610 4717 740 4758 vero
787 4709 1056 4756 mortuum
1101 4700 1374 4768 designat,
1405 4697 1675 4765 quomodo
1705 4695 1879 4750 cidem

305 4795 644 4850 admonendo
673 4791 936 4849 subinlert
961 4809 974 4842 :
999 4789 1127 4844 Esto
1150 4787 1394 4858 vigilans,
1416 4796 1462 4840 et
1487 4787 1738 4856 conﬁrma
1781 4804 1882 4841 cte-

306 4896 415 4940 tera
439 4903 556 4956 qua:
579 4887 836 4940 moritura
855 4882 1041 4937 erant?
1064 4879 1352 4935 Sciendum
1378 4879 1558 4947 itaque
1590 4879 1712 4949 quia
1740 4895 1882 4933 mer-

307 4989 456 5030 tnum
484 4993 548 5029 ex
584 4985 740 5045 parte
765 4975 1102 5039 criminibus,
1131 4988 1196 5026 ex
1227 4979 1382 5040 parte
1409 4987 1537 5026 vero
1557 4971 1714 5027 benis
1751 4988 1879 5042 ope-

308 5071 458 5124 ribus
482 5071 658 5123 vivum
685 5071 937 5123 ostendit.
963 5068 1070 5124 Sed
1105 5065 1371 5136 quemele
1413 5081 1478 5116 ex
1521 5073 1673 5131 parte
1721 5065 1875 5128 vivit,

306 5163 400 5231 qui
443 5161 526 5215 vel
563 5175 670 5213 uno
694 5160 921 5213 crimine
967 5168 1210 5214 mortuus
1244 5157 1368 5211 est?
1403 5155 1505 5211 nisi
1536 5155 1662 5224 quia
1702 5155 1746 5210 si
1783 5171 1879 5224 per

308 5252 677 5322 pmnitentiam
709 5266 738 5303 a
762 5257 984 5318 peccato
1011 5251 1334 5313 surrexerit,
1365 5263 1464 5303 nec
1488 5247 1576 5300 illa
1597 5247 1736 5300 bona
1759 5262 1878 5315 qua:

309 5355 554 5400 mortuus
579 5343 764 5410 gessit,
796 5349 918 5409 post
941 5341 1129 5393 vivens
1154 5341 1382 5403 amittit,
1408 5339 1533 5408 quia
1555 5352 1678 5392 cum
1707 5336 1799 5390 ille
1829 5343 1882 5390 ct

311 5440 422 5507 ipsa
445 5435 785 5490 vivilicantur
804 5449 819 5496 ;
841 5440 896 5486 et
922 5431 1040 5485 ideo
1067 5431 1213 5484 audit
1237 5449 1249 5482 ς
1277 5431 1401 5485 Esto
1426 5429 1665 5500 vigilans,
1689 5438 1735 5482 et
1761 5444 1858 5489 con

309 5530 464 5597 ﬁrma
493 5535 679 5580 ca'tera
722 5541 837 5594 qua:
873 5525 1130 5576 moritura
1157 5532 1323 5576 erant.
1356 5523 1409 5576 ld
1447 5532 1530 5578 est
1557 5523 1601 5579 si
1632 5537 1693 5576 ea
1733 5530 1882 5590 parte

312 5632 416 5687 qua
444 5625 684 5670 mortuus
709 5631 768 5670 es
798 5615 1073 5669 reviviscis
1098 5655 1111 5677 ,
1149 5623 1342 5668 caetera
1386 5627 1505 5681 quae
1533 5611 1708 5666 adhuc
1738 5611 1792 5665 in
1832 5619 1883 5665 te

313 5711 518 5773 vivunt,
547 5725 610 5762 nc
637 5708 954 5764 moriantur.
983 5705 1295 5760 conﬁrmas.-
1325 5703 1509 5767 Aliter,
1560 5701 1711 5758 multi
1757 5712 1880 5759 sunt

1983 4616 2075 4683 qui
2105 4631 2198 4669 cas
2228 4614 2601 4669 immaculatas
2627 4623 2932 4670 servarunt.
2958 4615 3139 4672 Potest
3168 4617 3271 4672 hec
3292 4625 3343 4671 et
3375 4617 3562 4673 inﬁde-

1983 4706 2124 4760 libus
2151 4705 2344 4774 aptari,
2375 4705 2466 4774 qui
2494 4705 2780 4759 hortantur
2803 4712 2863 4758 ut
2885 4705 3120 4771 vincant,
3154 4705 3208 4760 id
3233 4715 3314 4762 est
3337 4707 3562 4765 credant

1984 4795 2037 4849 in
2067 4795 2379 4859 Christum;
2409 4795 2534 4864 quia
2565 4796 2679 4850 haec
2703 4803 2785 4850 est
2815 4795 3035 4850 victoria
3063 4810 3182 4865 qua:
3207 4798 3376 4852 vincit
3403 4814 3558 4858 inuno

1983 4887 2129 4953 dum,
2155 4886 2284 4941 lides
2311 4895 2516 4942 nostra.
2545 4884 2614 4938 Et
2653 4901 2756 4938 non
2779 4884 2956 4940 delebo
2983 4903 3167 4941 nomen
3191 4887 3306 4958 ejus
3332 4889 3398 4943 de
3424 4888 3556 4946 libro

1982 4976 2115 5030 vita.
2150 4976 2337 5047 Magna
2368 4975 2522 5030 nobis
2548 4976 2650 5031 hoc
2674 4975 2794 5032 loco
2821 4975 2996 5030 oritur
3018 4978 3262 5046 quaestio.
3292 4977 3384 5036 Sic
3407 4981 3552 5037 enim

1983 5066 2141 5118 verba
2184 5081 2378 5121 sonare
2402 5065 2670 5129 videntur,
2701 5079 2765 5119 ac
2789 5063 2835 5122 si
2861 5063 2977 5133 ejus
3003 5065 3097 5134 qui
3123 5081 3228 5122 non
3259 5068 3436 5124 vincit.
3459 5086 3555 5126 no-

1980 5173 2105 5210 men
2130 5158 2194 5212 de
2223 5158 2358 5211 libre
2397 5156 2658 5218 deleatur,
2705 5172 2828 5210 cum
2867 5165 3082 5212 constet
3125 5173 3234 5213 non
3266 5159 3402 5216 alios
3448 5162 3552 5217 nisi

1982 5247 2182 5302 electos
2211 5247 2264 5300 in
2292 5247 2412 5301 coeli
2441 5245 2578 5303 libre
2596 5247 2768 5302 beatae
2790 5247 3282 5318 pmdestinationis
3309 5250 3450 5321 style
3473 5260 3549 5306 te-

1981 5339 2099 5399 neri
2128 5339 2408 5408 ascriptus.
2441 5337 2625 5394 Restat
2650 5339 2832 5408 itaque
2873 5349 2932 5394 ut
2971 5341 3265 5397 secundum
3296 5341 3552 5399 usitatam

1982 5445 2150 5486 sacra:
2197 5429 2489 5500 Scriptura:
2534 5429 2856 5487 locutionem
2898 5432 3258 5503 intelligamus
3301 5436 3554 5504 reprobo-

1982 5537 2100 5584 rum
2128 5520 2342 5576 nomina
2369 5521 2433 5575 de
2463 5521 2601 5577 libre
2627 5523 2748 5578 vita:
2770 5522 2961 5589 deleri;
2993 5523 3047 5580 id
3071 5533 3154 5579 est
3177 5539 3274 5594 per
3299 5528 3549 5584 meritum

1983 5611 2374 5680 reprobatienis
2398 5625 2733 5681 nequaquam
2760 5613 2921 5667 scribi
2947 5630 2961 5678 ;
2992 5616 3436 5686 quemadmodum
3459 5634 3554 5674 cor

1984 5701 2280 5756 Pharaonis
2310 5718 2340 5754 a
2372 5699 2596 5755 Domino
2625 5701 2821 5756 dicitur
2867 5702 3128 5759 indurari.
3175 5705 3336 5761 Liber
3372 5715 3548 5762 autem
