4010 6182
448 330 580 388 illi

1286 328 1345 383 Β.
1388 326 1447 383 F.
1489 326 1713 383 ALBlNl
1753 324 1882 383 SEU
1922 321 2197 382 ALCUINI
2234 320 2519 382 OPERUM
2555 318 2737 382 PARS
2772 318 2834 380 Il.

3562 321 3699 377 illi

447 446 548 501 iste
572 450 655 499 est
678 440 761 495 vis
779 439 1023 511 quaedam
1050 438 1251 503 divina,
1272 453 1392 509 qua:
1414 438 1706 495 electorum
1737 452 2018 493 numerum
2046 443 2096 501 Α
2123 452 2175 490 ιι
2194 476 2210 502 ,
2246 436 2368 508 25);
2401 438 2493 507 qui
2522 452 2668 492 nunc
2704 436 2919 491 Judzeos
2961 450 3021 491 se
3063 448 3186 490 esse
3224 433 3431 498 dicunt,
3460 433 3553 489 sed
3592 450 3697 491 nam

446 541 654 588 ccrtum
695 544 760 585 ac
802 528 1081 585 deﬁnitum
1119 537 1245 583 ante
1295 529 1489 583 stecula
1538 528 1937 598 praedestinavit
1964 529 2019 582 in

445 621 611 691 gloria
640 618 901 674 futurum.
927 618 1149 672 Dicatur
1171 633 1301 688 ergo
1329 618 1395 673 de
1420 618 1625 672 victore
1650 635 1663 671 :
1696 617 1820 672 Non
1843 616 2020 671 delebo

449 727 633 766 nomen
659 711 770 781 ejus
797 711 861 765 de
878 709 1010 764 libro
1034 710 1185 775 vita;
1210 724 1275 764 ac
1300 709 1346 763 si
1379 709 1617 764 diceret:
1647 724 1807 780 quem
1847 710 2018 764 victo-

454 820 565 860 rem
597 804 835 859 futurum
867 806 998 871 scio,
1031 820 1226 860 nomen
1255 803 1372 874 ejus
1399 798 1513 873 jam
1542 805 1801 876 scriptum
1831 806 1883 860 in
1913 821 2022 860 coe-

446 892 513 948 lis
542 901 717 949 teneo.
748 894 815 948 Et
842 894 1124 963 conﬁtebor
1143 912 1328 949 nomen
1355 895 1468 965 ejus
1505 912 1679 950 coram
1722 895 1884 950 Patre
1906 912 2019 950 meo

447 993 495 1037 et
530 985 729 1056 angelis
751 984 885 1056 ejus.
911 985 1050 1052 Quid
1075 992 1159 1040 est
1182 985 1319 1039 Filio
1345 985 1442 1039 Dei
1471 985 1693 1039 victoris
1717 999 1909 1038 nomen
1937 1000 2022 1039 co-

450 1090 565 1128 ram
605 1074 767 1129 Patre
801 1087 855 1131 et
894 1074 1101 1141 angelis
1129 1072 1372 1129 conﬁteri
1399 1115 1412 1136 ,
1442 1074 1543 1128 nisi
1570 1074 1729 1128 bonis
1770 1075 2022 1144 operibus

451 1163 657 1219 unitun:
691 1164 790 1219 sibi
822 1164 966 1219 illum
1000 1166 1281 1219 ostendere
1323 1164 1415 1234 qui
1459 1164 1683 1218 vicerit?
1710 1166 1851 1234 quod
1894 1174 2023 1221 tunc

451 1255 817 1324 principaliter
844 1257 937 1311 ﬁet
977 1272 1102 1312 cum
1148 1257 1334 1312 electis
1372 1257 1616 1313 dicturus
1661 1267 1784 1313 est:
1821 1258 2019 1325 Venite,

447 1343 695 1396 benedicti
729 1344 900 1398 Patris
930 1348 1031 1399 mei
1060 1345 1271 1418 (Matth.
1299 1363 1427 1411 xxv,
1451 1347 1564 1419 54),
1592 1357 1646 1402 et
1675 1349 1897 1418 reliqua.

517 1430 676 1484 Vsus.
714 1430 763 1484 7.
789 1463 857 1471 —-
890 1432 954 1487 Et
982 1434 1164 1505 angelo
1191 1433 1573 1508 Philadelphia:
1599 1437 1850 1494 Ecclesia:
1888 1442 2019 1494 scri-

449 1520 704 1576 be:Ha2c
742 1523 865 1576 dicit
896 1523 1125 1580 Sanctus
1167 1535 1216 1579 et
1284 1524 1461 1589 Verus,
1510 1528 1600 1597 qui
1639 1529 1788 1581 habet
1829 1527 2023 1583 clavem

446 1610 633 1677 David,
675 1613 765 1682 qui
796 1616 960 1684 aperit
992 1625 1039 1669 et
1082 1633 1229 1670 nemo
1273 1616 1496 1683 claudit,
1539 1618 1737 1672 claudit
1783 1628 1831 1672 et
1877 1636 2022 1673 nemo

442 1717 455 1747 ι
476 1701 626 1768 perit.
661 1701 843 1795 (Vens.
873 1703 951 1775 8.)
978 1703 1111 1759 Ecce
1136 1706 1255 1759 dedi
1281 1723 1456 1761 coram
1480 1718 1527 1761 te
1552 1709 1739 1761 ostium
1766 1719 2023 1779 apertum,

2122 536 2266 594 sunt,
2296 529 2423 598 quia
2449 543 2645 582 nomen
2675 528 2817 598 quod
2840 526 3082 582 exterius
3125 524 3420 579 secundum
3462 520 3698 580 litteram

2120 628 2335 691 gemat,
2367 621 2510 675 intus
2553 620 2846 675 secundum
2874 619 3122 689 spiritum
3151 617 3461 672 amiserunt.
3488 615 3703 674 Judao-

2122 726 2242 765 rum
2261 704 2460 781 quippe
2494 710 2728 766 nominis
2749 711 3047 781 expressio,
3070 708 3276 765 Christi
3308 717 3393 764 est
3409 707 3698 765 confessio.

2121 801 2239 856 Elia
2281 810 2463 856 autem
2485 811 2544 855 et
2569 801 2752 856 Enoch
2793 800 3232 871 praedicantibus,
3260 808 3389 855 ante
3410 800 3570 870 pedes
3598 799 3704 854 Ec-

2119 892 2296 949 clesia:
2322 894 2596 948 adoraturi
2624 894 2860 958 venient,
2902 893 3032 963 quia
3062 894 3292 948 actionis
3315 891 3432 962 ejus
3455 893 3701 964 exempla

2121 984 2382 1039 imitando
2407 983 2829 1039 venerabuntur.
2863 984 3050 1055 (Vens.
3087 983 3200 1054 10.)
3230 983 3494 1049 Quoniam
3530 1002 3704 1039 serec-

2120 1073 2188 1127 sti
2224 1075 2432 1127 verbum
2466 1073 2753 1144 patientius,
2796 1079 2854 1127 et
2893 1080 3112 1127 caetera.
3145 1072 3382 1127 Verbum
3427 1073 3703 1142 patientia

2121 1172 2205 1219 est
2221 1164 2364 1234 quod
2386 1163 2646 1219 Dominus
2663 1163 2908 1233 exemplo
2937 1163 3278 1227 monstravit,
3299 1178 3422 1217 cum
3446 1164 3500 1217 in
3532 1179 3697 1220 cruce

2120 1253 2329 1324 positus
2367 1268 2468 1322 pro
2510 1250 2949 1322 persecutoribus
2993 1252 3191 1315 oravit,
3231 1260 3288 1306 et
3313 1251 3500 1306 verbis
3522 1252 3707 1309 docuit

2121 1342 2344 1398 dicens:
2380 1341 2448 1395 In
2464 1341 2717 1412 patientia
2740 1349 2907 1395 vestra
2927 1339 3256 1410 possidebitis
3278 1340 3484 1394 auium
3510 1352 3703 1397 uestras

2122 1433 2275 1503 (Luc.
2302 1449 2394 1488 ut
2415 1473 2431 1499 ,
2469 1432 2578 1503 l9).
2607 1431 2759 1498 Quod
2786 1439 2965 1486 autem
2999 1431 3265 1501 sequitur,
3289 1439 3338 1485 et
3376 1447 3471 1501 ego
3495 1440 3545 1485 te
3588 1448 3700 1485 ser-

2124 1524 2257 1578 vabo
2304 1525 2369 1577 ab
2399 1524 2530 1577 hora
2564 1522 2870 1577 tentationis
2898 1537 3015 1592 qua:
3050 1531 3268 1575 ventura
3308 1532 3383 1575 est
3428 1522 3485 1574 in
3527 1522 3705 1576 orbem

2125 1620 2424 1673 universum
2448 1627 2650 1672 tentare
2678 1616 2976 1670 habitantes
3005 1616 3060 1668 in
3086 1623 3245 1675 terra.
3280 1615 3350 1669 ad
3385 1613 3709 1670 Antichristi

2126 1720 2369 1781 tempora
2392 1708 2733 1766 referendum
2765 1715 2871 1773 est,
2903 1707 3004 1762 sub
3040 1722 3148 1777 quo
3171 1712 3318 1759 tanta
3349 1706 3455 1760 erit
3483 1704 3711 1760 tribula-

441 1791 578 1859 quod
612 1809 761 1847 nemo
777 1791 947 1865 potest
974 1796 1235 1852 claudere.
1266 1799 1470 1855 Idcirco
1496 1801 1755 1856 Dominus
1784 1802 2019 1871 singula—
2052 1793 2094 1852 Β
2124 1803 2223 1867 tio,
2252 1809 2455 1872 quanta
2488 1815 2597 1855 non
2625 1797 2725 1853 fuit
2768 1797 2835 1852 ab
2880 1797 3035 1852 initio
3082 1795 3286 1851 saeculi.
3326 1796 3469 1850 Dura
3509 1797 3712 1866 quippe

445 1881 576 1935 riter
600 1893 818 1940 sanctus
837 1902 900 1942 ac
925 1903 1086 1943 verus
1116 1888 1333 1953 dicitur,
1363 1890 1488 1960 quia
1510 1890 1578 1944 ad
1598 1891 1714 1960 ejus
1740 1906 2022 1961 compara-

444 1973 640 2029 tionem
684 1977 861 2032 nullus
906 1987 989 2033 est
1017 1989 1237 2035 sanctus
1270 1981 1354 2035 vel
1381 1997 1568 2036 verax.
1622 1980 1891 2051 Scriptum
1940 1988 2025 2036 est

442 2064 582 2117 enim
609 2082 621 2117 :
654 2065 823 2121 Nemo
851 2068 1080 2122 mundus
1113 2086 1143 2123 a
1171 2070 1348 2124 sorde.
1382 2071 1449 2124 Et
1475 2071 1602 2124 item
1633 2088 1644 2122 :
1679 2071 1845 2124 omnis
1868 2070 2020 2123 homo

441 2152 667 2206 mendax
691 2152 862 2226 (Psal.
891 2172 1017 2220 cxv,
1053 2156 1164 2228 ll).
1192 2156 1409 2211 Clavem
1436 2166 1615 2212 autem
1644 2157 1815 2212 David
1841 2158 2022 2211 incar-

440 2242 712 2298 nationem
735 2244 1110 2317 Redemptoris
1139 2249 1307 2302 nostri
1335 2249 1651 2318 accipimus,
1680 2265 1843 2320 quam
1875 2264 2019 2304 sum-

440 2330 547 2399 psit
565 2347 633 2386 ex
657 2335 859 2389 semine
887 2336 1074 2391 David.
1105 2336 1311 2392 Ostium
1338 2338 1479 2406 quod
1505 2337 1692 2393 eadem
1714 2338 1879 2395 clavis
1894 2356 2020 2411 ape-

442 2420 513 2474 rit
562 2430 654 2477 aut
697 2423 924 2490 claudit,
979 2427 1092 2496 ipse
1154 2435 1239 2483 est
1282 2427 1531 2483 Christus
1570 2446 1584 2495 ;
1625 2428 1781 2497 juxta
1828 2430 1954 2485 illud
2001 2447 2013 2486 :

330 2516 353 2535 "
445 2512 552 2583 Ego
580 2531 694 2568 sum
722 2516 929 2580 ostium,
978 2526 1032 2572 et
1068 2527 1286 2573 uetera.
1317 2518 1497 2589 (Joan.
1550 2536 1605 2585 ς,
1652 2521 1730 2591 9.)
1759 2519 1847 2576 Sic
1872 2522 2015 2577 enim

438 2596 606 2652 clavis
634 2607 687 2653 et
712 2600 909 2654 ostiqu
940 2602 1077 2656 sicut
1106 2602 1158 2655 in
1206 2603 1494 2672 Evangelia
1533 2610 1734 2674 pastor,
1764 2614 1820 2660 et
1853 2607 2016 2661 ostia-

441 2687 553 2743 rius
574 2689 732 2743 simul
755 2697 810 2745 et
835 2691 1035 2745 ostium
1064 2701 1304 2747 vocatur.
1331 2693 1537 2748 Ostium
1563 2695 1745 2763 itaque
1766 2705 2013 2767 apertum

439 2789 521 2834 est
546 2778 792 2837 Christus
818 2784 1109 2838 secundum
1138 2799 1357 2839 carnem
1399 2792 1577 2849 natus,
1616 2794 1671 2840 et
1708 2802 1919 2856 passus,
1948 2804 2013 2842 ac

439 2871 524 2926 die
561 2861 718 2927 tertia
747 2874 1072 2939 suscitatus;
1121 2882 1366 2944 apertum
1403 2889 1534 2929 vero
1568 2890 1673 2930 non
1701 2877 2009 2944 incredulis,

437 2965 530 3018 sel
551 2966 914 3020 credentibus.
944 2965 1056 3022 Hoc
1084 2968 1282 3022 ostium
1308 2967 1560 3024 claudere
1589 2969 1899 3025 nitebantur
1924 2970 2010 3025 Ju-

436 3053 559 3118 daei,
588 3069 713 3109 cum
735 3055 891 3110 caesis
928 3057 1180 3126 apostolis
1222 3059 1529 3113 nuntiarent
1573 3075 1642 3114 ne
1695 3060 1747 3114 in
1795 3062 2010 3117 nomine

2123 1901 2283 1948 erunt
2305 1907 2594 1963 corporum
2619 1889 2860 1953 vulnera,
2890 1887 2984 1942 sed
3010 1886 3258 1957 graviora
3274 1885 3710 1940 adversariorum

2120 1982 2299 2053 jacula
2330 1980 2512 2053 [Cod.,
2533 1976 2837 2049 miracula].
2872 1975 2977 2031 Sed
3006 1975 3180 2029 sancti
3207 1990 3240 2029 a
3279 1974 3579 2030 tentatione
3618 1973 3711 2028 de-

2122 2072 2386 2142 ccptionis
2414 2068 2855 2131 reservabantur,
2885 2066 3015 2136 quia
3042 2081 3147 2120 non
3182 2065 3621 2135 provocabuntur
3641 2064 3713 2118 ad

2121 2158 2324 2214 Christi
2348 2158 2705 2228 negationem.
2729 2155 2914 2224 (Vens.
2948 2152 3059 2225 ll.)
3090 2150 3252 2207 Venio
3277 2153 3399 2217 cito,
3434 2163 3550 2206 tene
3567 2153 3713 2222 quod

2121 2248 2296 2302 habes.
2325 2246 2446 2304 Cito
2463 2262 2523 2301 se
2535 2245 2793 2301 Dominus
2812 2251 3099 2299 venturum
3116 2242 3272 2307 dicit,
3287 2256 3354 2296 ne
3376 2242 3494 2311 quis
3512 2241 3573 2294 in
3595 2256 3716 2294 cer-

2122 2337 2327 2391 tamine
2340 2335 2615 2391 deﬁcerct.
2632 2334 2906 2390 Citoenim
2927 2332 2989 2387 ﬁt
3017 2347 3178 2387 omne
3191 2331 3335 2402 quod
3361 2330 3577 2384 transit.
3600 2329 3648 2382 Τ
3648 2344 3715 2383 e-

2120 2444 2252 2484 nere
2287 2435 2467 2483 autem
2494 2427 2640 2481 illum
2665 2426 2920 2481 admonet
2941 2424 3178 2480 caelestis
3195 2424 3322 2478 vita:
3342 2422 3713 2478 conversatio-

2118 2530 2265 2583 nem,
2303 2525 2359 2570 et
2391 2516 2568 2571 reddit
2612 2530 2857 2579 causam,
2889 2512 3221 2584 subjungens
3251 2530 3264 2566 :
3309 2520 3366 2565 ut
3388 2527 3542 2564 nemo
3568 2510 3711 2565 alius

2114 2606 2339 2678 accipiat
2377 2620 2625 2659 coronam
2666 2612 2834 2657 tuam.
2881 2603 2937 2656 In
2964 2618 3071 2672 qua
3108 2601 3378 2656 sententia
3405 2598 3712 2654 electorum

2113 2713 2399 2753 numerum
2444 2701 2657 2752 certum
2683 2709 2750 2749 ac
2784 2693 3065 2748 deﬁnitum
3090 2690 3337 2747 videmus
3373 2690 3705 2761 complecti;

2115 2787 2377 2857 stupenda
2414 2799 2639 2857 prorsus
2668 2781 3102 2838 consideratione
3143 2780 3438 2843 intuentes,
3460 2778 3714 2836 huicnec

2108 2875 2230 2930 addi
2265 2891 2591 2946 quemquam
2630 2886 2791 2945 posse
2825 2887 2926 2927 nec
2978 2871 3173 2926 minui.

2183 2963 2345 3018 Vens.
2370 2963 2455 3017 12.
2478 2962 2669 3029 -ριιὶ
2692 2961 2893 3028 vicerit,
2919 2960 3116 3031 faciam
3142 2959 3292 3015 illum
3319 2961 3620 3015 columnam
3651 2964 3710 3016 in

2109 3051 2299 3123 templo
2330 3052 2428 3107 Dei
2467 3053 2587 3106 mei.
2618 3052 2898 3121 Templum
2924 3051 3021 3106 Dei
3060 3050 3303 3105 Ecclesia
3330 3058 3438 3117 est,
3456 3048 3618 3119 juxta
3645 3051 3712 3105 il.

435 3141 561 3195 Jesu
588 3142 965 3213 loquerentur;
995 3148 1086 3202 sed
1109 3149 1233 3218 quia
1263 3149 1354 3204 illo
1380 3151 1652 3218 aperiente
1677 3165 1836 3205 nemo
1868 3152 2012 3206 clau—
2036 3140 2082 3201 C
2113 3145 2203 3199 Iud
2228 3162 2241 3198 :
2274 3143 2541 3215 Templum
2564 3143 2663 3198 Dei
2689 3153 2928 3198 sanctum
2953 3152 3028 3198 est
3055 3143 3195 3215 quod
3216 3143 3340 3197 δαῖε
3368 3160 3457 3198 τοι
3484 3141 3542 3215 (Ι
3578 3141 3708 3197 Cor-

439 3229 534 3295 dit,
591 3234 846 3289 continuo
893 3239 1330 3308 responderunt:
1401 3240 1525 3296 Non
1574 3258 1850 3312 possumus
1915 3259 2013 3299 nos

437 3336 553 3390 qua:
576 3320 867 3379 audivimus
913 3343 1018 3381 non
1046 3327 1189 3400 loqui
1214 3329 1348 3400 (Act.
1396 3345 1471 3394 tv,
1509 3330 1622 3402 20).
1661 3330 1772 3387 Hoc
1799 3331 2014 3389 Asianis

438 3408 683 3466 clausum
733 3415 960 3485 apostoli
1002 3418 1213 3487 aperire
1241 3426 1615 3486 tentaveraut;
1661 3420 1754 3476 sed
1794 3421 1918 3493 quia
1948 3438 2015 3477 eo

438 3500 719 3559 claudente
746 3519 905 3561 nemo
928 3507 1121 3576 aperit,
1168 3507 1444 3578 prohibuit
1469 3524 1564 3564 cos
1604 3510 1825 3579 spiritus
1863 3509 2010 3565 Jesu.

435 3591 619 3649 Potest
643 3602 699 3649 et
722 3611 821 3666 per
851 3599 1039 3653 ostium
1072 3608 1308 3669 apertum
1337 3597 1615 3669 Scriptura
1647 3598 1888 3669 intelligi,
1917 3616 2014 3670 per

435 3698 592 3746 quam
640 3687 759 3740 ﬁdei
785 3688 1058 3761 gressibus
1086 3690 1154 3743 ad
1193 3690 1466 3744 Christum
1515 3690 1796 3743 intramus.
1827 3691 2015 3760 Aperit

441 3777 623 3841 itaque
659 3776 857 3830 ostium
884 3776 1037 3832 clave
1080 3779 1270 3845 David,
1319 3786 1375 3833 ct
1421 3795 1580 3835 nemo
1622 3779 1842 3844 claudit,
1886 3781 2013 3850 quia

436 3862 730 3934 Seripturre
767 3883 937 3924 sacrm
978 3869 1213 3939 eloquia,
1241 3886 1361 3940 quae
1389 3886 1486 3941 per
1510 3872 1737 3942 gratiam
1767 3872 2014 3927 incarna-

435 3955 594 4009 tionis
621 3971 733 4011 suae
758 3958 958 4014 electos
1000 3961 1317 4030 spiritaliter
1342 3961 1638 4031 intelligere
1667 3960 1818 4027 facit,
1866 3961 2012 4017 nullo

432 4044 736 4102 Iudaeorum
766 4049 1031 4104 velamine
1071 4051 1124 4105 in
1168 4065 1359 4106 eorum
1403 4051 1657 4106 cordibus
1687 4051 2012 4106 adumbrare

434 4135 594 4189 valet.
640 4137 682 4190 E
710 4139 984 4193 contrario
1031 4138 1228 4194 ,νυσιωίε
1267 4155 1371 4194 non
1417 4140 1761 4196 credentibus
1788 4141 2010 4206 claudit,

436 4234 492 4279 et
512 4245 539 4279 a
570 4243 841 4298 quoquam
875 4229 1073 4298 aperiri
1101 4244 1205 4285 non
1234 4238 1430 4299 potest.
1461 4229 1575 4285 Hoc
1601 4231 1765 4285 etiam
1791 4232 2010 4286 morali-

434 4324 516 4371 ter
543 4317 736 4399 discuti
763 4321 943 4376 valet:
990 4321 1114 4392 quia
1152 4319 1410 4376 modicam
1455 4320 1611 4376 habes
1660 4322 1921 4387 virtutem,
1963 4331 2013 4377 et

431 4410 649 4463 servasti
674 4410 882 4464 verbum
925 4428 1120 4479 meum,
1160 4420 1209 4467 et
1238 4428 1341 4467 non
1372 4412 1570 4482 negasti
1601 4428 1787 4467 nomen
1814 4430 2006 4469 meum.

2112 3250 2209 3299 ιιι,
2253 3234 2363 3304 1⁵7).
2411 3234 2478 3288 Et
2525 3234 2653 3304 quia
2691 3249 2798 3289 non
2842 3233 3014 3288 solum
3056 3233 3462 3303 praedicatores,
3507 3231 3606 3286 sed
3647 3239 3709 3286 et

2110 3328 2236 3382 boni
2263 3327 2560 3392 auditores,
2597 3327 2664 3382 de
2692 3328 2914 3397 antiquo
2954 3328 3110 3383 hoste
3139 3327 3506 3396 triumphant;
3538 3333 3709 3394 atque

2113 3418 2167 3472 in
2197 3420 2300 3474 hoc
2321 3419 2589 3475 versiculo
2625 3419 2802 3474 omnis
2828 3420 2917 3489 qui
2952 3419 3164 3484 vicerit,
3190 3418 3441 3474 columna
3468 3418 3525 3472 in
3565 3426 3712 3473 tem-

2111 3511 2199 3580 plo
2225 3511 2320 3566 Dei
2360 3512 2475 3565 ﬁeri
2507 3511 2841 3580 perhibetur,
2874 3511 3033 3567 fateri
3062 3513 3308 3582 cogimur
3335 3512 3438 3566 hoc
3461 3526 3585 3566 esse
3608 3524 3712 3564 co-

2113 3601 2347 3655 lumnam
2386 3602 2528 3671 quod
2584 3601 2863 3673 templum,
2914 3603 2967 3657 id
3004 3611 3089 3657 est
3116 3602 3477 3657 univcrsalem
3509 3600 3712 3656 Eccle-

2113 3694 2266 3747 siam.
2299 3694 2356 3747 in
2384 3708 2448 3748 eo
2477 3711 2606 3749 vero
2628 3697 2770 3763 quod
2796 3695 3085 3753 subditur:
3132 3704 3183 3748 et
3220 3696 3363 3765 foras
3397 3711 3499 3748 non
3545 3709 3706 3763 egre-

2111 3786 2286 3840 dietur
2310 3785 2558 3856 amplius,
2589 3795 2772 3857 aperte
2810 3786 3115 3841 ostenditur
3139 3786 3264 3856 quia
3297 3784 3529 3839 Ecclesia
3548 3782 3712 3850 jam-

2111 3874 2319 3945 pridem
2355 3874 2408 3928 in
2427 3873 2643 3942 juniorc
2666 3874 2831 3929 fratre
2856 3875 2927 3929 ab
2957 3874 3166 3929 unitate
3196 3874 3313 3928 ﬁdei
3338 3881 3393 3927 et
3417 3872 3711 3941 operatio-

2112 3970 2218 4034 nis,
2278 3985 2440 4039 quam
2479 3969 2532 4023 in
2558 3970 2834 4039 prophetis
2875 3970 2975 4024 sub
2997 3969 3116 4038 lege
3140 3967 3333 4033 tenuit,
3357 3965 3423 4019 ad
3442 3978 3708 4020 errorem

2110 4057 2349 4127 perﬁdia:
2377 4067 2431 4112 et
2463 4073 2642 4127 pravae
2680 4059 2908 4114 actionis
2939 4060 3260 4121 transierat;
3299 4057 3395 4114 sed
3421 4055 3709 4111 occisione

2111 4149 2263 4202 vituli
2296 4149 2525 4220 saginati
2576 4158 2790 4218 recepta
2828 4159 2930 4205 est.
2974 4150 3164 4215 Aliter,
3200 4152 3252 4205 in
3301 4150 3469 4204 Adam
3509 4164 3709 4202 attines

2111 4240 2378 4295 exivimus
2432 4250 2543 4294 tam
2582 4239 2750 4295 Judzei
2788 4256 2949 4311 quam
2995 4250 3210 4313 gentes;
3262 4242 3357 4295 sed
3400 4240 3705 4294 introducti

2111 4332 2348 4387 victores
2375 4332 2443 4386 ad
2467 4332 2762 4386 secundum
2788 4331 2980 4398 Adam,
3008 4332 3254 4388 columna
3288 4330 3469 4401 templi
3496 4329 3593 4383 Dei
3618 4328 3708 4383 ef-

2115 4420 2357 4487 ﬁcimur;
2405 4421 2531 4491 quia
2585 4435 2682 4492 per
2723 4422 3043 4493 sanguinem
3083 4420 3327 4491 ejusdem
3378 4418 3705 4474 mediatoris

440 4497 539 4553 llic
582 4514 686 4554 non
726 4512 892 4570 parva
933 4500 1108 4555 oritur
1135 4502 1390 4572 quaestio;
1443 4502 1708 4571 quomodo
1745 4503 2011 4559 modicam
2040 4485 2092 4546 υ
2117 4508 2322 4574 nostri,
2346 4485 2350 4487 Ὗ
2374 4485 2602 4578 ωἶιὶίιυῖ
2635 4510 2805 4566 hostis
2826 4485 3163 4565 tentamenta
3212 4515 3550 4578 superantes,
3601 4505 3701 4560 illa

438 4589 634 4644 habeat
672 4590 949 4655 virtutem,
979 4592 1070 4660 qui
1098 4590 1321 4646 verbum
1351 4591 1446 4647 Dei
1477 4601 1677 4657 servat,
1715 4601 1773 4647 et
1816 4609 2009 4650 nomen

428 4679 544 4747 ejus
572 4694 676 4733 non
708 4690 887 4751 negat.
916 4679 1204 4736 Sciendum
1233 4680 1398 4751 igitur
1428 4682 1552 4752 quia
1584 4680 1737 4749 juxta
1778 4684 2011 4738 testima-

434 4770 634 4825 tionem
676 4770 922 4825 humana:
967 4770 1298 4826 inﬁrmitatis
1322 4771 1524 4826 dictum
1564 4780 1670 4834 est,
1699 4771 1824 4840 quia
1852 4771 2008 4825 electi

428 4875 552 4914 cum
598 4860 768 4914 multa
804 4875 904 4930 per
927 4861 1201 4915 Christum
1235 4869 1477 4931 possunt,
1519 4873 1709 4930 parum
1756 4874 1814 4913 se
1852 4875 2010 4929 posse

428 4957 775 5017 prmsumunt.
817 4948 909 5005 Sic
935 4950 1079 5004 enim
1107 4950 1323 5013 dicitur,
1362 4950 1623 5002 modicam
1662 4948 1818 5003 habes
1847 4950 2010 5003 virtu-

427 5048 552 5102 tem,
592 5049 847 5109 tanquam
894 5039 1185 5104 diceretur,
1238 5053 1463 5108 parvam
1508 5047 1557 5093 te
1601 5047 1762 5108 putas
1798 5040 2006 5098 habere

429 5127 709 5182 virtutem.

498 5233 659 5286 Vens.
690 5234 743 5289 9.
780 5264 853 5274 --
889 5233 1025 5288 Ecce
1051 5232 1187 5289 dabo
1223 5235 1287 5290 de
1326 5252 1590 5307 synagoga
1631 5234 1869 5301 Saturne,
1915 5250 2004 5307 qut

426 5339 480 5376 se
517 5323 697 5379 dicunt
738 5342 847 5380 esse
873 5324 1112 5391 Judteos,
1152 5336 1203 5381 et
1234 5345 1337 5383 non
1366 5337 1507 5392 sunt,
1535 5327 1625 5382 sed
1653 5327 1997 5382 mentiuntur.

433 5412 563 5467 Ecce
593 5414 786 5483 faciam
813 5416 931 5472 illos
981 5426 1037 5471 ut
1078 5418 1306 5483 veniant,
1349 5428 1396 5473 et
1446 5419 1664 5473 adorent
1694 5428 1813 5473 ante
1851 5417 2003 5488 pedes

428 5516 568 5569 tuos,
592 5518 639 5560 et
664 5511 825 5565 scient
850 5512 1103 5581 quoniam
1150 5527 1243 5581 ego
1277 5511 1437 5564 dilexi
1466 5519 1533 5564 te.
1580 5509 1695 5565 Hoc
1723 5512 1841 5564 loco
1871 5508 2004 5562 ﬁdes

428 5595 738 5667 prtedicitur
762 5596 1088 5665 Judmorum,
1117 5601 1271 5669 juxta
1311 5599 1438 5653 illud
1471 5615 1485 5652 :
1531 5599 1693 5653 donec
1735 5596 2000 5666 plenitudo

429 5688 655 5761 gentium
685 5688 927 5754 introeat,
957 5700 1003 5742 ct
1026 5692 1099 5743 sic
1127 5692 1293 5745 omnis
1316 5690 1484 5745 Israel
1502 5692 1596 5759 ﬁat
1618 5694 1788 5744 salvus
1818 5685 1993 5756 (Rom.

2115 4599 2487 4655 mandatorum
2526 4601 2819 4656 stabilitate
2846 4601 2899 4653 in
2930 4613 3163 4670 superna
3189 4604 3499 4652 sanctorum
3519 4594 3699 4664 gloria

2115 4695 2429 4761 solidamur,
2468 4711 2629 4766 quam
2675 4696 2728 4749 in
2760 4695 2932 4765 primo
2976 4692 3146 4748 Adam
3194 4691 3441 4746 amisisse
3486 4689 3700 4758 proba-

2114 4802 2254 4841 mur.
2319 4786 2425 4842 Sed
2484 4800 2824 4856 nequaquam
2870 4783 3098 4852 amplius
3158 4782 3306 4836 foras
3357 4778 3700 4849 egredimur,

2113 4876 2239 4946 quia
2265 4876 2425 4932 nullis
2447 4876 2650 4931 inimici
2676 4873 3019 4931 suasionibus
3046 4872 3115 4926 ab
3138 4872 3227 4927 illa
3249 4869 3476 4927 cmlestis
3494 4869 3706 4937 patria:

2112 4967 2384 5022 communi
2410 4966 2664 5022 felicitate
2690 4966 3004 5022 avellemur.
3040 4964 3110 5019 Et
3133 4972 3263 5018 nota
3288 4962 3413 5032 quia
3433 4960 3613 5015 Deum
3639 4975 3704 5015 se

2107 5056 2237 5111 dicit
2282 5056 2505 5121 habere,
2561 5056 2858 5111 secundum
2896 5052 3290 5109 humanitatem
3334 5050 3583 5118 loquens.
3625 5046 3701 5105 Et

2105 5148 2329 5201 scribam
2346 5163 2504 5217 super
2524 5146 2675 5201 illum
2696 5162 2881 5201 nomen
2908 5144 3007 5199 Dei
3030 5142 3147 5207 mei,
3172 5152 3222 5197 et
3251 5157 3437 5197 nomen
3462 5138 3701 5192 deitctis

2104 5235 2202 5289 Dei
2230 5236 2330 5289 mei
2359 5253 2504 5290 nova:
2548 5234 2881 5288 Hierusalem
2910 5250 3027 5305 quae
3066 5230 3333 5287 descendit
3376 5230 3442 5283 de
3488 5227 3627 5282 caelo
3666 5246 3700 5281 ο

2104 5326 2212 5383 Deo
2238 5343 2374 5391 meo,
2402 5336 2450 5381 et
2472 5342 2657 5381 nomen
2676 5340 2847 5379 meum
2876 5340 3084 5378 nouunt.
3112 5322 3300 5393 (Vens.
3328 5320 3439 5391 l5.)
3475 5318 3585 5385 Qui
3610 5319 3703 5373 Iuv

2111 5416 2191 5469 bet
2220 5433 2396 5480 aures,
2437 5415 2619 5470 audiat
2654 5414 2780 5486 quid
2812 5413 3040 5485 Spiritus
3075 5413 3216 5466 dicat
3260 5409 3533 5465 Ecclesiis.
3583 5406 3698 5463 No-

2109 5523 2232 5563 men
2261 5508 2436 5563 Patris
2472 5523 2632 5578 supra
2661 5508 2964 5562 vincentcm
3006 5505 3193 5569 scribi,
3213 5513 3298 5560 est
3322 5518 3421 5573 per
3446 5500 3701 5572 adoptio-

2106 5611 2230 5650 nem
2259 5596 2495 5665 Spiritus
2528 5597 2720 5651 Filium
2754 5596 2869 5665 ejus
2888 5595 3049 5651 eﬂici.
3077 5593 3194 5660 Quo
3216 5594 3361 5648 enim
3390 5591 3535 5661 style
3560 5590 3703 5645 scri-

2106 5687 2274 5751 bitur,
2304 5686 2406 5740 nisi
2446 5686 2725 5742 amborum
2765 5687 2936 5757 gratia
2977 5684 3241 5756 Spiritus?
3270 5681 3424 5738 Unde
3458 5683 3699 5751 Aposto-
