4010 6182
341 341 478 397 1113

1111 333 1518 389 EXEGETICA.
1558 362 1627 371 —
1663 332 2015 391 COMMENT.
2059 335 2123 389 IN
2161 334 2457 393 APOCAL.
2496 368 2565 377 ——
2603 338 2732 393 LIB.
2773 338 2857 393 ιιι.

3451 338 3586 395 ΗΜ

334 454 420 510 lus
448 472 461 508 :
491 453 614 524 Ipse
640 448 868 523 Spiritus
910 448 1258 504 testimonium
1289 447 1457 501 reddit
1478 447 1685 516 spiritui
1731 457 1907 502 nostra
1934 455 1981 510 Α
2008 458 2059 504 et
2097 465 2219 506 ecce
2261 451 2405 523 facta
2430 461 2552 507 sunt
2577 453 2751 506 omnia
2791 466 2921 506 nova
2957 448 3044 522 (II
3067 450 3191 505 Cor.
3218 466 3273 515 v,
3316 449 3426 522 l7).
3460 450 3586 509 Hie-

330 547 474 619 quod
502 560 681 601 sumus
704 543 803 612 ﬁlii
845 542 941 595 Dei
983 539 1160 612 (Rom.
1210 556 1356 601 vui,
1403 538 1509 609 16).
1568 539 1903 595 Hierusalem

332 648 483 700 vero,
511 634 646 705 visio
678 632 824 701 pacis
860 631 1278 701 interpretatur,
1308 644 1428 698 quae
1457 629 1523 683 de
1555 630 1693 685 caelo
1730 645 1761 684 a
1792 631 1902 687 Deo

331 723 655 779 descendere
697 722 1031 791 perhibetur,
1094 721 1219 792 quia
1272 720 1567 776 electorum
1627 721 1899 788 Ecclesia,

329 829 453 882 qua:
502 814 570 867 ad
614 813 876 867 visionem
933 824 1177 881 supernae
1221 811 1370 880 pacis
1415 810 1663 879 passibus
1699 811 1901 866 amoris

331 902 522 967 tendit,
553 917 676 957 cum
715 901 963 965 Domino,
1004 900 1156 971 cujus
1200 914 1397 969 corpus
1433 906 1538 964 est,
1587 899 1641 952 in
1683 906 1899 952 uterum

328 990 567 1062 Virginis
614 992 991 1061 przedestinata
1034 992 1353 1048 descendit:
1390 991 1476 1049 vel
1520 991 1644 1060 quia
1692 991 1900 1047 cmlesti

326 1082 501 1152 gratia
531 1082 769 1151 quotidie
809 1078 925 1149 ejus
953 1096 1211 1135 numerus
1247 1088 1492 1150 augetur.
1541 1078 1688 1133 Nova
1718 1088 1897 1134 autem

326 1170 449 1225 ideo
490 1178 734 1235 vocatur,
783 1169 908 1239 quia
954 1184 1052 1239 per
1087 1169 1415 1238 baptismum
1452 1177 1508 1222 et
1553 1165 1897 1221 dilectionem

329 1258 527 1311 terreni
555 1257 789 1312 hominis
817 1265 1084 1313 vetustate
1108 1257 1462 1327 exspoliatur,
1487 1264 1542 1310 et
1570 1255 1778 1311 cmlesti
1800 1271 1901 1310 no-

327 1347 493 1401 vitate
513 1347 760 1401 vestitur.
815 1345 968 1402 Unde
996 1355 1079 1401 est
1129 1346 1259 1402 illud
1288 1361 1303 1400 :
1340 1347 1660 1401 transierunt
1705 1355 1898 1411 vetera,

2009 541 2248 597 rusalem
2278 558 2408 613 ergo
2438 558 2632 599 nomen
2656 558 2819 612 super
2852 543 3115 598 victorem
3155 542 3434 608 scribitur,
3462 558 3587 598 cum

2007 640 2320 693 sanctorum
2355 649 2581 689 numero
2600 635 2856 689 sociatur.
2889 632 3041 688 Unde
3065 632 3223 687 nobis
3262 632 3380 687 haec
3404 633 3589 688 omnia

2006 723 2135 786 sint,
2165 724 2410 795 aperitur
2435 737 2560 780 cum
2575 719 2826 779 subditur
2845 762 2860 786 ,
2890 731 2940 776 et
2964 737 3151 775 nomen
3181 737 3353 775 meum
3374 737 3586 787 novum,

2004 810 2349 877 subauditur,
2375 812 2649 876 scribam;
2685 810 2816 871 illud
2842 810 3049 865 scilicet
3068 808 3212 879 quod
3258 809 3432 865 eidem
3476 824 3587 863 me-

2004 901 2204 957 diatori
2249 902 2480 958 accessit
2508 917 2573 956 ex
2610 910 2874 970 tempore,
2923 900 2977 957 id
3013 908 3097 956 est
3137 899 3403 957 Christus.
3450 900 3588 957 Hine

2002 990 2165 1047 nobis
2192 991 2443 1061 dignitas,
2466 992 2594 1045 hinc
2611 991 2873 1046 celsitudo
2901 992 3169 1062 provenit,
3197 992 3323 1046 hinc
3345 990 3438 1046 ﬁlii
3467 990 3585 1057 Dei,

2002 1078 2132 1135 hinc
2155 1095 2293 1134 nova
2334 1079 2690 1146 Hierusalem,
2731 1080 2858 1135 hinc
2879 1080 3170 1135 Christiani
3192 1094 3465 1135 vocamur.
3486 1080 3587 1150 lgi-

2004 1176 2098 1224 tnr
2123 1171 2212 1225 ubi
2256 1170 2421 1225 totius
2453 1185 2661 1225 summa
2690 1168 2880 1225 salutis
2904 1178 3080 1234 sonat,
3107 1169 3181 1224 ibi
3204 1170 3420 1224 tandem
3451 1167 3591 1225 liber

2005 1256 2250 1314 debitum
2276 1259 2436 1313 tinem
2458 1258 2713 1314 accipiat.

1534 1582 1833 1659 LIBER
1885 1579 2364 1658 TERTIUS.

393 1767 556 1823 Vens.
594 1765 680 1821 14.
716 1794 791 1807 --
814 1763 884 1819 Et
912 1762 1096 1835 angelo
1121 1759 1383 1815 Laodicia:
1408 1756 1657 1812 Ecclesia:
1691 1755 1895 1810 scribe:
1930 1756 1976 1817 B
2002 1754 2194 1809 dorum
2220 1753 2444 1823 quilibet
2472 1769 2580 1808 non
2610 1753 2876 1826 intelligit,
2906 1764 3053 1811 recte
3078 1756 3262 1831 miser,
3285 1763 3338 1812 et
3360 1754 3584 1811 misera-

328 1862 456 1917 "(BC
475 1859 599 1913 dicit
623 1872 642 1910 :
671 1858 857 1922 Amen,
882 1856 1027 1909 testis
1055 1851 1226 1922 ﬁdelis
1255 1860 1305 1905 et
1332 1865 1502 1913 verus,
1543 1848 1632 1919 qui
1652 1854 1729 1902 est
1753 1845 1901 1917 prin.-

323 1950 512 2020 cipium
548 1955 803 2002 creatura:
851 1942 968 1998 Dei.
1017 1943 1203 2005 Amen,
1250 1954 1439 1993 verum
1491 1938 1897 2008 interpretatur,

321 2039 462 2107 quod
486 2036 554 2091 ad
584 2036 729 2090 illam
769 2032 1062 2090 Veritatem
1104 2028 1452 2100 redigendum
1491 2035 1575 2082 est
1603 2040 1723 2095 quae
1749 2026 1817 2081 de
1841 2040 1899 2080 se

320 2130 432 2198 ipsa
463 2128 538 2182 ait
561 2144 573 2180 :
602 2125 714 2195 Ego
735 2140 851 2178 sum
877 2121 1061 2177 veritas
1085 2119 1267 2193 (Joan.
1310 2134 1419 2182 xw,
1446 2118 1521 2188 6).
1556 2116 1691 2172 Cum
1717 2125 1897 2171 autem

318 2215 578 2270 Dominus
616 2212 813 2268 multos
857 2218 913 2265 et
953 2209 1138 2264 ﬁdeles
1183 2217 1239 2264 et
1270 2223 1428 2263 veros
1470 2207 1667 2261 habeat
1709 2213 1894 2271 testes,

317 2313 438 2373 apte
476 2302 818 2374 singulariter
864 2301 979 2369 ipse
1014 2297 1188 2353 ﬁdelis
1224 2304 1281 2352 et
1304 2310 1467 2350 verus
1513 2293 1736 2359 dicitur,
1768 2295 1897 2363 quia

316 2397 370 2450 in
422 2393 541 2463 ejus
591 2390 994 2461 comparatione
1032 2388 1210 2441 nullus
1262 2395 1344 2441 est
1384 2385 1558 2440 ﬁdelis
1608 2392 1663 2439 et
1688 2399 1893 2439 verax:

317 2484 407 2538 ille
429 2482 573 2537 enim
602 2486 793 2534 natura
830 2476 1023 2540 ﬁdelis,
1067 2484 1122 2529 et
1158 2490 1345 2538 verax,
1370 2480 1427 2527 et
1470 2473 1644 2527 bonus
1668 2481 1769 2537 est,
1798 2488 1898 2528 nos

314 2586 445 2627 vero
473 2570 589 2640 ejus
615 2565 1049 2638 participatione.
1077 2563 1354 2630 Quomodo
1379 2575 1507 2615 vero
1545 2560 1692 2616 solus
1726 2560 1896 2616 Filius

315 2660 469 2715 testis
496 2659 726 2719 dicatur,
766 2671 889 2711 cum
934 2663 1048 2708 tres
1091 2652 1202 2707 sint
1247 2650 1338 2720 qui
1394 2650 1765 2705 testimonium
1813 2650 1897 2705 di-

315 2757 465 2812 cunt,
502 2747 557 2801 in
586 2747 761 2816 primo
790 2745 928 2799 libro
947 2744 1060 2813 jam
1079 2741 1281 2796 dictum
1309 2747 1412 2794 est.
1444 2737 1772 2808 Principium
1801 2739 1896 2795 de-

316 2838 477 2907 nique
496 2846 757 2891 creatura:
785 2833 880 2889 Dei
903 2832 1072 2888 Filius
1094 2830 1314 2894 dicitur,
1331 2829 1458 2899 quia
1484 2829 1553 2884 ab
1581 2828 1673 2885 illo
1693 2830 1897 2886 habent

310 2939 505 2991 cuncta
520 2928 782 2986 existendi
797 2927 1026 2982 initium.
1043 2925 1202 2990 Nam,
1217 2925 1356 2981 sicut
1373 2924 1630 2994 scriptum
1641 2930 1724 2979 est
1743 2942 1755 2977 :
1774 2922 1896 2978 Om-

311 3027 399 3081 nia
428 3041 520 3096 per
546 3023 714 3094 ipsum
740 3020 881 3090 facta
901 3026 1020 3073 sunt
1045 3017 1224 3089 (Joan.
1248 3033 1297 3081 ι,
1324 3016 1401 3087 5).
1427 3014 1611 3087 (Vens.
1639 3014 1751 3085 15.)
1769 3013 1892 3069 Scio

2000 1842 2145 1907 bilis,
2176 1851 2230 1897 et
2255 1854 2478 1913 pauper,
2507 1851 2562 1897 et
2584 1844 2759 1898 nudus
2783 1853 2839 1899 et
2872 1861 3046 1901 caecus
3073 1864 3103 1901 a
3144 1847 3371 1902 Domino
3394 1848 3582 1902 redar-

1999 1932 2210 2002 guitur;
2244 1933 2427 1995 miser,
2454 1932 2579 2001 quia
2598 1934 2945 2004 semetipsum
2973 1935 3200 2005 decipit;
3232 1936 3581 2003 miserabilis,

1998 2023 2122 2090 quia
2151 2038 2258 2077 non
2281 2023 2414 2077 illud
2439 2022 2704 2093 intelligit,
2738 2024 2881 2094 quod
2914 2041 2972 2080 se
3002 2026 3176 2095 ipsum
3207 2026 3415 2092 illudit;
3448 2043 3583 2096 pau-

1996 2125 2095 2181 per
2128 2118 2182 2165 et
2209 2112 2405 2177 nudus,
2437 2113 2564 2180 quia
2602 2113 2745 2167 veris
2774 2114 3064 2170 virtutibus
3101 2132 3332 2181 vacuus;
3376 2117 3470 2171 sed
3490 2133 3583 2187 pe-

1989 2200 2080 2270 jus
2105 2203 2229 2272 quia
2259 2218 2360 2258 nec
2405 2204 2676 2269 conscius,
2723 2204 2864 2260 unde
2907 2215 2963 2261 et
3007 2207 3202 2261 merito
3229 2223 3423 2263 catcus.
3475 2207 3583 2262 Sed

1996 2295 2121 2363 quia
2147 2294 2327 2350 divina
2353 2294 2526 2365 pietas
2553 2294 2762 2365 aliquos
2796 2312 2863 2350 ex
2892 2296 3085 2367 tepidis
3112 2298 3178 2352 ad
3207 2297 3472 2354 fervorem
3493 2297 3583 2368 ju-

1996 2385 2157 2439 stitize
2184 2392 2364 2449 vocat,
2410 2393 2561 2439 recte
2598 2384 2944 2456 subiungitur
2985 2402 3000 2440 :
3031 2388 3217 2460 (Vens.
3252 2388 3340 2461 18)
3371 2387 3581 2444 Suadeo

1994 2474 2088 2528 tibi
2118 2491 2285 2528 emere
2309 2490 2500 2527 aurum
2525 2474 2747 2544 ignitum
2773 2475 3073 2544 probatum,
3106 2487 3162 2529 ut
3189 2477 3417 2547 locuples
3455 2478 3577 2547 ﬁas.

1992 2565 2097 2621 Per
2121 2582 2314 2621 aurum
2338 2566 2444 2621 hoc
2471 2565 2591 2621 loco
2630 2565 2914 2620 incarnata
2944 2566 3041 2620 Dei
3080 2568 3349 2636 sapientia
3382 2568 3581 2622 intelli-

1992 2658 2156 2729 gitur,
2178 2657 2244 2712 de
2264 2671 2370 2725 qua
2396 2654 2524 2710 alibi
2550 2655 2751 2709 dicitur
2775 2669 2790 2708 :
2819 2654 3060 2725 Accipite
3090 2655 3411 2724 sapientiam
3439 2656 3581 2711 sicut

1993 2764 2205 2803 aurum.
2244 2747 2313 2802 Et
2346 2747 2485 2801 bene
2536 2746 2642 2801 hoc
2683 2761 2873 2801 aurum
2918 2749 3202 2816 probatum
3254 2753 3309 2801 et
3352 2747 3578 2817 ignitum

1991 2848 2232 2904 vocatur,
2274 2839 2399 2909 quia
2425 2838 2754 2907 Redemptor
2784 2847 2967 2893 noster
2995 2838 3117 2908 igne
3151 2838 3420 2908 passionis
3446 2853 3575 2893 exa-

1991 2937 2227 2991 minatus
2264 2942 2366 2989 est.
2410 2934 2477 2988 Et
2509 2942 2592 2988 est
2631 2948 2861 2988 sensus:
2912 2931 2969 2987 Si
2996 2931 3080 2987 vis
3111 2932 3401 2987 virtutibus
3429 2932 3580 2988 dives

1991 3025 2247 3089 existere,
2278 3039 2363 3078 me
2387 3022 2704 3076 imitandum
2733 3036 2968 3088 assume,
3000 3028 3059 3074 ut
3096 3021 3195 3075 ﬁas
3231 3029 3287 3075 et
3325 3021 3438 3090 ipse
3481 3036 3578 3074 au-

307 3132 465 3187 opera
488 3124 600 3179 tua,
625 3111 749 3185 quia
772 3124 932 3180 neque
954 3106 1176 3178 frigidus
1203 3121 1276 3170 es,
1306 3120 1468 3175 neque
1512 3102 1737 3157 calidus.
1770 3100 1885 3155 Uti-

1990 3132 2111 3172 rum
2160 3115 2285 3184 igne
2332 3120 2634 3168 excoctum.
2677 3111 2744 3166 Et
2785 3112 2926 3182 quod
2956 3127 3053 3182 pro
3084 3112 3186 3166 hoc
3215 3125 3347 3165 auro
3374 3125 3576 3180 pauper

308 3227 429 3264 nam
467 3207 670 3263 calidus
714 3220 874 3269 esses,
921 3209 1013 3255 aut
1068 3197 1324 3269 frigidus!
1372 3195 1560 3266 (Vsus.
1617 3191 1729 3265 16.)
1781 3191 1886 3248 Sed

303 3297 429 3366 quia
455 3294 658 3365 tepidus
683 3311 757 3359 es,
796 3303 844 3348 et
871 3308 963 3347 nec
983 3287 1227 3362 frigidus,
1266 3301 1359 3339 nec
1386 3282 1612 3350 calidus,
1637 3282 1885 3353 incipiam

304 3400 355 3443 te
379 3404 609 3443 evomere
636 3404 701 3440 ea:
724 3403 813 3440 ore
833 3400 966 3438 meo.
993 3378 1194 3451 Frigidi
1235 3383 1361 3432 sunt
1385 3389 1522 3444 quos
1550 3382 1644 3427 aut
1675 3371 1886 3427 Iudaeo-

308 3495 424 3534 rum
452 3478 696 3549 perﬁdia,
739 3483 833 3529 aut
873 3489 1026 3528 error
1076 3470 1355 3542 gentilium
1403 3471 1551 3522 tenet
1603 3465 1879 3530 astrictos,

306 3568 560 3639 quoniam
588 3567 675 3621 ille
701 3580 795 3620 eos
843 3579 939 3618 sua
982 3562 1151 3633 glacie
1200 3557 1519 3626 constringit
1562 3557 1654 3628 qui
1703 3556 1879 3610 dixit:

305 3656 504 3712 Sedebo
530 3659 585 3710 in
618 3655 865 3708 lateribus
891 3653 1149 3724 aquilonis
1173 3650 1307 3723 (lsa.
1332 3664 1444 3714 xw,
1483 3647 1606 3719 45);
1637 3662 1667 3702 e
1693 3658 1883 3704 contra

302 3745 457 3800 calidi
488 3753 613 3799 sunt
635 3758 863 3813 quorum
887 3742 1049 3797 corda
1075 3749 1275 3803 auster,
1301 3739 1355 3793 id
1375 3745 1459 3793 est
1488 3736 1725 3807 Spiritus
1753 3751 1882 3791 san-

302 3842 422 3889 ctus
446 3833 739 3888 adveniens
775 3831 956 3887 calore
985 3830 1108 3885 ﬁdei
1131 3829 1319 3897 tangit,
1346 3835 1406 3880 ut
1436 3825 1670 3880 resoluta
1701 3824 1880 3877 incre-

304 3925 547 3981 dulitatis
571 3924 789 3986 duritia,
815 3930 870 3975 et
908 3921 1108 3974 amisso
1133 3918 1335 3973 erroris
1367 3917 1584 3985 frigore,
1615 3916 1881 3969 bonorum

300 4027 524 4083 operum
550 4009 887 4080 ﬂagrantiam
925 4015 1196 4062 emanent.
1237 4005 1472 4073 Tepidus
1509 4013 1689 4058 autem
1733 4011 1788 4058 et
1814 4019 1882 4058 ex

301 4102 495 4172 frigido
519 4099 655 4155 solet
690 4097 807 4152 ﬁeri
830 4105 887 4151 et
905 4112 971 4151 ex
1010 4095 1202 4160 calido,
1231 4094 1355 4163 quia
1381 4103 1437 4149 et
1457 4093 1596 4148 alius
1618 4110 1648 4147 a
1681 4093 1882 4163 frigore

300 4189 597 4259 iniquitatis
633 4200 926 4243 conversus
952 4185 1019 4239 ad
1042 4182 1337 4254 perfectum
1353 4182 1580 4251 iustitiae
1611 4182 1879 4237 fervorem

302 4295 407 4333 non
438 4278 659 4343 transit;
691 4285 746 4331 et
772 4276 911 4330 alius
955 4290 985 4328 a
1029 4274 1210 4329 calore
1236 4272 1460 4342 iustitiae
1501 4271 1777 4327 descendit
1813 4273 1881 4327 ad

300 4367 533 4436 torporis
556 4366 842 4438 ignaviam.
870 4364 1070 4420 Omnes
1094 4364 1260 4434 igitur
1290 4363 1662 4432 experimento
1691 4361 1881 4417 didici-

1984 3205 2217 3274 pretium
2242 3204 2409 3269 dabit,
2437 3202 2540 3258 nisi
2572 3203 2823 3258 devotum
2852 3202 3129 3273 petitionis
3156 3200 3443 3256 aﬁ‘ectum?
3471 3198 3569 3256 Cui

1986 3293 2055 3348 ad
2073 3294 2190 3348 haec
2218 3291 2502 3346 subditur:
2530 3300 2579 3345 et
2606 3291 2917 3346 uestimentis
2941 3289 3073 3345 albis
3104 3290 3366 3355 induaris,
3390 3299 3576 3344 utnon

1983 3391 2229 3453 appareat
2258 3382 2496 3449 confusio
2544 3382 2797 3435 nuditatis
2827 3391 2952 3436 tute.
2994 3380 3076 3435 Ad
3101 3380 3446 3450 operiendam
3478 3397 3575 3435 nu-

1984 3470 2174 3525 ditatis
2217 3468 2591 3525 confusionem
2628 3470 2968 3525 vestimentis
3010 3469 3146 3524 albis
3193 3469 3455 3534 induitur,
3484 3470 3574 3538 qui

1983 3574 2173 3613 aurum
2204 3558 2434 3629 ignitum
2457 3559 2743 3626 probatum
2784 3568 3077 3622 mercatur,
3109 3559 3200 3626 qui
3228 3558 3295 3613 ad
3334 3558 3573 3612 devitan-

1981 3651 2110 3706 dum
2154 3650 2452 3720 tepiditatis
2487 3650 2745 3717 pudorem
2802 3648 2858 3700 in
2902 3662 3056 3702 nova:
3104 3648 3231 3702 vita:
3266 3648 3572 3702 conversio-

1980 3755 2104 3794 nem
2134 3738 2479 3801 transfertur,
2513 3736 2603 3805 qui
2631 3750 2772 3789 novo
2803 3735 3117 3805 caelestique
3157 3736 3360 3790 homini
3388 3736 3569 3789 imita-

1980 3828 2142 3881 tionis
2169 3827 2369 3881 virtute
2409 3826 2672 3880 inhazrere
2716 3834 2972 3879 meretur.
3017 3825 3088 3879 Et
3131 3825 3347 3896 collyrio
3383 3825 3576 3897 inunge

1981 3916 2158 3971 oculos
2192 3927 2333 3983 tuos,
2362 3925 2417 3971 ut
2446 3916 2642 3970 videas.
2681 3915 2759 3970 Ac
2785 3916 2829 3970 si
2857 3916 3129 3971 diceretur
3153 3933 3167 3968 :
3201 3915 3410 3970 Adhibe
3437 3916 3572 3971 divi-

1981 4025 2050 4064 na
2076 4019 2345 4079 praecepta
2373 4008 2442 4063 ad
2481 4015 2717 4062 mentem
2750 4021 2967 4070 caecam,
3008 4013 3274 4075 quatenus
3306 4005 3569 4061 virtutum

1981 4098 2277 4152 nuditatem
2326 4113 2487 4166 quam
2535 4097 2762 4167 pateris,
2813 4096 3000 4150 videns
3054 4095 3268 4165 operire
3322 4094 3564 4150 festines.

1980 4188 2093 4243 Nisi
2118 4189 2263 4243 enim
2297 4189 2475 4243 divina
2502 4195 2769 4258 praecepta
2794 4186 3079 4258 collyrium
3106 4195 3307 4249 essent,
3340 4185 3568 4240 Psalmi-

1981 4289 2062 4336 sta
2090 4296 2199 4336 non
2225 4282 2467 4337 diceret:
2502 4280 3063 4352 Prwceptumllomini
3099 4278 3330 4333 lucidum
3370 4278 3568 4333 illumi-

1982 4388 2112 4426 nans
2142 4371 2319 4427 oculos
2350 4369 2522 4443 (Psal.
2571 4387 2738 4435 xviii,
2777 4370 2854 4440 9).
2906 4369 3090 4425 Potest
3135 4384 3235 4438 per
3282 4368 3564 4440 collyrium

300 4472 437 4521 mus.
473 4456 599 4525 quia
640 4453 891 4525 frigidum
919 4453 1048 4523 quid
1078 4453 1159 4506 vel
1189 4453 1423 4508 validum
1470 4452 1629 4508 facile
1674 4453 1728 4507 in
1755 4469 1875 4508 cor-
1906 4454 1955 4514 D
1979 4463 2123 4531 quod
2152 4477 2220 4516 ex
2243 4471 2385 4518 terra
2415 4462 2493 4525 ﬁt,
2523 4470 2579 4515 et
2610 4469 2767 4515 terrm
2790 4459 3064 4529 pulverem
3100 4461 3166 4514 ab
3196 4458 3366 4515 oculis
3394 4460 3561 4530 ejicit,

300 4560 398 4614 pus
441 4543 742 4613 trajicitur;
792 4542 1026 4610 tepidum
1057 4549 1235 4596 autem
1264 4557 1389 4596 cum
1436 4541 1625 4595 nausia
1666 4541 1734 4596 ab
1763 4542 1878 4611 ipso

298 4650 394 4689 ore
434 4633 733 4705 projicitur.
772 4630 863 4687 Sic
900 4632 978 4687 sic
1029 4630 1140 4702 (Ita
1191 4630 1332 4701 cod.)
1372 4632 1621 4686 doctores
1667 4630 1879 4688 facilius

301 4734 525 4795 possunt
553 4725 820 4781 inﬁdelem
861 4725 929 4779 ad
956 4723 1136 4789 ﬁdem,
1161 4733 1255 4778 aut
1281 4739 1594 4793 perversum
1615 4724 1879 4781 Christia-

300 4830 425 4869 num
457 4815 527 4871 ad
558 4815 826 4871 fervorem
858 4813 983 4870 boni
1023 4813 1201 4881 operis
1242 4813 1475 4879 trahere,
1527 4828 1689 4882 quam
1736 4814 1875 4883 tepi-

298 4903 457 4965 dum;
494 4902 721 4973 ideoque
758 4903 1012 4959 deserunt
1039 4917 1182 4962 eum,
1223 4901 1371 4955 velut
1419 4898 1655 4971 agricola
1702 4900 1874 4956 infru-

297 4998 542 5045 ctuosam
569 4999 772 5046 terram
795 4990 1009 5062 linquit,
1039 4996 1094 5045 et
1135 4989 1279 5043 illam
1309 4988 1506 5043 excolit
1531 4988 1596 5043 de
1633 5005 1738 5059 qua
1759 4985 1875 5056 jam

298 5081 483 5150 spinas
515 5082 657 5135 eruit
694 5090 750 5137 et
789 5092 872 5139 est
904 5084 1197 5147 fructuosa,
1226 5081 1312 5136 vel
1348 5081 1495 5137 illam
1538 5097 1658 5151 qum
1700 5082 1877 5138 adhuc

290 5170 457 5241 plena
482 5170 701 5240 quidem
727 5178 811 5224 est
835 5173 1022 5239 spinis,
1050 5172 1146 5228 sed
1179 5170 1455 5227 fructuosa
1475 5168 1653 5226 futura
1680 5171 1874 5241 praevi-

301 5266 476 5319 detur.

375 5354 533 5410 Vens.
566 5354 653 5407 l7.
683 5384 751 5396 —
790 5353 928 5419 Quia
968 5354 1099 5409 dicis
1127 5356 1251 5424 quia
1294 5356 1435 5412 dives
1474 5371 1612 5420 sum,
1650 5363 1699 5409 et
1727 5353 1870 5409 locu-

298 5444 542 5515 pletatus,
562 5454 609 5499 et
638 5443 833 5499 nullius
862 5461 1006 5515 egeo,
1031 5455 1079 5498 et
1105 5447 1271 5500 nescis
1300 5449 1424 5517 quia
1449 5457 1507 5500 tu
1529 5463 1582 5499 es
1622 5446 1801 5511 miser,
1823 5456 1870 5500 et

300 5534 629 5601 miserabilis,
654 5543 703 5588 et
735 5550 953 5606 pauper,
992 5543 1039 5588 et
1067 5552 1256 5589 ccecus.
1303 5536 1557 5606 Quisquis
1585 5552 1682 5607 pro
1709 5545 1871 5592 recta:

303 5623 425 5679 fidei
459 5623 795 5680 confessione
837 5639 897 5679 se
937 5623 1156 5679 divitem
1189 5622 1375 5694 jactat,
1410 5626 1512 5681 nisi
1541 5627 1682 5682 mala
1711 5641 1869 5697 agere

306 5715 545 5781 desistat,
573 5729 679 5770 non
705 5713 874 5780 dives,
904 5714 998 5771 sed
1032 5730 1234 5786 pauper
1269 5724 1378 5783 est;
1413 5715 1554 5786 quod
1592 5717 1716 5786 quia
1739 5718 1871 5787 tepi-

1979 4557 2253 4618 assumpta
2289 4564 2388 4617 pro
2434 4547 2589 4603 nobis
2617 4546 2991 4617 Redemptoris
3037 4548 3207 4602 nostri
3251 4548 3563 4618 temporalis

1979 4647 2190 4709 egestas
2236 4636 2526 4707 designari.
2555 4636 2656 4703 Qui
2682 4652 2811 4708 ergo
2849 4646 3083 4692 caecatos
3126 4636 3310 4692 oculos
3342 4637 3562 4707 pulvere

1978 4728 2164 4791 habet,
2208 4726 2490 4797 collyrium
2536 4726 2957 4795 superimponat,
2988 4733 3048 4781 ut
3082 4724 3261 4779 lumen
3299 4726 3556 4796 recipiat;

1976 4817 2031 4873 id
2049 4824 2134 4872 est
2156 4817 2248 4886 qui
2270 4831 2366 4887 per
2404 4823 2617 4870 terrena
2639 4814 3027 4869 delectamenta
3058 4813 3262 4880 deﬁnit,
3289 4823 3559 4886 tempora-

1976 4904 2082 4960 lem
2111 4904 2484 4973 Redemptoris
2512 4903 2593 4958 sui
2629 4910 2923 4973 egestatem
2950 4903 3017 4957 ad
3046 4911 3281 4958 mentem
3313 4905 3553 4970 reducat,

1974 5005 2035 5051 ut
2067 4996 2411 5051 interioribus
2439 4994 2609 5050 oculis
2636 4992 3027 5065 contempletur
3042 4992 3222 5049 futura
3244 5000 3553 5049 sanctorum

1977 5102 2221 5158 pnnmia.

2050 5175 2211 5230 Vens.
2250 5173 2332 5227 l9.
2375 5203 2443 5213 -—
2466 5171 2578 5243 Ego
2604 5188 2735 5243 quos
2760 5188 2901 5236 amo,
2929 5188 3092 5242 arguo
3132 5181 3179 5226 et
3201 5173 3417 5241 castigo.
3451 5172 3555 5225 Re-

1976 5264 2224 5335 dargutio
2254 5263 2320 5317 ad
2342 5263 2528 5326 verba,
2553 5261 2836 5331 castigatio
2860 5262 3093 5332 pertinet
3129 5262 3197 5315 ad
3236 5259 3465 5329 ﬂagella.
3492 5259 3552 5315 In

1976 5358 2079 5412 hac
2122 5363 2302 5409 autem
2345 5352 2609 5408 sententia
2664 5352 2893 5421 amplius
2934 5352 3077 5422 quod
3123 5351 3319 5420 exponi
3361 5350 3555 5406 debeat

1976 5462 2083 5502 non
2105 5453 2209 5511 est,
2236 5445 2329 5499 sed
2348 5443 2491 5513 quod
2519 5442 2750 5498 libenter
2789 5442 3059 5512 amplecti.
3100 5441 3377 5497 )Emulare
3400 5457 3550 5515 ergo,

1976 5545 2032 5592 et
2051 5536 2422 5606 pcenitentiam
2454 5550 2571 5603 age.
2601 5532 2680 5588 Ac
2699 5534 2743 5588 si
2775 5534 2981 5588 diceret
3011 5551 3023 5586 :
3054 5532 3155 5587 nisi
3186 5533 3554 5603 temporaliter

1975 5642 2100 5683 cum
2147 5625 2251 5679 illis
2286 5625 2374 5680 hic
2418 5624 2621 5695 flagella
2667 5624 2989 5694 susceperis,
3037 5623 3153 5677 sine
3198 5622 3304 5679 illis
3335 5621 3552 5678 atternis

1978 5716 2307 5773 cruciatibus
2345 5714 2664 5785 subjacebis.
2705 5713 2888 5786 (Vens.
2919 5712 3033 5786 20.)
3060 5712 3196 5767 Ecce
3239 5721 3318 5767 sto
3363 5712 3430 5764 ad
3467 5726 3550 5761 os-
