4010 6182
154 263 277 319 ΗΠ

940 262 1349 320 EXEGETICA.
1387 292 1433 302 -
1495 262 1851 319 COMMENT.
1889 263 1958 317 IN
1996 263 2286 319 APOCAL.
2315 294 2386 303 —
2419 263 2547 318 LIB.
2590 266 2671 319 Ill.

3250 269 3390 323 “18

150 378 257 431 rius
282 376 483 446 fulgora
508 383 562 429 et
587 375 821 428 tonitrua
842 372 910 428 de
936 373 1129 427 throno
1163 380 1418 441 tanquam
1452 374 1518 427 de
1564 374 1707 429 nube
1732 376 1782 436 Α
1808 372 1950 442 quod
1976 381 2219 443 gestatur
2243 372 2499 438 interius;
2545 373 2618 428 ita
2644 373 2897 430 Ecclesia:
2927 374 3058 430 ﬁdes
3081 374 3230 432 intus
3260 377 3390 433 sim-

148 468 430 537 procedere
460 474 766 521 narrantur.
793 465 958 534 Igitur
987 464 1114 532 quia
1141 480 1301 519 arcus
1324 467 1532 521 duobus
1558 466 1707 535 prin-

148 558 385 627 cipaliter
404 556 672 612 coloribus
700 554 1021 624 resplendet,
1045 570 1199 624 aqua:
1221 554 1428 610 scilicet
1467 565 1522 610 et
1545 556 1705 626 ignis,

147 648 445 716 designatur
466 644 550 699 vel
569 644 869 714 baptismus
895 660 1049 713 aqum
1086 652 1143 699 et
1183 644 1417 715 Spiritus
1454 653 1703 711 sanctus;

145 737 224 793 vel
239 735 495 806 judicium
521 734 832 802 praecedens
856 748 954 802 per
979 734 1263 800 diluvium,
1287 749 1351 790 ac
1373 736 1707 805 subsequens

144 837 237 892 per
261 823 453 893 ignem.
485 821 554 876 Ut
581 836 679 891 per
707 837 831 877 eum
860 823 964 877 hoc
989 822 1110 878 loco
1136 823 1487 893 repropitiata
1505 824 1707 880 mundo

143 912 386 968 divinitas
397 912 636 980 apertius
645 913 977 977 ostendatur,
992 912 1196 968 idcirco
1209 913 1401 969 visioni
1414 915 1709 984 smaragdi-

141 1019 223 1058 nae
233 1010 589 1072 conmaratur.
607 1002 858 1058 llicenim
876 1003 1010 1074 lapis
1032 1005 1348 1062 viridissimi
1370 1006 1567 1062 coloris
1597 1016 1703 1073 est,

139 1094 229 1163 qui
281 1095 578 1150 divinitatis
608 1102 818 1149 natura:
857 1111 962 1150 non
992 1096 1436 1153 inconvenienter
1464 1104 1700 1164 aptatur.

211 1186 366 1241 Vens.
389 1184 441 1238 4.
470 1214 541 1223 --
576 1183 645 1237 Et
672 1183 728 1239 in
756 1184 977 1238 circuitu
1000 1185 1137 1239 sedis
1165 1185 1349 1240 sedilia
1378 1187 1556 1256 viginti
1577 1203 1710 1256 qua-

137 1284 350 1338 tuorret
378 1290 535 1344 super
562 1274 774 1328 thronos
805 1275 984 1343 viginti
1016 1285 1247 1346 quatuor
1273 1278 1501 1332 seniores
1527 1278 1710 1333 seden-

135 1375 232 1419 tes.
256 1362 384 1417 Cum
414 1362 677 1418 Dominus
710 1362 764 1416 in
816 1363 1108 1435 Evangelio
1152 1365 1434 1421 duodecim
1484 1368 1709 1424 thronos

134 1459 538 1517 commemoret,
569 1452 699 1521 quid
736 1452 839 1507 sibi
895 1452 1011 1506 vult
1053 1453 1197 1523 quod
1240 1451 1475 1511 Joannes
1519 1456 1705 1526 viginti

133 1551 364 1611 quatuor
388 1542 549 1597 dicit?
599 1542 702 1597 nisi
746 1543 875 1612 quia
919 1551 1142 1612 propter
1186 1545 1460 1615 geminum
1515 1547 1705 1602 Testa-

133 1641 373 1687 mentum
398 1647 656 1688 numerus
679 1634 843 1688 etiam
879 1634 1160 1689 duodecim
1191 1635 1429 1691 tribuum
1471 1637 1706 1707 duplica-

1807 462 1929 533 plex
1954 472 2039 517 est
2064 461 2403 526 credulitate,
2426 470 2482 516 et
2501 461 2636 518 foris
2657 479 2823 519 verax
2849 462 3154 519 ostenditur
3167 463 3386 521 confes-

1806 553 1979 609 sione.
2026 551 2135 608 Sed
2174 567 2242 609 ne
2282 550 2473 623 fragile
2498 561 2781 624 putaretur
2808 563 2868 609 ut
2896 555 3115 619 vitrum,
3146 554 3386 610 additum

1805 653 1888 699 est
1913 643 2080 699 simile
2098 643 2366 715 crystallo.
2391 644 2542 700 Sicut
2555 644 2699 701 enim
2721 645 2923 716 glacies
2943 644 3163 700 hiemali
3185 641 3389 714 frigore

1805 750 1992 805 pressa
2021 745 2141 805 post
2172 736 2373 792 multos
2418 752 2590 792 annos
2637 737 2691 792 in
2740 737 3149 793 similitudinem
3198 735 3389 806 lapidis

1804 826 2067 882 obdurata
2086 827 2399 897 crystallum
2416 826 2665 894 efﬁcitur,
2679 828 2753 882 ita
2771 828 2903 884 ﬁdes
2919 837 3231 885 sanctorum
3249 827 3391 883 inter

1805 930 2091 986 pressuras
2113 930 2213 986 per
2228 916 2563 971 incrementa
2593 925 2900 986 temporum
2929 918 3211 974 solidatur.
3240 917 3310 972 Et
3333 918 3388 971 in

1806 1006 1976 1062 medio
1999 1007 2137 1061 sedis
2157 1017 2207 1062 et
2233 1008 2289 1062 in
2307 1008 2532 1064 circuitu
2552 1010 2690 1064 sedis
2709 1021 2940 1081 quatuor
2959 1011 3213 1065 animalia
3236 1011 3391 1080 plena

1806 1097 1974 1152 oculis
2008 1106 2130 1151 ante
2162 1106 2212 1150 et
2242 1107 2401 1153 retro.
2441 1098 2585 1154 Nulli
2620 1100 2842 1155 dubium
2876 1108 2961 1155 est
2993 1100 3127 1169 quin
3152 1115 3250 1169 per
3276 1100 3393 1154 haec

1806 1195 2038 1257 quatuor
2072 1186 2326 1243 animalia
2381 1196 2614 1259 quatuor
2659 1189 2963 1260 ﬁgurentur
3016 1189 3379 1261 evangelista.

1809 1276 1915 1332 Sed
1944 1278 1988 1332 si
2020 1278 2072 1331 in
2094 1278 2274 1334 medio
2298 1278 2460 1344 sedis,
2488 1280 2758 1348 quomodo
2777 1280 2832 1334 in
2851 1279 3084 1335 circuitu
3107 1278 3253 1334 sedis
3273 1292 3393 1334 esse

1806 1366 2193 1436 perhibentur?
2230 1369 2532 1437 praesertim
2569 1384 2692 1424 cum
2732 1370 2786 1424 in
2829 1369 3009 1424 medio
3037 1367 3182 1423 sedis
3211 1366 3393 1422 Domi-

1806 1473 1968 1525 num,
2001 1466 2057 1515 et
2091 1460 2145 1514 in
2178 1460 2411 1517 circuitu
2463 1461 2606 1517 sedis
2641 1460 2832 1532 viginti
2862 1467 3096 1529 quatuor
3141 1458 3389 1515 seniores

1807 1549 1998 1604 sedere
2017 1548 2130 1618 jam
2159 1550 2363 1605 dictum
2396 1551 2487 1606 sit.
2517 1549 2856 1621 Quapropter
2878 1550 3156 1605 sciendum
3183 1550 3308 1619 quia
3336 1549 3390 1602 in

1807 1639 2036 1696 Domino
2075 1641 2355 1708 animalia,
2398 1651 2454 1698 et
2510 1642 2566 1696 in
2615 1642 2939 1696 animalibus
2985 1640 3279 1705 Dominus;
3337 1648 3393 1694 ct

130 1733 245 1781 tur.
266 1723 429 1795 Igitur
449 1731 709 1792 quantum
730 1724 798 1778 ad
817 1724 1216 1779 distinctionem
1231 1725 1510 1795 utriusque
1523 1726 1707 1782 Testa-
1739 1728 1785 1789 Β
1810 1745 1999 1785 rursus
2021 1730 2073 1785 in
2095 1730 2400 1787 senioribus
2419 1730 2695 1795 animalia,
2715 1738 2771 1785 et
2790 1730 2845 1784 in
2873 1729 3196 1785 animalibus
3220 1728 3392 1784 senio-

130 1815 323 1879 menti,
351 1814 537 1885 viginti
559 1824 789 1884 quatuor
808 1823 933 1869 sunt
954 1816 1152 1879 throni,
1182 1816 1511 1887 totidemque
1533 1819 1709 1875 senio-

130 1919 257 1969 res;
285 1911 540 1973 quantum
569 1918 695 1958 vero
728 1904 796 1957 ad
826 1904 1088 1959 unitatem
1125 1914 1178 1959 et
1229 1907 1574 1961 concordiam
1617 1923 1710 1963 eo-

126 1993 395 2055 rumdem,
411 1999 615 2046 tantum
638 1992 940 2048 duodecim.
969 1992 1076 2049 Sed
1101 2009 1202 2049 nec
1222 1996 1480 2050 debemus
1501 2004 1705 2053 tantum

123 2084 418 2138 carnaliter
438 2097 647 2153 sapere,
674 2092 733 2137 ut
761 2084 904 2138 aliud
933 2085 1266 2140 mstimemus
1301 2102 1464 2141 unam
1500 2088 1703 2151 sedem,

123 2173 281 2229 aliud
300 2173 489 2244 viginti
516 2183 746 2242 quatuor
779 2176 1021 2230 thronos.
1048 2176 1182 2231 Nam
1209 2178 1336 2246 quia
1360 2177 1706 2248 singulariter

121 2279 203 2319 ac
234 2262 598 2333 principaliter
620 2264 927 2319 universam
958 2265 1216 2319 Dominus
1236 2265 1501 2334 judicabit
1523 2267 1707 2322 Eccle-

121 2357 293 2421 siam,
324 2355 524 2409 idcirco
552 2355 791 2407 seniores
813 2364 867 2409 et
896 2355 1075 2408 throni
1120 2369 1227 2409 una
1264 2356 1419 2410 sedes
1465 2369 1584 2410 esse
1628 2356 1710 2411 di-

121 2455 361 2511 cuntur;
418 2445 542 2513 quia
589 2459 720 2498 vero
767 2446 937 2500 εωριί
992 2445 1375 2514 praedicatores
1428 2447 1707 2516 utriusque

123 2538 294 2593 Testa
303 2535 464 2590 menti
488 2549 609 2588 cum
628 2534 815 2589 eodem
833 2534 1075 2589 subditas
1095 2535 1280 2604 plebes
1301 2536 1705 2602 examinabunt,

120 2632 528 2697 consequenter
554 2625 607 2679 in
636 2625 868 2680 circuitu
893 2624 1036 2682 sedis
1058 2640 1222 2695 super
1257 2626 1446 2694 viginti
1478 2633 1709 2695 quatuor

124 2720 358 2775 thronos
386 2717 609 2773 totidem
629 2718 819 2772 sedent
850 2718 1109 2773 seniores.
1137 2717 1289 2784 Quod
1318 2725 1497 2773 autem
1529 2718 1596 2773 de
1625 2733 1709 2773 se-

124 2811 377 2889 nioribus
421 2809 669 2865 subditur
713 2828 725 2862 τ
775 2811 1150 2865 circumamicti
1195 2811 1504 2866 vestimentis
1552 2810 1706 2877 albis,

124 2911 188 2956 et
219 2902 273 2955 in
297 2900 550 2971 capitibus
572 2916 752 2953 eorum
790 2916 998 2954 corona:
1022 2916 1230 2965 aurem;
1270 2901 1337 2955 ad
1366 2916 1577 2956 omnem
1607 2901 1711 2957 Ec-

125 2994 355 3051 clesiam
382 2993 633 3062 pertinet,
665 3007 786 3061 quae
811 2992 1150 3046 vestimentis
1176 2991 1314 3046 albis
1357 2992 1597 3046 induitur
1614 3032 1630 3058 ,
1656 2992 1707 3047 id

122 3094 219 3143 est
242 3054 514 3145 inviolatis
536 3054 788 3152 baptismi
824 3081 1197 3137 sacramentis.
1226 3080 1466 3138 Coronas
1509 3054 1707 3138 aureas
1734 3054 1782 3119 ο

129 3180 188 3233 in
218 3176 395 3244 capite
422 3175 615 3239 habet,
660 3174 785 3244 quia
832 3174 1101 3228 veraciter
1150 3172 1217 3227 de
1260 3175 1452 3228 mortis
1494 3182 1713 3230 auctore

126 3266 454 3335 triumphat.
484 3264 672 3327 Aliter,
699 3270 877 3332 potest
896 3277 991 3330 per
1018 3264 1163 3317 hunc
1199 3278 1486 3318 numerum
1523 3273 1707 3320 sancta

122 3355 374 3413 Ecclesia
398 3355 617 3424 ﬁgurari
634 3361 852 3424 propter
871 3353 1139 3410 senariam
1164 3353 1572 3424 perfectionem,
1592 3372 1711 3426 qum

120 3462 227 3516 per
252 3453 484 3515 quatuor
501 3444 774 3516 Evangelii
804 3443 971 3499 libros
996 3452 1428 3507 consummatur;
1454 3446 1538 3501 vel
1564 3454 1710 3503 certe

120 3538 259 3610 quia
285 3537 495 3593 Veteris
521 3536 851 3597 Testamenti
879 3536 1070 3606 viginti
1098 3544 1332 3605 quatuor
1349 3538 1705 3594 utiturlibris.

198 3627 368 3682 Vsus.
399 3626 450 3680 5.
478 3656 550 3666 —-
594 3625 664 3679 Et
706 3626 770 3680 de
811 3626 998 3680 throno
1050 3628 1348 3697 procedunt
1381 3627 1590 3699 fulgora
1613 3670 1629 3693 ,
1659 3637 1709 3684 et

116 3724 364 3781 eoees,et
393 3717 644 3769 tonitrua.
668 3716 766 3771 Hic
793 3725 980 3787 aperte
1005 3719 1304 3772 ostenditur
1331 3733 1429 3787 per
1455 3720 1705 3775 thronum

116 3803 426 3860 Ecclesium
464 3804 714 3873 ﬁgurari,
742 3805 828 3860 cui
870 3805 986 3860 hinc
1031 3806 1212 3858 omnia
1254 3805 1598 3859 conveniunt.
1649 3805 1708 3859 In

115 3896 431 3965 fulgoribus
454 3896 596 3949 enim
626 3894 1007 3949 miraculorum
1036 3894 1187 3962 signa
1210 3893 1525 3961 accipimus.
1556 3893 1708 3949 Unde

112 3986 412 4043 Psalmista
437 4002 449 4037 :
476 3983 771 4036 [unxerunt
801 3981 1007 4052 fulgora
1036 3991 1125 4037 tua
1160 3983 1271 4041 orbi
1316 3993 1470 4039 term
1513 3982 1703 4055 (Psal.

113 4094 312 4141 Lxxvr,
350 4075 458 4147 l9).
508 4073 611 4127 Per
647 4088 791 4126 voces
837 4080 1016 4126 autem
1046 4082 1093 4125 et
1124 4072 1359 4125 tonitrua
1394 4074 1706 4143 prtedicatio

112 4168 376 4225 veritatis
399 4164 738 4233 exprimitur,
755 4161 894 4219 sicut
915 4162 1054 4217 idem
1078 4161 1360 4217 Psalmista
1380 4162 1513 4220 dicit
1538 4182 1551 4216 :
1588 4162 1706 4219 Vox

106 4256 345 4314 tonitrui
364 4256 440 4309 tui
461 4256 515 4309 in
544 4263 657 4308 rota
684 4252 893 4325 (Ibid.).
919 4253 989 4307 Et
1007 4260 1131 4308 nota
1154 4253 1279 4322 quia
1299 4255 1453 4322 quasi
1475 4270 1542 4309 ex
1563 4255 1702 4310 obli-

102 4364 232 4422 quo
258 4348 330 4401 ab
360 4362 462 4401 una
491 4345 663 4414 ﬁgura
688 4343 756 4397 ad
781 4342 938 4397 aliam
980 4344 1277 4409 transiens,
1304 4344 1371 4398 de
1419 4345 1545 4399 sede
1588 4346 1704 4401 haec

1808 1835 1898 1875 res
1920 1820 2286 1876 inveniuntur.
2315 1821 2502 1877 Potest
2525 1830 2579 1877 et
2606 1829 2843 1891 quatuor
2869 1821 3185 1876 animalium
3210 1821 3391 1890 specie

1807 1909 2078 1982 designari
2119 1913 2445 1982 generaliter
2490 1911 2749 1969 Ecclesia.
2803 1912 2968 1967 Plena
3030 1914 3215 1983 itaque
3266 1922 3419 1966 sunt-

1807 2002 2061 2055 animalia
2086 2001 2280 2066 oculis,
2302 2003 2431 2070 quia
2463 2010 2593 2070 Quot
2618 2010 2744 2056 sunt
2773 2017 3050 2057 sacrarum
3078 2000 3389 2070 Scriptura-

1806 2106 1927 2147 rum
1952 2090 2186 2159 eloquia,
2215 2097 2294 2145 tot
2319 2098 2446 2147 sunt
2479 2091 2777 2146 electorum
2827 2090 3090 2159 spiritalia
3145 2090 3373 2150 lumina.

1806 2179 2003 2249 quibus
2028 2178 2095 2233 ad
2142 2178 2305 2233 ﬁdem
2347 2178 2742 2233 illuminantur.
2786 2179 2927 2233 Ante
2951 2186 3135 2234 autem
3159 2186 3217 2233 et
3246 2187 3393 2234 retro

1806 2274 1935 2323 sunt
1965 2267 2131 2330 oculi,
2164 2268 2290 2334 quia
2324 2268 2537 2322 Veteris
2563 2275 2618 2321 et
2655 2266 2791 2323 Novi
2831 2268 3163 2324 Testamenti
3212 2284 3395 2324 sacra—

1806 2364 1990 2410 menta
2018 2355 2071 2407 in
2097 2369 2155 2409 se
2177 2354 2625 2409 continent.Ante
2645 2357 2793 2410 enim
2818 2357 2921 2411 hoc
2946 2358 3066 2413 loco
3086 2374 3187 2426 pro
3199 2367 3395 2428 praetc-

1808 2443 1915 2497 rito
1938 2442 2176 2512 ponitur.
2206 2442 2406 2509 Aliter,
2435 2450 2626 2499 anteet
2638 2453 2787 2499 retro
2804 2444 3009 2500 habent
3026 2445 3232 2511 oculos,
3259 2447 3386 2515 quia

1806 2534 2050 2603 quaedam
2090 2532 2326 2602 impleta,
2362 2541 2419 2588 et
2452 2534 2699 2603 quaedam
2735 2532 3004 2605 implenda
3038 2535 3388 2600 denuntiant;

1807 2624 1892 2678 vel
1917 2624 2042 2693 quia
2062 2625 2337 2694 prmterita
2362 2634 2581 2693 peccata
2604 2624 2886 2695 plangunt,
2908 2633 2963 2681 et
2982 2623 3162 2681 futura
3179 2638 3388 2682 cavent.

1881 2715 2042 2769 Vens.
2072 2715 2124 2768 7.
2154 2744 2228 2757 -
2251 2714 2321 2769 Et
2350 2714 2551 2769 animal
2574 2715 2801 2786 primum
2827 2714 2998 2770 simile
3027 2715 3189 2783 leoni,
3217 2727 3268 2771 et
3310 2734 3393 2772 sev-

1809 2806 2037 2861 cundum
2066 2805 2265 2860 animal
2302 2807 2471 2861 simile
2498 2806 2691 2873 vitulo,
2717 2817 2767 2863 et
2795 2810 3009 2863 tertium
3054 2810 3255 2864 animal
3297 2811 3387 2865 ha-

1810 2898 1931 2954 bens
1960 2898 2148 2968 faciem
2175 2898 2329 2969 quasi
2346 2899 2591 2965 hominis,
2618 2909 2667 2955 et
2692 2910 2940 2972 quartum
2979 2900 3179 2958 animal
3226 2901 3396 2957 simile

1810 2989 2020 3065 aquilis
2043 2988 2258 3044 volanti.
2300 2992 2659 3056 Qumrendum
2690 2999 2794 3046 ‘est
2822 3008 2991 3063 quare
3016 2990 3253 3049 Joannes
3279 2993 3390 3061 pri-

1810 3095 1957 3134 mum
1984 3079 2185 3135 animal
2206 3080 2347 3137 leoni
2379 3081 2556 3137 simile
2573 3081 2790 3148 dixerit,
2805 3098 2928 3138 cum
2948 3082 3199 3139 Ezechiel
3220 3084 3392 3139 homi-

1811 3169 1896 3227 nis
1940 3168 2173 3238 speciem
2219 3170 2397 3239 primo
2433 3170 2651 3225 animali
2693 3170 2872 3227 inesse
2896 3170 3197 3242 perhibeat.
3227 3171 3395 3243 Igitur

1811 3264 1903 3317 aut
1926 3258 2061 3312 ordo
2088 3257 2381 3315 historicus
2414 3265 2656 3314 mutatus
2675 3265 2777 3323 est,
2801 3274 2963 3328 quem
2991 3259 3220 3330 mystica
3247 3258 3395 3316 Scri-

1809 3357 2095 3419 pturarum
2125 3347 2339 3417 eloquia
2369 3363 2476 3403 non
2506 3362 2720 3418 semper
2734 3355 2984 3415 servant;
3023 3348 3109 3405 vel
3132 3350 3258 3419 quia
3285 3365 3393 3404 non

1809 3445 2030 3507 propter
2056 3439 2417 3504 nativitatem,
2448 3447 2543 3494 aut
2589 3440 2896 3509 passionem
2943 3439 3292 3495 crediderunt
3335 3440 3390 3492 in

1809 3530 2083 3587 Christum
2109 3532 2377 3596 homines,
2406 3532 2499 3586 sed
2523 3538 2747 3600 propter
2772 3530 3245 3595 resurrectionem,
3268 3545 3388 3599 quae

1808 3622 1865 3676 in
1911 3622 2063 3676 l-one
2109 3620 2404 3689 ﬁguratur,
2442 3617 2559 3685 ejus
2610 3618 2843 3687 speciem
2901 3617 3134 3687 primam
3188 3620 3387 3692 posuit.

1808 3709 2048 3776 Denique
2084 3707 2210 3775 quia
2243 3707 2312 3760 ab
2344 3705 2578 3759 humana
2617 3705 2965 3776 generatione
3015 3707 3203 3776 carpit,
3246 3715 3391 3763 recte

1807 3811 1905 3864 per
1928 3795 2201 3850 hominem
2228 3793 2542 3858 Matthaeus;
2574 3794 2700 3862 quia
2727 3809 2756 3847 a
2784 3793 3019 3849 clamore
3043 3796 3100 3850 in
3147 3796 3385 3860 deserto,

1810 3891 1954 3941 recte
1981 3898 2078 3953 per
2097 3883 2308 3938 leonem
2333 3882 2578 3948 Marcus;
2628 3882 2753 3953 quia
2780 3897 2813 3937 a
2842 3882 3111 3939 sacriﬁcio
3134 3898 3384 3951 exorsus,

1807 3975 1941 4031 bene
1962 3990 2058 4044 per
2077 3974 2306 4029 vitulum
2331 3973 2537 4038 Lucas;
2565 3973 2657 4042 qui
2682 3988 2813 4029 vero
2838 3988 2869 4027 a
2886 3972 3167 4030 divinitate
3188 3974 3372 4043 coepit,

1807 4066 1965 4134 digne
1989 4080 2087 4134 per
2109 4063 2342 4133 aquilam
2369 4061 2621 4118 Joannes.
2645 4062 2880 4119 Possunt
2907 4070 2963 4117 et
2990 4062 3105 4119 haec
3131 4061 3200 4117 ad
3229 4061 3387 4120 Chri-

1807 4167 1947 4214 stum
1978 4156 2190 4221 referri,
2217 4164 2272 4211 et
2313 4156 2379 4209 ad
2405 4163 2598 4210 cuncta
2644 4156 2885 4213 membra
2933 4154 3068 4224 ejus.
3117 4152 3223 4211 Sed
3271 4154 3391 4210 luce

1805 4250 2092 4309 brevitatis
2116 4265 2281 4307 causa
2307 4248 2509 4305 dixisse
2544 4247 2793 4304 sufficiat.
2828 4246 3015 4317 (Vens.
3039 4244 3119 4316 8.)
3161 4243 3230 4299 Et
3258 4260 3393 4313 qua~

1806 4354 1927 4397 tuor
1968 4342 2241 4407 animalia,
2273 4340 2482 4411 singula
2527 4356 2709 4395 eorum
2757 4337 3012 4393 habebant
3053 4354 3207 4393 senas
3250 4337 3391 4391 alas.

102 4405 259 4497 dicit
286 4436 599 4508 procedere,
627 4449 748 4489 cum
780 4448 884 4489 non
919 4434 1050 4498 sedi,
1081 4435 1173 4488 sed
1202 4435 1329 4489 nubi
1356 4435 1699 4491 conveniant.
1732 4405 1784 4466 D
1808 4432 1865 4486 ln
1902 4432 2003 4490 alis
2029 4440 2260 4500 quatuor
2290 4429 2629 4493 animalium,
2657 4429 2884 4485 duorum
2916 4427 3386 4485 Testamentorum

100 4533 303 4601 Ipsam
328 4542 456 4597 ergo
481 4525 662 4582 sedem
685 4525 880 4578 nubem
909 4524 1023 4580 vult
1043 4525 1286 4596 intelligi.
1343 4527 1486 4582 Bene
1521 4536 1701 4582 autem

98 4622 391 4691 iustorum
418 4618 654 4674 Ecclesia
684 4632 780 4686 per
805 4615 1001 4671 nubem
1049 4617 1339 4687 ﬁguratur,
1366 4619 1491 4687 quia
1517 4619 1706 4686 prtedi-

98 4718 343 4768 catores
383 4707 498 4777 ejus
543 4716 599 4762 et
644 4706 822 4760 verbis
864 4705 1075 4774 pluunt,
1106 4715 1161 4759 et
1195 4707 1706 4763 comminationibus

100 4806 340 4861 tonant,
371 4806 423 4855 et
461 4797 736 4857 miraculis
781 4804 1084 4852 coruscant.
1119 4795 1189 4849 Et
1215 4806 1407 4866 septem
1439 4797 1706 4868 lampades

93 4891 369 4948 ardentes
389 4899 509 4947 ante
535 4891 798 4956 thronum,
829 4907 945 4961 qua:
967 4899 1088 4945 sunt
1118 4897 1310 4960 septem
1332 4889 1550 4959 spiritus
1584 4888 1704 4954 Dei;

99 4988 315 5060 (Vsus.
343 4981 396 5055 6)
423 4990 471 5036 et
513 4982 569 5035 in
596 4992 867 5050 conspectu
891 4983 1028 5039 sedis
1048 4990 1298 5054 tanquam
1322 4997 1465 5037 mare
1489 4980 1707 5035 vitreum

94 5074 293 5134 simile
331 5071 605 5143 crystallo.
635 5071 772 5140 Apte
823 5071 1056 5141 Spiritus
1108 5083 1327 5131 sanctus
1373 5068 1709 5138 lampadibus

90 5170 489 5238 comparatur,
508 5163 633 5232 quia
652 5163 720 5217 ad
733 5176 972 5225 amorem
992 5161 1087 5215 Dei
1103 5170 1158 5217 et
1175 5158 1710 5232 proxitnielectorum

91 5257 338 5317 animos
360 5254 623 5309 accendit.
653 5252 792 5320 Quid
816 5260 995 5307 autem
1024 5267 1121 5320 per
1147 5269 1298 5309 mare
1324 5253 1578 5315 vitreum,
1600 5248 1704 5305 nisi

89 5346 431 5419 baptismus
477 5342 769 5414 ﬁguratur?
812 5342 880 5396 Et
930 5355 1101 5410 quare
1140 5341 1391 5405 vitreum,
1428 5342 1531 5397 nisi
1582 5339 1707 5409 quia

93 5438 255 5493 ﬁdes
282 5449 385 5507 per
407 5448 531 5488 eum
561 5430 949 5488 transeuntium
980 5430 1185 5499 tropica
1205 5429 1469 5485 locutione
1489 5431 1708 5486 demon-

93 5526 369 5587 stratur?
408 5524 494 5579 Ab
520 5524 784 5579 efﬁciente
831 5522 1036 5577 scilicet
1091 5520 1220 5575 illud
1272 5520 1414 5587 quo-.l
1456 5519 1702 5575 efﬁcitur.

98 5621 278 5677 Sicut
307 5618 453 5675 enim
477 5617 530 5673 in
558 5616 699 5673 vitro
726 5615 857 5670 nihil
876 5614 1021 5668 aliud
1044 5614 1253 5668 videtur
1273 5612 1527 5675 exterius,
1547 5627 1706 5676 quam

1809 4522 2020 4592 eloquia
2048 4520 2364 4589 accipimus.
2390 4517 2523 4573 Cum
2553 4533 2683 4587 ergo
2709 4517 2826 4575 dua:
2852 4517 2961 4575 sint
2988 4516 3074 4575 ha:
3099 4516 3198 4575 alte
3214 4556 3228 4579 ,
3257 4530 3386 4586 pro—

1809 4624 1931 4685 pter
1955 4612 2285 4683 geminatum
2314 4616 2496 4667 tamen
2534 4608 2926 4665 duodenarium
2959 4621 3264 4670 numerum,
3295 4604 3390 4676 qui

1811 4706 1866 4761 in
1892 4702 2140 4758 tribubus
2166 4699 2330 4757 Israel
2355 4707 2410 4753 et
2430 4699 2482 4753 in
2503 4697 2762 4768 apostolis
2784 4696 3078 4759 invenitur,
3101 4695 3389 4753 duodecies

1810 4795 2254 4864 multiplicantur,
2285 4800 2340 4850 et
2365 4790 2554 4862 viginti
2578 4798 2812 4859 quatuor
2838 4789 2905 4845 de
2929 4803 2988 4845 se
3015 4787 3263 4848 reddunt.
3296 4784 3389 4843 Sic

1807 4890 1970 4947 etiam
1999 4895 2220 4957 propter
2262 4885 2546 4945 Trinitatis
2589 4883 2871 4947 notitiam,
2902 4896 3063 4952 quam
3103 4889 3218 4936 toto
3270 4879 3388 4935 orbi

1809 4980 2131 5044 diffundunt,
2164 4986 2248 5035 ter
2276 4975 2716 5047 multiplicantur,
2750 4982 2805 5029 et
2833 4990 2925 5031 sex
2955 4974 3009 5028 in
3036 4972 3266 5027 solidum
3296 4985 3389 5040 ap-

1809 5077 2018 5140 parent.
2045 5068 2238 5132 Aliter,
2270 5074 2494 5137 possunt
2524 5080 2624 5134 per
2651 5079 2743 5121 sex
2766 5062 2880 5119 alas
2917 5077 3012 5117 sex
3052 5061 3198 5131 leges
3225 5057 3386 5115 inici-

1810 5159 1923 5229 ligi.
1965 5158 2140 5215 Prima
2184 5155 2464 5221 naturalis,
2490 5152 2725 5211 secunda
2754 5150 2944 5222 Moysi,
2976 5151 3133 5207 tertia
3156 5148 3388 5220 prophe-

1814 5257 2008 5309 tarum,
2027 5252 2218 5314 quarta
2243 5243 2453 5313 gratiae,
2475 5242 2662 5310 quinta
2690 5240 3080 5310 apostolorum,
3108 5245 3264 5294 sexta
3298 5251 3388 5306 sy-

1807 5336 2091 5397 nodorum,
2114 5332 2309 5403 quibus
2332 5331 2570 5395 Ecclesia
2600 5330 2743 5386 volat
2773 5330 2840 5386 ad
2867 5328 3084 5385 caelum.
3114 5326 3182 5381 Et
3210 5325 3265 5379 in
3284 5324 3388 5379 cir-

1809 5426 1974 5489 cuitu,
2008 5432 2058 5478 et
2086 5424 2229 5478 intus
2256 5421 2409 5492 plena
2434 5430 2556 5478 sunt
2586 5420 2770 5480 oculis.
2797 5418 3065 5480 Animalia
3090 5426 3139 5473 et
3180 5416 3237 5470 in
3279 5415 3388 5471 cir-

1809 5519 1973 5581 cuitu,
1999 5526 2045 5570 et
2076 5517 2217 5570 intus
2243 5514 2394 5585 plena
2422 5514 2587 5569 oculis
2607 5524 2749 5577 sunt,
2779 5513 2905 5582 quia
2933 5517 3120 5568 sancta
3148 5508 3390 5565 Ecclesia

1809 5605 2204 5677 pr:cdicationis
2231 5604 2408 5659 lumen
2438 5603 2671 5659 ostendit
2694 5601 3058 5667 credentibus,
3085 5594 3390 5661 inﬁdelibus
