4010 6182
211 299 326 354 Mil

928 291 1337 349 EXEGETICA.
1376 319 1446 329 —
1482 284 1835 342 COMMENT.
1877 282 1947 338 IN
1983 280 2271 338 APOCAL.
2313 313 2384 322 —-
2420 280 2548 335 LIB.
2593 279 2677 334 Ill.

3306 279 3443 334 “92

206 411 348 474 coelo,
378 422 477 464 nec
496 404 552 462 in
576 414 742 471 terra,
764 420 865 461 nec
886 407 985 461 sub
1005 384 1147 459 terra
1176 400 1357 457 luisti?
1382 398 1458 453 Ne
1481 414 1609 469 ergo
1634 413 1762 452 con-
1791 396 1837 455 Α
1865 394 2250 450 eminentiores
2300 394 2354 448 in
2400 393 2641 449 Ecclesia
2687 390 2935 462 intelligi,
2974 390 3169 461 quibus
3202 391 3401 448 dicitur
3430 412 3444 447 :

210 499 420 555 trarium
442 497 530 563 sit,
550 498 801 574 respicere
819 510 916 564 pro
944 491 1373 564 comprehendere
1396 487 1765 574 accipiendum

207 595 303 643 est.
332 586 463 654 Quis
487 573 640 640 enim
673 581 1127 652 comprehendere
1160 578 1373 639 sufﬁcit,
1394 574 1664 645 quomodo
1693 573 1767 627 in-

1880 484 1977 540 Vos
2005 488 2061 541 in
2081 502 2238 540 carne
2280 503 2383 540 non
2422 486 2566 550 estis,
2595 484 2685 539 sed
2713 484 2766 538 in
2795 483 2980 555 spiritu
3011 481 3187 555 (Rom.
3225 498 3348 547 vlu,
3370 483 3448 554 9).

1868 578 2053 647 (Vens.
2079 577 2156 649 7.)
2189 578 2254 631 Et
2286 578 2421 633 venit
2446 588 2493 632 et
2522 577 2719 648 accepit
2749 575 2938 631 librum
2967 576 3029 630 de
3053 576 3239 631 dextra
3267 576 3453 630 seden-

208 684 452 733 carnatur
474 676 589 730 sine
616 674 821 729 semine
863 672 1038 726 Deus?
1084 668 1362 737 Quomodo
1407 665 1590 721 clauso
1636 662 1769 717 exiit
1868 665 1933 719 tis
1959 668 2015 719 in
2046 666 2252 720 throno.
2302 664 2447 722 idem
2484 674 2568 720 est
2610 664 2831 720 dextera
2862 664 3099 720 sedentis
3137 665 3190 718 in
3234 664 3451 727 throno,

209 779 354 824 utero
378 766 598 837 virginis
618 766 778 820 homo
806 762 981 817 Deus?
1030 757 1309 827 Quomodo
1356 754 1611 810 Dominus
1658 751 1772 822 glo-
1867 755 1960 825 qui
1985 764 2039 811 et
2068 771 2238 824 agnus
2269 763 2526 825 tanquam
2555 756 2764 811 occisus
2794 756 2846 810 in
2881 756 3056 811 medio
3087 756 3295 821 throni;
3326 757 3452 825 quia

211 858 299 912 ria:
323 856 684 923 cruciﬁgatur,
715 868 836 908 cum
873 851 989 906 sola
1007 864 1135 904 caro
1163 845 1461 902 moriatur?

1872 844 1965 898 Dei
1993 844 2182 908 Filius,
2207 860 2304 914 per
2329 860 2488 914 quem
2518 854 2733 900 creatus
2759 856 2842 901 est
2865 847 3117 912 mundus,
3140 855 3194 901 et
3220 847 3458 901 hominis

277 946 429 1002 Vsus.
459 944 513 998 4.
541 972 611 983 -
641 940 708 995 Et
736 957 828 1011 ego
857 939 1044 1009 ﬂebam
1072 936 1316 998 multum,
1345 933 1592 1004 quoniam
1623 947 1771 984 nemo
1871 932 2031 995 ﬁlius,
2075 947 2171 1001 per
2210 948 2370 1002 quem
2414 934 2722 1002 redemptus
2763 942 2865 997 est,
2892 950 2998 987 non
3027 934 3155 999 duo,
3184 935 3278 989 sed
3318 949 3459 988 unus

208 1038 389 1107 dignus
433 1035 672 1088 inventus
714 1041 790 1085 est
824 1029 1025 1100 aperire
1052 1027 1273 1090 librum,
1315 1040 1405 1077 nec
1431 1022 1599 1077 cidere
1634 1037 1769 1073 eum.

212 1126 552 1197 Nequaquam
595 1121 831 1177 Joannes
867 1121 920 1173 in
965 1134 1058 1173 sua
1096 1130 1324 1186 persona
1356 1114 1563 1167 ﬂevisse
1601 1109 1774 1165 credi-

210 1226 314 1279 tur,
339 1213 433 1283 qui
464 1219 585 1282 post
612 1207 771 1276 hujus
806 1207 927 1262 libri
966 1206 1299 1276 apertionem
1343 1202 1447 1256 ista
1484 1199 1773 1262 scribebat,

207 1306 299 1360 sed
370 1305 425 1359 in
456 1299 572 1369 ejus
620 1298 871 1354 Ecclesia:
905 1312 1025 1367 quae
1073 1303 1200 1349 ante
1249 1294 1536 1347 adventum
1574 1288 1777 1344 Christi

207 1394 335 1459 fuit,
372 1407 492 1462 quin
518 1399 740 1462 gravata
769 1387 1025 1441 oneribus
1053 1393 1427 1455 peccatorum,
1466 1378 1779 1434 mediatoris

206 1485 289 1539 sui
321 1480 663 1554 pnesentiam
696 1477 854 1531 anxia
884 1476 1178 1545 qurerebat.
1210 1473 1267 1527 In
1296 1470 1449 1539 cujus
1473 1469 1634 1522 etiam
1658 1482 1781 1536 pcr-

205 1587 337 1628 sona
364 1570 531 1625 David
562 1568 692 1623 dicit
721 1585 734 1620 :
768 1564 816 1618 F
820 1573 1008 1619 uerunt
1034 1564 1160 1618 mihi
1187 1560 1433 1631 lacrymte
1462 1575 1589 1612 mete
1622 1573 1779 1622 panes

203 1664 288 1718 die
312 1678 375 1717 ac
399 1670 568 1724 nocte,
597 1659 721 1713 dum
742 1657 935 1710 dicitur
960 1654 1087 1707 mihi
1115 1653 1384 1724 quotidie:
1416 1648 1514 1703 Ubi
1536 1656 1611 1703 est
1638 1647 1781 1700 Deus

202 1766 325 1809 tuus
354 1751 525 1827 (Psal.
558 1766 671 1815 xu,
698 1749 791 1820 4)?
842 1746 941 1801 Cui
990 1743 1292 1800 consolatio
1335 1742 1584 1810 dirigitur
1627 1738 1679 1792 in
1717 1752 1781 1792 eo
1812 1724 1857 1783 Β

200 1844 350 1914 quod
375 1842 621 1896 subditur
649 1855 662 1892 :
696 1839 880 1910 (Vens.
919 1837 972 1907 5)
1001 1835 1068 1888 Et
1093 1852 1225 1888 unus
1254 1833 1318 1887 de
1343 1830 1629 1886 senioribus
1654 1828 1785 1884 dicit

199 1938 359 2001 mihi,
387 1934 468 1989 Ne
488 1934 709 2004 ﬂeveris.
740 1930 874 1984 Ecce
903 1930 1017 1984 vicit
1054 1929 1132 1983 leo
1161 1929 1225 1982 de
1256 1927 1395 1981 tribu
1423 1926 1599 1991 Juda,
1631 1924 1785 1979 radix

198 2024 408 2088 Dat-id,
463 2023 664 2093 aperire
709 2021 929 2084 librum,
984 2028 1030 2072 et
1090 2017 1285 2072 solvere
1328 2013 1601 2086 signacula
1649 2012 1780 2082 ejus.

195 2114 311 2169 Per
377 2127 546 2166 unum
611 2112 877 2166 seniorem
936 2108 1069 2162 ordo
1127 2105 1442 2176 intelligitur
1501 2103 1787 2173 propheta-

197 2219 362 2269 rum,
393 2219 619 2274 quorum
646 2202 880 2257 oraculis
918 2199 1297 2255 c0nsolabatur
1324 2194 1595 2260 Ecclesia;
1632 2194 1787 2263 juxta

195 2295 339 2349 illud
387 2312 400 2347 :
435 2293 559 2349 Non
584 2296 853 2365 auferetur
872 2303 1130 2362 sceptrum
1158 2289 1222 2342 de
1264 2286 1300 2340 Ι
1305 2287 1432 2350 uda,
1465 2302 1565 2341 nec
1591 2284 1701 2338 dux
1727 2284 1790 2337 de

196 2383 506 2438 femoribus
535 2383 669 2451 ejus,
712 2382 873 2433 donec
921 2380 1088 2432 veniat
1134 2377 1222 2447 qui
1268 2374 1549 2427 mittendus
1593 2382 1688 2425 est.
1724 2372 1792 2424 Et

196 2481 335 2528 nota
369 2473 515 2543 quod
562 2471 652 2525 hic
679 2468 927 2523 Christus
954 2468 1038 2521 leo
1078 2466 1296 2527 dicitur,
1350 2464 1475 2531 quia
1519 2459 1791 2516 diabolum

192 2566 369 2621 vicit:
395 2565 449 2618 in
472 2560 716 2631 sequenti
742 2574 900 2614 versu
926 2572 1115 2625 agnus,
1136 2556 1263 2626 quia
1290 2552 1637 2621 semetipsum
1664 2548 1794 2603 offe-

201 2674 343 2714 rens
376 2657 633 2711 mundum
665 2655 908 2709 redemit.
956 2651 1133 2705 Radix
1168 2659 1342 2704 autem
1374 2646 1541 2701 David
1561 2687 1576 2709 ,
1623 2645 1674 2699 id
1713 2652 1796 2699 est

200 2764 387 2820 genus
402 2757 456 2803 et
470 2747 609 2802 ﬁlius
632 2746 821 2800 David.
846 2744 1148 2799 Notandum
1169 2750 1432 2812 praeterea
1462 2739 1586 2811 quia
1610 2739 1794 2793 dicen-

200 2841 282 2894 do
337 2838 454 2894 eicit
485 2878 498 2902 ,
525 2836 855 2908 prieteritum
880 2850 976 2905 pro
1006 2834 1188 2888 futuro
1209 2832 1418 2901 posuit;
1445 2829 1598 2899 juxta
1626 2829 1753 2883 illud
1778 2847 1791 2883 ;

201 2929 489 2986 Foderunt
545 2944 732 2982 manus
780 2943 945 2991 meas,
975 2937 1031 2981 et
1060 2925 1285 2995 reliqua.
1322 2922 1497 2996 (Psat.
1536 2937 1647 2986 χχι,
1682 2922 1795 2993 17.)

286 3022 453 3076 Vens.
484 3020 535 3075 6.
566 3049 638 3058 —
664 3017 731 3072 Et
759 3020 886 3083 vidi,
914 3029 961 3071 et
990 3035 1104 3072 ecce
1123 3016 1179 3072 in
1199 3016 1368 3071 medio
1397 3016 1571 3070 throni
1591 3023 1637 3070 et
1667 3020 1796 3087 (μία-

203 3121 338 3165 tuor
364 3109 675 3163 animalium
698 3149 713 3174 ,
745 3122 791 3162 et
813 3109 866 3162 in
884 3108 1051 3162 medio
1072 3107 1336 3162 seniorum
1357 3122 1550 3177 agnum
1574 3114 1795 3159 stantem

203 3203 373 3271 quasi
406 3202 653 3266 occisum,
685 3200 957 3254 habentem
1007 3216 1205 3253 cornua
1255 3208 1471 3269 septem,
1515 3207 1564 3253 et
1620 3196 1796 3252 oculos

204 3299 434 3361 septem,
465 3290 552 3360 qui
581 3299 702 3343 sunt
729 3299 920 3360 septem
959 3289 1174 3357 spiritus
1213 3288 1312 3341 Dei
1338 3289 1485 3342 missi
1515 3288 1569 3341 in
1596 3302 1797 3340 onmem

208 3391 434 3434 terram.
485 3379 552 3435 Ut
575 3379 687 3447 jam
717 3379 919 3435 dictum
948 3388 1051 3444 est,
1080 3381 1330 3445 thronus,
1356 3387 1411 3433 et
1439 3379 1710 3442 animalia,
1746 3387 1800 3433 ct

209 3471 463 3526 seniores
491 3471 785 3527 Ecelesiam
816 3470 1141 3541 signiﬁcant,
1174 3471 1227 3525 in
1258 3470 1413 3541 cujus
1434 3470 1610 3525 medio
1632 3485 1800 3539 agnus

211 3571 352 3629 stat,
386 3564 543 3634 juxta
582 3562 711 3616 illud
761 3577 775 3616 :
826 3560 1071 3615 Narrabo
1118 3579 1306 3616 nomen
1357 3572 1505 3617 tuum
1547 3562 1799 3631 fratribus

211 3652 374 3714 meis,
420 3652 473 3705 in
519 3650 687 3704 medio
715 3650 941 3705 ecclesiae
985 3650 1212 3705 laudabo
1258 3660 1309 3705 te
1343 3649 1515 3723 (Psal.
1546 3668 1658 3716 XXI,
1683 3652 1796 3722 25).

213 3742 339 3799 Non
367 3749 546 3797 autem
576 3742 907 3796 contrarium
944 3750 1028 3797 est
1057 3742 1200 3811 quod
1230 3741 1359 3798 alibi
1386 3742 1613 3813 legimus
1641 3761 1652 3796 :
1688 3743 1799 3796 Do-

214 3837 394 3889 minus
422 3835 474 3889 in
507 3834 729 3889 circuitu
753 3834 931 3906 populi
957 3836 1040 3890 sui
1062 3833 1235 3906 (Psal.
1263 3853 1446 3897 cxxxv,
1481 3838 1561 3906 2),
1592 3837 1717 3903 quia
1749 3845 1803 3887 et

220 3926 281 3979 in
317 3924 493 3978 medio
530 3924 828 3992 prtesidens
854 3925 995 3992 regit
1029 3933 1084 3978 et
1114 3924 1353 3991 judicat,
1387 3934 1440 3978 et
1479 3926 1533 3977 in
1575 3925 1801 3978 circuitu

221 4015 470 4070 ambiens
509 4012 743 4083 protegit
779 4021 835 4066 et
863 4011 1120 4067 defendit.
1157 4012 1264 4068 Sed
1298 4029 1463 4082 quare
1504 4014 1591 4068 hic
1636 4024 1800 4078 stare,

219 4104 472 4176 superius
489 4112 668 4158 autem
684 4102 870 4157 sedere
886 4100 1117 4172 legitur?
1139 4102 1240 4156 nisi
1261 4104 1385 4172 quia
1406 4103 1479 4157 ibi
1504 4118 1732 4157 examen
1751 4112 1806 4157 et

219 4211 471 4267 regnum,
504 4196 592 4250 hic
608 4202 787 4248 autem
808 4192 1066 4247 auxilium
1087 4192 1405 4246 ostenditur.
1433 4191 1633 4247 Sedere
1659 4192 1804 4247 enim

221 4289 502 4360 regnantis
542 4295 626 4342 est
654 4294 710 4340 et
748 4284 1077 4354 judicantis,
1131 4291 1276 4338 stare
1323 4298 1449 4338 vero
1478 4283 1801 4355 adjuvantis.

1872 1032 1956 1076 est
1985 1021 2255 1077 Christus.
2293 1022 2652 1089 Quamobrem
2682 1037 2877 1092 agnus,
2911 1023 2964 1076 id
3001 1034 3084 1078 est
3115 1024 3350 1077 hominis
3391 1024 3457 1077 li-

1875 1114 1977 1168 lius
2006 1129 2038 1167 a
2062 1115 2259 1184 seipso,
2301 1114 2352 1168 id
2372 1123 2457 1170 est
2482 1130 2512 1168 a
2538 1130 2634 1170 sua
2664 1114 2968 1179 divinitate,
3000 1116 3210 1184 accepit
3235 1116 3459 1179 librum,

1875 1203 1931 1258 id
1969 1212 2054 1258 est
2092 1204 2343 1258 humana:
2385 1204 2579 1258 salutis
2619 1204 3094 1274 dispensationem,
3141 1205 3229 1259 cui
3273 1220 3463 1259 omnes

1879 1290 2284 1360 Scripturarum
2308 1292 2515 1361 pagina:
2541 1302 2886 1346 attestantur.

1952 1400 2116 1453 Vens.
2166 1399 2220 1453 8.
2271 1428 2343 1437 —
2386 1396 2454 1450 Et
2499 1415 2616 1451 cum
2653 1400 2942 1469 aperuisset
2979 1400 3192 1465 librum,
3235 1412 3467 1472 quatuor

1879 1490 2133 1545 animalia
2168 1501 2216 1543 et
2246 1490 2427 1560 viginti
2462 1502 2689 1561 quatuor
2708 1493 2935 1546 seniores
2958 1493 3250 1547 ceciderunt
3286 1512 3462 1549 coram

1880 1598 2018 1652 agno
2060 1581 2304 1635 habentes
2349 1581 2544 1651 singuli
2595 1582 2844 1646 citharas,
2901 1600 2962 1635 ac
3012 1583 3219 1653 phialas
3276 1601 3465 1638 aureas

1881 1670 2060 1741 plenas
2081 1671 2556 1736 odoramentorum,
2582 1688 2698 1741 qua:
2723 1681 2842 1725 sunt
2865 1672 3124 1727 orationes
3143 1684 3463 1729 sanctorum.

1887 1761 2038 1816 Tune
2077 1777 2248 1831 agnus
2291 1761 2486 1815 librum
2530 1762 2760 1831 aperuit,
2800 1778 2922 1817 cum
2963 1778 3098 1833 Opus
3146 1765 3467 1819 voluntariae

1885 1851 2151 1922 passionis
2180 1850 2439 1920 implevit.
2472 1848 2610 1917 Quid
2640 1866 2769 1905 vero
2795 1859 2879 1906 est
2906 1851 3160 1905 animalia
3188 1859 3244 1906 et
3286 1853 3464 1906 senio-

1886 1958 1976 1996 res
2004 1943 2243 1997 citharas
2286 1942 2519 2005 habere,
2573 1942 2674 1997 nisi
2725 1942 3018 1997 electorum
3062 1943 3358 1998 Ecclesiam
3403 1959 3467 1998 ea

1887 2047 2007 2101 qua:
2058 2033 2254 2087 desunt
2307 2047 2682 2101 pressurarum
2737 2031 2938 2087 Christi
2990 2033 3264 2102 implere?
3332 2033 3468 2103 Apte

1889 2130 2069 2174 autem
2101 2134 2196 2188 per
2239 2119 2478 2174 citharas
2501 2120 2780 2188 passiones
2802 2119 3001 2174 Christi
3040 2118 3342 2190 ﬁgurantur
3408 2120 3469 2174 ln

1890 2212 2097 2266 cithara
2120 2209 2264 2264 enim
2292 2210 2410 2264 alize
2437 2208 2647 2272 fortius,
2675 2209 2791 2264 alia:
2814 2211 3030 2265 chordae
3054 2210 3228 2265 lenius
3247 2210 3473 2265 tendun-

1892 2307 1979 2353 tur
2004 2316 2019 2364 ;
2055 2299 2148 2353 sed
2178 2306 2356 2352 tamen
2384 2298 2718 2353 dissimiliter
2748 2307 2930 2363 tensae,
2955 2315 3295 2369 nequaquam
3317 2300 3473 2355 dissi-

1892 2389 2018 2442 mile
2063 2386 2333 2441 canticum
2373 2387 2622 2439 reddunt.
2668 2385 2760 2440 Sic
2792 2388 2872 2441 sic
2918 2389 3130 2444 diversa
3173 2389 3228 2443 in
3276 2388 3476 2444 Christi

1892 2492 2118 2547 corpore
2160 2476 2401 2530 membra
2448 2475 2727 2543 passiones
2772 2476 2889 2544 ejus
2940 2476 3044 2529 alia
3092 2478 3331 2545 plenius,
3369 2479 3476 2531 alia

1895 2566 2114 2629 minus,
2159 2564 2486 2629 imitantur;
2540 2564 2632 2619 sed
2670 2579 2833 2617 unam
2877 2565 3179 2619 concordiae
3224 2574 3482 2621 resonant

1895 2655 2128 2709 laudem.
2172 2654 2306 2709 Cum
2335 2654 2561 2708 citharis
2583 2667 2712 2724 ergo
2735 2653 2985 2707 animalia
3011 2662 3066 2708 et
3086 2655 3327 2710 seniores
3352 2664 3483 2710 ante

1896 2761 2093 2816 agnum
2145 2746 2386 2808 cadunt,
2427 2745 2552 2814 quia
2606 2760 2794 2800 omnes
2839 2746 3013 2801 sancti
3062 2747 3323 2816 quidquid
3378 2764 3479 2818 pro

1896 2834 2114 2889 Christo
2136 2833 2435 2904 patiuntur,
2467 2833 2700 2900 Christo,
2736 2849 2842 2889 non
2873 2834 2999 2896 sibi.
3044 2836 3338 2889 ascribunt.
3376 2837 3478 2892 Per

1898 2926 2332 2996 phialasaureas
2352 2926 2592 2981 charitas
2617 2925 2969 2996 intelligitur;
3007 2941 3128 2996 qua:
3166 2942 3271 2981 non
3302 2928 3476 2982 solum

1822 3052 1868 3114 ε
1896 3034 1995 3088 pro
2024 3018 2231 3082 amicis,
2266 3033 2448 3072 verum
2477 3018 2639 3073 etiam
2662 3033 2760 3088 pro
2788 3019 3021 3075 inimicis
3038 3021 3187 3075 novit
3212 3036 3437 3079 exorare
3461 3041 3474 3077 :

1900 3110 2039 3165 unde
2074 3110 2243 3179 plena:
2276 3109 2439 3165 fuisse
2465 3119 2856 3165 memorantur.
2885 3111 2951 3166 Et
2982 3114 3119 3168 bene
3147 3122 3268 3183 post
3301 3114 3480 3170 citha-

1901 3214 1989 3253 ras
2016 3198 2211 3269 phialae
2231 3207 2523 3269 ponuntur,
2563 3200 2690 3268 quia
2724 3200 2877 3269 prius
2898 3201 3155 3257 Dominus
3182 3202 3479 3273 patibulum

1898 3288 2078 3343 crucis
2104 3288 2290 3351 subiit,
2320 3296 2375 3343 et
2395 3288 2473 3343 sic
2497 3303 2596 3358 pro
2613 3289 3053 3359 persecutoribus
3075 3291 3482 3362 incomparabili

1897 3380 2157 3435 charitate
2193 3381 2368 3434 oravit
2403 3380 2586 3435 dicens
2619 3398 2632 3433 :
2675 3379 2862 3445 Pater,
2892 3382 3094 3437 dimitte
3124 3383 3253 3449 illis,
3284 3394 3339 3439 et
3364 3386 3484 3441 reli-

1897 3488 2022 3543 qua.
2053 3471 2245 3544 (Marc.
2273 3487 2429 3537 mu,
2454 3470 2568 3542 54.)
2595 3471 2779 3542 (Vens.
2803 3472 2882 3542 9.)
2911 3470 2979 3525 Et
3001 3474 3283 3527 cantabant
3312 3476 3480 3529 canti-

1897 3585 2016 3623 cum
2038 3583 2224 3621 norum
2246 3566 2474 3620 dicentes
2501 3579 2519 3617 :
2547 3565 2749 3634 Dignus
2774 3581 2847 3626 es,
2876 3564 3095 3617 Domine
3115 3563 3257 3617 Deus
3277 3573 3481 3630 noster,

1898 3658 2128 3727 accipere
2148 3655 2359 3718 librant,
2374 3663 2427 3707 et
2446 3662 2659 3708 extera.
2681 3651 2931 3706 Cantavit
2945 3651 3194 3707 Christus
3208 3652 3481 3707 canticum

1900 3759 2121 3806 novum,
2144 3742 2325 3796 verbis
2362 3738 2731 3809 praedicando,
2758 3747 2816 3793 et
2836 3738 2992 3795 factis
3019 3740 3296 3795 imitando.
3337 3738 3479 3806 Quid

1903 3843 1985 3887 est
2018 3840 2197 3885 autem
2236 3831 2413 3884 dicere
2435 3870 2449 3893 ,
2492 3830 2692 3898 Dignus
2734 3846 2787 3883 es
2814 3869 2828 3892 ,
2860 3830 3079 3884 Domine
3105 3831 3245 3885 Deus
3275 3840 3482 3894 noster,

1902 3923 2135 3993 accipere
2175 3922 2387 3984 librum,
2426 3930 2474 3975 et
2516 3920 2717 3992 aperire
2751 3919 3027 3990 signacula
3061 3920 3192 3990 ejus,
3235 3922 3484 3990 quoniam

1904 4012 2104 4065 occisus
2149 4028 2225 4075 es,
2257 4019 2305 4063 et
2356 4009 2615 4063 redemisti
2657 4026 2750 4064 nos
2782 4008 2887 4062 Deo
2928 4009 2980 4062 in
3011 4009 3262 4078 s:nguine
3301 4018 3390 4062 tuo
3420 4025 3486 4063 ea:

1903 4105 2043 4158 omni
2092 4103 2252 4166 tribu,
2292 4112 2339 4156 et
2379 4100 2592 4172 lingua,
2636 4111 2685 4155 et
2729 4099 2919 4172 populo
2947 4141 2962 4167 ,
3004 4110 3054 4155 et
3099 4101 3341 4163 natione,
3379 4101 3485 4156 nisi

1904 4195 1970 4249 ad
2018 4193 2473 4262 comparationem
2523 4201 2830 4248 nostrarum
2860 4192 3205 4248 victoriarum
3248 4200 3337 4247 tua
3371 4194 3483 4249 sola

1901 4285 2179 4354 judicatur
2221 4286 2478 4348 victoria,
2510 4301 2616 4355 qua
2666 4300 2764 4339 nos
2804 4285 2869 4339 de
2915 4285 3104 4339 mortis
3152 4284 3393 4353 principe
3430 4293 3488 4339 et

222 4381 295 4437 Et
337 4387 460 4434 nota
502 4378 646 4449 quod
700 4392 806 4431 non
858 4377 1091 4439 occisus,
1139 4375 1232 4430 sed
1287 4383 1541 4445 tanquam
1593 4376 1805 4430 occisus
1839 4393 1883 4449 ο
1909 4374 2197 4429 maledicto
2242 4374 2376 4445 legis
2431 4388 2619 4429 sumus
2656 4373 2947 4441 redempti?
2981 4372 3043 4426 lu
3073 4386 3137 4426 eo
3164 4386 3295 4425 vero
3341 4373 3486 4441 quod

220 4473 495 4536 cernitur;
553 4471 680 4540 quia
729 4468 830 4523 etsi
885 4467 1177 4523 cruciﬁxus
1223 4455 1305 4520 cst
1347 4480 1411 4519 ex
1457 4464 1799 4528 inﬁrmitate,

226 4565 363 4620 vivit
428 4571 605 4617 tamen
658 4575 725 4615 ex
782 4560 975 4614 virtute
1035 4558 1150 4613 Dei.
1203 4557 1414 4622 Aliter,
1480 4558 1641 4613 toties
1697 4573 1802 4612 non

224 4651 513 4718 occiditur,
586 4651 679 4706 sed
745 4649 899 4719 quasi
949 4648 1212 4703 occiditur
1258 4646 1545 4711 Christus,
1596 4647 1805 4715 quoties

229 4743 475 4801 membra
501 4740 621 4811 ejus
663 4750 756 4795 aut
800 4755 857 4794 se
901 4748 1093 4809 sponte
1134 4737 1493 4802 mortiﬁcant,
1534 4745 1627 4791 aut
1678 4752 1803 4806 per-

228 4834 538 4891 seeutiones
581 4832 847 4895 tolerant,
892 4838 950 4883 ut
1003 4830 1057 4884 in
1084 4844 1142 4884 se
1172 4830 1429 4899 impleant
1459 4844 1523 4884 ea
1552 4843 1671 4898 qua:
1715 4829 1808 4884 de-

229 4933 361 4984 sunt
386 4925 695 4995 passionum
732 4921 950 4976 Christi.
988 4920 1094 4975 Per
1117 4929 1321 4990 septem
1352 4936 1576 4986 cornua,
1607 4928 1668 4974 ut
1696 4919 1809 4991 ipse

230 5017 480 5088 exposuit
504 5058 519 5080 ,
565 5013 895 5086 scptil'ormis
921 5013 1092 5070 sancti
1124 5011 1357 5082 Spiritus
1396 5010 1641 5081 operatio
1668 5011 1810 5065 desi-

231 5117 449 5182 guatur,
478 5123 595 5177 quae
616 5123 721 5161 non
749 5105 922 5159 solum
942 5105 996 5158 in
1022 5104 1198 5173 capite
1218 5100 1503 5173 quievisse,
1529 5100 1623 5182 sed
1644 5100 1809 5154 etiam

232 5172 409 5255 totum
436 5172 633 5267 corpus
675 5196 973 5250 illustrasse
1013 5172 1274 5264 probatur
1321 5210 1334 5247 :
1382 5192 1522 5247 unde
1548 5172 1665 5246 hoc
1691 5190 1810 5246 loco

232 5296 443 5358 septem
473 5287 698 5359 spiritus
718 5285 813 5339 Dei
841 5283 895 5337 in
926 5297 1141 5336 omnem
1169 5292 1369 5337 terram
1400 5281 1549 5337 missi
1579 5294 1810 5335 narran-

232 5393 348 5439 tur.
399 5378 523 5435 Hmc
561 5385 741 5433 autem
771 5373 1098 5445 septiformis
1125 5374 1399 5441 operatio,
1440 5388 1558 5442 qua:
1595 5378 1816 5442 propter

236 5485 463 5542 regnum
496 5477 552 5523 et
578 5465 946 5521 fortitudinem
972 5461 1253 5533 ﬁguratur,
1282 5469 1428 5515 recte
1454 5469 1675 5531 propter
1698 5459 1816 5514 illu-

231 5560 587 5620 minationem
628 5555 882 5612 Ecclesue
914 5558 1079 5608 etiam
1115 5565 1214 5621 per
1255 5548 1438 5603 oculos
1483 5550 1811 5620 designatur.

231 5656 430 5719 Aliter,
464 5657 689 5723 possunt
730 5663 826 5719 per
864 5660 1086 5710 cornua,
1127 5659 1247 5712 qum
1277 5656 1494 5697 carnem
1522 5642 1806 5708 excedunt,

1907 4472 2136 4535 quatuor
2170 4462 2416 4517 animalia
2442 4501 2459 4522 ,
2501 4469 2556 4515 et
2606 4459 2791 4529 viginti
2832 4468 3064 4528 quatuor
3100 4458 3373 4523 seniores,
3417 4474 3486 4513 ex

1906 4555 2051 4609 omni
2108 4555 2287 4617 tribu,
2344 4560 2397 4606 et
2454 4551 2671 4621 lingua,
2723 4558 2778 4605 et
2823 4549 3039 4604 natione
3085 4550 3388 4618 redemptos
3427 4566 3488 4606 se

1906 4646 2121 4705 dicunt,
2174 4649 2357 4710 aperte
2390 4642 2693 4697 ostenditur
2737 4656 2833 4711 per
2854 4655 2951 4694 eos
2996 4641 3350 4695 universalem
3385 4642 3487 4697 Ec-

1907 4735 2126 4791 clesium
2172 4733 2460 4803 designari.
2510 4733 2695 4803 (Vens.
2750 4733 2860 4804 10.)
2925 4730 2991 4785 Et
3039 4731 3206 4801 fecisti
3247 4750 3340 4788 nos
3379 4733 3487 4789 Deo

1908 4837 2084 4881 nostro
2143 4841 2358 4894 regnum
2408 4835 2457 4878 et
2510 4824 2802 4878 sacerdotes
2856 4832 2904 4877 et
2959 4823 3284 4893 regnabimus
3331 4842 3491 4895 super

1909 4927 2123 4971 terram.
2166 4915 2346 4986 Reges
2392 4922 2520 4970 sunt
2556 4915 2756 4979 electi,
2807 4914 2933 4969 dum
2976 4928 3203 4983 corpora
3248 4929 3347 4968 sua
3382 4913 3491 4968 ire-

1910 5008 2086 5063 nando
2110 5047 2125 5072 ,
2170 5008 2323 5075 quasi
2370 5021 2530 5075 super
2558 5004 2851 5072 sn!jectam
2891 5015 3089 5059 terram
3128 5005 3244 5075 lege
3270 5006 3488 5060 virtutis

1910 5106 2138 5170 regnant
2183 5116 2197 5151 :
2238 5100 2380 5154 unde
2414 5107 2468 5152 et
2515 5112 2675 5168 super
2712 5107 2910 5151 terram
2958 5111 3179 5167 regnum
3216 5098 3489 5166 accepisse

1911 5188 2252 5243 conﬁrmant.
2310 5187 2632 5242 Sacerdotes
2680 5195 2836 5249 sunt,
2867 5187 2990 5255 quia
3020 5187 3226 5257 seipsos
3252 5187 3491 5256 quotidie

1913 5275 2258 5346 castigando,
2299 5275 2410 5329 Deo
2433 5274 2694 5339 oﬁ'erunt,
2735 5274 2888 5345 juxta
2924 5276 3052 5332 illud
3094 5294 3108 5330 :
3152 5275 3491 5346 Sacri/icium

1914 5368 2025 5422 Deo
2050 5366 2264 5437 spiritus
2286 5365 2662 5421 contribulatus
2686 5366 2859 5437 (Psal.
2885 5384 2938 5432 1.,
2967 5366 3074 5439 l9).

1986 5460 2150 5514 Vens.
2189 5458 2275 5510 ll.
2326 5487 2396 5497 —
2437 5455 2506 5510 Et
2534 5457 2658 5521 ridi,
2702 5466 2749 5511 et
2778 5457 2953 5512 audivi
2979 5473 3149 5512 vocem
3184 5456 3488 5527 angelorum

1917 5546 2201 5602 multorum
2228 5546 2284 5601 in
2311 5545 2531 5600 circuitu
2560 5547 2768 5611 throni,
2797 5556 2846 5601 et
2875 5546 3184 5601 animalium
3202 5587 3217 5613 ,
3243 5556 3294 5601 et
3315 5556 3491 5602 sento-

1922 5657 2059 5694 rum.
2100 5636 2158 5693 In
2188 5654 2253 5693 co
2278 5637 2420 5707 quod
2445 5651 2502 5691 se
2531 5653 2715 5694 vocem
2745 5639 2955 5693 audisse
2990 5639 3151 5704 dicit,
3180 5639 3353 5708 qualis
3378 5640 3494 5695 haec
