4010 6182
535 287 672 344 “23

1373 257 1532 337 εἰη.
1575 280 1798 336 ALBlNl
1837 279 1966 335 seu
2005 273 2280 332 “cum
2313 269 2599 329 eranum
2636 268 2816 324 PARS
2849 267 2911 322 ιι.

3663 265 3822 320 1128

532 406 670 459 visio
696 401 858 458 fuerit
888 401 1145 457 ostendit.
1176 399 1336 456 Visus
1367 399 1511 454 enim
1542 397 1630 453 ille
1661 398 1844 463 audit,
1872 405 1929 450 et
1952 393 2103 448 audi-
2135 395 2178 451 Δ
2205 390 2261 442 in
2283 388 2468 442 throno
2498 396 2544 440 et
2577 383 2742 455 Agna,
2793 380 3099 444 benedictio,
3131 389 3180 433 et
3223 381 3415 443 honor,
3442 388 3491 433 et
3526 391 3733 450 gem,
3765 389 3826 433 et

537 507 624 550 tus
650 493 810 546 videt.
839 490 944 548 Sed
966 492 1010 547 si
1035 492 1089 546 in
1115 489 1342 545 circuitu
1368 489 1528 552 sedis.
1559 498 1617 542 ut
1637 487 1751 556 jam
1779 487 1980 542 dictum
2001 492 2105 547 est,

537 583 790 640 animalia
814 590 940 639 sunt
980 590 1034 637 et
1055 582 1314 646 seniores,
1345 579 1612 651 quomodo
1640 580 1692 632 in
1713 577 1943 632 circuitu
1965 572 2109 642 ejus-

534 675 660 730 dem
688 673 946 743 angelus,
980 673 1083 728 nisi
1117 673 1243 742 quia
1271 671 1458 726 eadem
1489 669 1743 724 animalia
1785 675 1840 721 et
1873 667 2112 720 seniores

537 763 710 834 angeli
743 763 904 818 sunt?
948 763 1026 816 De
1052 763 1247 831 quibus
1275 761 1512 816 dicitur:
1547 757 1728 828 Angeli
1758 757 1902 830 pacis
1935 769 2114 808 amare

536 852 730 923 ﬂebunt
763 850 898 924 (Isa.
923 866 1119 916 xxxiii,
1147 851 1222 922 7).
1269 849 1418 904 Licet
1437 849 1672 904 cmlestis
1692 861 1905 917 quoque
1925 841 2114 898 militia

537 943 847 1014 angelorum
870 942 1084 998 nomine
1104 941 1274 1011 possit
1293 940 1547 1009 intelligi;
1573 939 1685 993 sive
1711 947 1889 992 tamen
1914 932 1980 989 de
2007 933 2114 996 his,

541 1032 654 1086 sive
679 1030 746 1086 de
773 1031 879 1086 illis
905 1030 1314 1085 innumerabilis
1344 1029 1647 1084 ostenditur
1684 1027 1966 1081 multitudo
1993 1039 2114 1079 cum

540 1115 788 1176 subditur
829 1137 844 1174 :
888 1119 958 1172 Et
995 1128 1106 1173 erat
1153 1135 1400 1172 numerus
1445 1134 1622 1172 eorum
1660 1115 1826 1170 millia
1873 1113 2116 1176 millium,

543 1209 730 1279 (Vsus.
761 1206 847 1278 12)
881 1207 1163 1262 dicentium
1191 1223 1312 1260 voce
1339 1223 1529 1276 magna
1561 1221 1578 1259 :
1609 1205 1810 1274 Dignus
1843 1211 1920 1256 est
1941 1203 2118 1271 Agnus

541 1296 630 1366 qui
660 1296 860 1350 occisus
884 1304 959 1349 est
981 1297 1213 1365 accipere
1238 1295 1498 1357 uirtutem,
1524 1301 1572 1346 et
1596 1293 1936 1354 divinitatem,
1967 1299 2015 1342 et
2037 1307 2120 1342 sa-

541 1385 808 1456 pientiam,
821 1394 870 1438 et
896 1384 1280 1454 fortitudinem,
1301 1393 1350 1436 et
1367 1383 1636 1447 honorem,
1649 1391 1697 1435 et
1716 1380 1960 1451 gloriam,
1975 1389 2021 1432 et
2043 1379 2126 1432 bc-

544 1473 906 1538 nedictionem,
933 1474 1117 1544 (Vens.
1151 1473 1238 1542 15)
1266 1481 1314 1525 ει
1341 1488 1544 1526 omnem
1567 1480 1886 1534 creaturam,
1912 1484 2030 1540 qua:
2069 1469 2124 1522 in

543 1564 671 1618 ctelo
713 1575 812 1630 est,
843 1574 892 1618 et
934 1581 1090 1634 super
1117 1573 1332 1628 terram,
1367 1572 1414 1616 et
1461 1561 1554 1616 sub
1585 1570 1748 1624 terra,
1797 1569 1842 1613 et
1882 1559 2037 1624 mari,
2077 1567 2124 1611 et

543 1669 660 1724 quia
703 1653 756 1707 iu
787 1670 851 1708 eo
881 1661 1024 1707 sunt.
1065 1652 1230 1715 Mare,
1276 1661 1330 1707 et
1369 1667 1488 1721 qua:
1525 1653 1577 1705 in
1612 1665 1677 1704 eo
1710 1657 1858 1711 sunt,
1887 1664 2126 1718 praesens

2207 485 2435 547 potestas
2465 474 2520 528 in
2549 472 2746 528 sarcula
2790 469 3128 526 seculorum.
3165 467 3407 528 Dicendo
3435 484 3648 532 omna,
3687 467 3824 523 illos

2210 567 2408 636 repetit
2427 580 2490 620 ex
2515 565 2712 633 quibus
2737 561 2985 632 superius
3011 567 3181 615 totam
3217 558 3520 613 Ecclesiam
3546 565 3828 614 antistare

2209 657 2374 721 dixit;
2409 655 2462 710 id
2491 663 2574 708 est
2594 653 2868 714 animalia,
2893 659 2948 705 et
2979 649 3246 713 seniores,
3275 656 3331 702 et
3351 647 3595 717 angelos.
3627 647 3694 700 In
3723 661 3820 701 se-

2211 746 2371 800 dente
2398 756 2528 796 vero
2557 749 2612 794 et
2631 739 2806 810 Agno,
2837 738 2892 792 id
2917 745 3004 792 est
3042 737 3098 791 in
3128 735 3290 790 Patre
3327 749 3382 790 et
3406 735 3566 798 Filio,
3613 749 3824 789 secan-

2211 833 2336 886 dum
2360 831 2472 900 jam
2497 831 2692 886 dictam
2720 827 2958 899 regulam
2977 867 2992 888 ,
3020 827 3184 881 etiam
3212 823 3448 894 Spiritus
3475 833 3712 879 sanctum
3732 826 3817 878 in-

2213 923 2488 992 telligitur.
2519 919 2586 974 Et
2612 927 2839 990 quatuor
2859 915 3113 970 animalia
3144 917 3368 970 dicunt:
3401 913 3590 969 Arnen.
3618 912 3696 968 Et
3731 917 3815 969 υἰ-

2213 1012 2344 1083 ginti
2393 1019 2619 1083 quatuor
2675 1009 2906 1064 seniores
2953 1006 3248 1060 ceciderunt
3276 1045 3292 1070 ,
3347 1015 3397 1058 et
3450 1006 3820 1060 deieraverant

2217 1103 2462 1156 viventem
2489 1101 2543 1154 in
2571 1095 2765 1154 sarcula
2793 1095 3126 1151 swculorum.
3158 1094 3294 1162 Quia
3334 1094 3594 1150 animalia
3633 1103 3692 1150 et
3724 1109 3816 1149 se-

2219 1193 2396 1246 niores
2433 1206 2598 1245 unum
2623 1197 2748 1244 sunt
2771 1229 2786 1254 ,
2816 1189 2870 1242 id
2894 1196 2979 1242 est
3013 1202 3121 1241 una
3151 1186 3422 1247 Ecclesia,
3457 1201 3584 1240 cum
3627 1187 3814 1242 senio—

2222 1285 2368 1338 ribus
2415 1279 2665 1335 animalia
2695 1280 2894 1335 cadunt
2926 1287 2982 1332 et
3029 1277 3294 1341 adorant,
3330 1285 3386 1330 et
3424 1277 3573 1344 ipsas
3624 1275 3815 1328 laudes

2221 1375 2460 1431 seniores
2501 1388 2623 1427 cum
2656 1371 2976 1426 animalibus
3008 1384 3164 1424 veras
3191 1384 3310 1424 esse
3352 1375 3649 1429 asserunt,
3695 1382 3813 1422 ser-

2223 1481 2378 1520 mone
2444 1462 2870 1518 confirmationis
2923 1460 3341 1528 respondentes,
3389 1473 3576 1513 amen.
3639 1456 3814 1512 Casus

2223 1566 2402 1608 autem
2431 1561 2487 1606 et
2523 1551 2784 1615 adoratio,
2831 1559 2889 1605 ut
2910 1549 3018 1617 jam
3045 1548 3250 1603 dictum
3277 1556 3379 1612 est,
3424 1546 3700 1618 spiritalis
3728 1561 3821 1600 ac-

2225 1647 2330 1715 cipi
2371 1646 2548 1700 debet.
2589 1626 2674 1698 Net
2693 1643 2875 1712 itaque
2913 1641 3071 1710 longo
3100 1655 3388 1710 progressu
3421 1639 3566 1693 ultra
3596 1637 3818 1692 modum

548 1743 803 1798 εεειιιιιιιι
833 1743 1096 1814 designat.
1148 1741 1340 1797 Omnes
1369 1742 1548 1796 audiri
1594 1743 1818 1796 dicentes
1851 1754 1868 1792 :
1914 1739 2127 1794 Sedenti
2161 1735 2202 1790 Β
2232 1738 2512 1798 lassemur,
2537 1735 2680 1788 hunc
2709 1734 2906 1787 librum
2930 1732 3034 1786 isto
3063 1731 3169 1786 line
3191 1729 3530 1786 claudamus.

571 1853 3812 1884 MM

1735 1948 2035 2025 LIBER
2107 1943 2585 2044 QUARTUS

1171 2166 1400 2224 CAPUT
1440 2167 1528 2225 VI.

626 2309 787 2360 Vens.
818 2303 869 2356 1.
917 2331 986 2342 —-
1033 2298 1100 2353 Et
1147 2315 1270 2355 cum
1325 2301 1612 2370 aperuisset
1655 2301 1834 2370 Agnus
1869 2317 2030 2354 unum
2070 2317 2134 2353 ex

555 2405 747 2466 septem
789 2391 1007 2464 sigillis,
1051 2390 1230 2444 audivi
1271 2406 1430 2442 unum
1469 2403 1536 2443 ex
1572 2399 1798 2460 quatuor
1822 2389 2135 2444 animalibus

558 2486 732 2538 dicens
757 2491 1008 2551 tanquam
1038 2493 1206 2533 vocem
1231 2478 1450 2532 tonitrui
1479 2479 1658 2548 magni
1692 2497 1704 2531 :
1744 2477 1894 2542 Veni,
1921 2488 1968 2532 et
1999 2478 2131 2532 ride.

557 2571 780 2642 Apertio
833 2567 1037 2639 sigilli,
1107 2566 1363 2622 revelatio
1407 2577 1491 2622 est
1544 2568 1890 2623 sacramenti.
1937 2569 2136 2624 Verum

559 2665 686 2732 quia
717 2677 825 2717 non
855 2675 1045 2725 unum,
1093 2659 1186 2714 sed
1233 2659 1402 2714 multa
1433 2668 1558 2715 sunt
1592 2669 1950 2724 sacramenta,
1987 2667 2042 2715 et
2072 2661 2138 2714 de

561 2753 788 2824 singulis
815 2751 1034 2819 longum
1057 2757 1140 2803 est
1163 2758 1416 2814 tractare,
1453 2759 1675 2819 possunt
1701 2750 1950 2804 universa
1975 2749 2030 2802 in
2056 2748 2139 2802 bis

557 2843 735 2898 tribus
759 2841 936 2897 modis
959 2839 1342 2909 comprehendi
1371 2879 1385 2904 ,
1423 2839 1478 2894 id
1500 2849 1583 2894 est
1609 2839 1894 2896 locutionis
1915 2880 1931 2905 ,
1959 2837 2142 2910 cogni-

559 2934 755 3000 tionis,
792 2941 848 2987 et
895 2930 1143 2987 actionis.
1181 2929 1410 2986 Locutio
1445 2931 1627 2986 omnia
1671 2940 1937 3001 praecepta
1987 2929 2040 2984 in
2085 2943 2144 2984 se

563 3023 853 3080 concludit.
893 3021 1139 3091 Cognitio
1191 3022 1510 3092 regulariter
1557 3023 1795 3078 adhibita
1842 3021 2146 3092 intelligen-

565 3115 654 3170 tiae
681 3112 881 3167 formas
910 3109 1168 3166 insinuat.
1209 3110 1368 3166 Actio
1395 3126 1522 3166 vero
1543 3111 1788 3181 utrisque
1826 3111 2136 3167 concordat.

565 3206 770 3278 Aperte
807 3221 938 3262 vero
973 3222 1082 3262 uno
1119 3223 1184 3262 ex
1215 3215 1420 3278 septem
1465 3207 1676 3278 sigillis,
1713 3223 1879 3261 unum
1917 3223 1983 3262 ex
2012 3221 2144 3276 qua-

565 3308 688 3354 tuor
727 3298 1050 3354 animalibus
1077 3299 1128 3352 in
1156 3299 1372 3353 modum
1399 3299 1617 3353 tonitrui
1659 3299 1836 3368 magni
1882 3297 2144 3352 Joannem

2235 2135 2393 2178 terra.
2423 2123 2605 2193 Equus
2631 2121 2780 2175 rufus
2807 2119 3012 2188 antiqui
3039 2119 3214 2174 hostis
3238 2127 3322 2174 est
3349 2134 3590 2190 corpus;
3633 2133 3818 2175 omnes

2233 2213 2438 2268 scilicet
2478 2210 2693 2281 reprobi
2732 2209 3035 2264 animarum
3084 2207 3461 2264 interiectione
3509 2209 3814 2280 sanguinei.

2234 2302 2301 2356 Et
2330 2301 2547 2370 quidem
2583 2313 2762 2354 sessor
2787 2297 3082 2352 electorum
3117 2297 3248 2352 dicit
3273 2315 3286 2328 -
3317 2293 3508 2352 Pacem
3537 2314 3725 2352 meam
3755 2302 3816 2352 do

2234 2392 2372 2447 vobis
2403 2391 2588 2464 (Joan.
2619 2407 2740 2456 xw,
2767 2390 2861 2462 27)
2887 2406 2901 2457 ;
2943 2406 3122 2445 sessor
3147 2406 3278 2445 vero
3319 2393 3688 2460 reproborum
3733 2409 3820 2464 pa-

2235 2499 2352 2540 cem
2382 2484 2544 2538 sumit
2573 2484 2638 2539 de
2673 2491 2846 2548 terra,
2887 2483 3014 2552 quia
3045 2483 3132 2537 ille
3159 2485 3462 2539 concordiae
3495 2493 3692 2540 auctor
3720 2496 3822 2548 est.

2239 2586 2340 2630 iste
2367 2591 2496 2630 vero
2539 2575 2842 2630 discordite.
2875 2575 2942 2628 Et
2971 2583 3096 2630 nota
3134 2574 3274 2645 quod
3305 2592 3412 2631 non
3442 2578 3511 2632 de
3532 2578 3700 2643 caelo,
3732 2577 3825 2632 sed

2237 2665 2304 2718 de
2334 2673 2498 2726 terra,
2529 2664 2582 2719 id
2623 2674 2707 2720 est
2737 2671 2948 2720 terrena
2972 2665 3358 2734 quaerentibus,
3401 2681 3596 2736 pacem
3628 2668 3822 2722 aufert.

2239 2753 2309 2808 Et
2345 2762 2401 2808 ut
2439 2755 2652 2809 invicem
2687 2771 2742 2811 se
2782 2753 3118 2823 interficiant.
3167 2754 3225 2808 In
3264 2757 3366 2810 hac
3408 2759 3686 2811 sententia
3719 2772 3823 2811 non

2240 2844 2472 2899 carnalis
2499 2844 2592 2898 sed
2617 2843 2873 2914 spiritalis
2899 2842 3201 2899 interfectio
3219 2844 3374 2898 debet
3394 2843 3646 2916 intelligi.
3678 2844 3829 2900 Unde

2240 2943 2420 2990 autem
2463 2950 2522 2989 se
2570 2934 2784 3002 reprobi
2815 2933 3174 2997 interﬁciant,
3219 2935 3462 3003 aperitur
3495 2951 3625 2991 cum
3655 2933 3833 2989 delu-

2242 3026 2476 3080 daiorum
2519 3026 2759 3095 principe
2789 3027 3039 3082 subditur
3071 3043 3084 3078 :
3115 3035 3166 3080 et
3195 3026 3351 3080 datus
3378 3038 3454 3080 est
3495 3027 3580 3081 illi
3619 3028 3830 3098 gladius

2241 3131 2462 3186 magnus
2480 3156 2494 3176 ,
2527 3116 2580 3171 id
2605 3123 2688 3170 est
2715 3115 3002 3186 spiritalis,
3032 3122 3086 3170 et
3111 3117 3373 3188 malignus
3395 3157 3410 3180 ,
3435 3132 3546 3188 quo
3577 3133 3686 3172 non
3711 3133 3831 3171 cor-

2242 3218 2392 3272 pora,
2421 3203 2514 3258 sed
2543 3205 2738 3258 anima:
2765 3205 3116 3275 reproborum
3141 3203 3478 3276 jugulantur.
3525 3205 3688 3261 Hunc
3723 3206 3832 3277 gla-

2244 3294 2391 3349 dium
2436 3295 2679 3350 diabolus
2706 3297 2914 3351 duobus
2951 3297 3124 3352 modis
3151 3306 3404 3362 exercet;
3434 3313 3562 3350 cum
3605 3306 3704 3351 aut
3739 3311 3834 3367 per

567 3391 780 3456 invitat,
827 3397 888 3442 ut
911 3391 1114 3453 veniat,
1144 3397 1200 3443 et
1221 3389 1430 3454 videat;
1471 3390 1596 3458 quia
1637 3389 1981 3443 manifestata
2007 3389 2146 3443 veri-
2172 3398 2218 3458 (ζ
2249 3400 2308 3440 se
2334 3385 2563 3454 spiritali
2593 3385 2862 3440 locutione
2889 3385 3116 3441 interius
3139 3386 3355 3456 decipit,
3381 3394 3477 3440 aut
3500 3401 3602 3456 per
3630 3401 3829 3440 carna—

567 3489 680 3536 tate
705 3478 1016 3551 praecedens
1055 3479 1110 3532 in
1157 3477 1414 3548 apostolis
1446 3476 1686 3532 Ecclesia
1730 3478 2148 3546 subsequentem

568 3571 635 3626 ad
659 3571 817 3625 fidem
843 3577 1118 3638 provocat.
1148 3567 1334 3639 (Vens.
1358 3565 1440 3638 2.)
1470 3566 1537 3620 Et
1571 3583 1686 3620 ecce
1709 3583 1872 3636 equus
1899 3565 2068 3631 albus,
2100 3576 2150 3620 et

567 3663 656 3734 qui
701 3659 911 3716 sedebat
961 3675 1116 3730 super
1161 3674 1280 3712 eum
1314 3657 1536 3711 habebat
1581 3672 1784 3710 arcum.
1822 3656 1927 3711 Per
1953 3672 2148 3726 equum

571 3754 752 3808 album
780 3751 978 3806 Christi
1023 3749 1332 3804 humanitas
1357 3749 1670 3818 designatur
1691 3749 1804 3804 sine
1839 3751 2042 3818 peccati
2072 3748 2152 3805 of-

576 3839 876 3894 fnscatione
895 3877 910 3903 ,
941 3853 1106 3910 quam
1131 3837 1368 3894 Verbum
1411 3838 1588 3893 Patris
1623 3839 1967 3910 singulariter
1987 3839 2152 3894 voluit

577 3929 900 4000 pratsidere;
936 3928 1052 3983 sive
1077 3941 1268 3983 omnes
1292 3926 1470 3981 electi.
1497 3927 1603 3982 Per
1623 3942 1808 3982 arcum
1837 3942 1966 3982 vero
1988 3927 2154 3984 Vetus

573 4031 629 4075 et
657 4018 860 4074 Novum
893 4018 1297 4074 Testamentum
1323 4017 1664 4088 exprimitur,
1686 4033 1752 4072 ex
1785 4034 1893 4089 quo
1927 4027 2006 4072 tot
2025 4033 2153 4088 pro-

577 4109 746 4165 deunt
762 4105 942 4178 jacula
965 4146 981 4171 ,
1009 4113 1142 4175 quot
1168 4113 1294 4160 sunt
1323 4105 1791 4162 Testamentorum
1819 4107 2049 4178 eloquia.
2081 4107 2156 4164 De

576 4201 684 4256 hoc
713 4213 845 4254 arcu
879 4197 1056 4252 eidem
1101 4197 1300 4252 sessori
1328 4197 1530 4252 dicitur
1560 4216 1572 4251 :
1621 4199 1847 4254 tendens
1890 4208 1946 4253 et
1972 4207 2158 4254 exten-

578 4291 713 4344 dens
757 4302 946 4342 arcum
980 4295 1131 4340 tuum
1157 4298 1320 4355 super
1353 4293 1585 4355 sceptra.
1633 4285 1784 4352 Quod
1811 4302 1941 4342 vero
1983 4289 2160 4358 sequi-

581 4385 669 4432 tur
693 4395 707 4430 :
735 4385 786 4430 et
824 4375 952 4429 data
974 4383 1048 4429 est
1070 4371 1149 4428 illi
1176 4389 1387 4438 corona,
1417 4389 1527 4429 non
1553 4375 1727 4430 solum
1760 4377 1828 4430 ad
1855 4385 2034 4445 caput,
2067 4378 2160 4432 sed

578 4467 745 4521 etiam
767 4465 836 4520 ad
860 4480 1058 4534 corpus
1087 4463 1339 4518 refertur.
1374 4462 1440 4518 Et
1462 4465 1586 4520 exiit
1608 4465 1814 4520 vincens
1833 4475 1889 4520 ut
1918 4467 2158 4522 vinceret.

586 4559 736 4616 Unde
765 4557 897 4613 exiit
925 4557 1030 4612 nisi
1065 4570 1134 4610 ex
1159 4565 1352 4627 aperto
1389 4557 1607 4628 sigillo?
1651 4557 1787 4612 Nam
1817 4574 1884 4614 ex
1923 4559 2162 4615 revelato

583 4647 994 4720 Scripturarum
1041 4655 1402 4714 sacramento,
1433 4648 1548 4719 ipsa
1589 4650 1911 4704 sacramenti
1961 4651 2162 4706 veritas

2247 3473 2381 3528 lium
2409 3489 2626 3529 suorum
2673 3475 2909 3544 linguam
2937 3476 3180 3530 exterius
3223 3475 3448 3545 pulsans
3495 3475 3564 3529 ad
3603 3477 3833 3530 occisio-

2247 3581 2371 3620 nem
2416 3567 2610 3620 auimte
2661 3567 2935 3637 pertingit.
2979 3566 3104 3622 Hinc
3152 3575 3331 3622 autem
3377 3568 3560 3621 omnia
3591 3567 3668 3621 illi
3712 3569 3833 3624 data

2249 3655 2518 3719 dicuntur,
2535 3657 2586 3710 id
2605 3665 2688 3712 est
2703 3657 2813 3718 Deo
2827 3657 2974 3726 justo
2993 3665 3183 3713 cuncta
3205 3658 3522 3727 disponente
3540 3659 3834 3728 permissa.

2223 3809 2244 3823 ,
2325 3750 2482 3803 Vnus.
2521 3746 2574 3800 5.
2611 3776 2684 3785 —
2732 3746 2802 3799 Et
2847 3763 2965 3800 cum
3006 3747 3289 3818 aperuisset
3319 3746 3551 3818 sigillum
3593 3749 3834 3814 tertium,

2251 3837 2427 3892 audivi
2455 3837 2662 3891 tertium
2685 3836 2882 3890 animal
2915 3837 3090 3892 dicens
3119 3851 3138 3888 :
3191 3836 3332 3902 Veni,
3361 3845 3408 3890 et
3433 3835 3569 3890 vide.
3612 3835 3689 3890 Et
3724 3855 3836 3892 ecce

2251 3943 2410 3998 equus
2436 3925 2598 3997 niger,
2625 3937 2674 3979 et
2705 3927 2796 3997 qui
2824 3927 3033 3980 sedebat
3074 3943 3230 3997 super
3270 3942 3386 3980 eum
3410 3925 3639 3979 habebat
3679 3937 3837 3982 state-

2255 4033 2366 4070 ram
2408 4017 2461 4070 in
2491 4033 2650 4069 manu
2678 4033 2795 4070 sua.
2842 4015 2898 4070 ιιι
2928 4017 3089 4087 hujus
3121 4017 3244 4086 equi
3275 4015 3554 4086 nigredine
3601 4015 3698 4070 illa
3729 4032 3837 4069 ma-

2255 4105 2426 4159 lorum
2449 4107 2655 4160 esuries
2680 4107 3008 4176 designatur,
3034 4120 3138 4176 qua
3169 4105 3372 4160 Christi
3395 4118 3599 4175 corpus
3627 4105 3838 4159 inhian-

2258 4204 2340 4249 ter
2365 4196 2644 4260 devorare,
2696 4204 2752 4250 et
2799 4197 2852 4274 in
2898 4197 3114 4250 malitiae
3156 4211 3268 4250 suae
3304 4203 3550 4250 ventrem
3588 4199 3843 4268 trajicere

2257 4287 2642 4356 concupiscunt
2680 4306 2694 4340 :
2743 4303 2973 4358 quorum
3023 4301 3200 4342 sessor
3255 4287 3421 4341 habet
3474 4295 3744 4341 stateram
3789 4288 3842 4342 in

2259 4394 2420 4432 manu
2471 4394 2568 4434 sua
2594 4419 2610 4443 ,
2659 4379 2784 4448 quia
2834 4377 3218 4448 temporalibus
3255 4375 3537 4446 stipendiis
3573 4377 3842 4432 bonorum

2260 4471 2424 4524 vitam
2454 4469 2685 4524 mercari
2724 4470 2936 4538 quaerit,
2971 4479 3024 4524 ut
3054 4483 3203 4524 suam
3239 4480 3571 4538 suorumque
3607 4468 3841 4521 esuriem

2262 4561 2458 4614 satiare
2482 4559 2668 4629 possit.
2694 4559 2841 4614 Hanc
2866 4567 3122 4614 stateram
3151 4559 3204 4613 in
3232 4573 3394 4612 manu
3424 4556 3600 4612 tenuit
3626 4557 3844 4626 quando

2262 4666 2427 4704 unum
2459 4650 2525 4704 ad
2553 4651 2979 4706 manducandum
3003 4651 3198 4706 obtulit
3223 4664 3461 4719 pomum,
3493 4656 3550 4704 et
3576 4657 3756 4704 totum
3782 4647 3843 4702 ad

586 4739 876 4796 manifeste
924 4738 1191 4810 apparuit.
1234 4736 1381 4792 Exiit
1433 4745 1612 4793 autem
1653 4740 1882 4804 vincens,
1929 4741 2161 4810 primum
2194 4733 2239 4790 υ
2266 4739 2592 4810 perdendum
2645 4749 2915 4796 mercatus
2950 4748 3034 4796 est
3070 4739 3350 4795 mundum.
3385 4737 3518 4793 Nam
3559 4739 3843 4794 sciendum

581 4837 765 4902 caput,
803 4839 864 4885 ut
907 4838 1028 4900 post
1053 4829 1110 4884 in
1146 4843 1370 4898 corpore
1399 4830 1644 4885 vinceret
1679 4831 1916 4898 quotidie
1967 4831 2162 4886 diaboli

585 4929 935 4985 tentamenta,
960 4929 1016 4975 et
1034 4918 1299 4973 malorum
1329 4919 1604 4974 hominum
1632 4920 2054 4988 persecutiones.

660 5012 823 5067 Vens.
849 5012 904 5066 3.
962 5039 1020 5051 -ι-
1054 5007 1122 5062 Et
1149 5025 1267 5062 cum
1295 5009 1580 5079 aperuisset
1600 5007 1830 5078 sigillum
1859 5009 2161 5073 secundum,

593 5101 770 5158 audivi
797 5099 1084 5156 secundum
1117 5097 1317 5154 animal
1342 5099 1518 5155 dicens
1545 5112 1564 5149 :
1599 5097 1750 5165 Veni,
1780 5108 1828 5153 et
1852 5092 1992 5153 'vide.
2025 5099 2165 5166 Quid

590 5201 675 5250 est
715 5191 860 5263 quod
911 5191 968 5246 in
1015 5205 1178 5246 causa
1220 5190 1466 5245 dissimili
1503 5190 1693 5246 similis
1738 5189 1797 5246 ﬁt
1839 5191 2166 5246 admonitio?

593 5286 696 5341 nisi
745 5285 872 5356 quia
919 5283 1058 5338 sicut
1085 5283 1159 5338 ibi
1207 5281 1389 5338 lzetitia
1431 5281 1500 5338 de
1540 5291 1760 5354 peracta
1803 5283 2052 5347 victoria,
2091 5283 2170 5339 sic

593 5375 758 5430 etiam
800 5373 891 5430 hic
935 5371 1240 5429 sollicitudo
1265 5372 1331 5426 de
1368 5371 1550 5426 futuro
1575 5373 1871 5428 certamine
1899 5373 2170 5427 ministra-

598 5469 702 5518 tur.
729 5463 914 5535 (Vnus.
948 5461 1028 5535 ι.)
1056 5460 1124 5516 Et
1165 5462 1320 5517 exivit
1345 5461 1483 5518 alius
1515 5479 1675 5534 equus
1703 5463 1878 5534 rufus,
1905 5474 1954 5518 et
1975 5465 2065 5533 qui
2093 5481 2170 5518 se-

595 5549 744 5606 debat
789 5568 948 5621 super
970 5567 1112 5617 eunt,
1155 5552 1338 5606 datam
1368 5561 1442 5605 est
1479 5552 1528 5606 ei
1561 5561 1618 5605 ut
1643 5564 1864 5608 sumeret
1895 5570 2075 5624 pacem
2107 5555 2170 5610 de

2267 4833 2392 4901 quia
2445 4831 2690 4887 diabolus
2733 4833 2884 4902 prius
2930 4833 3181 4888 audiendi
3218 4832 3434 4888 verbum
3481 4830 3582 4886 Dei
3613 4831 3842 4886 alimenv

2270 4936 2379 4979 tum
2416 4925 2718 4990 subtrahit,
2755 4934 2815 4979 ut
2856 4926 3112 4996 spiritalis
3147 4926 3252 4981 cibi
3289 4925 3464 4979 inedia
3512 4922 3752 4980 affectos
3795 4924 3844 4978 in

2268 5025 2614 5086 augmentum
2657 5017 2738 5070 sul
2787 5017 3030 5087 corporis
3066 5015 3277 5072 facilius
3315 5023 3512 5070 sumat.
3552 5014 3717 5071 Unde
3759 5029 3847 5084 per

2267 5105 2582 5174 prOphetam
2628 5103 2884 5159 Dominus
2937 5105 3066 5160 dicit
3117 5120 3132 5159 :
3185 5105 3319 5160 Ecce
3353 5120 3454 5174 ego
3505 5105 3724 5159 mittam
3773 5106 3846 5174 [a-

2269 5211 2402 5249 mem
2429 5195 2484 5249 in
2513 5204 2704 5249 terram
2727 5215 2746 5260 ;
2769 5211 2870 5248 non
2895 5195 3086 5265 {amem
3112 5196 3285 5266 panis,
3316 5211 3478 5266 neque
3504 5195 3656 5250 sitim
3683 5210 3842 5266 aqua,

2268 5284 2358 5338 sed
2383 5285 2631 5340 audiendi
2657 5285 2862 5340 verbum
2891 5285 2988 5340 Dei
3019 5286 3220 5359 (Amos,
3255 5303 3374 5350 vni,
3407 5287 3519 5358 ll).
3571 5285 3694 5348 Hoc
3715 5287 3842 5342 enim

2270 5373 2526 5429 Dominus
2571 5373 2682 5444 agit
2723 5375 3047 5437 deserendo,
3095 5376 3340 5432 diabolus
3376 5372 3712 5432 invadenda.
3751 5375 3846 5428 Sed

2267 5465 2534 5535 quomodo
2559 5475 2782 5536 possunt
2803 5467 2914 5535 pati
2943 5467 3082 5522 hanc
3106 5465 3304 5520 famem
3333 5465 3427 5536 qui
3454 5475 3590 5520 sunt
3618 5464 3847 5520 frumen-

2270 5566 2383 5610 tum
2423 5555 2536 5622 Dei,
2569 5557 2750 5610 vinum
2794 5557 3093 5611 et-olcum?
3140 5558 3250 5612 lmo
3287 5557 3573 5627 patiantur
3601 5557 3743 5610 hanc
3767 5569 3848 5616 na-
