4010 6182
286 176 415 234 1125

1024 174 1431 232 EXEGETICA.
1467 205 1536 214 ——
1569 173 1922 229 COMMENT.
1962 175 2030 230 IN
2064 177 2353 234 APOCAL.
2392 210 2462 220 --
2499 180 2628 235 LIB.
2668 182 2754 238 IV.

3397 192 3533 246 “9.6

285 291 392 354 lem,
425 283 631 341 vinaria
658 325 672 350 .
703 292 758 340 et
787 300 1037 349 amurca;
1065 291 1121 339 et
1147 285 1247 353 ipsi
1276 293 1565 338 occurrant
1592 285 1658 338 ad
1686 292 1849 340 state-
1875 288 1927 346 Α
1952 294 2340 359 prmceptornm
2371 291 2553 346 caveis
2589 292 2836 348 carnales
2865 296 3027 350 animi
3057 305 3234 355 motus
3265 316 3370 356 non
3402 306 3532 358 reti-

282 393 390 434 ram
440 376 588 432 nullo
631 375 808 446 pretio
848 375 1017 442 digni,
1070 389 1177 429 non
1228 374 1304 428 illi
1348 376 1440 443 qui
1474 374 1674 431 Christi
1723 386 1847 431 sunt

278 468 531 539 sanguine
564 464 846 535 redempti.
885 464 1043 519 Unde
1068 478 1192 518 mox
1224 464 1475 519 subditur
1505 483 1517 518 :

343 559 509 616 Vens.
538 556 596 612 6.
621 585 695 600 -—
724 555 794 609 Et
840 556 1020 610 audivi
1054 564 1304 626 tanquam
1356 572 1523 611 rocem
1577 558 1630 611 in
1680 559 1846 612 medio

273 656 500 717 quatuor
521 643 830 698 animalium
854 643 1108 697 dicentem
1139 657 1157 694 :
1200 643 1413 698 Bilibris
1448 644 1608 698 tritici
1633 645 1853 700 denario

272 752 395 802 uno,
443 744 491 790 et
516 745 622 790 tres
645 734 854 789 bilibres
881 734 1065 788 hordei
1099 734 1316 788 denario
1361 749 1484 797 uno,
1514 744 1560 789 et
1597 737 1770 789 vinum
1799 745 1848 789 et

272 826 439 881 oleum
468 841 531 880 ne
555 823 770 879 laseris.
814 823 965 878 Tunc
984 826 1040 877 in
1063 823 1234 877 medio
1261 833 1488 895 quatuor
1513 824 1844 890 animalium,

270 917 320 972 id
360 924 444 973 est
471 917 525 971 in
566 916 746 972 medio
773 915 1029 972 Ecclesiae
1050 956 1067 982 ,
1109 918 1225 972 haec
1252 932 1356 972 vox
1382 917 1600 983 sonuit,
1629 919 1846 987 quando

268 1008 514 1065 adunatis
542 1009 598 1063 in
635 1007 738 1065 ﬁde
765 1009 1043 1078 gentibus,
1082 1010 1262 1063 divina
1307 1011 1543 1079 potentia
1575 1011 1849 1067 diabolum

264 1101 332 1156 ab
351 1100 642 1155 electorum
669 1100 893 1156 [resinae
913 1103 1272 1172 compescuit;
1299 1117 1362 1157 ac
1388 1102 1433 1158 si
1453 1103 1503 1158 ei
1525 1117 1622 1174 per
1643 1103 1847 1160 irrisio-

261 1204 389 1244 nem
416 1190 690 1244 diceretur
722 1207 735 1244 :
771 1190 1104 1245 frumentum
1145 1199 1200 1246 et
1228 1192 1488 1246 hordeum
1513 1232 1527 1257 ,
1566 1192 1754 1247 vinum
1793 1203 1850 1249 et

260 1280 440 1336 oleum
468 1280 647 1335 ablato
694 1281 920 1337 denario
961 1297 1142 1338 sessor
1188 1282 1314 1352 equi
1350 1283 1459 1338 albi
1486 1283 1759 1355 praeelegit
1792 1294 1848 1340 et

260 1373 623 1441 comparavit;
656 1372 839 1441 paleas
859 1380 1063 1437 autem,
1086 1373 1319 1439 vinacia,
1342 1382 1397 1428 et
1424 1389 1726 1441 amurcam,
1747 1375 1845 1429 tibi

260 1463 497 1534 reliquit.
542 1462 658 1518 Una
689 1464 852 1534 igitur
884 1464 1117 1530 bilibris,
1142 1481 1263 1535 qua:
1290 1464 1351 1519 ﬁt
1379 1481 1445 1520 ex
1476 1465 1689 1521 duobus
1722 1482 1845 1521 sex-

256 1554 433 1618 tariis,
484 1550 720 1608 Ecclesia
767 1560 853 1608 est
893 1569 959 1608 ex
1009 1555 1218 1610 duobus
1256 1554 1617 1611 Testamentis
1651 1556 1708 1610 in
1749 1555 1841 1612 Dei

1950 386 2166 443 nentur,
2207 378 2414 435 eﬁ‘crati
2459 390 2517 434 ut
2569 381 2642 435 ita
2698 382 2927 439 dixerim
2979 385 3213 457 impulsu
3251 388 3532 449 diabolica:

1951 470 2306 539 suggestionis
2333 486 2432 541 per
2466 472 2693 542 abrupta
2724 489 2948 545 qumque
2997 477 3321 536 miserorum
3360 482 3531 538 vitam

1946 559 2303 629 praecipitant.

2019 649 2181 706 Vsus.
2209 653 2263 707 9.
2280 684 2351 693 —
2371 653 2438 707 Et
2460 672 2577 708 cum
2593 658 2877 727 aperuisset
2897 660 3127 730 sigillum
3147 666 3405 734 quintum,
3422 669 3528 722 ridi

1946 744 2126 797 subtus
2155 745 2322 801 altare
2359 748 2455 802 Dei
2499 750 2703 804 animas
2750 752 3039 807 occisorum
3068 766 3277 827 propter
3318 762 3526 815 verbum

1948 831 2063 896 Dei,
2090 844 2137 887 et
2169 837 2519 891 testimonium
2541 840 2680 910 quod
2702 842 2978 897 habebant.
3009 844 3066 898 In
3089 847 3389 903 occisorum
3412 852 3529 905 ani-

1952 922 2145 977 mabus
2206 925 2449 981 omnium
2504 927 2802 982 electorum
2871 933 3082 989 animas
3136 936 3524 1008 intelligimus,

1946 1012 2037 1081 qui
2093 1012 2206 1068 sive
2261 1016 2636 1084 corporalibus
2686 1019 2800 1074 sive
2846 1022 3179 1090 Spiritalibus
3210 1043 3239 1081 a
3284 1034 3531 1099 reprobis

1947 1100 2440 1172 impugnationibus
2477 1117 2856 1178 angustantur.
2902 1111 3198 1184 Martyrum
3248 1120 3392 1172 enim
3425 1122 3531 1176 duo

1946 1200 2069 1245 sunt
2100 1208 2316 1262 genera,
2370 1212 2537 1251 unum
2587 1198 2641 1252 in
2673 1209 2883 1268 aperto,
2924 1202 3157 1260 alterum
3209 1207 3267 1261 in
3296 1212 3529 1266 occulto.

1946 1280 2050 1335 Per
2076 1283 2247 1338 altare
2297 1300 2425 1341 vero
2473 1286 2724 1343 Christus
2771 1291 3129 1362 intelligitur:
3161 1295 3214 1350 in
3267 1313 3375 1367 quo
3421 1300 3533 1357 Dco

1944 1372 2093 1428 Patri
2125 1376 2392 1432 sacriﬁcia
2444 1387 2633 1433 nostra
2681 1380 2979 1447 offerimus,
3039 1401 3160 1440 eum
3196 1389 3531 1459 unigenitum

1945 1463 2061 1532 ejus
2090 1465 2284 1521 Filium
2309 1468 2602 1535 imitantes,
2626 1472 2802 1527 hostia
2823 1475 2945 1529 viva
2978 1475 3029 1529 in
3064 1490 3359 1548 conspectu
3386 1482 3532 1540 illius

1945 1571 2286 1628 apparemus.
2311 1559 2423 1615 Sub
2451 1561 2622 1618 altare
2649 1564 2811 1634 igitur
2832 1567 3025 1622 animm
3055 1571 3358 1627 occisorum
3382 1586 3528 1641 sunt,

252 1643 596 1715 proximique
641 1644 933 1701 daemone
972 1645 1296 1700 ροηείεεεηε,
1342 1645 1448 1701 sed
1489 1646 1542 1701 in
1581 1647 1684 1702 hoc
1723 1647 1842 1703 loco
1874 1635 1916 1695 Β
1946 1648 2074 1716 quia
2117 1651 2402 1707 mediatori
2435 1664 2619 1709 nostro
2661 1656 2910 1712 subsunt.
2944 1658 3002 1712 Si
3052 1677 3179 1717 vero
3223 1679 3320 1733 per
3361 1635 3532 1724 altare

254 1750 419 1791 unam
448 1735 746 1791 Ecclesiam
774 1736 828 1790 in
856 1737 1059 1791 sanctis
1086 1738 1554 1808 praedicatoribus,
1582 1739 1665 1793 vel
1696 1756 1847 1812 mag-

251 1843 445 1882 narum
472 1827 735 1882 virtutum
763 1828 895 1884 viris
912 1870 928 1894 ,
953 1846 1061 1886 non
1085 1830 1416 1901 generaliter
1444 1831 1498 1886 in
1525 1833 1735 1887 cunctis
1766 1833 1842 1887 in-

251 1917 497 1987 telligere
545 1917 823 1974 debemus.
876 1918 994 1975 Non
1030 1920 1178 1976 enim
1226 1920 1345 1975 sine
1384 1937 1546 1976 causa
1584 1921 1671 1978 hic
1720 1932 1846 1994 post

247 2005 607 2073 frumentum,
640 2008 901 2064 hordeum
927 2010 1163 2079 ponitur.
1215 2011 1471 2083 Designet
1509 2013 1691 2082 itaque
1735 2030 1841 2068 una

244 2097 463 2152 bilibris
515 2097 682 2153 tritici
731 2111 799 2152 ex
847 2098 1056 2154 duobus
1102 2101 1314 2171 populis
1366 2118 1536 2158 novos
1589 2103 1843 2159 Ecclesize

243 2189 633 2258 praedicatores
655 2227 674 2255 ,
702 2198 759 2244 et
793 2189 1181 2247 eminentiores
1207 2193 1501 2249 virtutibus
1538 2196 1713 2262 viros,
1748 2195 1841 2265 qui

245 2280 658 2336 tribulationum
683 2282 990 2338 molendino
1010 2284 1305 2353 confracti,
1325 2293 1379 2340 et
1401 2289 1842 2355 persecutionum

244 2373 371 2443 igne
395 2372 603 2427 decocti
626 2412 642 2436 ,
671 2373 828 2441 panis
856 2373 1084 2441 pulcher
1110 2373 1314 2429 Christi
1342 2384 1399 2430 et
1425 2378 1688 2433 candidus
1717 2376 1839 2432 ﬁeri

242 2470 590 2518 meruerunt.
630 2461 923 2533 Designent
946 2471 1059 2519 tres
1098 2464 1324 2521 bilibres
1353 2467 1541 2523 hordei
1573 2467 1841 2536 subjecto-

242 2568 371 2608 rutn
394 2560 453 2608 et
496 2551 891 2608 inﬁrmantium
918 2553 1085 2609 vitam
1112 2596 1127 2621 ,
1164 2570 1231 2610 ex
1266 2564 1496 2627 utroque
1527 2558 1723 2628 p0pulo
1749 2574 1842 2614 ve-

242 2642 532 2698 nientium.
582 2643 650 2697 Et
682 2651 809 2698 nota
852 2645 978 2714 quia
1004 2660 1172 2700 unum
1209 2655 1266 2701 et
1292 2648 1526 2716 pretium
1573 2648 1740 2704 tritici
1786 2658 1843 2705 et

242 2734 469 2799 hordei,
517 2735 772 2804 quoniam
817 2736 918 2790 etsi
955 2737 1141 2806 dispar
1168 2745 1251 2793 est
1297 2748 1613 2796 sanctorum
1659 2742 1835 2808 labor,

240 2838 354 2878 uno
382 2831 561 2879 tamen
596 2837 721 2880 sunt
745 2827 921 2896 pretio
947 2828 1137 2898 empti,
1174 2836 1229 2884 et
1257 2846 1423 2885 unum
1456 2840 1582 2886 sunt
1608 2842 1730 2903 post
1762 2833 1839 2888 la-

240 2915 432 2971 borem
455 2916 735 2972 denarium
759 2920 1057 2989 accepturi.
1078 2920 1383 2976 Notandum
1413 2912 1669 2992 prmterea
1703 2925 1831 2993 quia

186 2998 189 2999 ν
239 3006 434 3061 eadem
475 3009 741 3063 sententia
787 3011 1049 3079 repetitur
1074 3027 1194 3065 cum
1228 3010 1475 3067 subditur
1507 3031 1520 3066 :
1565 3015 1741 3068 uinum
1781 3024 1829 3069 et

240 3098 415 3152 oleum
446 3115 510 3153 ne
532 3098 749 3155 laeseris.
779 3101 1057 3168 Quomodo
1084 3100 1263 3175 [Cod.,
1295 3103 1531 3176 quando]
1561 3105 1703 3160 enim
1731 3105 1830 3161 Ee-

240 3188 405 3245 clesia
434 3191 616 3246 vinum
644 3201 700 3248 et
723 3193 899 3248 oleum
928 3209 1037 3250 non
1074 3204 1195 3259 est,
1226 3211 1346 3266 qua:
1373 3196 1426 3250 in
1454 3214 1831 3268 pressurarum

240 3278 500 3335 torculari
528 3287 587 3335 ut
615 3298 719 3337 uva
742 3283 1003 3351 calcatur,
1032 3294 1087 3340 et
1114 3286 1167 3340 in
1197 3287 1569 3357 angustiarum
1594 3289 1741 3358 prelo
1772 3296 1831 3343 ut

238 3370 381 3424 oliva
404 3381 628 3428 contusa
662 3373 937 3446 liquatur?

311 3463 679 3520 Vens.7.—Et
693 3484 812 3522 cum
824 3470 1106 3539 aperuisset
1123 3468 1351 3538 sigillum
1370 3478 1634 3540 quartum,
1649 3470 1827 3527 audivi

242 3572 415 3610 vocem
441 3560 615 3629 quarti
630 3560 879 3616 animalis
904 3562 1125 3618 dicentis
1150 3577 1168 3614 :
1189 3561 1320 3619 Veni
1336 3573 1383 3618 et
1401 3565 1544 3619 vide:
1562 3564 1749 3638 (Vens.
1771 3567 1825 3638 8)

243 3644 309 3698 Et
334 3662 447 3700 ecce
465 3664 626 3718 equus
646 3649 896 3720 pallidus,
928 3662 976 3706 et
991 3655 1080 3724 qui
1107 3653 1314 3709 sedebat
1341 3672 1515 3727 super,
1538 3673 1724 3711 nomen
1750 3657 1827 3712 illi

240 3735 418 3801 Mors;
449 3747 497 3792 et
524 3738 763 3810 infernus
808 3744 1123 3815 sequebatur
1146 3763 1285 3800 eum.
1334 3748 1440 3817 Ipsi
1476 3748 1827 3817 designantur

236 3841 335 3895 per
361 3842 560 3896 equum
581 3829 840 3898 pallidum
869 3835 961 3902 qui
991 3841 1043 3888 et
1070 3850 1168 3903 per
1193 3835 1399 3899 rufum,
1422 3851 1652 3905 quorum
1684 3853 1826 3893 nunc

235 3915 499 3986 spiritalis
519 3932 668 3974 mors
688 3917 743 3972 in
764 3919 936 3989 ipsius
960 3921 1086 3990 equi
1110 3921 1313 3990 pallore
1340 3922 1620 3994 ﬁguratur.
1651 3925 1824 3997 Supra

235 4020 374 4075 quos
397 4007 535 4063 bene
561 4022 729 4073 mors,
762 4008 816 4063 id
835 4017 922 4064 est
944 4009 1208 4075 diabolus,
1235 4020 1423 4068 contra
1445 4014 1595 4071 vivos
1621 4031 1824 4087 pugna-

236 4106 392 4152 turus
428 4097 615 4153 sedere
642 4098 869 4166 dicitur;
902 4102 1027 4170 quia
1067 4117 1164 4172 per
1185 4101 1421 4159 cilicium
1448 4120 1658 4172 eorum,
1689 4123 1827 4178 quos

227 4191 343 4261 jam
372 4192 934 4262 spiritaliter-occidit,
960 4194 1256 4250 electorum
1280 4197 1447 4251 vitam
1479 4200 1825 4270 exstinguere

1945 1742 2047 1812 ipsi
2079 1743 2236 1798 electi
2283 1745 2658 1817 intelliguntur
2684 1787 2701 1812 ,
2732 1748 2833 1803 sub
2863 1766 2923 1805 se
2948 1761 3075 1806 sunt
3102 1771 3115 1820 ;
3142 1756 3269 1823 quia
3299 1761 3529 1817 necdum

1943 1832 2186 1901 corporis
2231 1833 2635 1892 immortalitate
2667 1840 2843 1893 vestiti
2874 1850 3020 1896 sunt.
3075 1844 3264 1915 (Vens.
3296 1847 3408 1919 10.)
3457 1852 3531 1905 Et

1942 1920 2241 1978 clamabant
2288 1941 2406 1980 race
2441 1943 2632 1997 magna
2676 1928 2946 1984 dicentes:
2979 1930 3279 2005 Usquequo,
3309 1938 3529 1995 Domine

1943 2010 2177 2084 (sanctus
2203 2025 2251 2068 et
2280 2015 2476 2087 verus),
2494 2034 2596 2070 non
2624 2018 2853 2074 vindicas
2869 2025 3181 2091 sanguinem
3207 2038 3442 2083 nostrum
3463 2031 3529 2085 de

1939 2102 2020 2156 Itis
2046 2106 2137 2175 qui
2162 2105 2469 2160 habitantia
2489 2108 2671 2161 terra?
2705 2108 2849 2177 Quid
2869 2122 2953 2168 est
2975 2116 3186 2171 animas
3214 2128 3529 2177 sanctorum

1940 2192 2238 2248 vindictam
2286 2195 2565 2267 sanguinis
2593 2196 2660 2252 de
2709 2202 3180 2268 persecutionibus
3214 2223 3527 2280 exposcere,

1942 2280 2044 2334 nisi
2074 2282 2215 2335 diem
2243 2286 2471 2338 extremi
2492 2284 2681 2352 judicii
2711 2292 3052 2359 prmstolari?
3081 2297 3199 2352 Non
3222 2311 3404 2355 autem
3433 2318 3533 2372 per

1939 2382 2202 2436 organum
2254 2372 2485 2439 gutturis
2514 2372 2641 2427 folle
2690 2380 2896 2433 ventris
2943 2391 3175 2438 attracto
3222 2390 3527 2446 animatum

1941 2460 2107 2514 verba
2162 2460 2467 2517 formantur
2498 2481 2511 2529 ;
2559 2466 2652 2520 sed
2692 2483 2921 2539 magnus
2958 2486 3144 2528 earum
3175 2477 3379 2534 clamor
3411 2498 3530 2536 ma-

1940 2561 2107 2616 gnum
2144 2559 2227 2604 est
2253 2551 2603 2607 desiderium.
2637 2553 2742 2609 Sed
2778 2572 2901 2613 cum
2937 2561 3096 2617 aliter
3123 2568 3328 2623 moveri
3356 2569 3533 2626 soleat

1940 2651 2093 2693 mens
2141 2653 2260 2707 quae
2289 2642 2424 2710 petit
2452 2682 2468 2705 ,
2515 2643 2675 2697 aliter
2705 2659 2825 2714 quae
2873 2650 3096 2718 petitur,
3132 2661 3184 2707 et
3215 2664 3527 2714 sanctorum

1940 2727 2136 2783 anima:
2174 2729 2249 2783 ita
2278 2730 2390 2786 Deo
2427 2732 2719 2791 inbatreant
2751 2746 2811 2792 ut
2860 2738 3169 2799 inhzerendo
3220 2749 3525 2819 quiescant,

1939 2821 2206 2888 quomodo
2254 2822 2508 2879 dicuntur
2532 2835 2718 2895 petere
2741 2868 2757 2893 ,
2789 2846 2924 2900 quas
2951 2840 3004 2888 et
3050 2836 3381 2895 voluntatem
3424 2842 3523 2898 Dei

1940 2917 2147 2963 certum
2173 2920 2278 2976 est,
2309 2921 2365 2967 et
2397 2929 2460 2968 ea
2493 2931 2612 2985 qua:
2671 2917 2853 2976 futura
2898 2932 3046 2989 sunt,
3090 2941 3195 2981 non
3230 2928 3526 2998 ignorare?

1935 2996 2226 3054 Sciendum
2254 3017 2385 3073 ergo
2414 3006 2541 3074 quia
2564 3007 2615 3063 in
2644 3008 2764 3079 ipso
2787 3013 2977 3080 posita:
3000 3015 3067 3070 ab
3089 3016 3204 3087 ipso
3225 2996 3411 3088 petere
3434 3022 3527 3078 ali-

1932 3090 2063 3159 quid
2092 3090 2365 3159 dicuntur,
2405 3110 2511 3151 non
2549 3098 2676 3170 quia
2709 3101 3000 3159 vindictam
3033 3106 3344 3166 desiderent
3375 3115 3520 3183 quod

1930 3180 1999 3235 ab
2047 3179 2164 3247 ejus
2208 3197 2369 3253 quem
2400 3195 2627 3241 cernunt
2658 3189 2936 3247 voluntate
2966 3194 3277 3265 discordet;
3307 3179 3409 3256 sed
3454 3203 3522 3258 de

1930 3284 1987 3323 se
2016 3268 2132 3339 ipso
2156 3272 2451 3351 accipiunt,
2481 3285 2541 3330 ut
2565 3280 2634 3332 ab
2671 3278 2790 3349 ipso
2829 3291 3017 3353 petant
3046 3289 3189 3357 quod
3228 3305 3351 3346 eum
3376 3291 3524 3350 face-

1929 3373 1987 3412 re
2012 3360 2149 3416 velle
2177 3373 2463 3419 noverunt.
2487 3367 2672 3439 (Vens.
2702 3368 2816 3443 ll.)
2853 3371 2920 3426 Et
2943 3374 3083 3430 data:
3112 3388 3234 3433 sunt
3256 3380 3363 3436 illis
3402 3385 3517 3438 sin-

1927 3449 2063 3518 gula:
2084 3451 2230 3506 stola?
2274 3454 2431 3521 albas,
2480 3468 2526 3510 et
2556 3459 2755 3513 dictum
2795 3472 2871 3516 est
2902 3464 3007 3519 illis
3037 3477 3095 3520 ut
3146 3472 3521 3540 requiescerent

1927 3542 2190 3597 modicum
2227 3546 2400 3599 adhuc
2440 3557 2663 3618 tempus,
2692 3550 2856 3605 donec
2897 3557 3234 3625 compleatur
3262 3578 3520 3622 numerus

1926 3646 2308 3686 conservorum
2335 3642 2390 3688 et
2430 3633 2656 3689 fratrbm
2687 3652 2876 3693 eorum
2909 3643 3001 3713 qui
3020 3644 3371 3717 interﬁciendi
3395 3666 3519 3709 sunt

1923 3722 2058 3773 sicut
2088 3732 2137 3774 et
2184 3721 2281 3775 illi.
2331 3722 2469 3789 Quid
2501 3740 2600 3794 per
2646 3728 2813 3784 stolas
2857 3733 3045 3799 albas,
3074 3739 3176 3792 nisi
3231 3745 3517 3811 praemium

1925 3821 2226 3880 martyrum
2249 3811 2273 3864 ?
2293 3811 2432 3867 Ante
2478 3819 2933 3877 resurrectionem
2967 3826 3165 3897 quippe
3203 3831 3370 3888 stolas
3402 3836 3515 3890 sin-

1924 3899 2075 3969 gulas
2095 3903 2370 3971 accepisse
2388 3906 2744 3973 perhibentur
2770 3912 2948 3979 electi,
2975 3917 3101 3986 quia
3131 3918 3182 3973 in
3203 3917 3315 3975 sola
3335 3924 3514 3983 adhuc

1924 3991 2102 4046 anima
2142 4000 2348 4048 aeterna
2379 3996 2713 4052 beatitudine
2733 4004 3108 4072 perfruuntur.
3140 4008 3208 4064 Et
3227 4020 3355 4067 nota
3380 4015 3509 4084 quia

1924 4081 2229 4138 animarum
2269 4100 2374 4141 vox
2402 4094 2485 4141 est
2518 4088 2619 4145 hoc
2672 4093 2813 4161 quod
2861 4106 3106 4154 amantes
3153 4081 3510 4172 desiderant;

1924 4173 2250 4241 respondere
2280 4174 2375 4230 Dei
2404 4186 2487 4232 est
2514 4188 2575 4235 ut
2600 4181 2973 4242 collectionem
3017 4186 3244 4251 fratrum
3278 4210 3506 4267 exspec-

231 4282 449 4352 quzerit.
493 4282 743 4339 lnfernus
792 4284 871 4340 illi
926 4287 1204 4355 dicuntur,
1260 4290 1314 4343 in
1361 4291 1560 4360 quibus
1614 4264 1822 4350 habitat
1847 4270 2041 4372 nar?
2070 4264 2564 4372 ξίέδίῗθξηκθοηπξξ
2613 4275 2884 4372 mentibus
2927 4282 3278 4349 “specuum
3326 4301 3510 4344 moras

230 4386 401 4428 mors.
456 4372 705 4429 lnfernus
750 4390 881 4448 ergo
922 4378 1168 4447 sequitur
1204 4388 1463 4444 mortem,
1516 4382 1641 4451 quia
1693 4383 1819 4438 mali

230 4466 515 4522 imitantur
536 4467 830 4524 diabolum.
854 4469 1085 4525 Possunt
1105 4479 1160 4526 et
1179 4474 1488 4543 Specialiter
1505 4490 1603 4545 per
1622 4490 1819 4544 equum

227 4555 486 4625 pallidum
515 4559 754 4615 haeretici
788 4560 1030 4632 intelligi.
1078 4559 1146 4617 Et
1183 4564 1309 4619 data
1346 4574 1423 4619 est
1468 4565 1547 4619 illi
1593 4576 1819 4637 potestas

226 4662 387 4715 super
427 4659 654 4718 quatuor
679 4661 854 4722 partes
884 4661 1066 4717 terrat,
1101 4654 1391 4724 interﬁcere
1418 4655 1597 4726 gladio
1614 4701 1629 4722 ,
1655 4659 1816 4729 fame,

226 4749 280 4798 et
321 4750 503 4806 morte,
547 4751 595 4797 et
630 4742 806 4798 bestiis
849 4753 1022 4798 terrae.
1071 4744 1199 4801 Dum
1236 4755 1362 4801 sunt
1390 4748 1444 4802 in
1475 4749 1579 4805 hoc
1615 4753 1817 4808 mundo

224 4837 433 4902 partes,
483 4832 537 4886 id
584 4842 668 4889 est
695 4833 897 4890 Christi
935 4842 991 4890 et
1018 4835 1255 4901 diaboli;
1305 4837 1400 4892 sed
1445 4837 1645 4893 Christi
1689 4855 1814 4909 pars

223 4936 337 4977 nan
361 4929 445 4976 est
486 4922 686 4988 divisa;
729 4923 887 4993 juxta
917 4926 1046 4981 illud
1078 4946 1091 4980 :
1127 4925 1243 4982 Una
1291 4938 1365 4983 est
1413 4929 1650 4984 columba
1695 4948 1812 4986 mea

222 5006 405 5080 (Cant.
437 5024 511 5074 vi,
537 5011 616 5081 8).
649 5011 780 5068 Pars
814 5030 947 5071 vero
974 5017 1170 5073 diaboli
1206 5019 1257 5072 in
1289 5027 1522 5087 quatuor
1555 5021 1813 5076 dividitur

1924 4352 2155 4410 libenter
2182 4356 2486 4414 infundere.
2525 4360 2725 4431 Optant
2750 4379 2882 4437 ergo
2906 4381 3193 4439 corporum
3234 4389 3510 4434 resurrec-

1923 4445 2125 4501 tionem
2157 4465 2170 4513 ;
2205 4449 2299 4504 sed
2321 4452 2546 4506 audiunt
2573 4462 2633 4508 ut
2658 4453 2890 4512 libenter
2913 4471 3226 4531 exspectent
3269 4464 3504 4528 fratrum

1921 4538 2314 4596 collectionem.

1991 4654 2151 4709 Vens.
2180 4655 2265 4709 12.
2287 4656 2441 4712 —Et
2457 4658 2560 4714 vidi
2578 4678 2696 4716 cum
2718 4668 3004 4736 aperuisset
3023 4670 3253 4741 sigillum
3273 4684 3506 4745 sextum,

1914 4756 2241 4802 terramwtus
2262 4748 2434 4818 factus
2459 4761 2536 4806 est
2583 4770 2845 4825 magnus;
2875 4768 2923 4812 et
2941 4759 3023 4814 sol
3057 4762 3230 4831 factus
3255 4775 3328 4820 est
3353 4768 3503 4838 niger

1914 4846 2163 4908 tanquam
2188 4857 2371 4895 saccus
2402 4841 2641 4899 cilicinus
2665 4862 2683 4910 ;
2705 4855 2754 4901 et
2790 4846 2918 4902 luna
2947 4849 3090 4919 facta
3115 4864 3191 4907 est
3212 4856 3349 4910 sicut
3369 4874 3499 4913 san-

1912 4928 2048 4998 guis.
2081 4928 2185 4985 Per
2228 4939 2615 5000 terrzemotum,
2645 4936 2832 4993 ultima
2857 4941 2961 4996 sub
2989 4942 3322 5002 Antichristo
3366 4963 3497 5018 per-

1911 5023 2119 5078 secutio
2146 5023 2306 5079 debet
2354 5025 2601 5099 intelligi.
2636 5028 2861 5099 Magnus
2883 5040 3069 5089 autem
3101 5036 3320 5103 dicitur,
3343 5040 3495 5109 quia,

218 5104 409 5167 partes
424 5139 439 5164 ,
467 5099 522 5154 in
546 5116 811 5171 paganos,
839 5100 1073 5170 Judaeos,
1106 5108 1412 5173 haereticos,
1442 5117 1497 5163 et
1519 5110 1691 5166 malos
1715 5126 1807 5166 ca-
1903 5112 2059 5183 juxta
2080 5113 2293 5170 Domini
2315 5131 2528 5181 vocem,
2549 5119 2654 5175 erit
2681 5128 2809 5177 tunc
2836 5122 3135 5190 tribulatio,
3159 5099 3338 5196 qualis

220 5188 477 5247 tholieos.
506 5190 611 5247 Tot
636 5194 806 5285 igitur
840 5202 967 5248 sunt
1001 5196 1170 5266 plagae
1194 5208 1326 5267 quot
1368 5200 1563 5257 diaboli
1601 5214 1805 5274 partes.
1908 5225 2070 5279 quam
2116 5208 2220 5264 fuit
2250 5251 2265 5273 ,
2321 5212 2414 5266 sed
2446 5227 2547 5267 nec
2578 5215 2691 5268 liet.
2744 5214 2838 5271 Sol
2884 5226 3066 5275 autem
3103 5188 3353 5278 Christus
3385 5230 3491 5285 est.

217 5280 333 5336 Sed
358 5284 629 5349 quomodo
669 5284 869 5354 gladio,
898 5294 954 5339 et
995 5285 1155 5350 fame,
1184 5298 1238 5342 et
1280 5301 1456 5350 morte
1496 5295 1804 5365 interﬁciat,
1901 5296 2056 5367 juxta
2115 5296 2291 5352 illud:
2349 5299 2514 5355 Vobis
2566 5302 2658 5370 qui
2707 5302 2913 5361 timetis
2953 5304 3124 5364 Deum
3168 5308 3369 5364 orietur

207 5374 332 5443 jam
358 5373 564 5429 dictum
587 5383 691 5430 est.
720 5375 825 5430 Per
847 5376 1048 5432 bestias
1087 5388 1265 5434 autem
1301 5384 1651 5456 designantur
1677 5392 1808 5449 effe-
1897 5387 2124 5461 justitia:
2151 5386 2408 5461 (Malae/1.
2434 5406 2509 5455 ιν,
2535 5391 2613 5464 2),
2633 5394 2726 5463 qui
2756 5394 3067 5453 novissimis
3088 5399 3490 5469 obscurabitur,

216 5464 323 5519 rati
354 5474 535 5521 motus
555 5467 879 5522 animorum.
912 5469 1108 5525 Bestiis
1142 5487 1270 5541 ergo
1301 5475 1474 5531 hostis
1501 5493 1685 5539 noster
1721 5504 1803 5543 re-
1906 5500 2028 5539 cum
2054 5482 2110 5538 hi
2132 5484 2222 5554 qui
2256 5482 2411 5553 quasi
2444 5484 2499 5539 in
2526 5484 2728 5542 Christi
2765 5502 2994 5558 corpore
3023 5490 3205 5546 lucere
3226 5464 3487 5548 videban;

210 5556 516 5626 proborum
565 5557 772 5614 animas
817 5559 1113 5626 interimit;
1158 5562 1281 5630 quia
1326 5562 1455 5618 dum
1501 5569 1802 5634 divinorum
1908 5586 1995 5633 tur
2020 5619 2033 5643 ,
2087 5577 2153 5632 ad
2205 5577 2383 5647 aperti
2422 5579 2626 5634 erroris
2682 5556 2937 5636 tenebras
2976 5582 3347 5640 devolventur.
3379 5583 3485 5641 Po-
