4010 6182
519 598 711 653 licinus
734 592 859 657 erit,
890 588 1015 659 quia
1037 584 1245 654 fulgens
1286 579 1392 633 vita
1419 570 1831 647 praedicandum
1858 573 1982 621 ante
2009 575 2096 615 re-

519 688 814 760 proborum
857 656 1041 737 oculos
1071 689 1262 747 aspera
1289 680 1344 727 et
1388 670 1639 738 despecta
1684 656 2092 719 monstrabitur.

518 746 769 833 ljilicium
794 774 993 844 quippe
1016 746 1321 825 criminosis
1346 770 1399 817 et
1423 756 1803 831 peccatoribus
1827 746 2094 819 congruit.

523 870 625 925 Per
643 868 822 924 lunam
842 877 1051 920 versam
1073 861 1127 914 in
1147 856 1482 927 sanguinem,
1500 845 1840 919 agnoscimus
1857 847 2099 896 sanctam

524 958 822 1015 Ecclesiam
854 956 907 1009 in
931 952 1119 1009 electis
1146 961 1338 1005 cruore
1383 940 1651 1014 passionis
1691 935 1965 991 infectam.
1998 929 2103 983 To-

525 1057 580 1103 ta
610 1055 790 1102 autem
817 1042 1019 1097 infecta
1046 1039 1260 1100 dicitur,
1311 1033 1436 1104 quia
1464 1028 1642 1085 nullus
1690 1025 1782 1079 illa
1809 1017 2103 1075 novissima

527 1136 903 1209 persecutione
932 1146 1124 1202 expers
1156 1129 1260 1184 erit
1286 1125 1378 1197 qui
1409 1124 1463 1178 in
1494 1121 1596 1175 fide
1640 1112 1950 1173 mediatoris
1983 1124 2105 1179 per-

530 1226 829 1290 manserit;
860 1201 1135 1278 undeJocl
1169 1236 1181 1270 :
1213 1215 1327 1279 Sol,
1362 1212 1558 1280 inquit,
1592 1213 1917 1262 convertetur
1944 1201 1997 1254 in
2026 1207 2105 1251 te-

533 1318 739 1380 nebras,
768 1322 815 1368 et
845 1311 970 1365 luna
1000 1310 1054 1362 in
1082 1304 1385 1375 sanguinem
1406 1342 1420 1367 ,
1450 1306 1730 1368 antequam
1782 1291 1952 1345 veniat
1995 1286 2105 1340 dies

532 1372 752 1475 magnus
777 1410 826 1455 et
865 1372 1196 1454 manifestus
1222 1388 1381 1464 (Joel.
1416 1405 1480 1453 ιι,
1509 1386 1621 1455 '51).
1667 1381 1850 1454 (Vsus.
1879 1374 1989 1447 i3.)
2036 1372 2104 1425 Et

532 1494 697 1550 stella:
718 1491 840 1547 coeli
870 1488 1164 1543 ceciderunt
1195 1463 1349 1553 super
1369 1489 1585 1540 terram,
1622 1475 1755 1528 sicut
1778 1470 1910 1539 ﬁcus
1950 1463 2109 1518 mittit

534 1602 738 1659 grossos
761 1600 884 1638 suos
931 1597 1048 1635 cum
1073 1597 1103 1631 a
1131 1584 1278 1630 vento
1305 1586 1492 1641 magno
1520 1572 1771 1621 movetur.
1794 1557 2000 1615 Caelum
2029 1558 2112 1608 est

536 1685 845 1733 sanctorum
884 1669 1146 1731 Ecclesia,
1191 1681 1309 1736 quae
1338 1664 1392 1717 in
1433 1667 1591 1715 nocte
1640 1654 1765 1708 vita:
1806 1645 2105 1720 praesentis,

1357 285 1419 338 Β.
1458 281 1522 336 F.
1562 274 1787 333 ALBlNl
1825 269 1954 328 SEU
1994 262 2267 322 ALCUlNl
2305 256 2588 317 OPERUM
2623 252 2804 309 PARS
2842 251 2902 307 ll.

2122 384 2167 441 Α
2195 381 2339 438 runt,
2371 372 2463 443 qui
2506 376 2652 424 recte
2701 373 2914 420 montes
2963 367 3223 416 vocantur
3247 400 3262 424 ,
3297 356 3423 427 quia
3476 355 3774 410 virtutibus

3624 238 3767 295 “28

2194 466 2288 521 alti
2344 473 2556 518 terrena
2607 456 2926 527 despiciunt.
2983 452 3150 506 Recte
3188 456 3372 520 petrae,
3430 445 3560 517 quia
3605 445 3776 499 fortes

2195 567 2320 615 sunt
2354 555 2583 619 robore;
2616 552 2800 620 utique
2823 549 2876 602 in
2908 545 3146 609 Christo,
3173 542 3265 614 qui
3291 551 3378 597 est
3405 549 3580 611 petra,
3616 540 3783 595 robo-

2196 651 2323 706 rati.
2347 648 2485 702 Hinc
2504 642 2764 699 Dominus
2794 640 2846 694 in
2880 636 3168 708 Evangelio
3212 634 3345 689 dicit
3374 651 3387 686 :
3425 632 3570 686 Tunc
3606 634 3704 702 qui
3723 631 3781 684 in

2195 740 2387 795 Judtea
2409 745 2529 791 sunt
2574 733 2780 804 fugiant
2810 729 2879 783 ad
2908 737 3105 782 montes
3129 723 3345 795 (Matth.
3384 737 3529 783 xxrv,
3556 720 3670 792 16).
3708 719 3780 773 Et

2200 830 2453 884 Salomon
2483 843 2496 876 :
2530 819 2853 892 Lepusculus
2878 816 3018 888 plebs
3047 812 3280 868 invalida
3305 810 3519 865 collocat
3544 810 3599 863 in
3629 817 3783 878 petra

2199 918 2365 974 cubile
2413 914 2515 971 sibi
2554 911 2738 984 (Prov.
2770 924 2901 971 xxx,
2928 904 3043 977 26).
3089 904 3156 957 Et
3195 902 3407 956 Isaias:
3452 899 3776 960 Introibunt,

2202 1009 2398 1080 inquit,
2436 1006 2489 1060 in
2526 1001 2801 1074 speluncas
2824 1006 3111 1068 petrarum,
3139 1002 3186 1046 et
3220 991 3275 1044 in
3299 990 3575 1059 voragines
3601 998 3780 1051 terra,

2201 1119 2233 1155 a
2259 1078 2396 1171 [acie
2416 1091 2739 1166 fortitudinis
2762 1085 2994 1150 Domini,
3024 1093 3071 1138 et
3098 1100 3130 1136 a
3146 1080 3312 1152 gloria
3338 1078 3628 1148 majestatis
3644 1078 3782 1147 ejus,

2203 1207 2320 1246 cum
2351 1184 2689 1243 resurrexerit
2714 1194 2974 1252 percutere
2997 1187 3190 1231 terram
3222 1174 3356 1244 (Isa.
3391 1189 3456 1236 ll,
3495 1173 3602 1242 19).
3632 1170 3787 1237 Quod

2204 1283 2368 1337 etiam
2397 1276 2659 1349 agendum
2686 1273 2940 1327 admonet
2968 1268 3155 1323 dicens
3185 1282 3200 1318 :
3253 1264 3535 1334 Ingredere
3559 1272 3785 1333 petram,

2206 1367 2520 1425 abscondere
2548 1364 2688 1433 fossa
2716 1361 2872 1414 Immo
2906 1356 3093 1429 (Ibid.,
3151 1371 3283 1409 vers.
3320 1353 3429 1423 10).
3460 1352 3698 1407 Possunt
3737 1361 3793 1406 et

2208 1476 2303 1532 per
2344 1460 2461 1512 haec
2507 1467 2754 1523 superna:
2802 1452 3031 1505 virtutes
3059 1447 3281 1517 intelligi
3312 1463 3327 1511 ;
3362 1444 3516 1513 juxta
3561 1444 3709 1513 quod
3739 1446 3791 1498 in

2208 1550 2348 1604 libro
2387 1546 2486 1602 Job
2529 1543 2758 1614 legitur:
2790 1539 2855 1593 In
2892 1539 3049 1609 petris
3093 1546 3266 1590 manet
3299 1576 3313 1599 ,
3346 1545 3392 1589 et
3433 1535 3487 1588 in
3510 1536 3794 1606 pra’ruptis

2210 1639 2440 1695 silicibus
2464 1647 2817 1689 commoratur
2843 1637 2897 1683 et
2914 1627 3190 1681 inaccessis
3219 1625 3432 1696 rupibus
3452 1624 3576 1695 (Job
3603 1640 3795 1684 χχχιιι,

536 1717 845 1733 sanum...“
886 1717 1146 1731 ..ν-,-ν----,
1197 1717 1304 1736 .,__-
1807 1717 1824 1720 _

536 1769 663 1823 dum
690 1768 1000 1821 innumeras
1031 1766 1342 1815 sanctorum
1366 1753 1506 1807 vitas
1553 1746 1814 1807 continet,
1842 1738 1997 1810 quasi
2021 1751 2109 1790 ra-
2138 1721 2184 1779 Β
2213 1731 2323 1804 28).
2352 1728 2490 1797 Quid
2514 1740 2643 1781 vero
2681 1724 2795 1778 sive
2843 1720 2911 1774 ad
2948 1719 3168 1789 angelos
3200 1718 3314 1772 sive
3355 1718 3424 1771 ad
3453 1726 3675 1771 sanctos
3705 1717 3801 1770 bo-

538 1859 812 1916 diautibus
848 1855 1077 1923 desuper
1125 1846 1393 1904 sideribus
1440 1842 1627 1912 fulget.
1662 1834 1857 1890 Stellas
1899 1844 2026 1899 ergo
2048 1826 2115 1881 de

539 1951 675 2006 cmlo
701 1949 757 2003 in
787 1956 988 2001 terram
1014 1941 1225 2003 cadere,
1268 1945 1352 1992 cst
1376 1950 1469 1990 eos
1497 1931 1589 2001 qui
1630 1927 1882 1982 videntur
1904 1926 2117 1975 sancto—

542 2057 659 2096 rum
691 2040 813 2094 fidei
842 2036 924 2091 vel
955 2033 1210 2105 operibus
1256 2030 1542 2090 inhmrere,
1588 2038 1653 2076 ex
1683 2029 1867 2074 amore
1901 2022 2117 2066 terreno

542 2136 611 2189 ad
664 2130 1000 2200 iniquitatem
1033 2122 1203 2194 aperti
1246 2117 1449 2174 erroris
1494 2128 1672 2168 ruere.
1710 2108 1823 2163 Hoc
1848 2111 1931 2158 est
1956 2102 2118 2157 etiam

545 2226 704 2281 ﬁcum
736 2233 954 2292 grossos
994 2229 1122 2271 suos
1148 2210 1365 2266 mittere
1392 2223 1405 2261 :
1435 2204 1587 2275 quasi
1615 2200 1760 2256 enim
1785 2197 1947 2251 arbor
1970 2190 2057 2245 fici
2088 2203 2119 2241 a

545 2330 739 2385 magno
784 2318 944 2365 vento
970 2311 1216 2361 movetur
1247 2341 1261 2365 ,
1289 2314 1413 2354 cum
1454 2302 1697 2350 extrema
1746 2280 2123 2356 persecutione

545 2406 724 2461 omnis
746 2399 986 2457 Ecclesia
1006 2392 1331 2452 concutitur.
1352 2389 1520 2443 Porro
1542 2382 1646 2435 alia
1672 2372 1951 2432 translatio
1976 2385 2123 2424 acer-

548 2498 636 2550 bos
664 2492 865 2550 nosuit.

624 2513 636 2550 ι
702 2510 865 2549 osutr.

624 2510 783 2641 νῖιιε.
814 2581 986 2635 Ην.-
1007 2576 1076 2631 Et
1120 2571 1305 2629 ccelum
1331 2566 1538 2623 recessit
1572 2572 1631 2616 ut
1670 2559 1798 2613 liber
1836 2556 2121 2610 involutus.

552 2678 707 2735 Sicut
752 2672 970 2744 reprobi
999 2669 1067 2724 ab
1092 2662 1368 2725 Ecclesia,
1400 2672 1506 2713 non
1550 2665 1778 2722 corpore
1805 2647 1902 2703 sed
1951 2652 2126 2698 trans-

552 2766 922 2842 gressionibus
948 2760 1166 2821 cadunt,
1215 2754 1295 2810 sic
1321 2750 1512 2807 eadem
1562 2740 1807 2799 Ecclesia
1860 2737 1913 2791 in
1943 2732 2128 2789 electis

1472 2838 1486 2842 -
1524 2837 1546 2842 -
1572 2836 1585 2842 -
1991 2839 2034 2842 ,-
2069 2822 2125 2842 λ-

552 2822 666 2918 :uis
685 2873 792 2913 non
818 2855 1073 2910 abscessu
1100 2843 1363 2914 corporis,
1394 2838 1491 2895 sed
1517 2836 1622 2891 fide
1647 2841 1702 2887 et
1730 2828 2042 2900 operatione
2063 2822 2129 2876 de

555 2951 732 3009 medio
757 2945 1020 3002 malorum
1047 2913 1270 2993 recedit.
1302 2932 1447 2987 Bene
1473 2934 1654 2982 autem
1676 2937 1775 2992 per
1808 2920 2004 2973 librum
2028 2913 2131 2967 Ec-

556 3043 718 3099 clesia
751 3037 1085 3105 designatur,
1113 3026 1239 3098 quia
1271 3024 1436 3079 totius
1463 3020 1589 3074 vita!
1616 3013 1852 3071 caelestis
1874 3006 2130 3065 mandata

558 3136 612 3188 in
644 3144 703 3186 se
732 3126 992 3187 continet,
1039 3134 1147 3174 non
1193 3116 1250 3172 in
1294 3110 1624 3169 membranis
1657 3114 1866 3160 tantum
1905 3099 2131 3161 calamo,

560 3222 656 3277 sed
694 3218 857 3274 etiam
907 3215 959 3269 in
1003 3210 1199 3267 tabulis
1227 3205 1407 3264 cordis
1454 3199 1766 3258 carnalibus
1808 3193 1903 3250 Dei
1943 3188 2136 3261 spiritu

562 3314 782 3382 scripta.
825 3309 892 3363 Et
924 3314 1051 3362 nota
1077 3303 1204 3373 quia
1250 3298 1520 3353 involutus
1566 3292 1703 3347 liber
1741 3289 1969 3351 dicitur;
2001 3283 2140 3336 sicut

2216 1824 2390 1878 mines
2411 1818 2680 1889 fugientes
2701 1814 2904 1875 dicant,
2928 1810 3228 1863 audiamus.

2285 1936 2450 1989 Vens.
2480 1930 2565 1984 16.
2584 1925 2733 1980 -Ει
2760 1925 2940 1978 dicunt
2970 1920 3252 1983 montibus,
3292 1917 3478 1972 Cadite
3500 1932 3663 1987 super
3687 1934 3801 1981 nos,

2216 2036 2264 2080 et
2300 2020 2596 2078 abscondite
2623 2033 2715 2071 nos
2745 2032 2777 2068 a
2822 2013 2957 2083 facie
3006 2009 3231 2065 sedentis
3274 2024 3430 2077 super
3453 2008 3725 2072 thronum,
3755 2018 3804 2061 et

2218 2115 2282 2169 ab
2306 2115 2386 2166 ira
2417 2109 2569 2181 Agni.
2600 2107 2679 2161 Ac
2706 2105 2751 2159 si
2800 2110 2983 2172 aperte
3011 2099 3192 2155 dicant
3218 2115 3233 2151 :
3281 2097 3653 2153 Misericordia
3684 2097 3803 2150 atii-

2218 2220 2365 2260 mum
2417 2201 2616 2256 ﬂectite
2649 2237 2663 2262 ,
2703 2207 2909 2265 nosque
2935 2192 3040 2262 piis
3084 2189 3574 2244 interventionibus
3611 2189 3687 2242 ab
3731 2189 3807 2243 ira

2214 2293 2507 2367 judicantis
2534 2289 2717 2359 tegite.
2759 2285 2878 2341 Non
2931 2291 3111 2338 autem
3142 2297 3171 2335 a
3196 2279 3337 2335 facie
3362 2279 3652 2349 parcentis,
3715 2278 3811 2333 Sed

2221 2401 2253 2440 a
2278 2384 2415 2438 facie
2442 2396 2541 2435 nos
2581 2376 2896 2432 abscondite
2944 2370 3252 2426 irascentis.
3303 2368 3411 2423 Cur
3446 2368 3514 2421 ita
3544 2367 3814 2436 pertime-

2223 2485 2397 2539 scant,
2428 2473 2605 2527 adhuc
2650 2466 2980 2536 subjungth
3005 2481 3018 2516 :
3046 2463 3231 2535 (Vens.
3265 2460 3354 2532 l7)
3384 2459 3652 2526 Quoniam
3678 2460 3816 2512 venit

2224 2569 2335 2622 dies
2365 2580 2586 2635 magnus
2608 2562 2703 2615 ira:
2728 2558 2866 2626 ejus,
2895 2565 2943 2610 et
2970 2554 3085 2626 quis
3106 2552 3296 2623 poterit
3315 2560 3454 2605 stare
3477 2550 3504 2603 .’
3530 2549 3816 2618 Tanquam

2226 2663 2409 2717 dicant
2436 2673 2451 2712 :
2483 2656 2542 2711 Si
2570 2655 2712 2710 illius
2762 2652 2862 2707 Dei
2890 2649 3029 2703 iram
3061 2653 3280 2702 sanctus
3299 2641 3663 2714 pertimescit,
3694 2640 3820 2709 quis

2226 2761 2473 2808 nostrum
2495 2743 2792 2802 subsistet?
2812 2738 3086 2796 Praeteriri
3112 2741 3335 2808 possunt
3351 2734 3468 2787 hinc
3489 2730 3675 2786 omnia
3697 2745 3819 2799 qua:

2229 2845 2296 2900 de
2334 2845 2532 2900 sanctis
2562 2842 2704 2897 dicta
2729 2847 2876 2905 sunt,
2920 2847 2975 2895 ct
3002 2838 3069 2892 de
3094 2833 3338 2904 reprobis
3366 2829 3596 2900 intelligi
3628 2843 3646 2883 :
3672 2843 3824 2883 mon-

2230 2945 2312 2991 tes
2340 2936 2504 3000 enim,
2537 2930 2751 3000 superbi
2782 2938 2906 2984 sunt
2934 2945 2950 2993 ;
2983 2926 3189 2990 insulse,
3221 2920 3402 2989 cupidi
3427 2936 3442 2984 ;
3467 2919 3629 2989 juxta
3661 2917 3822 2971 illud:

2161 3058 2208 3122 ο
2238 3024 2423 3080 Tacete
2435 3025 2534 3122 gui
2544 3024 2791 3078 habitatis
2812 3023 2866 3075 in
2895 3016 3094 3083 insula,
3119 3013 3412 3085 negotiatio
3439 3010 3662 3065 Sidonis
3688 3006 3824 3079 (Isa.

2241 3132 2400 3180 χχιιι,
2431 3114 2509 3187 2).
2541 3114 2737 3185 Reges,
2791 3120 2847 3167 et
2888 3110 3179 3182 principes,
3210 3114 3264 3161 et
3304 3102 3507 3159 tribuni
3566 3102 3832 3171 reprobos

2235 3207 2541 3279 designant,
2583 3206 2736 3276 juxta
2784 3202 3103 3272 qualitatem
3136 3198 3240 3252 sui.
3272 3196 3477 3250 Divites
3522 3192 3648 3245 illos
3674 3191 3831 3254 dicit,

2237 3298 2329 3370 qui
2360 3312 2467 3352 non
2500 3295 2739 3365 indigent
2767 3293 2941 3348 alieno
2975 3288 3241 3359 adiutorio
3282 3284 3349 3340 ad
3378 3282 3580 3338 malum
3611 3298 3627 3334 :
3660 3281 3833 3335 fortes

563 3408 707 3463 enim
751 3418 857 3457 non
905 3370 1118 3453 videtur
1162 3392 1291 3463 quid
1336 3390 1476 3443 liber
1524 3384 1794 3440 involutus
1840 3377 2139 3438 contineat,
2240 3397 2421 3444 autem
2466 3385 2533 3440 ad
2564 3383 2891 3439 miscendam
2920 3380 3281 3436 ebrietatem:
3331 3387 3549 3429 servum
3591 3370 3833 3440 pem“,

565 3495 669 3550 nisi
703 3493 770 3547 ab
811 3490 914 3545 illis
955 3486 1152 3558 quibus
1180 3461 1478 3535 uoluntate
1518 3473 1796 3542 aperitur;
1838 3469 1917 3522 sic
1944 3466 2145 3519 electo-

2239 3479 2468 3535 liberum
2495 3475 2742 3546 justitim.
2772 3472 2886 3527 Hoc
2910 3484 3100 3526 omnes
3130 3483 3237 3522 non
3264 3464 3486 3520 dubium
3523 3469 3608 3517 est
3650 3461 3837 3515 immi.

564 3603 686 3644 rum
734 3580 975 3639 Ecclesia
1022 3568 1414 3646 persecutionis
1440 3575 1684 3633 tempore
1715 3559 1907 3614 intima
1940 3572 2036 3610 sua
2091 3561 2146 3608 et
2244 3578 2407 3623 “eme
2434 3567 2614 3621 ςυιυτο
2640 3563 2844 3635 judicio
2872 3565 2940 3616 ad
2965 3560 3223 3615 auxilium
3252 3557 3552 3612 ἀερωοηυω
3574 3566 3836 3611 cum”.

566 3674 838 3737 extraneis
862 3668 1082 3731 claudit,
1105 3674 1159 3721 et
1187 3663 1300 3719 suis
1328 3659 1563 3714 discrete
1597 3655 1743 3709 intus
1757 3650 1951 3721 aperit.

640 3768 710 3821 Et
727 3763 891 3818 omnis
916 3775 1062 3815 mons
1082 3765 1130 3810 et
1154 3750 1340 3807 insulae
1352 3750 1415 3803 de
1438 3746 1563 3802 locis
1584 3745 1691 3799 suis
1702 3751 1855 3796 motw
1880 3748 2022 3795 sunt.
2043 3737 2151 3791 Per

574 3864 784 3913 montes
806 3849 1076 3923 praacelsa:
1092 3842 1368 3917 dignitatis
1380 3841 1528 3894 viros
1551 3838 1809 3892 debemus
1829 3830 2147 3900 intelligere,

573 3949 665 4021 qui
702 3947 837 4002 alios
862 3940 1046 3997 verbis
1074 3947 1129 3992 et
1153 3916 1444 3989 virtutibus
1474 3926 1881 3983 transcendunt.
1917 3922 1992 3974 De
2031 3916 2153 3987 qui-

572 4042 677 4098 bus
697 4037 893 4095 dicitur
917 4051 929 4087 :
944 4028 1142 4087 Levavi
1163 4023 1348 4081 oculos
1360 4035 1509 4076 meos
1525 4018 1591 4072 ad
1607 4024 1817 4071 montes
1832 4010 2005 4085 (Psal.
2026 4023 2153 4073 cxx,

577 4132 652 4205 1).
689 4129 794 4183 Per
823 4122 1025 4180 insulas
1068 4131 1201 4172 vero
1228 4111 1455 4168 minoris
1491 4107 1714 4179 justitiaa
1739 4102 1985 4158 homines
2012 4099 2155 4154 acci-

577 4187 758 4292 pimus
804 4215 980 4269 adhuc
1034 4208 1089 4262 in
1137 4200 1577 4259 tribulationibus
1608 4195 1950 4249 ﬂuctuantes.
2004 4187 2158 4255 Quod

579 4330 708 4387 ergo
734 4316 943 4367 montes
972 4312 1029 4360 et
1055 4299 1242 4357 insulze
1269 4297 1335 4351 de
1379 4293 1513 4348 locis
1542 4290 1654 4345 suis
1680 4295 1839 4342 motae
1882 4286 2156 4347 dicuntur,

582 4409 652 4464 ad
681 4402 1017 4474 superiorem
1048 4394 1265 4451 sensum
1290 4386 1545 4458 pertinet,
1591 4396 1699 4452 quo
1728 4386 2039 4435 sanctorum
2067 4375 2158 4430 Ec-
2188 4400 2241 4460 ι)

584 4494 749 4552 clesia
788 4490 892 4545 ﬁde
941 4494 997 4542 et
1036 4496 1200 4555 opere
1242 4494 1273 4532 a
1301 4475 1563 4530 malorum
1612 4469 1817 4525 recedit
1864 4465 2159 4522 consortio.

586 4585 751 4655 Quasi
774 4582 916 4638 enim
957 4577 1107 4632 locus
1126 4572 1243 4642 ejus
1268 4576 1385 4625 erat
1413 4565 1681 4637 permixta
1699 4559 2042 4617 conversatio
2058 4573 2166 4611 ma-

586 4651 780 4733 lorum.
811 4671 995 4745 (Vsus.
1026 4666 1136 4737 15.)
1193 4662 1261 4716 Et
1291 4676 1432 4731 reges
1479 4666 1657 4721 terra',
1702 4664 1752 4708 et
1785 4651 2071 4724 principes,
2114 4658 2162 4702 et

588 4738 884 4830 tribuni,‘et
907 4758 1109 4820 divites,
1156 4762 1205 4807 et
1223 4753 1406 4823 fortes,
1427 4757 1477 4803 et
1507 4746 1676 4801 omnis
1704 4759 1906 4806 servus,
1937 4749 1986 4795 et
2012 4738 2162 4802 liber,

591 4855 970 4931 absconderant
1006 4865 1061 4904 se
1107 4847 1163 4901 in
1189 4841 1470 4916 speluncis,
1500 4849 1548 4893 et
1602 4838 1657 4891 in
1700 4835 1857 4907 petris
1885 4831 2162 4886 montium.

592 4956 766 5023 Reges
790 4927 918 5005 sunt
939 4943 1030 5014 qui
1046 4941 1263 5010 seipsos
1284 4938 1421 4991 bene
1436 4938 1647 5003 regunt.
1669 4926 1932 4983 Similiter
1943 4929 2000 4978 et
2017 4921 2166 4992 prin-

594 5009 741 5111 cisz
765 5080 780 5105 ,
808 5037 899 5107 qui
930 5009 1037 5089 non
1067 5009 1207 5086 sicut
1241 5040 1414 5097 reges,
1460 5032 1639 5077 tamen
1677 5025 1738 5072 ut
1763 5020 1990 5086 possunt
2022 5009 2170 5065 vitiis

596 5106 872 5186 resistunt.
919 5120 1182 5178 Similiter
1218 5114 1417 5170 tribuni
1454 5110 1567 5181 jam
1598 5106 1824 5163 minoris
1851 5110 1977 5159 sunt
2022 5108 2173 5173 pote-

596 5221 774 5286 statis,
812 5229 975 5288 quam
999 5208 1273 5282 principes
1300 5224 1316 5271 ;
1343 5209 1718 5259 verumtamen
1740 5203 1796 5252 et
1820 5194 1946 5265 ipsi,
1967 5200 2027 5247 ut
2053 5203 2175 5262 pos-

602 5318 746 5376 sunt,
761 5284 1039 5364 ire—sistunt
1082 5295 1315 5355 diabolo.
1342 5293 1545 5348 Divites
1573 5288 1702 5345 dicit
1725 5284 2037 5348 virtutibus,
2064 5294 2174 5335 non

603 5368 809 5465 rebus;
840 5394 1007 5452 fortes
1030 5400 1247 5461 quoque
1290 5398 1398 5439 non
1433 5393 1683 5461 corpore,
1725 5377 1821 5433 sed
1867 5374 2068 5428 animo.
2108 5368 2173 5423 Hi

609 5488 771 5559 igitur
796 5460 1061 5543 extrema,
1083 5476 1458 5551 persecutione
1486 5470 1619 5525 nihil
1643 5471 1709 5524 de
1752 5466 1864 5522 suis
1885 5460 2180 5518 virtutibus

608 5585 993 5645 praesumentes
1026 5575 1080 5626 in
1110 5565 1360 5625 cavernis
1409 5570 1466 5616 et
1516 5561 1571 5614 in
1596 5557 1867 5628 speluncis
1915 5550 2178 5608 montium

610 5674 671 5716 se
697 5662 1066 5723 abscondunt,
1105 5655 1358 5725 quoniam
1391 5656 1698 5705 sanctorum
1748 5640 1999 5711 suffragia
2033 5653 2176 5706 qua:—

2245 3675 2368 3716 eum
2418 3658 2687 3727 desperati
2716 3659 2783 3712 ad
2822 3653 3116 3725 quemlibet
3153 3656 3462 3704 sanctorum
3488 3662 3596 3699 non
3630 3658 3837 3713 prensu-

2248 3757 2402 3806 munt
2424 3748 2699 3802 accedere.
2730 3745 2844 3800 Hoc
2877 3753 2960 3799 est
2985 3742 3129 3797 enim
3162 3754 3257 3794 eos
3286 3738 3341 3791 in
3363 3734 3638 3805 speluncis
3658 3740 3713 3787 et
3743 3747 3838 3800 pe-

2250 3840 2351 3895 tris
2385 3836 2647 3892 montium
2690 3832 2920 3889 latibula
2960 3843 3225 3900 quierere.
3270 3825 3373 3881 Sed
3397 3820 3674 3892 quomodo
3703 3820 3845 3873 alios

2253 3936 2319 3989 ab
2345 3934 2424 3988 ira
2460 3930 2659 3987 furoris
2690 3926 2976 3983 defendent
3004 3922 3095 3993 qui
3142 3921 3285 3974 hanc
3326 3914 3483 3986 primi
3510 3909 3843 3982 excipient?

2255 4026 2497 4095 Denique
2546 4023 2662 4078 hinc
2696 4019 2878 4075 omnia
2914 4016 3078 4071 etiam
3102 4011 3255 4082 juxta
3304 4010 3537 4063 litteram
3574 4016 3844 4073 magnum

2255 4116 2595 4173 audientibus
2640 4113 2887 4167 timorem
2915 4106 3223 4168 incutiunt;
3255 4101 3349 4157 sed
3389 4115 3495 4154 non
3540 4104 3841 4167 propterea

2258 4207 2500 4278 ﬁguratae
2528 4201 2856 4259 elocutiones
2875 4196 3134 4252 violenter
3156 4193 3226 4247 ad
3245 4190 3483 4245 litteram
3508 4183 3849 4240 innectendas

2261 4305 2408 4355 sunt.

2864 4399 3091 4457 CAPUT
3130 4398 3240 4453 VII.

2345 4548 2507 4603 Vens.
2537 4543 2588 4596 ἱ.
2607 4540 2761 4594 —-Et
2786 4547 2899 4609 post
2925 4536 3035 4589 haec
3081 4532 3184 4588 vidi
3206 4538 3435 4602 quatuor
3468 4521 3685 4595 angelos
3706 4529 3863 4575 stats—

2270 4652 2345 4696 tes
2383 4653 2539 4710 super
2585 4643 2811 4706 quatuor
2839 4627 3059 4700 angulos
3109 4637 3264 4678 terra:
3286 4662 3302 4685 ,
3359 4627 3585 4673 tenentes
3623 4620 3864 4683 quatuor

2270 4738 2446 4784 ventos
2481 4735 2656 4790 teme,
2684 4714 2757 4778 ne
2806 4719 2961 4774 ﬂaret
2988 4724 3187 4772 ventus
3225 4726 3382 4782 super
3416 4718 3636 4769 terram,
3692 4716 3868 4771 neque

2270 4834 2428 4889 super
2450 4829 2616 4878 mare,
2654 4825 2828 4880 neque
2849 4821 3011 4877 super
3045 4802 3208 4857 ullam
3230 4799 3487 4854 arborem.
3540 4790 3867 4846 Notandum

2267 4909 2393 4979 quia
2416 4923 2446 4962 a
2470 4905 2647 4977 primo
2692 4914 2865 4969 usque
2892 4897 2959 4952 ad
3009 4902 3221 4951 sextum
3267 4887 3497 4958 sigillum
3524 4880 3871 4953 perveniens

2269 4969 2514 5055 ordinem
2546 4992 2848 5049 custodisse
2871 4987 3103 5042 videtur.
3131 4982 3240 5038 Sed
3269 4975 3637 5050 praetermisso
3686 4969 3869 5038 septi-

2271 5105 2380 5153 mo,
2412 5088 2480 5142 ad
2500 5085 2713 5141 initium
2743 5076 3133 5136 incarnationis
3147 5070 3350 5129 Christi
3379 5067 3539 5129 redit,
3563 5074 3617 5118 et
3644 5078 3716 5117 ea
3744 5075 3873 5130 quae

2277 5189 2565 5238 exsecutus
2610 5176 2803 5237 fuerat,
2830 5169 3054 5226 mutatis
3086 5165 3433 5236 aenigmatum
3461 5156 3653 5237 ﬁguris
3682 5151 3873 5208 brevi-

2278 5284 2364 5330 ter
2386 5267 2708 5339 recapitulat
2735 5281 2748 5317 :
2774 5270 2936 5330 atque
2964 5258 3183 5314 easdem
3209 5255 3342 5310 duas
3371 5247 3722 5305 narrationes
3746 5256 3877 5310 sep-

2278 5365 2410 5421 timo
2438 5360 2613 5431 sigillo
2633 5354 2927 5418 concludit,
2957 5365 3079 5421 qua:
3106 5341 3483 5415 recapitulatio
3505 5352 3619 5393 non
3650 5346 3879 5403 semper

2278 5456 2382 5510 isto
2409 5452 2587 5514 modo,
2615 5447 2710 5504 sed
2739 5443 2967 5500 diversis
2993 5442 3074 5496 tit.
3113 5435 3252 5505 Quid
3282 5434 3468 5502 itaque
3502 5442 3606 5500 per
3633 5432 3881 5497 quatuor

2279 5543 2500 5614 angelos
2536 5512 2758 5611 figurari
2783 5577 2798 5601 ,
2840 5534 2945 5589 nisi
2990 5543 3187 5599 corpus
3215 5523 3423 5594 antiqui
3465 5520 3646 5575 hostis
3678 5512 3878 5570 intelli-

2282 5600 2501 5707 gimus?
2540 5600 2769 5701 PrOpter
2815 5631 3044 5695 quatuor
3098 5627 3277 5674 autem
3324 5610 3654 5685 principalia
3688 5600 3879 5662 mundi
