4002 6186
290 166 424 221 “29

1043 170 1450 226 EXEGETICA.
1489 197 1561 212 --
1599 167 1948 224 COMMENT.
1992 169 2056 223 iN‘
2094 167 2379 223 APOCAL.
2421 197 2493 206 —-—
2528 166 2652 220 L18.
2691 166 2774 220 iV.

3383 167 3516 221 “:10

285 289 474 345 regna,
503 275 844 346 Assyriorum
870 277 1094 341 scilicet,
1125 277 1422 341 Medorum,
1463 278 1748 332 Persarum
1769 278 1852 331 vel
1885 287 1929 342 Α
1958 290 2280 346 quemquam
2333 285 2566 345 portare,
2612 276 2715 329 nisi
2753 277 2980 344 accipiat
3009 284 3058 331 et
3091 277 3348 340 interius;
3394 279 3519 346 quia

290 364 633 420 Macedonum
662 372 826 433 atque
877 365 1239 419 Romanorum
1266 405 1279 428 ,
1312 366 1365 418 in
1391 365 1586 433 quibus
1613 365 1856 419 diabolus

286 470 384 528 per
395 455 705 511 idololatrim
716 455 976 510 culturam
991 456 1249 525 regnavit,
1264 466 1494 525 quatuor
1506 456 1558 510 in
1575 456 1855 524 reprobam

289 556 494 616 partem
524 543 696 613 angeli
728 553 1018 614 ponuntur.
1062 545 1194 598 ilinc
1237 543 1727 598 Nabuchodonosor
1748 552 1857 597 sta-

290 646 436 690 tuam
458 635 612 698 vidit,
638 633 792 702 cujus
827 643 990 702 caput
1017 643 1135 688 erat
1163 649 1228 688 ex
1260 648 1394 688 auro
1414 673 1429 697 ,
1460 643 1648 702 pectus
1675 641 1853 686 autem

290 737 345 782 et
385 726 604 781 brachia
649 726 716 779 de
742 734 989 793 argento,
1036 740 1198 794 porro
1235 735 1423 779 venter
1447 733 1502 780 et
1553 723 1757 778 femora
1784 738 1849 778 ex

288 831 418 880 aere,
441 815 586 870 tibia:
613 823 788 868 autem
811 813 1018 868 ferrem.
1053 813 1110 868 ln
1137 828 1271 867 auro
1299 814 1441 867 enim
1487 812 1851 884 Assyriorum,

288 907 343 960 iu
369 914 593 975 argento
622 905 917 968 Medorum,
964 905 1015 958 in
1039 920 1146 960 tere
1170 904 1454 958 Persarum
1503 904 1585 958 vel
1613 903 1858 958 Macedo-

288 1011 441 1058 num,
473 996 525 1048 in
572 995 718 1048 ferro
761 993 1126 1047 Romanorum
1156 1008 1378 1063 regnum
1427 993 1706 1062 ﬁguratur.
1738 991 1855 1046 Non

289 1094 468 1140 autem
518 1084 713 1138 mirum
746 1098 841 1151 per
871 1083 1092 1151 angelos
1129 1068 1304 1136 malos"
1343 1081 1586 1136 homines
1614 1081 1854 1151 (igurari,

289 1191 411 1230 cum
438 1175 502 1229 de
529 1174 664 1228 Juda
695 1174 894 1228 dictum
926 1175 996 1228 sit
1025 1191 1038 1225 :
1073 1170 1219 1227 Unus
1245 1189 1310 1227 ea:
1337 1173 1479 1227 vobis
1516 1172 1754 1227 diabolus
1780 1184 1856 1227 est

292 1262 471 1334 (Joan.
503 1279 577 1326 v1,
611 1263 720 1331 70).
755 1261 1041 1316 Sciendum
1078 1276 1290 1332 quoque
1335 1263 1437 1316 hoc
1465 1277 1582 1317 esse
1628 1271 1858 1331 quatuor

289 1353 507 1422 angelos
553 1351 695 1421 quod
731 1361 962 1421 quatuor
1003 1362 1224 1417 ventos;
1256 1351 1411 1419 juxta
1443 1351 1678 1408 Danielis
1732 1367 1857 1421 pro-

289 1445 525 1515 phetiam
557 1444 826 1498 dicentis:
868 1443 1002 1497 Ecce
1044 1452 1270 1512 quatuor
1297 1445 1433 1497 venti
1476 1443 1775 1514 pugnabant
1801 1443 1856 1499 in

289 1533 422 1587 mari
447 1550 634 1602 magno
657 1550 674 1595 ,°
697 1543 744 1586 et
773 1543 1000 1604 quatuor
1031 1532 1203 1588 bestia:
1230 1532 1604 1587 descendebant
1629 1533 1694 1587 de
1722 1533 1857 1587 mari

1898 1229 1900 1231 .
1956 1173 2243 1243 Evangelia
2287 1174 2402 1227 sive
2442 1183 2674 1241 quatuor
2729 1174 3055 1244 principales
3096 1174 3324 1228 virtutes

1956 365 2089 418 fides
2117 366 2232 418 sine
2255 364 2506 432 operibus
2529 367 2700 418 otiosa
2729 373 2831 420 est.

2027 455 2187 509 Vsus.
2211 454 2412 508 4.--Ετ
2439 455 2614 509 audiri
2641 471 2911 509 numerum
2938 454 3278 525 signatorum,
3312 466 3516 511 centum

1954 545 2306 614 quadraginta
2342 553 2568 614 quatuor
2589 543 2754 597 millia
2783 545 2993 614 signati,
3025 561 3088 598 ex
3116 545 3257 598 omni
3284 544 3419 598 tribu
3447 546 3518 614 ﬁ—

1955 635 2143 688 liorum
2167 632 2354 686 Israel.
2382 633 2589 687 Finitus
2606 642 2686 688 est
2701 647 2952 688 numerus
2965 647 3062 704 pro
3082 631 3289 688 infinito
3313 649 3441 689 :nec
3454 634 3522 689 ad

1956 724 2235 778 duodecim
2271 730 2478 777 tantum
2518 723 2690 778 tribus
2722 724 2883 778 Israel
2925 724 3158 792 pertinet
3185 740 3201 788 ;
3231 725 3322 778 sed
3348 725 3524 779 omnis

1956 811 2193 866 Ecclesia
2238 826 2336 880 per
2361 812 2503 865 hunc
2534 812 2586 865 in
2607 813 2794 868 electis
2821 813 3148 882 designatur.
3181 812 3315 868 Nam
3343 822 3524 868 terna-
3620 835 3624 839 ι

1956 903 2068 957 rius
2092 903 2145 956 in
2173 901 2448 970 Scriptura
2474 917 2628 956 sacra
2672 901 2939 972 perfectus
2978 913 3061 957 est
3089 916 3364 967 numerus,
3388 919 3525 974 prm-
3618 887 3624 948 Ῐ

1956 992 2142 1047 sertim
2170 991 2295 1060 quia
2351 990 2670 1044 Trinitatem
2699 991 2934 1045 ostendit
2961 1007 2975 1055 ;
3004 991 3253 1046 similiter
3291 1001 3347 1045 et
3392 1008 3525 1061 qua-

1957 1083 2223 1138 ternarius
2249 1089 2469 1151 propter
2493 1090 2726 1151 quatuor
2752 1083 2935 1137 mundi
2963 1065 3142 1152 partes
3163 1084 3248 1137 vel
3294 1092 3526 1152 quatuor

3372 1191 3386 1226 :
3424 1174 3527 1229 "his

1954 1278 2050 1334 per
2084 1277 2142 1317 se
2187 1257 2363 1317 ductis
2401 1260 2469 1315 ad
2513 1261 2902 1316 duodenarium
2948 1263 3312 1331 pervenimus,
3354 1263 3446 1333 qui
3473 1271 3530 1317 et

1956 1354 2069 1424 ipse
2110 1361 2333 1425 propter
2374 1352 2653 1408 duodecim
2702 1353 2876 1407 tribus
2917 1352 3002 1406 vel
3056 1351 3337 1408 duodecim
3397 1367 3530 1423 apo-

1957 1446 2123 1501 stolos
2148 1455 2390 1501 sacratus
2443 1454 2525 1499 est
2573 1444 2944 1499 :millenarius
2997 1452 3174 1498 autem
3211 1444 3529 1498 univcrsita-

1957 1545 2064 1590 tem
2115 1536 2374 1606 designat,
2410 1535 2564 1605 juxta
2610 1533 2738 1589 illud
2783 1552 2796 1587 :
2853 1532 2921 1588 In
2965 1532 3106 1588 mille
3150 1534 3524 1602 generationes.

290 1623 506 1677 diversa:
555 1622 690 1676 inter
733 1640 787 1676 se
832 1623 992 1692 (Dan.
1026 1638 1126 1688 vn,
1153 1622 1231 1693 2).
1268 1625 1464 1679 Ventos
1489 1624 1634 1678 enim
1662 1632 1718 1679 et
1744 1625 1866 1679 bes-
1893 1618 1940 1677 B
1965 1625 2201 1681 Ecclesia
2250 1626 2414 1696 igitur
2457 1625 2580 1696 quia
2634 1641 2698 1680 ex
2752 1625 3018 1680 universis
3066 1625 3314 1695 gentibus
3349 1625 3528 1679 Trini-

296 1713 400 1767 tias
429 1728 593 1766 unum
625 1727 745 1768 esse
766 1713 1039 1782 designat,
1085 1713 1138 1767 id
1169 1723 1252 1767 est
1281 1722 1514 1782 quatuor
1535 1714 1758 1783 prmfata
1779 1729 1862 1768 re-

290 1822 414 1878 gna.
440 1805 609 1877 Igitur
633 1822 754 1860 cum
777 1805 953 1874 angeli
972 1813 1161 1860 ventos
1208 1813 1411 1870 tenent,
1453 1808 1658 1877 seipsos
1679 1807 1864 1877 utique

295 1906 475 1953 tenent
509 1916 522 1950 :
552 1906 606 1950 et
643 1897 768 1966 quia
795 1911 982 1950 omnes
1031 1895 1398 1964 hujuscemodi
1426 1912 1622 1966 corpus
1663 1897 1863 1952 diaboli

289 1995 432 2052 sunt,
464 1998 519 2043 et
546 1988 659 2056 ipse
685 1988 736 2041 in
761 1988 839 2040 eis
867 1985 1201 2055 intelligitur.
1234 1986 1373 2051 Quid
1394 1987 1575 2056 itaque
1601 1985 1702 2042 fuit
1727 2003 1861 2056 qua-

291 2089 414 2134 tuor
431 2078 649 2148 angelos
677 2087 836 2134 terra:
857 2088 1092 2149 quatuor
1117 2087 1324 2142 ventos,
1361 2095 1431 2134 ne
1459 2077 1669 2140 ﬂarent,
1708 2087 1860 2134 tene-

293 2170 388 2226 re?
413 2171 512 2224 nisi
559 2171 825 2224 occultum
857 2170 1225 2225 adversarium
1251 2209 1267 2234 ,
1297 2168 1520 2237 ejusque
1547 2177 1720 2223 totum
1744 2183 1864 2223 cor-

294 2274 394 2328 pus
426 2260 498 2313 ita
541 2275 598 2314 se
627 2260 780 2314 unire
819 2268 982 2328 atque
1011 2260 1401 2328 constringere,
1435 2259 1507 2312 ita
1536 2273 1599 2312 os
1622 2260 1863 2312 omnium

293 2346 604 2417 prmfocare,
622 2348 870 2400 utnullus
895 2347 1114 2400 auderet
1131 2355 1320 2400 contra
1345 2346 1663 2400 idololatria:
1689 2347 1864 2400 cultu-

295 2451 412 2490 ram
439 2435 662 2490 verbum
693 2435 938 2489 veritatis
982 2435 1180 2489 eiilare.
1213 2434 1270 2488 in
1301 2442 1444 2488 terra
1469 2442 1646 2488 autem
1687 2436 1862 2488 diver-

295 2527 426 2581 sitas
453 2526 849 2596 provinciarum
874 2542 889 2590 ;
920 2526 973 2579 in
1001 2525 1136 2579 mari
1175 2524 1532 2580 numerositas
1557 2524 1868 2592 designatur

296 2618 614 2674 insularum.
668 2616 724 2669 in
776 2615 1061 2670 arboribus
1090 2629 1324 2684 quoque,
1355 2614 1479 2683 quia
1505 2628 1673 2684 genus
1719 2613 1867 2670 siluit

299 2707 407 2778 (Ita
445 2706 608 2778 cod.),
634 2721 735 2775 pro
767 2720 955 2760 earum
990 2706 1320 2769 diversitate,
1349 2704 1560 2760 diversa
1588 2705 1866 2759 hominum

298 2798 468 2854 oliicia
509 2800 920 2868 praesignantur.
952 2796 1057 2852 Sed
1081 2797 1205 2866 quia
1231 2812 1262 2849 a
1291 2795 1504 2850 diabolo
1532 2793 1868 2850 sull'ocabano

303 2899 409 2954 tur,
446 2888 660 2944 Domini
687 2888 769 2943 sui
799 2889 1032 2943 adventu
1057 2887 1226 2956 erepti
1267 2894 1410 2941 sunt.
1445 2886 1596 2941 Unde
1619 2900 1741 2941 mox
1777 2899 1866 2942 se-

303 2983 484 3050 quitur
508 3000 520 3036 :

370 3070 780 3131 Vsss.2.-—Et
807 3073 910 3128 ridi
951 3071 1192 3143 angelum
1239 3069 1460 3127 alterum
1506 3070 1868 3127 ascendentem

303 3163 370 3219 ab
400 3173 517 3218 ortu
546 3165 694 3229 solis,
721 3164 991 3217 habentem
1036 3164 1242 3233 signum
1288 3163 1381 3217 Dei
1404 3163 1524 3226 viui,
1550 3172 1596 3216 et
1625 3161 1869 3216 clamavit

304 3273 426 3310 uoce
447 3273 636 3326 magna
661 3265 889 3326 quatuor
915 3254 1134 3324 angelis,
1163 3254 1348 3324 quibus
1376 3254 1556 3307 datum
1583 3262 1657 3307 est
1687 3269 1870 3306 nocere

305 3354 457 3398 terra:
479 3353 526 3398 et
555 3346 712 3409 mari,
741 3343 924 3414 (Vsus.
947 3343 1024 3414 5.)
1055 3343 1230 3396 dicens
1255 3361 1272 3396 :
1303 3341 1480 3395 Nolite
1501 3359 1680 3396 nocere
1696 3351 1870 3407 terrae,

306 3447 478 3502 neque
525 3434 678 3496 mari,
727 3449 887 3504 neque
927 3432 1220 3496 arboribus,
1282 3447 1562 3501 quousque
1611 3432 1872 3502 signemus

305 3540 472 3578 servos
520 3523 618 3577 Dei
668 3523 833 3578 nostri
873 3523 929 3576 in
967 3521 1222 3590 frontibus
1273 3539 1472 3576 eorum.
1526 3522 1773 3577 Christus
1792 3531 1876 3576 est

306 3616 544 3686 angelus,
593 3615 716 3683 quia
746 3630 897 3668 nova:
954 3615 1077 3669 vita:
1128 3615 1322 3684 gaudia
1352 3615 1551 3669 mundo
1598 3615 1876 3668 nuntiasse

308 3705 668 3773 cognoscitur,
691 3705 756 3759 de
779 3720 887 3775 quo
909 3705 1167 3775 scriptum
1199 3713 1282 3759 est
1308 3722 1320 3757 :
1354 3705 1533 3775 Magni
1559 3705 1764 3759 consilii
1783 3721 1878 3757 an-

309 3800 451 3867 gelus
477 3796 610 3867 (lsa.
634 3813 711 3860 ix,
735 3796 788 3861 6,
823 3813 926 3850 sec.
953 3795 1145 3865 LXX).
1174 3796 1442 3850 Ascensus
1462 3803 1640 3848 autem
1665 3795 1731 3848 ab
1755 3801 1878 3847 ortu

311 3888 438 3940 solis
465 3887 554 3940 ille
577 3886 891 3953 intelligitur
919 3899 1026 3952 quo
1054 3885 1121 3938 ab
1152 3885 1264 3952 ipsa
1305 3884 1701 3938 resurrectione
1720 3923 1735 3948 ,
1760 3898 1880 3952 qum

312 3982 566 4043 tanquam
601 3987 772 4027 novus
815 3972 893 4026 sol
932 3972 1171 4033 emicuit,
1225 3979 1394 4026 totum
1424 3972 1682 4026 mundum
1733 3987 1881 4027 cres-

309 4065 481 4120 cendo
529 4063 773 4134 replevit,
825 4073 879 4118 et
908 4063 1214 4135 evangelica
1275 4063 1521 4118 doctrina
1569 4062 1878 4118 illustravit.

310 4154 409 4209 illa
437 4154 601 4210 etiam
629 4169 758 4210 voce
783 4163 1014 4223 quatuor
1048 4152 1358 4221 angelorum
1387 4153 1604 4208 noxiam
1643 4160 1880 4222 potesta-

315 4253 420 4301 tem
447 4261 477 4301 a
506 4243 722 4302 lusione
768 4244 1062 4314 prohibuit,
1092 4253 1147 4300 et
1184 4244 1238 4298 in
1261 4243 1576 4300 auctoribus
1619 4242 1780 4298 simul
1823 4249 1880 4297 et

313 4335 574 4392 ministris
594 4334 874 4406 confregit.
902 4335 1052 4390 Unde
1073 4343 1129 4390 et
1141 4333 1630 4391 Nabuchodonosor
1649 4335 1880 4404 lapidem

315 4423 384 4482 de
410 4434 591 4482 monte
619 4425 902 4495 praecisum
935 4425 1052 4480 sine
1078 4425 1326 4480 manibus
1347 4424 1626 4494 praefatam
1647 4432 1878 4480 statuam

313 4514 646 4585 percussisse
668 4513 802 4569 vidit
829 4514 881 4569 in
910 4515 1134 4584 pedibus
1160 4514 1374 4578 ferreis,
1393 4523 1450 4569 et
1474 4515 1875 4572 comminuisse.

316 4604 420 4663 Per
459 4620 617 4678 quem
659 4605 918 4662 Dominus
968 4603 1126 4662 Jesus
1167 4605 1417 4662 Christus
1458 4605 1768 4676 designatur
1813 4607 1880 4662 de

316 4699 484 4768 stirpe
509 4695 732 4753 Judaica
766 4697 883 4754 sine
909 4696 1141 4751 maritali
1164 4709 1327 4765 opere
1347 4703 1684 4766 procreatus,
1706 4696 1799 4765 qui
1823 4696 1879 4751 in

316 4788 540 4858 pedibus
579 4796 815 4844 statuam
855 4785 1141 4858 percussit,
1191 4793 1248 4841 et
1272 4787 1505 4851 cecidit;
1561 4787 1690 4855 quia
1736 4785 1887 4841 verbi

315 4877 696 4947 praedicatione
714 4876 1111 4934 extremitatem
1137 4875 1285 4945 regni
1309 4875 1672 4930 Romanorum
1691 4875 1884 4948 tetigit,

318 4976 374 5024 et
408 4966 632 5038 prmfata
666 4969 846 5024 seculi
877 4983 1041 5040 regna
1071 4967 1360 5023 salubriter
1385 4965 1638 5038 erigenda
1663 4979 1890 5022 conver—

321 5059 406 5114 tit.
438 5058 578 5112 ldem
607 5068 786 5112 autem
813 5061 1074 5114 mediator
1093 5058 1305 5130 signum
1333 5057 1426 5111 Dei
1455 5057 1651 5113 habere
1671 5057 1890 5126 dicitur,

320 5149 374 5202 id
400 5155 484 5202 est
509 5147 687 5201 crucis
732 5149 1068 5216 mysterium.
1099 5150 1252 5216 Quod
1299 5157 1476 5203 autem
1505 5163 1610 5202 non
1637 5130 1731 5212 ait,
1779 5147 1888 5218 sig-

324 5256 471 5306 nem,
514 5241 607 5296 sed
647 5241 931 5311 signemus,
979 5243 1212 5297 ostendit
1266 5242 1446 5312 plures
1473 5241 1527 5297 in
1555 5251 1614 5294 se
1638 5252 1758 5295 esse
1791 5252 1888 5308 per

325 5346 462 5401 quos
509 5329 639 5387 illud
675 5329 988 5401 mysterium
1013 5330 1349 5401 adimpletur.
1401 5331 1638 5389 Dicenda
1679 5344 1810 5386 vero
1833 5328 1889 5383 in

327 5417 600 5488 frontibus,
651 5417 959 5476 interiorem
985 5419 1259 5484 ostendit;
1292 5436 1416 5476 nam
1463 5422 1723 5495 sanguine
1765 5420 1889 5492 agni

331 5519 618 5578 utrumque
670 5514 877 5578 postem
928 5505 1148 5562 linimus
1176 5545 1192 5571 ,
1242 5523 1340 5562 nec
1387 5514 1604 5577 prodest
1655 5511 1893 5567 exterius

723 5602 994 5662 Ριτιιοι.
1047 5596 1117 5657 C.

1906 4288 1954 4352 C

1961 1720 2088 1773 tatis
2117 1719 2304 1772 notitia
2347 1726 2696 1789 aggregatur,
2746 1725 2800 1772 et
2854 1726 3082 1786 quatuor
3119 1717 3531 1786 Evangeliorum

1961 1806 2116 1862 libris
2165 1807 2460 1878 irrigatur,
2517 1818 2663 1863 recte
2713 1807 2764 1860 in
2818 1805 3077 1861 duodenis
3120 1805 3354 1860 millibus
3401 1805 3533 1876 ligu—

1963 1908 2132 1954 ratur.
2165 1898 2270 1954 Sed
2297 1909 2358 1955 ut
2376 1900 2429 1954 in
2457 1915 2521 1954 eo
2547 1900 2688 1969 quod
2708 1899 2934 1953 credidit
2963 1897 3290 1966 perﬁciatur,
3317 1912 3535 1952 necesse

1963 1999 2047 2046 est
2091 2000 2150 2045 ut
2177 1991 2538 2046 duodenarius
2564 1992 2786 2046 millium
2827 2006 3086 2045 numerus
3115 1993 3316 2061 quadra
3356 1993 3534 2047 solidi-

1964 2089 2072 2135 tate
2108 2082 2384 2150 jungatur.
2428 2081 2705 2136 Ducantur
2751 2096 2881 2151 ergo
2924 2081 3205 2135 duodecim
3237 2081 3403 2135 millia
3441 2095 3538 2150 per

1963 2181 2212 2243 quatuor,
2244 2181 2297 2226 et
2323 2173 2675 2242 quadraginta
2702 2179 2757 2226 et
2785 2180 2908 2226 octo
2942 2171 3106 2226 millia
3134 2171 3286 2225 ﬁunt.
3321 2171 3390 2226 Ut
3410 2187 3537 2227 vero

1965 2261 2031 2312 ad
2056 2261 2107 2314 id
2136 2261 2278 2328 quod
2301 2260 2547 2324 credidit,
2585 2261 2638 2314 id
2668 2268 2750 2314 est
2779 2260 2844 2314 ad
2889 2259 3170 2315 Trinitatis
3211 2261 3538 2330 contempla-

1964 2350 2186 2413 tionem,
2237 2350 2506 2418 pertingat
2541 2389 2555 2413 ,
2586 2350 2943 2418 quadraginta
2992 2357 3046 2403 ct
3075 2359 3198 2404 octo
3251 2350 3414 2404 millia
3457 2360 3535 2405 ter

1966 2435 2405 2506 multiplicentur,
2439 2445 2494 2491 et
2517 2437 2580 2491 de
2608 2451 2668 2490 se
2713 2439 2932 2490 centum
2953 2436 3305 2507 quadraginta
3329 2447 3383 2492 et
3410 2455 3540 2508 qua-

1968 2535 2089 2581 tuor
2111 2527 2276 2582 millia
2307 2528 2554 2582 reddunt.

2037 2618 2199 2672 Vsus.
2226 2617 2573 2687 55eq.—Ex
2619 2617 2753 2670 tribu
2797 2617 2940 2672 Jndu
2974 2619 3244 2673 duodecim
3271 2618 3436 2672 millia
3464 2619 3530 2673 si-

1966 2709 2219 2780 gnati;ex
2237 2709 2372 2762 tribu
2400 2708 2577 2762 Ruben
2600 2708 2869 2762 duodecim
2891 2709 3056 2764 millia
3079 2711 3270 2781 signati
3289 2727 3385 2776 ,‘ea:
3404 2710 3542 2765 tribu

1968 2795 2084 2852 God
2111 2798 2380 2852 duodecim
2403 2797 2568 2851 millia
2590 2798 2780 2868 signati
2804 2814 2824 2863 ;
2855 2815 2918 2852 ex
2942 2799 3079 2853 tribu
3109 2801 3241 2853 Aser
3271 2800 3542 2854 duodecim

1970 2887 2137 2942 millia
2163 2888 2356 2958 signati
2381 2905 2401 2954 ;
2426 2904 2491 2941 ea:
2532 2887 2669 2942 tribu
2700 2887 2948 2959 Nephlali
2971 2889 3242 2943 duodecim
3279 2888 3445 2943 millia
3472 2891 3546 2944 si-

1896 2951 1944 3015 α
1971 2982 2115 3052 gnati
2145 3024 2158 3045 ,
2192 2951 2257 3036 ea:
2283 2951 2420 3035 tribu
2455 2980 2699 3035 Manasse
2731 2951 3002 3035 duodecim
3029 2981 3197 3036 millia
3221 2982 3410 3052 signati
3432 2998 3452 3048 ;
3482 2998 3547 3037 ex

1960 3071 2104 3127 tribu
2133 3069 2346 3127 Simeon
2370 3070 2642 3126 duodecim
2688 3071 2855 3126 millia
2895 3072 3084 3144 signati
3109 3089 3128 3138 ;
3150 3089 3213 3126 ex
3256 3072 3394 3128 tribu
3423 3073 3548 3128 Levi

1969 3164 2240 3217 duodecim
2287 3163 2452 3217 millia
2479 3164 2708 3233 signati;
2737 3180 2801 3217 ea:
2838 3164 2972 3217 tribu
3005 3162 3250 3218 lssachar
3275 3164 3544 3220 duodecim

1969 3254 2135 3309 millia
2163 3255 2357 3325 signati
2385 3271 2405 3319 ;
2435 3270 2501 3308 ea:
2527 3255 2663 3308 tribu
2697 3253 2935 3308 Zabulon
2975 3255 3245 3309 duodecim
3281 3254 3448 3308 millia
3477 3257 3550 3309 si-

1971 3345 2146 3414 gnati;
2167 3359 2231 3397 επ
2251 3343 2388 3396 tribu
2409 3343 2598 3412 Ioseph
2612 3343 2883 3397 duodecim
2895 3343 3062 3396 millia
3083 3344 3272 3413 signati
3294 3360 3394 3408 ,'c.r
3414 3344 3549 3398 tribu

1970 3433 2252 3504 Benjamin
2293 3434 2566 3487 duodecim
2608 3433 2774 3488 millia
2821 3434 3032 3503 signa-ti.
3077 3433 3134 3488 Si
3181 3435 3248 3488 ad
3277 3435 3550 3490 Genescos

1975 3525 2256 3580 historiam
2285 3525 2630 3583 recurrimus,
2666 3524 2856 3576 horum
2900 3523 3113 3576 nomina
3134 3524 3286 3593 juxta
3314 3525 3550 3596 singulo-

1975 3633 2098 3672 rum
2117 3616 2470 3675 nativitatem,
2492 3628 2828 3682 nequaquam
2853 3613 2953 3667 hoc
2977 3614 3166 3670 ordine
3183 3615 3382 3671 inserta
3404 3617 3550 3674 inve-

1978 3709 2196 3770 nimus;
2239 3719 2366 3759 nam
2389 3703 2553 3758 Judas
2595 3703 2666 3758 ibi
2713 3713 2926 3773 quarto,
2973 3703 3060 3760 hic
3110 3707 3286 3777 primo
3331 3709 3550 3778 ponitur

1979 3795 2117 3850 loco.
2140 3795 2329 3848 Ruben
2359 3793 2433 3846 ibi
2470 3792 2663 3862 primo,
2696 3795 2784 3848 hic
2809 3794 3065 3848 secundo.
3099 3793 3211 3850 Gad
3236 3797 3307 3852 ibi
3336 3806 3548 3864 octavo,

1981 3887 2070 3941 hic
2095 3885 2272 3940 tertio.
2298 3883 2436 3938 Aser
2462 3883 2533 3938 ibi
2558 3898 2719 3948 nono,
2747 3884 2835 3938 hic
2861 3893 3074 3954 quarto.
3104 3884 3446 3956 Nephthalim
3477 3888 3548 3942 ibi

1983 3979 2212 4047 septimo
2237 4017 2251 4042 ,
2282 3977 2372 4033 hic
2416 3976 2621 4045 quinto.
2653 3975 2926 4030 Diana-sses
2951 3975 3021 4030 ibi
3073 3991 3232 4039 nono,
3264 3977 3352 4032 hic
3378 3988 3551 4032 sexto.

1985 4066 2201 4122 Simeon
2248 4067 2320 4120 ibi
2350 4066 2585 4120 secundo
2607 4105 2622 4130 ,
2657 4065 2747 4120 hic
2790 4065 3037 4134 septimo.
3095 4062 3224 4120 Levi
3253 4065 3329 4120 ibi
3370 4066 3551 4134 tertio,

1987 4157 2074 4212 hic
2092 4164 2284 4212 octavo
2316 4155 2434 4212 loco
2483 4155 2825 4227 subrogatur.
2855 4156 3100 4212 lssachar
3126 4166 3352 4222 tantum,
3382 4157 3555 4214 Zabu-

1983 4246 2092 4311 lon,
2118 4245 2338 4316 Joseph,
2391 4254 2554 4315 atque
2582 4245 2878 4317 Benjamin,
2916 4247 3057 4300 sicut
3083 4245 3157 4300 ibi
3188 4287 3202 4308 ,
3231 4247 3304 4301 ita
3333 4247 3426 4303 hic
3457 4263 3554 4324 po-

1987 4345 2206 4392 nuntur.
2245 4338 2358 4392 Dan
2384 4349 2518 4391 vero
2562 4337 2782 4406 quintus
2806 4333 2972 4392 Jacob
3001 4334 3144 4390 illius
3174 4337 3228 4390 in
3255 4337 3358 4395 hoc
3398 4325 3554 4409 spirl4

1987 4429 2080 4483 tali
2110 4427 2358 4495 catalogo
2410 4425 2736 4481 omnimodis
2761 4439 2866 4479 non
2895 4425 3172 4494 recipitur.
3202 4424 3308 4482 Sed
3335 4429 3437 4484 hoc
3456 4443 3554 4484 cur

1985 4517 2186 4574 factum
2213 4518 2304 4581 sit,
2332 4515 2488 4572 facile
2509 4515 2985 4571 animadvertimus
3017 4516 3064 4570 si
3101 4532 3134 4570 a
3160 4517 3342 4572 carnis
3361 4518 3556 4573 nativi-

1986 4616 2096 4663 tate
2123 4607 2320 4663 mentis
2365 4606 2713 4662 intentionem
2765 4619 3079 4662 revocemus
3099 4647 3117 4674 ,
3144 4613 3200 4663 et
3232 4621 3353 4663 cum
3391 4608 3555 4665 inter-

1985 4697 2380 4772 pretationibus
2423 4697 2702 4752 nominum
2743 4696 3038 4766 spiritalem
3065 4697 3120 4752 in
3149 4697 3230 4752 eis
3250 4699 3553 4770 prosapiam

1989 4789 2345 4860 requiramus.
2380 4785 2547 4843 Judas
2594 4785 2776 4855 itaque
2826 4784 3120 4843 confessio
3148 4789 3551 4858 interpretatur,

1990 4879 2104 4935 sive
2127 4877 2381 4941 laudatio,
2409 4875 2562 4946 cujus
2588 4875 2826 4932 nominis
2852 4876 3239 4948 interpretatio,
3266 4873 3393 4950 quid
3411 4880 3556 4936 aliud

1990 4969 2256 5037 designat,
2277 4981 2440 5037 quam
2460 4965 2849 5022 confessionem
2875 4976 3244 5037 peccatorum,
3266 4978 3322 5025 et
3343 4967 3554 5026 laudem

1989 5056 2291 5112 virtutum?
2315 5055 2573 5123 Quamvis
2595 5051 2948 5109 confessionis
2987 5055 3306 5112 "vocabulum
3326 5071 3426 5128 pro
3445 5057 3556 5112 lau~

1995 5150 2062 5204 de
2097 5147 2222 5217 puni
2265 5147 2556 5211 videatur;
2595 5147 2735 5200 unde
2770 5146 3030 5203 Dominus
3081 5149 3282 5204 nullum
3337 5151 3556 5207 omnino

1994 5238 2199 5295 habens
2217 5246 2490 5308 peccatum
2506 5237 2610 5292 ait:
2635 5235 2899 5306 Confiteor
2922 5237 3034 5305 tibi,
3060 5237 3240 5305 Pater,
3257 5249 3312 5296 et
3331 5241 3556 5313 reliqua.

1997 5327 2210 5401 (Matth.
2242 5341 2320 5393 xl,
2349 5326 2464 5398 25.)
2497 5327 2557 5382 In
2593 5327 2782 5383 Ruben
2825 5342 2954 5384 vero
2976 5369 2990 5394 ,
3019 5328 3111 5399 qui
3137 5329 3320 5386 videns
3363 5329 3558 5391 Filium

1995 5416 2081 5472 vel
2107 5416 2352 5472 videntes
2374 5416 2565 5472 Filium
2593 5417 2818 5483 dicitur,
2848 5418 2962 5489 ipsa
2989 5418 3246 5475 virtutum
3271 5434 3435 5493 opera
3463 5425 3557 5481 de-

1998 5508 2320 5580 signantur;
2370 5522 2511 5578 szpe
2533 5509 2676 5563 enim
2722 5508 2956 5564 filiorum
2993 5509 3254 5568 vocabulo
3299 5513 3560 5572 bonorum

3091 5604 3168 5665 36
