4010 6182
398 219 524 274 1151

1233 210 1300 260 Β.
1340 209 1398 262 F.
1444 205 1664 260 ALBlNl
1704 205 1831 260 SEU
1871 201 2141 257 ALCUINI
2182 199 2465 257 OPEBLM
2504 198 2682 252 PARS
2719 197 2782 250 ll.

3507 198 3646 254 “3'3

394 345 614 402 operum
643 327 847 382 fructus
882 324 1142 392 ﬁguratur
1165 337 1178 382 ;
1202 319 1354 389 iuxta
1400 317 1567 372 illud:
1612 315 1798 369 Videas
1828 314 1964 384 ﬁlios
1998 319 2038 371 Λ
2069 311 2318 374 efﬁcitur,
2349 309 2562 380 quando
2591 309 2764 361 vii-tus
2793 309 2846 360 in
2878 306 3190 360 inﬁrmitate
3217 307 3512 376 perﬁcitur.
3544 310 3651 365 tta-

392 422 623 492 ﬁliorum
665 427 871 470 tuorum
903 410 1072 482 (Psal.
1114 424 1320 468 cum,
1355 407 1440 478 6);
1488 408 1588 461 hoc
1616 415 1699 459 est
1738 407 1967 459 virtutes

395 527 466 568 ex
487 506 774 564 virtutibus
802 508 956 556 natas
989 517 1002 553 :
1033 510 1088 554 et
1119 498 1244 567 quia
1267 499 1528 550 virtutum
1549 511 1713 564 opera
1741 495 1965 548 aliorum

396 595 739 670 provectibus
791 590 1066 645 deservire
1099 587 1337 651 debent,
1383 593 1529 640 recte
1568 585 1754 639 videns
1802 583 1965 636 lilium

399 684 708 756 appellatur.
761 679 980 735 Scilicet
1011 687 1074 732 ut
1100 692 1164 732 ea
1207 677 1262 730 in
1303 676 1500 746 quibus
1530 690 1628 729 nos
1677 673 1969 744 profecisse

405 763 660 844 videmus,
704 771 823 825 aliis
850 769 1076 824 videnda
1127 765 1576 830 manifestemus;
1625 763 1777 831 juxta
1827 763 1972 818 aliud

401 865 608 932 Domini
645 879 659 916 :
699 861 764 916 Ut
795 862 1001 916 videant
1047 875 1205 929 opera
1230 868 1395 911 vestra
1423 856 1577 920 bona,
1606 866 1652 908 et
1679 855 1970 924 gloriﬁcent

401 958 614 1011 Patrem
641 965 869 1010 vestrum
896 953 984 1023 qui
1005 952 1060 1005 in
1090 949 1228 1004 caelis
1245 958 1332 1003 est
1354 947 1575 1019 .(Matth.
1610 963 1662 1012 v,
1696 946 1804 1017 16).
1830 945 1972 999 Bene

399 1033 752 1118 igitur'primo
771 1040 938 1096 Judas
960 1041 1198 1110 ponitur.

459 1133 672 1190 Deinde
708 1131 897 1185 Ruben
933 1129 1217 1193 succedit;
1258 1125 1384 1196 quia
1420 1125 1521 1180 nisi
1560 1140 1656 1194 per
1680 1123 1976 1178 confessio-

399 1238 523 1278 nem
549 1222 916 1277 renuntiemus
936 1219 1144 1273 actibus
1169 1217 1326 1271 malis
1344 1256 1358 1280 ,
1381 1231 1488 1269 non
1512 1213 1864 1268 informamur
1894 1226 1977 1266 re-

399 1313 502 1367 ctis
526 1319 582 1366 et
607 1310 834 1381 placitis.
862 1308 990 1374 Quis
1018 1307 1197 1376 itaque
1219 1305 1331 1374 jam
1363 1321 1467 1360 non
1497 1304 1678 1358 videat
1703 1303 1847 1370 quod
1873 1302 1976 1356 sia

399 1401 756 1473 primogenito
781 1399 958 1454 carnis
984 1399 1286 1453 inchoasset
1307 1437 1321 1460 ,
1348 1405 1404 1451 et
1426 1403 1618 1464 quarto
1644 1393 1762 1448 loco
1787 1391 1978 1447 Judam

401 1493 696 1563 posuisset,
717 1489 1012 1560 spiritalem
1041 1487 1294 1542 Ecclesiae
1317 1487 1621 1557 prosapiem
1644 1486 1828 1554 utique
1853 1499 1979 1539 con-

2070 420 2171 472 que
2202 403 2324 471 quia
2369 417 2474 454 non
2520 399 2690 453 solum
2731 398 2879 466 pacis
2919 406 3157 466 tempore
3195 397 3419 461 amicis,
3461 414 3650 453 verum

2069 496 2229 548 etiam
2285 494 2337 546 in
2387 493 2502 561 ipsa
2553 488 2925 558 persecutione
2974 487 3236 541 talentum
3288 487 3456 541 divini
3503 489 3654 544 verbi

2069 585 2240 655 gratis
2266 590 2490 651 erogant
2536 579 2794 642 inimicis,
2839 587 2962 648 apte
3005 586 3127 648 post
3170 576 3410 632 Zabulon
3454 577 3650 650 Joseplt

2072 674 2398 737 adnectitur,
2439 671 2531 740 qui
2571 676 2918 739 augmentum
2959 668 3365 736 interpretatur.
3413 666 3480 723 Ut
3501 669 3651 722 enim

2071 768 2138 821 de
2179 773 2396 834 accepta
2441 762 2668 832 pecunia
2705 760 2918 814 lucrum
2963 757 3232 822 referant,
3262 773 3362 812 nec
3393 758 3521 828 ipsis
3549 760 3655 814 ini—

2073 857 2227 911 micis
2255 857 2396 910 hanc
2422 862 2649 922 erogare
2678 850 2942 930 dubitant.
2974 848 3140 917 Igitur
3166 857 3226 901 ut
3254 849 3355 902 hos
3382 864 3570 904 omnes
3598 851 3653 905 in

2073 948 2293 1002 dextera
2317 945 2460 1015 regis
2477 941 2662 998 aeterni
2685 940 2940 995 locandos
2961 938 3251 1008 intelligas,
3273 939 3494 1007 pulchre
3511 939 3655 996 Ben-

2067 1036 2271 1105 jamin,
2308 1035 2361 1090 id
2405 1042 2490 1090 est
2531 1032 2672 1086 ﬁlius
2715 1031 2982 1093 dexterae,
3011 1037 3285 1100 postremo
3312 1029 3429 1084 loco
3466 1033 3661 1088 subro~

2074 1135 2252 1196 gatur,
2281 1136 2535 1194 tanquam
2560 1123 2674 1192 ipse
2699 1121 2770 1174 sit
2796 1119 2918 1173 finis
2943 1119 3170 1185 ordinis,
3205 1120 3258 1172 in
3289 1135 3398 1188 quo
3426 1121 3660 1176 felicitas
3695 1193 3701 1197 _

2075 1217 2639 1287 promittiturmternae
2663 1212 2946 1266 mercedis.

2159 1305 2354 1360 Sancta
2404 1320 2531 1374 ergo
2581 1301 2824 1357 Ecclesia
2875 1299 3212 1356 confessione
3263 1303 3550 1360 laudabilis
3602 1307 3658 1360 in

2079 1401 2234 1457 Juda.
2285 1401 2343 1454 in
2393 1399 2580 1453 Ruben
2632 1397 2735 1466 piis
2785 1395 3035 1465 operibus
3082 1395 3253 1450 claret
3302 1395 3544 1452 fecunda.
3599 1398 3661 1453 ιη

2080 1491 2197 1547 Gad
2239 1489 2598 1546 teutationum
2630 1487 2914 1543 exercitiis
2959 1484 3202 1556 probata.
3249 1487 3305 1540 In
3354 1487 3490 1542 Aser
3537 1499 3663 1557 post

399 1582 667 1638 ῖυάίεεθιῖ
694 1581 891 1637 verum
919 1580 1046 1648 (illia
1086 1580 1222 1632 bene
1250 1583 1539 1647 ορθτεηῑθε
1565 1591 1780 1644 semper
1807 1581 1981 1628 ῑθῐιιίὶ-
2011 1643 2047 1648 _
2083 1583 2323 1638 devictas
2355 1580 2676 1634 tentationes
2708 1579 2882 1633 beata.
2918 1575 2975 1630 in
3007 1575 3346 1646 Nephthalim
3377 1579 3662 1632 charitatis

404 1673 481 1728 tio
519 1671 657 1727 solet
694 1643 958 1741 probare,
976 1668 1104 1738 jure
1125 1674 1251 1738 post
1280 1643 1468 1720 ltuben
1497 1664 1610 1719 Gad
1628 1704 1642 1729 ,
1672 1643 1725 1718 id
1753 1670 1836 1718 est
1864 1673 1982 1716 ten—

2082 1689 2265 1728 amore
2317 1672 2558 1726 dilatata.
2625 1670 2684 1723 In
2733 1668 2976 1723 Manasse
3027 1682 3091 1722 ea
3147 1683 3266 1737 quze
3331 1677 3476 1724 retro
3534 1681 3661 1724 sunt

405 1763 540 1818 tatio
585 1761 926 1833 subrogatur.
983 1760 1051 1814 Et
1099 1759 1224 1828 quia
1272 1765 1462 1812 contra
1509 1757 1752 1810 eamdem
1801 1755 1980 1809 divina

403 1856 606 1909 virtute
645 1851 920 1924 prtecincti
948 1850 1117 1906 fortes
1141 1851 1413 1913 existunt,
1451 1853 1599 1902 recte
1627 1847 1705 1901 eis
1731 1846 1982 1901 convenit

402 1947 545 2015 quod
587 1946 728 2000 idem
759 1943 877 1998 Gad
903 1943 1068 1998 etiam
1096 1941 1368 1996 accinctus
1396 1947 1641 1994 vocatur.
1684 1937 1820 2003 Quia
1852 1950 1980 1991 vero

403 2037 669 2092 bonorum
696 2036 1054 2091 certaminum
1079 2031 1238 2086 finem
1265 2031 1333 2085 ad
1362 2030 1528 2084 Deum
1559 2045 1666 2083 non
1696 2029 1759 2084 ad
1787 2027 1978 2082 faciem

407 2128 656 2182 humanae
680 2127 855 2181 laudis
884 2133 1196 2194 retorquere
1233 2123 1522 2186 debemus,
1549 2123 1618 2176 ob
1645 2121 1747 2175 hoc
1782 2121 1977 2190 praedi-

405 2229 530 2275 ctus
553 2218 668 2273 Gad
697 2216 1031 2272 latrunculus
1055 2223 1298 2277 vocatur,
1331 2221 1584 2282 tanquam
1623 2211 1762 2267 bona
1802 2211 1981 2266 cordis

409 2311 642 2366 latenter
667 2310 954 2379 acquirens
979 2309 1088 2362 Deo
1111 2305 1305 2360 offerat
1325 2303 1667 2375 approbanda
1687 2344 1703 2369 ,
1741 2319 1846 2358 non
1880 2304 1980 2356 hu-

410 2401 583 2458 manis
603 2399 880 2456 obtutibus
897 2399 1111 2466 detegat
1129 2396 1476 2467 praeferenda.
1494 2396 1660 2466 Igitur
1683 2395 1808 2464 quia
1834 2395 1978 2448 illata

405 2489 685 2546 tribulatio
712 2488 912 2544 electos
949 2486 1174 2559 probat,
1203 2494 1257 2542 et
1285 2495 1408 2556 post
1434 2485 1804 2555 probationem
1834 2499 1980 2539 coro-

405 2591 520 2645 nat,
538 2589 684 2638 recte
711 2579 962 2651 postGad
985 2579 1120 2633 Aser
1144 2576 1487 2648 ponitur,qui
1515 2576 1707 2630 beatus
1731 2583 1976 2631 vocatur.

402 2673 470 2728 Et
496 2674 622 2743 quia
664 2671 1012 2727 beatitudinis
1047 2669 1401 2740 promissione
1427 2669 1667 2723 roborati
1693 2668 1979 2724 bellatores

403 2765 687 2830 Ecclesire,
735 2764 874 2818 inter
922 2763 1068 2833 ipsos
1114 2759 1286 2815 malos
1337 2759 1635 2814 dilatantur
1680 2759 1980 2814 visceribus

399 2859 721 2923 charitatis,
759 2859 895 2912 bene
930 2864 1052 2928 post
1086 2854 1224 2909 Aser
1248 2853 1590 2924 Nephthalim
1622 2854 1856 2925 ponitur,
1885 2855 1977 2923 qui

407 2948 632 3004 latitudo
676 2955 920 3002 vocatur.
968 2945 1103 3012 Quia
1146 2958 1242 3014 per
1285 2945 1386 2998 hoc
1430 2944 1816 3012 amplissimum
1847 2944 1979 3000 dile-

404 3039 600 3094 ctionis
625 3046 949 3108 prteceptum
975 3042 1286 3100 currentes,
1313 3043 1370 3089 et
1392 3049 1454 3090 ea
1497 3049 1616 3104 quae
1662 3044 1804 3090 retro
1849 3043 1974 3091 sunt

405 3127 812 3189 obliviscuntur,
849 3131 904 3178 et
936 3123 1004 3178 ad
1045 3132 1277 3178 aeternas
1305 3124 1520 3179 divitias
1543 3165 1558 3190 ,
1588 3140 1708 3193 quae
1733 3133 1974 3180 ventura:

411 3224 571 3280 sunt,
598 3213 961 3270 extenduntur
986 3229 1000 3278 ;
1041 3212 1203 3284 digne
1233 3222 1355 3283 post
1389 3213 1733 3283 Nephthalim
1764 3214 1975 3270 Manas-

407 3317 496 3357 ses
524 3302 885 3368 interseritur,
916 3303 1008 3372 qui
1035 3302 1231 3357 oblitus
1259 3303 1345 3358 vel
1385 3305 1682 3360 necessitas
1725 3305 1977 3374 intelligi-

410 3404 538 3448 tur:
572 3393 772 3448 oblitus
833 3393 1072 3458 scilicet,
1120 3392 1244 3461 quia
1287 3408 1454 3446 unum
1494 3394 1638 3462 quod
1677 3402 1820 3448 retro
1862 3393 1976 3449 fue-

412 3492 526 3548 rat,
579 3482 819 3547 dimisit;
874 3482 1169 3538 necessitas
1217 3497 1378 3547 vero,
1427 3483 1552 3551 quia
1597 3485 1664 3536 ad
1700 3484 1802 3538 hoc
1833 3484 1976 3552 quod

407 3573 736 3639 extenditur,
781 3573 1017 3628 nondum
1052 3573 1321 3643 pervenit.
1370 3574 1608 3640 Quorum
1652 3574 1974 3629 desiderium

412 3667 536 3736 quia
568 3681 708 3736 saepe
737 3666 790 3719 in
819 3665 1036 3735 longum
1067 3665 1332 3730 differtur,
1354 3667 1476 3736 jure
1516 3677 1635 3737 post
1675 3667 1976 3727 Manassem

411 3756 709 3814 collocatur
737 3754 988 3820 Simeon,
1015 3754 1106 3825 qui
1133 3754 1313 3811 audivi
1346 3755 1620 3812 tristitiam
1660 3759 1977 3828 interpreta-

415 3855 522 3900 tur.
556 3845 662 3900 Sed
690 3845 782 3916 qui
809 3844 1033 3902 autliunt
1063 3844 1337 3901 tristitiam
1355 3887 1370 3912 ,
1401 3848 1621 3902 audiant
1645 3863 1866 3904 necesse
1895 3859 1980 3905 est

414 3948 468 3993 et
498 3953 692 3997 nomen
721 3937 1014 3996 habitaculi
1036 3979 1051 4004 ,
1081 3939 1228 4008 quod
1250 3938 1396 3993 idem
1434 3938 1651 3994 Simeon
1679 3954 1872 3996 sonare
1899 3940 1979 3993 vi-

412 4033 606 4095 detur;
639 4038 697 4084 ut
723 4030 814 4099 qui
844 4037 1075 4085 moerent
1112 4029 1164 4083 in
1207 4027 1552 4083 tabernaculo
1575 4029 1934 4100 corruptionis
1961 4071 1976 4096 ,

409 4123 678 4194 gaudeant
703 4123 756 4178 in
788 4120 1094 4180 habitacula
1120 4127 1335 4175 aeterna:
1361 4119 1575 4188 quietis.

482 4213 678 4283 Quales
703 4219 882 4268 autem
911 4223 1100 4265 omnes
1127 4210 1214 4264 isti
1242 4209 1352 4263 sint
1369 4249 1383 4274 ,
1410 4209 1536 4264 Levi
1561 4210 1874 4280 subjunctus
1900 4213 1980 4265 in-

2005 2984 2051 3047 C

2081 1764 2244 1819 oblita
2262 1802 2278 1828 ,
2307 1761 2375 1816 ad
2401 1777 2464 1816 ea
2494 1775 2623 1815 vero
2653 1774 2772 1828 qua:
2798 1766 3021 1812 ventura
3055 1767 3182 1812 sunt
3211 1767 3451 1813 extenta.
3482 1759 3541 1813 ln
3575 1759 3663 1813 Si-

2081 1869 2235 1910 meon
2266 1853 2418 1923 quasi
2447 1851 2614 1906 tristis
2641 1850 2818 1904 adhuc
2843 1850 2898 1903 in
2925 1849 3167 1905 convalle
3181 1849 3534 1921 ‘plerationis,
3565 1853 3667 1906 sed

2081 1961 2173 2015 spe
2207 1945 2444 2016 gaudens
2477 1944 2543 1998 de
2577 1957 2933 2012 supernorum
2969 1941 3166 1996 civium
3208 1943 3547 1997 habitaculis.
3600 1943 3660 1998 In

2083 2036 2210 2090 Levi
2255 2034 2561 2104 virginitate
2601 2031 2794 2086 decora
2814 2072 2828 2097 ,
2858 2032 3227 2086 misericordia
3255 2031 3471 2101 pietatis
3505 2033 3664 2087 uber-

2083 2127 2237 2179 rima.
2253 2124 2321 2178 in
2347 2123 2593 2178 lssachar
2611 2121 2814 2176 futura:
2827 2121 3093 2176 mercedis
3113 2122 3511 2190 exspectatione
3536 2139 3663 2176 sus-

2080 2230 2264 2285 pensa.
2318 2215 2373 2268 In
2422 2213 2662 2267 Zabulon
2711 2213 2972 2283 martyrio
3016 2221 3292 2268 coronata.
3363 2213 3419 2266 lu
3464 2210 3665 2282 Joseph

2081 2306 2352 2376 duplicato
2372 2303 2628 2374 spiritalis
2656 2304 2970 2358 substantiae
3002 2303 3204 2358 talento
3234 2303 3416 2357 ditata.
3437 2303 3488 2355 in
3521 2303 3665 2356 Ben-

2073 2393 2243 2463 jamin
2304 2394 2579 2448 dexteram
2654 2392 2930 2448 felicitatis
3001 2403 3220 2448 aeterna“:
3275 2394 3666 2461 comprobatur

2085 2487 2298 2543 sortita.
2343 2485 2458 2540 Non
2490 2492 2669 2539 autem
2699 2483 2966 2554 quispiam
3009 2485 3287 2540 duodecim
3330 2485 3381 2538 in
3419 2485 3664 2539 Ecclesia
3726 2481 3732 2484 ’

2079 2578 2438 2650 professiones
2477 2576 2736 2640 aastimet,
2779 2591 2902 2630 cum
2933 2584 3042 2630 tres
3075 2583 3280 2630 tantum
3309 2577 3446 2641 sint,
3490 2575 3544 2630 id
3581 2584 3668 2629 est

2081 2671 2366 2742 virginum,
2397 2667 2816 2732 continentium,
2847 2681 2912 2721 ac
2942 2665 3205 2720 bonorum
3234 2665 3666 2749 conjugatorum.

2081 2765 2327 2819 virtutes.
2357 2763 2500 2817 Inter
2525 2761 2640 2816 haec
2666 2766 2842 2814 autem
2869 2774 3206 2828 nequaquam
3232 2758 3668 2828 prtetereundum

2080 2862 2194 2918 est,
2223 2870 2321 2909 cur
2349 2853 2460 2907 Dan
2491 2851 2656 2906 Jacob
2689 2850 2872 2920 utique
2899 2849 3040 2904 ﬁlius
3065 2849 3177 2905 sive
3207 2849 3259 2903 in
3291 2847 3520 2912 Genesi,
3552 2847 3672 2902 sive

2082 2945 2134 2998 in
2175 2943 2395 3007 Exodo,
2437 2957 2558 2997 cum
2608 2941 2819 2995 cunctis
2864 2939 3123 2994 fratribus
3163 2948 3566 3002 ann-nmeretur,
3611 2938 3667 2991 in

2073 3038 2184 3092 ~bac
2223 3034 2538 3106 Apocalypsi
2581 3035 2646 3088 de
2684 3032 2925 3103 catalogo
2969 3031 3196 3101 spiritali
3225 3030 3385 3086 fuerit
3417 3031 3664 3100 cjectus;

2083 3129 2355 3183 Manasses
2397 3141 2525 3180 vero
2569 3126 2710 3179 inter
2755 3123 3079 3193 alienigenas
3123 3130 3311 3184 natus,
3345 3123 3532 3190 utique
3557 3138 3668 3177 non

2083 3218 2258 3281 filius,
2287 3231 2594 3286 quanquam
2621 3215 2675 3269 in
2705 3214 2873 3268 ﬁlium
2899 3214 3203 3282 adoptatus,
3233 3222 3388 3268 sexto
3418 3213 3667 3267 videatur

2083 3307 2200 3362 loco
2229 3307 2569 3376 subrogatus.
2619 3304 2734 3358 Dan
2767 3304 2929 3374 igitur
2958 3303 3343 3373 interpretatur
3364 3303 3626 3372 judicium
3648 3346 3662 3367 ,

2083 3400 2195 3453 sive
2216 3397 2464 3466 judicans
2492 3395 2837 3450 Hebrmorum
2867 3393 3278 3448 transeuntium.
3312 3393 3380 3447 Et
3407 3393 3536 3462 quid
3579 3403 3666 3448 est

2084 3489 2187 3543 hoc
2205 3486 2468 3556 judicium
2507 3484 2900 3539 transeuntium
2944 3482 3310 3545 Hebraeorum,
3349 3483 3451 3536 nisi
3481 3498 3668 3552 repro-

2083 3577 2228 3631 batio
2267 3575 2464 3630 veteris
2503 3574 2832 3628 sacerdotii?
2876 3573 2989 3626 Dan
3029 3587 3156 3644 ergo
3197 3574 3263 3628 de
3303 3573 3529 3643 spiritali
3570 3589 3667 3628 ca—

2084 3669 2260 3742 talogo
2297 3669 2518 3740 ejectus,
2548 3669 2663 3739 ipsa
2704 3669 2934 3725 nominis
2973 3669 3054 3725 sui
3086 3669 3530 3740 interpretatione
3569 3667 3670 3721 do-

2083 3772 2201 3826 cet,
2253 3763 2376 3830 quia
2423 3762 2476 3816 iu
2521 3769 2676 3816 sexta
2722 3762 2908 3816 mundi
2954 3770 3114 3816 tetate
3157 3762 3366 3816 occulto
3407 3763 3662 3831 quidem,

2083 3853 2177 3908 sed
2219 3852 2367 3921 justo
2409 3853 2652 3922 judicio,
2717 3851 2938 3907 Judaica
2989 3852 3139 3921 plebs
3188 3853 3380 3922 perfida
3432 3867 3658 3920 prorsus

2083 3942 2300 3997 sedibus
2336 3941 2556 4011 expulsa
2598 3942 2882 3996 sacerdotii
2922 3943 3235 4012 dignitatem
3274 3943 3535 4012 perdidit;
3573 3950 3663 3996 at-

2084 4047 2189 4100 que
2225 4032 2280 4085 in
2315 4030 2434 4099 ejus
2465 4031 2582 4085 loco
2613 4031 2918 4095 Manasses,
2947 4032 2998 4086 id
3025 4040 3110 4087 est
3137 4034 3374 4102 gentium
3402 4033 3628 4104 populus
3646 4074 3662 4098 ,

2086 4138 2185 4194 per
2208 4123 2436 4192 gratiam
2466 4124 2663 4177 meruit
2690 4123 2991 4193 subrogari.

2157 4214 2320 4268 Vens.
2359 4215 2417 4269 9.
2446 4245 2515 4254 —
2545 4212 2674 4275 Post
2700 4215 2810 4268 lucc
2839 4213 2942 4268 vidi
2971 4214 3174 4268 turbam
3203 4231 3475 4285 magnam,
3505 4232 3665 4286 quam

409 4304 589 4367 dicat,
617 4301 709 4372 qui
735 4300 952 4354 additus
979 4306 1152 4353 sonat.
1183 4297 1346 4354 Multa
1375 4299 1517 4352 enim
1547 4297 1682 4354 tales
1709 4301 1978 4368 generalia
2014 4327 2062 4389 υ
2086 4303 2422 4360 dinumerare
2461 4320 2612 4358 nemo
2653 4313 2885 4374 poterat,
2917 4321 2982 4358 ea:
3023 4305 3258 4359 omnibus
3299 4305 3534 4374 gentibus
3553 4347 3568 4368 ,
3611 4316 3664 4358 et

411 4393 854 4449 transcendentes
881 4397 1145 4462 praecepta
1167 4429 1183 4454 ,
1213 4389 1415 4444 addunt
1438 4403 1542 4443 non
1565 4389 1716 4458 jussa
1743 4430 1758 4454 ,
1800 4400 1860 4444 ut
1899 4401 1982 4447 est

410 4483 686 4537 ctelibatus
715 4488 916 4536 sancta:
951 4479 1276 4548 virginitatis
1296 4518 1311 4542 ,
1337 4487 1392 4532 et
1415 4486 1608 4534 czetera
1637 4477 1936 4547 hujusmodi
1961 4498 1976 4546 ;

409 4589 530 4642 quae
558 4574 684 4628 dum
715 4586 822 4626 non
842 4569 1122 4639 jubentur,
1147 4569 1242 4624 sed
1269 4568 1646 4634 admonentur,
1667 4572 1850 4640 utique
1873 4586 1980 4626 non

403 4662 554 4733 jussa
583 4660 811 4736 consilio
845 4659 1299 4730 superadduntur.
1331 4657 1545 4723 Quibus
1571 4657 1696 4727 jure
1738 4662 1986 4732 congruit

409 4753 553 4823 quod
576 4752 822 4807 lssachar
845 4759 967 4821 post
987 4748 1116 4804 Levi
1141 4748 1463 4815 adnectitur,
1488 4750 1579 4818 qui
1603 4751 1987 4821 interpretatus

413 4843 615 4899 dicitur
658 4855 866 4898 merces
915 4855 930 4894 :
980 4854 1104 4894 nam
1145 4839 1249 4894 ista
1291 4839 1574 4910 agentibus
1624 4842 1891 4912 praecipua
1933 4852 1989 4898 et

408 4933 661 5007 specialis
689 4947 901 4988 merces
927 4931 1169 4988 debetur.
1204 4929 1356 4989 Unde
1381 4930 1594 4986 cuidam
1619 4947 1807 4987 eorum
1834 4932 1986 4989 Jere-

412 5026 548 5082 tnias
576 5023 745 5080 dicit:
778 5021 1021 5089 Quiescat
1053 5037 1152 5076 vos
1192 5031 1284 5075 tua
1311 5039 1343 5075 a
1373 5021 1694 5092 ploratu,-et
1733 5024 1870 5079 oculi
1908 5028 1988 5081 tui

411 5136 444 5172 a
473 5117 718 5190 lucrymis
738 5157 754 5183 ,
782 5116 906 5187 quia
934 5124 1007 5170 est
1048 5131 1239 5169 merces
1280 5114 1421 5185 operi
1461 5125 1551 5169 tuo
1570 5156 1585 5180 ,
1624 5115 1698 5168 ait
1734 5116 1989 5172 Dominus

407 5208 648 5276 (lenm.
691 5225 817 5265 xxx:
841 5249 856 5274 ,
894 5206 960 5262 16
979 5207 1020 5280 ).
1066 5206 1173 5261 Sed
1214 5205 1338 5260 talia
1381 5205 1640 5262 facientes
1678 5209 1988 5279 priusquam

417 5307 832 5360 remunerentur
872 5297 1051 5354 solent
1089 5295 1250 5350 illatae
1287 5297 1692 5366 persecutiones
1728 5299 1988 5369 probare,

419 5400 524 5449 non
568 5395 749 5443 autem
787 5401 1063 5458 superare.
1108 5384 1262 5440 Unde
1298 5401 1404 5440 non
1441 5385 1714 5442 immerito
1752 5388 1990 5444 Zabulon

419 5485 542 5546 post
562 5477 806 5554 Issachar
834 5477 1100 5550 sequitur,
1125 5476 1224 5546 qui
1253 5475 1618 5531 habitaculum
1657 5477 1990 5535 fortitudinis

412 5564 746 5646 appellatur;
781 5577 906 5626 tunc
940 5569 1084 5626 enim
1117 5566 1350 5637 quilibet
1390 5567 1582 5622 horum
1624 5568 1988 5627 habitaculum

2087 4394 2352 4460 tribubus,
2383 4404 2431 4448 et
2461 4393 2666 4466 populis
2685 4435 2700 4460 ,
2728 4404 2775 4448 et
2803 4393 3014 4464 linguis.
3058 4395 3157 4449 llic
3195 4395 3395 4464 liquido
3437 4395 3663 4451 manife-

2086 4494 2262 4540 statur
2297 4486 2422 4555 quia
2461 4487 2748 4555 praedictus
2775 4500 3026 4540 numerus
3056 4501 3159 4538 nor:
3199 4487 3532 4541 solummodo
3569 4485 3664 4539 Ju-

2088 4577 2322 4630 dasorum
2357 4583 2471 4639 est,
2511 4576 2604 4630 sed
2641 4576 2881 4630 omnium
2915 4575 3229 4630 electorum.
3273 4576 3339 4630 Hi
3376 4577 3518 4630 enim
3564 4591 3662 4646 per

2089 4668 2538 4723 innumerabilem
2587 4668 2832 4729 turbam,
2885 4667 2976 4735 qui
3023 4681 3121 4736 per
3167 4676 3381 4722 centum
3424 4665 3659 4736 quadra-

2086 4761 2232 4832 ginta
2259 4767 2492 4830 quatuor
2519 4759 2687 4814 millia
2717 4759 2956 4828 signatos
2983 4758 3313 4829 designatur.
3344 4759 3660 4812 Innumera-

2039 4893 2042 4896 .
2089 4849 2212 4904 bilis
2239 4857 2418 4902 autem
2445 4848 2560 4904 haec
2589 4849 2744 4902 turba
2777 4863 2882 4902 non
2911 4845 3022 4901 Deo
3041 4887 3055 4912 ,
3088 4848 3184 4902 sed
3211 4848 3366 4902 nobis
3389 4855 3488 4901 est.
3518 4844 3660 4901 Nam

2090 4938 2204 5007 ipse
2239 4938 2313 4992 ait
2341 4955 2355 4992 :
2400 4937 2750 4992 Dinttmerabo
2802 4957 2922 5006 eos,
2958 4952 3007 4996 et
3040 4958 3195 5012 super
3230 4960 3442 4997 arenam
3478 4943 3662 4998 multi-

2091 5025 2422 5098 plicabuntur
2449 5028 2466 5096 (
2493 5027 2638 5081 Psal.
2673 5043 2945 5092 cxxxvm,
2981 5029 3105 5102 18).
3141 5030 3354 5088 Stante:
3381 5043 3500 5087 ante
3527 5035 3666 5087 thro-

2092 5136 2236 5176 num.
2289 5118 2420 5172 Cum
2468 5119 2582 5189 ipsa
2631 5120 3035 5177 innumerabilis
3084 5121 3242 5176 turba
3293 5123 3516 5178 thronus
3570 5124 3664 5179 Dei

2093 5209 2191 5270 sit,
2251 5209 2453 5262 idcirco
2507 5217 2688 5262 tamen
2751 5218 2878 5264 ante
2933 5211 3186 5266 thronum
3247 5221 3392 5266 stare
3449 5215 3664 5278 dicitttr,

2093 5300 2214 5367 quia
2251 5300 2387 5354 visio
2425 5299 2609 5368 ﬁguris
2645 5300 2964 5355 obumbrata
3001 5304 3260 5369 variatur,
3307 5320 3431 5359 cum
3482 5315 3667 5360 tamen

2095 5405 2180 5446 res
2217 5391 2406 5462 figuris
2439 5400 2655 5446 ostensa
2688 5406 3024 5463 nequaquam
3069 5395 3327 5450 varietur.
3378 5396 3483 5451 Sed
3529 5410 3670 5450 nun-

2093 5479 2221 5547 quid
2249 5478 2451 5548 aliquid
2481 5479 2750 5550 signiﬁcat
2777 5483 2920 5552 quod
2949 5483 3061 5537 hrec
3091 5484 3246 5538 turba
3278 5492 3422 5539 stare
3448 5485 3669 5548 dicitur,

2095 5583 2217 5621 cum
2252 5569 2497 5638 superius
2535 5581 2631 5639 per
2669 5571 2950 5625 circuitum
2983 5573 3161 5627 throni
3183 5589 3319 5628 cum
3357 5575 3672 5632 senioribus
