4010 6182
285 220 413 284 Hss
1033 225 1443 284 EXEGETICA.
1474 255 1544 266 -
1575 223 1929 282 COMMENT.
1970 223 2037 278 tv
2075 207 2365 279 senest.
2391 254 2460 264 -
2487 176 2615 278 LlB.
2656 222 2747 278 1v.
3387 220 3524 278 ttat

281 349 390 418 ipsa
419 346 622 402 sedisse
676 343 1054 401 describatur?
1104 338 1389 411 Signiﬁcat
1435 338 1593 410 plane
1625 355 1640 403 ;
1695 336 1844 392 sedet
1873 341 1918 400 Α
1945 344 2004 390 ut
2029 337 2142 405 ipse
2170 341 2410 406 quaerat,
2440 350 2687 405 quaerens
2715 334 2928 397 audiat,
2959 342 3013 389 et
3045 326 3341 405 intelligat,
3374 345 3428 391 et
3458 338 3527 393 ad

283 453 512 508 namque
538 451 661 493 cum
684 450 784 506 per
805 435 1050 504 quaedam
1076 432 1315 487 membra
1340 444 1435 486 sua
1459 428 1685 485 aliorum
1713 426 1850 481 facta
1952 426 2266 481 imitandum
2317 426 2663 496 semetipsum
2710 425 2990 497 accendat.
3038 424 3096 478 In
3145 424 3297 481 stolis
3346 438 3527 481 autem

281 531 592 595 examinat;
623 536 731 584 stat
758 542 889 582 vero
917 542 1039 582 cum
1068 526 1121 580 in
1147 524 1358 581 cunctis
1387 524 1499 578 suis
1525 521 1711 576 electis
1739 519 1854 574 ani—
1952 515 2118 582 albis,
2163 523 2218 570 et
2264 515 2462 570 mentis
2504 516 2720 579 candor,
2769 523 2824 569 et
2865 528 2928 569 ea
2971 530 3093 585 qua:
3132 515 3213 570 eis
3253 515 3307 571 in
3350 516 3531 572 futuro

285 635 426 675 mum
457 619 511 674 in
541 618 809 674 soliditate
837 616 962 673 ﬁdei
992 625 1047 673 et
1076 615 1378 671 dilectionis
1420 614 1658 668 roborat.
1702 610 1770 664 Et
1798 611 1855 665 in
1955 606 2224 661 tribuetur
2274 605 2465 678 gloria.
2513 605 2595 661 Ad
2639 606 2753 661 haec
2795 622 2920 661 cum
2963 606 3155 663 beatus
3191 598 3427 663 Joannes
3465 625 3531 666 ex

285 718 557 782 conspectu
596 710 729 780 Agni
764 709 940 763 amicti
974 705 1118 761 stolis
1156 705 1308 760 albis.
1368 704 1507 772 Quid
1550 718 1646 773 per
1690 700 1856 756 stolas

287 803 450 865 albas,
495 800 599 856 nisi
640 800 858 855 habitus
898 799 1092 853 mentis
1129 797 1483 868 designatur?
1506 796 1637 862 Qua:
1675 804 1855 849 tamen

287 904 409 951 ante
435 893 648 949 Domini
671 893 958 948 adventum
985 889 1119 944 alba:
1147 906 1252 944 non
1280 896 1462 951 erant,
1488 887 1612 957 quia
1638 885 1858 940 humani

288 987 498 1059 generis
526 985 688 1041 corda
713 983 1056 1055 originalium
1085 989 1427 1054 peccatorum
1454 979 1678 1034 maculis
1704 985 1862 1033 erant

290 1094 553 1150 respersa.
583 1077 652 1131 Et
679 1075 869 1147 palmae
895 1076 948 1130 in
975 1074 1223 1130 manibus
1251 1089 1455 1129 eorum.
1489 1073 1594 1126 Per
1621 1070 1825 1141 palmas
1845 1110 1859 1133 ,

1955 714 2184 768 persona
2223 699 2487 754 bonorum
2522 697 2825 753 auditorum
2867 699 3268 769 respondisset:
3314 699 3530 754 Domine

1956 789 2064 852 mi,
2095 799 2151 842 tu
2181 790 2281 842 scis
2305 805 2324 857 ;
2354 805 2545 845 rursus
2572 788 2660 843 illc
2689 805 2754 843 ex
2783 804 3014 860 persona
3041 790 3252 845 Domini
3290 788 3375 846 vel
3432 791 3529 846 bo-

1959 895 2151 934 norum
2182 879 2595 950 praedicatorum
2623 879 2739 947 ejus
2769 880 3037 937 subinfrrt
3063 900 3075 934 :

2033 995 2196 1071 Vens.
2238 994 2324 1048 14.
2364 1024 2435 1032 —
2472 992 2549 1047 Hi
2568 1002 2689 1048 sunt
2721 994 2809 1064 qui
2836 1002 3083 1048 venerunt
3111 993 3175 1048 de
3203 993 3536 1067 tribulatione

1962 1102 2151 1156 magna
2173 1125 2188 1150 ,
2220 1093 2282 1164 et
2308 1084 2537 1154 reliqua.
2586 1083 2642 1139 ln
2668 1091 2917 1161 _venerunt
2945 1084 3049 1138 tria
3079 1092 3319 1154 tempora
3368 1084 3538 1139 conti-

287 1169 555 1234 victoria;
596 1182 694 1239 per
730 1181 949 1229 manus,
991 1164 1232 1236 Operatio
1264 1161 1602 1233 exprimitur.
1647 1159 1864 1214 Palmas
1962 1185 2177 1241 nentur,
2220 1160 2323 1247 'pm
2369 1190 2435 1231 eo
2479 1175 2623 1245 quod
2668 1159 2782 1238 εει,
2832 1182 3126 1238 venerum,
3175 1173 3433 1243 γεηίυρι,
3476 1183 3538 1229 οι

204 1298 209 1303 -
291 1263 471 1332 itaque
508 1265 563 1316 in
600 1261 848 1315 manibus
881 1259 1082 1315 habere
1103 1298 1117 1323 ,
1155 1266 1238 1312 est
1271 1256 1335 1311 de
1373 1254 1591 1323 antiquo
1626 1254 1780 1309 hoste
1812 1260 1866 1307 et

1983 1250 2180 1322 venturi
2207 1273 2351 1321 sunt.
2383 1264 2518 1332 Quia
2549 1263 2714 1339 igitur
2740 1265 2917 1321 omnis
2948 1264 3244 1321 electorum
3285 1281 3544 1324 numerus

292 1354 476 1409 mundi
506 1351 873 1423 voluptatibus
899 1350 1250 1419 triumphare.

367 1444 530 1500 Vens.
574 1443 661 1498 10.
697 1473 772 1483 —
807 1441 878 1496 Et
912 1440 1206 1496 clamabant
1239 1455 1359 1494 race
1390 1455 1581 1510 magna
1619 1437 1863 1492 dicentes.

295 1537 512 1592 Clamor
554 1535 643 1592 hic
686 1550 793 1590 non
840 1532 1116 1604 corporis,
1165 1531 1260 1588 sed
1305 1532 1483 1587 cordis
1532 1529 1867 1601 intelligitur.

1966 1359 2071 1416 hac
2095 1356 2366 1413 sententia
2390 1356 2732 1421 terminatur,
2759 1355 2913 1411 valde
2954 1356 3302 1412 metuendum
3340 1366 3541 1425 estne,

1968 1447 2013 1505 si
2041 1447 2258 1503 aliunde
2278 1445 2400 1516 quis
2424 1445 2639 1511 veniat,
2666 1446 2734 1502 ad
2759 1445 3055 1502 electorum
3077 1446 3408 1503 consortium
3435 1464 3542 1503 non

1968 1539 2257 1611 pertingat.
2289 1535 2671 1592 Tribulutiones
2696 1545 2875 1595 autem
2891 1537 3159 1606 justorum
3177 1577 3192 1603 ,
3219 1545 3280 1592 ut
3302 1539 3377 1592 ait
3399 1538 3536 1605 Psal~

295 1627 477 1698 Magna
508 1626 653 1681 enim
693 1626 807 1680 haec
833 1640 933 1679 vox
956 1665 972 1691 ,
1012 1639 1240 1695 magnus
1279 1631 1363 1678 est
1402 1622 1699 1678 devotionis
1737 1620 1869 1676 alle-
1900 1695 1936 1698 _
1973 1627 2170 1691 mista,
2215 1623 2395 1683 multa:
2442 1632 2568 1680 sunt
2614 1623 2802 1696 (Psal.
2830 1635 3033 1690 sum,
3060 1626 3171 1698 20)
3199 1643 3214 1692 ;
3247 1642 3315 1683 ex
3353 1628 3545 1697 quibus

293 1695 410 1772 ctu—5
436 1735 450 1781 ς
482 1716 608 1786 quia
631 1731 767 1772 γοοδ
791 1722 941 1770 tanto
964 1714 1139 1785 magis
1164 1714 1389 1785 quisque
1413 1713 1636 1777 clamat,
1667 1720 1869 1784 quanto
1898 1695 1946 1754 Β
1975 1719 2066 1775 illa
2094 1716 2361 1790 generalis
2388 1725 2472 1772 est
2501 1732 2605 1786 qua
2634 1732 2794 1772 nemo
2822 1725 3069 1785 nostrum
3096 1695 3246 1773 novit
3272 1718 3318 1776 si
3348 1695 3414 1774 ad
3442 1719 3538 1774 ele

298 1805 528 1876 amplius
571 1806 737 1860 Deum
784 1813 949 1859 amat.
1004 1803 1164 1859 Salus
1203 1803 1312 1858 Deo
1353 1813 1563 1870 nostro,
1604 1804 1692 1876 qui
1729 1803 1872 1858 sedet

295 1913 450 1967 super
477 1896 749 1960 thronum,
782 1904 831 1950 et
859 1895 1024 1965 Agna.
1064 1894 1131 1949 Et
1167 1903 1250 1950 est
1291 1893 1456 1959 ordo,
1503 1893 1612 1948 Deo
1651 1886 1870 1958 nostro,

295 1995 349 2041 et
383 1988 537 2057 Agno
566 1987 657 2057 qui
697 1988 847 2041 sedet
878 2001 1042 2056 super
1087 1986 1341 2040 thronum
1374 1984 1537 2038 salus.
1577 1983 1634 2037 In
1678 1982 1874 2051 quibus

297 2087 351 2133 et
379 2076 615 2148 Spiritus
641 2078 812 2132 sancti
840 2092 1067 2147 persona
1090 2074 1244 2145 juxta
1269 2076 1381 2146 jam
1410 2075 1605 2129 dictam
1634 2073 1873 2143 regulam

308 2167 638 2238 intelligitur.
682 2168 746 2223 Et
776 2176 899 2222 nota
928 2167 1053 2237 quia
1087 2165 1317 2222 mirabili
1358 2178 1554 2236 genere
1593 2162 1877 2223 locutionis

309 2272 467 2311 unam
494 2258 546 2311 in
571 2257 729 2312 Patre
754 2266 808 2312 et
832 2256 969 2312 Filio
995 2256 1353 2312 substantiam
1378 2264 1433 2309 et
1460 2254 1594 2310 duas
1618 2269 1878 2325 personas

306 2346 615 2401 ostendunt.
671 2348 936 2401 Praeterea
986 2346 1264 2400 sciendum
1314 2346 1441 2412 quia
1487 2345 1613 2398 dum
1660 2358 1877 2398 omnem

303 2450 457 2490 suam
486 2434 710 2489 salutem
751 2435 863 2489 Deo
893 2433 1165 2501 referunt,
1206 2434 1406 2504 Pelagii
1444 2441 1605 2504 atque
1642 2433 1881 2490 leestii

302 2524 499 2601 [Cod.,
525 2524 835 2599 Ctelcstini]
863 2525 1055 2599 dogma
1086 2536 1397 2592 evacuatur,
1443 2528 1535 2597 qui
1576 2527 1629 2582 in
1672 2536 1876 2582 tantum

305 2618 532 2672 liberum
579 2616 865 2672 arbitrium
911 2615 1240 2683 defendunt,
1290 2624 1350 2672 ut
1401 2617 1582 2672 dicant
1633 2617 1880 2672 homines

300 2709 416 2763 sine
453 2707 624 2778 gratia
660 2708 756 2763 Dei
788 2722 947 2779 posse
984 2707 1203 2764 salvari.
1236 2708 1443 2780 (Vens.
1478 2709 1604 2781 li.)
1649 2709 1719 2763 Et
1764 2725 1878 2762 om-

303 2815 390 2851 nes
445 2797 615 2869 angeli
648 2798 858 2853 stabant
892 2801 948 2853 in
982 2800 1205 2854 circuitu
1243 2799 1417 2853 throni
1444 2840 1458 2865 ,
1492 2808 1541 2852 et
1581 2800 1877 2865 seniorum,

300 2897 348 2943 et
401 2897 627 2961 quatuor
673 2888 981 2944 animalium
1010 2932 1024 2955 ,
1067 2898 1119 2944 et
1160 2889 1455 2944 ceciderunt
1500 2890 1555 2944 in
1601 2899 1876 2963 conspectu

304 2979 476 3034 throni
513 2980 568 3034 in
609 2980 770 3051 facies
809 2998 954 3035 suas.
998 2980 1130 3035 Tam
1167 2995 1266 3050 per
1293 2979 1539 3050 angelos,
1584 2995 1746 3051 quam
1782 2994 1881 3051 per

307 3074 586 3138 thronum,
622 3080 675 3128 et
702 3073 971 3137 seniores,
1012 3072 1361 3128 nihilominus
1397 3081 1452 3127 et
1489 3085 1586 3144 per
1618 3071 1871 3126 animalia
1898 3054 1945 3115 ο

304 3162 540 3218 Ecclesia
569 3164 850 3234 figuratur.
886 3163 1055 3219 Unam
1084 3179 1214 3236 ergo
1255 3163 1606 3233 eamdemque
1642 3178 1757 3218 rem
1794 3162 1876 3219 di-

307 3256 476 3310 versis
503 3255 674 3311 modis
702 3254 987 3330 signiﬁcat.
1029 3254 1165 3309 Nam
1195 3253 1338 3325 quod
1363 3252 1608 3310 Christus
1645 3252 1881 3322 singula-

304 3346 438 3399 riter
468 3346 522 3399 in
552 3344 792 3401 Ecclesia
824 3352 1013 3416 regnat
1036 3355 1090 3399 et
1109 3344 1317 3416 judicat
1336 3384 1350 3410 ,
1377 3352 1524 3399 recte
1546 3359 1734 3399 omnes
1756 3358 1881 3398 san-

302 3437 374 3491 cti
401 3452 497 3508 per
512 3452 674 3491 unum
697 3438 949 3492 thronum
974 3435 1273 3507 figurantur
1300 3451 1313 3489 :
1341 3442 1397 3490 et
1417 3434 1544 3504 quia
1570 3434 1684 3505 ipsa
1714 3433 1879 3488 etiam

304 3527 541 3583 Ecclesia
577 3527 805 3583 aliorum
842 3525 985 3583 facta
1024 3527 1336 3593 examinat,
1375 3525 1537 3595 digne
1567 3540 1667 3595 per
1700 3525 1880 3581 senio-

304 3631 389 3671 res
418 3635 431 3670 :
479 3625 536 3672 et
570 3618 696 3687 quia
728 3616 1022 3672 virentibus
1055 3616 1289 3688 paradisi
1327 3616 1546 3686 pascuis
1574 3615 1631 3670 in
1660 3614 1882 3685 quibus-

303 3709 426 3764 dam
465 3709 579 3764 suis
615 3708 873 3765 membris
914 3709 1091 3765 adhuc
1125 3723 1225 3779 per
1259 3708 1419 3764 fidem
1460 3716 1669 3763 tantum
1708 3706 1880 3760 iuba:-

304 3809 416 3864 ret,
470 3802 526 3858 in
573 3802 894 3874 quibusdam
933 3818 1066 3858 vero
1102 3799 1216 3870 jam
1261 3816 1359 3869 per
1390 3798 1624 3867 speciem
1652 3794 1874 3858 fruitur,

305 3893 441 3948 bene
467 3907 566 3961 per
591 3892 865 3946 animalia.
898 3891 1033 3956 Quia
1060 3904 1191 3941 vero
1220 3893 1443 3940 ventura
1482 3896 1709 3953 qumque
1747 3896 1885 3951 prte-

303 3984 534 4038 dicando
572 3981 885 4045 annuntiat,
934 3988 1058 4051 apte
1100 3993 1198 4047 per
1240 3975 1501 4048 angelos;
1550 3983 1605 4029 et
1646 3974 1772 4043 quia
1817 3988 1886 4028 ex

305 4071 538 4127 diversis
584 4071 836 4143 gentibus
875 4075 1214 4141 aggregatur,
1251 4066 1375 4138 jure
1416 4080 1515 4137 per
1558 4064 1770 4119 turbam
1820 4061 1884 4118 ll-

305 4174 549 4237 guratur.
590 4165 656 4221 lli
696 4178 826 4236 ergo
865 4163 1179 4219 ceciderunt
1214 4161 1271 4216 in
1314 4159 1479 4215 facies
1523 4173 1648 4213 suas
1675 4156 1729 4211 in
1758 4171 1889 4213 con-

308 4266 495 4329 spectu
545 4257 765 4323 throni;
803 4256 856 4311 id
895 4263 979 4310 est
1014 4255 1068 4308 in
1104 4260 1314 4309 secreto
1351 4250 1549 4306 mentis
1595 4264 1740 4313 suae,
1781 4262 1888 4322 quo

309 4354 554 4408 internus
585 4350 749 4420 judex
795 4351 965 4406 sedet.
1007 4350 1076 4404 Et
1115 4349 1464 4403 adoraverunt
1507 4347 1713 4418 (Vens.
1752 4344 1884 4417 12.)

308 4443 534 4497 dicentes
552 4483 567 4508 ,
598 4443 758 4496 Amen
784 4457 801 4505 ,'
839 4439 1146 4504 benedictio,
1175 4448 1223 4493 et
1251 4437 1467 4491 claritas
1486 4477 1501 4501 ,
1530 4446 1578 4490 et
1607 4434 1885 4507 sapientia,

309 4545 361 4588 et
395 4532 688 4608 gratiarum
722 4531 877 4595 actio,
915 4539 965 4584 et
998 4535 1199 4594 honor,
1233 4538 1283 4583 et
1319 4528 1510 4593 virtus,
1550 4536 1598 4581 et
1637 4525 1889 4597 fortitudo

313 4624 419 4678 Deo
456 4630 634 4677 nostro
671 4620 725 4675 in
763 4618 958 4674 siccata
996 4617 1348 4681 stecularum;
1388 4632 1508 4690 quae
1541 4624 1734 4672 cuncta
1772 4615 1891 4670 Tri-

313 4712 467 4767 nitati
515 4719 641 4783 apte
688 4710 1031 4766 conveniunt.
1087 4708 1454 4780 (Vens.15.)
1509 4708 1576 4762 Et
1629 4706 1892 4779 respondit

312 4821 447 4859 unus
484 4804 549 4860 de
582 4803 872 4859 senioribus
911 4803 1095 4859 dicens
1132 4801 1299 4857 mihi:
1328 4801 1402 4857 Hi
1435 4803 1525 4875 qui
1557 4802 1736 4857 amicti
1770 4810 1893 4855 sunt

311 4893 458 4948 stolis
488 4893 643 4959 albis,
673 4894 763 4967 qui
791 4902 914 4948 sunt
932 4934 946 4959 ,
971 4902 1020 4947 et
1050 4892 1185 4946 unde
1214 4900 1460 4946 venerunt
1484 4892 1509 4945 ?
1535 4892 1666 4947 Cum
1695 4890 1894 4945 nullius

315 4983 666 5054 interrogatio
700 4983 1071 5055 praecesserit,
1102 4982 1230 5056 quid
1272 4982 1375 5038 sibi
1420 4982 1534 5037 vult
1565 4982 1708 5053 quod
1753 4995 1895 5036 unus

314 5078 382 5131 de
409 5073 714 5130 senioribus
741 5075 1082 5147 respondisse
1110 5074 1468 5150 perhibetur?
1507 5072 1615 5127 Sed
1653 5086 1772 5126 mos
1812 5077 1896 5126 est

317 5181 489 5223 sacrae
520 5164 817 5234 Scriptura:
848 5168 952 5223 hoc
977 5170 1202 5223 verbum
1237 5167 1311 5222 ita
1339 5180 1577 5237 ponere;
1609 5164 1683 5219 nil
1711 5172 1892 5219 autem

315 5258 729 5332 signiﬁcationis
768 5259 970 5314 habere
1005 5260 1235 5327 videtur,
1278 5259 1418 5316 unde
1447 5274 1548 5314 nec
1583 5257 1700 5327 ejus
1740 5258 1894 5330 igno-

319 5352 458 5406 ratio
484 5349 693 5405 inutilis
719 5357 801 5405 est
824 5364 926 5405 nec
944 5349 1227 5406 laudabilis
1248 5351 1491 5407 scientia.
1514 5349 1573 5405 In
1595 5364 1705 5405 uno
1733 5349 1895 5420 igitur

317 5443 533 5499 seniore
562 5441 740 5498 unitas
766 5442 1177 5512 praedicatorum
1219 5443 1499 5513 utriusque
1531 5438 1893 5504 Testamenti,

319 5538 434 5591 sive
472 5536 588 5608 ipse
617 5535 799 5592 senior
825 5533 1158 5600 senioribus,
1202 5533 1459 5591 Dominus
1501 5535 1704 5591 scilicet
1741 5531 1897 5587 Jesus

323 5629 574 5686 Christus
601 5627 883 5698 accipitur,
910 5626 1018 5696 qui
1060 5624 1260 5681 idcirco
1301 5624 1560 5682 Joannem
1602 5626 1898 5694 interrogat

1912 4404 1963 4464 ο

1973 1802 2184 1862 ctorum
2213 1808 2544 1862 consortium
2569 1806 2873 1879 pertingat,
2903 1806 3193 1865 Salomone
3222 1816 3546 1874 attestantc,

1973 1896 2064 1967 qui
2096 1896 2172 1951 ait
2202 1914 2215 1949 :
2264 1895 2442 1950 Nescit
2480 1895 2634 1949 homo
2669 1906 2846 1951 utrum
2889 1914 3070 1953 amore
3107 1884 3177 1955 an
3208 1900 3325 1955 odio
3357 1899 3546 1972 dignm

1972 1987 2071 2054 sit;
2094 1987 2185 2042 sed
2213 1986 2387 2039 omnia
2417 1995 2758 2043 reservantur
2780 1986 2832 2043 in
2855 1986 3094 2058 futurum
3122 1989 3321 2043 incerta
3352 1970 3548 2061 (Eccle.

1973 2098 2032 2138 Ix
2055 2122 2070 2151 ,
2102 2083 2166 2149 1,
2192 2078 2283 2154 2).
2317 2080 2385 2134 Et
2424 2079 2661 2134 laverunt
2699 2078 2861 2134 stolas
2903 2096 3028 2135 suas
3049 2119 3064 2145 ,
3098 2088 3147 2134 et
3183 2079 3550 2136 dealbat'erunt

1974 2188 2063 2227 eas
2103 2169 2156 2225 in
2192 2170 2445 2242 sanguine
2489 2166 2643 2240 Agni.
2687 2167 2885 2225 Omnes
2928 2169 3085 2224 electi
3133 2169 3297 2225 stolas
3336 2186 3463 2226 suas
3500 2171 3552 2228 in

1976 2262 2237 2332 sanguine
2274 2258 2413 2330 Agni
2442 2257 2804 2325 candiﬁcant;
2838 2261 2892 2316 id
2922 2271 3004 2315 est
3034 2259 3088 2317 in
3118 2259 3317 2317 Christi
3352 2263 3556 2335 passio~

1976 2347 2136 2402 nibus
2180 2346 2425 2400 habitum
2464 2346 2662 2400 mentis
2703 2356 2993 2410 exornant,
3037 2363 3270 2418 eumque
3310 2350 3379 2404 ad
3416 2350 3556 2407 acci-

1976 2437 2173 2509 pienda
2213 2435 2394 2492 futura
2438 2436 2631 2507 gaudia
2672 2445 2995 2507 praeparant.
3029 2439 3235 2509 (Vens.
3278 2440 3403 2511 15.)
3431 2441 3560 2496 Ideo

1979 2536 2101 2582 sunt
2125 2535 2247 2581 ante
2272 2526 2517 2580 thronum
2536 2565 2551 2591 ,
2573 2534 2622 2579 et
2648 2527 2877 2581 serviunt
2903 2526 2951 2582 ei
2976 2527 3060 2581 die
3087 2544 3150 2582 ac
3174 2537 3321 2583 nocte
3352 2530 3407 2583 in
3432 2538 3557 2586 tem-

1977 2620 2062 2691 plo
2104 2618 2217 2690 ejus
2240 2660 2254 2685 ,
2290 2627 2339 2673 et
2378 2618 2469 2692 qui
2503 2618 2646 2674 sedet
2682 2619 2737 2673 in
2776 2619 2962 2674 throno
3001 2620 3211 2677 habitat
3230 2638 3388 2695 super
3410 2623 3553 2696 illos.

1977 2712 2057 2767 Ac
2083 2711 2128 2767 si
2155 2710 2361 2768 diceret
2386 2728 2398 2764 :
2430 2709 2574 2765 idem
2604 2710 2830 2766 thronus
2852 2711 2982 2776 Dei,
3009 2721 3064 2766 et
3103 2712 3358 2789 templum
3400 2726 3557 2776 sunt.

1980 2802 2104 2872 quia
2152 2801 2350 2856 talibus
2394 2800 2723 2856 indumentis
2769 2800 2983 2868 vestiti,
3029 2810 3083 2857 et
3125 2803 3384 2874 sanguine
3422 2806 3559 2875 Agti

1980 2891 2232 2948 videntur
2268 2890 2455 2946 abluti.
2505 2890 2571 2945 Et
2613 2899 2739 2945 nota
2785 2891 2910 2962 quia
2952 2908 3060 2948 non
3103 2893 3213 2961 ait,
3256 2895 3465 2953 habitat
3505 2898 3563 2953 i‘t

1980 2981 2120 3049 illis,
2149 2982 2242 3038 sed
2279 2998 2436 3054 super
2474 2979 2623 3046 illos,
2659 2989 2717 3038 ut
2754 2997 2848 3037 eos
2884 2983 3138 3041 thronum
3176 2985 3337 3041 simul
3374 2993 3558 3042 osten—

1977 3073 2160 3138 deret,
2192 3078 2247 3126 et
2274 3070 2550 3143 templum.
2585 3071 2678 3126 Die
2706 3081 2888 3129 autem
2916 3082 2968 3128 et
2997 3084 3145 3130 nocte
3170 3074 3331 3142 dicit,
3359 3076 3413 3131 in
3440 3091 3562 3148 pro—

1978 3164 2153 3234 speris
2195 3168 2250 3217 et
2296 3162 2362 3216 in-
2398 3162 2660 3217 adversis.
2715 3162 2920 3233 (Vens.
2957 3163 3082 3236 16.)
3131 3164 3254 3220 Non
3303 3150 3558 3227 esuriem.

1980 3269 2143 3327 neque
2180 3252 2355 3309 sitiant
2393 3252 2650 3326 amplius,
2692 3264 2746 3309 et
2788 3270 2893 3310 non
2933 3255 3082 3311 cadet
3119 3274 3276 3329 super
3320 3257 3438 3315 illos
3486 3264 3564 3317 sol

1980 3364 2143 3421 neque
2171 3347 2309 3402 ullus
2337 3357 2494 3403 a’stus
2517 3362 2536 3400 :
2568 3347 2586 3420 (
2610 3349 2774 3404 Vens.
2828 3348 2933 3420 17)
2963 3350 3209 3423 quoniam
3236 3351 3415 3422 Agnus
3436 3393 3451 3418 ,
3478 3358 3571 3425 qni

1978 3440 2035 3494 in
2079 3438 2248 3494 medio
2292 3438 2466 3493 throni
2504 3447 2614 3505 est,
2658 3447 2795 3510 reget
2840 3436 2991 3504 illos,
3037 3449 3087 3494 et
3126 3440 3197 3494 ad
3238 3441 3353 3496 vita:
3392 3443 3563 3512 fontes

1980 3546 2241 3601 aquarum
2281 3529 2499 3585 deducet
2525 3546 2611 3583 eos
2633 3544 2654 3593 ;
2696 3526 2897 3583 idcirco
2937 3528 3065 3582 nihil
3109 3528 3568 3587 incommoditatis

1982 3623 2282 3685 sustinent,
2325 3621 2448 3690 quia
2490 3619 2675 3689 Agnus
2717 3616 2854 3688 regit
2894 3628 3025 3675 eos.‘
3051 3617 3159 3675 Sed
3184 3634 3292 3691 quo
3321 3634 3416 3676 eos
3440 3637 3575 3692 perv

1984 3712 2162 3777 ducit,
2195 3710 2299 3765 nisi
2339 3711 2407 3764 ad
2446 3709 2652 3765 fontem
2693 3710 3000 3781 aquarum?
3039 3710 3246 3767 scilicet
3281 3712 3352 3768 ad
3391 3713 3567 3769 Trinio

1985 3809 2147 3857 tatem
2171 3842 2187 3868 ,
2231 3817 2352 3871 qua:
2392 3800 2729 3870 significatur
2765 3816 2865 3872 per
2901 3801 3124 3859 fontem.
3167 3804 3233 3859 Et
3271 3821 3366 3879 per
3402 3796 3565 3876 quam

1985 3894 2126 3949 viam
2142 3934 2158 3959 ,
2186 3893 2290 3949 nisi
2315 3908 2414 3965 per
2437 3893 2532 3949 se?
2553 3891 2671 3964 ipse
2692 3893 2837 3948 enim
2862 3893 2939 3947 ait
2963 3911 2976 3947 :
3002 3892 3115 3964 Ego
3136 3911 3252 3950 sum
3276 3897 3356 3952 uia
3383 3897 3564 3966 (Joan,

1985 4001 2098 4052 xlv,
2123 3984 2198 4057 6).
2225 3984 2531 4043 Notandum
2557 3985 2718 4041 etiam
2744 3985 2870 4054 quia
2895 4001 3036 4059 unus
3063 3986 3310 4057 idemque
3335 3986 3487 4055 fons,
3512 4001 3573 4047 ct

1986 4077 2222 4134 esuriem
2265 4076 2444 4132 aufert
2481 4076 2607 4147 quia
2650 4075 2807 4147 panis
2842 4076 2998 4132 vivus
3036 4084 3155 4144 est,
3185 4086 3239 4133 et
3268 4079 3411 4134 sitim
3439 4082 3565 4151 quia

1988 4175 2149 4237 potus
2177 4173 2261 4224 est
2288 4166 2433 4222 vitae.
2483 4164 2618 4222 Nam
2664 4174 2726 4222 ut
2773 4166 2850 4223 ait
2894 4166 3224 4237 Apostolus:
3270 4169 3387 4224 Erit
3422 4170 3587 4239 Deus-

1990 4256 2166 4313 omnia
2206 4255 2261 4313 in
2301 4246 2540 4313 omnibus
2566 4255 2636 4329 (Ι
2659 4255 2782 4312 Cor.
2812 4273 2887 4312 xu
2907 4297 2922 4322 ,
2952 4256 2983 4311 6
3003 4257 3044 4329 ).
3079 4257 3230 4314 Unus
3259 4260 3423 4332 igitur
3449 4260 3571 4317 fons

1989 4348 2191 4405 dicitur
2218 4359 2439 4422 propter
2467 4349 2729 4403 unitatem
2768 4355 2975 4404 natura:
3016 4347 3224 4414 Patris,
3255 4358 3310 4403 et
3337 4351 3487 4422 Filii,
3512 4360 3583 4421 et

1992 4438 2226 4512 Spiritus
2250 4438 2445 4493 sancti.
2485 4436 2765 4507 Aquarum
2794 4450 2925 4491 vero
2954 4434 3076 4492 fons
3103 4423 3488 4506 introducitur,
3510 4451 3597 4513 ut,

1990 4529 2359 4601 multiplicitas
2401 4527 2751 4584 donationum
2800 4526 2898 4582 Dei
2946 4526 3001 4582 in
3042 4529 3245 4585 sanctis
3285 4545 3384 4602 per
3429 4530 3595 4588 hanc.

1991 4620 2314 4676 sententiam
2354 4619 2710 4690 exprimatur.
2749 4618 2937 4689 Itaque
2961 4618 3053 4689 qui
3081 4618 3233 4689 Agno
3258 4630 3474 4691 regente
3500 4620 3570 4677 ad

1992 4710 2152 4781 hujus
2192 4726 2346 4781 aqua:
2385 4709 2693 4765 satietatem
2732 4708 3062 4779 perducitur,
3107 4721 3209 4764 nec
3243 4709 3440 4775 solem,
3471 4726 3573 4767 nec

1992 4801 2160 4856 ullum
2189 4809 2379 4858 testam
2408 4800 2633 4871 patitur,
2666 4798 2795 4871 quia
2823 4798 3082 4853 vitiorum
3109 4799 3288 4857 calore
3316 4816 3425 4856 non
3456 4803 3571 4855 uri-

1996 4900 2102 4947 tur.
2144 4891 2215 4948 Et
2253 4892 2510 4964 absterget
2546 4889 2689 4945 Deus
2719 4905 2921 4945 omnem
2964 4887 3252 4960 lacrgmam
3295 4890 3360 4945 ab
3406 4891 3571 4946 oculis

1992 5002 2193 5040 eorum.
2226 4984 2269 5041 0
2297 4984 2448 5038 mirae
2474 4981 2691 5054 pietatis
2718 4980 2965 5037 allectum
2991 4983 3004 5037 ι
3035 4980 3249 5037 Patrem
3276 4997 3334 5039 se
3357 4982 3571 5059 demon-

1996 5082 2166 5141 strat,
2217 5080 2445 5129 matrem
2491 5070 2757 5134 ostendit,
2799 5064 2891 5140 qui
2929 5068 3297 5140 plangentium
3335 5060 3569 5149 filiorum

1996 5165 2265 5236 lacrymas
2305 5160 2585 5232 abstergit.
2624 5159 2779 5216 Unde
2821 5160 3016 5215 merito
3060 5159 3227 5216 lsaias
3270 5160 3442 5235 dicit:
3492 5160 3574 5219 Tu

1997 5255 2135 5309 enim
2167 5254 2327 5309 Pater
2362 5262 2558 5320 noster,
2598 5260 2646 5306 et
2685 5250 2950 5306 Abraham
2979 5251 3187 5306 nescivit
3214 5268 3348 5318 nos;
3376 5262 3433 5309 tu
3460 5251 3574 5308 Do-

1998 5346 2138 5401 mine
2184 5343 2349 5400 Pater
2394 5356 2570 5399 noster
2615 5344 2635 5417 (
2656 5341 2768 5399 Isa.
2796 5359 2964 5433 ant,
2992 5342 3118 5417 16).
3167 5340 3274 5398 Sed
3300 5334 3421 5415 qua:
3448 5355 3577 5433 διμιι

1998 5439 2083 5494 hac
2129 5437 2422 5510 lacrymie?
2471 5435 2687 5492 Scilicet
2754 5435 2879 5507 quia
2934 5422 3078 5490 alius
3122 5434 3327 5511 plangit
3372 5422 3573 5521 malum

2001 5531 2145 5601 quod
2172 5531 2311 5602 egit,
2340 5530 2477 5586 alius
2504 5529 2626 5601 quia
2652 5528 2850 5584 bonum
2876 5543 2985 5583 non
3012 5525 3164 5592 fecit,
3195 5538 3248 5583 et
3271 5528 3374 5587 alia

2003 5623 2219 5679 similia.
2264 5623 2357 5677 liae
2396 5632 2572 5676 autem
2614 5619 2862 5692 lacrymae
2911 5618 3140 5678 filiorum
3187 5629 3317 5680 tunc
3358 5604 3570 5679 abster-
