4010 6182
415 239 549 295 M35

1287 238 1343 289 Β.
1387 237 1447 292 F.
1493 235 1714 291 ΑωιΝι
1754 232 1883 288 εευ
1923 225 2515 285 ΑΠῖῸΙΝΙιΟΡΕΒυΜ
2553 223 2732 280 PARS
2765 223 2827 279 Il.

3528 226 3664 280 11ὗῦ

410 358 595 430 senda:
624 367 813 419 erunt,
842 371 962 410 cum
990 353 1055 410 de
1081 353 1271 412 exsilio
1329 357 1397 410 ad
1443 356 1673 424 pattiam
1703 352 1976 408 redierint.
2014 353 2056 408 Α
2082 342 2256 400 ollicio
2297 341 2507 412 capitis.
2552 339 2706 409 Quod
2741 353 2870 394 vero
2914 353 3074 408 super
3113 337 3544 430 altarcvaureum
3584 341 3663 393 in.

995 485 1222 543 CAPUT
1257 486 1385 542 νηί.

482 599 642 656 Vens.
683 600 732 653 i.
763 596 916 651 -—-Et
953 613 1071 652 cum
1109 597 1392 670 aperuisset
1435 596 1661 667 sigillum
1689 595 1983 664 septimum,

413 694 609 762 factum
639 700 714 745 est
741 691 1002 746 silentium
1044 691 1099 745 in
1136 689 1261 744 caelo
1299 689 1450 761 quasi
1487 687 1658 742 media
1689 688 1836 740 hora.
1867 683 1988 740 Ca:-

415 785 522 838 lum
545 823 560 848 ,
594 791 652 837 ut
680 781 992 852 frequenter
1019 782 1282 844 diximus,
1325 780 1563 836 Ecclesia
1593 789 1836 842 vocatur,
1869 793 1987 846 qua:

414 871 541 927 dum
569 888 600 926 a
629 871 932 942 frequentia
971 885 1152 926 rerum
1190 870 1550 941 corporalium
1597 885 1696 941 per
1741 869 1987 940 quaedam

415 965 655 1019 membra
681 979 778 1019 sua
806 978 1077 1019 secessum
1104 963 1306 1017 intima:
1330 962 1795 1032 contemplationis
1820 961 1985 1030 petit,

413 1057 566 1126 quasi
604 1057 876 1112 silentium
917 1055 1028 1110 Deo
1067 1064 1256 1126 parat;
1300 1056 1441 1126 quod
1481 1056 1606 1125 quia
1649 1057 1701 1110 in
1739 1056 1842 1110 hac
1879 1054 1989 1109 vita

416 1167 522 1206 non
548 1158 728 1222 potest
753 1163 873 1206 esse
892 1148 1220 1222 perfectum,
1252 1150 1403 1219 quasi
1433 1149 1608 1204 media
1634 1149 1766 1203 liora
1794 1147 1992 1202 dicitur

416 1241 637 1299 factum.
670 1240 737 1296 Et
765 1249 888 1295 nota
916 1240 1038 1310 quia
1070 1240 1143 1295 ibi
1173 1238 1669 1310 recapitulationem
1699 1237 1871 1292 ﬁnivit
1899 1237 1988 1293 ubi

417 1334 492 1391 ait
519 1352 533 1388 :
568 1333 694 1388 Post
720 1333 830 1388 Ita'c
859 1332 963 1388 uidi
989 1332 1193 1385 turbam
1221 1348 1491 1403 magnam,
1521 1346 1664 1386 nunc
1693 1339 1870 1385 autem
1902 1342 1988 1384 se-

415 1425 584 1496 ptimo
612 1423 784 1494 sigillo
808 1421 1077 1478 concludit
1106 1424 1485 1479 narrationem.
1519 1422 1715 1493 (Vens.
1737 1420 1792 1485 2,
1815 1419 1892 1490 ὅ.)
1924 1419 1991 1474 Et

416 1514 521 1568 vidi
547 1526 735 1586 septem
766 1513 976 1584 angelos
1004 1523 1197 1570 stantes
1232 1516 1299 1569 in
1319 1524 1587 1588 conspectu
1618 1513 1748 1577 Dei,
1777 1523 1824 1566 et
1854 1514 1990 1567 data:

416 1615 535 1660 sunt
559 1605 664 1660 illis
688 1615 880 1676 septem
903 1606 1058 1661 tubas.
1091 1604 1159 1660 Et
1184 1606 1320 1660 alius
1347 1606 1559 1677 angelus
1587 1606 1718 1660 uenit
1737 1646 1752 1670 ,
1781 1613 1827 1658 et
1853 1604 1991 1657 stetit

2085 450 2244 490 censa
2286 434 2607 498 oﬂ‘eruntur,
2653 430 2890 487 ostendit
2930 431 3057 501 quia
3103 444 3211 484 non
3257 428 3414 494 alibi,
3462 430 3565 484 nisi
3611 433 3664 486 iu

2086 540 2312 596 corpore
2339 524 2574 588 Christi,
2605 522 2749 593 quod
2788 529 2958 576 totum
3003 519 3168 575 divini
3211 519 3360 575 verbi
3401 520 3664 590 sapientia

2089 615 2424 685 resplendet,
2457 614 2759 667 orationum
2801 609 3129 666 sacriﬁcium
3169 609 3237 665 ab
3269 624 3336 664 eo
3380 611 3661 681 accipitur.

2087 711 2154 764 Et
2182 719 2305 764 nota
2336 709 2460 779 quia
2492 709 2748 770 thronus,
2780 713 2833 761 et
2860 715 2984 759 ante
3023 705 3278 759 thronum
3315 704 3511 769 altare,
3554 720 3663 761 non

2086 801 2239 866 duas,
2285 801 2378 855 sed
2426 815 2586 854 unam
2617 798 2912 852 Ecclesium
2955 794 3297 866 signiﬁcent;
3349 796 3488 852 sicut
3533 812 3664 852 arca

2087 889 2199 944 Noe
2220 930 2234 954 ,
2265 898 2319 944 et
2343 898 2466 944 octo
2495 888 2687 942 animae
2717 888 2770 941 in
2801 902 2884 941 ea.
2919 886 3106 957 (Vens.
3140 884 3218 956 5.)
3250 884 3320 938 Et
3347 885 3542 956 accepit
3571 903 3668 939 an-

2086 981 2229 1051 gelus
2259 978 2610 1044 thuribulum,
2650 987 2698 1032 et
2743 976 2966 1048 implevit
3006 975 3139 1030 illud
3180 976 3244 1030 de
3283 977 3400 1046 igne
3441 976 3664 1042 altaris,

2087 1082 2136 1126 et
2166 1072 2303 1126 misit
2333 1072 2386 1124 in
2418 1081 2630 1125 terram.
2657 1070 2807 1124 Tunc
2832 1067 3052 1138 angelus
3079 1068 3410 1122 thuribulum
3436 1069 3665 1140 accepit,

2089 1177 2209 1216 cum
2252 1160 2512 1216 Dominus
2541 1160 2642 1214 sibi
2683 1159 2826 1213 intra
2864 1168 3080 1212 uterum
3109 1156 3346 1228 Virginis
3374 1157 3667 1213 humanam

2089 1261 2337 1307 naturam
2382 1251 2696 1321 conjunxit;
2743 1250 2856 1305 sive
2896 1249 2962 1304 de
3004 1263 3231 1319 corpore
3272 1249 3668 1320 intelligamus,

2089 1360 2211 1400 cum
2238 1346 2470 1414 primum
2500 1344 2553 1398 in
2583 1341 2766 1398 Iudaea
2797 1340 3087 1410 discipulos
3116 1339 3295 1410 elegit.
3326 1339 3462 1396 Cum
3489 1350 3670 1398 autem

2089 1446 2143 1491 et
2191 1434 2447 1505 angelus,
2491 1441 2544 1487 et
2588 1430 2951 1493 thuribulum,
2999 1438 3055 1485 et
3097 1429 3302 1496 altare,
3349 1445 3512 1484 unum
3561 1432 3673 1486 sint

2089 1541 2283 1596 corpus
2305 1563 2320 1590 ,
2351 1525 2475 1593 quia
2516 1524 2848 1578 thuribulum
2891 1523 2957 1576 de
2985 1521 3106 1592 igne
3135 1520 3321 1575 altaris
3348 1520 3542 1576 dicitur
3570 1521 3674 1575 im-

2090 1619 2325 1689 pletum,
2362 1615 2761 1686 intelligendum
2801 1620 2884 1669 est
2923 1612 3077 1684 quasi
3105 1613 3344 1667 diceret:
3385 1612 3451 1666 Et
3476 1622 3670 1682 caput,

416 1706 536 1751 ante
565 1695 732 1751 altare
760 1697 954 1750 habens
980 1696 1300 1751 thuribulum
1326 1714 1562 1752 aureum.
1591 1697 1703 1752 Hoc
1727 1696 1845 1753 1ορο
1870 1712 1991 1751 nar-
2021 1689 2072 1748 Β
2095 1720 2150 1763 ει
2176 1723 2373 1778 corpus
2399 1722 2504 1762 ῃοη
2537 1705 2713 1760 alieno
2731 1745 2744 1768 ,
2775 1704 2877 1759 nisi
2917 1705 3136 1773 proprio
3184 1703 3304 1773 igne
3347 1717 3671 1758 succensum

418 1787 646 1844 rationis
683 1789 928 1843 ordinem
973 1798 1356 1860 przeposterat,
1403 1800 1457 1845 et
1497 1790 1805 1854 interdicit;
1855 1789 1993 1843 sicut

417 1881 560 1936 enim
592 1882 872 1952 sequentia
902 1880 1348 1938 dcmonstrabunt
1367 1924 1381 1947 ,
1412 1883 1565 1952 prius
1595 1882 1682 1938 ille
1719 1898 1840 1937 cum
1873 1883 1993 1936 thu-

418 1972 593 2030 ribulo
619 1976 841 2029 veniens
869 1981 993 2029 ante
1017 1973 1188 2030 altare
1211 1975 1387 2039 stetit,
1417 1989 1575 2045 quam
1605 1981 1806 2045 septem
1837 1974 1993 2027 tubas

419 2066 743 2135 acceperint.
786 2063 1061 2120 interdicit
1100 2081 1256 2131 vero,
1299 2065 1425 2134 quia
1463 2073 1748 2136 antequam
1785 2063 1850 2118 de
1888 2062 1993 2117 illis

419 2154 656 2217 ﬁnisset,
706 2156 850 2210 hunc
891 2169 1013 2210 cum
1061 2155 1336 2210 thuribulo
1380 2155 1614 2210 medium
1657 2154 1988 2208 interserult.

419 2242 558 2313 Quid
587 2245 769 2315 itaque
799 2246 855 2301 in
887 2254 1091 2318 septem
1122 2246 1325 2316 angelis
1356 2245 1706 2315 intelligimus
1735 2245 1836 2298 nisi
1868 2257 1991 2298 san-

418 2344 561 2390 etam
610 2335 905 2392 Ecclesium
955 2337 1008 2391 in
1053 2337 1166 2392 suis
1205 2336 1682 2407 przedicatorilzus,
1730 2336 1822 2406 qui
1869 2347 1994 2392 sunt

419 2432 636 2480 (eterna:
663 2427 787 2481 vitae
815 2426 1264 2482 annuntiatores?
1292 2426 1459 2481 Recte
1488 2426 1649 2480 etiam
1679 2435 1882 2496 septem
1914 2429 1993 2482 di-

420 2523 634 2580 cuntur,
668 2516 795 2585 quia
824 2515 1124 2586 septiformi
1152 2516 1355 2587 Spiritu
1401 2516 1696 2586 replentur,
1739 2518 1820 2572 vel
1867 2519 1991 2588 quia

422 2606 758 2661 universitati
792 2606 1124 2662 credentium
1155 2615 1560 2678 praeponuntur.
1605 2607 1661 2661 lu
1702 2616 1992 2679 conspectu

419 2706 596 2754 autem
625 2697 722 2754 Dei
752 2708 897 2755 stare
938 2698 1308 2770 perhibentur,
1366 2700 1456 2769 qui
1512 2698 1744 2754 terrenis
1781 2699 1988 2769 cupidi—

423 2789 622 2843 tatibus
677 2789 900 2844 calcatis
950 2789 1146 2846 divinte
1201 2789 1640 2859 contemplationi
1705 2790 1987 2846 inbzerent.

421 2879 559 2948 Quid
587 2888 768 2935 autem
795 2895 895 2950 per
921 2889 1126 2952 septem
1156 2896 1342 2935 eorum
1384 2882 1572 2945 tubas,
1609 2882 1712 2936 nisi
1753 2879 1990 2952 perfecta

423 2971 632 3027 Veteris
659 2988 724 3026 ac
748 2971 880 3027 Novi
923 2972 1250 3028 Testamenti
1292 2973 1604 3043 praedicatio
1643 2971 1990 3027 declaratur?

415 3059 566 3129 juxta
607 3061 776 3116 illud:
825 3061 992 3127 Quasi
1034 3062 1158 3116 tuba
1202 3065 1377 3117 exalto
1422 3079 1590 3118 vocem
1639 3072 1783 3117 tuam
1834 3061 1986 3135 (Isa.

422 3167 553 3207 mn
576 3192 591 3215 ,
625 3152 643 3204 l
672 3151 712 3223 ).
745 3151 800 3205 lu
832 3167 898 3206 eo
925 3161 1102 3208 autem
1130 3155 1270 3225 quod
1313 3155 1609 3211 sacerdotis
1636 3154 1869 3210 ollicium
1910 3165 1992 3210 est

422 3241 576 3296 altari
619 3243 903 3308 assistere,
950 3252 1005 3298 et
1044 3253 1283 3315 aptatum
1327 3247 1658 3302 aromatibus
1703 3248 1991 3319 thymiama

421 3347 685 3398 cremare,
717 3337 1058 3404 agnoscimus
1085 3339 1210 3409 quia
1241 3339 1461 3410 angelus
1499 3341 1601 3394 iste
1623 3340 1886 3394 mediator
1911 3347 1994 3394 est

424 3423 518 3480 Dei
541 3432 595 3480 ct
616 3426 888 3481 hominum
905 3467 919 3491 ,
945 3435 1146 3496 septem
1171 3429 1482 3498 angelorum
1505 3428 1748 3498 angelus,
1770 3437 1824 3482 et
1844 3436 1903 3481 ut
1919 3428 1991 3480 ita

422 3514 718 3571 dixerimus
744 3524 948 3586 septem
977 3517 1315 3572 sacerdotum
1346 3515 1621 3587 pontifex;
1649 3517 1714 3572 de
1740 3532 1845 3587 quo
1872 3534 1994 3589 pro-

421 3605 581 3673 pheta
607 3624 620 3660 :
657 3605 836 3678 Magni
865 3605 1070 3662 consilii
1096 3607 1310 3678 angelus
1336 3608 1353 3678 (
1370 3606 1480 3662 Isa.
1503 3607 1649 3675 “,6,
1675 3625 1776 3663 sec.
1799 3607 1889 3661 LX
1899 3607 1988 3679 Χ).

426 3695 578 3751 Unde
621 3706 806 3767 aperte
848 3697 1149 3766 colligimus
1189 3697 1340 3765 prius
1382 3697 1523 3753 hunc
1553 3699 1799 3764 venisse,
1833 3713 1993 3767 quam

423 3788 629 3855 septem
678 3787 894 3855 angelos
943 3789 1100 3842 tubas
1153 3790 1442 3860 accepisse.
1502 3789 1605 3846 Per
1653 3791 1820 3847 altare
1865 3807 1994 3846 vero

422 3872 580 3928 electi
626 3874 996 3945 designantur,
1049 3876 1102 3931 in
1146 3879 1341 3946 quibus
1387 3880 1626 3949 spiritale
1669 3881 1993 3936 sacrificium

421 3963 742 4022 celebratur.
779 3967 938 4023 Venit
980 3983 1110 4040 ergo
1157 3971 1377 4040 angelus
1417 3987 1514 4041 per
1549 3987 1803 4038 carnem,
1847 3973 1994 4028 stetit

419 4071 516 4127 per
553 4057 903 4114 divinitatem.
949 4059 1088 4127 Quid
1125 4076 1338 4132 quoque
1379 4077 1476 4132 per
1521 4065 1848 4120 thuribulum
1890 4066 1995 4122 nisi

420 4150 723 4206 humanitas
751 4150 988 4206 Christi?
1008 4151 1075 4206 Et
1092 4161 1216 4222 apte
1235 4167 1455 4207 aureum
1478 4153 1694 4221 dicitur,
1716 4155 1839 4225 quia
1868 4171 1994 4211 caro

420 4255 452 4296 a
481 4239 644 4296 verbo
681 4239 778 4295 Dei
817 4249 1064 4310 suscepta
1102 4256 1209 4296 una
1240 4257 1360 4297 cum
1386 4258 1451 4298 eo
1481 4254 1565 4299 cst
1591 4246 1855 4315 sapientia
1878 4287 1893 4311 ,
1927 4249 1993 4304 de

2096 1805 2181 1853 est
2203 1838 2218 1863 ,
2246 1797 2298 1852 id
2327 1804 2410 1851 est
2440 1795 2645 1865 Spiritu
2677 1804 2880 1848 sancto.
2928 1792 3075 1846 Misit
3118 1801 3298 1846 autem
3338 1792 3395 1845 in
3438 1801 3630 1844 terram
3654 1831 3671 1855 ,

2095 1889 2150 1944 id
2193 1895 2309 1952 est,
2358 1887 2410 1940 in
2456 1887 2596 1941 hanc
2637 1883 2986 1956 gentilitatem
3028 1883 3315 1953 perduxit;
3363 1882 3504 1936 unde
3548 1890 3674 1953 apte

2095 1979 2383 2034 subditur:
2419 1986 2466 2031 et
2508 1977 2649 2046 facta
2693 1984 2812 2030 sunt
2859 1975 3121 2038 tonitrua,
3165 1983 3212 2027 et
3264 1989 3439 2035 uoces,
3491 1973 3546 2028 id
3587 1981 3674 2028 est

2095 2071 2535 2142 praedicationum
2567 2075 2802 2123 terrores
2829 2085 2841 2120 :
2874 2076 2920 2119 et
2950 2064 3162 2135 fulgura
3183 2105 3195 2128 ,
3227 2065 3331 2120 hoc
3373 2072 3459 2118 cst
3504 2064 3672 2119 mira-

2095 2163 2338 2218 culorum
2366 2161 2517 2232 signa
2546 2178 2559 2213 :
2592 2169 2638 2214 et
2668 2169 3020 2218 terrwmotus.
3053 2157 3106 2212 id
3135 2165 3217 2211 est
3245 2156 3666 2227 persecutiones.

2097 2255 2292 2326 (Vens.
2345 2252 2440 2322 6.)
2487 2251 2553 2305 Et
2603 2260 2792 2320 septem
2840 2247 3012 2318 angeli
3052 2255 3474 2317 praeparaverunt
3515 2262 3570 2300 se
3613 2255 3670 2299 ut

2094 2348 2216 2402 tuba
2247 2354 2510 2400 canerent.
2543 2343 2680 2410 Quid
2709 2349 2791 2396 est
2818 2349 3030 2396 sanctos
3073 2339 3324 2394 doctores
3366 2335 3430 2391 ad
3467 2353 3670 2393 canen-

2095 2440 2222 2494 dum
2271 2453 2329 2493 se
2373 2449 2680 2508 praeparare
2699 2475 2713 2499 ,
2743 2434 2844 2488 nisi
2873 2433 3049 2487 divina
3079 2431 3288 2501 eloquia
3321 2430 3580 2495 scrutari,
3611 2439 3677 2484 ut

2095 2530 2267 2586 sciant
2295 2527 2423 2598 quid
2443 2568 2456 2591 ,
2490 2526 2575 2581 cui
2617 2533 2670 2580 et
2725 2524 2957 2594 qualiter
2985 2523 3131 2592 loqui
3172 2523 3444 2577 debeant?
3469 2522 3674 2577 Admoo

2093 2622 2302 2677 nendus
2343 2619 2520 2688 itaque
2549 2617 2720 2672 lector
2744 2625 2827 2671 est
2866 2624 2926 2670 ut
2967 2617 3019 2669 in
3049 2615 3395 2684 sequentibus
3421 2630 3527 2670 non
3555 2615 3678 2685 plus

2093 2722 2295 2784 septem
2317 2755 2331 2778 ,
2360 2728 2519 2784 quam
2546 2727 2709 2766 unum
2736 2709 2984 2783 angelum
3011 2707 3304 2779 intelligat;
3335 2707 3430 2762 sed
3460 2721 3679 2778 semper

2093 2806 2145 2859 in
2177 2803 2398 2875 singulis
2442 2811 2646 2872 septem
2676 2807 2996 2872 cognoscat,
3025 2814 3147 2854 cum
3171 2806 3390 2869 propter
3414 2797 3676 2868 ﬁguratas

2092 2896 2422 2951 locutionum
2452 2908 2644 2948 causas
2665 2933 2679 2956 ,
2709 2907 2831 2963 qua:
2858 2906 2962 2945 non
2991 2899 3215 2962 possunt
3253 2890 3355 2946 sub
3396 2904 3505 2944 uno
3549 2903 3679 2942 nar-

2093 2988 2232 3050 rari,
2269 2987 2321 3041 in
2352 2994 2555 3056 septem
2588 2985 2875 3040 distinctos
2905 2983 3160 3038 inveniat.

2163 3079 2326 3133 Vens.
2363 3075 2582 3131 7.—Et
2615 3075 2812 3147 primus
2840 3073 3057 3145 angelus
3081 3076 3204 3128 tuba
3231 3073 3436 3139 cecinit,
3455 3082 3504 3128 et
3531 3072 3677 3143 facta

2093 3179 2168 3226 est
2195 3168 2396 3242 grando
2419 3178 2467 3221 et
2493 3168 2627 3238 ignis
2651 3167 2844 3221 mistus
2872 3165 3147 3236 sanguine,
3192 3175 3241 3218 et
3291 3165 3488 3219 missus
3513 3172 3596 3219 est
3621 3165 3675 3217 ia

2095 3272 2308 3325 terram,
2333 3269 2380 3314 et
2407 3259 2560 3312 tertia
2583 3274 2703 3328 pars
2732 3255 2982 3310 arborum
3023 3254 3303 3310 combusta
3330 3264 3430 3318 est,
3453 3263 3501 3309 et
3525 3270 3677 3308 omne

2095 3351 2271 3419 fenum
2294 3348 2456 3404 viride
2479 3347 2802 3402 combustum
2826 3353 2922 3399 est.
2948 3343 3052 3399 Per
3067 3343 3382 3414 grandinem
3404 3343 3481 3397 ira
3504 3343 3676 3398 omni-

2094 3440 2326 3511 potentis
2351 3439 2443 3494 Dei
2465 3437 2804 3507 exprimitur,
2822 3434 2975 3503 juxta
3005 3435 3133 3488 illud
3157 3451 3170 3486 :
3199 3434 3280 3488 lra
3303 3433 3512 3488 Domini
3536 3434 3676 3489 sicut

2095 3530 2298 3598 grando
2326 3527 2672 3582 descendens.
2703 3524 2805 3579 Per
2843 3525 3016 3596 ignem
3049 3522 3194 3577 zelus
3221 3521 3306 3577 vel
3328 3521 3508 3576 odium
3535 3523 3677 3578 desi-

2095 3629 2318 3688 gnatur;
2351 3626 2406 3670 et
2434 3625 2578 3672 recte
2608 3617 2799 3670 mistus
2832 3614 3091 3685 sanguine
3127 3613 3346 3677 dicitur,
3371 3613 3493 3681 quia
3518 3613 3673 3684 juxta

2094 3709 2315 3764 .l-eannis
2342 3723 2527 3763 vocem
2562 3721 2574 3759 :
2611 3703 2713 3772 Qui
2736 3706 2845 3760 odit
2867 3705 3085 3777 fratrem
3107 3719 3260 3757 suum
3303 3702 3559 3758 homicida
3599 3717 3675 3757 est

2098 3803 2148 3871 (Ι
2195 3803 2352 3856 Joan.
2398 3818 2479 3864 ιη,
2537 3799 2642 3872 15).
2699 3801 2781 3855 Ab
2833 3802 2935 3855 lioc
2961 3800 3083 3870 igne
3113 3815 3219 3854 non
3245 3815 3400 3869 posse
3427 3800 3668 3852 comburi

2096 3893 2392 3950 Ecclesiam
2440 3892 2698 3948 Dominus
2743 3907 2832 3963 per
2877 3892 3071 3948 Isaiam
3113 3892 3392 3961 pollimtur
3432 3890 3616 3946 dicens
3651 3909 3663 3942 ε

2097 3979 2228 4032 Cum
2246 3977 2590 4033 ambulaveris
2615 3992 2713 4047 per
2741 3977 2934 4048 ignem,
2961 3993 3063 4032 non
3087 3976 3426 4043 combureris,
3445 3985 3492 4032 et
3519 3977 3670 4047 ﬂam-

2096 4086 2182 4123 ma
2209 4085 2311 4124 non
2331 4068 2529 4122 ardebit
2550 4068 2603 4122 in
2637 4078 2685 4122 te
2715 4067 2846 4140 (Isa.
2880 4083 3036 4133 XLIII,
3057 4066 3133 4138 2).
3158 4066 3464 4122 Notandum
3491 4075 3670 4121 autem

2095 4156 2220 4228 quia
2244 4171 2367 4212 cum
2399 4155 2610 4210 tertiam
2639 4163 2846 4224 partem
2882 4154 3155 4227 deperisse
3198 4153 3351 4222 dicit,
3400 4169 3506 4211 non
3536 4155 3673 4211 duas

2095 4258 2278 4319 partes
2324 4247 2379 4303 i‘n
2427 4245 2612 4303 electis
2665 4247 2986 4303 remansisse
3029 4247 3340 4303 existimare
3392 4249 3671 4313 debemus,

419 4345 524 4400 qua
553 4327 1054 4402 dicitur:Accipite
1078 4332 1397 4402 sapientiam
1422 4334 1560 4390 sicut
1585 4349 1775 4391 aurum
1809 4335 1987 4409 (Prov.
2023 4348 2282 4432 Dcontra
2324 4339 2455 4394 illud
2505 4357 2517 4392 :
2560 4337 2717 4393 Multi
2769 4348 2888 4392 sunt
2928 4340 3118 4404 vocati,
3167 4339 3325 4410 pauci
3366 4356 3484 4394 vero
3522 4339 3672 4394 electi

421 4420 695 4494 uniti).
747 4421 930 4480 Potest
975 4438 1071 4494 per
1120 4424 1483 4492 thuribulum,
1533 4442 1639 4498 quo
1685 4439 1993 4484 cremantur

415 4523 660 4570 aromata
682 4555 697 4581 ,
727 4513 963 4572 Ecclesia
994 4515 1242 4588 ﬁgurari,
1274 4533 1395 4588 quae
1423 4519 1544 4589 igne
1583 4521 1748 4577 divini
1791 4523 1993 4578 amoris

419 4617 678 4660 succensa
716 4603 956 4673 quotidie
981 4605 1111 4661 dicit
1140 4623 1152 4658 :
1184 4605 1460 4677 Dirigatnr
1496 4612 1664 4665 oratio
1705 4628 1817 4665 mea
1859 4612 1992 4667 sicut

417 4697 718 4761 incensum,
764 4707 820 4751 et
859 4704 1071 4750 czetera.
1105 4697 1123 4765 (
1148 4695 1293 4751 Psal.
1324 4715 1453 4764 cxn,
1481 4700 1578 4770 ἓ.)
1609 4701 1773 4756 Recte
1813 4713 1991 4758 autem

418 4787 761 4860 singulariter
787 4791 852 4845 de
880 4785 1090 4846 Christo
1116 4790 1455 4864 subiungitur
1482 4809 1495 4847 :

489 4877 559 4934 Et
586 4879 714 4934 data
741 4890 864 4934 sunt
893 4879 973 4935 illi
997 4881 1204 4935 incensa
1237 4883 1402 4937 multa
1426 4926 1438 4949 ,
1480 4895 1536 4937 ut
1575 4885 1723 4939 daret
1763 4887 1826 4940 de
1868 4905 1989 4941 ora—

419 4972 642 5027 tionibus
684 4983 983 5028 sanctorum
1021 4989 1178 5045 super
1221 4974 1389 5031 altare
1435 4993 1684 5042 aureum,
1731 4979 1870 5050 quod
1917 4991 1993 5032 est

418 5073 538 5119 ante
564 5065 806 5118 thronum
832 5082 851 5130 ;
883 5065 1065 5137 (Vens.
1116 5065 1180 5137 4)
1212 5076 1260 5120 et
1285 5068 1518 5122 ascendit
1548 5066 1724 5138 fumus
1755 5069 1990 5124 incenso-

422 5169 535 5218 rum
563 5153 630 5208 de
654 5154 974 5211 orationibus
997 5165 1297 5211 sanctorum
1322 5158 1388 5213 de
1412 5175 1571 5213 manu
1611 5159 1782 5230 angeli
1819 5176 1992 5215 coram

421 5245 546 5304 Deo.
582 5245 735 5303 Sicut
762 5244 942 5304 fumus
967 5264 1034 5304 ex
1061 5249 1317 5306 crematis
1340 5252 1672 5308 aromatibus
1697 5252 1989 5324 egreditur,

421 5342 498 5393 sic.
519 5343 694 5399 virtus
716 5343 1142 5414 compunctionis
1161 5344 1402 5416 gignitur
1425 5361 1490 5400 ex
1514 5346 1690 5401 studio
1709 5346 1985 5401 orationis.

423 5430 528 5488 Sed
553 5445 614 5489 ut
638 5436 749 5492 Deo
774 5436 907 5493 ﬁant
933 5447 1152 5508 accepta
1171 5479 1187 5504 ,
1218 5437 1407 5508 angelo
1429 5438 1626 5493 dantur
1656 5439 1871 5494 incensa
1895 5478 1910 5503 ,
1940 5439 1993 5492 id

421 5523 871 5598 estRedemptori
898 5539 1086 5586 nostro
1113 5530 1522 5585 committuntur
1547 5530 1848 5585 orationum
1881 5541 1993 5585 stu-

421 5614 506 5668 dia
555 5610 666 5667 Nec
691 5616 910 5671 omnino
938 5619 1002 5671 ad
1031 5619 1198 5672 Deum
1240 5626 1418 5690 potest
1455 5617 1598 5688 loqui
1630 5633 1855 5690 corpus,
1890 5621 1990 5673 nisi

405 4683 416 4723 I

2096 4430 2312 4503 (Matth.
2341 4445 2432 4496 xx,
2462 4427 2567 4502 16).
2593 4428 2709 4484 Non
2735 4432 2877 4486 enim
2908 4432 2976 4485 ad
3001 4431 3312 4500 qualitatem
3338 4431 3552 4493 litteraz,
3575 4431 3670 4485 sed

2091 4524 2159 4579 ad
2173 4522 2524 4594 quantitatem
2544 4521 2730 4592 ﬁgura:
2747 4522 3018 4592 pertinere
3037 4521 3250 4576 videtur
3262 4536 3521 4576 numerus
3536 4521 3666 4582 iste;

2092 4615 2232 4684 quod
2258 4613 2371 4683 ipsa
2400 4612 2703 4667 immutatio
2732 4613 3084 4676 demonstrat,
3105 4626 3224 4681 quas
3253 4627 3360 4667 uno
3398 4611 3514 4668 loco
3535 4612 3669 4666 duas

2092 4705 2300 4767 tertias,
2331 4703 2504 4759 altero
2532 4712 2661 4768 tres,
2681 4703 2786 4758 alio
2811 4718 2971 4760 unam
2996 4704 3212 4758 tertiam
3235 4703 3288 4757 in
3310 4704 3670 4772 reproborum

2092 4806 2291 4853 sortem
2330 4797 2541 4852 venisse
2582 4807 2766 4850 narrat
2797 4813 2808 4848 :
2837 4803 2892 4850 et
2920 4796 3134 4866 quidem
3176 4796 3422 4866 superius
3451 4795 3504 4849 iu
3533 4809 3670 4864 qua-

2093 4901 2216 4945 tuor
2257 4896 2441 4960 partes
2481 4887 2730 4943 distinxit
2769 4895 2942 4941 totum
2972 4885 3167 4942 diaboli
3197 4900 3410 4957 corpus,
3439 4900 3582 4940 nunc
3607 4885 3671 4940 in

2090 4980 2301 5035 duobus
2327 4978 2521 5044 tertiis,
2549 4986 2673 5048 post
2696 4977 2751 5031 in
2772 4976 2962 5042 tribus,
2990 4977 3180 5032 deinde
3202 4977 3255 5030 in
3280 4991 3417 5040 una;
3445 4976 3540 5031 sed
3558 4990 3672 5031 non

2092 5080 2174 5127 est
2199 5084 2301 5125 una
2332 5068 2491 5124 tertia
2519 5068 2697 5123 minor
2717 5081 2749 5120 a
2776 5065 2984 5122 duabus
3022 5066 3105 5121 vel
3153 5066 3346 5121 tribus.
3383 5063 3519 5119 Nam
3543 5079 3674 5120 cum

2093 5163 2146 5217 in
2197 5167 2430 5230 quatuor
2481 5165 2664 5229 partes
2713 5156 2992 5227 distinguit
3019 5155 3214 5211 diaboli
3251 5170 3472 5228 corpus,
3500 5170 3674 5210 unam

2091 5252 2206 5306 vult
2253 5249 2474 5321 intelligi
2521 5249 2575 5303 in
2624 5246 2890 5311 Ecclesia,
2920 5247 2972 5300 in
3003 5246 3150 5301 falsis
3175 5244 3452 5310 fratribus,
3479 5254 3536 5302 et
3559 5256 3676 5300 tres

2093 5341 2244 5404 foris,
2297 5339 2348 5393 id
2395 5345 2478 5392 est
2527 5336 2831 5400 bzereticos,
2879 5334 3092 5392 Judzeos
3139 5345 3194 5390 et
3241 5352 3499 5409 paganos.
3531 5336 3670 5392 Cum

2093 5444 2222 5486 vero
2249 5437 2419 5483 totum
2449 5441 2644 5497 corpus
2671 5425 2726 5480 in
2753 5427 2922 5482 tribus
2946 5425 3120 5481 tertiis
3138 5425 3416 5492 describit,
3449 5442 3554 5482 una
3583 5426 3673 5481 in-

2094 5519 2539 5592 tusintelligenda
2568 5525 2651 5572 est
2677 5519 2731 5574 in
2751 5519 2932 5589 pravis
2959 5517 3202 5574 ﬁdelibus
3227 5518 3476 5588 simplex,
3499 5518 3672 5572 altera

2094 5613 2224 5669 foris
2249 5615 2301 5668 in
2322 5613 2520 5668 Judteis
2545 5621 2707 5682 atque
2725 5614 2996 5669 haireticis
3025 5613 3239 5684 duplex,
3269 5613 3426 5667 tertia
3460 5610 3594 5666 foris
3614 5629 3672 5666 in
