4010 6182
358 435 492 490 “37

1100 436 1507 492 EXEGETICA.
1543 469 1612 478 -α-
1649 438 2000 496 COMMENT.
2043 441 2109 495 1N
2148 442 2525 499 APOCAL—
2553 445 2680 500 LIB.
2727 445 2813 500 Π.

3469 448 3606 502 MSS

353 550 602 622 gentibus
621 557 676 602 et
697 550 809 617 ipsa
837 549 1080 617 simplex.
1122 548 1254 604 Cum
1296 566 1421 606 vero
1475 568 1636 607 unam
1685 556 1924 623 corporis
1954 557 1998 612 Α
2030 553 2207 622 facula
2235 565 2454 626 propter
2479 558 2694 613 malitia:
2714 559 3002 614 fervorem.
3049 559 3220 614 Casus
3249 561 3349 615 iste
3388 579 3492 615 nou
3519 564 3606 619 ille

354 649 564 711 partem
589 638 778 692 eodem
808 639 1044 693 ternario
1068 641 1392 710 tertiamque
1437 657 1664 698 numero
1706 643 1917 714 ﬁgurat,

353 729 488 784 duas
511 728 730 784 omnino
750 741 817 782 ex
847 727 1021 784 tribus
1045 729 1219 784 tertiis
1259 738 1442 798 partes
1485 733 1839 799 constituens,
1869 744 1926 790 et
1953 746 1955 749 '

353 819 594 877 occultos
626 820 810 885 simul,
838 827 896 874 et
933 828 1148 890 apertos
1189 821 1414 893 intelligi
1457 823 1573 878 vult
1619 824 1920 882 haereticos.

353 911 544 967 Restat
586 927 689 966 una
719 912 878 966 tertia
907 911 1051 966 intus
1069 920 1125 968 et
1152 911 1304 977 foris,
1331 929 1452 983 quas
1485 917 1724 970 omnium
1771 917 1825 971 in
1865 933 1925 972 se

354 1003 548 1059 retinet
574 999 794 1057 formas.
839 1001 972 1056 Cum
1003 1018 1133 1058 vero
1179 1003 1232 1057 in
1275 1003 1484 1059 duabus
1523 1007 1714 1069 tertiis,
1759 1023 1922 1062 unam

351 1091 650 1164 simplicem
676 1093 792 1148 vult
817 1093 1040 1162 intelligi
1069 1093 1213 1148 intus
1257 1095 1312 1148 in
1358 1095 1516 1150 malis
1564 1096 1919 1162 Christianis;

351 1180 578 1238 alteram
618 1182 888 1252 triplicem
941 1181 1074 1238 foris
1105 1183 1160 1238 in
1195 1183 1414 1247 Judaais,
1449 1185 1716 1240 haereticis
1761 1195 1924 1256 atque

351 1271 597 1341 paganis.
624 1268 691 1325 Et
713 1271 990 1326 sciendum
1018 1273 1142 1341 quia
1170 1273 1272 1329 hoc
1301 1283 1386 1329 est
1422 1283 1566 1329 terra
1594 1277 1737 1346 quod
1765 1278 1925 1333 arbo-

352 1375 457 1418 res.
491 1360 544 1416 id
572 1369 656 1417 est
681 1361 943 1417 malorum
970 1379 1178 1418 summa
1212 1365 1266 1419 in
1303 1365 1510 1421 duabus
1559 1368 1733 1423 tertiis
1777 1384 1924 1424 com-

352 1449 640 1520 prehensa,
671 1463 896 1519 quarum
929 1467 1032 1505 una
1069 1451 1317 1520 simplex,
1361 1452 1528 1509 altera
1569 1456 1764 1526 triplex
1793 1467 1877 1514 cst
1907 1479 1924 1513 τ

351 1549 494 1595 terra
522 1540 666 1596 enim
685 1551 812 1596 sunt
838 1553 1175 1611 peccatores,
1197 1543 1321 1612 quia
1347 1551 1561 1600 terrena
1583 1557 1918 1617 qumrentes;

347 1638 404 1685 et
425 1628 648 1686 arbores
675 1631 800 1700 quia
829 1632 1174 1688 instabilitate
1202 1641 1474 1700 nutantes,
1501 1636 1567 1691 de
1589 1638 1782 1706 quibus
1827 1654 1926 1710 per

348 1717 539 1776 Judam
569 1721 770 1776 dicitur
803 1740 816 1776 :
849 1720 920 1777 Hi
944 1733 1066 1778 sunt
1107 1724 1318 1778 arbores
1360 1725 1715 1791 autumnales,
1752 1728 1923 1798 infru-

347 1820 562 1877 ctuosae,
589 1811 892 1878 eradicatte,
920 1814 995 1868 bis
1029 1823 1248 1870 morture
1284 1814 1458 1886 (Jud.,
1498 1816 1608 1890 12).
1640 1817 1800 1873 Missa
1821 1819 1924 1874 ita-

2027 643 2400 717 intelligendus
2427 659 2529 712 est,
2564 665 2670 720 quo
2694 649 2845 719 prius
2872 650 2938 705 de
2965 651 3211 720 supernis
3257 652 3473 707 sedibus
3499 655 3606 722 cie—

2024 743 2142 791 ctus
2168 744 2280 802 est;
2309 738 2401 794 sed
2420 753 2530 808 quo
2555 738 2744 811 angelo
2769 745 3016 803 canente,
3041 739 3093 794 id
3107 748 3189 794 est
3211 739 3446 796 Ecclesia
3469 757 3606 812 pra:-

2024 824 2260 891 dicante,
2291 826 2358 882 ab
2382 828 2569 884 electis
2588 829 2843 885 exclusus
2870 837 2972 884 est.
3001 827 3134 883 Nam
3165 829 3361 885 coelum
3390 839 3472 886 est
3499 831 3600 889 Ec-

2024 913 2208 978 clesia,
2237 930 2398 984 quam
2428 917 2684 974 Dominus
2712 918 3047 988 prtesidendo
3070 919 3350 975 inhabitat.
3379 919 3447 975 Et
3471 925 3606 976 ceci-

2024 1005 2100 1058 dit
2121 1005 2174 1057 in
2203 1004 2410 1058 tertiam
2433 1016 2634 1075 partem
2653 1008 2928 1076 ﬂuminum
2955 1017 3005 1063 et
3050 1008 3104 1062 in
3126 1008 3294 1077 fontes
3315 1026 3602 1080 aquarum;

2025 1095 2129 1149 hoc
2155 1103 2240 1150 est
2266 1095 2318 1148 in
2343 1096 2635 1150 humanam
2663 1105 2934 1162 naturam,
2965 1113 3085 1166 qua:
3114 1099 3179 1153 ab
3207 1107 3326 1152 ortu
3357 1115 3454 1155 suo
3479 1108 3603 1155 car-

2025 1182 2227 1238 nalium
2285 1182 2619 1252 voluptatum
2670 1184 2833 1240 undis
2885 1183 3249 1256 praeterﬂuens
3273 1186 3510 1241 decurrit
3536 1188 3605 1242 ad

2025 1281 2272 1329 mortem.
2306 1273 2494 1344 (Vens.
2528 1274 2638 1343 ll.)
2663 1273 2734 1328 Et
2783 1291 2971 1329 nomen
3006 1273 3173 1329 stellis
3202 1275 3394 1330 dicitur
3418 1276 3605 1332 Absino

2025 1363 2184 1417 titius.
2215 1363 2348 1430 Quia
2385 1378 2414 1417 a
2465 1363 2710 1419 veritatis
2758 1363 3042 1420 dulcedine
3087 1364 3331 1421 diabolus
3359 1366 3606 1424 resiliens

2025 1453 2078 1506 in
2123 1452 2540 1508 amaritudinem
2593 1450 2858 1508 mendacii
2909 1461 3269 1509 commutatus
3319 1462 3434 1520 est,
3482 1455 3605 1524 iure

2023 1543 2277 1598 absinthii
2301 1543 2619 1599 vocabulum
2666 1543 2891 1599 sortitus
2915 1550 3019 1598 est.
3057 1543 3127 1598 Et
3171 1544 3297 1614 quia
3339 1543 3602 1600 malorum

2022 1631 2282 1701 exemplis
2323 1631 2542 1702 plurimi
2593 1638 2858 1700 pereunt,
2906 1638 3030 1701 apte
3076 1629 3420 1702 subiungitur
3449 1645 3481 1685 νε
3531 1631 3604 1687 Et

2022 1723 2175 1778 multi
2196 1724 2465 1779 hominum
2487 1723 2683 1778 mortui
2706 1732 2827 1779 sunt
2852 1739 2918 1778 ea:
2939 1722 3111 1794 aquis,
3137 1724 3380 1793 quoniam
3401 1739 3601 1778 amart:

2024 1814 2180 1882 facta!
2218 1823 2359 1869 sunt.
2392 1813 2556 1879 Quasi
2584 1814 2728 1868 enim
2769 1829 2836 1869 ex
2879 1814 3080 1869 amaris
3116 1813 3272 1881 aquis
3300 1814 3603 1869 moriuntur

348 1917 453 1972 que
498 1903 780 1975 grandine,
827 1912 883 1958 et
937 1906 1057 1975 igne
1106 1922 1230 1963 cum
1279 1908 1560 1979 sanguine,
1609 1909 1915 1967 duzetertim

2027 1905 2294 1970 homines,
2341 1919 2463 1960 cum
2507 1918 2884 1975 perversurum
2932 1903 3294 1975 dogmatibus,
3338 1903 3420 1958 vel
3472 1919 3600 1975 ope-

349 1992 770 2060 comburuntur;
824 2010 928 2049 una
961 1996 1161 2052 illibata
1205 2007 1470 2064 servatur,
1519 2000 1643 2068 quia
1693 2016 1923 2072 exagge-

351 2089 504 2137 raute
531 2083 610 2137 ira
638 2087 855 2152 superni
879 2083 1095 2152 iudicis,
1123 2087 1355 2143 societas
1382 2089 1587 2158 antiqui
1609 2089 1777 2144 hostis
1796 2091 1922 2146 dum

343 2172 721 2242 praedicatione
743 2185 1052 2231 sanctorum
1078 2192 1183 2232 non
1211 2178 1507 2248 colligitur,
1532 2180 1638 2234 odii
1662 2180 1743 2234 sui
1772 2179 1923 2240 ﬁam-

343 2263 446 2318 mis
474 2267 858 2325 succenzlitur.,
871 2266 1230 2338 Congregatio
1260 2285 1386 2324 vero
1424 2269 1626 2324 Christi
1664 2271 1780 2339 ipso
1809 2286 1922 2327 ma-

341 2351 517 2408 lorum
545 2356 670 2410 odio
692 2366 995 2422 exercetur,
1029 2359 1123 2412 sed
1145 2374 1250 2412 non
1275 2359 1626 2414 consumitur.
1655 2359 1804 2424 Quod
1826 2375 1921 2413 au-

343 2456 448 2499 tem
497 2447 783 2501 subditur:
819 2447 983 2502 Omne
1028 2448 1205 2516 fenum
1257 2448 1420 2503 viride
1467 2449 1787 2502 combustum
1819 2460 1917 2514 est,

345 2535 592 2605 repetitio
621 2537 898 2591 sententia:
927 2537 1157 2591 videtur.
1192 2536 1248 2590 in
1284 2537 1491 2592 duabus
1517 2537 1723 2593 scilicet
1746 2539 1920 2594 tertiis

343 2641 427 2680 om
439 2642 494 2679 ne
522 2626 698 2695 fenum
731 2625 896 2681 viride
923 2627 1245 2681 combustum
1283 2635 1382 2691 est,
1432 2625 1484 2681 id
1510 2635 1595 2684 est
1624 2636 1917 2682 memorata

343 2712 604 2770 malorum
631 2729 756 2786 pars
779 2716 886 2771 odii
909 2717 992 2771 sui
1023 2702 1254 2774 flammis
1290 2726 1629 2787 consumpta.
1661 2718 1918 2775 Viriditas

341 2805 483 2860 enim
507 2804 615 2861 feni
638 2807 741 2862 hoc
761 2806 879 2861 loco
907 2817 1128 2879 propter
1154 2808 1436 2864 illecebras
1458 2809 1678 2880 ponitur
1701 2811 1912 2874 carnis;

337 2896 486 2966 Juxta
510 2897 638 2952 illud
671 2913 686 2952 :
719 2897 900 2954 Omnis
930 2916 1053 2955 caro
1085 2900 1282 2970 fenum,
1315 2908 1371 2956 et
1397 2901 1624 2970 reliqua.
1657 2899 1793 2972 (fsa.
1825 2917 1910 2966 XL,

341 2987 427 3059 6.),
470 2987 621 3045 Unde
647 2999 832 3046 contra
863 2991 1056 3055 turbae,
1087 3003 1208 3060 quae
1243 3007 1274 3046 a
1327 2992 1554 3047 Domino
1597 2999 1913 3062 pascuntur,

345 3094 504 3149 super
527 3077 707 3135 fenum
757 3081 942 3137 sedere
992 3090 1393 3149 memorantur;
1424 3083 1479 3139 id
1505 3089 1589 3140 est
1615 3083 1916 3154 voluptates

341 3169 518 3226 carnis
544 3171 832 3239 premendo
855 3172 1119 3242 subigere.

338 3362 584 3423 tanquam
611 3367 757 3406 mons
773 3368 991 3421 magnus
1011 3352 1128 3422 igne
1145 3352 1333 3406 ardens
1359 3352 1548 3406 missus
1569 3360 1644 3406 est
1667 3351 1723 3405 in
1745 3366 1907 3405 mare.

343 3439 412 3496 Et
460 3443 600 3512 facta
642 3451 715 3497 est
746 3443 897 3497 tertia
942 3459 1063 3513 pars
1091 3442 1252 3496 maris
1282 3442 1516 3513 sanguis,
1546 3443 1731 3513 (Vens.
1780 3440 1836 3510 9)
1863 3451 1912 3496 et

341 3543 546 3587 mortua
567 3543 641 3588 est
664 3533 718 3588 in
737 3551 794 3588 eo
816 3534 969 3588 tertia
994 3550 1117 3605 pars
1137 3542 1414 3597 creatum,
1437 3550 1555 3604 qua:
1575 3533 1775 3588 habent
1794 3533 1911 3586 ani-

339 3640 472 3689 mas,
503 3633 551 3679 et
577 3624 725 3678 tertia
747 3641 869 3694 pars
895 3626 1105 3679 nauium
1126 3623 1340 3679 interiit.
1373 3623 1526 3679 Mons
1552 3641 1772 3695 magnus
1799 3625 1911 3680 dia-

337 3715 492 3772 bolus
517 3716 732 3780 dicitur,
760 3716 874 3771 sive
897 3716 1023 3787 quia
1047 3715 1238 3770 similis
1263 3715 1337 3770 illi
1365 3730 1486 3772 esse
1507 3715 1691 3778 voluit,
1717 3715 1910 3785 dequo

336 3806 576 3862 dicitur:
610 3805 726 3862 Erit
755 3807 810 3863 in
847 3807 1138 3863 novissimis
1175 3806 1358 3862 diebus
1398 3815 1726 3878 pra’paratus
1760 3821 1908 3858 mons

337 3895 470 3967 (lsa.
501 3913 564 3962 ιι,
594 3896 681 3960 Si);
713 3897 827 3952 sive
852 3897 977 3966 quia
1026 3897 1081 3950 in
1110 3895 1405 3950 novissimo
1431 3893 1721 3948 extolletur
1745 3907 1908 3961 supra

335 4002 493 4042 omne
534 3987 676 4055 quod
707 3987 923 4048 dicitur,
983 3992 1076 4038 aut
1118 3983 1260 4054 quod
1297 3982 1491 4036 colitur
1517 3981 1676 4036 Deus.
1708 3980 1909 4036 Ardeas

337 4086 534 4135 autem,
555 4076 678 4145 quia
699 4075 900 4129 malitia
923 4089 1017 4130 sua
1047 4081 1209 4144 atque
1232 4072 1432 4128 invidia
1463 4079 1764 4142 torquetur,
1782 4073 1908 4142 quia

336 4165 524 4238 angelo
548 4167 671 4221 tuba
692 4173 939 4229 canente,
960 4165 1012 4220 id
1033 4173 1115 4218 est
1135 4163 1372 4219 Ecclesia
1394 4162 1720 4234 pmdicante
1737 4177 1768 4216 a
1784 4177 1909 4218 san-

334 4261 437 4315 ctis
461 4257 682 4327 ejectus,
714 4258 768 4313 in
798 4271 964 4323 mare,
988 4256 1089 4311 hoc
1112 4257 1270 4311 estin
1298 4254 1620 4319 incredulos,
1645 4254 1905 4321 mittitur;

334 4367 442 4407 non
464 4366 570 4420 quo
618 4350 674 4405 in
706 4350 784 4405 eis
813 4356 937 4403 ante
975 4363 1081 4402 non
1107 4355 1256 4412 erat,
1288 4347 1382 4402 sed
1417 4347 1541 4416 quia
1567 4347 1636 4400 ab
1663 4346 1782 4402 istis
1801 4344 1908 4414 eje-

334 4450 473 4506 ctus,
516 4440 744 4512 amplius
788 4439 895 4495 illis
920 4438 1108 4508 incipit
1127 4437 1412 4492 dominari.
1463 4437 1687 4492 Videtur
1727 4445 1905 4492 autem

335 4531 388 4587 in
412 4535 524 4587 una
572 4531 749 4594 tertia,
779 4543 898 4598 quae
947 4529 1001 4583 in
1045 4528 1360 4600 sanguinem
1407 4541 1561 4582 versa
1601 4536 1705 4591 est,
1738 4541 1906 4597 genus

335 4624 526 4680 mortis
549 4635 657 4692 quo
684 4621 800 4676 dua:
845 4619 1018 4674 tertia:
1059 4618 1330 4674 intereunt
1356 4616 1608 4689 ﬁgurari;
1638 4626 1696 4672 ut
1722 4617 1776 4677 in
1801 4631 1904 4674 una

336 4730 504 4779 mors,
543 4714 598 4768 in
647 4712 856 4767 duabus
901 4725 1158 4766 numerus
1202 4708 1543 4764 morientium
1583 4709 1902 4778 assignetur.

334 4806 485 4876 Aqua
511 4805 564 4860 in
592 4802 902 4874 sanguinem
925 4815 1102 4864 versa,
1126 4799 1386 4869 sapientia
1411 4799 1646 4855 carnalis
1664 4807 1766 4862 est,
1788 4814 1908 4869 quae

337 4900 544 4952 animas
571 4895 799 4950 occidit:
832 4893 972 4948 unde
997 4890 1285 4962 Apostolus
1317 4907 1330 4944 :
1369 4888 1569 4960 Sapere
1612 4891 1906 4946 secundum

336 5002 554 5044 carnem
583 5002 728 5042 mors
752 4994 837 5041 est
864 4983 1035 5056 (Rom.
1063 4999 1183 5047 vui,
1217 4981 1301 5054 6);
1346 4997 1468 5053 qua:
1521 4983 1804 5052 sapientia,
1851 4992 1908 5038 ct

338 5079 532 5134 malam
556 5077 949 5144 credulitatem,
972 5085 1027 5132 et
1054 5089 1277 5148 pravam
1316 5074 1678 5144 operationem
1704 5074 1906 5143 signiﬁ-

335 5179 440 5226 cat.
482 5167 616 5224 Nam
636 5182 735 5238 pro
761 5183 928 5238 pravo
957 5168 1206 5236 dogmate
1226 5164 1423 5220 dicitur
1450 5181 1462 5216 :
1497 5161 1694 5216 Littera
1718 5162 1905 5218 occidit

337 5259 420 5331 (ΙΙ
446 5257 567 5314 Cor.
604 5274 687 5320 ut,
713 5255 798 5330 6);
828 5271 925 5328 pro
953 5271 1119 5326 pravo
1143 5269 1306 5326 opere
1331 5271 1344 5308 :
1374 5251 1563 5306 Libera
1592 5268 1672 5306 me
1693 5251 1756 5306 de
1783 5269 1904 5306 san-

334 5353 576 5426 guinibus
600 5350 770 5422 (Psol.
796 5367 846 5413 L,
880 5348 987 5418 16).

407 5443 566 5496 Vens.
606 5440 690 5494 lO.
720 5469 789 5478 —
817 5437 886 5492 Et
917 5436 1100 5491 tertius
1132 5436 1346 5505 angelus
1373 5435 1496 5490 tuba
1523 5433 1729 5498 cecinit,
1750 5442 1800 5486 et
1821 5449 1902 5486 ce-

335 5535 460 5590 cidit
500 5533 565 5590 de
603 5532 726 5589 caelo
769 5530 920 5586 stella
964 5545 1154 5598 magna
1197 5538 1445 5597 tanquam
1489 5524 1666 5598 facula
1688 5525 1899 5580 ardens.

337 5625 588 5681 Diabolus
612 5624 724 5678 sive
752 5636 849 5692 pro
877 5619 1047 5689 prima
1075 5617 1354 5689 dignitate,
1387 5615 1499 5670 sive
1540 5616 1664 5686 quia
1691 5613 1903 5669 transﬁo

333 5725 491 5789 gurat
515 5731 574 5772 se
599 5731 655 5770 ιιι
680 5711 922 5784 angelum
952 5709 1108 5773 lucis,
1141 5707 1290 5763 stella
1315 5715 1554 5762 vocatur.
1589 5705 1786 5776 Magna
1808 5721 1904 5759 au-

338 5821 462 5868 tem,
493 5807 614 5876 quia
641 5803 849 5859 cmteris
874 5799 1077 5870 angelis
1101 5799 1355 5868 praelatus
1389 5805 1490 5852 est.
1533 5796 1742 5850 Ardeas
1772 5810 1901 5850 vero

1940 3226 1984 3286 C

409 3261 570 3317 Vens.
613 3262 666 3318 8.
691 3291 762 3303 —
787 3261 854 3316 Et
895 3263 1154 3318 secundus
1184 3263 1402 3333 angelus
1445 3265 1568 3319 tuba
1626 3264 1833 3328 cecinit,
1863 3271 1912 3316 et
1940 3261 1985 3286 “

2022 1993 2290 2049 rationum
2335 1992 2595 2064 exemplis
2644 1992 2894 2049 carnales
2944 1991 3110 2048 illecti
3157 1992 3477 2067 spiritaliter
3503 2007 3598 2062 pe—

2021 2093 2200 2140 reunt.

2091 2177 2254 2231 Vens.
2295 2175 2382 2229 12.
2412 2173 2575 2228 —-Et
2625 2183 2846 2246 quantus
2889 2175 3105 2246 angelus
3155 2174 3280 2229 tuba
3309 2174 3512 2239 cecinit,
3550 2185 3598 2228 et

2017 2283 2260 2336 percussa
2290 2276 2366 2321 est
2393 2267 2548 2321 tertia
2579 2282 2704 2338 pars
2726 2265 2874 2331 solis,
2921 2276 2972 2321 et
3009 2267 3164 2321 tertia
3197 2283 3320 2337 pars
3341 2264 3503 2332 luna,
3549 2277 3598 2319 et

2020 2357 2171 2410 tertia
2193 2373 2315 2425 pars
2341 2356 2634 2421 stellarum,
2661 2365 2719 2410 ut
2759 2357 3126 2411 obscuraretur
3170 2357 3322 2411 tertia
3365 2373 3488 2427 pars
3513 2370 3600 2411 eo-

2019 2461 2156 2508 rum,
2182 2454 2230 2499 et
2255 2444 2360 2498 diei
2384 2461 2486 2497 non
2517 2443 2709 2497 luceret
2733 2461 2856 2514 pars
2901 2446 3076 2508 tertia,
3111 2454 3160 2498 et
3191 2461 3294 2500 nox
3340 2443 3596 2500 similiter.

2017 2535 2121 2590 Per
2149 2534 2340 2598 solem,
2369 2542 2424 2587 et
2463 2533 2667 2597 lunam,
2717 2541 2772 2588 et
2801 2533 2986 2588 stellas
3026 2533 3267 2588 Ecclesia
3314 2533 3595 2602 ﬁguratur,

2015 2640 2244 2697 quorum
2268 2625 2568 2681 Obscuritas
2589 2624 2804 2695 proprie
2821 2623 2891 2678 ad
2916 2623 3292 2680 haereticorum
3315 2622 3595 2693 perﬁdiam

2017 2716 2269 2773 refertur.
2297 2716 2363 2772 Et
2382 2716 2632 2787 quamvis
2657 2714 2776 2772 dua:
2803 2723 2986 2787 partes
3005 2717 3112 2771 sint
3131 2731 3196 2772 ex
3225 2717 3398 2771 tribus
3423 2717 3596 2772 tertiis

2016 2809 2292 2875 confectae,
2321 2825 2428 2864 una
2455 2808 2661 2864 scilicet
2703 2807 2809 2863 diei
2855 2822 2954 2879 per
2995 2806 3184 2870 solem,
3215 2806 3393 2862 altera
3422 2807 3596 2863 noctis

2015 2915 2112 2972 per
2141 2900 2322 2956 lunam
2362 2908 2524 2971 atque
2549 2899 2766 2966 stellas;
2797 2915 2961 2956 unam
3007 2909 3187 2956 tamen
3217 2900 3335 2956 dua:
3361 2899 3591 2964 faciunt,

2015 3000 2108 3046 aut
2133 3007 2238 3046 una
2265 2992 2318 3046 in
2359 2991 2564 3047 duabus
2592 2991 2970 3047 subdividitur.
3018 2990 3099 3046 Ad
3145 2991 3250 3046 hoc
3289 2990 3494 3047 scilicet
3531 2998 3592 3046 ut

2014 3091 2259 3153 apertum
2304 3082 2421 3153 ejus
2471 3095 2710 3136 errorem
2741 3096 2838 3152 per
2861 3083 3026 3149 diem,
3055 3092 3110 3139 et
3135 3081 3402 3138 occultum
3449 3081 3592 3138 desi~

2015 3183 2141 3244 gnet
2185 3187 2285 3243 per
2327 3181 2570 3238 noctem;
2631 3173 2874 3244 publicas
2921 3173 3171 3230 videlicet
3213 3173 3590 3230 haereticorum

2014 3260 2457 3328 conﬁictationes,
2485 3271 2540 3318 et
2561 3263 2840 3319 obstrusas
2861 3263 3307 3320 machinationes.
3331 3261 3456 3320 Ideo
3482 3279 3584 3321 auo

2014 3359 2122 3406 tem
2167 3365 2274 3407 non
2323 3349 2538 3416 dicitur,
2565 3366 2820 3423 percussa
2844 3361 2929 3408 est
2965 3353 3124 3409 tertia
3166 3368 3291 3424 pars
3315 3362 3371 3408 et
3395 3355 3590 3412 obscu-

2014 3451 2152 3508 rata,
2181 3443 2272 3499 sed
2296 3459 2542 3515 percussa
2569 3453 2626 3500 ut
2652 3444 3020 3500 obscuraretur
3065 3458 3302 3514 congruo
3327 3452 3585 3518 tempore,

2011 3535 2135 3607 quia
2159 3543 2287 3592 tunc
2310 3536 2579 3592 veraciter
2606 3537 2964 3592 obscurantur
2991 3533 3249 3596 haeretici,
3270 3548 3391 3588 cum
3408 3542 3591 3605 aperte

2010 3627 2078 3682 ab
2104 3626 2347 3682 Ecclesia
2377 3633 2714 3695 separantur.
2740 3623 2874 3677 Nam
2899 3623 3051 3692 prius
3074 3623 3227 3692 quasi
3248 3622 3456 3678 occulte
3474 3622 3590 3678 vul-

2010 3724 2286 3770 nerantur.
2317 3713 2699 3769 Percutiuntur
2724 3720 2904 3768 autem
2932 3725 2999 3767 ex
3029 3710 3231 3769 lumine
3257 3710 3380 3768 ﬁdei
3426 3723 3482 3768 et
3509 3711 3591 3769 di-

2009 3805 2118 3860 vini
2147 3803 2296 3860 verbi
2322 3801 2590 3858 claritate.
2615 3801 2744 3870 Quae
2764 3802 2997 3873 perditio
3018 3818 3124 3858 non
3154 3801 3223 3858 ad
3249 3801 3417 3858 Deum
3441 3803 3586 3859 redi-

2008 3895 2178 3967 genda
2225 3903 2328 3959 est,
2381 3895 2475 3950 sed
2521 3894 2601 3949 sic
2645 3893 3013 3964 intelligenda,
3047 3893 3187 3948 sicut
3229 3893 3296 3949 de
3340 3893 3589 3950 indurato

2006 3986 2169 4041 corde
2195 3984 2510 4040 Pharaonis.
2537 3984 2723 4055 (Vsus.
2749 3983 2861 4050 15.)
2891 3983 2962 4038 Et
2988 3982 3118 4048 uidi,
3147 3992 3198 4037 et
3215 3982 3391 4038 audivi
3414 4001 3586 4040 uocem

2007 4076 2168 4131 unius
2183 4075 2375 4147 aquilae
2400 4075 2620 4130 uolantis
2649 4091 2742 4147 per
2787 4074 3016 4128 medium
3041 4073 3261 4140 calum,
3290 4079 3344 4129 et
3369 4074 3587 4129 dicentis

2005 4185 2128 4224 voce
2173 4185 2364 4240 magna
2387 4186 2404 4221 :
2440 4167 2553 4233 Vw,
2604 4183 2703 4232 vir,
2751 4183 2828 4222 me
2870 4165 3224 4220 habitantibus
3252 4173 3472 4221 terram.
3511 4164 3587 4220 De

2006 4259 2218 4314 cmteris
2245 4255 2467 4313 vocibus
2488 4257 2738 4312 tubarum
2763 4257 2923 4311 trium
2950 4255 3280 4329 angelorum,
3311 4255 3403 4325 qui
3432 4264 3587 4309 erant

2005 4351 2135 4406 tuba
2161 4349 2414 4414 canituri,
2447 4357 2557 4405 tam
2606 4347 2863 4413 Joannes,
2890 4363 3052 4418 quam
3081 4347 3279 4418 aquila,
3313 4358 3588 4417 quamque

2005 4440 2200 4511 angeli,
2255 4439 2510 4495 Ecclesia:
2557 4437 2784 4508 ﬁguram
2837 4445 3074 4508 gerunt:
3116 4452 3236 4509 quae
3284 4438 3424 4493 bene
3476 4452 3580 4492 una

2006 4531 2187 4600 aquila
2210 4529 2429 4594 dicitur,
2458 4529 2584 4599 quia
2614 4528 2669 4583 in
2703 4526 2910 4582 unitate
2952 4527 3076 4584 ﬁdei
3099 4528 3365 4591 consistit,
3393 4535 3448 4583 et
3473 4527 3581 4585 cal-

2007 4622 2144 4677 catis
2171 4619 2401 4676 terrenis
2444 4619 2808 4691 voluptatibus
2863 4620 2931 4674 ad
2981 4619 3219 4675 etelestia
3251 4618 3579 4676 sublevatur.

2006 4711 2126 4784 Ipsa
2165 4726 2295 4783 ergo
2339 4711 2394 4767 in
2434 4709 2642 4767 Joanne
2686 4727 2746 4768 se
2784 4713 2957 4784 ipsam
2979 4711 3144 4767 videt.
3174 4712 3294 4785 ipsa
3321 4713 3375 4769 in
3404 4713 3579 4785 aquila

2009 4803 2178 4869 volat;
2209 4803 2324 4874 ipsa
2347 4804 2399 4858 in
2434 4803 2606 4859 tribus
2622 4803 2826 4876 angelis
2849 4812 3122 4874 postremo
3164 4812 3404 4874 tempore
3440 4803 3579 4861 maia

2006 4901 2232 4949 ventura
2268 4894 2566 4949 denuntiat.
2595 4893 2662 4948 Et
2701 4901 2833 4950 nota
2855 4895 2980 4965 quia
3025 4894 3080 4949 in
3125 4893 3349 4964 spiritali
3375 4894 3581 4950 visione

2009 4985 2113 5040 hoc
2154 4992 2240 5041 est
2278 4985 2464 5040 videre
2490 4983 2634 5055 quod
2661 4983 2868 5040 audire.
2897 4983 2956 5042 In
3001 5001 3068 5041 eo
3096 4995 3274 5040 autem
3303 4984 3446 5054 quod
3474 4999 3579 5040 non

2005 5075 2072 5131 de
2100 5073 2533 5145 praecedentibus
2551 5073 2798 5138 vocibus,
2851 5074 2943 5129 sed
2986 5075 3321 5144 sequentium
3367 5071 3581 5145 angelo-

2003 5182 2123 5239 rum
2153 5167 2350 5222 dicitur
2368 5165 2571 5237 lugere,
2595 5164 2900 5221 ostenditur
2923 5165 3161 5221 Ecclesia
3189 5172 3444 5220 venturas
3463 5162 3577 5234 pla-

2003 5272 2101 5327 gas
2126 5257 2353 5313 diversa:
2405 5257 2729 5314 calamitatis
2772 5256 3002 5313 diversis
3039 5256 3369 5328 temporibus
3397 5254 3579 5327 lugere

2002 5355 2057 5402 et
2083 5347 2408 5417 prmdicare;
2437 5347 2620 5418 lugere
2667 5346 2874 5403 scilicet
2899 5349 2954 5402 in
2980 5345 3180 5418 aquila,
3205 5345 3498 5416 prtcdieare
3523 5345 3577 5404 in

2007 5437 2230 5510 angelis.
2279 5437 2383 5493 Per
2432 5438 2665 5492 medium
2709 5438 2895 5508 itaque
2935 5436 3130 5494 omium
3154 5435 3335 5491 volare
3359 5434 3575 5502 dicitur,

2006 5532 2130 5602 quia
2157 5530 2283 5585 hinc
2311 5530 2435 5584 inde
2463 5529 2650 5584 orbem
2680 5537 2946 5584 terrarum
2981 5525 3238 5599 possidet,
3265 5524 3419 5594 cujus
3443 5539 3580 5599 pra-

2005 5621 2203 5677 dicatio
2229 5620 2430 5676 idcirco
2457 5635 2557 5675 vos
2589 5634 2781 5691 magna
2803 5627 3046 5686 vocatur,
3063 5617 3188 5689 quia
3211 5619 3266 5674 in
3289 5625 3402 5674 toto
3422 5634 3575 5674 mun-

2006 5712 2074 5766 do
2097 5711 2389 5781 personuit.
