4010 6182
350 432 365 443 .
407 385 550 449 H39

1024 491 1249 549 CAPUT
1288 490 1379 544 IX.

487 597 646 650 Vens.
669 590 720 655 l,
740 588 793 643 2.
811 585 964 639 -—Et
981 585 1193 655 quintus
1208 581 1427 652 angelus
1450 581 1574 636 tuba
1590 578 1797 641 cecinit,
1822 587 1867 629 et
1888 575 1993 629 ridi

410 687 613 744 stellam
645 681 894 738 cecidisse
937 678 1001 733 de
1046 675 1171 731 coelo
1217 677 1274 728 in
1319 684 1537 738 terram,
1584 682 1631 725 et
1663 671 1787 724 data
1815 678 1889 722 est
1920 667 1994 721 illi

410 776 571 834 clavis
593 775 736 847 putei
759 770 933 842 abyssi
959 777 1039 824 :et
1064 768 1267 836 aperuit
1287 775 1498 836 puteum
1524 761 1716 831 abyssi,
1744 769 1794 815 et
1815 775 1996 847 ascen-

411 869 487 922 dit
516 865 694 935 fumus
715 860 880 933 putei,
914 858 1045 912 sicut
1096 855 1272 925 fumus
1323 851 1551 922 fornacis
1600 865 1824 920 magum.
1855 846 1996 913 Quid

405 964 592 1013 autem
617 969 715 1023 per
742 949 992 1022 angelum
1019 956 1075 1002 et
1098 937 1309 1001 stellam
1325 943 1651 1012 designatur,
1663 938 1776 1007 jam
1791 939 1994 994 dictum

415 1056 521 1102 est.
553 1044 658 1099 Per
692 1043 945 1112 abyssum
974 1039 1284 1107 iniquorum
1330 1033 1495 1088 corda
1545 1031 1825 1099 signantur
1848 1043 1998 1082 erro-

418 1153 542 1195 rum
564 1133 804 1191 tenebris
831 1132 1118 1187 obscurata
1143 1145 1156 1180 :
1180 1140 1278 1196 per
1316 1135 1535 1193 puteum
1580 1119 1780 1192 abyssi,
1805 1119 1999 1188 praedi-

419 1208 643 1283 catores'
665 1235 911 1277 errorum
942 1219 1137 1273 debent
1184 1213 1427 1283 intelligi.
1475 1212 1532 1266 Si
1560 1211 1704 1266 enim
1730 1224 1792 1264 os
1819 1207 1999 1278 abyssi

368 1370 385 1391 ,λ
419 1325 613 1392 puteus
634 1321 736 1378 est,
766 1317 912 1365 recte
942 1306 1017 1360 illi
1065 1306 1344 1374 signantur
1366 1318 1463 1373 per
1481 1310 1719 1372 puteum,
1737 1314 1837 1371 per
1864 1313 2001 1392 quos

423 1390 684 1462 malorum
732 1399 989 1469 iniquitas
1029 1410 1235 1450 venena
1276 1394 1361 1448 sui
1411 1393 1589 1448 cordis
1618 1392 1859 1448 effundit.
1897 1390 2003 1446 Per

422 1497 628 1549 clavem
673 1489 821 1565 putei
876 1494 1121 1560 potestas
1163 1483 1480 1555 temporalis
1515 1482 1858 1553 exprimitur,
1895 1496 2001 1550 qua

374 1624 381 1635 .
421 1583 679 1651 antiquus
704 1575 1052 1632 adversarius
1089 1573 1155 1628 ad
1184 1585 1440 1642 perversa
1473 1570 1720 1640 dogmata
1748 1568 2004 1638 reprobo-

424 1654 547 1733 rum
577 1685 672 1725 ora
720 1666 973 1731 resolvit;
996 1679 1117 1735 quae
1167 1663 1418 1733 dogmata
1449 1669 1595 1717 recte
1617 1660 1763 1715 fumo
1789 1675 2004 1730 compa-

390 1771 649 1835 .rantur,
682 1758 807 1828 quia
833 1756 1015 1811 lumen
1039 1753 1283 1810 veritatis
1320 1752 1422 1807 sibi
1473 1751 1527 1805 in
1570 1750 1852 1821 caliginem
1881 1765 2004 1804 ver-

426 1865 567 1922 tunt,
597 1817 653 1911 el
672 1817 972 1909 claritatem
1000 1849 1123 1905 ﬁdei
1151 1850 1316 1903 etiam
1342 1849 1396 1901 in
1440 1846 1564 1901 aliis
1607 1817 1900 1900 obscurare
1926 1841 2008 1895 vi-
2039 1817 2083 1878 Β

426 1948 644 2005 dentur.
670 1944 886 2000 Fornax
913 1950 1093 1997 autem
1121 1953 1338 2007 magna,
1371 1934 1690 1993 Antichristi
1719 1941 1804 1989 est
1827 1944 2010 2002 perse-

430 2038 596 2101 cutio,
621 2035 688 2091 de
715 2049 819 2104 qua
854 2031 1033 2087 fumus
1076 2030 1373 2101 egreditur,
1401 2028 1453 2081 id
1480 2035 1564 2081 est
1609 2039 1864 2095 perversa
1914 2023 2010 2079 do-

392 2190 399 2199 ,
428 2131 628 2195 ctrina,
655 2142 778 2198 qua:
800 2125 1144 2197 pereuntium
1166 2121 1376 2177 animos
1405 2120 1460 2174 in
1500 2118 1783 2188 caliginem
1812 2125 2006 2171 vertat.

434 2219 543 2276 Sed
559 2217 829 2290 quomodo
848 2215 1028 2271 fumus
1051 2215 1152 2270 iste
1176 2212 1370 2268 similis
1392 2211 1588 2266 dicitur
1612 2208 1758 2264 fumo
1781 2207 2012 2263 fornacis

436 2307 678 2377 magnae?
706 2320 830 2363 cum
878 2304 1140 2359 Dominus
1182 2303 1248 2357 de
1301 2301 1391 2356 illa
1441 2297 1787 2354 tribulatione
1819 2297 2009 2352 dicat:

434 2399 554 2454 Erit
578 2407 706 2452 tunc
731 2394 999 2450 tribulatio
1025 2408 1236 2462 magna,
1265 2399 1320 2446 et
1362 2390 1572 2458 reliqua
1618 2387 1833 2458 (Matth.
1860 2403 2010 2451 xxiv,

434 2490 547 2563 2|).
581 2489 867 2546 Sciendum
892 2500 1023 2557 ergo
1070 2484 1196 2554 quia
1225 2496 1329 2539 non
1359 2488 1579 2552 propter
1618 2488 1885 2536 tormenta
1927 2480 2015 2535 vel

435 2580 570 2636 falsa
599 2579 849 2649 dogmata
877 2575 1165 2631 immanior
1183 2574 1435 2630 omnibus
1455 2572 1544 2627 illa
1569 2572 1791 2636 dicitur,
1819 2572 1875 2627 in
1894 2571 2015 2640 qui-

439 2672 542 2727 bus
567 2671 673 2725 ista
701 2668 896 2725 similis
913 2675 1021 2733 est,
1043 2667 1139 2723 sed
1167 2672 1385 2736 propter
1436 2663 1819 2719 miraculorum
1861 2664 2015 2733 signa

439 2776 535 2833 per
556 2776 676 2832 qua:
699 2758 872 2830 magis
899 2757 1146 2828 decipiet.
1190 2755 1259 2811 Et
1306 2752 1610 2808 obscuratus
1640 2761 1715 2807 est
1749 2751 1831 2808 sol
1849 2762 1897 2807 et
1924 2768 2018 2806 aer

438 2850 503 2906 de
524 2851 670 2922 fumo
693 2849 854 2923 putei.
880 2849 1019 2905 Ecce
1044 2846 1265 2918 quintus
1288 2843 1510 2915 angelus
1528 2844 1642 2914 jam
1666 2842 1864 2898 factum
1887 2842 2018 2898 dicit

440 2944 496 2997 in
538 2942 652 2998 sole
671 2951 726 2997 et
754 2956 903 3006 aere,
929 2940 1074 3011 quod
1098 2945 1326 3007 quartus
1351 2939 1404 2993 in
1433 2938 1576 3002 sole,
1604 2936 1731 2991 luna
1770 2942 1825 2990 et
1851 2934 2018 2991 stellis

443 3030 681 3109 futurum
702 3030 1045 3101 praedixerat.
1077 3029 1264 3101 (Vsus.
1291 3028 1371 3099 5.)
1399 3028 1468 3083 Et
1495 3028 1560 3082 de
1598 3027 1742 3096 fumo
1782 3028 2016 3083 ederunt

440 3123 656 3197 locustis
688 3122 985 3216 ἑτι-ξεῖναιηὶ
1006 3120 1175 3216 Digne
1202 3135 1300 3190 per
1326 3120 1562 3216 locustas
1610 3118 1849 3174 bteretici
1875 3117 2016 3216 desi-
2042 3154 2090 3216 ο

443 3217 694 3282 gnantur.
726 3206 878 3264 Sicut
901 3208 1045 3263 enim
1071 3208 1161 3264 ille
1187 3224 1289 3264 nec
1315 3207 1553 3278 perfecte
1588 3215 1648 3262 ut
1676 3223 1802 3263 aves
1831 3206 2016 3262 volan-

446 3308 550 3366 tes,
575 3314 676 3355 nec
693 3298 954 3370 gradatim
975 3300 1224 3369 passibus
1241 3309 1546 3369 pergentes,
1575 3300 1669 3354 sed
1695 3299 1862 3354 saltus
1887 3301 2017 3354 dan-

447 3399 530 3453 tes
556 3398 717 3451 terra:
744 3398 858 3446 sata
885 3391 1133 3446 videntur
1155 3389 1473 3453 eorrodere;
1502 3390 1580 3444 sic
1609 3390 1695 3444 isti
1720 3405 1821 3444 nec
1847 3389 2018 3458 plena:

446 3480 687 3539 scientias
712 3478 973 3546 volatum,
999 3495 1101 3535 nec
1139 3477 1393 3550 perfecta:
1419 3480 1749 3547 operationis
1773 3492 2016 3549 gressum

452 3572 732 3639 habentes,
755 3571 849 3627 sed
875 3571 1006 3629 solis
1029 3570 1323 3626 elationum
1353 3568 1580 3625 saltibus
1600 3571 1751 3635 moti,
1781 3571 2019 3626 inaudita

449 3663 790 3735 prtedicando
816 3676 1106 3732 pravorum
1142 3661 1355 3717 animas
1376 3667 1590 3716 necant.
1641 3661 1715 3715 De
1748 3660 1894 3717 fumo
1922 3661 2023 3733 igi-

452 3762 542 3809 tur
561 3754 781 3808 locustae
807 3759 1028 3818 exeunt,
1049 3766 1173 3806 cum
1218 3766 1284 3806 ex
1327 3751 1597 3807 hzereticis
1639 3751 1875 3807 haeretici
1925 3768 2024 3806 na-

436 3850 697 3900 ,scuntur.

522 3933 597 3989 Et
634 3933 761 3987 data
792 3943 868 3988 est
905 3932 1009 3988 illis
1042 3943 1286 4003 potestas,
1313 3933 1447 3990 sicut
1496 3934 1685 3989 habent
1723 3942 2025 4005 potestatem

455 4024 749 4095 scorpiones
788 4033 963 4077 terrm.
1010 4023 1255 4079 Potestas
1278 4024 1620 4094 scorpionum
1652 4024 1706 4078 in
1745 4025 1917 4080 cauda
1943 4033 2027 4078 est

455 4124 696 4170 extrema
734 4114 999 4184 corporis.
1029 4115 1120 4169 Sic
1157 4113 1526 4184 temporalitas
1549 4130 1580 4170 a
1612 4115 1901 4185 semetipsa
1928 4115 2025 4170 de-

460 4207 644 4262 ﬁciens
658 4222 687 4260 a
709 4214 859 4276 tergo
887 4203 1238 4273 relinquitur;
1262 4205 1416 4273 quasi
1440 4204 1585 4260 enim
1605 4210 1748 4260 retro
1767 4214 1853 4260 est
1869 4217 2029 4260 omne

455 4296 600 4366 quod
646 4295 859 4360 transit,
909 4302 1036 4350 ante
1079 4310 1209 4351 vero
1259 4295 1405 4365 quod
1439 4304 1739 4364 permanet.
1783 4296 2029 4351 Locusta:

456 4403 585 4458 ergo
614 4394 672 4441 ut
699 4386 1012 4456 scorpiones
1037 4395 1195 4442 terrae
1234 4385 1461 4442 nocendi
1510 4393 1833 4456 potestatem
1887 4388 2028 4443 acci-

1250 372 1317 430 ll.
1352 370 1410 426 F.
1453 364 1676 426 ALBINI
1718 367 1848 426 SEL':
1890 358 2165 421 ALCUiNl
2201 358 2485 416 OPERL'M
2527 354 2707 413 PARS
2743 352 2839 411 li.‘

3537 347 3675 407 mo

2018 481 2060 535 Α
2092 490 2177 531 res
2207 484 2386 530 autem
2413 475 2642 539 robusti,
2666 482 2721 529 et
2746 474 2889 527 inter
2918 470 3274 525 tentationum
3311 474 3512 523 .ventos
3534 484 3679 539 qua-

2096 568 2218 622 dam
2245 567 2540 622 stabilitate
2583 563 2831 619 radicati.
2861 560 3003 628 Quid
3034 561 3136 614 hoc
3163 572 3326 613 omne
3353 558 3547 622 viride,
3591 559 3679 613 vel

2096 675 2310 714 omnem
2343 660 2594 714 arborem
2619 657 2844 711 locusta:
2867 654 3060 708 laedere
3077 650 3471 720 prohibentur?
3495 650 3537 704 Α
3561 658 3682 705 toto

2088 768 2222 822 pars
2251 750 2596 821 intelligenda
2623 755 2730 814 est,
2773 761 2894 817 quae
2922 744 2991 799 ab
3029 743 3119 798 illa
3163 742 3382 797 laesione
3406 752 3678 797 servatur.

2096 839 2353 895 Homines
2376 841 2560 910 itaque
2586 840 2797 909 signum
2821 836 2920 892 Dei
2943 836 3000 889 in
3028 833 3301 889 frontibus
3340 847 3447 887 non
3474 832 3684 888 haben-

2098 939 2204 996 tes,
2233 938 2360 985 sunt
2386 931 2478 1001 qui
2506 945 2569 986 ea
2618 929 2724 984 ﬁde
2771 942 2892 997 quin
2913 941 3012 996 per
3036 923 3378 980 dilectionem
3403 932 3684 993 operatur,

2096 1038 2203 1077 non
2232 1022 2454 1091 pollent.
2486 1022 2675 1093 (Vsus.
2702 1019 2785 1090 5.)
2808 1018 2877 1073 Et
2906 1017 3089 1072 datum
3134 1026 3211 1070 est
3254 1015 3361 1070 illis
3388 1031 3454 1069 ne
3479 1016 3686 1070 occide-

2099 1121 2210 1167 rent
2259 1128 2368 1175 eos,
2403 1112 2493 1167 sed
2526 1120 2583 1165 ut
2616 1111 2911 1165 cruciarent
2940 1108 3116 1163 adhuc
3142 1107 3405 1161 mensibus
3433 1108 3682 1176 quinque.

2102 1203 2157 1258 Si
2187 1204 2401 1274 reprobi
2427 1211 2552 1259 sunt
2580 1203 2672 1272 qui
2700 1201 2914 1272 signum
2934 1213 3043 1253 non
3063 1197 3288 1263 habent,
3317 1197 3591 1266 quomodo
3612 1197 3687 1251 ab

2099 1310 2287 1349 eorum
2318 1294 2698 1349 interiectione
2725 1292 2948 1347 locusta:
2975 1288 3370 1359 prohibentur?
3414 1289 3494 1341 An
3538 1286 3688 1341 forte

2102 1385 2193 1455 qui
2220 1386 2433 1456 signum
2458 1385 2552 1439 Dei
2596 1398 2702 1438 non
2742 1382 2962 1445 habent,
2991 1378 3213 1433 vivunt?
3253 1376 3591 1446 Quapropter
3614 1377 3687 1430 ad

2101 1475 2435 1543 superiorem
2465 1472 2787 1527 sententiam
2816 1469 2876 1524 ﬁt
2898 1466 3226 1523 subauditio.
3261 1465 3482 1519 Dicatur
3508 1478 3644 1532 ergo
3670 1482 3684 1517 :

2102 1566 2298 1621 Datum
2323 1574 2398 1620 est
2435 1564 2507 1618 eis
2537 1580 2600 1617 ne
2635 1560 2927 1617 occiderent
2959 1574 3065 1621 eos,
3106 1556 3197 1612 sed
3226 1564 3283 1610 ut
3313 1555 3692 1610 cruciarentur

2103 1656 2364 1713 mensibus
2385 1657 2645 1726 quinque;
2675 1652 2729 1707 id
2763 1659 2850 1706 est
2878 1659 2935 1705 ut
2965 1649 3205 1705 haeretici
3243 1664 3350 1704 non
3374 1648 3584 1717 possint
3608 1648 3691 1703 si-

2104 1755 2299 1817 gnatos
2326 1746 2610 1815 decipere;
2635 1744 2728 1798 sed
2756 1741 3048 1797 cruciando
3071 1740 3125 1795 in
3149 1740 3403 1810 praisemi
3430 1740 3540 1793 vita
3564 1755 3693 1810 pro—

2108 1839 2259 1901 bare,
2282 1852 2403 1907 quae
2422 1837 2662 1907 quinque
2682 1835 2929 1891 sensibus
2954 1834 3200 1904 corporis
3237 1833 3463 1903 regitur,
3489 1832 3694 1902 quibus

2107 1937 2230 2000 apte
2252 1929 2504 1999 congruit
2526 1928 2669 1998 quod
2688 1927 2933 1996 sequitur
2964 1941 2978 1979 :

2181 2039 2249 2093 Et
2268 2039 2531 2093 cruciatus
2556 2052 2754 2101 eorum,
2782 2044 2839 2090 ut
2863 2036 3127 2090 cruciatus
3144 2034 3335 2106 scorpii
3361 2052 3479 2089 cum
3501 2052 3691 2106 pereu-

2111 2131 2174 2185 tit
2200 2130 2484 2183 hominem.
2512 2129 2583 2185 Ut
2605 2127 2858 2183 videlicet
2909 2126 3066 2181 electi
3108 2126 3407 2196 posteriora
3443 2136 3691 2181 contem-

2110 2229 2319 2286 nentes,
2346 2228 2403 2276 et
2430 2220 2496 2274 ad
2519 2237 2581 2275 ea
2609 2235 2728 2290 qua:
2755 2218 2879 2274 ante
2906 2228 3028 2274 sunt
3057 2220 3374 2288 semetipsos
3400 2219 3696 2273 extenden-

2116 2304 2214 2377 tes,
2265 2326 2333 2366 ει
2380 2326 2445 2366 eo
2487 2311 2555 2365 ab
2597 2310 2718 2365 aliis
2751 2309 2909 2379 afﬂigi
2957 2310 3269 2375 credantur,
3298 2309 3432 2380 quod
3461 2309 3558 2378 ipsi
3588 2325 3697 2378 per

2113 2408 2479 2470 contemptum
2502 2399 2682 2455 szeculi
2711 2400 2980 2469 respuisse
3003 2398 3291 2462 videntur;
3322 2396 3373 2452 id
3392 2405 3473 2451 est
3492 2396 3575 2450 vel
3598 2412 3697 2466 po-

2113 2498 2311 2547 testate
2338 2490 2581 2547 smeulari
2608 2488 2694 2544 vel
2718 2489 2871 2544 malae
2903 2489 3239 2544 credulitatis
3267 2502 3471 2543 errore.
3498 2486 3693 2559 (Vens.

2113 2580 2194 2653 6.)
2221 2580 2291 2634 Et
2310 2580 2367 2634 in
2397 2579 2576 2633 diebus
2598 2577 2706 2633 illis
2725 2587 2956 2649 (laterent
2984 2578 3218 2632 homines
3245 2587 3484 2642 mortem,
3515 2586 3561 2630 et
3593 2594 3698 2630 non

2114 2667 2395 2733 invenient,
2446 2668 2664 2737 cupient
2709 2668 2864 2733 mori,
2910 2675 2959 2721 et
2985 2665 3148 2737 fugiet
3183 2682 3322 2720 mors
3348 2665 3414 2719 ab
3449 2666 3543 2719 eis.
3571 2665 3700 2721 Dies

2117 2759 2206 2813 isti
2235 2758 2303 2812 ab
2333 2758 2564 2813 adventu
2589 2756 2798 2811 Domini
2824 2771 2993 2825 usque
3016 2755 3083 2811 ad
3104 2754 3268 2811 linem
3294 2755 3476 2811 εωωῆ
3505 2753 3701 2809 decur-

2118 2854 2263 2902 runt.
2295 2846 2520 2902 Mortem
2570 2845 2768 2915 quippe
2808 2845 2966 2901 electi
3013 2853 3282 2915 quaerunt,
3332 2860 3455 2903 cum
3487 2852 3700 2900 secreta

2118 2937 2533 2994 conversatione
2552 2936 2663 2990 Deo
2684 2936 2947 2990 inluerere
2970 2935 3195 3003 cupiunt
3227 2951 3241 2988 :
3271 2934 3364 2990 sed
3394 2932 3529 3005 fugit
3550 2949 3702 2989 mors

2118 3030 2188 3084 ab
2214 3030 2316 3093 eis,
2342 3028 2467 3098 quia
2510 3041 2605 3081 eos
2632 3032 2726 3080 aut
2769 3025 3046 3096 regiminis
3075 3023 3360 3079 insolubile
3401 3022 3703 3085 vinculum,

2121 3128 2213 3173 aut
2236 3116 2507 3173 inferioris
2532 3115 2730 3188 gradus
2748 3116 3017 3186 astringit.
3049 3115 3235 3185 (Vens.
3262 3112 3340 3186 7.)
3364 3111 3436 3168 Et
3454 3114 3701 3168 similita-

2118 3210 2264 3263 dines
2312 3206 2657 3272 locustarum,
2700 3207 2895 3261 similes
2938 3206 3082 3276 equis
3107 3205 3308 3275 paratis
3351 3205 3409 3259 in
3437 3204 3703 3275 pralium,

2115 3311 2163 3356 et
2203 3317 2362 3371 super
2385 3299 2556 3371 capita
2583 3314 2765 3353 eorum
2793 3307 3039 3369 tanquam
3072 3313 3278 3351 corona
3320 3297 3519 3352 similes
3538 3314 3693 3350 auro.

2117 3391 2345 3460 Propter
2365 3389 2602 3444 velocem
2626 3389 2950 3454 discursum,
2979 3395 3128 3443 recte
3165 3386 3406 3443 haeretici
3448 3387 3501 3442 in
3546 3389 3704 3457 equis

2117 3479 2513 3548 exprimuntur.
2543 3478 2724 3532 Parati
2744 3485 2922 3532 autem
2953 3486 3079 3533 sunt
3104 3478 3157 3531 in
3183 3476 3428 3548 praelium
3447 3479 3706 3533 adversus

2119 3583 2214 3623 eos
2260 3567 2324 3622 de
2352 3568 2548 3638 quibus
2594 3566 2649 3621 in
2699 3564 2953 3622 Habacue
2975 3566 3174 3623 dicitur
3205 3584 3220 3621 ε
3249 3566 3442 3622 Misisti
3472 3567 3523 3621 in
3552 3583 3707 3622 mare

2120 3672 2289 3729 equos
2314 3668 2432 3713 tuos
2457 3659 2738 3716 turbantes
2774 3673 2943 3730 aquas
2985 3660 3183 3715 multas
3214 3658 3443 3732 (Habac.
3474 3676 3559 3725 ιιι,
3590 3660 3701 3733 i5).

2123 3749 2230 3806 Sed
2256 3753 2377 3820 quia
2400 3750 2628 3806 Domino
2652 3742 2865 3806 favente
2892 3738 2999 3807 non
3029 3762 3307 3822 superant,
3332 3750 3448 3806 ideo
3470 3765 3575 3804 non
3603 3766 3703 3805 co—

2123 3856 2302 3905 ronas,
2332 3841 2424 3896 sed
2451 3841 2605 3910 quasi
2629 3855 2857 3897 coronas
2886 3842 3087 3896 habere
3130 3840 3396 3896 dicuntur.
3437 3840 3513 3893 Ac
3539 3838 3585 3893 si
3615 3839 3703 3893 di-

2123 3941 2377 3988 ceretur:
2408 3931 2519 3986 Nec
2538 3947 2754 3988 coronat
2776 3948 2876 3988 nec
2903 3948 2968 3988 ex
2994 3948 3147 3997 auro,
3179 3931 3273 3987 sed
3302 3931 3564 4002 quoddam
3594 3929 3703 3985 fal-

2123 4023 2302 4079 sitatis
2330 4022 2643 4094 iigmentum
2671 4032 2846 4079 erant.
2878 4023 2946 4079 Et
2986 4025 3147 4095 facies
3171 4040 3354 4079 earum
3380 4025 3521 4079 sicut
3543 4023 3706 4094 {acies

2125 4115 2417 4181 hominum,
2445 4114 2631 4185 (Vsus.
2664 4117 2698 4172 8
2727 4113 2745 4187 )
2773 4123 2822 4170 et
2863 4116 3122 4171 habebant
3158 4115 3377 4186 capillos
3404 4114 3704 4169 mulierum.

2125 4205 2317 4261 Facies
2361 4206 2690 4262 locustarum
2715 4206 2909 4262 similis
2950 4205 3107 4261 faciei
3132 4206 3402 4268 humanas,
3433 4205 3708 4260 simulatio

2126 4306 2211 4354 est
2237 4299 2479 4355 rationis.
2511 4299 2698 4371 Capilli
2726 4315 2855 4356 vero
2895 4300 3204 4364 mulierum,
3243 4308 3375 4355 sunt
3416 4297 3709 4354 effeminati

2127 4407 2307 4449 mores
2350 4394 2749 4450 btereticorum.
2797 4392 2989 4459 Aliter,
3039 4407 3142 4463 per
3189 4392 3361 4448 facies
3406 4391 3705 4456 hominum,

456 4478 628 4549 piunt,
653 4479 779 4549 quia
803 4478 1042 4533 haeretici
1092 4477 1478 4548 temporalibus
1502 4478 1618 4535 fulti
1644 4480 2023 4548 potestatibus,
2058 4493 2108 4554 ι)
2128 4484 2265 4550 viri;
2290 4498 2390 4553 per
2410 4484 2634 4555 capillos
2663 4484 2972 4550 mulierum,
2999 4485 3112 4554 ipse
3154 4499 3317 4539 sexus
3353 4491 3528 4555 potest
3552 4482 3709 4537 tutel-

460 4582 556 4637 per
583 4581 647 4622 ea
677 4574 882 4621 tantum
914 4582 1033 4636 quae
1062 4574 1209 4622 retro
1233 4575 1361 4623 sunt
1385 4576 1599 4624 nocent.
1634 4569 1820 4641 (Vens.
1852 4570 1929 4641 4.)
1963 4569 2032 4625 Et

454 4666 767 4727 prmeeptum
804 4666 879 4711 est
907 4655 1012 4710 illis
1049 4672 1113 4711 ne
1152 4655 1397 4712 la'dercnt
1435 4657 1613 4728 [cuum
1657 4667 1833 4725 term,
1873 4678 2034 4732 neque

456 4766 608 4809 omne
630 4750 810 4815 viride,
835 4767 998 4824 neque
1018 4767 1221 4807 omnem
1243 4753 1501 4816 arborem,
1519 4754 1619 4808 nisi
1639 4765 1842 4810 tantum
1863 4758 2033 4812 homi-

457 4856 544 4895 nes
570 4840 661 4912 qui
680 4857 785 4895 nen
818 4840 1008 4897 habent
1033 4843 1238 4913 signum
1274 4843 1370 4897 Dei
1396 4844 1451 4898 in
1492 4843 1749 4913 frontibus
1774 4847 1901 4901 suis.
1931 4847 2033 4902 Su-

456 4928 639 5001 perior
678 4946 870 4987 sensus
896 4932 1177 5002 repetitur,
1216 4933 1307 4988 ubi
1353 4933 1579 5005 angelus
1623 4936 1692 4990 ab
1732 4944 1852 4991 ortu
1903 4938 2034 4993 solis

461 5020 778 5086 ascendens,
807 5030 1037 5090 quatuor
1064 5022 1268 5093 angelis
1297 5025 1390 5093 qui
1416 5040 1562 5081 nunc
1599 5025 1651 5080 in
1696 5025 1918 5083 locustis
1942 5028 2026 5081 in-

458 5110 769 5183 telliguntur
804 5112 1080 5183 praecepit,
1134 5128 1203 5169 ne
1242 5124 1502 5171 nocerent
1549 5123 1726 5180 terrae,
1768 5125 1825 5173 et
1868 5118 2025 5183 mari,

460 5217 635 5274 neque
662 5204 965 5260 arboribus.
993 5205 1129 5263 Nam
1156 5220 1256 5276 per
1284 5203 1493 5272 fenum,
1543 5207 1686 5276 quod
1723 5223 1828 5263 non
1858 5207 2031 5264 homi-

462 5307 608 5359 num,
654 5294 750 5351 sed
792 5294 1104 5351 animalium
1153 5295 1307 5351 cibus
1349 5304 1456 5363 est,
1485 5297 1695 5367 parvuli
1730 5297 1782 5353 in
1814 5295 2031 5354 Christo

460 5378 832 5454 designantur,
857 5387 923 5443 de
950 5385 1199 5458 qualibus
1227 5386 1515 5456 Apostolus
1547 5406 1560 5441 :
1595 5388 1849 5444 Animalis
1875 5389 2029 5446 homo

461 5482 563 5523 non
585 5473 797 5542 percipit
830 5493 892 5530 ea
927 5494 1045 5548 qua:
1073 5486 1193 5531 sunt
1214 5476 1427 5547 spiritus
1460 5476 1554 5532 Dei
1580 5476 1635 5546 (I
1672 5476 1795 5535 Cor.
1828 5496 1886 5542 ιι,
1917 5481 2026 5552 li).

463 5555 567 5613 l’er
585 5558 813 5615 virentia
839 5579 985 5631 vero,
1011 5581 1075 5622 ex
1099 5566 1298 5635 quibus
1314 5564 1545 5636 plurima
1564 5566 1619 5621 in
1641 5566 1840 5622 victum
1858 5570 2029 5625 homi-

462 5666 589 5707 num
633 5647 825 5714 solent,
861 5654 913 5707 in
942 5656 1045 5710 fide
1074 5657 1434 5725 proficientes,
1485 5664 1540 5712 et
1592 5656 1657 5711 ad
1687 5659 1922 5727 paradisi
1954 5660 2030 5713 vi-

460 5742 634 5795 rentia
660 5736 1009 5793 dcsideranda
1040 5745 1431 5810 quodammodo
1459 5747 1713 5815 aptiores.
1749 5748 1849 5801 Per
1873 5748 2026 5803 arbo—

2133 4576 2246 4649 ligi.
2278 4576 2413 4632 Nam
2438 4584 2494 4633 et
2521 4577 2837 4633 feminarum
2868 4577 3020 4632 favor
3045 4578 3317 4633 haereticis
3338 4576 3460 4632 fuit.
3492 4575 3560 4630 Et
3582 4575 3711 4630 den-

2132 4679 2207 4724 tes
2237 4684 2417 4725 earum
2438 4679 2494 4723 ut
2523 4669 2730 4725 leonum
2747 4678 2913 4724 erant.
2946 4669 3142 4725 Dentes
3169 4669 3381 4725 leonum
3408 4667 3710 4724 naturalem

2135 4759 2310 4814 solent
2330 4757 2522 4814 alierre
2543 4760 2825 4830 pudorem,
2860 4761 2913 4815 in
2939 4760 3137 4830 quibus
3165 4760 3538 4816 haireticorum
3566 4756 3712 4813 fetor

2133 4851 2453 4906 ostenditur.
2480 4850 2632 4918 Quod
2654 4860 2832 4908 autem
2855 4853 3097 4923 sequitur
3125 4871 3138 4906 :
3173 4851 3359 4924 (Vens.
3386 4850 3438 4923 9)
3484 4848 3551 4903 Et
3608 4850 3713 4902 lia-

2138 4943 2320 4997 bebant
2348 4941 2539 4997 loricas
2576 4944 2709 4997 sicut
2746 4941 2936 4998 loricas
2964 4944 3162 5013 ferreas
3173 4943 3490 5009 ;ohﬁrmata
3520 4948 3712 4996 contra

2132 5032 2417 5087 veritatem
2446 5038 2503 5086 et
2524 5033 2659 5086 dura
2684 5032 2921 5101 ipsorum
2945 5032 3107 5087 corda
3135 5031 3489 5094 demonstrat,
3528 5043 3596 5083 ne
3621 5042 3713 5082 εε-

2134 5122 2269 5193 gitta
2292 5122 2534 5177 veritatis
2563 5130 2929 5193 penetrentur.
2956 5121 3026 5176 Et
3061 5138 3162 5177 vox
3186 5121 3395 5175 alarum
3432 5122 3567 5175 sicut
3589 5134 3714 5173 eur-

2136 5230 2311 5280 ruum,
2336 5231 2440 5270 eoa:
2460 5231 2706 5287 equorum
2728 5214 3009 5268 multorum
3049 5215 3368 5269 currentium
3408 5215 3463 5268 in
3495 5211 3708 5268 bellum.

2134 5306 2239 5363 Per
2263 5308 2377 5362 alas
2405 5307 2752 5371 locustarum,
2780 5307 2975 5364 elatam
3001 5307 3377 5363 haereticorum
3428 5304 3712 5361 scientiam

2136 5395 2502 5468 intelligimus,
2528 5412 2754 5468 quarum
2797 5412 2905 5454 vox
2951 5394 3089 5453 bene
3134 5413 3389 5452 curruum
3415 5396 3711 5452 multorum

2132 5501 2392 5556 equorum
2422 5494 2477 5542 et
2506 5486 2667 5544 simul
2688 5488 2742 5541 in
2780 5487 2982 5542 bellum
3006 5486 3338 5541 currentium
3370 5485 3566 5540 similis
3589 5476 3712 5538 esse

2134 5574 2330 5628 dicitur
2353 5592 2366 5628 :
2392 5583 2448 5630 et
2474 5576 2813 5647 dogmatibus
2834 5576 3072 5632 hmretici
3095 5577 3412 5646 semetipsos
3441 5574 3708 5639 dividunt,

2130 5669 2184 5714 et
2213 5662 2349 5717 uniti
2399 5674 2586 5719 contra
2632 5665 2925 5724 Ecclesiam
2949 5664 3228 5720 dimicant.
3276 5663 3465 5735 (Vsus.
3494 5659 3608 5733 i0.)
3638 5659 3707 5714 Et

2131 5752 2384 5806 habebant
2407 5755 2604 5808 caudas
2643 5755 2834 5809 similes
2864 5756 3212 5827 scorpionum,
3238 5764 3285 5809 et
3309 5753 3482 5808 aculei
3501 5752 3554 5807 in
3582 5767 3707 5804 rau-
