4010 6182
379 442 508 497 llil

1152 445 1558 504 EXEGETICA.
1586 481 1653 489 -
1689 445 2038 504 COMMENT.
2081 444 2148 500 ΙΝ
2189 445 2476 502 APOCAL.
2503 447 2713 502 —LlB.
2755 447 2842 502 IV.

3489 441 3624 496 1162

373 559 457 612 dis
478 573 678 613 earum.
711 555 949 613 Potestas
972 574 1150 614 earum
1172 577 1353 615 nocere
1381 561 1672 616 hominibus
1697 560 1953 616 mensibus
1981 558 2028 617 Α
2056 556 2157 611 nisi
2185 567 2275 611 tuo
2290 557 2512 628 judicio,
2543 559 2685 628 quod
2713 560 2765 612 in
2794 558 2969 628 capite
2997 563 3230 620 constat,
3255 554 3501 623 quodque
3527 568 3628 621 pro

377 650 618 721 quinque.
649 651 727 706 De
751 651 938 707 caudis
965 653 1305 722 scorpionum
1350 651 1460 722 jam
1509 653 1710 708 dictum
1753 662 1854 707 est.
1883 652 1950 706 Et

380 747 505 795 nota
559 743 702 810 quod
753 741 1041 811 Apostolus
1089 742 1329 796 aculeum
1381 754 1664 813 peccatum
1690 742 1838 798 dicit.
1873 743 1949 798 De

375 831 612 902 quinque
654 831 930 886 mensibus
953 829 1006 886 in
1034 829 1295 902 superiori
1330 831 1442 900 jam
1473 833 1673 912 dictum
1700 840 1800 887 est.
1843 827 1948 887 Sed
1979 909 1984 912 Ι

375 921 487 977 illic
511 922 576 976 de
604 921 780 985 bonis,
809 921 898 976 hic
936 922 1001 976 de
1039 921 1195 976 malis
1217 920 1361 985 dicit,
1390 923 1514 992 quia
1535 909 1654 977 illos
1682 921 1947 986 cruciant,

375 1013 468 1066 sed
499 1028 606 1066 non
625 1013 907 1078 occidunt;
942 1014 1073 1068 istos
1095 1020 1272 1069 autem
1295 1027 1400 1067 non
1426 1014 1690 1079 cruciant,
1733 1014 1825 1068 sed
1855 1029 1948 1067 no-

377 1103 546 1154 cendo
591 1102 884 1172 perimunt,
935 1111 1029 1156 aut
1055 1103 1296 1157 doctrina
1325 1117 1597 1172 perversa,
1630 1112 1722 1158 aut
1749 1113 1949 1174 tempo—

375 1189 472 1244 rali
502 1191 760 1260 potentia.
793 1189 978 1262 (Vens.
1015 1190 1121 1262 ll.)
1151 1190 1216 1243 Et
1238 1191 1494 1244 habebant
1521 1208 1674 1263 super
1701 1209 1756 1246 se
1781 1209 1947 1262 regem

375 1279 616 1350 angelum
675 1282 878 1351 abyssi,
935 1283 1020 1335 cui
1078 1299 1261 1336 nomen
1319 1282 1572 1338 Hebraice
1627 1284 1945 1347 Abbaddan,

376 1367 418 1422 ϐ
426 1386 554 1425 nece
579 1369 856 1441 Apollgan,
883 1379 938 1426 et
957 1371 1142 1427 Latine
1160 1390 1344 1428 nomen
1367 1373 1529 1428 habet
1556 1374 1943 1430 Extat-minans.

374 1462 639 1530 Antiquus
667 1461 838 1518 hostis
865 1477 972 1516 non
1018 1462 1154 1518 adeo
1192 1479 1567 1532 perversorum
1609 1481 1703 1519 rex
1733 1464 1944 1528 dicitur,

375 1554 500 1622 quia
529 1554 752 1618 creavit,
801 1561 894 1608 aut
943 1553 1098 1624 regit,
1146 1557 1238 1609 sed
1265 1556 1389 1624 quia
1419 1556 1526 1610 Deo
1554 1556 1699 1624 juste
1726 1555 1948 1624 permit-

374 1648 519 1697 tente
546 1643 882 1712 tyrannidem
905 1644 1285 1700 dominationis
1308 1654 1542 1700 exercet.
1567 1646 1633 1699 Et
1654 1654 1780 1698 nota
1797 1645 1945 1714 quia,

376 1736 436 1782 ut
459 1729 571 1799 jam
601 1730 804 1784 dictum
836 1739 935 1794 est,
963 1731 1063 1800 ipsi
1093 1739 1218 1786 sunt
1244 1733 1487 1802 abyssus.
1517 1733 1683 1804 Igitur
1703 1733 1826 1803 quia
1851 1731 1948 1786 ful-

375 1820 564 1874 laciter
593 1821 693 1875 sibi
720 1820 920 1876 Christi
953 1836 1147 1877 nomen
1185 1837 1283 1894 per
1321 1823 1633 1878 damnatum
1673 1823 1944 1879 hominem

2051 653 2103 700 te
2131 647 2260 700 etin
2285 656 2334 700 te
2359 645 2580 702 clamat:
2638 646 2775 701 Data
2821 655 2898 700 est
2933 644 3060 698 mihi
3107 643 3273 698 omnis
3295 650 3530 712 potestas
3571 646 3623 693 tn

2050 735 2174 788 caelo
2201 745 2250 789 et
2280 735 2333 789 in
2355 745 2494 788 terra
2527 734 2743 806 (Hatth.
2775 750 2966 799 xxvm,
2999 731 3107 802 18).

2121 828 2283 881 Vens.
2314 828 2398 881 15.
2435 858 2505 867 -—
2542 827 2610 881 Et
2636 826 2794 881 soluti
2821 832 3181 896 suntquatuor
3202 821 3396 892 angeli,
3423 819 3515 891 qui
3529 837 3624 890 pa-

2051 916 2154 967 rati
2183 925 2332 968 erant
2363 917 2417 970 in
2451 918 2657 982 horam,
2684 925 2732 970 et
2771 917 2930 980 diem,
2978 929 3204 968 mensem
3247 920 3295 966 et
3319 926 3538 975 annum,
3569 917 3624 962 ut

2051 1003 2338 1057 occiderent
2364 1005 2568 1058 tertiam
2590 1015 2791 1074 partem
2819 1005 3106 1058 hominum.
3157 1002 3358 1056 Horum
3404 998 3623 1070 angelo-

2050 1110 2170 1148 rum
2213 1094 2408 1149 solutio
2451 1095 2754 1149 novissimae
2796 1093 3187 1164 persecutionis
3224 1091 3434 1145 initium
3486 1089 3625 1143 desi-

2050 1196 2196 1258 gnat.
2272 1187 2458 1241 Parati
2493 1186 2644 1252 dicit,
2699 1186 2826 1255 quia
2857 1183 3102 1239 diabolus
3122 1196 3332 1250 semper
3360 1180 3626 1234 defectum

2049 1285 2327 1347 exspectat
2350 1277 2633 1331 bonorum.
2697 1275 2751 1328 In
2785 1276 2940 1339 hora,
2991 1274 3095 1337 die,
3128 1285 3314 1326 mense
3362 1278 3417 1325 et
3464 1284 3624 1333 anno.
3675 1345 3687 1352 Η

2051 1377 2278 1438 quatuor
2297 1376 2558 1437 tempora,
2596 1367 2649 1422 id
2684 1374 2768 1421 cst
2809 1365 3120 1427 triennium,
3189 1371 3244 1416 et
3269 1377 3361 1416 sex
3389 1376 3624 1424 menses,
3669 1381 3699 1418 ιλ

2049 1457 2244 1526 quibus
2291 1456 2378 1510 illa
2407 1457 2710 1526 persecutio
2744 1454 3028 1517 crassabit,
3065 1466 3164 1522 per
3181 1448 3520 1505 metalemsin
3544 1450 3628 1502 in-

2051 1546 2358 1617 telligimus.
2411 1546 2592 1601 Tertia
2619 1561 2746 1617 pars
2768 1545 3070 1608 hominum,
3097 1557 3216 1612 quae
3237 1541 3409 1595 occidi
3438 1555 3628 1594 narra-

2051 1646 2156 1700 tur,
2196 1638 2248 1691 in
2278 1637 2512 1708 prmlatis
2530 1642 2586 1692 et
2605 1637 2861 1702 subditis;
2914 1637 2969 1691 id
2992 1643 3080 1691 est
3103 1636 3158 1688 in
3193 1633 3505 1688 suasoribus
3573 1638 3628 1684 ct

2048 1729 2222 1785 suasis
2244 1737 2479 1795 constat,
2502 1731 2626 1799 quia
2654 1730 2854 1784 mortui
2876 1736 3120 1783 mortuos
3145 1725 3409 1781 occident.
3437 1724 3624 1794 (Vens.

2051 1819 2161 1888 16.)
2194 1819 2263 1874 Et
2292 1837 2540 1875 numerus
2560 1821 2810 1892 equestris
2834 1819 3088 1874 exercitus
3114 1819 3264 1873 uicies
3283 1817 3469 1870 millies
3490 1816 3627 1869 dena

373 1911 563 1965 nititur
603 1926 884 1980 usurpare,
934 1921 1219 1982 propterea
1269 1915 1435 1974 trium
1461 1915 1762 1983 linguarum
1787 1929 1942 1969 voca-
1973 1900 2020 1960 B
2050 1909 2215 1964 millia
2244 1911 2420 1965 audivi
2445 1927 2717 1965 numerum
2745 1926 2944 1964 eorum.
3000 1909 3100 1965 Hic
3132 1923 3388 1964 numerus
3436 1907 3514 1961 sic
3559 1906 3626 1959 ad

373 2001 515 2056 bulis
535 2001 828 2071 profertur,
862 2004 1056 2073 quibus
1081 2003 1260 2075 [Cod.,
1288 2005 1542 2077 quarum]
1572 2006 1947 2075 Redemptoris

376 2107 572 2147 nomen
596 2107 626 2146 a
656 2093 828 2146 Pilato
850 2109 1164 2165 expressum
1192 2096 1250 2152 in
1274 2096 1430 2152 titulo
1455 2096 1620 2152 fuisse
1642 2097 1950 2166 evangelica

372 2189 602 2236 testatur
625 2184 938 2237 auctoritas.
992 2184 1100 2240 Sed
1137 2185 1260 2253 quia
1289 2187 1479 2241 beatus
1508 2187 1864 2257 Hieronymus
1894 2186 1948 2240 in

373 2272 721 2328 Hebraeorum
749 2274 1024 2328 nominum
1046 2276 1486 2344 interpretatione
1510 2292 1615 2330 non
1636 2275 1944 2340 Abbaddon,

373 2364 467 2418 sed
497 2362 818 2418 Labbatldon
857 2365 1010 2428 dicit,
1058 2373 1270 2418 constat
1313 2367 1437 2433 quia
1469 2367 1788 2432 scriptorum
1820 2366 1948 2418 vitio

371 2457 600 2525 primam
646 2453 882 2506 litteram
925 2455 1125 2518 amisit,
1167 2463 1221 2506 et
1259 2464 1382 2522 apte
1418 2455 1664 2509 diabolus
1706 2457 1948 2508 extermi-

373 2559 504 2596 nans
536 2543 752 2606 dicitur,
775 2542 899 2611 quia
925 2541 1077 2596 multi
1107 2557 1202 2612 per
1243 2557 1366 2596 eum
1395 2543 1462 2596 ab
1503 2542 1798 2596 electorum
1841 2551 1947 2596 ter-

374 2635 518 2689 mino
548 2634 918 2698 eliminantur,
947 2643 1002 2688 et
1032 2631 1100 2686 ad
1148 2642 1420 2702 perpetua:
1467 2633 1654 2688 mortis
1699 2632 1944 2688 exsilium

375 2726 734 2779 deducuntur.

444 2813 605 2867 Vsus.
634 2811 721 2865 12.
761 2841 830 2851 —
873 2810 964 2867 Va:
1010 2829 1172 2867 unum
1207 2813 1354 2867 abiit.
1405 2812 1460 2868 ld
1502 2822 1586 2867 est
1634 2813 1945 2867 narratione

372 2905 670 2974 praecessit,
706 2905 792 2959 vel
820 2906 874 2958 in
913 2906 1225 2974 operatione
1251 2905 1509 2974 praeteriti
1558 2905 1816 2974 temporis
1849 2905 1946 2959 im-

371 2995 570 3064 pletum
595 3002 697 3050 est.
776 2993 910 3049 Ecce
941 2996 1150 3049 veniunt
1197 2995 1303 3050 duo
1335 3012 1408 3049 va:
1451 3004 1564 3066 post
1591 2996 1721 3058 ha'c,
1769 2995 1820 3050 id
1863 3002 1946 3049 est

372 3087 700 3150 narratione,
726 3086 809 3142 vel
833 3101 992 3156 opere
1019 3090 1074 3142 in
1102 3086 1582 3157 futuroimplenda.
1622 3088 1804 3157 (Vens.
1832 3085 1943 3156 l5.)

372 3178 498 3232 Post
527 3177 640 3232 hinc
665 3186 712 3231 et
734 3187 908 3231 sextus
938 3177 1153 3248 angelus
1193 3177 1317 3230 tuba
1345 3178 1552 3244 cecinit,
1580 3186 1627 3231 et
1656 3178 1833 3231 audiri
1854 3194 1943 3232 vo-

370 3285 478 3322 cem
504 3268 658 3322 unius
685 3284 750 3320 ea:
771 3267 1010 3330 cornibus
1029 3267 1214 3322 altaris
1243 3270 1390 3322 aurei
1408 3269 1545 3340 quod
1575 3277 1650 3322 est
1675 3277 1796 3322 ante
1823 3285 1946 3320 ocu-

370 3355 446 3409 los
485 3355 580 3409 Dei
629 3356 813 3426 (νεεδ.
843 3355 927 3426 14)
958 3357 1214 3410 dicentem
1242 3366 1388 3411 sexto
1412 3355 1618 3427 angelo,
1659 3357 1748 3427 qui
1785 3356 1944 3410 habe-

370 3447 454 3499 bat
481 3447 692 3500 tubam:
723 3445 874 3519 Solve
894 3457 1120 3518 quatuor
1145 3447 1358 3518 angelos
1377 3449 1468 3518 qui
1506 3447 1711 3518 alligati
1752 3458 1872 3502 sunt
1889 3450 1945 3503 in

369 3535 582 3602 ﬂumine
601 3552 788 3606 magno
817 3535 1105 3606 Euphrate.
1173 3536 1359 3591 Altare
1404 3536 1640 3591 Ecclesia
1690 3543 1804 3600 est;
1850 3552 1946 3592 au—

371 3642 519 3682 reum
560 3643 708 3692 vero,
757 3629 883 3697 quia
919 3643 1153 3698 superna
1198 3629 1460 3700 sapientia
1510 3630 1828 3690 illustratur.
1879 3631 1946 3686 Et

369 3725 492 3772 nota
515 3719 637 3787 quia
684 3727 808 3774 ante
834 3719 930 3774 Dei
960 3720 1145 3776 oculos
1168 3729 1252 3778 est
1275 3721 1466 3787 altare,
1515 3723 1770 3792 quoniam
1801 3723 1942 3777 oculi

369 3805 580 3862 Domini
634 3824 796 3879 super
836 3810 1034 3881 justos.
1101 3810 1316 3867 Cornua
1369 3811 1559 3866 altaris
1603 3819 1728 3865 sunt
1772 3811 1943 3865 sancti

365 3899 766 3965 praedicatores.
813 3901 918 3956 Per
956 3918 1120 3956 unum
1155 3917 1286 3955 vero
1316 3915 1483 3953 cornu
1515 3901 1761 3968 princeps
1785 3899 1942 3956 intel-

365 3987 548 4056 ligitur
575 3989 1009 4056 praedicatorum,
1034 3990 1088 4043 id
1110 3988 1475 4043 estChristus.
1513 3989 1612 4044 Hic
1640 3991 1770 4046 dicit
1791 3999 1944 4046 sexto

365 4079 554 4148 angelo
585 4080 711 4132 tuba
740 4081 976 4146 canenti,
1003 4081 1056 4135 id
1087 4090 1170 4136 est
1193 4080 1448 4136 Ecclesiae
1474 4084 1732 4153 przedicat
1757 4093 1816 4138 ut
1837 4086 1943 4140 sol-

366 4175 456 4220 vat
503 4175 732 4236 quatuor
761 4169 996 4239 angelos,
1047 4171 1173 4240 quia
1202 4178 1520 4240 potestatem
1568 4173 1618 4228 ei
1665 4174 1860 4244 ligandi
1887 4183 1945 4230 et

366 4255 605 4312 solvendi
636 4256 770 4311 etin
815 4257 968 4312 caelis
993 4267 1047 4314 et
1091 4259 1144 4313 in
1203 4267 1346 4315 terra
1387 4261 1606 4327 tribuit;
1647 4264 1940 4318 secundum

365 4347 521 4402 illud:
581 4346 915 4420 Qua’cunque
933 4349 1172 4421 ligaveris
1199 4351 1414 4424 (Matth.
1441 4370 1556 4419 ιη,
1594 4355 1704 4426 19),
1759 4366 1941 4412 eteae-

367 4445 500 4490 tera.
558 4435 616 4490 ln
653 4445 885 4504 quatuor
905 4447 1083 4493 autem
1113 4439 1319 4511 angelis
1345 4442 1654 4497 universum
1685 4445 1941 4512 reprolo-

1973 3224 2020 3288 C

2045 2015 2292 2056 errorum
2317 2001 2700 2070 praedicatores
2732 2001 3041 2071 specialiter
3069 2000 3320 2065 refertur,
3357 2007 3416 2052 ut
3442 2007 3624 2052 tamen

2047 2094 2284 2148 seducta:
2329 2093 2513 2164 plebes
2569 2096 2620 2148 in
2660 2095 3034 2149 seductoribus
3078 2093 3446 2163 intelligantur
3477 2131 3491 2153 ,
3533 2091 3623 2158 qui

2046 2190 2232 2235 contra
2277 2182 2571 2237 electorum
2615 2198 2896 2237 numerum
2948 2183 3171 2236 veniens
3229 2181 3422 2249 duplex
3466 2179 3626 2235 simul

2045 2281 2100 2327 et
2120 2274 2205 2327 bis
2233 2273 2428 2328 millies
2460 2273 2843 2344 multiplicatus
2879 2273 3198 2329 ostenditur.
3261 2271 3395 2326 Nam
3423 2271 3488 2325 de
3509 2271 3624 2324 ele-

2045 2364 2148 2418 czis
2171 2365 2387 2426 dicitur,
2404 2363 2601 2418 Curras
2626 2365 2724 2419 Dei
2744 2366 2918 2420 decem
2937 2364 3283 2437 millia(Psal.
3302 2378 3472 2427 van,
3499 2363 3585 2431 18)
3605 2380 3619 2426 ;

2048 2453 2113 2506 de
2137 2455 2254 2508 istis
2279 2471 2431 2520 vero,
2478 2457 2629 2510 uicies
2656 2456 2840 2510 millies
2863 2458 2997 2510 dena
3042 2457 3225 2510 millia.
3282 2456 3484 2527 Duplex
3520 2456 3622 2508 ita-

2046 2555 2151 2609 que
2172 2551 2274 2607 est,
2328 2545 2450 2612 quia
2477 2559 2543 2598 ex
2599 2541 2846 2614 malignis
2873 2545 3148 2614 spiritibus
3175 2555 3231 2599 et
3263 2545 3504 2613 reprobis
3529 2546 3626 2597 ho-

2046 2630 2281 2686 minibus
2305 2641 2533 2688 constat.
2565 2632 2751 2688 Restat
2767 2649 2898 2703 ergo
2918 2641 2976 2687 ut
2999 2643 3184 2688 contra
3209 2634 3481 2703 geminum
3507 2649 3621 2686 ma-

2047 2719 2156 2773 lum
2179 2721 2397 2776 dimicet
2419 2722 2644 2791 simplex
2662 2722 2878 2777 bonum.
2941 2723 3125 2793 (Vens.
3156 2722 3266 2791 l7.)
3328 2721 3396 2775 Et
3418 2721 3492 2774 ita
3519 2721 3624 2776 uidi

2046 2822 2206 2879 equos
2231 2811 2285 2864 in
2306 2811 2519 2875 visione,
2570 2821 2620 2865 et
2660 2814 2749 2881 qui
2789 2811 3033 2865 sedebant
3061 2828 3216 2882 super
3238 2827 3325 2866 eos
3359 2811 3623 2866 habebant

2045 2899 2237 2955 loricas
2273 2902 2472 2971 igneas,
2515 2912 2564 2955 ct
2592 2901 2976 2972 hyacinthinus,
3013 2913 3061 2956 et
3112 2900 3440 2972 sulphureas.
3486 2901 3618 2972 Equi

2048 2991 2156 3056 isti,
2199 2991 2250 3046 id
2276 3001 2360 3048 est
2395 3007 2643 3048 errorum
2671 2994 3070 3063 praedicatores,
3128 2995 3180 3049 in
3215 2995 3410 3064 quibus
3437 3003 3492 3050 et
3539 3011 3621 3049 sc-

2047 3083 2192 3138 ducti
2218 3083 2606 3155 intelliguntur,
2665 3101 2904 3141 sessores
2949 3086 3220 3141 diemones
3254 3087 3476 3153 habent,
3514 3102 3620 3141 non

2048 3173 2120 3227 ad
2147 3175 2407 3244 regimen,
2438 3175 2531 3230 sed
2560 3177 2623 3230 ad
2666 3177 3040 3246 praecipitium.
3073 3177 3387 3234 Loricarmn
3408 3181 3625 3234 nomine

2051 3263 2334 3332 impiorum
2364 3271 2628 3319 tormenta
2658 3266 2959 3334 ﬁgurantur
2984 3267 3139 3332 dura,
3194 3277 3248 3322 et
3269 3267 3417 3322 nulla
3465 3284 3623 3339 prece

2047 3356 2373 3411 evacuanda.
2405 3355 2790 3427 Hyacinthinas
2821 3367 2999 3414 autem
3025 3357 3234 3415 fumeas
3259 3359 3515 3416 debemus
3541 3361 3622 3416 in-

2049 3444 2310 3516 telligam,
2355 3461 2421 3501 ex
2444 3447 2567 3518 igne
2591 3448 2735 3503 enim
2765 3448 2940 3505 fumus
2962 3451 3254 3523 egreditur.
3319 3450 3431 3506 Hoc
3459 3453 3618 3508 etiam

2047 3536 2161 3604 ipse
2186 3537 2331 3592 color
2358 3539 2740 3609 hyacinthinus
2786 3541 3007 3604 indicat,
3063 3543 3153 3611 qui
3184 3543 3414 3611 speciem
3478 3543 3620 3597 aeris

2047 3634 2209 3680 tenet.

2117 3717 2186 3772 Et
2215 3718 2385 3786 capita
2409 3734 2660 3788 equorum
2684 3728 2835 3772 erant
2861 3727 2920 3772 ut
2946 3721 3115 3791 capita
3163 3721 3388 3776 leonum.
3433 3725 3617 3796 Capita

2044 3821 2303 3876 equorum
2340 3819 2594 3864 auctores
2645 3826 2915 3877 errorum,
2961 3814 3050 3882 qui
3081 3824 3137 3870 et
3180 3814 3347 3871 fortes
3385 3828 3510 3873 sunt
3551 3821 3618 3874 ad

2042 3899 2396 3954 conterendos
2427 3900 2684 3965 inllrmos,
2714 3913 2764 3956 et
2789 3901 3046 3958 fetoribus
3077 3906 3240 3973 pleni.
3287 3908 3437 3964 Unde
3474 3923 3620 3965 rcc:e

2042 3988 2290 4044 subditur
2323 4007 2334 4042 :
2373 3999 2422 4044 et
2468 3992 2531 4044 de
2562 4007 2650 4045 ore
2693 4008 2873 4046 eorum
2899 3995 3127 4063 procedit
3154 3995 3310 4066 ignis,
3341 4007 3387 4052 et
3418 4000 3616 4068 fumus,

2042 4089 2092 4134 et
2111 4080 2348 4151 sulphur.
2383 4082 2568 4153 (Vens.
2597 4083 2707 4155 18.)
2748 4085 2826 4137 Ab
2855 4085 2936 4140 his
2957 4086 3122 4140 tribus
3150 4087 3318 4158 plagis
3345 4091 3514 4144 occisa
3544 4104 3617 4146 est

2041 4171 2192 4224 tertia
2234 4189 2356 4242 pars
2384 4173 2672 4239 hominum,
2702 4174 2767 4229 de
2793 4175 2930 4246 igne,
2956 4186 3007 4231 et
3055 4178 3218 4248 fumo,
3253 4189 3300 4233 et
3343 4180 3617 4252 sulphure,

2038 4277 2157 4330 qua
2181 4262 2524 4332 procedebant
2552 4265 2616 4318 de
2643 4282 2732 4320 ore
2761 4267 3010 4338 ipsorum.
3059 4268 3281 4325 Scilicet
3331 4271 3455 4340 quia
3497 4289 3585 4328 ma

2039 4351 2215 4407 lorum
2243 4355 2554 4422 praedicatio
2605 4357 2717 4412 suis
2744 4359 3064 4427 sequacibus
3109 4369 3310 4416 aeterna
3357 4364 3616 4433 supplicia

2039 4452 2324 4513 praeparat,
2349 4458 2466 4512 quae
2486 4460 2584 4513 per
2596 4460 2714 4499 eam
2736 4447 3276 4517 tropicetlgurantur;
3306 4452 3373 4506 ab
3386 4468 3450 4508 eo
3473 4457 3614 4523 quod

366 4543 483 4582 rum
502 4541 697 4622 corpus
722 4529 1115 4598 cognoscimus,
1139 4531 1283 4599 quod
1309 4547 1377 4586 ex
1396 4531 1644 4603 malignis
1663 4533 1938 4603 spiritibus
1965 4560 2018 4622 ι)
2039 4543 2312 4604 procurat,
2339 4535 2466 4588 illud
2489 4537 2630 4605 quod
2653 4548 2991 4606 procuratur.
3025 4540 3210 4612 (Vens.
3240 4542 3352 4620 19.)
3376 4541 3614 4601 Potestas

365 4627 419 4672 et
439 4617 620 4686 pravis
645 4617 954 4674 hominibus
981 4629 1226 4686 constat;
1281 4633 1473 4677 natura
1501 4624 1717 4692 quidem
1739 4625 1939 4680 discre-

368 4719 503 4775 tum,
540 4709 632 4764 sed
656 4711 937 4778 iniquitate
961 4711 1325 4780 coniunctum.
1381 4715 1770 4783 Quaternarius
1793 4718 1936 4772 enim

367 4814 463 4869 pro
494 4801 840 4855 universitate
877 4804 1001 4873 poni
1032 4803 1198 4868 solet;
1249 4807 1390 4861 unde
1437 4806 1492 4860 in
1539 4805 1643 4861 line
1696 4807 1875 4862 sznculi
1907 4825 1938 4862 a

367 4901 596 4961 quatuor
620 4893 740 4949 caeli
765 4896 941 4950 ventis
967 4894 1122 4952 electi
1152 4913 1248 4968 per
1285 4899 1503 4970 angelos
1529 4901 1728 4955 assumi
1759 4903 1938 4971 ρει-ιιί-

367 4983 581 5037 bentur.
647 4984 751 5039 Per
794 4984 1128 5057 Euphraten,
1169 4988 1262 5058 qui
1309 4989 1361 5042 in
1391 4990 1529 5043 mala
1552 4991 1940 5059 signiﬁcatione

365 5073 489 5140 poni
543 5072 731 5138 solet,
805 5076 1114 5146 designatur
1175 5079 1432 5133 mundani
1476 5081 1625 5150 regni
1682 5083 1936 5150 potentia,

365 5159 580 5214 Christo
628 5159 989 5232 Ecclesiteque
1022 5166 1326 5220 contraria:
1379 5167 1434 5220 in
1480 5183 1583 5236 qua
1631 5168 1751 5224 ideo
1795 5171 1935 5224 anti-

365 5263 503 5318 quus
529 5248 699 5303 hostis
723 5264 846 5303 cum
899 5265 1126 5321 corpore
1155 5270 1251 5310 suo
1273 5255 1518 5325 alligatus
1538 5254 1752 5320 dicitur,
1810 5258 1934 5326 quia

364 5347 623 5406 quantum
644 5353 838 5393 nocere
860 5339 973 5393 vult
995 5355 1102 5396 non
1128 5345 1474 5412 permittitur.
1523 5345 1742 5400 Dicatur
1769 5362 1928 5417 ergo:

2040 4643 2290 4696 equorum
2311 4627 2366 4681 in
2393 4643 2482 4681 ore
2504 4644 2682 4682 eorum
2709 4640 2806 4696 est,
2835 4641 2882 4686 et
2899 4633 2953 4687 in
2976 4634 3157 4689 caudis
3183 4652 3383 4690 eorum.
3407 4637 3464 4692 in
3494 4653 3610 4705 ore,

2041 4714 2323 4770 doctorum
2364 4717 2621 4784 scientia;
2649 4720 2702 4774 in
2726 4721 2895 4776 cauda
2921 4736 3050 4778 vero
3068 4727 3455 4794 postponenda,
3479 4737 3614 4782 tem-

2041 4807 2241 4876 poralis
2269 4809 2508 4878 potentia
2539 4811 2868 4880 designatur.
2925 4811 2981 4866 In
3005 4827 3100 4868 ore
3136 4829 3266 4886 ergo
3293 4825 3347 4869 et
3367 4817 3418 4870 in
3447 4818 3613 4872 cauda

2041 4906 2277 4964 potestas
2305 4915 2491 4954 eorum
2515 4908 2618 4964 est,
2663 4901 2787 4970 quia
2829 4916 3081 4972 perversa
3121 4905 3393 4960 suadendo
3420 4907 3613 4977 praedi-

2043 4997 2196 5054 cant;
2251 4989 2344 5046 sed
2395 4990 2778 5058 temporalibus
2815 4994 3168 5060 potestatibus
3205 4995 3352 5061 fulti,
3407 5013 3502 5068 per
3549 5014 3610 5054 ea

2043 5095 2162 5148 quas
2184 5089 2328 5134 retro
2347 5088 2475 5134 sunt
2495 5080 2818 5135 exaltantur.
2849 5083 2987 5137 Nam
3017 5085 3200 5138 cauda:
3218 5103 3396 5140 eorum
3419 5089 3610 5144 similes

2037 5169 2379 5240 serpentibus,
2401 5171 2644 5236 haltentes
2667 5175 2862 5243 capita,
2885 5184 2934 5228 et
2958 5175 3038 5230 his
3055 5186 3254 5232 nocent.
3307 5178 3403 5234 Hic
3424 5193 3455 5233 ε
3481 5195 3610 5235 con-

2041 5261 2209 5320 trario
2230 5275 2326 5328 per
2346 5261 2560 5323 caudas,
2592 5262 2760 5332 iniqui
2791 5265 3070 5334 doctores;
3137 5284 3234 5338 per
3263 5270 3434 5340 capita
3457 5284 3608 5337 vero,

2037 5351 2152 5420 ipsa
2185 5351 2456 5407 saecularis
2475 5355 2712 5422 potentia
2727 5354 3056 5427 designatur.
3093 5359 3160 5413 Et
3182 5369 3304 5430 apte
3324 5360 3440 5416 falsi
3475 5379 3608 5433 prte-

366 5426 514 5480 Solue
551 5434 778 5497 quatuor
807 5427 1016 5499 angelos
1072 5432 1164 5500 qui
1203 5432 1406 5502 alligati
1455 5444 1575 5489 sunt
1625 5434 1679 5488 in
1716 5436 1931 5504 flumine

364 5533 552 5588 magno
579 5515 885 5587 Euphrate;
943 5535 1004 5574 ac
1047 5523 1092 5577 si
1126 5521 1379 5577 Ecclesiae
1431 5526 1736 5594 diceretur:
1788 5529 1929 5592 litin

364 5608 567 5681 angelis
594 5609 859 5675 homines,
906 5620 960 5668 et
983 5612 1031 5668 in
1065 5614 1369 5673 hominibus
1398 5619 1616 5686 angelos
1644 5619 1806 5674 solve.
1867 5623 1932 5677 Et

364 5701 579 5756 attende
605 5710 864 5770 quantum
885 5705 1274 5775 persecutionis
1301 5708 1574 5779 angustias
1615 5711 1930 5783 inquanimi-

365 5802 446 5845 tcr
476 5788 614 5843 ferre
645 5789 858 5856 debeas,
889 5808 1022 5862 quas
1052 5794 1343 5850 adversarii
1376 5796 1571 5854 inferre
1599 5815 1701 5855 non
1729 5802 1924 5866 valent.

2031 5439 2300 5502 dicatores
2323 5440 2525 5498 similes
2565 5445 2923 5514 serpentibus,
2963 5447 3087 5516 quia
3129 5449 3270 5505 illius
3291 5466 3422 5508 voce
3468 5454 3606 5510 mala

2032 5529 2293 5594 suadent.
2342 5529 2494 5600 cuius
2535 5532 2692 5588 sibilo
2729 5533 2994 5590 delectata
3039 5545 3122 5592 est
3167 5538 3296 5594 Eva.
3363 5541 3429 5596 Et
3480 5545 3605 5613 quia

2031 5621 2325 5692 potentium
2371 5621 2552 5679 favore
2587 5622 2704 5678 fulti
2746 5625 2943 5680 multos
3003 5627 3264 5685 violenter
3313 5633 3380 5687 ad
3421 5633 3604 5688 illicita

2031 5713 2372 5781 pertrahunt,
2423 5723 2568 5770 recte
2583 5717 2755 5784 capita
2793 5716 2992 5774 habere
3013 5720 3282 5788 dicuntur,
3316 5722 3602 5794 qutcjttxta

2033 5805 2190 5859 aliam
2216 5807 2711 5877 interpretationem
2766 5813 2938 5884 capita
2985 5813 3268 5870 draconum
3319 5827 3590 5869 vocantur.
