  <div class='ocr_page' id='page_1' title='image "/cluster/home/n/w/nwhite01/storage/ocr_20150623/100/hvd.32044052819521/577.png"; bbox 0 0 4010 6182; ppageno 0'>
   <div class='ocr_carea' id='block_1_1' title="bbox 426 322 564 376">
    <p class='ocr_par' dir='ltr' id='par_1_1' title="bbox 426 322 564 376">
     <span class='ocr_line' id='line_1_1' title="bbox 426 322 564 376; baseline 0.014 -2"><span class='ocrx_word' id='word_1_1' title='bbox 426 322 564 376; x_wconf 70' lang='lat'><strong>“.55</strong></span> 
     </span>
    </p>
   </div>
   <div class='ocr_carea' id='block_1_2' title="bbox 1297 328 2826 393">
    <p class='ocr_par' dir='ltr' id='par_1_2' title="bbox 1297 328 2826 393">
     <span class='ocr_line' id='line_1_2' title="bbox 1297 328 2826 393; baseline 0.005 -13"><span class='ocrx_word' id='word_1_2' title='bbox 1297 328 1356 381; x_wconf 84' lang='grc' dir='ltr'><strong>Β.</strong></span> <span class='ocrx_word' id='word_1_3' title='bbox 1399 330 1459 383; x_wconf 89' lang='lat' dir='ltr'><strong>F.</strong></span> <span class='ocrx_word' id='word_1_4' title='bbox 1485 332 1709 386; x_wconf 72' lang='lat' dir='ltr'><strong>ALBlNl</strong></span> <span class='ocrx_word' id='word_1_5' title='bbox 1750 334 1878 392; x_wconf 85' lang='lat' dir='ltr'><strong>SEU</strong></span> <span class='ocrx_word' id='word_1_6' title='bbox 1919 337 2190 393; x_wconf 76' lang='lat' dir='ltr'><strong>ALCUIM</strong></span> <span class='ocrx_word' id='word_1_7' title='bbox 2230 336 2517 392; x_wconf 79' lang='lat' dir='ltr'><strong>UPERUM</strong></span> <span class='ocrx_word' id='word_1_8' title='bbox 2551 335 2732 390; x_wconf 76' lang='lat' dir='ltr'><strong>PARS</strong></span> <span class='ocrx_word' id='word_1_9' title='bbox 2766 336 2826 392; x_wconf 87' lang='lat' dir='ltr'><strong>ll.</strong></span> 
     </span>
    </p>
   </div>
   <div class='ocr_carea' id='block_1_3' title="bbox 3546 343 3684 396">
    <p class='ocr_par' dir='ltr' id='par_1_3' title="bbox 3546 343 3684 396">
     <span class='ocr_line' id='line_1_3' title="bbox 3546 343 3684 396; baseline 0 0"><span class='ocrx_word' id='word_1_10' title='bbox 3546 343 3684 396; x_wconf 59' lang='lat'><strong>114$</strong></span> 
     </span>
    </p>
   </div>
   <div class='ocr_carea' id='block_1_4' title="bbox 428 435 3683 516">
    <p class='ocr_par' dir='ltr' id='par_1_4' title="bbox 428 435 3683 516">
     <span class='ocr_line' id='line_1_4' title="bbox 428 435 3683 516; baseline 0.005 -28"><span class='ocrx_word' id='word_1_11' title='bbox 428 435 493 488; x_wconf 65' lang='lat' dir='ltr'><strong>lit</strong></span> <span class='ocrx_word' id='word_1_12' title='bbox 513 443 574 489; x_wconf 90' lang='lat' dir='ltr'><strong>ut</strong></span> <span class='ocrx_word' id='word_1_13' title='bbox 600 436 907 488; x_wconf 74' lang='lat' dir='ltr'><strong>ostenderet</strong></span> <span class='ocrx_word' id='word_1_14' title='bbox 942 435 1167 504; x_wconf 74' lang='lat' dir='ltr'><strong>gentiles</strong></span> <span class='ocrx_word' id='word_1_15' title='bbox 1207 437 1368 490; x_wconf 84' lang='lat' dir='ltr'><strong>etiam</strong></span> <span class='ocrx_word' id='word_1_16' title='bbox 1391 439 1458 492; x_wconf 90' lang='lat' dir='ltr'><strong>ad</strong></span> <span class='ocrx_word' id='word_1_17' title='bbox 1498 440 1599 493; x_wconf 88' lang='lat' dir='ltr'><strong>hoc</strong></span> <span class='ocrx_word' id='word_1_18' title='bbox 1626 457 1820 510; x_wconf 87' lang='lat' dir='ltr'><strong>corpus</strong></span> <span class='ocrx_word' id='word_1_19' title='bbox 1872 457 1996 511; x_wconf 83' lang='lat' dir='ltr'><strong>per-</strong></span> <span class='ocrx_word' id='word_1_20' title='bbox 2027 448 2074 506; x_wconf 78' lang='grc' dir='ltr'><strong>Α</strong></span> <span class='ocrx_word' id='word_1_21' title='bbox 2104 460 2265 513; x_wconf 86' lang='lat' dir='ltr'><strong>neque</strong></span> <span class='ocrx_word' id='word_1_22' title='bbox 2293 444 2464 498; x_wconf 75' lang='lat' dir='ltr'><strong>cidere</strong></span> <span class='ocrx_word' id='word_1_23' title='bbox 2491 453 2728 514; x_wconf 85' lang='lat' dir='ltr'><strong>possunt,</strong></span> <span class='ocrx_word' id='word_1_24' title='bbox 2759 461 2922 514; x_wconf 85' lang='lat' dir='ltr'><strong>neque</strong></span> <span class='ocrx_word' id='word_1_25' title='bbox 2954 447 3160 509; x_wconf 85' lang='lat' dir='ltr'><strong>audire,</strong></span> <span class='ocrx_word' id='word_1_26' title='bbox 3201 462 3365 516; x_wconf 76' lang='lat' dir='ltr'><strong>neque</strong></span> <span class='ocrx_word' id='word_1_27' title='bbox 3390 449 3683 506; x_wconf 76' lang='lat' dir='ltr'><strong>ambulare.</strong></span> 
     </span>
    </p>
   </div>
   <div class='ocr_carea' id='block_1_5' title="bbox 427 523 1997 601">
    <p class='ocr_par' dir='ltr' id='par_1_5' title="bbox 427 523 1997 601">
     <span class='ocr_line' id='line_1_5' title="bbox 427 523 1997 601; baseline 0.004 -23"><span class='ocrx_word' id='word_1_28' title='bbox 427 525 622 588; x_wconf 79' lang='lat' dir='ltr'><strong>linere,</strong></span> <span class='ocrx_word' id='word_1_29' title='bbox 642 523 919 590; x_wconf 76' lang='lat' dir='ltr'><strong>subiunxit</strong></span> <span class='ocrx_word' id='word_1_30' title='bbox 948 543 960 577; x_wconf 76' lang='grc' dir='ltr'>ε</span> <span class='ocrx_word' id='word_1_31' title='bbox 998 524 1181 594; x_wconf 75' lang='lat' dir='ltr'><strong>(Vens.</strong></span> <span class='ocrx_word' id='word_1_32' title='bbox 1211 525 1304 596; x_wconf 72' lang='lat'><strong>‘20)</strong></span> <span class='ocrx_word' id='word_1_33' title='bbox 1329 526 1396 580; x_wconf 83' lang='lat' dir='ltr'><strong>Et</strong></span> <span class='ocrx_word' id='word_1_34' title='bbox 1421 531 1595 583; x_wconf 70' lang='lat' dir='ltr'><strong>ca&#39;teri</strong></span> <span class='ocrx_word' id='word_1_35' title='bbox 1621 530 1880 594; x_wconf 81' lang='lat' dir='ltr'><strong>homines,</strong></span> <span class='ocrx_word' id='word_1_36' title='bbox 1907 535 1997 601; x_wconf 86' lang='lat' dir='ltr'><strong>qui</strong></span> 
     </span>
    </p>
   </div>
   <div class='ocr_carea' id='block_1_6' title="bbox 425 616 1996 689">
    <p class='ocr_par' dir='ltr' id='par_1_6' title="bbox 425 616 1996 689">
     <span class='ocr_line' id='line_1_6' title="bbox 425 616 1996 689; baseline 0.004 -22"><span class='ocrx_word' id='word_1_37' title='bbox 425 629 528 667; x_wconf 83' lang='lat' dir='ltr'><strong>non</strong></span> <span class='ocrx_word' id='word_1_38' title='bbox 552 617 695 676; x_wconf 88' lang='lat' dir='ltr'><strong>sunt,</strong></span> <span class='ocrx_word' id='word_1_39' title='bbox 727 629 889 684; x_wconf 85' lang='lat' dir='ltr'><strong>neque</strong></span> <span class='ocrx_word' id='word_1_40' title='bbox 913 616 1263 683; x_wconf 74' lang='lat' dir='ltr'><strong>pmnitentiam</strong></span> <span class='ocrx_word' id='word_1_41' title='bbox 1291 627 1502 686; x_wconf 86' lang='lat' dir='ltr'><strong>egerunt</strong></span> <span class='ocrx_word' id='word_1_42' title='bbox 1527 619 1591 672; x_wconf 88' lang='lat' dir='ltr'><strong>de</strong></span> <span class='ocrx_word' id='word_1_43' title='bbox 1613 621 1852 689; x_wconf 76' lang='lat' dir='ltr'><strong>operibus</strong></span> <span class='ocrx_word' id='word_1_44' title='bbox 1880 637 1996 674; x_wconf 90' lang='lat' dir='ltr'><strong>ma-</strong></span> 
     </span>
    </p>
   </div>
   <div class='ocr_carea' id='block_1_7' title="bbox 425 707 1999 773">
    <p class='ocr_par' dir='ltr' id='par_1_7' title="bbox 425 707 1999 773">
     <span class='ocr_line' id='line_1_7' title="bbox 425 707 1999 773; baseline 0.006 -19"><span class='ocrx_word' id='word_1_45' title='bbox 425 717 584 755; x_wconf 86' lang='lat' dir='ltr'><strong>nuum</strong></span> <span class='ocrx_word' id='word_1_46' title='bbox 595 720 832 770; x_wconf 87' lang='lat' dir='ltr'><strong>suarum,</strong></span> <span class='ocrx_word' id='word_1_47' title='bbox 855 715 1034 760; x_wconf 84' lang='lat' dir='ltr'><strong>utnon</strong></span> <span class='ocrx_word' id='word_1_48' title='bbox 1053 707 1335 761; x_wconf 80' lang='lat' dir='ltr'><strong>adorarent</strong></span> <span class='ocrx_word' id='word_1_49' title='bbox 1347 708 1625 773; x_wconf 78' lang='lat' dir='ltr'><strong>dtemonia,</strong></span> <span class='ocrx_word' id='word_1_50' title='bbox 1649 720 1696 762; x_wconf 88' lang='lat' dir='ltr'><strong>et</strong></span> <span class='ocrx_word' id='word_1_51' title='bbox 1717 709 1999 764; x_wconf 83' lang='lat' dir='ltr'><strong>simulacra</strong></span> 
     </span>
    </p>
   </div>
   <div class='ocr_carea' id='block_1_8' title="bbox 424 797 2002 870">
    <p class='ocr_par' dir='ltr' id='par_1_8' title="bbox 424 797 2002 870">
     <span class='ocr_line' id='line_1_8' title="bbox 424 797 2002 870; baseline 0.007 -27"><span class='ocrx_word' id='word_1_52' title='bbox 424 805 584 845; x_wconf 75' lang='lat' dir='ltr'><strong>aurea</strong></span> <span class='ocrx_word' id='word_1_53' title='bbox 609 801 660 847; x_wconf 88' lang='lat' dir='ltr'><strong>et</strong></span> <span class='ocrx_word' id='word_1_54' title='bbox 677 803 922 865; x_wconf 82' lang='lat' dir='ltr'><strong>argentea</strong></span> <span class='ocrx_word' id='word_1_55' title='bbox 955 805 1003 850; x_wconf 87' lang='lat' dir='ltr'><strong>et</strong></span> <span class='ocrx_word' id='word_1_56' title='bbox 1036 812 1173 850; x_wconf 64' lang='lat' dir='ltr'><strong>aerea</strong></span> <span class='ocrx_word' id='word_1_57' title='bbox 1219 806 1268 850; x_wconf 89' lang='lat' dir='ltr'><strong>et</strong></span> <span class='ocrx_word' id='word_1_58' title='bbox 1319 797 1525 868; x_wconf 88' lang='lat' dir='ltr'><strong>lapidea</strong></span> <span class='ocrx_word' id='word_1_59' title='bbox 1558 809 1605 852; x_wconf 89' lang='lat' dir='ltr'><strong>et</strong></span> <span class='ocrx_word' id='word_1_60' title='bbox 1645 799 1838 869; x_wconf 87' lang='lat' dir='ltr'><strong>lignea,</strong></span> <span class='ocrx_word' id='word_1_61' title='bbox 1883 817 2002 870; x_wconf 70' lang='lat' dir='ltr'><strong>qua</strong></span> 
     </span>
    </p>
   </div>
   <div class='ocr_carea' id='block_1_9' title="bbox 438 934 2705 960">
    <p class='ocr_par' dir='ltr' id='par_1_9' title="bbox 438 934 2705 960">
     <span class='ocr_line' id='line_1_9' title="bbox 438 934 2705 960; baseline 0.001 -5"><span class='ocrx_word' id='word_1_62' title='bbox 438 934 2705 960; x_wconf 44' lang='grc' dir='ltr'><strong>..ψῃ-*Μ</strong></span> 
     </span>
    </p>
   </div>
   <div class='ocr_carea' id='block_1_10' title="bbox 2099 532 3688 605">
    <p class='ocr_par' dir='ltr' id='par_1_10' title="bbox 2099 532 3688 605">
     <span class='ocr_line' id='line_1_10' title="bbox 2099 532 3688 605; baseline 0.005 -17"><span class='ocrx_word' id='word_1_63' title='bbox 2099 533 2284 604; x_wconf 78' lang='lat' dir='ltr'><strong>(Vens.</strong></span> <span class='ocrx_word' id='word_1_64' title='bbox 2313 532 2426 605; x_wconf 76' lang='grc'><strong>21.)</strong></span> <span class='ocrx_word' id='word_1_65' title='bbox 2455 533 2522 586; x_wconf 90' lang='lat' dir='ltr'><strong>Et</strong></span> <span class='ocrx_word' id='word_1_66' title='bbox 2549 551 2650 589; x_wconf 89' lang='lat' dir='ltr'><strong>non</strong></span> <span class='ocrx_word' id='word_1_67' title='bbox 2670 544 2880 604; x_wconf 88' lang='lat' dir='ltr'><strong>egerunt</strong></span> <span class='ocrx_word' id='word_1_68' title='bbox 2903 537 3255 605; x_wconf 76' lang='lat' dir='ltr'><strong>paenitentiam</strong></span> <span class='ocrx_word' id='word_1_69' title='bbox 3303 538 3369 590; x_wconf 86' lang='lat' dir='ltr'><strong>ab</strong></span> <span class='ocrx_word' id='word_1_70' title='bbox 3391 538 3688 596; x_wconf 80' lang='lat' dir='ltr'><strong>homicidiis</strong></span> 
     </span>
    </p>
   </div>
   <div class='ocr_carea' id='block_1_11' title="bbox 2099 622 3688 695">
    <p class='ocr_par' dir='ltr' id='par_1_11' title="bbox 2099 622 3688 695">
     <span class='ocr_line' id='line_1_11' title="bbox 2099 622 3688 695; baseline 0.006 -20"><span class='ocrx_word' id='word_1_71' title='bbox 2099 623 2230 686; x_wconf 86' lang='lat' dir='ltr'><strong>suis,</strong></span> <span class='ocrx_word' id='word_1_72' title='bbox 2261 638 2422 692; x_wconf 84' lang='lat' dir='ltr'><strong>neque</strong></span> <span class='ocrx_word' id='word_1_73' title='bbox 2445 640 2477 675; x_wconf 92' lang='lat' dir='ltr'><strong><em>a</em></strong></span> <span class='ocrx_word' id='word_1_74' title='bbox 2507 622 2852 692; x_wconf 75' lang='lat' dir='ltr'><strong>fornicatione</strong></span> <span class='ocrx_word' id='word_1_75' title='bbox 2871 640 2990 687; x_wconf 89' lang='lat' dir='ltr'><strong>sua,</strong></span> <span class='ocrx_word' id='word_1_76' title='bbox 3021 641 3185 695; x_wconf 85' lang='lat' dir='ltr'><strong>neque</strong></span> <span class='ocrx_word' id='word_1_77' title='bbox 3204 642 3236 677; x_wconf 87' lang='grc' dir='ltr'>α</span> <span class='ocrx_word' id='word_1_78' title='bbox 3258 625 3412 692; x_wconf 77' lang='lat' dir='ltr'><strong>furtis</strong></span> <span class='ocrx_word' id='word_1_79' title='bbox 3434 628 3566 682; x_wconf 81' lang='lat' dir='ltr'><strong>suis.</strong></span> <span class='ocrx_word' id='word_1_80' title='bbox 3603 630 3688 685; x_wconf 80' lang='lat' dir='ltr'><strong>Ac</strong></span> 
     </span>
    </p>
   </div>
   <div class='ocr_carea' id='block_1_12' title="bbox 2102 712 3686 783">
    <p class='ocr_par' dir='ltr' id='par_1_12' title="bbox 2102 712 3686 783">
     <span class='ocr_line' id='line_1_12' title="bbox 2102 712 3686 783; baseline 0.003 -17"><span class='ocrx_word' id='word_1_81' title='bbox 2102 713 2148 766; x_wconf 88' lang='lat' dir='ltr'><strong>si</strong></span> <span class='ocrx_word' id='word_1_82' title='bbox 2181 712 2479 766; x_wconf 77' lang='lat' dir='ltr'><strong>diceretur:</strong></span> <span class='ocrx_word' id='word_1_83' title='bbox 2546 721 2600 766; x_wconf 89' lang='lat' dir='ltr'><strong>et</strong></span> <span class='ocrx_word' id='word_1_84' title='bbox 2632 712 2688 766; x_wconf 90' lang='lat' dir='ltr'><strong>hi</strong></span> <span class='ocrx_word' id='word_1_85' title='bbox 2725 712 2858 768; x_wconf 88' lang='lat' dir='ltr'><strong>tales</strong></span> <span class='ocrx_word' id='word_1_86' title='bbox 2897 713 2960 766; x_wconf 92' lang='lat' dir='ltr'><strong>ad</strong></span> <span class='ocrx_word' id='word_1_87' title='bbox 2994 714 3366 783; x_wconf 88' lang='lat' dir='ltr'><strong>supradictum</strong></span> <span class='ocrx_word' id='word_1_88' title='bbox 3396 731 3686 772; x_wconf 85' lang='lat' dir='ltr'><strong>numerum</strong></span> 
     </span>
    </p>
   </div>
   <div class='ocr_carea' id='block_1_13' title="bbox 2104 802 2664 869">
    <p class='ocr_par' dir='ltr' id='par_1_13' title="bbox 2104 802 2664 869">
     <span class='ocr_line' id='line_1_13' title="bbox 2104 802 2664 869; baseline 0.002 -14"><span class='ocrx_word' id='word_1_89' title='bbox 2104 803 2371 869; x_wconf 76' lang='lat' dir='ltr'><strong>pertinere</strong></span> <span class='ocrx_word' id='word_1_90' title='bbox 2396 802 2664 857; x_wconf 82' lang='lat' dir='ltr'><strong>videmur.</strong></span> 
     </span>
    </p>
   </div>
   <div class='ocr_carea' id='block_1_14' title="bbox 1625 1077 2465 1170">
    <p class='ocr_par' dir='ltr' id='par_1_14' title="bbox 1625 1077 2465 1170">
     <span class='ocr_line' id='line_1_14' title="bbox 1625 1077 2465 1170; baseline 0.011 -18"><span class='ocrx_word' id='word_1_91' title='bbox 1625 1077 1917 1152; x_wconf 78' lang='lat' dir='ltr'><strong>LIBER</strong></span> <span class='ocrx_word' id='word_1_92' title='bbox 1977 1079 2465 1170; x_wconf 80' lang='lat' dir='ltr'><strong>QUINTUS.</strong></span> 
     </span>
    </p>
   </div>
   <div class='ocr_carea' id='block_1_15' title="bbox 1047 1297 1381 1352">
    <p class='ocr_par' dir='ltr' id='par_1_15' title="bbox 1047 1297 1381 1352">
     <span class='ocr_line' id='line_1_15' title="bbox 1047 1297 1381 1352; baseline -0.006 0"><span class='ocrx_word' id='word_1_93' title='bbox 1047 1297 1276 1352; x_wconf 83' lang='lat' dir='ltr'><strong>CAPUT</strong></span> <span class='ocrx_word' id='word_1_94' title='bbox 1316 1299 1381 1352; x_wconf 76' lang='grc' dir='ltr'><strong>Χ.</strong></span> 
     </span>
    </p>
   </div>
   <div class='ocr_carea' id='block_1_16' title="bbox 494 1403 2002 1480">
    <p class='ocr_par' dir='ltr' id='par_1_16' title="bbox 494 1403 2002 1480">
     <span class='ocr_line' id='line_1_16' title="bbox 494 1403 2002 1480; baseline 0.009 -25"><span class='ocrx_word' id='word_1_95' title='bbox 494 1403 628 1458; x_wconf 85' lang='lat' dir='ltr'><strong>Cum</strong></span> <span class='ocrx_word' id='word_1_96' title='bbox 653 1417 749 1472; x_wconf 88' lang='lat' dir='ltr'><strong>per</strong></span> <span class='ocrx_word' id='word_1_97' title='bbox 768 1409 990 1462; x_wconf 72' lang='lat' dir='ltr'><strong>czeteras</strong></span> <span class='ocrx_word' id='word_1_98' title='bbox 1027 1406 1336 1474; x_wconf 87' lang='lat' dir='ltr'><strong>prophetias</strong></span> <span class='ocrx_word' id='word_1_99' title='bbox 1355 1423 1516 1476; x_wconf 88' lang='lat' dir='ltr'><strong>quam</strong></span> <span class='ocrx_word' id='word_1_100' title='bbox 1547 1411 1712 1467; x_wconf 90' lang='lat' dir='ltr'><strong>multa</strong></span> <span class='ocrx_word' id='word_1_101' title='bbox 1734 1427 1851 1480; x_wconf 71' lang='lat'><strong>([1133</strong></span> <span class='ocrx_word' id='word_1_102' title='bbox 1892 1430 2002 1468; x_wconf 87' lang='lat' dir='ltr'><strong>me-</strong></span> 
     </span>
    </p>
   </div>
   <div class='ocr_carea' id='block_1_17' title="bbox 427 1492 2001 1568">
    <p class='ocr_par' dir='ltr' id='par_1_17' title="bbox 427 1492 2001 1568">
     <span class='ocr_line' id='line_1_17' title="bbox 427 1492 2001 1568; baseline 0.005 -21"><span class='ocrx_word' id='word_1_103' title='bbox 427 1492 617 1547; x_wconf 86' lang='lat' dir='ltr'><strong>diatori</strong></span> <span class='ocrx_word' id='word_1_104' title='bbox 645 1499 829 1546; x_wconf 90' lang='lat' dir='ltr'><strong>nostro</strong></span> <span class='ocrx_word' id='word_1_105' title='bbox 848 1493 1170 1547; x_wconf 86' lang='lat' dir='ltr'><strong>conveniant</strong></span> <span class='ocrx_word' id='word_1_106' title='bbox 1198 1495 1252 1548; x_wconf 90' lang='lat' dir='ltr'><strong>in</strong></span> <span class='ocrx_word' id='word_1_107' title='bbox 1277 1497 1506 1550; x_wconf 91' lang='lat' dir='ltr'><strong>terrenis</strong></span> <span class='ocrx_word' id='word_1_108' title='bbox 1535 1500 1716 1563; x_wconf 87' lang='lat' dir='ltr'><strong>rebus,</strong></span> <span class='ocrx_word' id='word_1_109' title='bbox 1753 1508 1808 1554; x_wconf 91' lang='lat' dir='ltr'><strong>et</strong></span> <span class='ocrx_word' id='word_1_110' title='bbox 1831 1516 2001 1568; x_wconf 86' lang='lat' dir='ltr'><strong>pauca</strong></span> 
     </span>
    </p>
   </div>
   <div class='ocr_carea' id='block_1_18' title="bbox 427 1582 2001 1652">
    <p class='ocr_par' dir='ltr' id='par_1_18' title="bbox 427 1582 2001 1652">
     <span class='ocr_line' id='line_1_18' title="bbox 427 1582 2001 1652; baseline 0.005 -17"><span class='ocrx_word' id='word_1_111' title='bbox 427 1583 481 1636; x_wconf 90' lang='lat' dir='ltr'><strong>in</strong></span> <span class='ocrx_word' id='word_1_112' title='bbox 503 1582 810 1638; x_wconf 84' lang='lat' dir='ltr'><strong>coelestibus</strong></span> <span class='ocrx_word' id='word_1_113' title='bbox 832 1585 1182 1652; x_wconf 84' lang='lat' dir='ltr'><strong>reperiamus,</strong></span> <span class='ocrx_word' id='word_1_114' title='bbox 1229 1584 1463 1641; x_wconf 83' lang='lat' dir='ltr'><strong>Joannes</strong></span> <span class='ocrx_word' id='word_1_115' title='bbox 1493 1588 1549 1641; x_wconf 88' lang='lat' dir='ltr'><strong>in</strong></span> <span class='ocrx_word' id='word_1_116' title='bbox 1578 1588 1679 1642; x_wconf 89' lang='lat' dir='ltr'><strong>hac</strong></span> <span class='ocrx_word' id='word_1_117' title='bbox 1713 1590 2001 1644; x_wconf 77' lang='lat' dir='ltr'><strong>adventum</strong></span> 
     </span>
    </p>
   </div>
   <div class='ocr_carea' id='block_1_19' title="bbox 426 1673 2006 1747">
    <p class='ocr_par' dir='ltr' id='par_1_19' title="bbox 426 1673 2006 1747">
     <span class='ocr_line' id='line_1_19' title="bbox 426 1673 2006 1747; baseline 0.002 -20"><span class='ocrx_word' id='word_1_118' title='bbox 426 1674 544 1744; x_wconf 86' lang='lat' dir='ltr'><strong>ejus</strong></span> <span class='ocrx_word' id='word_1_119' title='bbox 585 1674 780 1744; x_wconf 59' lang='lat' dir='ltr'><strong>sapius</strong></span> <span class='ocrx_word' id='word_1_120' title='bbox 798 1689 895 1744; x_wconf 88' lang='lat' dir='ltr'><strong>per</strong></span> <span class='ocrx_word' id='word_1_121' title='bbox 925 1673 1174 1744; x_wconf 83' lang='lat' dir='ltr'><strong>angelum</strong></span> <span class='ocrx_word' id='word_1_122' title='bbox 1207 1676 1525 1745; x_wconf 85' lang='lat' dir='ltr'><strong>designavit.</strong></span> <span class='ocrx_word' id='word_1_123' title='bbox 1569 1677 1640 1732; x_wconf 91' lang='lat' dir='ltr'><strong>Ut</strong></span> <span class='ocrx_word' id='word_1_124' title='bbox 1683 1677 1849 1747; x_wconf 82' lang='lat' dir='ltr'><strong>quid?</strong></span> <span class='ocrx_word' id='word_1_125' title='bbox 1903 1678 2006 1731; x_wconf 90' lang='lat' dir='ltr'><strong>nisi</strong></span> 
     </span>
    </p>
   </div>
   <div class='ocr_carea' id='block_1_20' title="bbox 429 1763 2005 1834">
    <p class='ocr_par' dir='ltr' id='par_1_20' title="bbox 429 1763 2005 1834">
     <span class='ocr_line' id='line_1_20' title="bbox 429 1763 2005 1834; baseline 0.003 -19"><span class='ocrx_word' id='word_1_126' title='bbox 429 1771 488 1816; x_wconf 92' lang='lat' dir='ltr'><strong>ut</strong></span> <span class='ocrx_word' id='word_1_127' title='bbox 505 1763 810 1818; x_wconf 86' lang='lat' dir='ltr'><strong>uberiorem</strong></span> <span class='ocrx_word' id='word_1_128' title='bbox 839 1763 958 1818; x_wconf 92' lang='lat' dir='ltr'><strong>aliis</strong></span> <span class='ocrx_word' id='word_1_129' title='bbox 988 1765 1126 1819; x_wconf 90' lang='lat' dir='ltr'><strong>hanc</strong></span> <span class='ocrx_word' id='word_1_130' title='bbox 1146 1767 1482 1834; x_wconf 78' lang='lat' dir='ltr'><strong>prophetiam</strong></span> <span class='ocrx_word' id='word_1_131' title='bbox 1511 1769 1777 1822; x_wconf 82' lang='lat' dir='ltr'><strong>ostendat.</strong></span> <span class='ocrx_word' id='word_1_132' title='bbox 1855 1767 2005 1822; x_wconf 89' lang='lat' dir='ltr'><strong>Unde</strong></span> 
     </span>
    </p>
   </div>
   <div class='ocr_carea' id='block_1_21' title="bbox 430 1854 2004 1928">
    <p class='ocr_par' dir='ltr' id='par_1_21' title="bbox 430 1854 2004 1928">
     <span class='ocr_line' id='line_1_21' title="bbox 430 1854 2004 1928; baseline 0.004 -22"><span class='ocrx_word' id='word_1_133' title='bbox 430 1868 572 1907; x_wconf 89' lang='lat' dir='ltr'><strong>nunc</strong></span> <span class='ocrx_word' id='word_1_134' title='bbox 628 1854 852 1908; x_wconf 84' lang='lat' dir='ltr'><strong>dicitur:</strong></span> <span class='ocrx_word' id='word_1_135' title='bbox 902 1854 1087 1924; x_wconf 75' lang='lat' dir='ltr'><strong>(Vsus.</strong></span> <span class='ocrx_word' id='word_1_136' title='bbox 1129 1856 1186 1926; x_wconf 78' lang='lat' dir='ltr'><strong>l)</strong></span> <span class='ocrx_word' id='word_1_137' title='bbox 1223 1855 1293 1910; x_wconf 83' lang='lat' dir='ltr'><strong>Et</strong></span> <span class='ocrx_word' id='word_1_138' title='bbox 1342 1857 1520 1911; x_wconf 87' lang='lat' dir='ltr'><strong>audivi</strong></span> <span class='ocrx_word' id='word_1_139' title='bbox 1556 1858 1720 1912; x_wconf 86' lang='lat' dir='ltr'><strong>alium</strong></span> <span class='ocrx_word' id='word_1_140' title='bbox 1765 1859 2004 1928; x_wconf 83' lang='lat' dir='ltr'><strong>angelum</strong></span> 
     </span>
    </p>
   </div>
   <div class='ocr_carea' id='block_1_22' title="bbox 429 1943 2007 2020">
    <p class='ocr_par' dir='ltr' id='par_1_22' title="bbox 429 1943 2007 2020">
     <span class='ocr_line' id='line_1_22' title="bbox 429 1943 2007 2020; baseline 0.006 -24"><span class='ocrx_word' id='word_1_141' title='bbox 429 1943 613 2012; x_wconf 77' lang='lat' dir='ltr'><strong>fortem</strong></span> <span class='ocrx_word' id='word_1_142' title='bbox 641 1943 1028 1999; x_wconf 75' lang='lat' dir='ltr'><strong>descendentem</strong></span> <span class='ocrx_word' id='word_1_143' title='bbox 1055 1946 1120 2002; x_wconf 87' lang='lat' dir='ltr'><strong>de</strong></span> <span class='ocrx_word' id='word_1_144' title='bbox 1155 1946 1281 2000; x_wconf 75' lang='lat' dir='ltr'><strong>caelo</strong></span> <span class='ocrx_word' id='word_1_145' title='bbox 1321 1949 1570 2001; x_wconf 78' lang='lat' dir='ltr'><strong>amictum</strong></span> <span class='ocrx_word' id='word_1_146' title='bbox 1595 1948 1745 2002; x_wconf 86' lang='lat' dir='ltr'><strong>nube.</strong></span> <span class='ocrx_word' id='word_1_147' title='bbox 1790 1950 1851 2003; x_wconf 89' lang='lat' dir='ltr'><strong>Et</strong></span> <span class='ocrx_word' id='word_1_148' title='bbox 1885 1951 2007 2020; x_wconf 89' lang='lat' dir='ltr'><strong>jure</strong></span> 
     </span>
    </p>
   </div>
   <div class='ocr_carea' id='block_1_23' title="bbox 431 2034 2009 2106">
    <p class='ocr_par' dir='ltr' id='par_1_23' title="bbox 431 2034 2009 2106">
     <span class='ocr_line' id='line_1_23' title="bbox 431 2034 2009 2106; baseline 0.004 -18"><span class='ocrx_word' id='word_1_149' title='bbox 431 2034 650 2104; x_wconf 88' lang='lat' dir='ltr'><strong>angelus</strong></span> <span class='ocrx_word' id='word_1_150' title='bbox 670 2035 886 2100; x_wconf 90' lang='lat' dir='ltr'><strong>dicitur,</strong></span> <span class='ocrx_word' id='word_1_151' title='bbox 935 2036 1061 2106; x_wconf 90' lang='lat' dir='ltr'><strong>quia</strong></span> <span class='ocrx_word' id='word_1_152' title='bbox 1085 2045 1299 2092; x_wconf 63' lang='lat' dir='ltr'><strong>aeternae</strong></span> <span class='ocrx_word' id='word_1_153' title='bbox 1338 2037 1458 2092; x_wconf 62' lang='lat' dir='ltr'><strong>vitae</strong></span> <span class='ocrx_word' id='word_1_154' title='bbox 1484 2053 1654 2092; x_wconf 88' lang='lat' dir='ltr'><strong>novus</strong></span> <span class='ocrx_word' id='word_1_155' title='bbox 1702 2039 2009 2095; x_wconf 86' lang='lat' dir='ltr'><strong>hominibus</strong></span> 
     </span>
    </p>
   </div>
   <div class='ocr_carea' id='block_1_24' title="bbox 432 2127 2008 2197">
    <p class='ocr_par' dir='ltr' id='par_1_24' title="bbox 432 2127 2008 2197">
     <span class='ocr_line' id='line_1_24' title="bbox 432 2127 2008 2197; baseline 0.001 -17"><span class='ocrx_word' id='word_1_156' title='bbox 432 2127 652 2181; x_wconf 89' lang='lat' dir='ltr'><strong>nuntius</strong></span> <span class='ocrx_word' id='word_1_157' title='bbox 681 2127 948 2197; x_wconf 86' lang='lat' dir='ltr'><strong>apparuit,</strong></span> <span class='ocrx_word' id='word_1_158' title='bbox 1006 2128 1071 2181; x_wconf 90' lang='lat' dir='ltr'><strong>de</strong></span> <span class='ocrx_word' id='word_1_159' title='bbox 1108 2142 1216 2196; x_wconf 91' lang='lat' dir='ltr'><strong>quo</strong></span> <span class='ocrx_word' id='word_1_160' title='bbox 1264 2127 1492 2197; x_wconf 82' lang='lat' dir='ltr'><strong>legimus</strong></span> <span class='ocrx_word' id='word_1_161' title='bbox 1529 2142 1542 2179; x_wconf 90' lang='lat'><strong>:</strong></span> <span class='ocrx_word' id='word_1_162' title='bbox 1596 2127 1777 2197; x_wconf 80' lang='lat' dir='ltr'><strong>Magni</strong></span> <span class='ocrx_word' id='word_1_163' title='bbox 1803 2129 2008 2183; x_wconf 79' lang='lat' dir='ltr'><strong>consilii</strong></span> 
     </span>
    </p>
   </div>
   <div class='ocr_carea' id='block_1_25' title="bbox 432 2213 2008 2285">
    <p class='ocr_par' dir='ltr' id='par_1_25' title="bbox 432 2213 2008 2285">
     <span class='ocr_line' id='line_1_25' title="bbox 432 2213 2008 2285; baseline 0.004 -19"><span class='ocrx_word' id='word_1_164' title='bbox 432 2213 646 2284; x_wconf 85' lang='lat' dir='ltr'><strong>angelus</strong></span> <span class='ocrx_word' id='word_1_165' title='bbox 675 2228 694 2266; x_wconf 79' lang='lat'><strong>.&#39;</strong></span> <span class='ocrx_word' id='word_1_166' title='bbox 721 2214 874 2284; x_wconf 79' lang='lat' dir='ltr'><strong>fortis</strong></span> <span class='ocrx_word' id='word_1_167' title='bbox 926 2223 1127 2280; x_wconf 84' lang='lat' dir='ltr'><strong>autem,</strong></span> <span class='ocrx_word' id='word_1_168' title='bbox 1172 2216 1300 2284; x_wconf 87' lang='lat' dir='ltr'><strong>quia</strong></span> <span class='ocrx_word' id='word_1_169' title='bbox 1335 2216 1509 2270; x_wconf 89' lang='lat' dir='ltr'><strong>aerias</strong></span> <span class='ocrx_word' id='word_1_170' title='bbox 1549 2225 1842 2285; x_wconf 87' lang='lat' dir='ltr'><strong>potestates</strong></span> <span class='ocrx_word' id='word_1_171' title='bbox 1895 2233 2008 2274; x_wconf 89' lang='lat' dir='ltr'><strong>mo-</strong></span> 
     </span>
    </p>
   </div>
   <div class='ocr_carea' id='block_1_26' title="bbox 435 2305 2008 2376">
    <p class='ocr_par' dir='ltr' id='par_1_26' title="bbox 435 2305 2008 2376">
     <span class='ocr_line' id='line_1_26' title="bbox 435 2305 2008 2376; baseline 0.004 -20"><span class='ocrx_word' id='word_1_172' title='bbox 435 2305 622 2361; x_wconf 89' lang='lat' dir='ltr'><strong>riendo</strong></span> <span class='ocrx_word' id='word_1_173' title='bbox 675 2307 868 2362; x_wconf 89' lang='lat' dir='ltr'><strong>vicisse</strong></span> <span class='ocrx_word' id='word_1_174' title='bbox 901 2308 1190 2376; x_wconf 84' lang='lat' dir='ltr'><strong>probatur;</strong></span> <span class='ocrx_word' id='word_1_175' title='bbox 1233 2308 1374 2362; x_wconf 89' lang='lat' dir='ltr'><strong>unde</strong></span> <span class='ocrx_word' id='word_1_176' title='bbox 1424 2317 1506 2362; x_wconf 90' lang='lat' dir='ltr'><strong>est</strong></span> <span class='ocrx_word' id='word_1_177' title='bbox 1541 2307 1696 2363; x_wconf 86' lang='lat' dir='ltr'><strong>illud:</strong></span> <span class='ocrx_word' id='word_1_178' title='bbox 1751 2308 2008 2363; x_wconf 89' lang='lat' dir='ltr'><strong>Dominus</strong></span> 
     </span>
    </p>
   </div>
   <div class='ocr_carea' id='block_1_27' title="bbox 430 2394 2008 2466">
    <p class='ocr_par' dir='ltr' id='par_1_27' title="bbox 430 2394 2008 2466">
     <span class='ocr_line' id='line_1_27' title="bbox 430 2394 2008 2466; baseline 0.002 -18"><span class='ocrx_word' id='word_1_179' title='bbox 430 2403 610 2464; x_wconf 85' lang='lat' dir='ltr'><strong>potens</strong></span> <span class='ocrx_word' id='word_1_180' title='bbox 635 2397 690 2450; x_wconf 89' lang='lat' dir='ltr'><strong>in</strong></span> <span class='ocrx_word' id='word_1_181' title='bbox 731 2395 912 2466; x_wconf 62' lang='lat' dir='ltr'><strong>praelia</strong></span> <span class='ocrx_word' id='word_1_182' title='bbox 953 2394 1127 2466; x_wconf 81' lang='lat' dir='ltr'><strong>(Psal.</strong></span> <span class='ocrx_word' id='word_1_183' title='bbox 1174 2412 1331 2459; x_wconf 68' lang='grc' dir='ltr'>χχιιι,</span> <span class='ocrx_word' id='word_1_184' title='bbox 1370 2397 1447 2466; x_wconf 90' lang='grc'><strong>8).</strong></span> <span class='ocrx_word' id='word_1_185' title='bbox 1484 2396 1638 2463; x_wconf 84' lang='lat' dir='ltr'><strong>Quod</strong></span> <span class='ocrx_word' id='word_1_186' title='bbox 1687 2397 1820 2452; x_wconf 90' lang='lat' dir='ltr'><strong>dicit</strong></span> <span class='ocrx_word' id='word_1_187' title='bbox 1845 2397 2008 2452; x_wconf 86' lang='lat' dir='ltr'><strong>alium</strong></span> 
     </span>
    </p>
   </div>
   <div class='ocr_carea' id='block_1_28' title="bbox 434 2486 2010 2556">
    <p class='ocr_par' dir='ltr' id='par_1_28' title="bbox 434 2486 2010 2556">
     <span class='ocr_line' id='line_1_28' title="bbox 434 2486 2010 2556; baseline 0.004 -18"><span class='ocrx_word' id='word_1_188' title='bbox 434 2501 538 2540; x_wconf 90' lang='lat' dir='ltr'><strong>non</strong></span> <span class='ocrx_word' id='word_1_189' title='bbox 571 2495 657 2540; x_wconf 88' lang='lat' dir='ltr'><strong>est</strong></span> <span class='ocrx_word' id='word_1_190' title='bbox 689 2487 766 2541; x_wconf 89' lang='lat' dir='ltr'><strong>rei</strong></span> <span class='ocrx_word' id='word_1_191' title='bbox 793 2487 1093 2549; x_wconf 87' lang='lat' dir='ltr'><strong>diversitas,</strong></span> <span class='ocrx_word' id='word_1_192' title='bbox 1127 2486 1218 2541; x_wconf 87' lang='lat' dir='ltr'><strong>sed</strong></span> <span class='ocrx_word' id='word_1_193' title='bbox 1258 2487 1589 2542; x_wconf 87' lang='lat' dir='ltr'><strong>consuetudo</strong></span> <span class='ocrx_word' id='word_1_194' title='bbox 1613 2487 2010 2556; x_wconf 87' lang='lat' dir='ltr'><strong>recapitulatio—</strong></span> 
     </span>
    </p>
   </div>
   <div class='ocr_carea' id='block_1_29' title="bbox 432 2577 2012 2649">
    <p class='ocr_par' dir='ltr' id='par_1_29' title="bbox 432 2577 2012 2649">
     <span class='ocr_line' id='line_1_29' title="bbox 432 2577 2012 2649; baseline 0.002 -18"><span class='ocrx_word' id='word_1_195' title='bbox 432 2579 545 2638; x_wconf 76' lang='lat' dir='ltr'><strong>nis;</strong></span> <span class='ocrx_word' id='word_1_196' title='bbox 595 2577 759 2632; x_wconf 90' lang='lat' dir='ltr'><strong>alium</strong></span> <span class='ocrx_word' id='word_1_197' title='bbox 808 2578 1055 2649; x_wconf 77' lang='lat' dir='ltr'><strong>angelum</strong></span> <span class='ocrx_word' id='word_1_198' title='bbox 1087 2579 1240 2644; x_wconf 87' lang='lat' dir='ltr'><strong>vidit,</strong></span> <span class='ocrx_word' id='word_1_199' title='bbox 1298 2580 1423 2648; x_wconf 89' lang='lat' dir='ltr'><strong>quia</strong></span> <span class='ocrx_word' id='word_1_200' title='bbox 1450 2579 1608 2634; x_wconf 87' lang='lat' dir='ltr'><strong>aliam</strong></span> <span class='ocrx_word' id='word_1_201' title='bbox 1638 2580 1899 2634; x_wconf 82' lang='lat' dir='ltr'><strong>visionem</strong></span> <span class='ocrx_word' id='word_1_202' title='bbox 1926 2595 2012 2634; x_wconf 87' lang='lat' dir='ltr'><strong>re-</strong></span> 
     </span>
    </p>
   </div>
   <div class='ocr_carea' id='block_1_30' title="bbox 430 2669 2010 2742">
    <p class='ocr_par' dir='ltr' id='par_1_30' title="bbox 430 2669 2010 2742">
     <span class='ocr_line' id='line_1_30' title="bbox 430 2669 2010 2742; baseline 0.001 -18"><span class='ocrx_word' id='word_1_203' title='bbox 430 2669 642 2739; x_wconf 88' lang='lat' dir='ltr'><strong>petivit.</strong></span> <span class='ocrx_word' id='word_1_204' title='bbox 707 2669 857 2724; x_wconf 82' lang='lat' dir='ltr'><strong>Nube</strong></span> <span class='ocrx_word' id='word_1_205' title='bbox 885 2670 1113 2725; x_wconf 87' lang='lat' dir='ltr'><strong>amictus</strong></span> <span class='ocrx_word' id='word_1_206' title='bbox 1134 2671 1382 2740; x_wconf 90' lang='lat' dir='ltr'><strong>apparuit</strong></span> <span class='ocrx_word' id='word_1_207' title='bbox 1414 2671 1650 2742; x_wconf 76' lang='lat' dir='ltr'><strong>angelus,</strong></span> <span class='ocrx_word' id='word_1_208' title='bbox 1699 2672 1822 2740; x_wconf 88' lang='lat' dir='ltr'><strong>quia</strong></span> <span class='ocrx_word' id='word_1_209' title='bbox 1850 2686 2010 2726; x_wconf 87' lang='lat' dir='ltr'><strong>carne</strong></span> 
     </span>
    </p>
   </div>
   <div class='ocr_carea' id='block_1_31' title="bbox 430 2761 2009 2831">
    <p class='ocr_par' dir='ltr' id='par_1_31' title="bbox 430 2761 2009 2831">
     <span class='ocr_line' id='line_1_31' title="bbox 430 2761 2009 2831; baseline -0.001 -15"><span class='ocrx_word' id='word_1_210' title='bbox 430 2762 649 2817; x_wconf 87' lang='lat' dir='ltr'><strong>indutus</strong></span> <span class='ocrx_word' id='word_1_211' title='bbox 685 2762 824 2816; x_wconf 89' lang='lat' dir='ltr'><strong>inter</strong></span> <span class='ocrx_word' id='word_1_212' title='bbox 848 2762 1094 2817; x_wconf 86' lang='lat' dir='ltr'><strong>homines</strong></span> <span class='ocrx_word' id='word_1_213' title='bbox 1126 2762 1271 2817; x_wconf 89' lang='lat' dir='ltr'><strong>visus</strong></span> <span class='ocrx_word' id='word_1_214' title='bbox 1307 2770 1390 2816; x_wconf 89' lang='lat' dir='ltr'><strong>est</strong></span> <span class='ocrx_word' id='word_1_215' title='bbox 1417 2762 1701 2826; x_wconf 90' lang='lat' dir='ltr'><strong>Dominus;</strong></span> <span class='ocrx_word' id='word_1_216' title='bbox 1763 2762 1915 2831; x_wconf 88' lang='lat' dir='ltr'><strong>cujus</strong></span> <span class='ocrx_word' id='word_1_217' title='bbox 1942 2761 2009 2815; x_wconf 92' lang='lat' dir='ltr'><strong>de</strong></span> 
     </span>
    </p>
   </div>
   <div class='ocr_carea' id='block_1_32' title="bbox 429 2850 2008 2922">
    <p class='ocr_par' dir='ltr' id='par_1_32' title="bbox 429 2850 2008 2922">
     <span class='ocr_line' id='line_1_32' title="bbox 429 2850 2008 2922; baseline 0 -18"><span class='ocrx_word' id='word_1_218' title='bbox 429 2851 580 2904; x_wconf 76' lang='lat' dir='ltr'><strong>ccelis</strong></span> <span class='ocrx_word' id='word_1_219' title='bbox 604 2852 900 2916; x_wconf 83' lang='lat' dir='ltr'><strong>descensio,</strong></span> <span class='ocrx_word' id='word_1_220' title='bbox 951 2850 1066 2921; x_wconf 83' lang='lat' dir='ltr'><strong>ipsa</strong></span> <span class='ocrx_word' id='word_1_221' title='bbox 1093 2853 1276 2906; x_wconf 90' lang='lat' dir='ltr'><strong>carnis</strong></span> <span class='ocrx_word' id='word_1_222' title='bbox 1324 2853 1639 2922; x_wconf 88' lang='lat' dir='ltr'><strong>assumptio.</strong></span> <span class='ocrx_word' id='word_1_223' title='bbox 1673 2851 1740 2905; x_wconf 82' lang='lat' dir='ltr'><strong>Et</strong></span> <span class='ocrx_word' id='word_1_224' title='bbox 1774 2853 1866 2905; x_wconf 85' lang='lat' dir='ltr'><strong>iris</strong></span> <span class='ocrx_word' id='word_1_225' title='bbox 1891 2861 2008 2905; x_wconf 86' lang='lat' dir='ltr'><strong>erat</strong></span> 
     </span>
    </p>
   </div>
   <div class='ocr_carea' id='block_1_33' title="bbox 429 2942 2006 3014">
    <p class='ocr_par' dir='ltr' id='par_1_33' title="bbox 429 2942 2006 3014">
     <span class='ocr_line' id='line_1_33' title="bbox 429 2942 2006 3014; baseline 0.001 -19"><span class='ocrx_word' id='word_1_226' title='bbox 429 2945 484 2995; x_wconf 89' lang='lat' dir='ltr'><strong>in</strong></span> <span class='ocrx_word' id='word_1_227' title='bbox 513 2943 678 3013; x_wconf 86' lang='lat' dir='ltr'><strong>capite</strong></span> <span class='ocrx_word' id='word_1_228' title='bbox 707 2944 839 3013; x_wconf 88' lang='lat' dir='ltr'><strong>ejus.</strong></span> <span class='ocrx_word' id='word_1_229' title='bbox 869 2943 1040 3012; x_wconf 88' lang='lat' dir='ltr'><strong>Caput</strong></span> <span class='ocrx_word' id='word_1_230' title='bbox 1069 2942 1295 3008; x_wconf 87' lang='lat' dir='ltr'><strong>Christi,</strong></span> <span class='ocrx_word' id='word_1_231' title='bbox 1317 2952 1378 2998; x_wconf 92' lang='lat' dir='ltr'><strong>ut</strong></span> <span class='ocrx_word' id='word_1_232' title='bbox 1408 2943 1539 2998; x_wconf 88' lang='lat' dir='ltr'><strong>dicit</strong></span> <span class='ocrx_word' id='word_1_233' title='bbox 1559 2942 1867 3014; x_wconf 82' lang='lat' dir='ltr'><strong>Apostolus,</strong></span> <span class='ocrx_word' id='word_1_234' title='bbox 1894 2943 2006 3012; x_wconf 89' lang='lat' dir='ltr'><strong>ipsa</strong></span> 
     </span>
    </p>
   </div>
   <div class='ocr_carea' id='block_1_34' title="bbox 430 3033 2007 3105">
    <p class='ocr_par' dir='ltr' id='par_1_34' title="bbox 430 3033 2007 3105">
     <span class='ocr_line' id='line_1_34' title="bbox 430 3033 2007 3105; baseline 0.002 -20"><span class='ocrx_word' id='word_1_235' title='bbox 430 3039 515 3105; x_wconf 82' lang='lat' dir='ltr'><strong>est</strong></span> <span class='ocrx_word' id='word_1_236' title='bbox 543 3033 814 3088; x_wconf 86' lang='lat' dir='ltr'><strong>divinitas.</strong></span> <span class='ocrx_word' id='word_1_237' title='bbox 873 3033 972 3087; x_wconf 86' lang='lat' dir='ltr'><strong>Iris</strong></span> <span class='ocrx_word' id='word_1_238' title='bbox 1007 3042 1186 3088; x_wconf 88' lang='lat' dir='ltr'><strong>autem</strong></span> <span class='ocrx_word' id='word_1_239' title='bbox 1233 3049 1393 3089; x_wconf 89' lang='lat' dir='ltr'><strong>arcus</strong></span> <span class='ocrx_word' id='word_1_240' title='bbox 1424 3047 1668 3099; x_wconf 89' lang='lat' dir='ltr'><strong>vocatur,</strong></span> <span class='ocrx_word' id='word_1_241' title='bbox 1708 3050 1801 3105; x_wconf 80' lang='lat' dir='ltr'><strong>per</strong></span> <span class='ocrx_word' id='word_1_242' title='bbox 1845 3049 2007 3103; x_wconf 89' lang='lat' dir='ltr'><strong>quam</strong></span> 
     </span>
    </p>
   </div>
   <div class='ocr_carea' id='block_1_35' title="bbox 433 3123 2003 3194">
    <p class='ocr_par' dir='ltr' id='par_1_35' title="bbox 433 3123 2003 3194">
     <span class='ocr_line' id='line_1_35' title="bbox 433 3123 2003 3194; baseline 0.001 -18"><span class='ocrx_word' id='word_1_243' title='bbox 433 3123 614 3178; x_wconf 87' lang='lat' dir='ltr'><strong>mundi</strong></span> <span class='ocrx_word' id='word_1_244' title='bbox 644 3123 1026 3189; x_wconf 85' lang='lat' dir='ltr'><strong>reconciliatio,</strong></span> <span class='ocrx_word' id='word_1_245' title='bbox 1054 3139 1175 3193; x_wconf 66' lang='lat' dir='ltr'><strong>quae</strong></span> <span class='ocrx_word' id='word_1_246' title='bbox 1189 3139 1286 3194; x_wconf 88' lang='lat' dir='ltr'><strong>per</strong></span> <span class='ocrx_word' id='word_1_247' title='bbox 1308 3126 1569 3180; x_wconf 86' lang='lat' dir='ltr'><strong>incarnati</strong></span> <span class='ocrx_word' id='word_1_248' title='bbox 1601 3125 1762 3180; x_wconf 82' lang='lat' dir='ltr'><strong>Verbi</strong></span> <span class='ocrx_word' id='word_1_249' title='bbox 1787 3125 2003 3193; x_wconf 85' lang='lat' dir='ltr'><strong>dispen-</strong></span> 
     </span>
    </p>
   </div>
   <div class='ocr_carea' id='block_1_36' title="bbox 377 3213 2002 3288">
    <p class='ocr_par' dir='ltr' id='par_1_36' title="bbox 377 3213 2002 3288">
     <span class='ocr_line' id='line_1_36' title="bbox 377 3213 2002 3288; baseline 0 -20"><span class='ocrx_word' id='word_1_250' title='bbox 377 3278 384 3281; x_wconf 97' lang='lat'>_</span> <span class='ocrx_word' id='word_1_251' title='bbox 433 3215 692 3268; x_wconf 82' lang='lat' dir='ltr'><strong>sationem</strong></span> <span class='ocrx_word' id='word_1_252' title='bbox 719 3213 858 3272; x_wconf 66' lang='lat' dir='ltr'><strong>facta</strong></span> <span class='ocrx_word' id='word_1_253' title='bbox 871 3225 974 3282; x_wconf 89' lang='lat' dir='ltr'><strong>est,</strong></span> <span class='ocrx_word' id='word_1_254' title='bbox 1004 3216 1298 3288; x_wconf 77' lang='lat' dir='ltr'><strong>ﬁguratur;</strong></span> <span class='ocrx_word' id='word_1_255' title='bbox 1329 3218 1481 3288; x_wconf 86' lang='lat' dir='ltr'><strong>cujus</strong></span> <span class='ocrx_word' id='word_1_256' title='bbox 1497 3217 1812 3288; x_wconf 87' lang='lat' dir='ltr'><strong>mysterium</strong></span> <span class='ocrx_word' id='word_1_257' title='bbox 1843 3231 2002 3284; x_wconf 86' lang='lat' dir='ltr'><strong>supra</strong></span> 
     </span>
    </p>
   </div>
   <div class='ocr_carea' id='block_1_37' title="bbox 2105 1305 3690 1380">
    <p class='ocr_par' dir='ltr' id='par_1_37' title="bbox 2105 1305 3690 1380">
     <span class='ocr_line' id='line_1_37' title="bbox 2105 1305 3690 1380; baseline 0.006 -22"><span class='ocrx_word' id='word_1_258' title='bbox 2105 1305 2370 1373; x_wconf 89' lang='lat' dir='ltr'><strong>sapientia</strong></span> <span class='ocrx_word' id='word_1_259' title='bbox 2397 1311 2565 1358; x_wconf 88' lang='lat' dir='ltr'><strong>totum</strong></span> <span class='ocrx_word' id='word_1_260' title='bbox 2596 1305 2853 1359; x_wconf 90' lang='lat' dir='ltr'><strong>mundum</strong></span> <span class='ocrx_word' id='word_1_261' title='bbox 2883 1314 2942 1360; x_wconf 88' lang='lat' dir='ltr'><strong>ut</strong></span> <span class='ocrx_word' id='word_1_262' title='bbox 2984 1307 3057 1360; x_wconf 91' lang='lat' dir='ltr'><strong>ita</strong></span> <span class='ocrx_word' id='word_1_263' title='bbox 3087 1307 3317 1362; x_wconf 76' lang='lat' dir='ltr'><strong>dixerim</strong></span> <span class='ocrx_word' id='word_1_264' title='bbox 3346 1312 3690 1380; x_wconf 82' lang='lat' dir='ltr'><strong>perambula-</strong></span> 
     </span>
    </p>
   </div>
   <div class='ocr_carea' id='block_1_38' title="bbox 2104 1394 3686 1472">
    <p class='ocr_par' dir='ltr' id='par_1_38' title="bbox 2104 1394 3686 1472">
     <span class='ocr_line' id='line_1_38' title="bbox 2104 1394 3686 1472; baseline 0.008 -25"><span class='ocrx_word' id='word_1_265' title='bbox 2104 1396 2208 1460; x_wconf 88' lang='lat' dir='ltr'><strong>vit;</strong></span> <span class='ocrx_word' id='word_1_266' title='bbox 2235 1395 2327 1463; x_wconf 89' lang='lat' dir='ltr'><strong>qui</strong></span> <span class='ocrx_word' id='word_1_267' title='bbox 2353 1396 2490 1450; x_wconf 87' lang='lat' dir='ltr'><strong>bene</strong></span> <span class='ocrx_word' id='word_1_268' title='bbox 2517 1394 2845 1450; x_wconf 74' lang='lat' dir='ltr'><strong>columnaaet</strong></span> <span class='ocrx_word' id='word_1_269' title='bbox 2869 1397 2977 1467; x_wconf 88' lang='lat' dir='ltr'><strong>igni</strong></span> <span class='ocrx_word' id='word_1_270' title='bbox 3001 1410 3404 1468; x_wconf 89' lang='lat' dir='ltr'><strong>comparantur,</strong></span> <span class='ocrx_word' id='word_1_271' title='bbox 3429 1407 3686 1472; x_wconf 86' lang='lat' dir='ltr'><strong>quoniam</strong></span> 
     </span>
    </p>
   </div>
   <div class='ocr_carea' id='block_1_39' title="bbox 2104 1485 3689 1575">
    <p class='ocr_par' dir='ltr' id='par_1_39' title="bbox 2104 1485 3689 1575">
     <span class='ocr_line' id='line_1_39' title="bbox 2104 1485 3689 1575; baseline 0.006 -34"><span class='ocrx_word' id='word_1_272' title='bbox 2104 1494 2158 1541; x_wconf 91' lang='lat' dir='ltr'><strong>et</strong></span> <span class='ocrx_word' id='word_1_273' title='bbox 2175 1487 2574 1555; x_wconf 89' lang='lat' dir='ltr'><strong>superpositum</strong></span> <span class='ocrx_word' id='word_1_274' title='bbox 2592 1485 2877 1540; x_wconf 72' lang='lat' dir='ltr'><strong>aedilicium</strong></span> <span class='ocrx_word' id='word_1_275' title='bbox 2894 1487 3137 1544; x_wconf 74' lang='lat' dir='ltr'><strong>ecclesia:</strong></span> <span class='ocrx_word' id='word_1_276' title='bbox 3155 1499 3391 1559; x_wconf 89' lang='lat' dir='ltr'><strong>portant,</strong></span> <span class='ocrx_word' id='word_1_277' title='bbox 3406 1502 3459 1547; x_wconf 91' lang='lat' dir='ltr'><strong>et</strong></span> <span class='ocrx_word' id='word_1_278' title='bbox 3481 1494 3689 1575; x_wconf 73' lang='lat' dir='ltr'><strong>Spiritu</strong></span> 
     </span>
    </p>
   </div>
   <div class='ocr_carea' id='block_1_40' title="bbox 2103 1576 3691 1654">
    <p class='ocr_par' dir='ltr' id='par_1_40' title="bbox 2103 1576 3691 1654">
     <span class='ocr_line' id='line_1_40' title="bbox 2103 1576 3691 1654; baseline 0.008 -26"><span class='ocrx_word' id='word_1_279' title='bbox 2103 1584 2291 1629; x_wconf 87' lang='lat' dir='ltr'><strong>sancto</strong></span> <span class='ocrx_word' id='word_1_280' title='bbox 2305 1576 2516 1630; x_wconf 89' lang='lat' dir='ltr'><strong>accensi</strong></span> <span class='ocrx_word' id='word_1_281' title='bbox 2534 1577 2838 1631; x_wconf 89' lang='lat' dir='ltr'><strong>auditorum</strong></span> <span class='ocrx_word' id='word_1_282' title='bbox 2851 1577 3014 1632; x_wconf 91' lang='lat' dir='ltr'><strong>corda</strong></span> <span class='ocrx_word' id='word_1_283' title='bbox 3036 1579 3102 1632; x_wconf 89' lang='lat' dir='ltr'><strong>ad</strong></span> <span class='ocrx_word' id='word_1_284' title='bbox 3124 1595 3361 1635; x_wconf 89' lang='lat' dir='ltr'><strong>amorem</strong></span> <span class='ocrx_word' id='word_1_285' title='bbox 3379 1583 3471 1637; x_wconf 89' lang='lat' dir='ltr'><strong>Dei</strong></span> <span class='ocrx_word' id='word_1_286' title='bbox 3495 1586 3691 1654; x_wconf 62' lang='lat' dir='ltr'><strong>praedi-</strong></span> 
     </span>
    </p>
   </div>
   <div class='ocr_carea' id='block_1_41' title="bbox 2105 1664 3698 1739">
    <p class='ocr_par' dir='ltr' id='par_1_41' title="bbox 2105 1664 3698 1739">
     <span class='ocr_line' id='line_1_41' title="bbox 2105 1664 3698 1739; baseline 0.008 -21"><span class='ocrx_word' id='word_1_287' title='bbox 2105 1664 2275 1720; x_wconf 88' lang='lat' dir='ltr'><strong>cando</strong></span> <span class='ocrx_word' id='word_1_288' title='bbox 2291 1664 2642 1720; x_wconf 82' lang='lat' dir='ltr'><strong>inﬂammant.</strong></span> <span class='ocrx_word' id='word_1_289' title='bbox 2669 1665 2852 1738; x_wconf 73' lang='lat' dir='ltr'><strong>(Vens.</strong></span> <span class='ocrx_word' id='word_1_290' title='bbox 2868 1667 2946 1739; x_wconf 75' lang='grc'><strong>2.)</strong></span> <span class='ocrx_word' id='word_1_291' title='bbox 2960 1668 3028 1721; x_wconf 84' lang='lat' dir='ltr'><strong>Et</strong></span> <span class='ocrx_word' id='word_1_292' title='bbox 3050 1668 3268 1722; x_wconf 81' lang='lat' dir='ltr'><strong>habebat</strong></span> <span class='ocrx_word' id='word_1_293' title='bbox 3295 1672 3348 1725; x_wconf 88' lang='lat' dir='ltr'><strong>in</strong></span> <span class='ocrx_word' id='word_1_294' title='bbox 3366 1689 3527 1727; x_wconf 84' lang='lat' dir='ltr'><strong>manu</strong></span> <span class='ocrx_word' id='word_1_295' title='bbox 3544 1675 3698 1730; x_wconf 82' lang='lat' dir='ltr'><strong>libel-</strong></span> 
     </span>
    </p>
   </div>
   <div class='ocr_carea' id='block_1_42' title="bbox 2107 1756 3686 1833">
    <p class='ocr_par' dir='ltr' id='par_1_42' title="bbox 2107 1756 3686 1833">
     <span class='ocr_line' id='line_1_42' title="bbox 2107 1756 3686 1833; baseline 0.011 -25"><span class='ocrx_word' id='word_1_296' title='bbox 2107 1756 2214 1809; x_wconf 87' lang='lat' dir='ltr'><strong>lum</strong></span> <span class='ocrx_word' id='word_1_297' title='bbox 2230 1767 2484 1825; x_wconf 88' lang='lat' dir='ltr'><strong>apertum.</strong></span> <span class='ocrx_word' id='word_1_298' title='bbox 2503 1758 2689 1814; x_wconf 79' lang='lat' dir='ltr'><strong>Manus</strong></span> <span class='ocrx_word' id='word_1_299' title='bbox 2709 1760 2882 1831; x_wconf 88' lang='lat' dir='ltr'><strong>angeli</strong></span> <span class='ocrx_word' id='word_1_300' title='bbox 2903 1761 3142 1829; x_wconf 89' lang='lat' dir='ltr'><strong>operatio</strong></span> <span class='ocrx_word' id='word_1_301' title='bbox 3159 1772 3243 1817; x_wconf 88' lang='lat' dir='ltr'><strong>est</strong></span> <span class='ocrx_word' id='word_1_302' title='bbox 3264 1775 3459 1820; x_wconf 69' lang='lat' dir='ltr'><strong>nostra!</strong></span> <span class='ocrx_word' id='word_1_303' title='bbox 3475 1769 3686 1833; x_wconf 84' lang='lat' dir='ltr'><strong>salutis,</strong></span> 
     </span>
    </p>
   </div>
   <div class='ocr_carea' id='block_1_43' title="bbox 2110 1849 3690 1923">
    <p class='ocr_par' dir='ltr' id='par_1_43' title="bbox 2110 1849 3690 1923">
     <span class='ocr_line' id='line_1_43' title="bbox 2110 1849 3690 1923; baseline 0.009 -21"><span class='ocrx_word' id='word_1_304' title='bbox 2110 1849 2165 1902; x_wconf 90' lang='lat' dir='ltr'><strong>id</strong></span> <span class='ocrx_word' id='word_1_305' title='bbox 2191 1859 2276 1902; x_wconf 91' lang='lat' dir='ltr'><strong>est</strong></span> <span class='ocrx_word' id='word_1_306' title='bbox 2302 1849 2599 1905; x_wconf 87' lang='lat' dir='ltr'><strong>incarnatio</strong></span> <span class='ocrx_word' id='word_1_307' title='bbox 2627 1851 2848 1906; x_wconf 87' lang='lat' dir='ltr'><strong>Christi.</strong></span> <span class='ocrx_word' id='word_1_308' title='bbox 2882 1851 3116 1907; x_wconf 88' lang='lat' dir='ltr'><strong>Libellus</strong></span> <span class='ocrx_word' id='word_1_309' title='bbox 3143 1863 3360 1923; x_wconf 86' lang='lat' dir='ltr'><strong>apertus</strong></span> <span class='ocrx_word' id='word_1_310' title='bbox 3416 1858 3690 1916; x_wconf 78' lang='lat' dir='ltr'><strong>declarata</strong></span> 
     </span>
    </p>
   </div>
   <div class='ocr_carea' id='block_1_44' title="bbox 2037 1916 3692 2020">
    <p class='ocr_par' dir='ltr' id='par_1_44' title="bbox 2037 1916 3692 2020">
     <span class='ocr_line' id='line_1_44' title="bbox 2037 1916 3692 2020; baseline 0.008 -28"><span class='ocrx_word' id='word_1_311' title='bbox 2037 1916 2083 1978; x_wconf 73' lang='grc' dir='ltr'><strong>Β</strong></span> <span class='ocrx_word' id='word_1_312' title='bbox 2109 1941 2282 2007; x_wconf 85' lang='lat' dir='ltr'><strong>gratia</strong></span> <span class='ocrx_word' id='word_1_313' title='bbox 2319 1948 2402 1994; x_wconf 90' lang='lat' dir='ltr'><strong>est</strong></span> <span class='ocrx_word' id='word_1_314' title='bbox 2428 1939 2558 1995; x_wconf 84' lang='lat' dir='ltr'><strong>Novi</strong></span> <span class='ocrx_word' id='word_1_315' title='bbox 2585 1941 2932 1997; x_wconf 89' lang='lat' dir='ltr'><strong>Testamenti.</strong></span> <span class='ocrx_word' id='word_1_316' title='bbox 2967 1943 3032 1997; x_wconf 89' lang='lat' dir='ltr'><strong>Et</strong></span> <span class='ocrx_word' id='word_1_317' title='bbox 3064 1916 3198 2020; x_wconf 71' lang='lat' dir='ltr'><strong>nota</strong></span> <span class='ocrx_word' id='word_1_318' title='bbox 3215 1945 3340 2014; x_wconf 89' lang='lat' dir='ltr'><strong>quia</strong></span> <span class='ocrx_word' id='word_1_319' title='bbox 3378 1947 3482 2001; x_wconf 89' lang='lat' dir='ltr'><strong>nisi</strong></span> <span class='ocrx_word' id='word_1_320' title='bbox 3539 1950 3692 2018; x_wconf 86' lang='lat' dir='ltr'><strong>prius</strong></span> 
     </span>
    </p>
   </div>
   <div class='ocr_carea' id='block_1_45' title="bbox 2112 2031 3689 2107">
    <p class='ocr_par' dir='ltr' id='par_1_45' title="bbox 2112 2031 3689 2107">
     <span class='ocr_line' id='line_1_45' title="bbox 2112 2031 3689 2107; baseline 0.006 -21"><span class='ocrx_word' id='word_1_321' title='bbox 2112 2031 2276 2088; x_wconf 79' lang='lat' dir='ltr'><strong>facies</strong></span> <span class='ocrx_word' id='word_1_322' title='bbox 2303 2033 2476 2104; x_wconf 86' lang='lat' dir='ltr'><strong>angeli</strong></span> <span class='ocrx_word' id='word_1_323' title='bbox 2505 2033 2822 2100; x_wconf 77' lang='lat' dir='ltr'><strong>remisisset,</strong></span> <span class='ocrx_word' id='word_1_324' title='bbox 2863 2035 3100 2090; x_wconf 89' lang='lat' dir='ltr'><strong>libellum</strong></span> <span class='ocrx_word' id='word_1_325' title='bbox 3148 2045 3392 2107; x_wconf 91' lang='lat' dir='ltr'><strong>apertum</strong></span> <span class='ocrx_word' id='word_1_326' title='bbox 3442 2039 3495 2092; x_wconf 92' lang='lat' dir='ltr'><strong>in</strong></span> <span class='ocrx_word' id='word_1_327' title='bbox 3524 2056 3689 2096; x_wconf 90' lang='lat' dir='ltr'><strong>manu</strong></span> 
     </span>
    </p>
   </div>
   <div class='ocr_carea' id='block_1_46' title="bbox 2109 2123 3692 2195">
    <p class='ocr_par' dir='ltr' id='par_1_46' title="bbox 2109 2123 3692 2195">
     <span class='ocr_line' id='line_1_46' title="bbox 2109 2123 3692 2195; baseline 0.006 -19"><span class='ocrx_word' id='word_1_328' title='bbox 2109 2137 2216 2176; x_wconf 89' lang='lat' dir='ltr'><strong>non</strong></span> <span class='ocrx_word' id='word_1_329' title='bbox 2259 2130 2489 2188; x_wconf 87' lang='lat' dir='ltr'><strong>teneret,</strong></span> <span class='ocrx_word' id='word_1_330' title='bbox 2532 2125 2656 2193; x_wconf 90' lang='lat' dir='ltr'><strong>quia</strong></span> <span class='ocrx_word' id='word_1_331' title='bbox 2687 2123 2741 2178; x_wconf 89' lang='lat' dir='ltr'><strong>in</strong></span> <span class='ocrx_word' id='word_1_332' title='bbox 2772 2125 2893 2195; x_wconf 89' lang='lat' dir='ltr'><strong>ejus</strong></span> <span class='ocrx_word' id='word_1_333' title='bbox 2916 2125 3316 2195; x_wconf 86' lang='lat' dir='ltr'><strong>dispensatione</strong></span> <span class='ocrx_word' id='word_1_334' title='bbox 3342 2132 3517 2184; x_wconf 90' lang='lat' dir='ltr'><strong>omnis</strong></span> <span class='ocrx_word' id='word_1_335' title='bbox 3541 2131 3692 2186; x_wconf 85' lang='lat' dir='ltr'><strong>Scri-</strong></span> 
     </span>
    </p>
   </div>
   <div class='ocr_carea' id='block_1_47' title="bbox 2106 2216 3687 2292">
    <p class='ocr_par' dir='ltr' id='par_1_47' title="bbox 2106 2216 3687 2292">
     <span class='ocr_line' id='line_1_47' title="bbox 2106 2216 3687 2292; baseline 0.007 -26"><span class='ocrx_word' id='word_1_336' title='bbox 2106 2221 2384 2282; x_wconf 90' lang='lat' dir='ltr'><strong>pturarum</strong></span> <span class='ocrx_word' id='word_1_337' title='bbox 2405 2229 2613 2269; x_wconf 87' lang='lat' dir='ltr'><strong>summa</strong></span> <span class='ocrx_word' id='word_1_338' title='bbox 2639 2216 2873 2271; x_wconf 85' lang='lat' dir='ltr'><strong>revelata</strong></span> <span class='ocrx_word' id='word_1_339' title='bbox 2899 2226 2996 2272; x_wconf 88' lang='lat' dir='ltr'><strong>est.</strong></span> <span class='ocrx_word' id='word_1_340' title='bbox 3037 2217 3105 2271; x_wconf 88' lang='lat' dir='ltr'><strong>Et</strong></span> <span class='ocrx_word' id='word_1_341' title='bbox 3126 2220 3300 2289; x_wconf 78' lang='lat' dir='ltr'><strong>posuit</strong></span> <span class='ocrx_word' id='word_1_342' title='bbox 3330 2223 3503 2292; x_wconf 80' lang='lat' dir='ltr'><strong>pedem</strong></span> <span class='ocrx_word' id='word_1_343' title='bbox 3524 2242 3687 2278; x_wconf 76' lang='lat' dir='ltr'><strong>suum</strong></span> 
     </span>
    </p>
   </div>
   <div class='ocr_carea' id='block_1_48' title="bbox 2107 2302 3684 2381">
    <p class='ocr_par' dir='ltr' id='par_1_48' title="bbox 2107 2302 3684 2381">
     <span class='ocr_line' id='line_1_48' title="bbox 2107 2302 3684 2381; baseline 0.007 -26"><span class='ocrx_word' id='word_1_344' title='bbox 2107 2302 2378 2356; x_wconf 70' lang='lat' dir='ltr'><strong>dexterum</strong></span> <span class='ocrx_word' id='word_1_345' title='bbox 2425 2320 2581 2374; x_wconf 85' lang='lat' dir='ltr'><strong>super</strong></span> <span class='ocrx_word' id='word_1_346' title='bbox 2631 2320 2798 2370; x_wconf 89' lang='lat' dir='ltr'><strong>mare,</strong></span> <span class='ocrx_word' id='word_1_347' title='bbox 2835 2307 3098 2360; x_wconf 85' lang='lat' dir='ltr'><strong>sinistrum</strong></span> <span class='ocrx_word' id='word_1_348' title='bbox 3128 2325 3246 2363; x_wconf 75' lang='lat' dir='ltr'><strong>vero</strong></span> <span class='ocrx_word' id='word_1_349' title='bbox 3289 2327 3436 2381; x_wconf 83' lang='lat' dir='ltr'><strong>super</strong></span> <span class='ocrx_word' id='word_1_350' title='bbox 3461 2322 3684 2368; x_wconf 81' lang='lat' dir='ltr'><strong>terram.</strong></span> 
     </span>
    </p>
   </div>
   <div class='ocr_carea' id='block_1_49' title="bbox 2108 2391 3688 2473">
    <p class='ocr_par' dir='ltr' id='par_1_49' title="bbox 2108 2391 3688 2473">
     <span class='ocr_line' id='line_1_49' title="bbox 2108 2391 3688 2473; baseline 0.007 -27"><span class='ocrx_word' id='word_1_351' title='bbox 2108 2391 2220 2448; x_wconf 86' lang='lat' dir='ltr'><strong>llac</strong></span> <span class='ocrx_word' id='word_1_352' title='bbox 2263 2393 2526 2448; x_wconf 87' lang='lat' dir='ltr'><strong>sententia</strong></span> <span class='ocrx_word' id='word_1_353' title='bbox 2548 2393 2822 2450; x_wconf 67' lang='lat' dir='ltr'><strong>distinctio</strong></span> <span class='ocrx_word' id='word_1_354' title='bbox 2847 2397 3254 2465; x_wconf 73' lang='lat' dir='ltr'><strong>pmdicatornm</strong></span> <span class='ocrx_word' id='word_1_355' title='bbox 3284 2415 3347 2453; x_wconf 91' lang='lat' dir='ltr'><strong>ac</strong></span> <span class='ocrx_word' id='word_1_356' title='bbox 3383 2409 3688 2473; x_wconf 82' lang='lat' dir='ltr'><strong>temporum</strong></span> 
     </span>
    </p>
   </div>
   <div class='ocr_carea' id='block_1_50' title="bbox 2107 2485 3690 2560">
    <p class='ocr_par' dir='ltr' id='par_1_50' title="bbox 2107 2485 3690 2560">
     <span class='ocr_line' id='line_1_50' title="bbox 2107 2485 3690 2560; baseline 0.005 -22"><span class='ocrx_word' id='word_1_357' title='bbox 2107 2485 2443 2540; x_wconf 86' lang='lat' dir='ltr'><strong>ostenditur:</strong></span> <span class='ocrx_word' id='word_1_358' title='bbox 2483 2485 2637 2554; x_wconf 89' lang='lat' dir='ltr'><strong>quasi</strong></span> <span class='ocrx_word' id='word_1_359' title='bbox 2686 2500 2782 2555; x_wconf 90' lang='lat' dir='ltr'><strong>pes</strong></span> <span class='ocrx_word' id='word_1_360' title='bbox 2832 2486 3021 2541; x_wconf 82' lang='lat' dir='ltr'><strong>dexter</strong></span> <span class='ocrx_word' id='word_1_361' title='bbox 3066 2487 3316 2543; x_wconf 82' lang='lat' dir='ltr'><strong>fortiores</strong></span> <span class='ocrx_word' id='word_1_362' title='bbox 3357 2500 3505 2555; x_wconf 90' lang='lat' dir='ltr'><strong>sunt,</strong></span> <span class='ocrx_word' id='word_1_363' title='bbox 3549 2508 3690 2560; x_wconf 81' lang='lat' dir='ltr'><strong>quos</strong></span> 
     </span>
    </p>
   </div>
   <div class='ocr_carea' id='block_1_51' title="bbox 2109 2575 3683 2648">
    <p class='ocr_par' dir='ltr' id='par_1_51' title="bbox 2109 2575 3683 2648">
     <span class='ocr_line' id='line_1_51' title="bbox 2109 2575 3683 2648; baseline 0.005 -21"><span class='ocrx_word' id='word_1_364' title='bbox 2109 2587 2208 2627; x_wconf 88' lang='lat' dir='ltr'><strong>nec</strong></span> <span class='ocrx_word' id='word_1_365' title='bbox 2231 2587 2487 2643; x_wconf 87' lang='lat' dir='ltr'><strong>prospera</strong></span> <span class='ocrx_word' id='word_1_366' title='bbox 2513 2575 2712 2638; x_wconf 89' lang='lat' dir='ltr'><strong>levant,</strong></span> <span class='ocrx_word' id='word_1_367' title='bbox 2737 2589 2834 2630; x_wconf 88' lang='lat' dir='ltr'><strong>nec</strong></span> <span class='ocrx_word' id='word_1_368' title='bbox 2857 2576 3082 2632; x_wconf 88' lang='lat' dir='ltr'><strong>adversa</strong></span> <span class='ocrx_word' id='word_1_369' title='bbox 3105 2577 3381 2648; x_wconf 89' lang='lat' dir='ltr'><strong>dejicinnt,</strong></span> <span class='ocrx_word' id='word_1_370' title='bbox 3411 2579 3683 2635; x_wconf 87' lang='lat' dir='ltr'><strong>dicentes:</strong></span> 
     </span>
    </p>
   </div>
   <div class='ocr_carea' id='block_1_52' title="bbox 2109 2661 3685 2737">
    <p class='ocr_par' dir='ltr' id='par_1_52' title="bbox 2109 2661 3685 2737">
     <span class='ocr_line' id='line_1_52' title="bbox 2109 2661 3685 2737; baseline 0.006 -21"><span class='ocrx_word' id='word_1_371' title='bbox 2109 2661 2258 2716; x_wconf 85' lang='lat' dir='ltr'><strong>Sicut</strong></span> <span class='ocrx_word' id='word_1_372' title='bbox 2279 2662 2499 2716; x_wconf 74' lang='lat' dir='ltr'><strong>tenebra:</strong></span> <span class='ocrx_word' id='word_1_373' title='bbox 2523 2665 2656 2732; x_wconf 85' lang='lat' dir='ltr'><strong>ejus,</strong></span> <span class='ocrx_word' id='word_1_374' title='bbox 2691 2666 2764 2716; x_wconf 90' lang='lat' dir='ltr'><strong>ita</strong></span> <span class='ocrx_word' id='word_1_375' title='bbox 2790 2673 2838 2718; x_wconf 89' lang='lat' dir='ltr'><strong>et</strong></span> <span class='ocrx_word' id='word_1_376' title='bbox 2869 2664 3044 2719; x_wconf 89' lang='lat' dir='ltr'><strong>lumen</strong></span> <span class='ocrx_word' id='word_1_377' title='bbox 3071 2666 3185 2736; x_wconf 85' lang='lat' dir='ltr'><strong>ejus</strong></span> <span class='ocrx_word' id='word_1_378' title='bbox 3216 2665 3388 2737; x_wconf 82' lang='lat' dir='ltr'><strong>(Psal.</strong></span> <span class='ocrx_word' id='word_1_379' title='bbox 3414 2683 3685 2733; x_wconf 74' lang='lat' dir='ltr'><strong>cxxxvm,</strong></span> 
     </span>
    </p>
   </div>
   <div class='ocr_carea' id='block_1_53' title="bbox 2109 2753 3686 2836">
    <p class='ocr_par' dir='ltr' id='par_1_53' title="bbox 2109 2753 3686 2836">
     <span class='ocr_line' id='line_1_53' title="bbox 2109 2753 3686 2836; baseline 0.005 -28"><span class='ocrx_word' id='word_1_380' title='bbox 2109 2754 2219 2825; x_wconf 72' lang='grc'><strong>12).</strong></span> <span class='ocrx_word' id='word_1_381' title='bbox 2283 2753 2348 2807; x_wconf 82' lang='lat' dir='ltr'><strong>Hi</strong></span> <span class='ocrx_word' id='word_1_382' title='bbox 2386 2768 2549 2823; x_wconf 89' lang='lat' dir='ltr'><strong>super</strong></span> <span class='ocrx_word' id='word_1_383' title='bbox 2574 2770 2725 2810; x_wconf 87' lang='lat' dir='ltr'><strong>mare</strong></span> <span class='ocrx_word' id='word_1_384' title='bbox 2746 2765 3038 2825; x_wconf 88' lang='lat' dir='ltr'><strong>ponuntur,</strong></span> <span class='ocrx_word' id='word_1_385' title='bbox 3067 2757 3120 2811; x_wconf 91' lang='lat' dir='ltr'><strong>id</strong></span> <span class='ocrx_word' id='word_1_386' title='bbox 3143 2765 3227 2812; x_wconf 90' lang='lat' dir='ltr'><strong>est</strong></span> <span class='ocrx_word' id='word_1_387' title='bbox 3244 2759 3310 2813; x_wconf 90' lang='lat' dir='ltr'><strong>ad</strong></span> <span class='ocrx_word' id='word_1_388' title='bbox 3335 2759 3686 2836; x_wconf 79' lang='lat' dir='ltr'><strong>perferendas</strong></span> 
     </span>
    </p>
   </div>
   <div class='ocr_carea' id='block_1_54' title="bbox 2106 2849 3689 2921">
    <p class='ocr_par' dir='ltr' id='par_1_54' title="bbox 2106 2849 3689 2921">
     <span class='ocr_line' id='line_1_54' title="bbox 2106 2849 3689 2921; baseline 0.003 -18"><span class='ocrx_word' id='word_1_389' title='bbox 2106 2849 2370 2904; x_wconf 91' lang='lat' dir='ltr'><strong>malorum</strong></span> <span class='ocrx_word' id='word_1_390' title='bbox 2399 2849 2818 2918; x_wconf 89' lang='lat' dir='ltr'><strong>persecutiones.</strong></span> <span class='ocrx_word' id='word_1_391' title='bbox 2871 2849 3100 2905; x_wconf 87' lang='lat' dir='ltr'><strong>Sinister</strong></span> <span class='ocrx_word' id='word_1_392' title='bbox 3119 2866 3249 2906; x_wconf 82' lang='lat' dir='ltr'><strong>vero</strong></span> <span class='ocrx_word' id='word_1_393' title='bbox 3290 2867 3405 2921; x_wconf 86' lang='lat' dir='ltr'><strong>pes,</strong></span> <span class='ocrx_word' id='word_1_394' title='bbox 3459 2853 3689 2908; x_wconf 88' lang='lat' dir='ltr'><strong>minoris</strong></span> 
     </span>
    </p>
   </div>
   <div class='ocr_carea' id='block_1_55' title="bbox 2105 2941 3686 3012">
    <p class='ocr_par' dir='ltr' id='par_1_55' title="bbox 2105 2941 3686 3012">
     <span class='ocr_line' id='line_1_55' title="bbox 2105 2941 3686 3012; baseline 0.002 -18"><span class='ocrx_word' id='word_1_395' title='bbox 2105 2941 2320 2994; x_wconf 88' lang='lat' dir='ltr'><strong>virtutis</strong></span> <span class='ocrx_word' id='word_1_396' title='bbox 2347 2949 2491 3004; x_wconf 85' lang='lat' dir='ltr'><strong>sunt,</strong></span> <span class='ocrx_word' id='word_1_397' title='bbox 2521 2942 2747 3010; x_wconf 91' lang='lat' dir='ltr'><strong>quidum</strong></span> <span class='ocrx_word' id='word_1_398' title='bbox 2760 2943 2908 3010; x_wconf 90' lang='lat' dir='ltr'><strong>pacis</strong></span> <span class='ocrx_word' id='word_1_399' title='bbox 2931 2951 3170 3012; x_wconf 90' lang='lat' dir='ltr'><strong>tempore</strong></span> <span class='ocrx_word' id='word_1_400' title='bbox 3198 2944 3503 3008; x_wconf 88' lang='lat' dir='ltr'><strong>mittuntur,</strong></span> <span class='ocrx_word' id='word_1_401' title='bbox 3528 2945 3686 3012; x_wconf 90' lang='lat' dir='ltr'><strong>quasi</strong></span> 
     </span>
    </p>
   </div>
   <div class='ocr_carea' id='block_1_56' title="bbox 2105 3032 3687 3102">
    <p class='ocr_par' dir='ltr' id='par_1_56' title="bbox 2105 3032 3687 3102">
     <span class='ocr_line' id='line_1_56' title="bbox 2105 3032 3687 3102; baseline 0.004 -17"><span class='ocrx_word' id='word_1_402' title='bbox 2105 3032 2165 3086; x_wconf 90' lang='lat' dir='ltr'><strong>in</strong></span> <span class='ocrx_word' id='word_1_403' title='bbox 2185 3041 2340 3086; x_wconf 57' lang='lat' dir='ltr'><strong>terra:</strong></span> <span class='ocrx_word' id='word_1_404' title='bbox 2365 3032 2632 3088; x_wconf 88' lang='lat' dir='ltr'><strong>soliditate</strong></span> <span class='ocrx_word' id='word_1_405' title='bbox 2657 3041 2948 3102; x_wconf 90' lang='lat' dir='ltr'><strong>ponuntur.</strong></span> <span class='ocrx_word' id='word_1_406' title='bbox 3000 3033 3152 3089; x_wconf 92' lang='lat' dir='ltr'><strong>Sicut</strong></span> <span class='ocrx_word' id='word_1_407' title='bbox 3172 3035 3316 3088; x_wconf 90' lang='lat' dir='ltr'><strong>enim</strong></span> <span class='ocrx_word' id='word_1_408' title='bbox 3358 3049 3451 3088; x_wconf 81' lang='lat' dir='ltr'><strong>rex</strong></span> <span class='ocrx_word' id='word_1_409' title='bbox 3498 3044 3687 3092; x_wconf 85' lang='lat' dir='ltr'><strong>contra</strong></span> 
     </span>
    </p>
   </div>
   <div class='ocr_carea' id='block_1_57' title="bbox 2106 3123 3056 3196">
    <p class='ocr_par' dir='ltr' id='par_1_57' title="bbox 2106 3123 3056 3196">
     <span class='ocr_line' id='line_1_57' title="bbox 2106 3123 3056 3196; baseline 0.003 -19"><span class='ocrx_word' id='word_1_410' title='bbox 2106 3123 2356 3180; x_wconf 81' lang='lat' dir='ltr'><strong>fortiores</strong></span> <span class='ocrx_word' id='word_1_411' title='bbox 2381 3125 2583 3196; x_wconf 85' lang='lat' dir='ltr'><strong>dirigit,</strong></span> <span class='ocrx_word' id='word_1_412' title='bbox 2613 3126 2684 3179; x_wconf 91' lang='lat' dir='ltr'><strong>ita</strong></span> <span class='ocrx_word' id='word_1_413' title='bbox 2712 3134 2766 3180; x_wconf 92' lang='lat' dir='ltr'><strong>et</strong></span> <span class='ocrx_word' id='word_1_414' title='bbox 2790 3125 3056 3181; x_wconf 86' lang='lat' dir='ltr'><strong>Christus.</strong></span> 
     </span>
    </p>
   </div>
   <div class='ocr_carea' id='block_1_58' title="bbox 2181 3216 3682 3289">
    <p class='ocr_par' dir='ltr' id='par_1_58' title="bbox 2181 3216 3682 3289">
     <span class='ocr_line' id='line_1_58' title="bbox 2181 3216 3682 3289; baseline 0.001 -17"><span class='ocrx_word' id='word_1_415' title='bbox 2181 3217 2342 3272; x_wconf 73' lang='lat' dir='ltr'><strong>Vens.</strong></span> <span class='ocrx_word' id='word_1_416' title='bbox 2370 3217 2422 3270; x_wconf 83' lang='grc'><strong>’5.</strong></span> <span class='ocrx_word' id='word_1_417' title='bbox 2465 3247 2534 3258; x_wconf 91' lang='lat'><strong>-</strong></span> <span class='ocrx_word' id='word_1_418' title='bbox 2571 3217 2638 3271; x_wconf 84' lang='lat' dir='ltr'><strong>Et</strong></span> <span class='ocrx_word' id='word_1_419' title='bbox 2666 3216 2905 3271; x_wconf 78' lang='lat' dir='ltr'><strong>clamavit</strong></span> <span class='ocrx_word' id='word_1_420' title='bbox 2929 3235 3048 3273; x_wconf 76' lang='lat' dir='ltr'><strong>voce</strong></span> <span class='ocrx_word' id='word_1_421' title='bbox 3087 3235 3276 3289; x_wconf 86' lang='lat' dir='ltr'><strong>magna</strong></span> <span class='ocrx_word' id='word_1_422' title='bbox 3301 3260 3315 3282; x_wconf 93' lang='lat'><strong>,</strong></span> <span class='ocrx_word' id='word_1_423' title='bbox 3342 3219 3682 3289; x_wconf 83' lang='lat' dir='ltr'><strong>quemadmo-</strong></span> 
     </span>
    </p>
   </div>
   <div class='ocr_carea' id='block_1_59' title="bbox 431 3264 3679 3378">
    <p class='ocr_par' dir='ltr' id='par_1_59' title="bbox 431 3264 3679 3378">
     <span class='ocr_line' id='line_1_59' title="bbox 435 3264 3650 3289; baseline 0.001 -4"><span class='ocrx_word' id='word_1_424' title='bbox 435 3264 691 3268; x_wconf 58' lang='lat'><strong>&quot;‘&quot;&quot;&quot;—</strong></span> <span class='ocrx_word' id='word_1_425' title='bbox 719 3264 858 3272; x_wconf 63' lang='lat'><strong>&quot;&quot;&quot;“</strong></span> <span class='ocrx_word' id='word_1_426' title='bbox 876 3264 974 3282; x_wconf 72' lang='lat'><strong>&quot;&quot;</strong></span> <span class='ocrx_word' id='word_1_427' title='bbox 1005 3264 1255 3288; x_wconf 65' lang='lat' dir='ltr'><strong>&quot;D‘&quot;‘&quot;&quot;&quot;&#39;</strong></span> <span class='ocrx_word' id='word_1_428' title='bbox 1284 3264 1298 3284; x_wconf 74' lang='grc' dir='ltr'><strong>ν</strong></span> <span class='ocrx_word' id='word_1_429' title='bbox 1333 3264 1480 3288; x_wconf 70' lang='lat' dir='ltr'><strong>&quot;&quot;J&quot;&#39;</strong></span> <span class='ocrx_word' id='word_1_430' title='bbox 1498 3264 1574 3288; x_wconf 66' lang='lat' dir='ltr'><strong>&#39;&quot;J</strong></span> <span class='ocrx_word' id='word_1_431' title='bbox 1590 3264 1812 3272; x_wconf 78' lang='lat'><strong>&quot;&quot;&#39;&quot;&#39;&quot;&#39;</strong></span> <span class='ocrx_word' id='word_1_432' title='bbox 1844 3264 2002 3284; x_wconf 60' lang='lat' dir='ltr'><strong>&quot;&#39;r&quot;‘</strong></span> <span class='ocrx_word' id='word_1_433' title='bbox 2201 3264 2210 3272; x_wconf 88' lang='lat'><em>‘</em></span> <span class='ocrx_word' id='word_1_434' title='bbox 2229 3264 2342 3272; x_wconf 78' lang='grc'><strong>“”““’”</strong></span> <span class='ocrx_word' id='word_1_435' title='bbox 2373 3264 2422 3270; x_wconf 65' lang='grc'>⁷⁷</span> <span class='ocrx_word' id='word_1_436' title='bbox 2571 3264 2635 3271; x_wconf 77' lang='grc'><strong>-’</strong></span> <span class='ocrx_word' id='word_1_437' title='bbox 2667 3264 2902 3271; x_wconf 68' lang='grc'><strong>”“”””“’”</strong></span> <span class='ocrx_word' id='word_1_438' title='bbox 2932 3264 3042 3273; x_wconf 74' lang='grc'><em>”’““’</em></span> <span class='ocrx_word' id='word_1_439' title='bbox 3088 3264 3274 3289; x_wconf 72' lang='grc' dir='ltr'><strong>’¹“”ἷ1”’“”</strong></span> <span class='ocrx_word' id='word_1_440' title='bbox 3301 3264 3315 3282; x_wconf 76' lang='grc'><strong>⁷</strong></span> <span class='ocrx_word' id='word_1_441' title='bbox 3343 3264 3650 3289; x_wconf 73' lang='grc' dir='ltr'><strong>Ί’”“⁷”’“”“””“’</strong></span> 
     </span>
     <span class='ocr_line' id='line_1_60' title="bbox 431 3264 3679 3378; baseline 0.001 -19"><span class='ocrx_word' id='word_1_442' title='bbox 431 3303 634 3359; x_wconf 81' lang='lat' dir='ltr'><strong>dictum</strong></span> <span class='ocrx_word' id='word_1_443' title='bbox 658 3313 760 3360; x_wconf 88' lang='lat' dir='ltr'><strong>est.</strong></span> <span class='ocrx_word' id='word_1_444' title='bbox 811 3306 880 3360; x_wconf 86' lang='lat' dir='ltr'><strong>Et</strong></span> <span class='ocrx_word' id='word_1_445' title='bbox 905 3316 1028 3363; x_wconf 89' lang='lat' dir='ltr'><strong>nota</strong></span> <span class='ocrx_word' id='word_1_446' title='bbox 1055 3310 1199 3376; x_wconf 87' lang='lat' dir='ltr'><strong>quod</strong></span> <span class='ocrx_word' id='word_1_447' title='bbox 1225 3309 1493 3378; x_wconf 89' lang='lat' dir='ltr'><strong>descripto</strong></span> <span class='ocrx_word' id='word_1_448' title='bbox 1521 3310 1814 3363; x_wconf 78' lang='lat' dir='ltr'><strong>novissimo</strong></span> <span class='ocrx_word' id='word_1_449' title='bbox 1833 3317 2007 3362; x_wconf 87' lang='lat' dir='ltr'><strong>certa-</strong></span> <span class='ocrx_word' id='word_1_450' title='bbox 2032 3264 2079 3328; x_wconf 77' lang='lat' dir='ltr'><strong>C</strong></span> <span class='ocrx_word' id='word_1_451' title='bbox 2111 3305 2236 3359; x_wconf 86' lang='lat' dir='ltr'><strong>dum</strong></span> <span class='ocrx_word' id='word_1_452' title='bbox 2262 3322 2380 3359; x_wconf 88' lang='lat' dir='ltr'><strong>cum</strong></span> <span class='ocrx_word' id='word_1_453' title='bbox 2406 3305 2487 3359; x_wconf 88' lang='lat' dir='ltr'><strong>leo</strong></span> <span class='ocrx_word' id='word_1_454' title='bbox 2516 3305 2672 3376; x_wconf 84' lang='lat' dir='ltr'><strong>rugit.</strong></span> <span class='ocrx_word' id='word_1_455' title='bbox 2714 3305 2864 3361; x_wconf 88' lang='lat' dir='ltr'><strong>Sicut</strong></span> <span class='ocrx_word' id='word_1_456' title='bbox 2891 3307 3060 3362; x_wconf 89' lang='lat' dir='ltr'><strong>leonis</strong></span> <span class='ocrx_word' id='word_1_457' title='bbox 3087 3307 3288 3362; x_wconf 87' lang='lat' dir='ltr'><strong>clamor</strong></span> <span class='ocrx_word' id='word_1_458' title='bbox 3317 3309 3566 3362; x_wconf 90' lang='lat' dir='ltr'><strong>timorem</strong></span> <span class='ocrx_word' id='word_1_459' title='bbox 3598 3310 3679 3363; x_wconf 90' lang='lat' dir='ltr'><strong>in-</strong></span> 
     </span>
    </p>
   </div>
   <div class='ocr_carea' id='block_1_60' title="bbox 435 3395 2012 3470">
    <p class='ocr_par' dir='ltr' id='par_1_60' title="bbox 435 3395 2012 3470">
     <span class='ocr_line' id='line_1_61' title="bbox 435 3395 2012 3470; baseline 0.001 -20"><span class='ocrx_word' id='word_1_460' title='bbox 435 3395 598 3462; x_wconf 88' lang='lat' dir='ltr'><strong>mine,</strong></span> <span class='ocrx_word' id='word_1_461' title='bbox 640 3412 705 3453; x_wconf 91' lang='lat' dir='ltr'><strong>ac</strong></span> <span class='ocrx_word' id='word_1_462' title='bbox 741 3399 1105 3465; x_wconf 70' lang='lat' dir='ltr'><strong>prmtermisso</strong></span> <span class='ocrx_word' id='word_1_463' title='bbox 1148 3400 1377 3468; x_wconf 82' lang='lat' dir='ltr'><strong>septimo</strong></span> <span class='ocrx_word' id='word_1_464' title='bbox 1418 3400 1616 3470; x_wconf 85' lang='lat' dir='ltr'><strong>sigillo,</strong></span> <span class='ocrx_word' id='word_1_465' title='bbox 1659 3402 1758 3454; x_wconf 84' lang='lat' dir='ltr'><strong>sub</strong></span> <span class='ocrx_word' id='word_1_466' title='bbox 1805 3415 1911 3468; x_wconf 85' lang='lat' dir='ltr'><strong>quo</strong></span> <span class='ocrx_word' id='word_1_467' title='bbox 1955 3410 2012 3454; x_wconf 89' lang='lat' dir='ltr'><strong>et</strong></span> 
     </span>
    </p>
   </div>
   <div class='ocr_carea' id='block_1_61' title="bbox 437 3487 2012 3557">
    <p class='ocr_par' dir='ltr' id='par_1_61' title="bbox 437 3487 2012 3557">
     <span class='ocr_line' id='line_1_62' title="bbox 437 3487 2012 3557; baseline 0.001 -16"><span class='ocrx_word' id='word_1_468' title='bbox 437 3487 558 3542; x_wconf 73' lang='lat' dir='ltr'><strong>finis</strong></span> <span class='ocrx_word' id='word_1_469' title='bbox 579 3489 1078 3552; x_wconf 88' lang='lat' dir='ltr'><strong>consummationis,</strong></span> <span class='ocrx_word' id='word_1_470' title='bbox 1129 3497 1184 3544; x_wconf 90' lang='lat' dir='ltr'><strong>et</strong></span> <span class='ocrx_word' id='word_1_471' title='bbox 1204 3488 1415 3544; x_wconf 90' lang='lat' dir='ltr'><strong>Domini</strong></span> <span class='ocrx_word' id='word_1_472' title='bbox 1463 3488 1729 3543; x_wconf 89' lang='lat' dir='ltr'><strong>secundus</strong></span> <span class='ocrx_word' id='word_1_473' title='bbox 1764 3498 2012 3557; x_wconf 88' lang='lat' dir='ltr'><strong>speratur</strong></span> 
     </span>
    </p>
   </div>
   <div class='ocr_carea' id='block_1_62' title="bbox 433 3580 2011 3646">
    <p class='ocr_par' dir='ltr' id='par_1_62' title="bbox 433 3580 2011 3646">
     <span class='ocr_line' id='line_1_63' title="bbox 433 3580 2011 3646; baseline 0 -12"><span class='ocrx_word' id='word_1_474' title='bbox 433 3581 713 3646; x_wconf 80' lang='lat' dir='ltr'><strong>adventus,</strong></span> <span class='ocrx_word' id='word_1_475' title='bbox 743 3581 1032 3635; x_wconf 90' lang='lat' dir='ltr'><strong>adinitium</strong></span> <span class='ocrx_word' id='word_1_476' title='bbox 1050 3581 1433 3636; x_wconf 87' lang='lat' dir='ltr'><strong>incarnationis</strong></span> <span class='ocrx_word' id='word_1_477' title='bbox 1449 3580 1669 3642; x_wconf 88' lang='lat' dir='ltr'><strong>Christi,</strong></span> <span class='ocrx_word' id='word_1_478' title='bbox 1700 3580 1841 3633; x_wconf 87' lang='lat' dir='ltr'><strong>unde</strong></span> <span class='ocrx_word' id='word_1_479' title='bbox 1854 3581 2011 3634; x_wconf 90' lang='lat' dir='ltr'><strong>modo</strong></span> 
     </span>
    </p>
   </div>
   <div class='ocr_carea' id='block_1_63' title="bbox 434 3670 2007 3740">
    <p class='ocr_par' dir='ltr' id='par_1_63' title="bbox 434 3670 2007 3740">
     <span class='ocr_line' id='line_1_64' title="bbox 434 3670 2007 3740; baseline -0.001 -15"><span class='ocrx_word' id='word_1_480' title='bbox 434 3670 634 3725; x_wconf 90' lang='lat' dir='ltr'><strong>dictum</strong></span> <span class='ocrx_word' id='word_1_481' title='bbox 660 3680 763 3735; x_wconf 89' lang='lat' dir='ltr'><strong>est,</strong></span> <span class='ocrx_word' id='word_1_482' title='bbox 804 3671 966 3736; x_wconf 86' lang='lat' dir='ltr'><strong>redit,</strong></span> <span class='ocrx_word' id='word_1_483' title='bbox 1006 3680 1060 3725; x_wconf 89' lang='lat' dir='ltr'><strong>et</strong></span> <span class='ocrx_word' id='word_1_484' title='bbox 1113 3671 1551 3739; x_wconf 75' lang='lat' dir='ltr'><strong>przedicationem</strong></span> <span class='ocrx_word' id='word_1_485' title='bbox 1585 3671 1706 3740; x_wconf 87' lang='lat' dir='ltr'><strong>ejus</strong></span> <span class='ocrx_word' id='word_1_486' title='bbox 1735 3671 2007 3725; x_wconf 88' lang='lat' dir='ltr'><strong>describit.</strong></span> 
     </span>
    </p>
   </div>
   <div class='ocr_carea' id='block_1_64' title="bbox 435 3759 2012 3831">
    <p class='ocr_par' dir='ltr' id='par_1_64' title="bbox 435 3759 2012 3831">
     <span class='ocr_line' id='line_1_65' title="bbox 435 3759 2012 3831; baseline 0 -17"><span class='ocrx_word' id='word_1_487' title='bbox 435 3759 545 3814; x_wconf 82' lang='lat' dir='ltr'><strong>liae</strong></span> <span class='ocrx_word' id='word_1_488' title='bbox 567 3761 873 3814; x_wconf 89' lang='lat' dir='ltr'><strong>narratione</strong></span> <span class='ocrx_word' id='word_1_489' title='bbox 897 3761 1068 3826; x_wconf 76' lang='lat' dir='ltr'><strong>(inita,</strong></span> <span class='ocrx_word' id='word_1_490' title='bbox 1099 3761 1166 3815; x_wconf 93' lang='lat' dir='ltr'><strong>ad</strong></span> <span class='ocrx_word' id='word_1_491' title='bbox 1193 3775 1256 3814; x_wconf 90' lang='lat' dir='ltr'><strong>ea</strong></span> <span class='ocrx_word' id='word_1_492' title='bbox 1305 3776 1424 3829; x_wconf 84' lang='lat' dir='ltr'><strong>quae</strong></span> <span class='ocrx_word' id='word_1_493' title='bbox 1460 3762 1729 3831; x_wconf 88' lang='lat' dir='ltr'><strong>paulisper</strong></span> <span class='ocrx_word' id='word_1_494' title='bbox 1755 3761 2012 3816; x_wconf 87' lang='lat' dir='ltr'><strong>omiserat</strong></span> 
     </span>
    </p>
   </div>
   <div class='ocr_carea' id='block_1_65' title="bbox 436 3848 2010 3907">
    <p class='ocr_par' dir='ltr' id='par_1_65' title="bbox 436 3848 2010 3907">
     <span class='ocr_line' id='line_1_66' title="bbox 436 3848 2010 3907; baseline 0.003 -4"><span class='ocrx_word' id='word_1_495' title='bbox 436 3849 592 3905; x_wconf 86' lang='lat' dir='ltr'><strong>redit.</strong></span> <span class='ocrx_word' id='word_1_496' title='bbox 673 3848 1073 3905; x_wconf 83' lang='lat' dir='ltr'><strong>Meminerimus</strong></span> <span class='ocrx_word' id='word_1_497' title='bbox 1126 3859 1306 3906; x_wconf 89' lang='lat' dir='ltr'><strong>autem</strong></span> <span class='ocrx_word' id='word_1_498' title='bbox 1339 3867 1461 3906; x_wconf 91' lang='lat' dir='ltr'><strong>cum</strong></span> <span class='ocrx_word' id='word_1_499' title='bbox 1482 3853 1620 3906; x_wconf 91' lang='lat' dir='ltr'><strong>hanc</strong></span> <span class='ocrx_word' id='word_1_500' title='bbox 1649 3854 2010 3907; x_wconf 88' lang='lat' dir='ltr'><strong>narrationem</strong></span> 
     </span>
    </p>
   </div>
   <div class='ocr_carea' id='block_1_66' title="bbox 436 3941 2014 4010">
    <p class='ocr_par' dir='ltr' id='par_1_66' title="bbox 436 3941 2014 4010">
     <span class='ocr_line' id='line_1_67' title="bbox 436 3941 2014 4010; baseline 0.001 -16"><span class='ocrx_word' id='word_1_501' title='bbox 436 3941 503 3996; x_wconf 90' lang='lat' dir='ltr'><strong>ad</strong></span> <span class='ocrx_word' id='word_1_502' title='bbox 531 3942 690 3995; x_wconf 86' lang='lat' dir='ltr'><strong>tinem</strong></span> <span class='ocrx_word' id='word_1_503' title='bbox 716 3955 885 4009; x_wconf 87' lang='lat' dir='ltr'><strong>usque</strong></span> <span class='ocrx_word' id='word_1_504' title='bbox 927 3942 1261 4010; x_wconf 84' lang='lat' dir='ltr'><strong>perduxerit,</strong></span> <span class='ocrx_word' id='word_1_505' title='bbox 1284 3943 1480 3996; x_wconf 88' lang='lat' dir='ltr'><strong>debere</strong></span> <span class='ocrx_word' id='word_1_506' title='bbox 1503 3941 1665 3996; x_wconf 77' lang='lat' dir='ltr'><strong>linem</strong></span> <span class='ocrx_word' id='word_1_507' title='bbox 1684 3943 1860 3997; x_wconf 86' lang='lat' dir='ltr'><strong>ordini</strong></span> <span class='ocrx_word' id='word_1_508' title='bbox 1891 3959 2014 3996; x_wconf 89' lang='lat' dir='ltr'><strong>con-</strong></span> 
     </span>
    </p>
   </div>
   <div class='ocr_carea' id='block_1_67' title="bbox 436 4030 2012 4103">
    <p class='ocr_par' dir='ltr' id='par_1_67' title="bbox 436 4030 2012 4103">
     <span class='ocr_line' id='line_1_68' title="bbox 436 4030 2012 4103; baseline 0.001 -17"><span class='ocrx_word' id='word_1_509' title='bbox 436 4031 549 4086; x_wconf 82' lang='lat' dir='ltr'><strong>ciso</strong></span> <span class='ocrx_word' id='word_1_510' title='bbox 571 4030 854 4103; x_wconf 86' lang='lat' dir='ltr'><strong>subjungi;</strong></span> <span class='ocrx_word' id='word_1_511' title='bbox 907 4033 1058 4088; x_wconf 89' lang='lat' dir='ltr'><strong>locus</strong></span> <span class='ocrx_word' id='word_1_512' title='bbox 1083 4034 1228 4088; x_wconf 89' lang='lat' dir='ltr'><strong>enim</strong></span> <span class='ocrx_word' id='word_1_513' title='bbox 1274 4034 1389 4098; x_wconf 90' lang='lat' dir='ltr'><strong>ille,</strong></span> <span class='ocrx_word' id='word_1_514' title='bbox 1441 4049 1546 4102; x_wconf 91' lang='lat' dir='ltr'><strong>quo</strong></span> <span class='ocrx_word' id='word_1_515' title='bbox 1585 4034 1640 4088; x_wconf 90' lang='lat' dir='ltr'><strong>in</strong></span> <span class='ocrx_word' id='word_1_516' title='bbox 1667 4033 2012 4103; x_wconf 86' lang='lat' dir='ltr'><strong>sequentibus</strong></span> 
     </span>
    </p>
   </div>
   <div class='ocr_carea' id='block_1_68' title="bbox 437 4123 2011 4189">
    <p class='ocr_par' dir='ltr' id='par_1_68' title="bbox 437 4123 2011 4189">
     <span class='ocr_line' id='line_1_69' title="bbox 437 4123 2011 4189; baseline 0 -10"><span class='ocrx_word' id='word_1_517' title='bbox 437 4123 634 4180; x_wconf 87' lang='lat' dir='ltr'><strong>dicitur</strong></span> <span class='ocrx_word' id='word_1_518' title='bbox 662 4141 736 4178; x_wconf 72' lang='lat' dir='ltr'><strong>va:</strong></span> <span class='ocrx_word' id='word_1_519' title='bbox 757 4126 1042 4178; x_wconf 81' lang='lat' dir='ltr'><strong>secundum</strong></span> <span class='ocrx_word' id='word_1_520' title='bbox 1069 4126 1218 4189; x_wconf 86' lang='lat' dir='ltr'><strong>abiit,</strong></span> <span class='ocrx_word' id='word_1_521' title='bbox 1274 4127 1340 4180; x_wconf 90' lang='lat' dir='ltr'><strong>ad</strong></span> <span class='ocrx_word' id='word_1_522' title='bbox 1390 4127 1533 4181; x_wconf 90' lang='lat' dir='ltr'><strong>hunc</strong></span> <span class='ocrx_word' id='word_1_523' title='bbox 1581 4127 2011 4181; x_wconf 88' lang='lat' dir='ltr'><strong>subauditionem</strong></span> 
     </span>
    </p>
   </div>
   <div class='ocr_carea' id='block_1_69' title="bbox 436 4216 2002 4287">
    <p class='ocr_par' dir='ltr' id='par_1_69' title="bbox 436 4216 2002 4287">
     <span class='ocr_line' id='line_1_70' title="bbox 436 4216 2002 4287; baseline -0.001 -15"><span class='ocrx_word' id='word_1_524' title='bbox 436 4217 619 4282; x_wconf 86' lang='lat' dir='ltr'><strong>habet,</strong></span> <span class='ocrx_word' id='word_1_525' title='bbox 653 4231 762 4287; x_wconf 87' lang='lat' dir='ltr'><strong>quo</strong></span> <span class='ocrx_word' id='word_1_526' title='bbox 789 4216 1140 4284; x_wconf 66' lang='lat' dir='ltr'><strong>praecedentis</strong></span> <span class='ocrx_word' id='word_1_527' title='bbox 1159 4216 1281 4271; x_wconf 89' lang='lat' dir='ltr'><strong>libri</strong></span> <span class='ocrx_word' id='word_1_528' title='bbox 1304 4217 1532 4270; x_wconf 89' lang='lat' dir='ltr'><strong>termino</strong></span> <span class='ocrx_word' id='word_1_529' title='bbox 1568 4217 1634 4270; x_wconf 93' lang='lat' dir='ltr'><strong>de</strong></span> <span class='ocrx_word' id='word_1_530' title='bbox 1660 4217 2002 4286; x_wconf 87' lang='lat' dir='ltr'><strong>nequissimo-</strong></span> 
     </span>
    </p>
   </div>
   <div class='ocr_carea' id='block_1_70' title="bbox 437 4304 2009 4378">
    <p class='ocr_par' dir='ltr' id='par_1_70' title="bbox 437 4304 2009 4378">
     <span class='ocr_line' id='line_1_71' title="bbox 437 4304 2009 4378; baseline -0.001 -16"><span class='ocrx_word' id='word_1_531' title='bbox 437 4323 558 4362; x_wconf 90' lang='lat' dir='ltr'><strong>rum</strong></span> <span class='ocrx_word' id='word_1_532' title='bbox 609 4304 872 4378; x_wconf 89' lang='lat' dir='ltr'><strong>equorum</strong></span> <span class='ocrx_word' id='word_1_533' title='bbox 914 4321 980 4361; x_wconf 89' lang='lat' dir='ltr'><strong>ac</strong></span> <span class='ocrx_word' id='word_1_534' title='bbox 1019 4306 1256 4377; x_wconf 85' lang='lat' dir='ltr'><strong>gentium</strong></span> <span class='ocrx_word' id='word_1_535' title='bbox 1299 4306 1601 4376; x_wconf 89' lang='lat' dir='ltr'><strong>perditione</strong></span> <span class='ocrx_word' id='word_1_536' title='bbox 1642 4307 2009 4360; x_wconf 85' lang='lat' dir='ltr'><strong>tractavimus.</strong></span> 
     </span>
    </p>
   </div>
   <div class='ocr_carea' id='block_1_71' title="bbox 438 4399 2013 4470">
    <p class='ocr_par' dir='ltr' id='par_1_71' title="bbox 438 4399 2013 4470">
     <span class='ocr_line' id='line_1_72' title="bbox 438 4399 2013 4470; baseline -0.001 -14"><span class='ocrx_word' id='word_1_537' title='bbox 438 4401 503 4456; x_wconf 84' lang='lat' dir='ltr'><strong>Et</strong></span> <span class='ocrx_word' id='word_1_538' title='bbox 526 4407 652 4456; x_wconf 89' lang='lat' dir='ltr'><strong>nota</strong></span> <span class='ocrx_word' id='word_1_539' title='bbox 680 4400 806 4470; x_wconf 90' lang='lat' dir='ltr'><strong>quia</strong></span> <span class='ocrx_word' id='word_1_540' title='bbox 828 4400 884 4454; x_wconf 92' lang='lat' dir='ltr'><strong>in</strong></span> <span class='ocrx_word' id='word_1_541' title='bbox 913 4399 1015 4455; x_wconf 87' lang='lat' dir='ltr'><strong>hac</strong></span> <span class='ocrx_word' id='word_1_542' title='bbox 1036 4401 1344 4455; x_wconf 87' lang='lat' dir='ltr'><strong>narratione</strong></span> <span class='ocrx_word' id='word_1_543' title='bbox 1367 4415 1474 4455; x_wconf 91' lang='lat' dir='ltr'><strong>non</strong></span> <span class='ocrx_word' id='word_1_544' title='bbox 1500 4399 1654 4454; x_wconf 89' lang='lat' dir='ltr'><strong>solite</strong></span> <span class='ocrx_word' id='word_1_545' title='bbox 1677 4414 1862 4470; x_wconf 88' lang='lat' dir='ltr'><strong>agens,</strong></span> <span class='ocrx_word' id='word_1_546' title='bbox 1905 4415 2013 4454; x_wconf 89' lang='lat' dir='ltr'><strong>am-</strong></span> 
     </span>
    </p>
   </div>
   <div class='ocr_carea' id='block_1_72' title="bbox 437 4491 2013 4557">
    <p class='ocr_par' dir='ltr' id='par_1_72' title="bbox 437 4491 2013 4557">
     <span class='ocr_line' id='line_1_73' title="bbox 437 4491 2013 4557; baseline -0.004 -9"><span class='ocrx_word' id='word_1_547' title='bbox 437 4491 534 4548; x_wconf 84' lang='lat' dir='ltr'><strong>bas</strong></span> <span class='ocrx_word' id='word_1_548' title='bbox 553 4493 895 4548; x_wconf 88' lang='lat' dir='ltr'><strong>narrationes</strong></span> <span class='ocrx_word' id='word_1_549' title='bbox 923 4507 1032 4546; x_wconf 91' lang='lat' dir='ltr'><strong>non</strong></span> <span class='ocrx_word' id='word_1_550' title='bbox 1083 4507 1190 4546; x_wconf 91' lang='lat' dir='ltr'><strong>uno</strong></span> <span class='ocrx_word' id='word_1_551' title='bbox 1227 4491 1356 4557; x_wconf 85' lang='lat' dir='ltr'><strong>line,</strong></span> <span class='ocrx_word' id='word_1_552' title='bbox 1409 4493 1502 4546; x_wconf 87' lang='lat' dir='ltr'><strong>sed</strong></span> <span class='ocrx_word' id='word_1_553' title='bbox 1530 4491 1737 4546; x_wconf 89' lang='lat' dir='ltr'><strong>duobus</strong></span> <span class='ocrx_word' id='word_1_554' title='bbox 1760 4491 2013 4545; x_wconf 89' lang='lat' dir='ltr'><strong>determi-</strong></span> 
     </span>
    </p>
   </div>
   <div class='ocr_carea' id='block_1_73' title="bbox 438 4579 2012 4652">
    <p class='ocr_par' dir='ltr' id='par_1_73' title="bbox 438 4579 2012 4652">
     <span class='ocr_line' id='line_1_74' title="bbox 438 4579 2012 4652; baseline -0.005 -14"><span class='ocrx_word' id='word_1_555' title='bbox 438 4591 552 4649; x_wconf 82' lang='lat' dir='ltr'><strong>nat,</strong></span> <span class='ocrx_word' id='word_1_556' title='bbox 598 4583 724 4652; x_wconf 91' lang='lat' dir='ltr'><strong>quia</strong></span> <span class='ocrx_word' id='word_1_557' title='bbox 764 4590 820 4636; x_wconf 89' lang='lat' dir='ltr'><strong>et</strong></span> <span class='ocrx_word' id='word_1_558' title='bbox 865 4581 1108 4636; x_wconf 91' lang='lat' dir='ltr'><strong>ordinem</strong></span> <span class='ocrx_word' id='word_1_559' title='bbox 1147 4581 1585 4650; x_wconf 45' lang='lat' dir='ltr'><strong>praetermissum,</strong></span> <span class='ocrx_word' id='word_1_560' title='bbox 1615 4588 1671 4634; x_wconf 91' lang='lat' dir='ltr'><strong>et</strong></span> <span class='ocrx_word' id='word_1_561' title='bbox 1693 4579 2012 4647; x_wconf 85' lang='lat' dir='ltr'><strong>recapitula-</strong></span> 
     </span>
    </p>
   </div>
   <div class='ocr_carea' id='block_1_74' title="bbox 439 4670 2013 4745">
    <p class='ocr_par' dir='ltr' id='par_1_74' title="bbox 439 4670 2013 4745">
     <span class='ocr_line' id='line_1_75' title="bbox 439 4670 2013 4745; baseline -0.007 -14"><span class='ocrx_word' id='word_1_562' title='bbox 439 4675 635 4731; x_wconf 85' lang='lat' dir='ltr'><strong>tionem</strong></span> <span class='ocrx_word' id='word_1_563' title='bbox 661 4671 973 4744; x_wconf 85' lang='lat' dir='ltr'><strong>singillatim</strong></span> <span class='ocrx_word' id='word_1_564' title='bbox 995 4671 1295 4745; x_wconf 76' lang='lat' dir='ltr'><strong>distinguit,</strong></span> <span class='ocrx_word' id='word_1_565' title='bbox 1329 4672 1469 4727; x_wconf 86' lang='lat' dir='ltr'><strong>sicut</strong></span> <span class='ocrx_word' id='word_1_566' title='bbox 1487 4678 1606 4740; x_wconf 89' lang='lat' dir='ltr'><strong>post</strong></span> <span class='ocrx_word' id='word_1_567' title='bbox 1629 4670 1901 4740; x_wconf 89' lang='lat' dir='ltr'><strong>paululum</strong></span> <span class='ocrx_word' id='word_1_568' title='bbox 1924 4685 2013 4738; x_wconf 88' lang='lat' dir='ltr'><strong>ap-</strong></span> 
     </span>
    </p>
   </div>
   <div class='ocr_carea' id='block_1_75' title="bbox 437 4765 647 4838">
    <p class='ocr_par' dir='ltr' id='par_1_75' title="bbox 437 4765 647 4838">
     <span class='ocr_line' id='line_1_76' title="bbox 437 4765 647 4838; baseline 0.005 -20"><span class='ocrx_word' id='word_1_569' title='bbox 437 4765 647 4838; x_wconf 86' lang='lat' dir='ltr'><strong>parebit</strong></span> 
     </span>
    </p>
   </div>
   <div class='ocr_carea' id='block_1_76' title="bbox 509 4851 2013 4928">
    <p class='ocr_par' dir='ltr' id='par_1_76' title="bbox 509 4851 2013 4928">
     <span class='ocr_line' id='line_1_77' title="bbox 509 4851 2013 4928; baseline -0.006 -15"><span class='ocrx_word' id='word_1_570' title='bbox 509 4857 576 4912; x_wconf 86' lang='lat' dir='ltr'><strong>Et</strong></span> <span class='ocrx_word' id='word_1_571' title='bbox 609 4858 769 4928; x_wconf 77' lang='lat' dir='ltr'><strong>[acies</strong></span> <span class='ocrx_word' id='word_1_572' title='bbox 806 4858 920 4928; x_wconf 86' lang='lat' dir='ltr'><strong>ejus</strong></span> <span class='ocrx_word' id='word_1_573' title='bbox 965 4857 1096 4911; x_wconf 88' lang='lat' dir='ltr'><strong>sicut</strong></span> <span class='ocrx_word' id='word_1_574' title='bbox 1125 4853 1223 4910; x_wconf 86' lang='lat' dir='ltr'><strong>sol.</strong></span> <span class='ocrx_word' id='word_1_575' title='bbox 1265 4854 1454 4909; x_wconf 85' lang='lat' dir='ltr'><strong>Facies</strong></span> <span class='ocrx_word' id='word_1_576' title='bbox 1509 4852 1681 4921; x_wconf 83' lang='lat' dir='ltr'><strong>angeli</strong></span> <span class='ocrx_word' id='word_1_577' title='bbox 1715 4851 2013 4905; x_wconf 86' lang='lat' dir='ltr'><strong>incarnatio</strong></span> 
     </span>
    </p>
   </div>
   <div class='ocr_carea' id='block_1_77' title="bbox 439 4941 2010 5020">
    <p class='ocr_par' dir='ltr' id='par_1_77' title="bbox 439 4941 2010 5020">
     <span class='ocr_line' id='line_1_78' title="bbox 439 4941 2010 5020; baseline -0.008 -13"><span class='ocrx_word' id='word_1_578' title='bbox 439 4961 520 5007; x_wconf 88' lang='lat' dir='ltr'><strong>est</strong></span> <span class='ocrx_word' id='word_1_579' title='bbox 545 4951 768 5016; x_wconf 89' lang='lat' dir='ltr'><strong>Christi,</strong></span> <span class='ocrx_word' id='word_1_580' title='bbox 807 4965 912 5020; x_wconf 90' lang='lat' dir='ltr'><strong>qua</strong></span> <span class='ocrx_word' id='word_1_581' title='bbox 941 4964 971 5002; x_wconf 90' lang='lat' dir='ltr'><strong>a</strong></span> <span class='ocrx_word' id='word_1_582' title='bbox 1012 4946 1332 5002; x_wconf 89' lang='lat' dir='ltr'><strong>mortalibus</strong></span> <span class='ocrx_word' id='word_1_583' title='bbox 1368 4952 1452 4999; x_wconf 90' lang='lat' dir='ltr'><strong>est</strong></span> <span class='ocrx_word' id='word_1_584' title='bbox 1471 4943 1750 5014; x_wconf 85' lang='lat' dir='ltr'><strong>cognitus;</strong></span> <span class='ocrx_word' id='word_1_585' title='bbox 1804 4941 1870 4996; x_wconf 89' lang='lat' dir='ltr'><strong>de</strong></span> <span class='ocrx_word' id='word_1_586' title='bbox 1907 4956 2010 5009; x_wconf 80' lang='lat' dir='ltr'><strong>qua</strong></span> 
     </span>
    </p>
   </div>
   <div class='ocr_carea' id='block_1_78' title="bbox 440 5032 2007 5109">
    <p class='ocr_par' dir='ltr' id='par_1_78' title="bbox 440 5032 2007 5109">
     <span class='ocr_line' id='line_1_79' title="bbox 440 5032 2007 5109; baseline -0.009 -11"><span class='ocrx_word' id='word_1_587' title='bbox 440 5042 720 5100; x_wconf 86' lang='lat' dir='ltr'><strong>Psalmista</strong></span> <span class='ocrx_word' id='word_1_588' title='bbox 748 5060 760 5096; x_wconf 89' lang='lat'><strong>:</strong></span> <span class='ocrx_word' id='word_1_589' title='bbox 788 5039 1016 5096; x_wconf 87' lang='lat' dir='ltr'><strong>Ostende</strong></span> <span class='ocrx_word' id='word_1_590' title='bbox 1035 5039 1221 5109; x_wconf 78' lang='lat' dir='ltr'><strong>faciem</strong></span> <span class='ocrx_word' id='word_1_591' title='bbox 1235 5048 1400 5102; x_wconf 87' lang='lat' dir='ltr'><strong>tuam,</strong></span> <span class='ocrx_word' id='word_1_592' title='bbox 1417 5046 1465 5090; x_wconf 86' lang='lat' dir='ltr'><strong>et</strong></span> <span class='ocrx_word' id='word_1_593' title='bbox 1477 5035 1609 5101; x_wconf 79' lang='lat' dir='ltr'><strong>salvi</strong></span> <span class='ocrx_word' id='word_1_594' title='bbox 1628 5035 1819 5088; x_wconf 82' lang='lat' dir='ltr'><strong>erimus</strong></span> <span class='ocrx_word' id='word_1_595' title='bbox 1837 5032 2007 5103; x_wconf 84' lang='lat' dir='ltr'><strong>(Psal.</strong></span> 
     </span>
    </p>
   </div>
   <div class='ocr_carea' id='block_1_79' title="bbox 441 5126 2012 5202">
    <p class='ocr_par' dir='ltr' id='par_1_79' title="bbox 441 5126 2012 5202">
     <span class='ocr_line' id='line_1_80' title="bbox 441 5126 2012 5202; baseline -0.004 -16"><span class='ocrx_word' id='word_1_596' title='bbox 441 5148 626 5199; x_wconf 65' lang='lat' dir='ltr'><strong>una,</strong></span> <span class='ocrx_word' id='word_1_597' title='bbox 678 5130 756 5202; x_wconf 70' lang='grc'><strong>4).</strong></span> <span class='ocrx_word' id='word_1_598' title='bbox 804 5133 930 5188; x_wconf 58' lang='lat' dir='ltr'><strong>Hac</strong></span> <span class='ocrx_word' id='word_1_599' title='bbox 967 5130 1132 5186; x_wconf 78' lang='lat' dir='ltr'><strong>facies</strong></span> <span class='ocrx_word' id='word_1_600' title='bbox 1152 5129 1250 5184; x_wconf 89' lang='lat' dir='ltr'><strong>soli</strong></span> <span class='ocrx_word' id='word_1_601' title='bbox 1294 5145 1398 5183; x_wconf 90' lang='lat' dir='ltr'><strong>non</strong></span> <span class='ocrx_word' id='word_1_602' title='bbox 1439 5135 1658 5197; x_wconf 88' lang='lat' dir='ltr'><strong>propter</strong></span> <span class='ocrx_word' id='word_1_603' title='bbox 1691 5126 2012 5190; x_wconf 80' lang='lat' dir='ltr'><strong>claritatem,</strong></span> 
     </span>
    </p>
   </div>
   <div class='ocr_carea' id='block_1_80' title="bbox 442 5221 2013 5298">
    <p class='ocr_par' dir='ltr' id='par_1_80' title="bbox 442 5221 2013 5298">
     <span class='ocr_line' id='line_1_81' title="bbox 442 5221 2013 5298; baseline -0.006 -15"><span class='ocrx_word' id='word_1_604' title='bbox 442 5227 1056 5298; x_wconf 81' lang='lat' dir='ltr'><strong>quaincomparabiliter</strong></span> <span class='ocrx_word' id='word_1_605' title='bbox 1072 5223 1242 5293; x_wconf 88' lang='lat' dir='ltr'><strong>major</strong></span> <span class='ocrx_word' id='word_1_606' title='bbox 1257 5232 1362 5290; x_wconf 88' lang='lat' dir='ltr'><strong>est,</strong></span> <span class='ocrx_word' id='word_1_607' title='bbox 1386 5229 1752 5292; x_wconf 88' lang='lat' dir='ltr'><strong>comparatur,</strong></span> <span class='ocrx_word' id='word_1_608' title='bbox 1773 5221 1868 5275; x_wconf 89' lang='lat' dir='ltr'><strong>sed</strong></span> <span class='ocrx_word' id='word_1_609' title='bbox 1891 5221 2013 5289; x_wconf 83' lang='lat' dir='ltr'><strong>quia</strong></span> 
     </span>
    </p>
   </div>
   <div class='ocr_carea' id='block_1_81' title="bbox 443 5314 2018 5383">
    <p class='ocr_par' dir='ltr' id='par_1_81' title="bbox 443 5314 2018 5383">
     <span class='ocr_line' id='line_1_82' title="bbox 443 5314 2018 5383; baseline -0.009 -3"><span class='ocrx_word' id='word_1_610' title='bbox 443 5330 502 5375; x_wconf 81' lang='lat' dir='ltr'><strong>ut</strong></span> <span class='ocrx_word' id='word_1_611' title='bbox 520 5324 598 5379; x_wconf 87' lang='lat' dir='ltr'><strong>sol</strong></span> <span class='ocrx_word' id='word_1_612' title='bbox 620 5331 799 5380; x_wconf 90' lang='lat' dir='ltr'><strong>ortum</strong></span> <span class='ocrx_word' id='word_1_613' title='bbox 824 5323 1012 5380; x_wconf 89' lang='lat' dir='ltr'><strong>habuit</strong></span> <span class='ocrx_word' id='word_1_614' title='bbox 1041 5320 1333 5383; x_wconf 78' lang='lat' dir='ltr'><strong>nascendo,</strong></span> <span class='ocrx_word' id='word_1_615' title='bbox 1361 5332 1611 5378; x_wconf 88' lang='lat' dir='ltr'><strong>occasum</strong></span> <span class='ocrx_word' id='word_1_616' title='bbox 1642 5314 1938 5382; x_wconf 85' lang='lat' dir='ltr'><strong>moriendo,</strong></span> <span class='ocrx_word' id='word_1_617' title='bbox 1963 5320 2018 5366; x_wconf 90' lang='lat' dir='ltr'><strong>et</strong></span> 
     </span>
    </p>
   </div>
   <div class='ocr_carea' id='block_1_82' title="bbox 447 5403 2019 5483">
    <p class='ocr_par' dir='ltr' id='par_1_82' title="bbox 447 5403 2019 5483">
     <span class='ocr_line' id='line_1_83' title="bbox 447 5403 2019 5483; baseline -0.004 -20"><span class='ocrx_word' id='word_1_618' title='bbox 447 5423 634 5465; x_wconf 84' lang='lat' dir='ltr'><strong>rursus</strong></span> <span class='ocrx_word' id='word_1_619' title='bbox 672 5420 850 5469; x_wconf 89' lang='lat' dir='ltr'><strong>ortum</strong></span> <span class='ocrx_word' id='word_1_620' title='bbox 880 5410 1229 5483; x_wconf 83' lang='lat' dir='ltr'><strong>resurgendo.</strong></span> <span class='ocrx_word' id='word_1_621' title='bbox 1289 5409 1438 5466; x_wconf 85' lang='lat' dir='ltr'><strong>Unde</strong></span> <span class='ocrx_word' id='word_1_622' title='bbox 1500 5408 1782 5462; x_wconf 88' lang='lat' dir='ltr'><strong>Salomon:</strong></span> <span class='ocrx_word' id='word_1_623' title='bbox 1836 5403 2019 5458; x_wconf 81' lang='lat' dir='ltr'><strong>Oritur</strong></span> 
     </span>
    </p>
   </div>
   <div class='ocr_carea' id='block_1_83' title="bbox 445 5493 2013 5572">
    <p class='ocr_par' dir='ltr' id='par_1_83' title="bbox 445 5493 2013 5572">
     <span class='ocr_line' id='line_1_84' title="bbox 445 5493 2013 5572; baseline -0.004 -20"><span class='ocrx_word' id='word_1_624' title='bbox 445 5496 584 5552; x_wconf 87' lang='lat' dir='ltr'><strong>solet</strong></span> <span class='ocrx_word' id='word_1_625' title='bbox 607 5501 813 5567; x_wconf 86' lang='lat' dir='ltr'><strong>occidit,</strong></span> <span class='ocrx_word' id='word_1_626' title='bbox 831 5513 886 5562; x_wconf 88' lang='lat' dir='ltr'><strong>et</strong></span> <span class='ocrx_word' id='word_1_627' title='bbox 903 5512 1120 5560; x_wconf 67' lang='lat' dir='ltr'><strong>caetera.</strong></span> <span class='ocrx_word' id='word_1_628' title='bbox 1145 5498 1341 5572; x_wconf 86' lang='lat' dir='ltr'><strong>(Eccle.</strong></span> <span class='ocrx_word' id='word_1_629' title='bbox 1359 5514 1400 5561; x_wconf 89' lang='grc' dir='ltr'>ι,</span> <span class='ocrx_word' id='word_1_630' title='bbox 1418 5497 1496 5566; x_wconf 85' lang='grc'><strong>5.)</strong></span> <span class='ocrx_word' id='word_1_631' title='bbox 1519 5495 1751 5549; x_wconf 85' lang='lat' dir='ltr'><strong>Possunt</strong></span> <span class='ocrx_word' id='word_1_632' title='bbox 1769 5503 1823 5548; x_wconf 90' lang='lat' dir='ltr'><strong>et</strong></span> <span class='ocrx_word' id='word_1_633' title='bbox 1844 5493 2013 5548; x_wconf 91' lang='lat' dir='ltr'><strong>sancti</strong></span> 
     </span>
    </p>
   </div>
   <div class='ocr_carea' id='block_1_84' title="bbox 448 5584 2012 5664">
    <p class='ocr_par' dir='ltr' id='par_1_84' title="bbox 448 5584 2012 5664">
     <span class='ocr_line' id='line_1_85' title="bbox 448 5584 2012 5664; baseline -0.006 -20"><span class='ocrx_word' id='word_1_634' title='bbox 448 5587 745 5663; x_wconf 77' lang='lat' dir='ltr'><strong>perfaciem</strong></span> <span class='ocrx_word' id='word_1_635' title='bbox 762 5591 1002 5664; x_wconf 86' lang='lat' dir='ltr'><strong>intelligi.</strong></span> <span class='ocrx_word' id='word_1_636' title='bbox 1024 5592 1088 5647; x_wconf 84' lang='lat' dir='ltr'><strong>Et</strong></span> <span class='ocrx_word' id='word_1_637' title='bbox 1104 5609 1191 5661; x_wconf 82' lang='lat' dir='ltr'><strong>pes</strong></span> <span class='ocrx_word' id='word_1_638' title='bbox 1211 5592 1324 5661; x_wconf 84' lang='lat' dir='ltr'><strong>ejus</strong></span> <span class='ocrx_word' id='word_1_639' title='bbox 1345 5598 1592 5657; x_wconf 84' lang='lat' dir='ltr'><strong>tanquam</strong></span> <span class='ocrx_word' id='word_1_640' title='bbox 1608 5584 2012 5652; x_wconf 80' lang='lat' dir='ltr'><strong>columnaignis.</strong></span> 
     </span>
    </p>
   </div>
   <div class='ocr_carea' id='block_1_85' title="bbox 451 5673 2014 5750">
    <p class='ocr_par' dir='ltr' id='par_1_85' title="bbox 451 5673 2014 5750">
     <span class='ocr_line' id='line_1_86' title="bbox 451 5673 2014 5750; baseline -0.01 -12"><span class='ocrx_word' id='word_1_641' title='bbox 451 5680 619 5738; x_wconf 75' lang='lat' dir='ltr'><strong>Pedes</strong></span> <span class='ocrx_word' id='word_1_642' title='bbox 639 5679 811 5746; x_wconf 78' lang='lat' dir='ltr'><strong>angeli</strong></span> <span class='ocrx_word' id='word_1_643' title='bbox 836 5692 961 5735; x_wconf 87' lang='lat' dir='ltr'><strong>sunt</strong></span> <span class='ocrx_word' id='word_1_644' title='bbox 983 5681 1384 5750; x_wconf 70' lang='lat' dir='ltr'><strong>prmdicatores,</strong></span> <span class='ocrx_word' id='word_1_645' title='bbox 1405 5677 1601 5748; x_wconf 85' lang='lat' dir='ltr'><strong>quibus</strong></span> <span class='ocrx_word' id='word_1_646' title='bbox 1627 5675 1904 5731; x_wconf 72' lang='lat' dir='ltr'><strong>ineat-nata</strong></span> <span class='ocrx_word' id='word_1_647' title='bbox 1917 5673 2014 5724; x_wconf 85' lang='lat' dir='ltr'><strong>Dei</strong></span> 
     </span>
    </p>
   </div>
   <div class='ocr_carea' id='block_1_86' title="bbox 2042 4630 2089 4689">
    <p class='ocr_par' dir='ltr' id='par_1_86' title="bbox 2042 4630 2089 4689">
     <span class='ocr_line' id='line_1_87' title="bbox 2042 4630 2089 4689; baseline 0 0"><span class='ocrx_word' id='word_1_648' title='bbox 2042 4630 2089 4689; x_wconf 92' lang='lat' dir='ltr'><strong>D</strong></span> 
     </span>
    </p>
   </div>
   <div class='ocr_carea' id='block_1_87' title="bbox 2113 3396 3684 3471">
    <p class='ocr_par' dir='ltr' id='par_1_87' title="bbox 2113 3396 3684 3471">
     <span class='ocr_line' id='line_1_88' title="bbox 2113 3396 3684 3471; baseline 0.003 -20"><span class='ocrx_word' id='word_1_649' title='bbox 2113 3397 2248 3451; x_wconf 90' lang='lat' dir='ltr'><strong>cutit</strong></span> <span class='ocrx_word' id='word_1_650' title='bbox 2286 3396 2497 3460; x_wconf 89' lang='lat' dir='ltr'><strong>bestiis,</strong></span> <span class='ocrx_word' id='word_1_651' title='bbox 2546 3397 2624 3450; x_wconf 89' lang='lat' dir='ltr'><strong>sic</strong></span> <span class='ocrx_word' id='word_1_652' title='bbox 2666 3397 2914 3452; x_wconf 85' lang='lat' dir='ltr'><strong>Christus</strong></span> <span class='ocrx_word' id='word_1_653' title='bbox 2939 3414 3036 3468; x_wconf 88' lang='lat' dir='ltr'><strong>per</strong></span> <span class='ocrx_word' id='word_1_654' title='bbox 3061 3408 3278 3462; x_wconf 82' lang='lat' dir='ltr'><strong>sanctos</strong></span> <span class='ocrx_word' id='word_1_655' title='bbox 3303 3400 3684 3471; x_wconf 71' lang='lat' dir='ltr'><strong>praedicatores</strong></span> 
     </span>
    </p>
   </div>
   <div class='ocr_carea' id='block_1_88' title="bbox 2113 3487 3676 3548">
    <p class='ocr_par' dir='ltr' id='par_1_88' title="bbox 2113 3487 3676 3548">
     <span class='ocr_line' id='line_1_89' title="bbox 2113 3487 3676 3548; baseline 0.005 -8"><span class='ocrx_word' id='word_1_656' title='bbox 2113 3487 2366 3541; x_wconf 89' lang='lat' dir='ltr'><strong>minando</strong></span> <span class='ocrx_word' id='word_1_657' title='bbox 2419 3487 2665 3541; x_wconf 89' lang='lat' dir='ltr'><strong>timorem</strong></span> <span class='ocrx_word' id='word_1_658' title='bbox 2716 3489 2908 3542; x_wconf 89' lang='lat' dir='ltr'><strong>incutit</strong></span> <span class='ocrx_word' id='word_1_659' title='bbox 2965 3489 3280 3545; x_wconf 86' lang='lat' dir='ltr'><strong>bestialibus</strong></span> <span class='ocrx_word' id='word_1_660' title='bbox 3335 3491 3676 3548; x_wconf 81' lang='lat' dir='ltr'><strong>hominibus:</strong></span> 
     </span>
    </p>
   </div>
   <div class='ocr_carea' id='block_1_89' title="bbox 2106 3577 3683 3652">
    <p class='ocr_par' dir='ltr' id='par_1_89' title="bbox 2106 3577 3683 3652">
     <span class='ocr_line' id='line_1_90' title="bbox 2106 3577 3683 3652; baseline 0.003 -22"><span class='ocrx_word' id='word_1_661' title='bbox 2106 3577 2262 3645; x_wconf 84' lang='lat' dir='ltr'><strong>juxta</strong></span> <span class='ocrx_word' id='word_1_662' title='bbox 2287 3577 2414 3632; x_wconf 89' lang='lat' dir='ltr'><strong>illud</strong></span> <span class='ocrx_word' id='word_1_663' title='bbox 2441 3597 2452 3631; x_wconf 89' lang='lat'><strong>:</strong></span> <span class='ocrx_word' id='word_1_664' title='bbox 2488 3578 2591 3632; x_wconf 80' lang='lat' dir='ltr'><strong>Leo</strong></span> <span class='ocrx_word' id='word_1_665' title='bbox 2615 3580 2778 3648; x_wconf 84' lang='lat' dir='ltr'><strong>rugit,</strong></span> <span class='ocrx_word' id='word_1_666' title='bbox 2803 3581 2918 3650; x_wconf 86' lang='lat' dir='ltr'><strong>quis</strong></span> <span class='ocrx_word' id='word_1_667' title='bbox 2942 3597 3041 3634; x_wconf 81' lang='lat' dir='ltr'><strong>non</strong></span> <span class='ocrx_word' id='word_1_668' title='bbox 3064 3581 3256 3635; x_wconf 88' lang='lat' dir='ltr'><strong>timebit</strong></span> <span class='ocrx_word' id='word_1_669' title='bbox 3287 3580 3464 3652; x_wconf 76' lang='lat' dir='ltr'><strong>(Amos</strong></span> <span class='ocrx_word' id='word_1_670' title='bbox 3488 3599 3570 3646; x_wconf 85' lang='grc' dir='ltr'>ιιι,</span> <span class='ocrx_word' id='word_1_671' title='bbox 3595 3583 3683 3652; x_wconf 83' lang='lat'><strong>8)?</strong></span> 
     </span>
    </p>
   </div>
   <div class='ocr_carea' id='block_1_90' title="bbox 2114 3666 3679 3742">
    <p class='ocr_par' dir='ltr' id='par_1_90' title="bbox 2114 3666 3679 3742">
     <span class='ocr_line' id='line_1_91' title="bbox 2114 3666 3679 3742; baseline 0.004 -22"><span class='ocrx_word' id='word_1_672' title='bbox 2114 3666 2182 3720; x_wconf 84' lang='lat' dir='ltr'><strong>Et</strong></span> <span class='ocrx_word' id='word_1_673' title='bbox 2207 3683 2323 3720; x_wconf 85' lang='lat' dir='ltr'><strong>cum</strong></span> <span class='ocrx_word' id='word_1_674' title='bbox 2357 3667 2630 3722; x_wconf 85' lang='lat' dir='ltr'><strong>clamasset</strong></span> <span class='ocrx_word' id='word_1_675' title='bbox 2658 3711 2670 3733; x_wconf 90' lang='lat'><strong>,</strong></span> <span class='ocrx_word' id='word_1_676' title='bbox 2699 3669 2873 3723; x_wconf 89' lang='lat' dir='ltr'><strong>locuta</strong></span> <span class='ocrx_word' id='word_1_677' title='bbox 2901 3681 3022 3724; x_wconf 86' lang='lat' dir='ltr'><strong>sunt</strong></span> <span class='ocrx_word' id='word_1_678' title='bbox 3050 3682 3239 3742; x_wconf 84' lang='lat' dir='ltr'><strong>septem</strong></span> <span class='ocrx_word' id='word_1_679' title='bbox 3280 3674 3508 3726; x_wconf 84' lang='lat' dir='ltr'><strong>tonitrua</strong></span> <span class='ocrx_word' id='word_1_680' title='bbox 3537 3690 3679 3727; x_wconf 76' lang='lat' dir='ltr'><strong>rores</strong></span> 
     </span>
    </p>
   </div>
   <div class='ocr_carea' id='block_1_91' title="bbox 2111 3759 3681 3833">
    <p class='ocr_par' dir='ltr' id='par_1_91' title="bbox 2111 3759 3681 3833">
     <span class='ocr_line' id='line_1_92' title="bbox 2111 3759 3681 3833; baseline 0.004 -21"><span class='ocrx_word' id='word_1_681' title='bbox 2111 3775 2254 3813; x_wconf 86' lang='lat' dir='ltr'><strong>suas.</strong></span> <span class='ocrx_word' id='word_1_682' title='bbox 2280 3759 2390 3814; x_wconf 84' lang='lat' dir='ltr'><strong>Hoc</strong></span> <span class='ocrx_word' id='word_1_683' title='bbox 2412 3760 2719 3829; x_wconf 82' lang='lat' dir='ltr'><strong>signiﬁcant</strong></span> <span class='ocrx_word' id='word_1_684' title='bbox 2745 3769 2949 3832; x_wconf 87' lang='lat' dir='ltr'><strong>septem</strong></span> <span class='ocrx_word' id='word_1_685' title='bbox 2983 3765 3244 3828; x_wconf 82' lang='lat' dir='ltr'><strong>tonitrua,</strong></span> <span class='ocrx_word' id='word_1_686' title='bbox 3274 3765 3409 3833; x_wconf 87' lang='lat' dir='ltr'><strong>quod</strong></span> <span class='ocrx_word' id='word_1_687' title='bbox 3445 3779 3542 3818; x_wconf 80' lang='lat' dir='ltr'><strong>vox</strong></span> <span class='ocrx_word' id='word_1_688' title='bbox 3567 3763 3681 3819; x_wconf 88' lang='lat' dir='ltr'><strong>leo-</strong></span> 
     </span>
    </p>
   </div>
   <div class='ocr_carea' id='block_1_92' title="bbox 2114 3851 3680 3920">
    <p class='ocr_par' dir='ltr' id='par_1_92' title="bbox 2114 3851 3680 3920">
     <span class='ocr_line' id='line_1_93' title="bbox 2114 3851 3680 3920; baseline 0.001 -15"><span class='ocrx_word' id='word_1_689' title='bbox 2114 3851 2219 3914; x_wconf 91' lang='lat' dir='ltr'><strong>nis,</strong></span> <span class='ocrx_word' id='word_1_690' title='bbox 2247 3851 2298 3904; x_wconf 91' lang='lat' dir='ltr'><strong>id</strong></span> <span class='ocrx_word' id='word_1_691' title='bbox 2323 3860 2406 3905; x_wconf 91' lang='lat' dir='ltr'><strong>est</strong></span> <span class='ocrx_word' id='word_1_692' title='bbox 2428 3851 2578 3907; x_wconf 89' lang='lat' dir='ltr'><strong>verbi</strong></span> <span class='ocrx_word' id='word_1_693' title='bbox 2602 3853 3033 3920; x_wconf 63' lang='lat' dir='ltr'><strong>praedicationem</strong></span> <span class='ocrx_word' id='word_1_694' title='bbox 3060 3870 3075 3919; x_wconf 95' lang='lat'><strong>;</strong></span> <span class='ocrx_word' id='word_1_695' title='bbox 3116 3864 3174 3908; x_wconf 94' lang='lat' dir='ltr'><strong>ut</strong></span> <span class='ocrx_word' id='word_1_696' title='bbox 3203 3854 3326 3908; x_wconf 90' lang='lat' dir='ltr'><strong>illud</strong></span> <span class='ocrx_word' id='word_1_697' title='bbox 3355 3871 3369 3907; x_wconf 71' lang='grc' dir='ltr'><strong>ι</strong></span> <span class='ocrx_word' id='word_1_698' title='bbox 3406 3852 3517 3906; x_wconf 65' lang='grc' dir='ltr'><strong>νοω</strong></span> <span class='ocrx_word' id='word_1_699' title='bbox 3541 3854 3680 3907; x_wconf 76' lang='lat' dir='ltr'><strong>toni-</strong></span> 
     </span>
    </p>
   </div>
   <div class='ocr_carea' id='block_1_93' title="bbox 2113 3939 3683 4014">
    <p class='ocr_par' dir='ltr' id='par_1_93' title="bbox 2113 3939 3683 4014">
     <span class='ocr_line' id='line_1_94' title="bbox 2113 3939 3683 4014; baseline 0.004 -22"><span class='ocrx_word' id='word_1_700' title='bbox 2113 3941 2219 3992; x_wconf 90' lang='lat' dir='ltr'><strong>trui</strong></span> <span class='ocrx_word' id='word_1_701' title='bbox 2248 3942 2328 3993; x_wconf 86' lang='lat' dir='ltr'><strong>tui</strong></span> <span class='ocrx_word' id='word_1_702' title='bbox 2351 3939 2405 3993; x_wconf 87' lang='lat' dir='ltr'><strong>in</strong></span> <span class='ocrx_word' id='word_1_703' title='bbox 2437 3950 2549 3994; x_wconf 86' lang='lat' dir='ltr'><strong>rota</strong></span> <span class='ocrx_word' id='word_1_704' title='bbox 2580 3940 2750 4011; x_wconf 79' lang='lat' dir='ltr'><strong>(Psal.</strong></span> <span class='ocrx_word' id='word_1_705' title='bbox 2783 3956 2965 4006; x_wconf 72' lang='lat' dir='ltr'><strong>LXXVI,</strong></span> <span class='ocrx_word' id='word_1_706' title='bbox 3010 3941 3118 4014; x_wconf 76' lang='lat' dir='ltr'><strong>i9).</strong></span> <span class='ocrx_word' id='word_1_707' title='bbox 3161 3943 3229 3996; x_wconf 87' lang='lat' dir='ltr'><strong>Et</strong></span> <span class='ocrx_word' id='word_1_708' title='bbox 3254 3952 3378 3997; x_wconf 89' lang='lat' dir='ltr'><strong>nota</strong></span> <span class='ocrx_word' id='word_1_709' title='bbox 3407 3943 3528 4013; x_wconf 88' lang='lat' dir='ltr'><strong>quia</strong></span> <span class='ocrx_word' id='word_1_710' title='bbox 3561 3952 3683 4012; x_wconf 85' lang='lat' dir='ltr'><strong>post</strong></span> 
     </span>
    </p>
   </div>
   <div class='ocr_carea' id='block_1_94' title="bbox 2113 4030 3683 4102">
    <p class='ocr_par' dir='ltr' id='par_1_94' title="bbox 2113 4030 3683 4102">
     <span class='ocr_line' id='line_1_95' title="bbox 2113 4030 3683 4102; baseline 0.001 -18"><span class='ocrx_word' id='word_1_711' title='bbox 2113 4030 2284 4084; x_wconf 92' lang='lat' dir='ltr'><strong>leonis</strong></span> <span class='ocrx_word' id='word_1_712' title='bbox 2312 4045 2520 4095; x_wconf 86' lang='lat' dir='ltr'><strong>vocem,</strong></span> <span class='ocrx_word' id='word_1_713' title='bbox 2559 4031 2737 4085; x_wconf 88' lang='lat' dir='ltr'><strong>locuta</strong></span> <span class='ocrx_word' id='word_1_714' title='bbox 2777 4031 3031 4086; x_wconf 88' lang='lat' dir='ltr'><strong>dicuntur</strong></span> <span class='ocrx_word' id='word_1_715' title='bbox 3053 4032 3284 4086; x_wconf 85' lang='lat' dir='ltr'><strong>tonitrua</strong></span> <span class='ocrx_word' id='word_1_716' title='bbox 3309 4073 3322 4097; x_wconf 94' lang='lat'><strong>,</strong></span> <span class='ocrx_word' id='word_1_717' title='bbox 3370 4034 3495 4102; x_wconf 92' lang='lat' dir='ltr'><strong>quia</strong></span> <span class='ocrx_word' id='word_1_718' title='bbox 3542 4031 3683 4101; x_wconf 90' lang='lat' dir='ltr'><strong>quod</strong></span> 
     </span>
    </p>
   </div>
   <div class='ocr_carea' id='block_1_95' title="bbox 2115 4121 3683 4192">
    <p class='ocr_par' dir='ltr' id='par_1_95' title="bbox 2115 4121 3683 4192">
     <span class='ocr_line' id='line_1_96' title="bbox 2115 4121 3683 4192; baseline 0 -15"><span class='ocrx_word' id='word_1_719' title='bbox 2115 4123 2375 4177; x_wconf 84' lang='lat' dir='ltr'><strong>Dominus</strong></span> <span class='ocrx_word' id='word_1_720' title='bbox 2401 4121 2602 4187; x_wconf 91' lang='lat' dir='ltr'><strong>docuit,</strong></span> <span class='ocrx_word' id='word_1_721' title='bbox 2649 4123 2753 4176; x_wconf 88' lang='lat' dir='ltr'><strong>hoc</strong></span> <span class='ocrx_word' id='word_1_722' title='bbox 2779 4123 2942 4177; x_wconf 90' lang='lat' dir='ltr'><strong>etiam</strong></span> <span class='ocrx_word' id='word_1_723' title='bbox 2971 4121 3203 4192; x_wconf 87' lang='lat' dir='ltr'><strong>Spiritus</strong></span> <span class='ocrx_word' id='word_1_724' title='bbox 3231 4121 3561 4191; x_wconf 80' lang='lat' dir='ltr'><strong>septiformis</strong></span> <span class='ocrx_word' id='word_1_725' title='bbox 3590 4122 3683 4177; x_wconf 84' lang='lat' dir='ltr'><strong>do-</strong></span> 
     </span>
    </p>
   </div>
   <div class='ocr_carea' id='block_1_96' title="bbox 2115 4211 3681 4282">
    <p class='ocr_par' dir='ltr' id='par_1_96' title="bbox 2115 4211 3681 4282">
     <span class='ocr_line' id='line_1_97' title="bbox 2115 4211 3681 4282; baseline -0.001 -15"><span class='ocrx_word' id='word_1_726' title='bbox 2115 4214 2227 4268; x_wconf 85' lang='lat' dir='ltr'><strong>cuit</strong></span> <span class='ocrx_word' id='word_1_727' title='bbox 2250 4211 2520 4281; x_wconf 89' lang='lat' dir='ltr'><strong>apostolos</strong></span> <span class='ocrx_word' id='word_1_728' title='bbox 2543 4213 2838 4282; x_wconf 65' lang='lat' dir='ltr'><strong>praadicare</strong></span> <span class='ocrx_word' id='word_1_729' title='bbox 2871 4231 2884 4265; x_wconf 91' lang='lat'>:</span> <span class='ocrx_word' id='word_1_730' title='bbox 2913 4213 3054 4267; x_wconf 89' lang='lat' dir='ltr'><strong>unde</strong></span> <span class='ocrx_word' id='word_1_731' title='bbox 3082 4211 3213 4266; x_wconf 85' lang='lat' dir='ltr'><strong>Filii</strong></span> <span class='ocrx_word' id='word_1_732' title='bbox 3235 4212 3454 4266; x_wconf 85' lang='lat' dir='ltr'><strong>tonitrui</strong></span> <span class='ocrx_word' id='word_1_733' title='bbox 3496 4212 3681 4267; x_wconf 89' lang='lat' dir='ltr'><strong>dicun-</strong></span> 
     </span>
    </p>
   </div>
   <div class='ocr_carea' id='block_1_97' title="bbox 2114 4301 3684 4372">
    <p class='ocr_par' dir='ltr' id='par_1_97' title="bbox 2114 4301 3684 4372">
     <span class='ocr_line' id='line_1_98' title="bbox 2114 4301 3684 4372; baseline 0.001 -16"><span class='ocrx_word' id='word_1_734' title='bbox 2114 4311 2221 4356; x_wconf 88' lang='lat' dir='ltr'><strong>tur.</strong></span> <span class='ocrx_word' id='word_1_735' title='bbox 2248 4301 2387 4357; x_wconf 89' lang='lat' dir='ltr'><strong>Suas</strong></span> <span class='ocrx_word' id='word_1_736' title='bbox 2417 4313 2597 4357; x_wconf 89' lang='lat' dir='ltr'><strong>autem</strong></span> <span class='ocrx_word' id='word_1_737' title='bbox 2625 4318 2786 4358; x_wconf 84' lang='lat' dir='ltr'><strong>voces</strong></span> <span class='ocrx_word' id='word_1_738' title='bbox 2812 4303 2988 4358; x_wconf 91' lang='lat' dir='ltr'><strong>locuta</strong></span> <span class='ocrx_word' id='word_1_739' title='bbox 3016 4312 3162 4366; x_wconf 90' lang='lat' dir='ltr'><strong>sunt,</strong></span> <span class='ocrx_word' id='word_1_740' title='bbox 3187 4303 3312 4372; x_wconf 91' lang='lat' dir='ltr'><strong>quia</strong></span> <span class='ocrx_word' id='word_1_741' title='bbox 3348 4320 3453 4358; x_wconf 79' lang='lat' dir='ltr'><strong>non</strong></span> <span class='ocrx_word' id='word_1_742' title='bbox 3477 4302 3684 4358; x_wconf 56' lang='lat' dir='ltr'><strong>Judzeo-</strong></span> 
     </span>
    </p>
   </div>
   <div class='ocr_carea' id='block_1_98' title="bbox 2115 4395 3687 4464">
    <p class='ocr_par' dir='ltr' id='par_1_98' title="bbox 2115 4395 3687 4464">
     <span class='ocr_line' id='line_1_99' title="bbox 2115 4395 3687 4464; baseline -0.001 -15"><span class='ocrx_word' id='word_1_743' title='bbox 2115 4411 2232 4449; x_wconf 91' lang='lat' dir='ltr'><strong>rum</strong></span> <span class='ocrx_word' id='word_1_744' title='bbox 2257 4396 2482 4460; x_wconf 79' lang='lat' dir='ltr'><strong>fabulas,</strong></span> <span class='ocrx_word' id='word_1_745' title='bbox 2501 4411 2605 4450; x_wconf 92' lang='lat' dir='ltr'><strong>non</strong></span> <span class='ocrx_word' id='word_1_746' title='bbox 2627 4395 3064 4464; x_wconf 89' lang='lat' dir='ltr'><strong>philosophorum</strong></span> <span class='ocrx_word' id='word_1_747' title='bbox 3079 4395 3476 4450; x_wconf 74' lang='lat' dir='ltr'><strong>nteniassancta</strong></span> <span class='ocrx_word' id='word_1_748' title='bbox 3490 4396 3687 4448; x_wconf 79' lang='lat' dir='ltr'><strong>doctri-</strong></span> 
     </span>
    </p>
   </div>
   <div class='ocr_carea' id='block_1_99' title="bbox 2115 4487 3681 4558">
    <p class='ocr_par' dir='ltr' id='par_1_99' title="bbox 2115 4487 3681 4558">
     <span class='ocr_line' id='line_1_100' title="bbox 2115 4487 3681 4558; baseline -0.001 -18"><span class='ocrx_word' id='word_1_749' title='bbox 2115 4502 2180 4540; x_wconf 90' lang='lat' dir='ltr'><strong>na</strong></span> <span class='ocrx_word' id='word_1_750' title='bbox 2200 4487 2251 4540; x_wconf 91' lang='lat' dir='ltr'><strong>in</strong></span> <span class='ocrx_word' id='word_1_751' title='bbox 2265 4487 2378 4542; x_wconf 90' lang='lat' dir='ltr'><strong>suis</strong></span> <span class='ocrx_word' id='word_1_752' title='bbox 2389 4487 2728 4558; x_wconf 88' lang='lat' dir='ltr'><strong>dogmatibus</strong></span> <span class='ocrx_word' id='word_1_753' title='bbox 2743 4487 2951 4557; x_wconf 89' lang='lat' dir='ltr'><strong>recipit.</strong></span> <span class='ocrx_word' id='word_1_754' title='bbox 2969 4487 3074 4542; x_wconf 89' lang='lat' dir='ltr'><strong>Sed</strong></span> <span class='ocrx_word' id='word_1_755' title='bbox 3094 4488 3247 4542; x_wconf 82' lang='lat' dir='ltr'><strong>valde</strong></span> <span class='ocrx_word' id='word_1_756' title='bbox 3259 4488 3414 4542; x_wconf 90' lang='lat' dir='ltr'><strong>nobis</strong></span> <span class='ocrx_word' id='word_1_757' title='bbox 3433 4487 3681 4556; x_wconf 81' lang='lat' dir='ltr'><strong>perplexa</strong></span> 
     </span>
    </p>
   </div>
   <div class='ocr_carea' id='block_1_100' title="bbox 2115 4575 3685 4648">
    <p class='ocr_par' dir='ltr' id='par_1_100' title="bbox 2115 4575 3685 4648">
     <span class='ocr_line' id='line_1_101' title="bbox 2115 4575 3685 4648; baseline 0.001 -20"><span class='ocrx_word' id='word_1_758' title='bbox 2115 4576 2340 4645; x_wconf 75' lang='lat' dir='ltr'><strong>quaestio</strong></span> <span class='ocrx_word' id='word_1_759' title='bbox 2356 4577 2710 4646; x_wconf 86' lang='lat' dir='ltr'><strong>generaturin</strong></span> <span class='ocrx_word' id='word_1_760' title='bbox 2734 4591 2799 4630; x_wconf 89' lang='lat' dir='ltr'><strong>eo</strong></span> <span class='ocrx_word' id='word_1_761' title='bbox 2833 4577 2974 4645; x_wconf 92' lang='lat' dir='ltr'><strong>quod</strong></span> <span class='ocrx_word' id='word_1_762' title='bbox 3003 4577 3251 4631; x_wconf 90' lang='lat' dir='ltr'><strong>subditur</strong></span> <span class='ocrx_word' id='word_1_763' title='bbox 3280 4595 3292 4629; x_wconf 88' lang='lat'><strong>:</strong></span> <span class='ocrx_word' id='word_1_764' title='bbox 3332 4575 3515 4646; x_wconf 76' lang='lat' dir='ltr'><strong>(Vens.</strong></span> <span class='ocrx_word' id='word_1_765' title='bbox 3541 4575 3596 4648; x_wconf 72' lang='grc'><strong>4)</strong></span> <span class='ocrx_word' id='word_1_766' title='bbox 3621 4575 3685 4630; x_wconf 82' lang='lat' dir='ltr'><strong>Et</strong></span> 
     </span>
    </p>
   </div>
   <div class='ocr_carea' id='block_1_101' title="bbox 2116 4666 3682 4738">
    <p class='ocr_par' dir='ltr' id='par_1_101' title="bbox 2116 4666 3682 4738">
     <span class='ocr_line' id='line_1_102' title="bbox 2116 4666 3682 4738; baseline 0 -18"><span class='ocrx_word' id='word_1_767' title='bbox 2116 4681 2235 4735; x_wconf 68' lang='lat' dir='ltr'><strong>qua:</strong></span> <span class='ocrx_word' id='word_1_768' title='bbox 2261 4666 2438 4721; x_wconf 89' lang='lat' dir='ltr'><strong>locuta</strong></span> <span class='ocrx_word' id='word_1_769' title='bbox 2463 4674 2584 4719; x_wconf 89' lang='lat' dir='ltr'><strong>sunt</strong></span> <span class='ocrx_word' id='word_1_770' title='bbox 2618 4675 2822 4735; x_wconf 89' lang='lat' dir='ltr'><strong>septem</strong></span> <span class='ocrx_word' id='word_1_771' title='bbox 2853 4669 3086 4721; x_wconf 89' lang='lat' dir='ltr'><strong>tonitrua</strong></span> <span class='ocrx_word' id='word_1_772' title='bbox 3111 4671 3402 4738; x_wconf 86' lang='lat' dir='ltr'><strong>scripturus</strong></span> <span class='ocrx_word' id='word_1_773' title='bbox 3427 4685 3569 4722; x_wconf 85' lang='lat' dir='ltr'><strong>eram</strong></span> <span class='ocrx_word' id='word_1_774' title='bbox 3588 4709 3601 4732; x_wconf 92' lang='lat'><strong>,</strong></span> <span class='ocrx_word' id='word_1_775' title='bbox 3632 4680 3682 4721; x_wconf 82' lang='lat' dir='ltr'><strong>et</strong></span> 
     </span>
    </p>
   </div>
   <div class='ocr_carea' id='block_1_102' title="bbox 2113 4758 3682 4830">
    <p class='ocr_par' dir='ltr' id='par_1_102' title="bbox 2113 4758 3682 4830">
     <span class='ocr_line' id='line_1_103' title="bbox 2113 4758 3682 4830; baseline 0 -19"><span class='ocrx_word' id='word_1_776' title='bbox 2113 4758 2294 4812; x_wconf 84' lang='lat' dir='ltr'><strong>audivi</strong></span> <span class='ocrx_word' id='word_1_777' title='bbox 2332 4774 2501 4811; x_wconf 73' lang='lat' dir='ltr'><strong>vocem</strong></span> <span class='ocrx_word' id='word_1_778' title='bbox 2542 4758 2607 4811; x_wconf 86' lang='lat' dir='ltr'><strong>de</strong></span> <span class='ocrx_word' id='word_1_779' title='bbox 2648 4758 2771 4812; x_wconf 74' lang='lat' dir='ltr'><strong>caelo</strong></span> <span class='ocrx_word' id='word_1_780' title='bbox 2815 4759 3068 4812; x_wconf 84' lang='lat' dir='ltr'><strong>dicentem</strong></span> <span class='ocrx_word' id='word_1_781' title='bbox 3098 4774 3116 4810; x_wconf 91' lang='lat'><strong><em>:</em></strong></span> <span class='ocrx_word' id='word_1_782' title='bbox 3169 4760 3333 4830; x_wconf 85' lang='lat' dir='ltr'><strong>Signa</strong></span> <span class='ocrx_word' id='word_1_783' title='bbox 3370 4777 3483 4830; x_wconf 63' lang='lat' dir='ltr'><strong>quae</strong></span> <span class='ocrx_word' id='word_1_784' title='bbox 3511 4759 3682 4812; x_wconf 84' lang='lat' dir='ltr'><strong>locuta</strong></span> 
     </span>
    </p>
   </div>
   <div class='ocr_carea' id='block_1_103' title="bbox 2115 4848 3687 4917">
    <p class='ocr_par' dir='ltr' id='par_1_103' title="bbox 2115 4848 3687 4917">
     <span class='ocr_line' id='line_1_104' title="bbox 2115 4848 3687 4917; baseline 0.001 -17"><span class='ocrx_word' id='word_1_785' title='bbox 2115 4857 2236 4901; x_wconf 85' lang='lat' dir='ltr'><strong>sunt</strong></span> <span class='ocrx_word' id='word_1_786' title='bbox 2259 4856 2452 4917; x_wconf 87' lang='lat' dir='ltr'><strong>septem</strong></span> <span class='ocrx_word' id='word_1_787' title='bbox 2474 4848 2728 4911; x_wconf 85' lang='lat' dir='ltr'><strong>tonitrua,</strong></span> <span class='ocrx_word' id='word_1_788' title='bbox 2749 4857 2797 4902; x_wconf 88' lang='lat' dir='ltr'><strong>et</strong></span> <span class='ocrx_word' id='word_1_789' title='bbox 2828 4849 2934 4902; x_wconf 88' lang='lat' dir='ltr'><strong>noli</strong></span> <span class='ocrx_word' id='word_1_790' title='bbox 2969 4865 3029 4902; x_wconf 91' lang='lat' dir='ltr'><strong>ea</strong></span> <span class='ocrx_word' id='word_1_791' title='bbox 3055 4849 3296 4902; x_wconf 85' lang='lat' dir='ltr'><strong>scribere.</strong></span> <span class='ocrx_word' id='word_1_792' title='bbox 3325 4849 3381 4903; x_wconf 85' lang='lat' dir='ltr'><strong>Si</strong></span> <span class='ocrx_word' id='word_1_793' title='bbox 3399 4849 3538 4903; x_wconf 87' lang='lat' dir='ltr'><strong>enim</strong></span> <span class='ocrx_word' id='word_1_794' title='bbox 3561 4863 3687 4902; x_wconf 80' lang='lat' dir='ltr'><strong>san-</strong></span> 
     </span>
    </p>
   </div>
   <div class='ocr_carea' id='block_1_104' title="bbox 2115 4937 3688 5008">
    <p class='ocr_par' dir='ltr' id='par_1_104' title="bbox 2115 4937 3688 5008">
     <span class='ocr_line' id='line_1_105' title="bbox 2115 4937 3688 5008; baseline -0.001 -14"><span class='ocrx_word' id='word_1_795' title='bbox 2115 4947 2200 4994; x_wconf 85' lang='lat' dir='ltr'><strong>cta</strong></span> <span class='ocrx_word' id='word_1_796' title='bbox 2223 4938 2533 5008; x_wconf 62' lang='lat' dir='ltr'><strong>praedicatio</strong></span> <span class='ocrx_word' id='word_1_797' title='bbox 2563 4938 2759 5006; x_wconf 86' lang='lat' dir='ltr'><strong>scripta</strong></span> <span class='ocrx_word' id='word_1_798' title='bbox 2802 4953 2906 4993; x_wconf 90' lang='lat' dir='ltr'><strong>non</strong></span> <span class='ocrx_word' id='word_1_799' title='bbox 2940 4937 3148 5003; x_wconf 82' lang='lat' dir='ltr'><strong>fuisset,</strong></span> <span class='ocrx_word' id='word_1_800' title='bbox 3175 4937 3242 4992; x_wconf 89' lang='lat' dir='ltr'><strong>ad</strong></span> <span class='ocrx_word' id='word_1_801' title='bbox 3271 4953 3369 4992; x_wconf 90' lang='lat' dir='ltr'><strong>nos</strong></span> <span class='ocrx_word' id='word_1_802' title='bbox 3411 4937 3552 4992; x_wconf 87' lang='lat' dir='ltr'><strong>unde</strong></span> <span class='ocrx_word' id='word_1_803' title='bbox 3590 4951 3688 4992; x_wconf 78' lang='lat' dir='ltr'><strong>ve-</strong></span> 
     </span>
    </p>
   </div>
   <div class='ocr_carea' id='block_1_105' title="bbox 2116 5028 3690 5101">
    <p class='ocr_par' dir='ltr' id='par_1_105' title="bbox 2116 5028 3690 5101">
     <span class='ocr_line' id='line_1_106' title="bbox 2116 5028 3690 5101; baseline -0.003 -13"><span class='ocrx_word' id='word_1_804' title='bbox 2116 5034 2326 5089; x_wconf 88' lang='lat' dir='ltr'><strong>nisset?</strong></span> <span class='ocrx_word' id='word_1_805' title='bbox 2355 5032 2580 5086; x_wconf 90' lang='lat' dir='ltr'><strong>Videtur</strong></span> <span class='ocrx_word' id='word_1_806' title='bbox 2605 5045 2735 5101; x_wconf 87' lang='lat' dir='ltr'><strong>ergo</strong></span> <span class='ocrx_word' id='word_1_807' title='bbox 2761 5031 2863 5085; x_wconf 89' lang='lat' dir='ltr'><strong>hoc</strong></span> <span class='ocrx_word' id='word_1_808' title='bbox 2890 5031 3009 5085; x_wconf 89' lang='lat' dir='ltr'><strong>loco</strong></span> <span class='ocrx_word' id='word_1_809' title='bbox 3054 5031 3340 5100; x_wconf 88' lang='lat' dir='ltr'><strong>quamdam</strong></span> <span class='ocrx_word' id='word_1_810' title='bbox 3373 5028 3690 5098; x_wconf 88' lang='lat' dir='ltr'><strong>descriptio-</strong></span> 
     </span>
    </p>
   </div>
   <div class='ocr_carea' id='block_1_106' title="bbox 2116 5116 3690 5194">
    <p class='ocr_par' dir='ltr' id='par_1_106' title="bbox 2116 5116 3690 5194">
     <span class='ocr_line' id='line_1_107' title="bbox 2116 5116 3690 5194; baseline -0.004 -14"><span class='ocrx_word' id='word_1_811' title='bbox 2116 5140 2237 5180; x_wconf 88' lang='lat' dir='ltr'><strong>nem</strong></span> <span class='ocrx_word' id='word_1_812' title='bbox 2256 5124 2478 5194; x_wconf 87' lang='lat' dir='ltr'><strong>intelligi</strong></span> <span class='ocrx_word' id='word_1_813' title='bbox 2505 5123 2717 5178; x_wconf 89' lang='lat' dir='ltr'><strong>debere.</strong></span> <span class='ocrx_word' id='word_1_814' title='bbox 2746 5122 2883 5177; x_wconf 89' lang='lat' dir='ltr'><strong>Nam</strong></span> <span class='ocrx_word' id='word_1_815' title='bbox 2906 5122 3182 5177; x_wconf 87' lang='lat' dir='ltr'><strong>sciendum</strong></span> <span class='ocrx_word' id='word_1_816' title='bbox 3203 5121 3329 5192; x_wconf 91' lang='lat' dir='ltr'><strong>quia</strong></span> <span class='ocrx_word' id='word_1_817' title='bbox 3345 5121 3465 5176; x_wconf 89' lang='lat' dir='ltr'><strong>ideo</strong></span> <span class='ocrx_word' id='word_1_818' title='bbox 3486 5116 3690 5189; x_wconf 85' lang='lat' dir='ltr'><strong>aliquid</strong></span> 
     </span>
    </p>
   </div>
   <div class='ocr_carea' id='block_1_107' title="bbox 2115 5211 3691 5285">
    <p class='ocr_par' dir='ltr' id='par_1_107' title="bbox 2115 5211 3691 5285">
     <span class='ocr_line' id='line_1_108' title="bbox 2115 5211 3691 5285; baseline -0.005 -13"><span class='ocrx_word' id='word_1_819' title='bbox 2115 5232 2216 5272; x_wconf 90' lang='lat' dir='ltr'><strong>nos</strong></span> <span class='ocrx_word' id='word_1_820' title='bbox 2245 5217 2343 5271; x_wconf 91' lang='lat' dir='ltr'><strong>sub</strong></span> <span class='ocrx_word' id='word_1_821' title='bbox 2375 5213 2551 5285; x_wconf 86' lang='lat' dir='ltr'><strong>sigillo</strong></span> <span class='ocrx_word' id='word_1_822' title='bbox 2575 5214 2872 5268; x_wconf 90' lang='lat' dir='ltr'><strong>claudimus</strong></span> <span class='ocrx_word' id='word_1_823' title='bbox 2897 5229 2966 5267; x_wconf 92' lang='lat' dir='ltr'><strong>ne</strong></span> <span class='ocrx_word' id='word_1_824' title='bbox 2992 5214 3202 5268; x_wconf 89' lang='lat' dir='ltr'><strong>cunctis</strong></span> <span class='ocrx_word' id='word_1_825' title='bbox 3220 5221 3422 5284; x_wconf 86' lang='lat' dir='ltr'><strong>pateat,</strong></span> <span class='ocrx_word' id='word_1_826' title='bbox 3446 5211 3540 5266; x_wconf 85' lang='lat' dir='ltr'><strong>sed</strong></span> <span class='ocrx_word' id='word_1_827' title='bbox 3561 5226 3691 5266; x_wconf 87' lang='lat' dir='ltr'><strong>con-</strong></span> 
     </span>
    </p>
   </div>
   <div class='ocr_carea' id='block_1_108' title="bbox 2117 5302 3689 5378">
    <p class='ocr_par' dir='ltr' id='par_1_108' title="bbox 2117 5302 3689 5378">
     <span class='ocr_line' id='line_1_109' title="bbox 2117 5302 3689 5378; baseline -0.004 -18"><span class='ocrx_word' id='word_1_828' title='bbox 2117 5323 2250 5378; x_wconf 88' lang='lat' dir='ltr'><strong>gruo</strong></span> <span class='ocrx_word' id='word_1_829' title='bbox 2279 5315 2520 5376; x_wconf 88' lang='lat' dir='ltr'><strong>tempore</strong></span> <span class='ocrx_word' id='word_1_830' title='bbox 2538 5305 2732 5374; x_wconf 90' lang='lat' dir='ltr'><strong>quibus</strong></span> <span class='ocrx_word' id='word_1_831' title='bbox 2754 5304 3022 5358; x_wconf 87' lang='lat' dir='ltr'><strong>credimus</strong></span> <span class='ocrx_word' id='word_1_832' title='bbox 3045 5303 3311 5367; x_wconf 89' lang='lat' dir='ltr'><strong>solvatur;</strong></span> <span class='ocrx_word' id='word_1_833' title='bbox 3344 5302 3488 5373; x_wconf 90' lang='lat' dir='ltr'><strong>quod</strong></span> <span class='ocrx_word' id='word_1_834' title='bbox 3509 5308 3689 5355; x_wconf 88' lang='lat' dir='ltr'><strong>autem</strong></span> 
     </span>
    </p>
   </div>
   <div class='ocr_carea' id='block_1_109' title="bbox 2117 5394 3686 5470">
    <p class='ocr_par' dir='ltr' id='par_1_109' title="bbox 2117 5394 3686 5470">
     <span class='ocr_line' id='line_1_110' title="bbox 2117 5394 3686 5470; baseline -0.006 -18"><span class='ocrx_word' id='word_1_835' title='bbox 2117 5399 2291 5470; x_wconf 87' lang='lat' dir='ltr'><strong>palam</strong></span> <span class='ocrx_word' id='word_1_836' title='bbox 2323 5397 2629 5459; x_wconf 88' lang='lat' dir='ltr'><strong>scribimus,</strong></span> <span class='ocrx_word' id='word_1_837' title='bbox 2658 5397 2726 5450; x_wconf 92' lang='lat' dir='ltr'><strong>ad</strong></span> <span class='ocrx_word' id='word_1_838' title='bbox 2746 5404 3061 5452; x_wconf 89' lang='lat' dir='ltr'><strong>cunctorum</strong></span> <span class='ocrx_word' id='word_1_839' title='bbox 3083 5395 3330 5449; x_wconf 89' lang='lat' dir='ltr'><strong>notitiam</strong></span> <span class='ocrx_word' id='word_1_840' title='bbox 3351 5394 3686 5449; x_wconf 85' lang='lat' dir='ltr'><strong>deducimus.</strong></span> 
     </span>
    </p>
   </div>
   <div class='ocr_carea' id='block_1_110' title="bbox 2120 5482 3694 5559">
    <p class='ocr_par' dir='ltr' id='par_1_110' title="bbox 2120 5482 3694 5559">
     <span class='ocr_line' id='line_1_111' title="bbox 2120 5482 3694 5559; baseline -0.006 -15"><span class='ocrx_word' id='word_1_841' title='bbox 2120 5490 2380 5546; x_wconf 79' lang='lat' dir='ltr'><strong>Jubemur</strong></span> <span class='ocrx_word' id='word_1_842' title='bbox 2406 5504 2534 5559; x_wconf 83' lang='lat' dir='ltr'><strong>ergo</strong></span> <span class='ocrx_word' id='word_1_843' title='bbox 2554 5487 2889 5558; x_wconf 89' lang='lat' dir='ltr'><strong>eloquiorum</strong></span> <span class='ocrx_word' id='word_1_844' title='bbox 2906 5486 2998 5542; x_wconf 90' lang='lat' dir='ltr'><strong>Dei</strong></span> <span class='ocrx_word' id='word_1_845' title='bbox 3025 5494 3360 5542; x_wconf 85' lang='lat' dir='ltr'><strong>sacramenta</strong></span> <span class='ocrx_word' id='word_1_846' title='bbox 3386 5500 3493 5539; x_wconf 90' lang='lat' dir='ltr'><strong>non</strong></span> <span class='ocrx_word' id='word_1_847' title='bbox 3517 5482 3694 5538; x_wconf 88' lang='lat' dir='ltr'><strong>omni-</strong></span> 
     </span>
    </p>
   </div>
   <div class='ocr_carea' id='block_1_111' title="bbox 2121 5576 3690 5648">
    <p class='ocr_par' dir='ltr' id='par_1_111' title="bbox 2121 5576 3690 5648">
     <span class='ocr_line' id='line_1_112' title="bbox 2121 5576 3690 5648; baseline -0.004 -14"><span class='ocrx_word' id='word_1_848' title='bbox 2121 5581 2222 5634; x_wconf 90' lang='lat' dir='ltr'><strong>bus</strong></span> <span class='ocrx_word' id='word_1_849' title='bbox 2253 5581 2541 5635; x_wconf 85' lang='lat' dir='ltr'><strong>indiscrete</strong></span> <span class='ocrx_word' id='word_1_850' title='bbox 2569 5579 2876 5648; x_wconf 85' lang='lat' dir='ltr'><strong>propalare;</strong></span> <span class='ocrx_word' id='word_1_851' title='bbox 2910 5579 3001 5633; x_wconf 88' lang='lat' dir='ltr'><strong>sed</strong></span> <span class='ocrx_word' id='word_1_852' title='bbox 3026 5578 3092 5632; x_wconf 92' lang='lat' dir='ltr'><strong>ad</strong></span> <span class='ocrx_word' id='word_1_853' title='bbox 3113 5585 3514 5642; x_wconf 85' lang='lat' dir='ltr'><strong>mensuram,et</strong></span> <span class='ocrx_word' id='word_1_854' title='bbox 3538 5576 3690 5646; x_wconf 86' lang='lat' dir='ltr'><strong>quasi</strong></span> 
     </span>
    </p>
   </div>
   <div class='ocr_carea' id='block_1_112' title="bbox 2121 5669 3682 5740">
    <p class='ocr_par' dir='ltr' id='par_1_112' title="bbox 2121 5669 3682 5740">
     <span class='ocr_line' id='line_1_113' title="bbox 2121 5669 3682 5740; baseline -0.003 -16"><span class='ocrx_word' id='word_1_855' title='bbox 2121 5672 2186 5730; x_wconf 89' lang='lat' dir='ltr'><strong>de</strong></span> <span class='ocrx_word' id='word_1_856' title='bbox 2218 5672 2316 5724; x_wconf 87' lang='lat' dir='ltr'><strong>sub</strong></span> <span class='ocrx_word' id='word_1_857' title='bbox 2343 5671 2536 5740; x_wconf 83' lang='lat' dir='ltr'><strong>sigillo,</strong></span> <span class='ocrx_word' id='word_1_858' title='bbox 2569 5679 2726 5740; x_wconf 84' lang='lat' dir='ltr'><strong>prout</strong></span> <span class='ocrx_word' id='word_1_859' title='bbox 2757 5670 2972 5724; x_wconf 87' lang='lat' dir='ltr'><strong>idoneos</strong></span> <span class='ocrx_word' id='word_1_860' title='bbox 3023 5671 3090 5723; x_wconf 85' lang='lat' dir='ltr'><strong>ad</strong></span> <span class='ocrx_word' id='word_1_861' title='bbox 3137 5669 3506 5740; x_wconf 77' lang='lat' dir='ltr'><strong>accipiendum</strong></span> <span class='ocrx_word' id='word_1_862' title='bbox 3540 5669 3682 5721; x_wconf 83' lang='lat' dir='ltr'><strong>vidc-</strong></span> 
     </span>
    </p>
   </div>
  </div>
