4010 6182
283 423 415 478 1145

1048 417 1456 473 EXEGETICA.
1496 447 1565 456 —-
1600 415 1952 472 COMMENT.
1991 415 2058 468 IN
2097 415 2386 470 APOCAL.
2421 445 2491 455 —
2530 413 2656 467 LIB.
2695 413 2757 466 Υ.

3389 404 3524 462 ms

278 551 418 600 mus,
441 550 504 590 ea
529 535 969 594 subministrare;
997 541 1050 586 et
1064 533 1186 586 aliis
1207 541 1391 600 potum
1414 530 1589 592 lactis,
1618 528 1738 583 aliis
1761 543 1848 583 so-
1875 535 1920 589 Α
1949 543 2070 582 mus
2119 528 2366 596 sequitur
2390 535 2702 581 sanctorum
2737 524 2959 579 allectus
3015 522 3194 594 [Cod.,
3253 519 3524 594 allectus].

278 626 444 682 litium
491 624 669 680 cibum
714 623 863 678 dare.
905 621 1239 676 Clauduntur
1273 620 1438 674 etiam
1467 619 1644 676 divina
1670 634 1851 674 sacra-

277 724 455 771 menta
481 715 584 769 sub
635 712 894 768 custodia
940 712 1128 778 signo,
1166 724 1235 763 ne
1281 709 1589 778 pandantur
1631 709 1850 762 minime

275 806 588 873 creditoris,
609 804 736 875 quia
758 820 881 861 cum
900 817 963 857 ea
984 818 1090 858 non
1120 802 1408 871 recipiunt,
1433 801 1696 870 incipiunt
1719 801 1848 854 irri-

273 899 421 953 dere.

345 989 508 1043 Vsus.
534 988 586 1041 5.
614 987 769 1040 -Εε
796 985 1035 1057 angelus,
1055 1001 1206 1056 quem
1222 983 1328 1038 uidi
1349 991 1492 1039 stare
1511 998 1674 1053 supra
1704 999 1850 1036 mare

271 1090 322 1135 et
349 1095 506 1148 supra
554 1090 780 1143 terram,
834 1079 1020 1132 levavit
1063 1093 1278 1130 manum
1326 1092 1478 1130 suam
1523 1075 1593 1129 ad
1622 1075 1805 1128 ctelum
1831 1115 1846 1138 ,

273 1171 459 1242 (Vens.
487 1169 564 1241 6.)
595 1179 642 1222 et
664 1169 864 1239 jurarit
901 1185 992 1238 per
1036 1169 1283 1222 viventem
1312 1167 1368 1221 in
1399 1164 1594 1219 scecula
1622 1163 1849 1219 saeculo-

273 1277 412 1315 rum.
444 1259 575 1314 Cum
606 1260 865 1314 Dominus
886 1258 1075 1327 iurare
1099 1259 1416 1327 prohibeat,
1449 1258 1576 1326 quid
1608 1258 1710 1312 sibi
1734 1257 1849 1311 vult

273 1350 415 1418 quod
449 1349 759 1418 ipseiurat?
796 1349 898 1403 nisi
936 1350 1062 1418 quia
1103 1349 1349 1402 homines
1375 1363 1517 1418 smpe
1540 1348 1848 1417 iuramento

273 1438 552 1502 falluntur,
603 1438 715 1506 ipse
740 1452 868 1492 vero
918 1437 1010 1506 qui
1040 1437 1242 1492 veritas
1293 1452 1568 1506 nunquam
1620 1437 1843 1490 fallitur.

275 1527 476 1582 Levare
499 1528 665 1598 igitur
686 1528 753 1582 ad
773 1528 968 1582 coelum
991 1528 1180 1598 angelo
1198 1543 1442 1593 manum,
1467 1528 1567 1581 fuit
1590 1528 1850 1598 Redemp-

272 1628 443 1674 torcm
477 1628 720 1674 nostrum
749 1636 844 1675 sua
869 1620 1066 1676 virtute
1092 1621 1160 1675 ad
1189 1619 1368 1676 sedem
1386 1629 1666 1690 paternam
1694 1635 1846 1675 suam

273 1710 662 1764 immanitatem
693 1712 942 1765 evehere.
971 1709 1164 1766 Jurare
1205 1726 1336 1765 vero
1364 1726 1460 1781 per
1488 1712 1761 1765 viventem
1793 1711 1846 1764 in

271 1798 463 1852 szccula
487 1799 824 1864 saeculorum,
852 1814 910 1853 se
933 1800 1107 1868 ipsum
1129 1800 1271 1869 quod
1285 1809 1368 1853 est
1388 1800 1563 1854 Patris
1584 1800 1844 1864 Verbum,

1953 628 2101 673 recte
2128 617 2376 672 subditur
2403 631 2418 669 :
2448 615 2632 686 (Vens.
2667 615 2722 685 9)
2752 613 2820 670 Et
2847 613 2952 670 abii
2973 613 3043 668 ad
3065 612 3307 684 angelum
3351 611 3528 672 dicens

1951 709 1999 761 ei
2033 721 2087 762 ut
2127 709 2278 762 daret
2305 707 2433 761 mihi
2461 705 2713 761 libellum.
2736 697 2803 760 Et
2821 707 2948 776 quia
2973 706 3021 762 is
3045 707 3135 774 qui
3166 705 3233 760 ad
3262 704 3528 775 promissa

1951 800 2174 863 invitat,
2222 798 2491 852 neminem
2543 795 2716 860 fallit,
2757 805 2880 865 apte
2915 794 3245 850 subinfertur
3276 810 3290 861 ;
3321 803 3371 849 et
3397 793 3531 858 dicit

1950 890 2076 944 mihi
2103 905 2121 940 :
2142 889 2330 957 Accipe
2354 887 2611 952 libellum,
2628 897 2679 941 et
2700 887 2888 941 devora
2913 903 3050 941 eum.
3073 886 3333 942 Libellum
3361 886 3525 951 devo-

1950 997 2097 1046 rare,
2127 987 2210 1035 est
2235 980 2639 1047 Scripturarum
2661 979 3067 1048 intelligentiam
3105 981 3156 1033 in
3180 980 3404 1036 secretis
3443 993 3530 1035 re-

1949 1071 2200 1128 condere.
2251 1069 2543 1124 Sciendum
2580 1084 2770 1137 nempe
2799 1069 2926 1138 quia
2973 1083 3131 1124 sacra
3165 1069 3442 1139 Scriptura
3471 1069 3529 1126 in

1949 1161 2196 1216 obscuris
2225 1160 2360 1215 locis
2409 1159 2564 1215 cibus
2600 1159 2756 1214 nobis
2801 1167 2905 1222 est,
2936 1173 3057 1228 quae
3082 1159 3186 1214 nisi
3211 1159 3528 1228 exponendo

1949 1251 2300 1315 mandantur,
2327 1248 2577 1318 deglutiri
2615 1264 2726 1304 non
2760 1257 3016 1318 possunt;
3068 1247 3120 1302 in
3150 1247 3352 1316 apertis
3397 1263 3530 1304 vero

1947 1349 2124 1412 potus,
2157 1353 2278 1409 quae
2305 1354 2410 1392 non
2453 1338 2700 1407 exposita
2733 1338 2887 1392 facile
2911 1347 2970 1391 ut
3009 1337 3531 1400 inveniunturbibi-

1949 1449 2087 1488 mus.
2139 1432 2292 1487 Unde
2319 1431 2568 1500 quamvis
2596 1429 2768 1484 sancti
2795 1429 3180 1497 praedicatores
3229 1429 3281 1482 in
3305 1427 3530 1490 Joannis

1947 1537 2174 1594 persona
2204 1521 2318 1591 iam
2354 1520 2592 1575 revelata
2640 1518 3045 1586 Scripturarum
3074 1527 3415 1580 sacramenta
3459 1519 3530 1584 de

1947 1612 2172 1667 Domino
2208 1609 2591 1678 intelligerent,
2617 1617 2794 1661 tamen
2831 1606 2957 1674 quia
2984 1607 3160 1662 adhuc
3201 1607 3432 1677 qualiter
3457 1607 3528 1664 ad

1946 1717 2067 1756 eum
2082 1701 2437 1771 pertinerent,
2465 1697 2800 1767 expositione
2821 1695 3152 1767 indigebant,
3183 1713 3525 1769 nequaquam

1949 1792 2015 1846 de
2039 1799 2226 1859 aperto
2257 1789 2436 1844 libello
2456 1789 2682 1844 dicitur:
2716 1789 2904 1860 Accipe
2923 1787 3135 1853 librum,
3175 1798 3230 1844 et
3257 1791 3401 1856 bibe,
3430 1792 3529 1850 sed

270 1896 574 1952 etcarnem,
598 1905 716 1957 quae
741 1897 909 1942 totum
927 1889 1222 1953 hominem,
1249 1891 1340 1958 qui
1361 1899 1572 1944 constat
1591 1904 1656 1944 ex
1678 1906 1839 1945 carne

1942 1881 2151 1935 devora.
2175 1880 2254 1935 Ac
2277 1881 2323 1934 si
2344 1881 2644 1935 diceretur:
2676 1880 2830 1948 quasi
2856 1879 3118 1934 mandens
3149 1890 3448 1949 pertracta,
3472 1893 3530 1942 et

271 1986 323 2031 et
351 1979 529 2031 anima
552 1979 904 2042 demonstrat,
929 1995 1088 2033 uuam
1107 1975 1390 2048 personam
1411 1981 1504 2034 Dei
1533 1989 1589 2034 et
1611 1981 1844 2035 hominis

273 2067 439 2119 Deum
464 2081 649 2120 verum
677 2068 992 2132 ostendere;
1024 2067 1106 2122 vel
1141 2075 1288 2121 certe
1307 2082 1402 2137 per
1425 2068 1642 2123 Patrem
1673 2069 1841 2137 iurat,

271 2155 395 2222 quia
438 2157 617 2208 omnia
662 2155 737 2209 illi
785 2157 991 2210 tribuit.
1042 2157 1100 2210 In
1145 2172 1209 2212 eo
1238 2159 1382 2226 quod
1433 2160 1724 2213 subditur:
1755 2161 1845 2230 qui

269 2247 460 2300 creavit
487 2246 667 2299 caelum
691 2256 738 2300 et
760 2265 822 2301 ea
847 2265 963 2317 qua:
983 2249 1036 2300 in
1059 2248 1149 2300 illo
1176 2258 1322 2313 sunt,
1352 2257 1544 2302 terram
1573 2259 1622 2303 et
1645 2266 1707 2303 ea
1727 2265 1844 2319 quia

269 2334 324 2392 in
343 2353 405 2390 ea
435 2348 575 2404 sunt,
596 2349 644 2393 et
672 2356 817 2393 mare
836 2349 882 2393 et
905 2357 964 2394 ea
985 2357 1102 2409 quae
1129 2341 1182 2393 in
1210 2357 1270 2392 eo
1290 2349 1442 2403 sunt;
1466 2341 1843 2393 haereticorum

269 2441 508 2480 errorem
556 2429 816 2488 destruit,
871 2429 962 2496 qui
1015 2428 1260 2495 quaedam
1287 2443 1318 2480 a
1346 2429 1505 2491 bono,
1539 2429 1781 2496 quaedam
1813 2443 1842 2481 a

270 2518 511 2586 principe
542 2519 881 2572 tenebrarum
935 2517 1078 2572 facta
1133 2532 1241 2571 non
1293 2527 1549 2571 verentur
1577 2533 1838 2572 asserere.

271 2607 410 2672 Quid
434 2616 612 2662 autem
643 2608 924 2678 iuraverit,
954 2609 1233 2663 audiamus
1265 2628 1277 2662 :
1314 2608 1452 2673 Quia
1496 2619 1694 2681 tempus
1724 2611 1842 2680 jam

273 2712 375 2750 non
399 2696 530 2762 erit;
559 2697 742 2767 (Vsus.
769 2699 822 2768 7)
851 2699 941 2752 sed
976 2699 1028 2752 in
1055 2699 1232 2752 diebus
1260 2700 1463 2769 septimi
1501 2699 1696 2770 angeli,
1725 2717 1842 2754 cum

271 2786 476 2854 coeperit
522 2786 642 2840 tuba
673 2804 876 2852 canere,
921 2789 1366 2843 consummabitur
1388 2791 1688 2858 mysterium
1722 2790 1841 2855 Dei,

272 2878 403 2930 sicut
428 2877 796 2946 evangeliaavit
837 2895 928 2948 per
953 2896 1123 2934 servos
1169 2897 1292 2934 suos
1331 2881 1626 2950 prophetas.
1659 2879 1840 2950 Septi-

273 2981 392 3018 mus
420 2965 640 3034 angelus
664 2981 727 3020 ac
767 2968 994 3036 septima
1019 2969 1147 3023 tuba
1177 2969 1300 3023 linis
1328 2978 1413 3023 est
1460 2969 1842 3024 ecclesiasticae

274 3057 700 3125 praedicationis;
757 3058 808 3112 in
863 3059 1016 3128 cujus
1066 3061 1526 3116 consummatione
1573 3061 1842 3116 secundus

273 3146 481 3202 Domini
519 3157 766 3216 speratur
803 3149 1080 3205 adventus.
1115 3151 1221 3206 Sed
1248 3153 1292 3206 si
1339 3150 1685 3220 tempusjam
1733 3168 1838 3207 non

271 3238 395 3301 erit,
420 3253 538 3291 cum
562 3247 744 3292 sancta
766 3240 1073 3308 praedicatio
1089 3240 1247 3296 tinem
1270 3243 1840 3313 acceperit,quomodo

274 3325 554 3382 Psalmista
605 3329 733 3383 dicit
772 3347 784 3382 :
838 3329 954 3384 Erit
1009 3341 1209 3402 tempus
1258 3350 1437 3387 eorum
1485 3336 1541 3388 in
1579 3344 1839 3391 aeternum

273 3415 445 3489 (Psal.
479 3435 642 3482 un,
682 3420 806 3490 l6)?
857 3407 1147 3477 Sciendum
1171 3438 1300 3494 ergo
1331 3425 1455 3494 quia
1492 3425 1675 3494 iustis,
1704 3441 1840 3496 quos

273 3509 545 3563 aeternitas
570 3509 990 3565 immortalitatis
1015 3514 1328 3582 susceperit,
1352 3528 1689 3584 nequaquam
1712 3523 1841 3570 tem-

272 3615 374 3667 pus
397 3600 680 3654 varietatis
704 3603 972 3666 succedit;
1009 3611 1064 3657 et
1089 3603 1322 3672 iniustis,
1346 3621 1480 3674 quos
1498 3616 1730 3663 :eternus
1749 3607 1840 3664 de-

273 3688 444 3744 fectus
469 3700 726 3755 assumet,
771 3694 925 3760 quasi
955 3703 1196 3765 tempora
1241 3697 1614 3753 mutabilitatis
1642 3715 1834 3754 occur-

273 3789 393 3834 rent
431 3799 442 3834 :
472 3782 595 3849 quia
631 3782 773 3836 enim
803 3791 1010 3854 tempus
1051 3799 1146 3856 per
1173 3797 1440 3842 momenta
1468 3787 1668 3851 deﬁcit,
1705 3803 1834 3841 con-

271 3883 400 3937 grue
451 3871 666 3925 nomine
695 3875 952 3940 temporis
999 3875 1260 3928 malorum
1308 3875 1547 3928 defectus
1590 3884 1832 3928 vocatur.

272 3959 422 4028 Quod
444 3977 572 4030 ergo
593 3963 657 4015 de
669 3961 830 4027 iustis
851 3964 1104 4015 Dominus
1132 3965 1378 4031 denegat,
1412 3965 1513 4017 hoc
1533 3964 1599 4018 de
1625 3963 1836 4032 iniustis

270 4051 552 4107 Psalmista
580 4051 882 4105 confirmat.
929 4053 1166 4121 Denique
1191 4054 1330 4121 quod
1357 4054 1484 4108 dicit
1525 4071 1834 4110 sacramen-

269 4150 385 4196 tum
433 4141 527 4196 Dei
556 4145 952 4208 consummari,
1000 4161 1104 4198 non
1130 4160 1160 4198 a
1194 4148 1621 4216 consumptione,
1668 4150 1761 4204 sed
1803 4167 1833 4204 a

267 4233 595 4306 perfectione
628 4235 826 4289 dictum
851 4244 953 4289 est.
1001 4235 1152 4302 Quod
1197 4252 1294 4306 per
1326 4241 1614 4308 prophetas
1645 4242 1835 4310 prmdi-

269 4334 416 4380 ctum
465 4326 623 4390 dicit,
677 4326 801 4394 quia
853 4341 988 4396 pene
1035 4327 1209 4381 omnis
1268 4343 1455 4382 eorum
1507 4329 1733 4385 intentio
1768 4332 1834 4386 de

271 4417 446 4486 primo
461 4425 515 4469 et
538 4417 776 4471 secundo
791 4415 1002 4470 Domini
1028 4417 1258 4472 adventu
1285 4433 1350 4473 ac
1371 4421 1833 4477 consummatione

271 4507 450 4562 saeculi
486 4507 605 4561 fuit.

342 4600 503 4652 Vens.
534 4600 586 4654 8.
617 4629 689 4637 —-
715 4598 784 4652 Et
809 4613 993 4654 vocem
1023 4614 1182 4669 quam
1207 4599 1385 4654 audivi
1406 4602 1593 4655 iterum
1622 4601 1836 4672 loquen-

269 4699 369 4742 tem
398 4705 598 4742 mecum
655 4698 702 4743 et
743 4688 996 4742 dicentem
1045 4707 1056 4742 :
1099 4689 1264 4751 Vade,
1308 4690 1480 4760 accipe
1517 4690 1744 4746 libellum
1772 4694 1836 4747 de

269 4793 428 4829 manu
452 4776 624 4846 angeli
645 4777 830 4830 stantis
860 4792 1020 4845 supra
1043 4793 1186 4830 mare
1213 4786 1262 4830 et
1292 4792 1454 4846 supra
1477 4789 1690 4833 terram.
1719 4783 1831 4836 Vox

271 4866 382 4932 illa,
413 4882 532 4936 quae
557 4869 802 4938 superius
824 4879 1044 4938 propter
1068 4885 1174 4924 non
1203 4870 1504 4925 credituros
1531 4873 1611 4925 vel
1640 4888 1834 4941 parvu-

269 4957 372 5022 los,
404 4974 563 5013 voces
607 4963 964 5016 tonitruorum
993 4960 1241 5016 claudere
1280 4960 1555 5029 iusserat,
1593 4979 1735 5018 nunc
1764 4964 1832 5018 ad

268 5058 512 5121 apertum
544 5049 741 5104 librum
771 5059 1012 5107 sanctam
1037 5051 1321 5106 ecclesiam
1357 5051 1410 5105 in
1438 5052 1550 5106 suis
1575 5053 1832 5122 przedica-

273 5143 475 5196 toribus
502 5141 710 5194 invitat.
743 5143 856 5195 Vox
875 5153 1054 5198 autem
1084 5144 1185 5198 ista
1213 5142 1467 5212 spiritalis
1492 5142 1831 5211 intelligitur,

268 5251 375 5308 qua
422 5236 561 5289 Deus
587 5234 750 5288 corda
780 5236 1190 5303 praedicatorum
1241 5235 1492 5298 instruit,
1530 5242 1590 5288 ut
1619 5234 1752 5304 legis
1780 5244 1834 5290 et

269 5331 649 5401 prophetarum
702 5325 1096 5380 manifestatam
1157 5328 1458 5398 intelligant
1501 5326 1784 5380 veritatem
1814 5367 1829 5391 ,

269 5430 390 5485 qua:
413 5417 630 5470 omnino
656 5415 910 5484 perituris
931 5413 1013 5467 vel
1048 5415 1103 5467 in
1144 5424 1346 5484 septem
1392 5415 1643 5470 tonitruis
1667 5413 1752 5468 vel
1777 5415 1831 5468 in

270 5513 474 5575 septem
496 5504 688 5575 sigillis
712 5503 998 5559 clauditur.
1023 5502 1254 5558 Gressus
1279 5520 1409 5559 vero
1433 5505 1628 5573 quibus
1650 5513 1834 5559 sancta

270 5599 511 5656 Ecclesia
539 5599 605 5654 ad
626 5598 869 5669 angelum
893 5600 1090 5670 pergit,
1117 5615 1222 5654 non
1245 5602 1550 5670 corporales
1571 5611 1716 5664 sunt,
1741 5601 1835 5656 sed

270 5689 560 5762 spiritales,
585 5689 779 5744 mentis
797 5686 1002 5744 scilicet
1021 5689 1342 5744 desiderium
1367 5705 1474 5761 quo
1496 5692 1605 5746 Deo
1621 5693 1836 5760 propin—

273 5800 440 5856 quare
464 5783 688 5838 videtur.
721 5781 888 5850 Igitur
913 5782 1034 5850 quia
1058 5780 1298 5850 iubentis
1343 5798 1528 5837 vocem
1555 5783 1835 5853 paratissi-

1945 1970 2204 2039 iutellige,
2232 1969 2426 2024 deinde
2451 1968 2673 2038 degluti.

2013 2058 2083 2112 Et
2108 2059 2263 2128 faciet
2301 2058 2584 2113 amaricari
2624 2067 2850 2114 ventrem
2890 2067 3074 2122 tuum;
3102 2059 3193 2113 sed
3217 2060 3272 2120 in
3316 2079 3406 2116 ore
3431 2073 3524 2118 tuo

1943 2150 2041 2203 erit
2069 2148 2236 2202 dulcis
2275 2157 2524 2218 tanquam
2561 2145 2684 2200 mel.
2725 2147 2871 2204 Ordo
2908 2158 3270 2218 praeposterus
3298 2160 3402 2218 est,
3432 2156 3526 2222 qui

1945 2249 2122 2295 tamen
2158 2240 2316 2309 paulo
2342 2239 2566 2294 inferius
2591 2248 2738 2294 recte
2765 2240 3052 2296 invenitur.
3085 2241 3220 2297 Nam
3242 2245 3522 2313 sequitur:

1945 2332 2131 2401 (Vens.
2162 2331 2249 2401 10)
2282 2331 2352 2384 Et
2392 2333 2567 2400 accepi
2597 2331 2836 2386 libellum
2860 2333 2924 2385 de
2944 2349 3104 2388 manu
3132 2334 3326 2404 angeli,
3353 2344 3400 2390 et
3436 2336 3528 2391 de-

1944 2422 2119 2474 voravi
2146 2436 2290 2484 eum,
2329 2431 2377 2473 et
2417 2430 2528 2473 erat
2567 2422 2622 2473 in
2651 2439 2740 2474 ore
2769 2439 2881 2475 mea
2912 2432 3162 2492 tanquam
3191 2425 3290 2480 mel
3315 2426 3522 2493 dulcis;

1943 2521 1990 2564 et
2019 2527 2138 2563 cum
2165 2511 2491 2563 devorassem
2523 2525 2659 2571 eum,
2692 2511 3014 2564 amaricatus
3041 2522 3118 2565 est
3145 2525 3323 2570 center
3357 2535 3522 2573 meus.

1944 2600 2110 2654 Recte
2135 2614 2234 2669 per
2270 2614 2352 2662 os,
2393 2612 2460 2651 ex
2501 2613 2609 2666 quo
2638 2598 2946 2666 praedicatio
2980 2610 3215 2665 emanat,
3255 2603 3308 2656 hi
3347 2607 3525 2676 expri-

1944 2699 2183 2754 muntur,
2223 2690 2314 2758 qui
2346 2689 2400 2742 in
2439 2688 2558 2758 lege
2599 2688 2692 2742 Dei
2742 2686 2830 2741 die
2869 2702 2933 2742 ac
2970 2698 3128 2745 nocte
3165 2692 3521 2750 meditantur:

1943 2783 2141 2853 quique
2173 2797 2295 2836 cum
2328 2781 2613 2836 Psalmista
2638 2781 2857 2836 dicunt:
2889 2780 3062 2846 Quam
3083 2783 3258 2838 dulcia
3282 2786 3525 2855 faucibus

1941 2871 2070 2925 meis
2088 2870 2291 2941 eloquia
2307 2879 2400 2923 tua
2421 2867 2593 2941 (Psal.
2619 2885 2806 2934 cxvm,
2832 2871 2923 2943 89.)
2943 2874 2956 2926 l
2979 2872 3084 2928 Per
3103 2883 3348 2930 ventrem
3366 2893 3519 2947 vero,

1942 2963 2008 3018 de
2035 2977 2141 3033 quo
2183 2970 2423 3018 stercora
2463 2969 2691 3028 exeunt,
2736 2964 2982 3020 carnales
3016 2968 3245 3023 terrenis
3283 2969 3526 3042 volupta-

1943 3056 2086 3109 tibus
2121 3053 2308 3119 dcditi,
2347 3053 2414 3108 de
2457 3055 2654 3124 quibus
2696 3054 2852 3110 electi
2899 3055 3084 3111 dicunt
3121 3077 3134 3110 :
3183 3061 3416 3117 Adlursit
3464 3065 3522 3121 in

1943 3155 2084 3200 terra
2113 3155 2288 3199 venter
2310 3155 2486 3199 noster
2514 3145 2688 3217 (Psal.
2717 3162 2875 3212 xutl,
2921 3147 3033 3219 25).
3079 3149 3354 3221 Tanquam
3392 3171 3523 3228 ergo

1865 3204 1914 3266 Ο
1941 3251 2040 3305 per
2066 3250 2129 3290 os
2155 3235 2206 3288 in
2232 3243 2474 3289 ventrem
2497 3204 2651 3290 cibus
2669 3235 2963 3301 descendit,
2993 3204 3120 3292 cum
3149 3204 3246 3309 pe‘r
3269 3204 3522 3300 Ecclesia:

1940 3325 2322 3397 praedicatores
2336 3328 2737 3397 Scripturarum
2749 3333 2936 3387 notitia
2955 3335 3022 3388 ad
3043 3349 3136 3391 eos
3151 3337 3312 3391 etiam
3333 3353 3525 3407 perve-

1940 3419 2036 3483 nit,
2055 3419 2147 3488 qui
2171 3419 2462 3474 carnaliter
2482 3421 2689 3475 vivunt.
2705 3421 2856 3478 Unde
2877 3424 3015 3478 liber
3041 3425 3094 3479 in
3123 3441 3218 3481 ore
3251 3428 3442 3496 dulcis,
3464 3431 3522 3488 in

1938 3520 2128 3567 ventre
2177 3514 2484 3568 amarescit.
2530 3514 2671 3580 Quid
2719 3516 2863 3569 enim
2915 3517 3020 3571 illis
3059 3519 3296 3574 amarius
3351 3537 3516 3590 quam

1940 3602 2085 3673 quod
2109 3604 2366 3658 Dominus
2385 3606 2559 3673 iubet,
2583 3603 2706 3656 Non
2735 3605 3060 3673 concupisces
3089 3623 3303 3661 uxorem
3331 3613 3514 3678 proxi-

1939 3697 2012 3749 mi
2057 3697 2133 3747 tui
2182 3695 2418 3764 (Denter.
2465 3709 2520 3756 v,
2571 3693 2687 3764 21),
2717 3701 2772 3747 et
2801 3695 2991 3748 omnia
3028 3712 3148 3765 qua:
3179 3697 3319 3754 illius
3353 3705 3514 3757 sunt?

1936 3784 2128 3846 Aliter,
2161 3785 2213 3836 in
2250 3797 2346 3837 ore
2371 3783 2510 3837 liber
2544 3782 2718 3838 dulcis
2761 3793 2863 3851 est,
2891 3799 3012 3840 cum
3043 3786 3342 3858 legentibus
3372 3793 3424 3847 in
3452 3810 3520 3852 eo

1937 3874 2128 3942 gaudia
2179 3882 2380 3928 aeterna
2439 3875 2862 3944 promittuntur,
2913 3886 2977 3930 ut
3017 3879 3188 3935 illud:
3219 3881 3516 3952 Fulgebunt

1928 3961 2064 4031 justi
2092 3964 2228 4016 sicut
2265 3963 2344 4017 sol
2375 3964 2590 4034 (Matth.
2637 3981 2761 4031 xm,
2809 3966 2924 4040 45).
2973 3967 3030 4022 In
3078 3979 3286 4037 ventre,
3330 3975 3384 4029 id
3433 3988 3518 4034 est

1934 4051 2132 4106 mentis
2171 4060 2406 4117 secreto,
2437 4068 2673 4118 amarus,
2719 4069 2842 4109 cum
2887 4064 3098 4112 austera
3147 4071 3414 4131 pracepta
3460 4066 3513 4120 in

1934 4143 2027 4199 illo
2053 4152 2420 4213 opponantur;
2450 4153 2511 4198 ut
2540 4145 2667 4201 illud
2693 4164 2706 4200 :
2740 4146 2860 4202 Nisi
2899 4149 3203 4220 efﬁciamini
3229 4153 3364 4208 sicut
3390 4171 3516 4225 par-

1933 4233 2089 4287 vulus
2123 4234 2244 4298 iste,
2290 4251 2393 4288 non
2421 4236 2684 4291 intrabitis
2709 4237 2764 4292 in
2787 4255 2999 4310 regnum
3021 4241 3268 4297 caelorum
3293 4245 3510 4316 (Matth.

1932 4339 2126 4390 XXVIII,
2149 4324 2226 4397 5).
2258 4325 2443 4397 (Vsus.
2470 4327 2580 4399 II.)
2605 4327 2672 4382 Et
2692 4328 2824 4383 dicit
2843 4331 2970 4384 mihi
2983 4345 3001 4382 :
3018 4331 3230 4402 Oportet
3248 4346 3297 4390 te
3322 4337 3511 4393 iterum

1932 4417 2240 4486 prophetare
2263 4417 2490 4488 populis,
2537 4428 2587 4471 et
2615 4420 2871 4488 gentibus,
2901 4431 2950 4474 et
2977 4424 3201 4493 regibus,
3237 4439 3287 4480 et
3319 4427 3510 4498 linguis

1862 4547 1911 4607 υ
1938 4505 2133 4560 multis.
2178 4507 2292 4560 IIoc
2315 4507 2620 4576 specialiter
2642 4507 2855 4576 Joanni,
2889 4519 2946 4565 et
2973 4513 3296 4582 generaliter
3319 4517 3512 4586 praedi-

1938 4598 2213 4652 catoribus
2235 4597 2450 4662 dicitur,
2475 4599 2568 4667 qui
2605 4599 2806 4656 idcirco
2851 4601 3046 4657 iterum
3071 4606 3419 4675 prophetare,
3457 4607 3511 4664 id

1937 4695 2021 4742 est
2072 4689 2387 4758 praedicare,
2430 4689 2709 4760 iubentur,
2741 4703 2800 4748 ut
2851 4697 2993 4764 quod
3053 4698 3351 4768 praedicant
3390 4716 3508 4768 ore,

1936 4781 2094 4837 factis
2119 4782 2314 4837 iterato
2337 4783 2590 4840 clament.

2543 4877 2769 4935 CAPUT
2815 4879 2905 4934 XI.

2007 4965 2166 5021 Vens.
2221 4968 2268 5019 I.
2319 4996 2391 5006 —
2434 4966 2503 5021 Et
2549 4967 2704 5023 datus
2753 4979 2827 5024 est
2873 4972 2999 5026 mihi
3043 4975 3276 5029 calamus
3323 4975 3508 5030 similis

1938 5057 2096 5127 virgea
2125 5059 2348 5114 dicens:
2383 5059 2550 5128 Surge
2593 5070 2641 5115 et
2675 5063 2856 5117 metire
2899 5064 3142 5135 templum
3189 5065 3310 5133 Dei,
3351 5076 3400 5122 et
3425 5068 3508 5121 al-

1939 5157 2072 5214 tare,
2100 5161 2147 5204 et
2171 5152 2448 5206 adorantes
2471 5153 2526 5205 in
2562 5169 2642 5207 eo.
2680 5153 2792 5210 Hoc
2815 5156 3138 5224 generaliter
3169 5158 3223 5212 in
3253 5161 3512 5229 prmdica-

1939 5246 2116 5292 torum
2163 5239 2400 5308 loquitur
2435 5256 2682 5318 persona.
2725 5243 2830 5298 Per
2855 5245 3144 5312 calamum,
3181 5249 3271 5318 qui
3320 5247 3511 5304 Latine

1941 5328 2146 5382 arundo
2174 5329 2392 5396 dicitur,
2421 5332 2626 5402 trepice
2675 5333 2852 5389 divina
2893 5336 3222 5405 pmdicatio,
3261 5353 3381 5408 quae
3411 5351 3512 5410 per

1939 5433 2061 5473 eum
2101 5419 2372 5484 scribitur,
2397 5422 2706 5493 designatur
2730 5443 2743 5478 :
2777 5426 2962 5481 similis
3001 5435 3182 5483 autem
3203 5429 3359 5500 virga:
3379 5429 3512 5485 dici-

1941 5515 2050 5572 tur,
2080 5509 2201 5579 quia
2229 5519 2413 5566 sancta
2439 5514 2748 5582 praedicatio
2775 5531 2880 5570 non
2909 5525 2990 5572 est
3013 5516 3281 5583 ﬂexibilis,
3311 5520 3403 5575 sed
3427 5535 3513 5574 re-

1939 5607 2046 5654 cta.
2077 5599 2355 5670 Templum
2382 5601 2475 5657 Dei
2520 5601 2706 5659 ﬁdeles
2742 5612 2887 5670 sunt,
2919 5608 3113 5676 quibus
3132 5607 3327 5662 dicitur
3357 5623 3372 5662 :
3411 5605 3512 5663 Vos

1941 5691 2060 5743 estis
2089 5691 2333 5758 templum
2384 5691 2478 5744 Dei
2527 5694 2628 5746 eiei
2671 5693 2758 5764 (11
2805 5695 2924 5750 Cor.
2976 5714 3049 5760 γι,
3098 5699 3205 5771 16).
3236 5700 3420 5754 Altare
3457 5700 3510 5752 in

1942 5783 2138 5850 templo
2183 5789 2263 5833 est
2303 5783 2410 5835 vita
2443 5784 2810 5852 religiosorum
2856 5787 2907 5841 in
2964 5789 3116 5857 plebe
3158 5790 3420 5851 ﬁdelium,
3457 5784 3511 5839 in
