4010 6182
508 385 638 440 ΗΠ

1349 376 1408 430 Β.
1447 377 1509 430 F.
1552 376 1772 432 ALBINI
1814 377 1943 433 εει]
1983 376 2257 432 ALCUINI
2295 375 2576 432 OPERUM
2615 375 2793 430 PARS
2829 375 2894 428 ll.

3615 377 3752 436 1159

499 501 694 572 quibus
718 491 1083 566 principaliter
1109 499 1164 545 et
1187 491 1438 546 continue
1461 498 1739 559 permanet
1761 489 2071 543 indeﬁciens
2097 493 2147 550 Α
2172 487 2327 540 luerit
2355 486 2563 548 (cedere,
2588 487 2663 540 ita
2693 493 2890 555 Oportet
2912 499 3028 537 eum
3055 483 3241 536 occidi.
3270 483 3408 550 Quid
3429 498 3526 553 per
3548 485 3750 554 ignem,

503 591 636 661 ignis
672 593 871 641 sanctae
894 582 1336 652 compunctionis.
1366 581 1667 634 Adorantes
1694 581 1747 633 in
1774 594 1840 634 eo
1863 579 1994 634 dicit
2018 579 2071 632 in

499 678 694 748 templo
720 684 774 731 et
806 673 981 736 altari,
1014 688 1121 741 quo
1156 672 1300 726 dicto
1350 671 1449 740 ipsi
1496 671 1887 740 exprimuntur.
1933 669 2072 735 Quid

494 779 579 827 est
601 785 730 840 ergo
759 768 823 823 de
859 767 1120 820 arundine
1159 764 1414 832 templum
1456 772 1509 816 et
1543 763 1712 816 altare
1741 761 1941 824 metiri,
1967 761 2070 816 nisi

493 867 679 916 sancta
716 857 1097 927 praedicatione
1142 856 1402 909 donorum
1433 853 1656 924 gratiam
1690 852 1902 922 largiri?
1928 852 2069 919 quod

491 953 680 1022 utique
697 949 938 1007 Ecclesia
970 949 1023 1002 in
1051 947 1288 1010 Christo,
1338 946 1391 999 id
1437 952 1517 998 est
1545 944 1600 997 in
1643 945 1818 1012 capite
1845 957 1962 1006 suo,
1994 941 2070 995 fa-

491 1046 584 1100 cit.
616 1044 684 1098 Et
719 1051 842 1098 nota
873 1040 1017 1111 quod
1056 1041 1102 1094 is
1127 1039 1219 1107 qui
1259 1037 1514 1106 templum
1547 1036 1640 1090 Dei
1684 1035 1858 1089 metiri
1886 1035 2070 1098 debet,

489 1149 714 1206 surgere
741 1132 1082 1194 admonetur,
1120 1130 1173 1182 id
1197 1136 1281 1183 est
1305 1128 1374 1181 ad
1422 1127 1635 1181 excelsa
1682 1127 1942 1180 virtutum
1988 1124 2068 1178 fa-

488 1224 647 1294 s‘tigia
675 1237 772 1292 per
801 1221 1117 1275 exercitium
1150 1219 1330 1286 operis
1359 1231 1673 1285 exsurgere,
1711 1224 1974 1284 quatenus
1998 1229 2068 1269 eo

487 1313 630 1382 quod
669 1312 887 1366 metitur
923 1307 1149 1362 aediﬁcio
1186 1307 1344 1359 altior
1383 1305 1494 1359 ﬁat.
1537 1305 1720 1373 (Vsus.
1750 1304 1828 1374 2.)
1859 1303 2062 1356 Atrium

485 1413 659 1458 autem
685 1401 822 1472 quod
851 1401 978 1470 foris
1010 1398 1252 1468 templum
1290 1407 1363 1451 est
1404 1398 1532 1466 ejice
1582 1396 1744 1464 foras,
1773 1406 1820 1448 et
1866 1411 1926 1448 ne
1953 1411 2062 1448 me-

485 1495 634 1547 tiaris
670 1489 825 1555 illud,
868 1489 1115 1559 quoniam
1158 1489 1339 1541 datum
1384 1496 1458 1541 est
1500 1487 1754 1557 gentibus.
1790 1485 1942 1551 Quod
1984 1485 2063 1553 [ο-

487 1584 559 1638 ris
587 1588 685 1646 est,
730 1580 874 1649 foras
905 1579 1054 1648 ejice,
1084 1578 1215 1632 dicit
1257 1577 1347 1631 illo
1374 1577 1658 1631 locutionis
1701 1589 1916 1646 genere,
1956 1589 2064 1643 quo

481 1672 784 1743 pulsantem
813 1671 858 1723 si
891 1668 1249 1723 intromittere
1275 1667 1541 1730 nolumus,
1587 1665 1733 1720 foras
1762 1665 1957 1732 ejicere
1977 1665 2054 1735 ju-

478 1763 688 1817 bemus.
716 1759 853 1827 Quid
881 1759 1043 1830 igitur
1078 1760 1296 1824 atrium,
1342 1758 1442 1813 nisi
1481 1758 1716 1822 Judaaos,
1750 1758 2056 1820 luercticos,

2173 577 2277 632 nisi
2303 587 2489 632 sancta
2518 576 2828 646 praedicatio
2851 574 3084 644 Spiritus
3108 576 3281 630 sancti
3302 575 3512 631 facibus
3537 577 3751 633 innant—

2172 668 2349 721 mata?
2383 667 2498 721 Non
2543 676 2723 720 autem
2761 667 2958 720 mirum
3003 666 3046 720 si
3094 680 3160 720 ex
3207 666 3583 735 praedicatione
3619 671 3749 724 mali

2172 756 2490 820 moriantur,
2515 771 2638 810 cum
2667 753 2954 824 Apostolus
2994 753 3176 808 dicat:
3205 752 3400 807 Christi
3429 755 3589 809 bonus
3614 759 3749 810 odor

2169 863 2347 899 sumus
2371 845 2480 899 Deo
2510 847 2563 898 in
2585 846 2664 898 his
2692 845 2782 915 qui
2822 853 3055 915 pereunt,
3097 853 3152 898 et
3190 853 3385 898 caetera
3411 843 3495 915 (ΙΙ
3523 847 3642 901 Cor.
3679 865 3744 913 tl,

2171 938 2278 1009 15).
2311 940 2482 993 Aliter
2519 941 2584 994 de
2622 954 2718 996 ore
2745 940 2962 994 testium
2991 938 3130 1008 ignis
3165 939 3352 994 exiens
3383 941 3631 997 inimicos
3655 958 3746 996 eo-

2169 1044 2286 1082 rum
2317 1029 2594 1092 interﬁcit,
2631 1029 2756 1097 quia
2782 1027 3022 1082 Ecclesia
3065 1027 3120 1080 in
3158 1028 3298 1082 malo
3336 1040 3744 1098 perseverantes

2167 1119 2523 1172 anathematis
2564 1117 2768 1189 fulgore
2814 1119 3064 1188 percutit.
3096 1117 3287 1183 Aliter,
3330 1127 3510 1188 potest
3550 1136 3580 1173 a
3633 1129 3746 1175 toto

2165 1205 2257 1260 illa
2283 1222 2410 1276 pars
2434 1208 2678 1278 intelligi,
2705 1223 2823 1276 qua:
2849 1208 2968 1262 ideo
3010 1208 3186 1262 uritur
3222 1217 3280 1261 ut
3316 1209 3372 1261 in
3404 1209 3596 1263 melius
3619 1225 3745 1264 cou-

2162 1306 2422 1352 vcrtatur.
2453 1299 2574 1352 Exit
2599 1315 2726 1370 ergo
2753 1301 2820 1353 ab
2859 1300 3098 1355 Ecclesia
3141 1300 3281 1369 ignis
3324 1300 3606 1363 claritatis,
3635 1319 3744 1372 quo

2162 1390 2289 1443 mali
2327 1390 2379 1443 in
2411 1391 2602 1445 melius
2627 1399 3030 1445 convertuntur.

2235 1479 2394 1532 Vens.
2425 1478 2476 1532 6.
2499 1509 2569 1519 —
2595 1478 2666 1532 Hi
2700 1480 2886 1534 habent
2925 1490 3228 1549 potestatem
3263 1481 3507 1538 claudere
3535 1486 3742 1552 ctelunt,

2164 1585 2227 1622 ne
2251 1568 2395 1638 pluat
2421 1569 2600 1622 diebus
2639 1570 2918 1640 prophetia:
2954 1571 3205 1641 ipsorum.
3235 1571 3375 1638 Quid
3397 1589 3492 1643 per
3519 1577 3740 1642 celum,

2162 1661 2266 1715 nisi
2299 1663 2440 1731 quod
2469 1677 2566 1731 per
2605 1663 2738 1717 duos
2784 1672 2965 1726 testes,
3017 1665 3067 1719 id
3115 1674 3198 1720 est
3234 1676 3452 1723 sanctos
3485 1669 3743 1727 Ecclesiae

2162 1751 2560 1820 przcdicatores,
2589 1751 2967 1820 intelligimus?
2992 1753 3084 1823 qui
3110 1754 3236 1808 dum
3271 1755 3468 1811 caelum
3495 1774 3566 1813 ne
3592 1759 3743 1828 pluat

478 1863 535 1908 et
560 1853 785 1924 gentiles
819 1851 1207 1922 intelligimus?
1259 1851 1400 1919 quod
1439 1849 1620 1903 datum
1664 1848 1898 1918 gentibus
1927 1848 2057 1902 diri-
2089 1853 2133 1914 Β
2161 1839 2428 1905 claudunt,
2479 1842 2684 1911 seipsos
2727 1843 2910 1912 utique
2949 1843 3222 1898 claudunt.
3255 1844 3526 1902 Claudum
3561 1859 3740 1906 autem

479 1954 585 2008 tur,
609 1945 730 2012 quia
757 1958 945 1997 omnes
972 1941 1038 1995 ad
1064 1941 1459 1996 incredularum
1491 1941 1735 2011 gentium
1773 1955 2058 1993 numerum

477 2047 774 2088 transeunt.
822 2032 888 2086 Et
925 2032 1180 2084 civitatem
1219 2040 1452 2084 sanctam
1495 2029 1767 2082 calcabunt
1799 2027 2058 2081 mensibus

475 2122 824 2192 quadraginta
872 2120 1098 2173 duobus.
1140 2119 1345 2173 Civitas
1389 2127 1594 2183 sancta,
1645 2119 1748 2172 hoc
1790 2125 1873 2172 est
1917 2125 2055 2170 tem-

475 2211 638 2280 plum,
670 2218 725 2264 et
751 2209 939 2274 altare,
970 2209 1023 2263 id
1041 2216 1124 2263 est
1151 2207 1385 2262 ctelestis
1414 2207 1768 2270 Hierusalem,
1787 2221 1906 2275 quae
1929 2205 2058 2259 mdi-

476 2302 668 2356 licatur
705 2309 766 2354 ut
801 2301 1011 2355 civitas.
1055 2298 1194 2365 Quid
1233 2306 1319 2353 est
1355 2313 1483 2368 ergo
1525 2305 1832 2352 sanctorum
1873 2296 2056 2350 Eccle-

475 2392 611 2444 siam
655 2391 722 2445 ab
764 2391 852 2444 his
895 2389 985 2458 qui
1034 2387 1166 2443 foris
1207 2396 1332 2441 sunt
1374 2387 1590 2450 calcari,
1635 2386 1738 2440 nisi
1784 2385 1962 2440 verbis
2001 2394 2057 2440 et

475 2480 755 2535 tormentis
809 2478 1095 2548 persequi?
1146 2477 1512 2545 Quadraginta
1559 2486 1614 2531 et
1659 2479 1764 2531 duo
1805 2491 2051 2541 menses,

473 2579 699 2638 tempus,
746 2577 800 2622 et
840 2575 1116 2635 tempora,
1164 2574 1221 2621 et
1260 2566 1540 2619 dimidium
1574 2565 1849 2635 temporis,
1882 2565 1934 2620 id
1972 2573 2054 2620 est

469 2659 784 2714 Antichristi
819 2666 1028 2727 tempus
1068 2655 1402 2727 signiﬁcant;
1442 2657 1788 2711 nihilominus
1815 2665 1870 2711 et
1892 2671 2052 2712 omne

471 2758 682 2818 tempus
732 2747 855 2800 vita:
905 2747 1184 2816 pmsentis
1230 2755 1451 2815 propter
1499 2753 1702 2815 septem
1749 2755 1956 2810 aetates,
1998 2754 2054 2800 et

469 2850 672 2910 septem
717 2840 914 2909 quibus
957 2838 1186 2892 volvitur
1229 2839 1361 2892 dies.
1422 2837 1610 2891 Sexies
1655 2839 1796 2890 enim
1845 2846 2048 2906 septem

467 2930 823 3000 quadraginta
850 2936 906 2981 et
933 2927 1037 2982 duo
1079 2926 1301 2980 faciunt.
1337 2926 1447 2982 [loc
1487 2927 1650 2980 etiam
1687 2925 2048 2995 signiﬁcabat,

467 3022 611 3090 quod
659 3021 751 3075 ﬁlii
803 3019 966 3072 Israel
1001 3019 1413 3087 quadragesima
1469 3018 1703 3073 secunda
1769 3019 2049 3073 mansione

468 3124 669 3166 terram
701 3110 1132 3180 repromissionis
1158 3111 1445 3164 intrarunt.

2161 1945 2268 1985 non
2295 1939 2356 1984 ut
2374 1931 2591 1986 omnino
2615 1947 2720 1985 non
2751 1932 2955 2001 pluaut,
2988 1933 3082 1987 sed
3111 1950 3178 1989 ne
3215 1951 3374 2006 super
3401 1946 3606 1993 terram
3635 1943 3742 2011 spi-

2159 2037 2345 2076 nosam
2367 2063 2382 2087 ,
2430 2033 2486 2078 et
2529 2023 2813 2078 maledicto
2853 2025 3155 2093 proximam
3183 2041 3197 2079 :
3225 2042 3386 2095 quam
3418 2039 3739 2098 potestatem

2158 2111 2212 2167 in
2247 2114 2424 2182 capite
2472 2113 2748 2183 possident
2784 2116 3047 2170 membra.
3090 2117 3158 2170 Et
3197 2128 3498 2188 potestatem
3551 2123 3741 2178 habent

2156 2220 2313 2273 super
2350 2222 2514 2275 aquas
2557 2205 2884 2259 convertendi
2925 2223 3014 2262 eas
3057 2208 3113 2261 in
3142 2210 3468 2279 sanguinem.
3515 2212 3744 2268 Gladius

2155 2294 2347 2348 littera:
2369 2309 2475 2362 quo
2496 2295 2813 2363 spiritaliter
2829 2305 2983 2351 utens
3003 2297 3240 2352 Ecclesia
3265 2298 3548 2354 electomm
3568 2304 3740 2357 corda

2157 2383 2443 2454 transﬁgit,
2483 2393 2543 2438 ut
2586 2400 2648 2439 ea
2695 2386 2886 2456 spiritu
2926 2386 3161 2442 viviﬁcet
3198 2388 3252 2443 in
3296 2391 3540 2445 cordibus
3589 2393 3742 2446 male

2155 2471 2563 2543 intelligentium
2606 2473 2906 2540 hominum,
2943 2477 3085 2531 hunc
3127 2479 3438 2547 sanguinem
3478 2493 3740 2536 emanare

2155 2562 2303 2618 facit.
2333 2563 2400 2616 Et
2443 2574 2707 2634 percutere
2745 2575 2938 2620 terram
2981 2569 3120 2621 omni
3152 2568 3306 2638 plaga
3333 2571 3739 2642 quotiescunque

2153 2653 2430 2708 voluerim.
2479 2654 2912 2726 Quotiescunque
2958 2658 3206 2715 ﬁdelibus
3255 2661 3434 2714 divina
3481 2665 3737 2732 mysteria

2153 2740 2449 2807 claudunt,
2504 2744 2662 2798 toties
2717 2760 2811 2800 eos
2861 2746 3143 2802 insanabili
3199 2748 3349 2818 plaga
3403 2752 3734 2818 percutiunt.

2152 2831 2587 2904 Quotiescunque
2635 2851 2763 2891 vero
2805 2835 3051 2892 ﬁdelibus
3096 2837 3190 2893 Dei
3236 2850 3574 2896 sacramenta
3605 2858 3738 2912 pan-

2151 2920 2306 2985 dunt,
2346 2923 2506 2977 toties
2531 2923 2665 2978 alios
2711 2925 2779 2980 ad
2821 2927 3006 2992 vitam,
3057 2927 3189 2983 alios
3227 2930 3294 2983 ad
3338 2941 3568 2985 mortem
3614 2947 3738 3000 per-

2151 3014 2392 3067 trahunt.
2429 3014 2497 3068 Et
2524 3023 2651 3070 nota
2678 3018 2801 3085 quia
2829 3034 2935 3072 non
2965 3019 3221 3086 habituri,
3271 3023 3363 3076 sed
3388 3021 3502 3092 jam
3535 3025 3736 3080 habere

2149 3113 2472 3172 potestatem
2501 3107 2768 3173 dicuntur,
2797 3118 2850 3163 ut
2880 3109 2981 3164 hoc
3016 3126 3118 3164 non
3147 3112 3213 3166 de
3251 3112 3356 3168 illis
3385 3115 3593 3170 duobus
3619 3125 3734 3171 tan-

542 3203 702 3257 Vens.
727 3201 780 3254 5.
802 3231 873 3242 ——
904 3201 974 3255 Et
1015 3201 1150 3254 dabo
1191 3201 1392 3254 duobus
1422 3199 1632 3254 testibus
1675 3199 1822 3263 meis,
1849 3209 1897 3252 et
1922 3216 2043 3268 pro-
2075 3217 2120 3280 ρ
2153 3207 2284 3262 tum,
2316 3198 2410 3251 sed
2439 3197 2555 3266 jam
2602 3207 2656 3253 et
2698 3201 2762 3254 de
2810 3203 3166 3270 praesentibus
3210 3204 3571 3276 intelligamus
3598 3225 3736 3277 pne-

465 3289 743 3361 pltetabunt
769 3289 948 3343 diebus
979 3289 1121 3344 mille
1151 3290 1385 3343 ducentis
1417 3290 1708 3358 sexaginta,
1735 3289 1912 3342 amicti
1933 3305 2048 3341 sac-

467 3382 563 3434 cis.
611 3379 920 3433 Victorinus
961 3387 1167 3449 martyr
1207 3380 1341 3434 duos
1385 3387 1548 3432 testes
1596 3378 1765 3431 Eliam
1803 3386 1858 3432 et
1892 3376 2046 3431 Jere-

468 3473 634 3527 utinm
662 3471 935 3541 intelligit;
981 3468 1112 3522 dicit
1151 3467 1294 3521 enim
1323 3467 1448 3535 quia
1497 3481 1760 3534 nusquam
1799 3464 2045 3520 Ieremia:

463 3565 671 3634 legatur
700 3564 969 3619 interitus.
1002 3560 1107 3616 Sed
1154 3559 1346 3614 melius
1389 3558 1479 3612 alii
1528 3557 1700 3630 Elinam
1745 3565 1799 3611 et
1838 3557 2040 3612 Enoch.

464 3658 576 3712 Nos
597 3665 776 3712 autem
809 3657 860 3710 in
893 3655 1070 3724 specie
1113 3668 1282 3724 genus
1317 3650 1702 3722 intelligamus;
1732 3650 1786 3704 id
1823 3659 1907 3704 est
1948 3665 2044 3720 per

463 3750 598 3806 duos
625 3755 788 3801 testes
816 3745 1133 3807 Ecclesiam,
1157 3752 1209 3796 et
1225 3758 1320 3812 per
1335 3743 1449 3797 dies
1472 3742 1616 3796 mille
1630 3741 1891 3796 ducentos
1913 3757 2042 3810 qua-

464 3839 734 3908 draginta,
777 3854 883 3894 non
927 3836 1101 3892 solum
1130 3835 1444 3891 Antichristi
1493 3842 1725 3904 tempus,
1757 3834 1848 3889 sed
1875 3834 2040 3888 etiam

467 3937 731 3984 retroacta
760 3937 997 3997 tempora
1028 3926 1331 3979 volvuntur.
1357 3924 1425 3977 Et
1446 3923 1578 3978 bene
1599 3938 1694 3992 per
1716 3925 1849 3978 duos
1875 3932 2041 3977 testes

464 4019 723 4082 Ecclesia,
749 4027 967 4088 propter
989 4016 1096 4072 duo
1117 4016 1478 4080 Testamenta,
1502 4015 1637 4069 duos
1664 4015 1906 4084 populos,
1934 4015 2040 4068 duo

461 4113 711 4167 mandata
761 4109 1094 4171 dilectionis,
1143 4115 1197 4163 et
1242 4109 1347 4162 duo
1389 4106 1634 4176 martyrii
1670 4120 1886 4176 genera.
1937 4105 2041 4160 Pcr

459 4215 674 4255 saccum
713 4215 842 4253 vero
888 4197 1234 4267 intelligimus
1271 4196 1588 4251 humilitatis
1619 4194 2034 4260 confessionem,

457 4291 542 4348 vel
580 4291 884 4359 despectam
920 4287 1074 4343 malis
1119 4286 1419 4342 claritatem
1464 4294 1794 4340 sanctorum.
1849 4285 2032 4356 (Vens.

456 4382 536 4454 4.)
579 4381 650 4435 Hi
677 4390 796 4436 sunt
840 4381 960 4434 dua:
1008 4378 1178 4443 oliva’,
1211 4387 1258 4432 et
1305 4378 1410 4431 duo
1459 4377 1794 4442 candelabra,
1825 4378 1879 4430 in
1914 4393 2037 4430 con-

455 4482 630 4543 spectu
659 4471 872 4525 Domini
915 4479 1067 4524 terra:
1113 4477 1328 4523 stantes.
1376 4467 1617 4523 Ecclesia
1663 4467 1777 4520 sive
1820 4466 1874 4520 in
1929 4466 2034 4522 illis

2149 3287 2478 3344 dicatoribus
2504 3289 2726 3345 dictum.
2753 3293 2940 3361 (Vens.
2971 3295 3046 3365 7.)
3079 3295 3285 3350 Etcum
3313 3298 3546 3366 ﬁnierint
3588 3307 3732 3355 testi-

2148 3379 2382 3431 monium
2419 3396 2592 3443 suum,
2626 3380 2790 3434 bestia
2819 3399 2934 3453 qutc
2974 3384 3206 3438 ascendit
3257 3385 3322 3439 de
3358 3388 3544 3458 abysso
3573 3391 3732 3459 faciet

2147 3469 2392 3523 adversus
2418 3469 2536 3524 illos
2566 3470 2776 3537 bellum,
2808 3482 2857 3526 et
2901 3474 3059 3528 vincet
3088 3485 3137 3529 et
3186 3477 3382 3531 occidet
3432 3479 3570 3534 illos.
3596 3482 3729 3536 Cum

2147 3558 2405 3625 ﬁnierint,
2431 3562 2483 3616 id
2508 3569 2610 3627 est,
2633 3579 2755 3618 cum
2783 3563 2848 3618 ad
2874 3565 3074 3619 calcem
3098 3565 3314 3622 ﬁniendi
3340 3571 3724 3634 testimonium.

2146 3650 2249 3705 hoc
2301 3661 2384 3707 est
2430 3654 2497 3707 ad
2539 3655 2858 3710 Antichristi
2905 3665 3132 3727 tempus,
3181 3664 3539 3729 pervenerint.
3577 3665 3728 3719 Unde

2145 3739 2334 3803 claret,
2386 3751 2510 3796 ante
2553 3745 2899 3798 novissimam
2943 3749 3371 3816 persecutionem
3413 3752 3528 3807 haec
3577 3753 3726 3812 ﬁeri;

2143 3841 2363 3900 propter
2391 3833 2709 3889 brevitatem
2737 3837 2880 3890 enim
2927 3837 3137 3892 illorum
3166 3840 3391 3900 dierum.
3429 3842 3496 3896 de
3522 3845 3727 3911 quibus

2145 3919 2402 3976 Dominus
2439 3923 2587 3989 dicit,
2623 3936 2832 3996 propter
2860 3926 3046 3980 electos
3089 3931 3450 3985 breviabuntur
3498 3933 3609 3988 dies
3638 3936 3724 3988 illi

2146 4010 2358 4081 (Manli.
2416 4029 2563 4078 xxiv,
2613 4014 2728 4086 22),
2778 4032 2896 4070 cum
2929 4017 3018 4072 illo
3067 4028 3284 4074 ventum
3338 4020 3516 4088 fuerit,
3565 4027 3723 4093 quasi

2135 4098 2246 4167 jam
2277 4102 2485 4157 ﬁnitum
2514 4104 2764 4160 Ecclesia:
2791 4107 3156 4162 testimonium
3183 4112 3514 4180 perhibetur.
3545 4114 3724 4170 Bestia

2141 4193 2326 4261 igitur,
2362 4194 2414 4249 id
2438 4203 2522 4250 est
2549 4203 2718 4250 totum
2751 4198 2943 4252 diaboli
2974 4213 3190 4270 corpus,
3216 4201 3285 4257 de
3307 4204 3503 4274 abysso
3535 4222 3724 4262 ascen-

2141 4283 2269 4336 dere
2299 4283 2514 4348 dicitur,
2548 4287 2674 4355 quia
2702 4287 2882 4341 divino
2921 4287 3123 4355 judicio
3163 4291 3310 4347 ell'ari
3347 4297 3678 4362 permittitur
3704 4317 3721 4348 ;

2127 4370 2337 4438 judicia
2365 4377 2505 4430 enim
2533 4376 2740 4432 Domini
2787 4378 3003 4448 abyssus
3037 4381 3202 4434 multa
3240 4382 3412 4454 (Psal.
3442 4402 3602 4449 xxxv,
3628 4389 3721 4457 7);

2138 4463 2264 4516 inde
2294 4481 2422 4534 ergo
2451 4468 2712 4531 ascendit,
2740 4469 2881 4523 unde
2917 4470 3079 4524 levari
3130 4474 3481 4542 permittitur.
3507 4477 3568 4531 Si
3590 4494 3718 4535 vero

457 4563 686 4627 duobus,
717 4561 829 4615 sive
861 4559 1181 4630 generaliter
1219 4558 1272 4612 in
1315 4556 1566 4612 omnibus
1593 4555 2036 4625 praedicatoribus
2064 4563 2110 4622 ι)
2137 4569 2234 4624 per
2264 4555 2488 4611 bestiam
2520 4559 2690 4613 solum
2733 4559 3121 4616 Antichristum
3151 4565 3500 4634 accipiamus,
3526 4586 3715 4625 ascen-

453 4659 675 4722 propter
698 4651 1004 4704 unctionem
1031 4649 1200 4703 sancti
1239 4647 1494 4717 Spiritus,
1534 4662 1630 4716 per
1657 4647 2033 4716 olivam;pro—

451 4750 572 4810 pter
600 4740 776 4793 lumen
823 4738 942 4792 ﬁdei
974 4747 1029 4792 et
1059 4737 1404 4808 operationis,
1452 4752 1547 4806 per
1591 4735 1909 4791 candelabra
1939 4753 2033 4794 ex-

449 4830 718 4902 primitur.
767 4828 900 4884 Cum
941 4839 1120 4883 autem
1167 4845 1272 4884 una
1320 4829 1390 4883 sit
1431 4843 1497 4883 ex
1537 4828 1745 4882 duobus
1787 4828 2027 4898 populis,

449 4919 589 4976 oliva
619 4929 671 4976 et
700 4936 865 4974 unum
897 4920 1274 4975 candelabrum
1304 4929 1524 4990 propter
1550 4919 1656 4974 duo
1689 4919 2029 4974 Testamenta

449 5011 569 5068 duae
592 5012 746 5068 oliva:
774 5021 828 5067 et
862 5011 966 5067 duo
997 5011 1317 5067 candelabra
1357 5011 1627 5066 dicuntur.
1657 5011 1712 5064 ln
1739 5021 2029 5079 conspectu

452 5101 662 5157 Domini
706 5112 870 5167 stant,
901 5103 1026 5171 quia
1062 5102 1248 5156 intima
1292 5101 1741 5172 contemplatione
1766 5102 2031 5158 conditori

450 5209 546 5249 suo
578 5193 858 5250 inlmrent.
887 5193 1022 5248 Hinc
1065 5194 1226 5256 Elias,
1271 5194 1356 5247 cui
1393 5193 1700 5264 specialiter
1724 5193 1822 5247 ista
1863 5195 2031 5249 ascri-

449 5283 668 5349 buntur,
697 5285 826 5340 dicit
851 5304 862 5339 :
905 5283 1036 5338 Vivit
1072 5285 1348 5348 Dominus,
1378 5285 1432 5337 in
1467 5285 1618 5354 cujus
1648 5293 1921 5356 conspectu
1951 5295 2029 5340 sto

451 5367 503 5436 (1
521 5369 556 5420 ν
582 5372 709 5444 Reg.
742 5393 824 5441 ιιι,
855 5375 961 5447 H).
987 5375 1171 5429 Potest
1199 5375 1301 5428 hoc
1326 5375 1425 5427 sub
1465 5374 1569 5429 alio
1610 5375 1881 5432 intellectu
1909 5393 2028 5446 spe-

450 5455 659 5515 cialiter
683 5464 749 5517 ad
776 5465 945 5520 Eliam
992 5473 1047 5520 et
1083 5464 1268 5520 Enoch
1294 5462 1504 5528 referri,
1535 5466 1624 5534 qui
1660 5468 1909 5522 humanis
1939 5485 2025 5523 as-

451 5546 691 5612 pectibus
715 5555 970 5610 subtracti
1000 5555 1110 5609 Deo
1136 5557 1394 5610 secretius
1427 5557 1704 5612 inhaerent.
1729 5558 1912 5628 (Vens.
1945 5561 2022 5631 5.)

456 5633 516 5691 Et
552 5634 728 5703 siquis
755 5643 828 5694 eis
852 5643 1066 5698 uoluerit
1097 5662 1297 5708 nocere,
1345 5647 1478 5715 ignis
1517 5647 1648 5701 exiet
1691 5649 1755 5701 de
1794 5665 1882 5702 ore
1909 5649 2016 5702 illo-

451 5741 591 5796 rum,
619 5734 666 5781 ct
694 5728 953 5784 devorabit
992 5733 1224 5788 inimicos
1251 5753 1428 5788 eorum
1454 5751 1469 5786 :
1500 5747 1545 5790 et
1583 5739 1628 5789 si
1662 5739 1776 5806 quis
1808 5754 1891 5792 eos
1939 5757 2022 5794 ro-

2137 4643 2218 4698 sio
2246 4645 2310 4699 de
2331 4647 2525 4716 abysso
2554 4649 2786 4704 carnalis
2809 4651 3062 4706 nativitas
3085 4663 3255 4710 estex
3286 4656 3719 4724 profundissima:

2139 4734 2427 4804 impietatis
2467 4735 2773 4794 Iudaeorum
2812 4742 3026 4811 populo,
3073 4742 3124 4797 id
3178 4754 3264 4802 est
3293 4747 3382 4802 de'
3405 4750 3548 4805 tribu
3578 4751 3718 4805 Dan.

2137 4823 2321 4894 Pugna
2373 4835 2550 4881 autem
2604 4836 2658 4882 et
2699 4833 2994 4900 corporalis
3018 4835 3122 4890 erit
3149 4843 3203 4890 et
3231 4837 3497 4905 spiritalis.
3544 4840 3600 4894 In
3649 4858 3723 4898 eo

2137 4917 2319 4987 itaque
2352 4919 2493 4988 quod
2533 4921 2748 4987 dicitur,
2775 4933 2823 4977 et
2856 4926 3018 4979 vincet
3043 4944 3148 4990 eos,
3178 4944 3304 4998 pars
3341 4938 3420 4984 est
3462 4932 3720 5000 quaedam

2138 5009 2366 5062 admista
2402 5011 2612 5079 corpori
2651 5011 2883 5078 Christi,
2925 5031 3044 5085 qua:
3088 5018 3202 5072 sive
3240 5021 3557 5086 terroribus,
3604 5024 3716 5078 sive
3785 5089 3790 5094 _

2133 5100 2408 5155 blanditiis
2457 5102 2598 5158 vinci
2639 5119 2797 5172 posse
2849 5117 3122 5162 narratur.
3179 5110 3330 5166 Unde
3375 5127 3713 5182 nequaquam
3778 5159 3788 5188 δ

2129 5191 2405 5259 praemissa
2439 5195 2706 5248 sententia
2737 5195 2801 5250 de
2829 5196 3036 5252 duobus
3072 5207 3276 5254 tantum
3327 5203 3554 5257 testibus
3589 5217 3718 5272 pro-
3774 5193 3784 5250 Ϊ

2131 5278 2238 5332 lata
2260 5287 2361 5335 est.
2388 5280 2446 5335 Si
2472 5283 2614 5338 enim
2644 5293 2804 5347 esset,
2851 5289 2994 5356 quod
3035 5289 3193 5353 absit,
3237 5293 3409 5347 bestia
3451 5293 3572 5349 illos
3599 5296 3718 5351 vin-

2131 5381 2295 5426 ceret.
2322 5373 2385 5428 Hi
2411 5390 2542 5446 ergo
2570 5376 2623 5430 in
2652 5377 2740 5432 illa
2768 5389 2920 5448 parte
2965 5381 3216 5437 Ecclesia:
3250 5383 3625 5453 intelligantur
3650 5387 3718 5441 de

2131 5477 2234 5532 qua
2261 5463 2476 5528 dicitur,
2523 5475 2570 5519 et
2622 5469 2816 5525 accidet
2864 5471 2980 5526 illos
3001 5488 3020 5538 ;
3077 5471 3128 5527 id
3165 5481 3246 5528 est
3279 5475 3332 5528 in
3363 5485 3517 5546 parte
3543 5476 3712 5533 electa

2131 5568 2249 5622 quae
2270 5555 2440 5611 occidi
2469 5568 2666 5628 potest,
2695 5563 2788 5616 sed
2811 5563 2950 5618 vinci
2975 5580 3082 5620 non
3104 5575 3300 5635 potest.

2203 5659 2363 5713 Vens.
2379 5660 2579 5715 8.—Et
2591 5662 2841 5731 jaccbunt
2858 5681 3072 5735 corpora
3093 5667 3146 5720 in
3161 5667 3335 5736 platea
3351 5669 3578 5722 civitatis
3599 5689 3708 5724 nm-

2129 5765 2262 5816 gmr,
2287 5768 2402 5818 qua'
2427 5764 2636 5807 vocatur
2655 5756 2959 5824 spiritaliter
2972 5756 3222 5822 Sodoma,
3237 5770 3284 5813 et
3307 5757 3594 5830 ligyptus.
3621 5762 3705 5814 ubi
