4002 6186
273 409 409 463 Ηίξ)

1035 413 1447 470 EXEGETICA.
1490 447 1559 455 -——
1593 415 1946 472 COMMENT.
1987 415 2053 469 LV
2092 418 2379 474 APOCAL.
2421 452 2491 462 —
2527 423 2656 478 LIB.
2699 424 2757 479 Υ.

3389 433 3526 485 Hild

265 530 310 571 et
335 518 587 572 Dominus
605 535 782 574 eorum
805 521 1089 590 cruciﬁxus
1110 532 1203 576 est.
1226 523 1326 577 Per
1348 525 1450 579 hoc
1470 525 1612 595 quod
1632 536 1848 580 sancto-
1873 533 1919 586 Α
1951 525 2164 580 testium
2213 543 2436 598 corpora
2465 542 2716 588 constare
2742 535 3120 603 pramiisimus,
3167 540 3234 594 ad
3268 539 3370 596 hoc
3393 557 3526 596 con-

267 629 384 667 rum
409 613 646 668 Ecclesia
669 615 722 668 in
744 614 919 684 platea
940 616 1175 671 civitatis
1200 632 1409 686 magnae
1434 627 1643 673 mortua
1664 619 1849 688 jacere

264 705 609 770 describitur,
623 706 967 760 vehementer
987 705 1180 762 alﬂicta
1199 717 1254 764 et
1273 708 1369 764 Dei
1379 708 1583 779 judicio
1597 712 1849 779 spiritali-

266 802 349 848 ter
374 795 616 850 hostibus
642 796 755 850 suis
779 797 1051 852 substrata
1080 807 1431 855 monstratur.
1463 800 1532 854 Et
1555 809 1680 855 nota
1705 803 1850 870 quod

265 899 370 939 non
412 884 627 940 illorum
661 885 832 940 solum
870 901 1118 957 corpora,
1171 888 1263 957 qui
1311 888 1457 944 ferro
1503 890 1846 954 occiduntur,

264 975 359 1030 sed
388 985 442 1031 et
485 977 716 1044 illorum,
746 980 838 1049 qui
867 980 1040 1035 adhuc
1068 981 1274 1046 vivunt,
1300 990 1546 1051 oporteat
1577 983 1802 1054 intelligi
1828 1001 1843 1049 ;

262 1067 328 1120 de
357 1067 604 1136 qualibus
628 1069 948 1139 Apostolus:
977 1069 1176 1124 Mortui
1196 1072 1334 1126 enim
1367 1073 1507 1137 estis,
1537 1081 1590 1128 et
1619 1075 1845 1143 reliqua.

266 1159 330 1212 Et
378 1161 504 1228 quia
548 1161 892 1232 Hierusalem.
927 1163 1197 1219 crudelior
1241 1165 1345 1219 erit
1372 1167 1698 1234 persecutio,
1728 1166 1852 1221 ideo

264 1249 515 1304 dicuntur
547 1249 620 1304 ibi
660 1266 781 1306 esse
809 1262 1120 1307 sanctorum
1164 1254 1455 1324 martyria;
1496 1255 1588 1310 ubi
1613 1255 1850 1311 ostendi-

265 1349 352 1395 tur
377 1342 503 1411 quia
527 1341 696 1397 Judasi
715 1345 1088 1414 principaliter
1110 1346 1446 1403 Antichristo
1477 1348 1843 1412 adhaerebunt,

262 1446 541 1500 quousque
589 1433 705 1487 Elia
753 1442 806 1489 et
859 1435 1043 1490 Enoch
1093 1436 1442 1507 pradicante,
1465 1439 1558 1508 qui
1605 1439 1846 1494 salvandi

263 1519 463 1576 fuerint
499 1531 901 1579 convertantur.
935 1525 1228 1597 IEgyptum
1274 1537 1476 1594 autem,
1517 1537 1573 1583 et
1613 1528 1845 1584 Sodoma

262 1611 574 1684 spiritaliter
610 1615 799 1670 civitas
827 1615 915 1670 illa
945 1627 1169 1673 vocatur
1197 1628 1420 1690 propter
1453 1621 1691 1691 ipsorum
1727 1622 1848 1676 imi-

261 1703 543 1757 tationem.
574 1703 640 1758 Et
663 1707 787 1775 quia
819 1707 908 1762 illa
937 1711 1242 1777 persecutio
1271 1712 1326 1767 in
1359 1721 1470 1769 toto
1496 1715 1696 1769 mundo
1719 1715 1846 1781 erit,

264 1798 405 1844 totus
439 1791 587 1845 orbis
613 1803 799 1848 contra
831 1796 1124 1854 Ecclesium
1155 1801 1381 1856 saeviens
1408 1818 1504 1872 per
1540 1805 1680 1882 hanc
1714 1804 1834 1858 civi~

1951 613 2273 671 ﬁrmandum
2326 619 2548 674 Paulum
2593 623 2844 677 idoneum
2882 633 3087 685 testem
3137 627 3534 686 introducimus

1951 701 2217 760 dicentem
2255 724 2268 760 :
2301 707 2414 762 Nos
2445 711 2534 780 qui
2576 713 2812 778 vivimus,
2853 717 2944 785 qui
2970 717 3328 788 relinquimur,
3369 722 3527 775 simul

1952 797 2216 865 rapiemur
2239 815 2355 854 cum
2385 799 2492 856 illis
2516 804 2572 856 in
2593 804 2811 860 nubibus
2831 806 3031 860 obviam
3060 807 3267 864 Christo
3296 813 3348 866 in
3376 829 3522 878 aera,

1949 894 2000 937 et
2035 887 2109 938 sic
2135 903 2338 957 semper
2379 907 2496 944 cum
2542 891 2764 948 Domino
2807 897 3000 951 erimus
3025 898 3187 970 (Ibid.
3228 916 3283 967 ν,
3325 902 3430 973 16).
3465 903 3526 958 Si

1949 986 2101 1042 ergo,
2129 982 2188 1028 ut
2217 977 2505 1044 Apostolus
2531 979 2683 1046 dicit,
2710 984 2816 1037 vivi
2853 985 2945 1054 qui
2971 987 3312 1043 invenientur
3337 991 3391 1044 in
3427 1005 3531 1046 nu-‘

1949 1061 2108 1116 bibus
2135 1063 2349 1120 obviam
2378 1066 2594 1121 Christo
2629 1069 2683 1122 in
2719 1085 2843 1125 aera
2891 1075 3184 1142 rapientur,
3211 1093 3338 1148 ergo
3378 1095 3527 1135 men-

1949 1151 2053 1204 dax
2078 1161 2161 1206 est
2185 1152 2469 1209 Psalmista
2506 1157 2726 1212 dicens:
2770 1158 2901 1224 Quis
2939 1171 3016 1214 est
3056 1164 3206 1217 homo
3245 1169 3333 1236 qui
3372 1169 3522 1236 vivit,

1949 1251 1997 1292 et
2024 1257 2127 1294 non
2161 1243 2346 1296 ridebit
2380 1255 2596 1300 mortem
2634 1247 2805 1318 (Psal.
2833 1267 3103 1320 ,Lxxxvm,
3136 1253 3262 1326 ων
3290 1256 3358 1311 Et
3390 1259 3530 1314 liber

1949 1329 2175 1386 Genesis
2227 1350 2239 1386 :
2296 1333 2487 1400 Terra,
2527 1337 2792 1406 inquiens,
2831 1355 2910 1404 es,
2951 1349 3006 1396 et
3055 1343 3109 1396 in
3159 1352 3356 1400 terram
3390 1348 3528 1404 ibis?

1951 1421 2058 1476 Sed
2085 1423 2247 1477 absit.
2278 1423 2433 1490 Nam,
2485 1432 2546 1478 ut
2588 1425 2748 1482 Pater
2770 1429 3102 1501 Augustinus
3139 1434 3289 1499 dicit,
3317 1437 3372 1489 in
3412 1438 3529 1506 ipso

1949 1522 2106 1581 raptu
2162 1514 2383 1568 nubium
2446 1525 2876 1573 momentaneam
2936 1529 3164 1577 mortem
3216 1526 3522 1592 gustabunt.

1948 1599 2064 1656 Hoc
2110 1611 2194 1657 est
2226 1610 2406 1658 autem
2453 1620 2651 1676 corpus
2681 1607 2734 1660 in
2770 1616 2966 1663 terram
3009 1613 3227 1679 reverti,
3257 1617 3397 1682 quod
3434 1631 3529 1670 ex-

1947 1701 2108 1748 eunte
2154 1694 2333 1748 anima
2384 1709 2664 1752 remanere
2711 1713 2932 1767 corpus,
2980 1703 3124 1770 quod
3170 1705 3352 1773 utique
3384 1715 3527 1762 terra

1947 1791 2047 1839 est.
2082 1784 2255 1852 Quam
2279 1795 2462 1841 autem
2497 1786 2653 1841 velox
2691 1789 2760 1842 sit
2781 1796 3009 1859 utraque
3029 1791 3353 1860 immutatio,
3377 1795 3528 1866 Apo-

262 1887 424 1934 tatem
452 1888 629 1949 potest
657 1884 902 1956 intelligi.
927 1886 1060 1942 Nam
1097 1899 1150 1943 et
1182 1890 1440 1946 Dominus
1471 1877 1577 1948 non
1613 1895 1754 1950 intra
1779 1893 1841 1948 il-

1950 1875 2122 1932 stolus
2151 1877 2372 1942 indicat,
2400 1877 2492 1946 qui
2530 1878 2710 1934 omnia
2746 1880 2801 1934 in
2842 1882 2948 1935 ictu
2995 1881 3131 1937 oculi
3168 1883 3217 1955 (1
3265 1885 3386 1941 Cor.
3436 1905 3523 1954 xv,

259 1967 368 2022 lam
409 1969 707 2039 civitatem,
751 1976 846 2030 sed
871 1986 1023 2032 extra
1052 1989 1238 2048 portas
1276 1980 1392 2050 ejus
1429 1998 1621 2053 passus
1655 1993 1760 2050 est,
1785 1993 1847 2038 ut

257 2057 313 2111 in
341 2067 452 2114 toto
490 2064 692 2117 mundo
729 2066 1042 2135 cruciﬁxus,
1077 2079 1134 2126 et
1174 2081 1344 2127 totum
1389 2075 1646 2129 mundum
1683 2090 1847 2130 occu-

255 2164 413 2218 passe
434 2153 768 2228 crederetur.
798 2156 902 2212 Per
928 2158 1218 2231 Aigyptum
1249 2172 1304 2217 et
1333 2163 1565 2219 Sodoma
1593 2178 1848 2234 persecu-

257 2247 436 2293 torum
472 2241 729 2312 iniquitas
753 2247 1082 2318 designatur.
1114 2251 1298 2322 (Vens.
1324 2252 1401 2325 9.)
1425 2252 1502 2306 Et:
1516 2253 1759 2308 videbunt
1780 2255 1846 2309 de

257 2330 482 2399 populis,
514 2334 771 2400 tribubus,
798 2347 846 2390 et
867 2337 1081 2408 linguis,
1127 2351 1175 2394 et
1219 2343 1480 2410 gentibus,
1505 2359 1726 2411 corpora
1765 2361 1846 2396 eo-

259 2437 374 2473 rum
404 2423 574 2474 tribus
596 2423 782 2476 diebus
808 2433 863 2476 et
887 2426 1125 2488 dimidio,
1173 2436 1223 2480 et
1257 2445 1476 2498 corpora
1522 2446 1702 2484 eorum
1741 2447 1845 2484 non

255 2508 425 2562 sinent
452 2511 574 2580 poni
602 2511 656 2564 in
683 2515 1047 2568 monumentis.
1081 2515 1234 2571 Sicut
1273 2519 1519 2588 sepulcra
1547 2521 1617 2575 ab
1654 2521 1845 2575 buma—

257 2599 340 2650 nis
373 2599 544 2654 oculis
571 2615 821 2671 corpora,
848 2603 928 2658 sic
962 2615 1178 2662 sanctos
1224 2623 1254 2661 a
1291 2609 1636 2666 tribulatione
1660 2621 1844 2667 eonte-

256 2691 334 2758 git
370 2692 732 2760 tranquillitas
763 2698 1039 2766 temporis.
1068 2697 1203 2764 Quia
1227 2715 1356 2770 ergo
1378 2717 1483 2772 pax
1507 2704 1708 2759 sanctis
1735 2719 1842 2760 non

256 2781 383 2846 erit,
415 2781 534 2836 ideo
575 2783 826 2838 dicuntur
868 2787 1121 2858 insepulti
1165 2806 1402 2848 manere.
1452 2792 1594 2848 Nulli
1618 2810 1748 2850 vero
1773 2797 1844 2851 sit

256 2873 604 2937 contrarium,
633 2876 677 2928 si
706 2885 945 2932 mortuos
972 2895 1077 2934 non
1100 2881 1270 2937 solum
1299 2884 1526 2949 occisos,
1557 2888 1650 2941 sed
1674 2887 1840 2941 etiam

256 2961 481 3018 alllictos
513 2964 716 3020 dictum
743 2975 828 3021 est
853 2967 1076 3040 intelligi
1112 2987 1292 3041 posse,
1336 2976 1588 3043 quoniam
1636 2976 1841 3047 tropice

255 3070 284 3104 a
327 3057 642 3125 corporibus
693 3065 834 3114 totos
889 3060 1088 3116 indicat
1137 3065 1400 3121 homines.
1452 3067 1638 3137 Itaque
1675 3069 1838 3123 trium

255 3147 462 3202 dierum
493 3158 547 3202 et
573 3149 777 3206 dimidii
811 3154 1004 3222 spatio,
1039 3156 1332 3212 triennium
1359 3167 1416 3214 et
1445 3176 1539 3216 sex
1570 3163 1837 3216 mensium

255 3253 466 3293 summa
501 3240 852 3309 describitur;
891 3261 921 3298 a
950 3256 1104 3313 parte
1151 3249 1358 3304 scilicet
1403 3259 1596 3307 totum.
1647 3253 1836 3323 (Vens.
1864 3257 1914 3324 ο

256 3326 368 3398 10.)
400 3327 468 3381 Et
504 3330 852 3387 inhabitantes
879 3343 1072 3389 terram
1098 3339 1397 3408 gaudebunt
1434 3360 1592 3411 super
1615 3344 1754 3414 illos,
1793 3360 1840 3404 et

252 3417 701 3485 jucundabuntur,
741 3432 790 3475 et
834 3439 1051 3478 munera
1093 3427 1294 3481 mittent
1338 3430 1577 3498 invicem,
1615 3438 1740 3504 quia
1785 3439 1840 3492 hi

253 3507 359 3561 duo
385 3510 744 3566 cruciaeerunt
769 3529 856 3567 eos
884 3516 973 3584 qui
1005 3517 1252 3574 habitant
1279 3537 1437 3592 super
1458 3534 1674 3580 terram.
1695 3529 1840 3595 Quo-

255 3600 414 3654 modo
451 3603 520 3656 ab
557 3603 638 3658 eis
679 3605 1008 3672 crucientur,
1059 3609 1220 3678 paulo
1271 3615 1519 3684 superius
1571 3619 1834 3688 diximus;

254 3690 458 3745 scilicet
490 3692 837 3750 devoratione
884 3697 1024 3767 ignis
1061 3701 1338 3770 spiritalis,
1369 3711 1721 3776 suspensione
1747 3728 1837 3766 sa-

255 3783 446 3840 lutaris
477 3785 686 3855 pluvi-.e,
719 3797 772 3843 et
815 3795 1170 3850 conversione
1215 3813 1476 3868 aquarum
1525 3803 1576 3854 in
1621 3806 1839 3874 sangui-

257 3893 402 3931 llL‘lll.

329 3968 486 4024 Vens.
521 3971 606 4022 ll.
633 4000 706 4011 —
732 3969 800 4023 Et
828 3983 941 4041 post
963 3983 1068 4029 tres
1094 3975 1203 4030 dies
1228 3986 1277 4030 et
1301 3979 1602 4048 dimidium,
1622 3983 1838 4053 spiritus

254 4057 370 4109 ritte
399 4074 430 4109 a
469 4056 579 4110 Deo
620 4059 829 4114 intravit
870 4063 926 4116 in
965 4080 1071 4128 eos,
1117 4074 1164 4119 et
1211 4076 1462 4123 steterunt
1499 4088 1655 4142 super
1684 4074 1838 4143 pedes

252 4161 396 4198 suos.
421 4143 700 4201 Generalis
749 4149 851 4204 hoc
895 4149 1013 4206 loco
1046 4153 1286 4209 omnium
1316 4166 1627 4215 sanctorum
1659 4179 1838 4220 resur-

257 4234 426 4288 rectio
461 4243 583 4304 post
612 4235 757 4290 illam
784 4240 1210 4307 persecutionem
1236 4245 1581 4303 novissimam
1613 4260 1837 4307 ventura

252 4325 578 4381 declaratur.
615 4327 844 4398 Spiritus
873 4339 1053 4386 autem
1089 4334 1205 4388 vitae
1233 4352 1264 4388 a
1294 4336 1399 4390 Deo
1429 4338 1654 4396 intrabit
1693 4344 1747 4397 in
1773 4344 1839 4398 il-

253 4417 351 4480 los,
376 4431 480 4470 non
510 4432 615 4486 quo
640 4417 802 4472 alium
825 4421 1112 4490 accipiant,
1141 4425 1234 4479 sed
1259 4427 1384 4495 quia
1406 4431 1654 4487 eumdem
1675 4448 1838 4503 quem

256 4507 556 4559 habuerunt
604 4508 882 4577 recipient.
938 4509 1110 4582 Super
1156 4516 1319 4584 pedes
1356 4534 1486 4574 vero
1535 4530 1710 4589 stare,
1754 4537 1838 4582 est

1951 1963 2042 2037 52)
2073 1965 2191 2021 ﬁeri
2217 1965 2520 2021 confirmat.

2021 2057 2182 2112 Vnus.
2207 2058 2293 2112 15.
2316 2089 2388 2098 -
2407 2059 2474 2113 Et
2497 2060 2553 2113 in
2585 2060 2678 2115 illa
2700 2063 2832 2116 hora
2867 2064 3040 2132 factus
3067 2075 3141 2119 est
3171 2076 3324 2122 terra:
3358 2076 3526 2124 motus"

1947 2165 2190 2218 magnus.
2224 2148 2451 2206 Ostensa
2489 2155 2906 2220 resurrectione,
2935 2171 2966 2210 a
3009 2159 3299 2214 novissima
3344 2176 3524 2232 persc-

1945 2235 2160 2288 cutione
2197 2233 2530 2304 recapitulat.
2578 2234 2694 2291 Non
2744 2249 2926 2293 autem
2977 2242 3174 2297 mirum
3217 2245 3264 2298 si
3310 2257 3530 2316 propter

1943 2326 2145 2380 electos
2180 2327 2552 2382 abbreviatum
2589 2337 2800 2400 tempus
2829 2331 3016 2387 horam
3047 2345 3226 2402 vocet,
3254 2353 3374 2392 cum
3401 2341 3528 2396 alibi

1945 2413 2010 2467 de
2049 2422 2161 2467 toto
2193 2416 2297 2468 hoc
2327 2424 2567 2483 tempore
2612 2420 2786 2472 dicat:
2830 2421 3035 2488 Filioli,
3072 2429 3351 2482 novissima
3396 2430 3527 2485 hora

1943 2511 2018 2554 est
2049 2501 2101 2572 (Ι
2153 2502 2314 2556 Joan.
2369 2521 2430 2570 ιι,
2485 2505 2594 2577 18).
2637 2507 2704 2561 Et
2750 2517 2878 2563 nota
2926 2513 3052 2579 quia
3100 2530 3352 2585 magnum
3399 2521 3531 2576 dicit

1944 2601 2334 2662 terrazmotum,
2360 2597 2615 2666 quoniam
2643 2598 2798 2668 juxta
2835 2601 3048 2657 Domini
3075 2619 3277 2671 vocem,
3309 2609 3406 2661 erit
3433 2625 3529 2665 au-

1943 2690 2051 2736 tem
2081 2683 2350 2739 tribulatio
2375 2686 2548 2756 qualis
2582 2705 2687 2743 non
2712 2691 2813 2759 [uit
2856 2691 2920 2745 ab
2949 2693 3102 2747 initio
3131 2695 3346 2765 (Matth.
3376 2715 3526 2763 xxiv.

1941 2770 2054 2842 2|).
2092 2772 2162 2825 Et
2199 2774 2402 2829 decima
2455 2793 2578 2845 pars
2628 2779 2850 2834 civitatis
2892 2783 3094 2837 cecidit.
3141 2785 3358 2842 Decima
3399 2805 3528 2860 pars

1941 2865 2177 2921 civitatis
2217 2867 2272 2921 in
2313 2866 2419 2922 illis
2459 2869 2623 2935 cadit,
2664 2871 2756 2940 qui
2803 2873 2872 2927 ad
2911 2873 3203 2931 electorum
3241 2883 3526 2938 numerum

1939 2973 2046 3013 non
2077 2959 2368 3029 pertinent.
2401 2959 2570 3016 Electi
2603 2963 2746 3017 enim
2783 2977 2976 3020 novem
3001 2966 3280 3026 ordinibus
3307 2976 3526 3045 angelo-

1939 3065 2060 3103 rum
2103 3051 2280 3121 juncti
2309 3052 2496 3108 ruinas
2542 3053 2847 3112 daemonum
2889 3073 2986 3112 sua
3022 3066 3408 3122 numerositate
3438 3069 3522 3122 iu-

1939 3152 2200 3209 staurant,
2230 3154 2284 3200 et
2325 3145 2594 3201 decimum
2636 3148 2842 3204 ordinis
2881 3154 2963 3206 sui
2995 3152 3172 3208 locum
3209 3157 3523 3229 adimplcnt.

1941 3235 2058 3292 Non
2090 3238 2272 3307 itaque
2303 3247 2412 3293 tota
2445 3238 2675 3305 decima,
2705 3243 2798 3296 sed
2826 3257 2952 3312 pars
2981 3245 3220 3312 decimae,
3255 3249 3412 3308 debet
3440 3255 3524 3308 in-

1945 3325 2128 3396 telligi,
2160 3341 2280 3394 quae
2318 3327 2484 3393 cadit,
2515 3329 2566 3383 id
2593 3337 2676 3384 est
2703 3329 2794 3384 illa
2837 3347 2957 3401 qua:
2985 3333 3052 3388 ad
3089 3350 3281 3391 novem
3311 3341 3528 3398 ordines

1941 3433 2058 3486 aug.
2082 3417 2257 3472 lorum
2295 3434 2402 3474 non
2450 3420 2798 3492 pertingens,
2851 3423 3028 3479 locum
3079 3427 3274 3483 decimi
3321 3434 3528 3489 ordinis

1939 3510 2162 3565 minime
2199 3518 2362 3566 tenet.
2389 3510 2458 3565 Et
2491 3513 2663 3567 occisa
2711 3525 2831 3569 sunt
2866 3517 2922 3570 in
2967 3526 3268 3574 terrtemotu
3313 3525 3523 3578 nomina

1939 3601 2207 3654 hominum
2241 3611 2432 3672 septem
2461 3603 2648 3656 millia.
2691 3605 2747 3657 lu
2784 3605 2869 3658 bis
2904 3619 3031 3673 pars
3060 3607 3148 3661 illa
3179 3610 3522 3682 intelligenda

1938 3703 2042 3758 est,
2071 3709 2189 3762 qua:
2218 3709 2360 3747 nunc
2394 3694 2535 3747 inter
2577 3709 2743 3764 agnos
2769 3695 2965 3761 latitat,
2997 3700 3092 3753 sed
3120 3710 3311 3770 agente
3339 3707 3526 3762 novis—

1939 3786 2077 3838 sima
2108 3784 2484 3852 persecutione
2514 3785 2579 3839 ad
2624 3787 2897 3855 publicum
2939 3805 3183 3848 errorem
3213 3795 3440 3852 deducta
3469 3801 3522 3854 in

1939 3891 2133 3946 corpus
2159 3876 2347 3930 bestiae
2370 3877 2673 3932 devoranda
2717 3879 3002 3950 trajicitur.
3051 3884 3258 3957 Reliqui
3289 3890 3344 3942 in
3373 3892 3526 3947 timo—

1940 3982 2047 4019 rem
2068 3975 2189 4020 sunt
2219 3967 2387 4033 missi,
2418 3977 2468 4021 et
2510 3967 2761 4023 dederunt
2806 3969 3026 4041 gloriam
3071 3973 3180 4028 Deo
3205 3977 3335 4032 caeli.
3379 3981 3525 4048 Quos

1940 4056 2175 4126 reliquos
2226 4057 2394 4111 dicit?
2444 4057 2567 4113 illos
2607 4060 2698 4128 qui
2735 4061 2789 4114 in
2831 4063 2934 4117 tide
2978 4077 3413 4137 permanserunt,
3454 4089 3524 4129 an

1938 4147 2060 4204 illos
2079 4149 2170 4218 qui
2200 4160 2534 4221 negaverunt
2553 4160 2607 4206 et
2634 4164 2756 4223 post
2780 4157 2982 4212 reversi
3007 4161 3164 4214 sunt?
3190 4177 3256 4216 an
3289 4163 3406 4220 illos
3430 4169 3520 4238 qui

1938 4246 2054 4298 sine
2114 4243 2233 4299 lide'
2271 4243 2510 4310 fuerunt,
2559 4255 2614 4300 et
2659 4257 2782 4317 post
2831 4251 3247 4320 praedicantibus
3298 4257 3414 4313 Elia
3469 4271 3524 4316 et

1937 4335 2123 4390 Enoch
2151 4344 2277 4390 sunt
2303 4338 2595 4392 credituri?
2640 4340 2779 4395 Vere
2821 4357 3010 4398 omnes
3057 4361 3340 4415 possumus
3369 4351 3524 4406 intel-

1937 4427 2121 4498 ligere.
2152 4428 2336 4499 (Vens.
2375 4429 2486 4500 M.)
2530 4428 2618 4483 Vte
2656 4433 2941 4487 secundum
2974 4436 3118 4502 abiit,
3154 4456 3269 4494 ecce
3307 4459 3383 4497 va:
3421 4453 3523 4500 ter-

1937 4520 2066 4572 tium
2092 4519 2228 4572 venit
2255 4521 2378 4572 cito.
2400 4519 2499 4574 Hic
2521 4518 2643 4575 ﬁnis
2660 4530 2742 4576 est
2765 4524 2992 4595 duplicis
3023 4530 3479 4601 recapitulationis
3503 4555 3518 4604 ;

253 4595 397 4650 nulla
441 4596 556 4666 iam
605 4613 788 4653 rerum
837 4602 1155 4671 spiritalium
1211 4609 1568 4667 mutabilitate
1619 4623 1829 4672 nutare.
1862 4607 1910 4666 D
1937 4609 2032 4663 sed
2058 4625 2165 4663 non
2189 4608 2316 4663 huic
2343 4611 2636 4665 secundum
2675 4629 2754 4668 vae
2791 4617 3099 4673 ascribitur.
3126 4595 3336 4678 Ilictum
3378 4628 3519 4682 enim

255 4687 468 4744 Sanctis
505 4690 684 4761 itaque
719 4691 1112 4763 evigilantibus,
1149 4699 1278 4767 quid
1321 4703 1534 4772 reprobi
1563 4707 1834 4775 patiantur

252 4778 565 4835 audiamus:
596 4791 645 4835 et
678 4783 835 4835 timor
863 4800 1081 4854 magnus
1123 4790 1306 4843 cecidit
1352 4809 1508 4864 super
1531 4813 1616 4851 eos
1642 4802 1731 4868 qui
1762 4803 1836 4854 vi-

253 4869 441 4922 derunt
468 4888 573 4926 eos.
613 4871 722 4928 Nec
773 4874 968 4928 mirum
1010 4877 1054 4930 si
1095 4881 1354 4948 reprobos
1395 4885 1556 4941 timor
1593 4889 1829 4956 invadat,

254 4977 375 5014 cum
417 4961 517 5030 ipsi
557 4965 719 5019 etiam
771 4966 950 5032 electi,
1003 4969 1103 5023 etsi
1150 4986 1341 5026 securo
1387 4976 1599 5043 timore,
1653 4989 1830 5036 tamen

253 5053 539 5121 pavebunt.
573 5053 755 5123 (Vnus.
805 5058 916 5133 12.)
957 5057 1023 5114 Et
1061 5063 1340 5118 audierunt
1387 5085 1558 5122 vocem
1588 5088 1828 5143 umquam

254 5142 318 5194 de
357 5142 481 5197 caelo
519 5143 771 5200 dicentem
815 5150 963 5204 illis:
999 5155 1274 5223 Ascendite
1300 5157 1419 5210 huc.
1449 5159 1560 5212 Vox
1593 5142 1707 5217 haec
1743 5164 1835 5219 illa

254 5241 340 5288 est
372 5235 436 5288 de
467 5251 574 5305 qua
603 5237 888 5307 Apostolus
917 5240 1045 5297 dicit
1075 5263 1086 5297 :
1120 5245 1240 5317 Ipse
1276 5247 1533 5304 Dominus
1568 5252 1622 5305 in
1655 5253 1830 5322 jussu,

255 5335 303 5378 ct
323 5328 378 5381 in
404 5344 521 5382 voce
551 5328 870 5400 archangeli,
893 5341 940 5383 et
962 5334 1016 5386 in
1050 5338 1172 5390 tuba
1197 5341 1295 5395 Dei
1324 5343 1594 5397 descendet
1619 5345 1682 5399 de
1709 5347 1834 5401 ctelo

256 5417 308 5483 (Ι
343 5417 516 5471 Thess.
547 5435 619 5483 tv,
654 5419 763 5490 15).
805 5419 871 5473 Et
900 5424 1240 5481 ascenderunt
1282 5433 1335 5484 in
1378 5434 1559 5489 malum
1587 5436 1640 5489 in
1679 5439 1831 5503 nube,

257 5517 304 5559 et
338 5506 571 5562 viderunt
619 5509 735 5563 illos
769 5512 967 5565 inimici
995 5529 1193 5568 eorum.
1238 5519 1294 5571 In
1331 5526 1470 5580 nube
1509 5527 1830 5593 ascendunt,

260 5599 312 5652 id
345 5607 442 5664 est,
480 5599 529 5652 in
565 5608 827 5670 potestate
859 5602 1170 5671 judicantis.
1204 5608 1340 5664 Hinc
1367 5623 1450 5667 est
1481 5620 1624 5685 quod
1654 5621 1834 5676 Domi-

257 5705 382 5752 nus,
411 5688 620 5745 devicta
659 5701 848 5758 morte,
880 5694 931 5749 in
962 5697 1101 5752 nube
1129 5699 1194 5753 ad
1230 5702 1410 5756 sedem
1441 5715 1719 5774 paternam
1748 5727 1834 5767 as-

259 5781 456 5837 cendit.
509 5781 661 5848 Quod
710 5794 885 5842 autem
929 5804 996 5843 ex
1039 5790 1173 5844 vivis
1219 5801 1271 5846 et
1327 5798 1551 5852 mortuis
1608 5801 1832 5868 duorum

1939 4699 2115 4754 fuerat
2138 4702 2403 4771 superius,
2431 4714 2650 4774 peracto
2671 4707 2855 4776 praelia
2881 4709 3227 4783 locustarum;
3253 4732 3335 4773 vae
3354 4735 3520 4777 unum

1939 4792 2158 4856 abiisse,
2203 4801 2258 4846 et
2301 4792 2405 4847 alia
2453 4795 2558 4850 duo
2605 4809 2832 4852 ventura
2866 4815 3004 4856 esse.
3055 4802 3229 4873 Atque
3257 4812 3522 4867 enarratis

1939 4898 2059 4952 quae
2085 4883 2152 4936 ad
2182 4885 2474 4940 secundum
2505 4903 2584 4942 vae
2610 4890 2973 4960 pertinebant,
3000 4894 3053 4950 id
3078 4907 3161 4951 est
3184 4899 3235 4952 in
3258 4900 3521 4959 solutione

1939 4981 2169 5041 quatuor
2192 4976 2501 5047 angelorum
2530 4988 2584 5034 et
2629 4982 2862 5048 caeteris,
2891 5000 2998 5040 non
3035 4998 3119 5042 est
3141 4990 3406 5046 redditum
3441 5011 3521 5051 va:

1939 5066 2252 5122 secundum.
2282 5068 2395 5123 Hoc
2421 5078 2600 5126 autem
2634 5073 2856 5140 idcirco,
2892 5079 3015 5146 quia
3052 5081 3421 5152 recapitulatio
3453 5086 3519 5141 ab

1938 5161 2169 5214 adventu
2221 5160 2421 5216 Christi
2462 5167 2816 5233 sequebatur;
2866 5186 2933 5224 ne
2976 5179 3312 5242 putaremus,
3363 5179 3406 5232 si
3448 5177 3520 5232 ibi

1937 5251 2138 5305 dictum
2169 5250 2356 5306 fuisset
2384 5269 2464 5308 va:
2488 5257 2780 5313 secundum
2808 5261 2960 5326 abiit,
2989 5264 3205 5318 tertium
3232 5282 3312 5321 va:
3335 5267 3400 5322 ad
3432 5284 3518 5324 re-

1937 5339 2371 5408 capitulationem
2418 5346 2708 5411 pertinere.
2755 5349 2845 5404 Vae
2891 5365 3020 5422 ergo
3068 5355 3359 5409 secundum
3409 5374 3516 5414 non

1937 5431 2004 5484 ad
2051 5432 2214 5496 hunc,
2256 5433 2349 5487 sed
2387 5437 2453 5490 ad
2501 5440 2829 5508 superiorem
2866 5441 3043 5497 locum
3083 5446 3514 5507 subauditionem

1941 5522 2118 5576 habet.
2165 5524 2424 5580 Enarrata
2458 5529 2599 5583 enim
2643 5533 3081 5602 recapitulatione
3115 5551 3233 5608 quae
3271 5540 3512 5598 ordinem

1939 5615 2194 5682 concidit,
2241 5619 2416 5674 ordini
2464 5624 2680 5679 concisa
2722 5626 2980 5680 redditur.
3029 5628 3166 5696 Quid
3219 5631 3289 5687 sit
3335 5642 3513 5690 autem

1939 5723 2019 5763 va:
2050 5711 2287 5779 tertium,
2317 5717 2555 5784 aperitur
2591 5733 2711 5774 cum
2735 5721 2982 5777 subditur
3008 5741 3020 5776 :
3586 5717 3588 5721 ’

2003 5809 2170 5862 Vens.
2213 5809 2292 5863 l5.
2340 5843 2407 5852 —-—
2444 5812 2511 5867 Et
2552 5812 2796 5885 septimus
2844 5817 2966 5872 tuba
3017 5824 3232 5890 cecinit,
3273 5833 3320 5876 et
3355 5823 3510 5890 facta:
