4010 6182
470 389 602 446 ilbi

1320 385 1380 438 Β.
1422 383 1482 438 F.
1523 382 1745 436 ALBINI
1787 380 1916 434 SEU
1958 375 2235 432 ALCUlNl
2275 370 2557 428 OPERL'M
2597 367 2776 423 PARS
2809 367 2870 422 II.

3589 366 3726 421 1152

471 515 589 562 ,κτα
619 519 758 557 voces
781 515 984 568 magna:
1005 499 1061 550 in
1082 496 1228 551 calo.
1253 495 1559 564 Apparentc
1607 493 1832 547 Domino
1872 493 1936 545 ad
1960 490 2048 557 jn-
2077 495 2121 548 Α
2152 500 2316 557 agere
2359 483 2664 546 contendit,
2687 490 2739 536 et
2773 495 2879 535 non
2903 481 3062 546 valet,
3096 481 3219 549 quia
3249 481 3413 534 etiam
3445 482 3622 551 pusilli
3657 485 3726 539 ad

472 597 693 658 dicium,
723 595 810 650 hic
835 594 1094 660 septimus
1121 591 1342 661 angelus
1369 589 1494 643 tuba
1523 589 1701 648 canit;
1737 587 1788 639 in
1813 599 1919 653 quo
1947 583 2048 636 Ec-

471 685 635 745 clesia
667 682 979 752 intelligitur
1007 695 1113 735 non
1136 679 1248 747 jam
1277 679 1593 747 pmdicans,
1619 676 1713 730 sed
1741 673 2047 728 misericor-

472 777 616 840 diam
643 785 697 830 et
723 774 982 846 judicium
1026 773 1251 827 Domino
1285 773 1594 826 decantans.
1628 769 1762 824 l-linc
1789 777 1870 822 est
1907 767 2048 836 quod

473 867 694 938 angelus
724 881 883 935 super
913 873 1112 919 terram
1157 871 1213 917 et
1251 877 1400 916 mare
1427 871 1574 916 stans
1595 859 1742 928 jurat
1772 860 1911 928 quod
1935 858 2048 925 jam

474 972 580 1014 non
611 958 681 1013 sit
711 967 942 1026 tempus,
984 957 1080 1009 sed
1114 955 1168 1009 in
1207 955 1334 1008 tuba
1369 954 1594 1021 septima
1633 949 2044 1006 consummatio.

475 1047 646 1102 Voces
675 1053 855 1100 autem
895 1059 1103 1114 magna:
1154 1043 1208 1097 in
1257 1042 1415 1106 casio,
1462 1043 1513 1096 id
1551 1049 1636 1095 est
1684 1041 1738 1094 in
1789 1038 2047 1102 Ecclesia,

475 1137 773 1209 gratiarum
813 1143 938 1190 sunt
981 1135 1248 1193 actiones;
1288 1141 1343 1186 et
1377 1133 1511 1187 bene
1556 1146 1780 1199 magnas,
1828 1129 1951 1197 quia
1987 1128 2053 1182 de

476 1227 689 1296 magnis
731 1226 892 1280 rebus
942 1239 1191 1291 magnum
1249 1224 1492 1276 exoritur
1542 1221 1887 1275 desiderium.
1947 1217 2052 1272 Sed

477 1319 621 1373 unde
660 1318 768 1374 sint
791 1318 876 1370 lim
901 1329 1078 1378 voces,
1109 1312 1342 1367 Joannes
1383 1312 1638 1376 ostendit,
1690 1311 1780 1380 qui
1825 1307 2003 1363 subdit
2036 1325 2049 1360 :

476 1409 700 1464 dicentes
733 1421 751 1458 :
789 1404 1014 1458 Factum
1047 1412 1122 1457 est
1159 1419 1371 1473 regnum
1406 1402 1564 1471 hujus
1601 1401 1818 1466 mundi;
1859 1400 1910 1454 id
1947 1407 2051 1463 est,

477 1500 532 1552 in
555 1511 663 1566 quo
693 1496 840 1564 prius
869 1493 1124 1561 antiquus
1161 1492 1334 1546 hostis
1365 1492 1625 1561 regnabat
1655 1490 1747 1544 Dei
1775 1498 1830 1543 et
1854 1488 2055 1544 Christi

477 1586 612 1657 ejus.
640 1583 708 1638 Et
737 1583 1036 1652 reguabnnt
1070 1583 1126 1635 in
1154 1579 1346 1634 stccula
1386 1579 1716 1633 sucularum.
1765 1579 1822 1633 In
1862 1578 1969 1633 his.
2001 1577 2056 1631 id

477 1681 563 1730 est
590 1674 642 1727 in
674 1673 833 1727 Patre
858 1679 911 1725 et
934 1670 1092 1734 Filio,
1117 1669 1353 1723 Trinitas
1374 1667 1709 1738 intelligitur.
1737 1667 1918 1737 (Vens.
1945 1664 2054 1736 l6.)

478 1761 545 1816 Et
583 1761 761 1831 viginti
798 1770 1024 1831 quatuor
1045 1760 1294 1822 seniores,
1321 1761 1409 1829 qui
1435 1759 1490 1812 in
1521 1768 1792 1828 conspectu
1843 1758 1940 1812 Dei
1978 1774 2058 1811 se-

2149 579 2294 632 illam
2326 577 2627 632 mercedem
2653 575 2983 645 pertingunt.
3027 572 3180 629 Unde
3203 573 3393 628 beatus
3418 571 3518 628 Job
3547 589 3562 628 :
3590 573 3727 630 Par-

2147 686 2241 724 vus
2268 679 2318 722 et
2344 684 2563 738 magnus
2582 666 2654 721 ibi
2678 675 2800 720 sunt
2823 663 2965 735 (Job.
3000 681 3084 729 tu,
3117 665 3226 734 19).
3257 664 3326 719 Et
3342 667 3726 724 exterminandi

2147 779 2233 816 eos
2259 762 2349 833 qui
2385 769 2724 830 corruperunt
2756 767 2969 812 terram.
2997 755 3202 811 idcirco
3248 773 3356 811 non
3392 759 3584 824 occidi,
3631 759 3725 815 sed

2148 853 2498 908 exterminari
2557 852 2848 915 dicuntur,
2897 858 2957 904 ut
3000 858 3321 920 perpetuum
3369 852 3727 909 damnationis

2150 945 2400 1000 exsilium
2435 954 2639 998 mterna
2671 942 2886 997 illorum
2923 941 3326 997 demonstretur
3362 943 3564 1014 inOpia.
3596 945 3728 1000 Ter-

2151 1050 2268 1089 ram
2294 1047 2643 1103 corrumpere
2687 1041 2772 1089 est
2806 1033 3007 1102 iniquis
3045 1034 3300 1102 operibus
3329 1036 3500 1089 vitam
3533 1037 3726 1106 depra-

2152 1141 2296 1180 vare.
2326 1124 2462 1178 Hinc
2487 1124 2667 1192 itaque
2699 1123 2895 1194 pendet
2922 1123 3142 1179 tertium
3168 1139 3251 1179 va:
3276 1124 3567 1190 malorum,
3589 1128 3730 1197 quod

2153 1214 2205 1267 in
2242 1213 2470 1282 septimo
2489 1211 2677 1282 angelo
2699 1212 3012 1281 prmdictum
3039 1220 3123 1266 est
3148 1213 3260 1268 cito
3279 1225 3588 1269 venturum.

2224 1302 2384 1357 Vens.
2412 1302 2498 1357 19.
2524 1331 2592 1342 --
2621 1302 2691 1355 Et
2736 1311 2974 1372 apertum
3011 1311 3088 1357 est
3117 1304 3364 1374 templum
3403 1306 3458 1360 in
3483 1306 3634 1374 caelo,
3680 1317 3734 1365 et

2152 1395 2264 1448 visa
2285 1404 2360 1448 est
2388 1412 2513 1448 arca
2543 1395 2838 1448 testamenti
2870 1396 2984 1464 ejus
3023 1397 3079 1450 in
3104 1395 3293 1467 templo
3322 1397 3456 1465 ejus.
3493 1397 3617 1455 Hzec
3661 1399 3738 1455 lo-

2155 1486 2300 1540 cutio
2324 1485 2392 1540 ad
2417 1485 2627 1539 initium
2659 1484 2782 1539 ﬁdei
2805 1488 3058 1552 recurrit,
3090 1495 3144 1542 et
3180 1487 3462 1544 conﬂictus
3483 1490 3739 1547 Ecclesia:

2155 1578 2254 1632 snh
2274 1577 2392 1631 aliis
2418 1578 2603 1647 ﬁguris
2633 1578 2842 1634 intexit.
2875 1578 3012 1645 Quid
3042 1579 3186 1634 enim
3208 1579 3301 1634 Dei
3331 1580 3614 1651 templum,
3633 1582 3735 1638 nisi

2156 1667 2429 1726 Christum
2459 1668 2766 1738 signiﬁcat?
2795 1671 2851 1724 in
2889 1685 2996 1740 quo
3023 1671 3188 1725 omnis
3213 1671 3483 1741 plenitudo
3531 1674 3724 1728 divini-

2158 1760 2280 1814 tatis
2305 1760 2559 1814 inhabitat
2582 1761 2924 1831 corporaliter
2947 1758 3084 1829 (Col.
3113 1777 3175 1823 ιι,
3204 1760 3280 1830 9).
3315 1761 3568 1831 Apertum
3595 1777 3724 1819 vero

476 1852 599 1906 dent
626 1853 680 1908 in
707 1851 914 1906 sedibus
935 1852 1067 1916 suis,
1098 1850 1392 1904 ceciderunt
1416 1852 1472 1903 in
1497 1850 1658 1919 [acies
1700 1867 1840 1903 suas.
1875 1849 1950 1902 De
1980 1863 2062 1904 sc-
2093 1838 2136 1896 Β
2162 1852 2380 1915 dicitur,
2407 1851 2533 1920 quia
2573 1852 2686 1921 jam
2725 1859 2905 1916 natus,
2949 1865 3163 1920 passus,
3207 1851 3501 1907 suscitatus
3541 1861 3593 1906 et
3630 1852 3741 1907 elc-

477 1942 716 1998 nioribus
753 1940 868 2009 jam
924 1941 1124 1996 dictum
1153 1949 1237 1995 est
1273 1942 1397 2009 quia
1436 1941 1817 2009 praedicatores
1856 1941 2060 2010 signiﬁ-

478 2043 622 2097 cant,
651 2036 794 2104 quod
823 2035 875 2088 in
901 2034 1079 2102 specie
1107 2049 1276 2102 genus
1301 2033 1522 2104 intelligi
1559 2033 1771 2087 debeat.
1801 2033 1944 2088 Bene
1967 2048 2061 2086 au-

482 2136 590 2178 tem
617 2124 803 2194 viginti
844 2131 1076 2192 quatuor
1120 2138 1218 2192 pro
1264 2123 1544 2178 duodecim
1587 2123 1777 2185 tribus,
1827 2131 1883 2176 et
1932 2124 2063 2176 duo-

482 2215 654 2269 decim
700 2216 973 2283 apostolis.
1022 2217 1128 2271 Per
1177 2216 1332 2270 sedes
1355 2225 1411 2266 et
1439 2215 1677 2268 seniores
1713 2229 1816 2267 una
1862 2212 2062 2268 Christi

483 2303 638 2359 sedes
663 2303 1000 2372 intelligitur,
1032 2305 1086 2359 in
1117 2304 1353 2374 pmlatis
1388 2313 1444 2358 et
1481 2303 1728 2358 subditis.
1773 2303 1933 2358 Recte
1969 2319 2063 2356 au-

486 2404 594 2449 tem
620 2396 859 2450 seniores
905 2397 957 2450 in
1007 2403 1296 2466 conspectu
1338 2395 1430 2450 Dei
1471 2397 1658 2450 sedere
1691 2396 2060 2464 perhibentur,

485 2485 610 2554 quia
641 2483 1001 2553 subjectorum
1029 2483 1169 2540 facta
1199 2485 1590 2549 examinantes,
1633 2499 1737 2539 non
1776 2485 2065 2539 humanam

484 2589 581 2643 per
617 2575 720 2630 hoc
756 2576 1008 2646 gratiam,
1059 2575 1153 2630 sed
1191 2575 1285 2630 Dei
1316 2575 1542 2645 gloriam
1569 2582 1836 2644 quaerunt.
1879 2574 1934 2628 In
1983 2573 2064 2626 fa-

485 2668 622 2724 ciem
655 2667 871 2729 cadunt,
909 2669 1036 2736 quia
1076 2681 1235 2722 omne
1277 2669 1476 2722 bonum
1507 2681 1611 2720 non
1651 2667 1776 2731 sibi,
1827 2666 1920 2721 sed
1958 2665 2068 2719 Deo

489 2757 750 2814 tribuunt.
779 2756 846 2811 Et
871 2758 1216 2812 admoverunt
1236 2757 1671 2822 Deum,dicentes
1697 2770 1715 2808 :
1743 2756 1926 2826 (Vnus.
1979 2756 2065 2824 17)

483 2845 698 2903 (iratius
744 2848 946 2918 agimus
982 2848 1106 2911 tibi,
1143 2847 1362 2903 Domine
1403 2848 1546 2901 Deus
1585 2849 1938 2916 omnipotens,
1977 2849 2068 2917 qui

485 2951 624 3000 eras,
651 2946 700 2990 et
719 2936 808 3006 qui
834 2953 906 2992 es.
939 2936 996 2991 In
1033 2952 1098 2991 eo
1129 2936 1271 3006 quod
1299 2952 1405 2991 non
1433 2937 1640 3002 dicunt,
1681 2937 1770 3007 qui
1810 2946 2068 2992 venturus

487 3036 593 3093 est,
620 3027 787 3082 claret
816 3029 932 3082 haec
953 3029 1136 3082 omnia
1164 3029 1218 3082 in
1247 3037 1489 3085 extremo
1507 3028 1710 3097 judicio
1736 3031 1957 3086 dicenda
1983 3031 2068 3085 vel

489 3116 714 3190 agenda.
756 3115 908 3181 Quod
932 3125 1110 3172 autem
1137 3118 1382 3187 sequitur
1410 3136 1423 3172 :

489 3305 537 3350 et
563 3296 712 3350 irata:
736 3308 855 3350 sunt
876 3308 1080 3369 gentes;
1108 3301 1174 3354 ad
1196 3302 1430 3370 primum
1455 3303 1572 3371 ejus
1595 3304 1879 3358 adventum
1901 3305 2066 3372 perti-

491 3393 606 3441 net.
633 3385 855 3455 Accepit
878 3388 1133 3443 virtutem
1171 3404 1420 3459 magnam
1449 3391 1501 3444 in
1530 3392 1882 3457 humanitate,
1905 3409 2064 3462 quam

492 3489 705 3547 semper
727 3477 912 3531 habuit
941 3492 1038 3546 per
1061 3477 1416 3534 divinitatem.
1447 3480 1599 3546 Quod
1625 3497 1754 3536 vero
1786 3483 2064 3545 subditur,

491 3565 617 3636 quia
641 3564 848 3620 advenit
875 3566 955 3620 ira
983 3577 1074 3621 tua
1097 3577 1144 3621 et
1163 3576 1362 3638 tempus
1385 3579 1734 3634 mortuorum,
1758 3571 1822 3625 de
1836 3572 2071 3626 secundo

492 3655 706 3712 dicitur.
740 3655 847 3713 Sed
880 3674 1002 3714 cum
1035 3658 1293 3714 Dominus
1314 3659 1481 3725 dicat,
1512 3659 2072 3731 Diligiteiuimicasre-

493 3754 628 3800 stros
662 3747 876 3816 (Matth.
910 3764 963 3810 v,
999 3747 1113 3816 44),
1138 3750 1406 3817 quomodo
1446 3750 1512 3805 de
1540 3752 1770 3806 adventu
1818 3753 1911 3806 ira:
1957 3752 2072 3820 eius

493 3836 547 3890 in
579 3838 834 3906 reprobus
876 3838 962 3892 isti
992 3839 1192 3908 gratias
1231 3854 1392 3910 agere
1426 3839 1769 3897 referuntur?
1797 3841 1911 3898 Non
1944 3858 2072 3914 ergo

493 3942 592 3997 pro
620 3927 878 3982 malorum
900 3931 1219 3999 perditione,
1248 3931 1342 3986 sed
1379 3946 1477 3999 pro
1501 3947 1598 3986 sua
1623 3933 1857 4002 gaudent
1893 3949 2075 3988 resur-

498 4017 734 4073 rectione
774 4028 829 4073 et
874 4019 1284 4090 glorificatione,
1328 4035 1492 4090 quam
1523 4022 1702 4077 sciunt
1733 4038 2071 4093 nequaquam

493 4123 650 4178 posse
679 4109 912 4179 impleri,
935 4110 1038 4164 nisi
1074 4110 1349 4166 damnatio
1376 4112 1712 4178 praecesserit
1761 4113 2068 4181 impiorum.

492 4199 653 4257 Juxta
683 4203 826 4258 hunc
850 4203 1202 4267 intellectum,
1235 4205 1744 4261 aninmoccisorum
1774 4207 1874 4262 sub
1900 4208 2074 4282 altare

497 4291 588 4347 Dei
617 4292 849 4349 clamare
873 4293 1249 4364 perhibentur,
1284 4291 1580 4364 Usquequo,
1616 4295 1860 4361 Domine,
1891 4305 1946 4351 et
1972 4312 2076 4352 ete-

495 4394 611 4440 tera
662 4385 843 4457 (Apoc.
869 4402 944 4452 Vl,
974 4385 1080 4457 10).
1101 4385 1218 4442 Non
1245 4387 1390 4441 enim
1419 4387 1710 4444 vindictam
1741 4398 2070 4457 expc—cunt,

496 4479 588 4533 sed
627 4476 802 4550 [Cod.,
835 4478 888 4532 in
911 4495 1004 4549 pro
1029 4477 1145 4550 sed]
1178 4495 1286 4548 quo
1314 4479 1416 4548 ipsi
1452 4487 1574 4548 post
1601 4479 1866 4536 malorum
1893 4480 2071 4535 vindi-

495 4575 636 4622 ctam
664 4577 1094 4622 remunerentur.
1123 4569 1258 4624 Hinc
1314 4568 1596 4623 Psalmista
1637 4568 2071 4639 :Ltctabiturju-

492 4664 604 4710 stus
631 4672 748 4709 cum
770 4657 952 4712 viderit
983 4657 1260 4712 vindictam
1290 4655 1463 4728 (Psal.
1494 4674 1623 4722 Lvu,
1656 4659 1764 4730 11).
1793 4659 1876 4714 lra
1909 4659 2071 4730 igitur

488 4747 710 4818 judicis,
735 4762 840 4801 non
863 4747 1323 4819 perturbationem
1345 4750 1562 4814 mentis,
1581 4749 1673 4806 sed
1695 4751 2066 4806 rectitudinem

497 4835 785 4910 signiﬁcat.
815 4838 1036 4905 Qualem
1074 4839 1255 4910 itaque
1282 4841 1665 4896 conscientiam
1697 4840 1818 4910 quis
1848 4841 2064 4907 tulerit,

497 4928 656 4984 talem
707 4943 829 4982 eum
879 4930 1099 4984 videbit.
1142 4931 1389 4986 Judicari
1433 4940 1482 4984 et
1517 4932 1731 4986 reddere
1780 4933 2065 4988 mercedem

493 5019 650 5074 servis
678 5019 780 5073 tuis
805 5020 1099 5090 praphetis,
1131 5029 1177 5074 et
1199 5022 1416 5085 sanctis,
1449 5031 1496 5075 et
1533 5021 1830 5075 timentibus
1879 5038 2066 5077 nomen

494 5119 640 5165 tuum
662 5109 869 5180 pusillis
888 5150 902 5174 ,
928 5120 976 5164 et
1005 5113 1227 5180 magnis.
1256 5111 1387 5166 Cum
1414 5111 1700 5182 Apostolus
1729 5112 1872 5167 dicat
1895 5114 2068 5182 gratia

495 5216 594 5255 nos
628 5201 886 5265 salvatus,
927 5201 1197 5269 quomodo
1234 5203 1494 5259 Dominus
1521 5205 1609 5260 hic
1638 5206 1940 5260 mercedem
1988 5205 2069 5259 di-

497 5293 635 5345 citur
659 5293 919 5348 reddere?
944 5291 1233 5350 Sciendum
1263 5311 1394 5367 ergo
1435 5297 1559 5368 quia
1588 5313 1712 5352 cum
1743 5297 1884 5353 Deus
1928 5313 2070 5353 mer-

498 5382 679 5435 cedem
710 5386 879 5442 servis
908 5383 1022 5440 suis
1043 5385 1238 5450 reddit,
1262 5400 1358 5439 sua
1387 5385 1438 5440 in
1463 5386 1543 5441 eis
1568 5385 1707 5441 dona
1734 5393 2064 5440 remunerat.

499 5469 644 5539 Opus
681 5476 822 5530 enim
852 5475 1120 5531 mercedis
1149 5476 1348 5531 habere
1385 5476 1690 5547 nequimus,
1719 5477 1821 5531 nisi
1864 5479 1932 5532 ab
1978 5478 2069 5534 illo

500 5567 560 5613 ut
586 5575 932 5628 operaremnr
970 5569 1390 5638 accepissemus.
1419 5566 1486 5620 Et
1532 5575 1656 5621 nota
1681 5567 1824 5637 quod
1868 5568 1922 5622 in
1948 5583 2071 5636 pro-

500 5650 783 5721 Phﬂamm
814 5655 1034 5710 nomine
1058 5658 1285 5726 apostoli
1325 5657 1694 5726 designantur.
1723 5657 1930 5712 Interea
1953 5657 2071 5709 nul-

502 5745 586 5798 lus
620 5743 686 5797 de
711 5757 805 5795 sua
849 5742 1176 5811 perfectione
1222 5749 1467 5814 desperet
1495 5791 1507 5813 ,
1551 5750 1594 5805 si
1627 5759 1803 5802 tamen
1833 5746 2068 5815 perfecta

2102 4523 2152 4583 Ι)

2161 1951 2317 1996 vatus
2342 1953 2421 1996 est
2440 1941 2720 2007 Christus;
2751 1957 2870 2010 qua:
2889 1942 3070 1996 omnia
3094 1942 3220 2011 quia
3237 1942 3288 1995 in
3318 1941 3557 1997 Ecclesia
3585 1942 3742 1999 Chri-

2161 2041 2277 2086 stus
2301 2031 2490 2087 l'ecisse
2517 2032 2863 2102 praedicatur,
2905 2031 3027 2086 ideo
3065 2031 3118 2086 in
3150 2031 3286 2086 cosio
3328 2033 3587 2102 templum
3615 2049 3742 2103 ape-

2163 2124 2271 2178 rire
2312 2123 2528 2177 dicitur.
2578 2122 2719 2177 Area
2766 2124 3073 2178 testamenti
3120 2123 3356 2179 Ecclesia
3389 2135 3635 2189 vocatur,
3688 2127 3739 2180 in

2163 2229 2266 2284 qua
2294 2216 2521 2269 duorum
2569 2215 3036 2270 Testamentorum
3079 2215 3258 2269 virtus
3291 2216 3457 2287 digito
3483 2217 3575 2269 Dei
3601 2217 3740 2271 scri-

2164 2313 2255 2375 pta
2305 2312 2390 2358 est
2420 2318 2436 2358 :
2463 2319 2585 2373 quas
2637 2303 2792 2371 juxta
2835 2303 2994 2359 fidem
3035 2304 3205 2360 Exodi
3235 2314 3458 2376 quatuor
3501 2306 3742 2362 circulos

2167 2410 2366 2450 aureos
2392 2395 2583 2458 habet,
2617 2396 2668 2448 in
2709 2395 2902 2464 quibus
2945 2404 3178 2465 quatuor
3200 2396 3442 2451 vectibus
3469 2405 3743 2467 portetur,

2166 2487 2216 2540 id
2239 2493 2322 2539 est
2347 2493 2579 2554 quatuor
2606 2484 2923 2555 Evangelia,
2957 2499 3055 2553 per
3095 2500 3216 2554 quae
3243 2500 3271 2538 a
3299 2485 3501 2540 sanctis
3549 2483 3744 2555 praedi-

2165 2577 2440 2633 catoribus
2468 2575 2832 2647 gubernatur:
2868 2577 2920 2629 in
2951 2592 3055 2646 qna
3087 2585 3170 2631 est
3190 2592 3324 2630 urna
3354 2591 3518 2630 aurea
3551 2592 3742 2631 manna

2166 2667 2465 2728 continens,
2500 2666 2553 2720 id
2594 2673 2677 2723 est
2710 2666 2875 2720 divini
2907 2667 3054 2722 verbi
3104 2668 3366 2736 sapientia
3398 2684 3522 2724 cum
3549 2668 3744 2738 pabulo

2166 2759 2290 2812 vitm
2316 2775 2328 2810 :
2360 2772 2460 2812 nec
2481 2772 2587 2811 non
2615 2765 2670 2811 et
2694 2757 2845 2828 virga
2879 2757 3077 2816 Aaron,
3109 2757 3162 2811 id
3191 2765 3274 2812 est
3302 2755 3621 2827 approbatio
3659 2771 3744 2812 re-

2166 2851 2300 2923 galis
2325 2851 2630 2906 sacerdotii.
2662 2850 2730 2904 Et
2767 2850 2908 2920 facta
2955 2859 3074 2903 sunt
3101 2847 3336 2920 fulgura,
3388 2859 3438 2903 et
3479 2865 3652 2910 voces,
3699 2858 3745 2903 et

2166 2943 2420 3007 tonitrua,
2443 2952 2490 2997 et
2519 2952 2671 2997 terra:
2701 2951 2891 3006 motus,
2922 2951 2970 2995 et
3020 2941 3219 3012 grando
3264 2958 3480 3010 magna.
3514 2939 3745 3008 Fulgura

2166 3041 2290 3088 sunt
2325 3033 2702 3090 miraculorum
2727 3032 2901 3102 signa,
2939 3031 3134 3101 quibus
3153 3031 3419 3102 perculsae
3445 3029 3741 3085 infidelium

561 3120 714 3172 erida.
756 3120 908 3181 Quod
932 3125 1110 3172 autem
1137 3120 1382 3187 sequitur
1410 3136 1423 3172 :
2117 3177 2136 3198 ,
2167 3133 2398 3188 mentes,
2428 3125 2716 3179 humilitati
2745 3139 2802 3178 se
2821 3122 3194 3178 subdiderunt.
3223 3121 3378 3178 Unde
3407 3120 3691 3176 Psalmista
3730 3140 3740 3170 :

561 3206 721 3260 Vsus.
757 3207 843 3262 18.
872 3206 1347 3273 —Quiaaccepisti
1374 3211 1614 3264 virtutem
1629 3219 1773 3264 tuam
1795 3227 2062 3273 magnam,
2091 3179 2138 3240 ί*
2168 3215 2398 3273 Fulgura
2453 3215 2860 3273 multiplicabis,
2907 3221 2961 3267 et
3017 3213 3366 3268 conturbabis
3419 3227 3515 3266 nos
3573 3208 3740 3273 (Psal.

609 3220 721 3260 sus.
757 3209 843 3262 18.
872 3209 1094 3273 —Quia
1107 3209 1347 3280 accepisti
1374 3211 1614 3264 virtutem
1629 3219 1773 3264 tuam
1795 3227 2062 3281 magnam,

2168 3215 2398 3288 Fulgura
2453 3215 2860 3284 multiplicabis,
2907 3221 2961 3267 et
3017 3213 3366 3268 conturbabis
3419 3227 3515 3266 eos
3573 3208 3743 3280 (Psat.

2169 3323 2303 3372 xvn,
2358 3306 2465 3376 15).
2519 3306 2664 3362 Bene
2707 3313 2885 3360 autem
2926 3313 3045 3374 post
3087 3303 3296 3374 fulgura
3341 3318 3514 3364 voces,
3567 3301 3620 3356 id
3666 3313 3746 3355 est

2167 3399 2580 3470 praedicatores,
2604 3403 2904 3466 ponuntur;
2939 3393 3061 3463 quia
3109 3393 3520 3463 pra-:dicatores,
3570 3400 3633 3446 nt
3673 3390 3752 3446 lo-

2168 3488 2380 3558 quendo
2409 3486 2715 3542 incredulos
2738 3486 2803 3539 ad
2840 3485 3000 3539 ﬁdem
3024 3483 3406 3553 perducerent,
3434 3483 3584 3553 prius
3611 3495 3748 3535 nova

2170 3577 2430 3632 miracula
2471 3577 2850 3632 cxhihucrunt.
2885 3574 3012 3629 Post
3045 3573 3204 3627 verba
3237 3579 3418 3626 autem
3448 3579 3750 3642 sequuntur

2170 3669 2442 3733 tonitrua,
2485 3676 2546 3721 ut
2589 3667 2680 3736 qui
2728 3681 2888 3721 voces
2935 3664 3262 3734 despiciunt,
3311 3674 3518 3718 terrore
3562 3662 3751 3733 iudicii

2169 3757 2497 3826 quatiuntur.
2533 3756 2733 3811 Deinde
2776 3763 3134 3818 tememotus,
3191 3753 3245 3808 id
3292 3762 3374 3808 est
3406 3752 3755 3824 persecutio,

2170 3860 2290 3915 (μιαί
2336 3859 2434 3914 per
2476 3844 2790 3916 grandinem
2852 3844 3114 3914 signatur.
3163 3841 3315 3898 Sicut
3349 3841 3487 3895 enim
3533 3840 3753 3909 granlo

2171 3935 2352 4008 fruges
2397 3944 2559 3993 terrae
2601 3937 3015 3991 comminuendo
3047 3935 3452 3996 comminuitur,
3499 3940 3550 3986 et
3597 3941 3750 3986 terra

2171 4026 2346 4080 denuo
2373 4024 2689 4090 fructiﬁcat;
2739 4026 2818 4080 sic
2871 4023 3053 4080 furens
3084 4023 3239 4078 turba
3287 4021 3588 4093 gentilium,
3623 4021 3756 4074 dum

2173 4132 2367 4172 nomen
2419 4115 2512 4170 Dei
2545 4116 2611 4170 de
2639 4124 2784 4169 terra
2811 4114 3024 4169 auferre
3057 4121 3248 4170 conata
3290 4121 3396 4174 est,
3444 4112 3555 4182 ipsa
3580 4110 3646 4164 ad
3673 4111 3755 4164 nl-

2172 4208 2342 4263 hilnm
2391 4207 2610 4262 redacta
2655 4214 2737 4260 est
2762 4246 2777 4272 ,
2817 4214 2910 4260 aut
2950 4206 3158 4260 viribus
3201 4212 3297 4258 aut
3333 4202 3757 4259 commutatione

2175 4297 2230 4351 in
2267 4297 2478 4353 melius.
2531 4295 2720 4350 Plures
2748 4296 2893 4350 enim
2937 4296 3003 4350 de
3043 4295 3129 4350 his
3155 4293 3221 4348 ad
3254 4292 3416 4348 ﬁdem
3441 4290 3642 4347 Christi
3675 4305 3758 4345 re-

2175 4389 2408 4444 dierunt.

2771 4456 2997 4513 CAPUT
3034 4457 3144 4513 XII.

2247 4573 2409 4625 Vens.
2440 4571 2490 4624 1.
2515 4600 2584 4610 -
2607 4568 2676 4622 Et
2699 4571 2904 4639 signum
2935 4585 3182 4639 magnum
3222 4568 3470 4637 apparuit
3511 4568 3569 4619 in
3605 4565 3753 4630 caelo,

2173 4659 2362 4714 mulier
2383 4660 2576 4714 amicta
2608 4657 2737 4722 sole,
2779 4667 2828 4711 et
2869 4657 2996 4710 luna
3021 4658 3116 4711 sub
3140 4656 3358 4727 pedibus
3399 4656 3538 4726 ejus.
3567 4654 3748 4711 Muliet

2173 4751 2368 4805 amicta
2398 4749 2510 4803 sole
2535 4750 2693 4804 beata
2729 4749 2882 4817 virgo
2909 4748 3076 4802 Maria
3109 4757 3214 4812 est,
3244 4748 3562 4802 obumbrata
3588 4745 3732 4800 Altis

2172 4842 2295 4897 simi
2330 4841 2549 4905 virtute,
2590 4841 2643 4894 in
2675 4855 2781 4909 qua
2829 4840 2990 4894 etiam
3031 4855 3218 4910 genus,
3263 4840 3314 4893 id
3362 4848 3442 4895 est
3484 4838 3754 4902 Ecclesia,

2172 4929 2517 5000 intelligitur;
2556 4943 2677 4998 quas
2715 4944 2822 4983 non
2861 4936 3084 4999 propter
3114 4929 3392 4984 mollitiem
3433 4927 3631 4983 mulier
3669 4927 3756 4982 di-

2173 5023 2330 5084 citur,
2370 5021 2463 5075 sed
2492 5021 2617 5090 quia
2643 5035 2811 5075 novos
2838 5021 3077 5090 quotidie
3098 5022 3324 5090 pupnlos
3347 5023 3510 5093 parit,
3541 5037 3605 5076 ex
3637 5023 3756 5092 qui-

2172 5112 2274 5168 bus
2311 5112 2559 5182 generale
2598 5112 2799 5166 Christi
2835 5127 3032 5182 corpus
3078 5112 3468 5169 conformatur.
3512 5113 3753 5170 Ecclesia

2174 5204 2356 5273 itaque
2381 5203 2493 5258 sole
2515 5204 2710 5258 amicta
2730 5213 2831 5263 est,
2852 5202 3010 5270 juxta
3039 5203 3168 5258 illud
3193 5223 3206 5258 :
3233 5204 3508 5274 Quotquot
3531 5206 3586 5259 in
3602 5203 3755 5258 Citri-

2175 5303 2253 5347 sto
2296 5294 2545 5363 baptizati
2573 5293 2717 5356 estis,
2759 5290 3023 5346 Christum
3068 5294 3314 5350 induistis
3343 5292 3485 5362 (Gal.
3528 5310 3610 5358 ιιι,
3640 5293 3749 5362 27).

2176 5387 2422 5441 Christus
2447 5395 2530 5440 est
2549 5385 2688 5440 enim
2713 5385 2792 5440 sol
2809 5386 3051 5455 justitim,
3083 5396 3138 5442 et
3161 5388 3363 5441 candor
3385 5387 3516 5441 lucis
3545 5398 3753 5442 (eterna:

2178 5477 2332 5548 (Sep.
2359 5493 2456 5540 vn,
2485 5476 2595 5548 9.6).
2625 5476 2730 5533 Per
2753 5477 2934 5532 lunam
2961 5493 3111 5542 vero,
3141 5494 3260 5548 qua:
3288 5495 3384 5549 per
3419 5479 3751 5534 incrementa

2177 5576 2476 5638 temporum
2504 5567 2702 5633 deﬁcit,
2751 5568 3086 5625 mutabilitas
3121 5571 3379 5642 temporis
3403 5571 3748 5640 exprimitur,

2177 5677 2334 5730 quam
2362 5661 2602 5717 Ecclesia
2631 5662 2758 5731 quia
2796 5661 3023 5730 despicit
3052 5663 3206 5731 quasi
3237 5664 3336 5716 sub
3365 5663 3598 5732 pedibus
3627 5675 3744 5731 prc-

2179 5751 2292 5802 mit.
2337 5751 2399 5803 Et
2431 5761 2553 5804 nota
2587 5752 2710 5819 quia
2745 5759 2866 5804 sunt
2896 5751 3137 5818 quaedam
3170 5753 3222 5806 in
3260 5753 3611 5820 sequentibus
3635 5764 3749 5820 quae
