4010 6182
267 279 401 335 1153

1029 267 1436 324 ΕΧΕΟΕΤΙΕΔ.
1471 297 1539 305 -—
1577 258 1930 322 COMMENT.
1972 255 2038 311 1N
2079 255 2366 311 APOCAL.
2408 285 2476 292 —--
2515 253 2636 308 LIB.
2683 251 2744 305 Υ.

3391 249 3524 304 “iii

266 402 372 445 non
405 385 624 456 speciei,
658 383 750 439 sed
777 381 962 454 generi
991 377 1336 436 conveniunt.
1368 375 1434 430 Et
1456 377 1512 430 in
1539 375 1704 446 capite
1728 373 1840 444 ejus
1871 377 1915 433 Α
1945 380 2028 423 tus
2064 378 2137 423 est
2178 366 2270 422 tibi
2297 382 2426 437 puer
2447 365 2712 420 masculus
2743 364 2957 435 (Jerem.
2989 380 3082 431 xx,
3114 364 3224 430 15).
3260 363 3524 420 Caeterum

267 495 459 534 corona
489 475 761 532 stellarum
800 471 1094 528 duodecim.
1121 469 1414 524 Duodecim
1455 466 1620 522 stellae
1652 466 1847 536 quibus

267 586 465 629 corona
513 576 748 640 aptatur,
794 564 1077 622 duodecim
1123 568 1252 617 sunt
1296 557 1545 629 apostoli,
1583 571 1681 627 per
1712 569 1847 626 quos

265 661 441 735 primo
491 666 650 729 caput
698 655 974 718 Ecclesite,
1021 653 1074 707 id
1119 658 1204 706 est
1248 647 1516 710 Christus,
1561 648 1844 702 victoriam

269 749 582 821 reportavit.
634 746 816 802 Stellae
860 751 1041 798 autem
1083 747 1365 804 vocantur,
1422 737 1547 806 quia
1596 737 1849 790 tenebras

270 839 586 912 ignorantia:
616 838 755 892 ratio
799 834 1046 889 veritatis
1076 831 1328 886 illustrat.
1362 827 1545 897 (Vens.
1574 825 1655 896 2.)
1685 824 1754 877 Et
1791 825 1847 878 in

271 941 418 988 utero
439 931 632 984 habens
655 929 851 984 clamat
871 926 1188 997 parturiens,
1213 931 1262 976 et
1282 921 1556 976 cruciatur
1575 926 1628 971 ut
1652 917 1846 987 pariat.

271 1018 398 1076 Haec
436 1021 609 1074 beatae
634 1017 816 1072 Mariae
854 1014 1162 1084 specialiter
1197 1010 1369 1080 aptari
1415 1015 1709 1078 nequeunt,
1755 1004 1849 1061 sed

271 1108 526 1164 Ecclesize
561 1123 703 1177 qute,
733 1105 857 1160 dum
897 1118 991 1159 eos
1017 1116 1152 1174 quos
1178 1102 1290 1171 jam
1317 1107 1622 1170 pepererat,
1653 1097 1850 1151 iterum

272 1200 524 1272 parturit,
555 1198 845 1268 quamdam
887 1203 1074 1266 partus
1101 1191 1466 1248 difﬁcultatem
1496 1189 1585 1244 hic
1611 1188 1844 1258 patitur;

274 1305 574 1365 quousque,
606 1289 759 1360 juxta
791 1286 1032 1356 Apostoli
1055 1299 1257 1347 vocem,
1287 1281 1477 1338 Omnes
1515 1294 1850 1336 occurramus

275 1390 332 1444 in
370 1388 537 1444 virum
577 1384 859 1455 perfectum
903 1381 1117 1453 (Ephes.
1164 1395 1240 1444 tv,
1288 1377 1398 1448 15).
1429 1376 1612 1447 (Vens.
1657 1372 1735 1444 3.)
1782 1371 1852 1425 Et

277 1481 441 1535 uisum
477 1487 550 1531 est
577 1474 722 1529 aliud
744 1475 947 1542 signum
978 1471 1031 1524 in
1063 1469 1219 1532 caelo;
1241 1476 1287 1522 et
1312 1483 1426 1521 ecce
1453 1467 1612 1519 draco
1635 1477 1853 1533 magnus

279 1570 428 1638 rufus
466 1565 658 1620 habens
700 1564 870 1633 capita
916 1569 1126 1632 septem,
1157 1567 1205 1612 et
1249 1572 1446 1610 cornua
1484 1554 1678 1616 decem,
1722 1551 1854 1606 etin

279 1658 533 1730 capitibus
579 1655 692 1709 suis
733 1662 924 1723 septem
968 1650 1289 1704 diademata.
1335 1645 1590 1701 Diabolus
1633 1652 1855 1713 propter

1947 458 2187 514 Ecclesia
2227 472 2334 512 non
2379 455 2767 519 eli‘emiuatum,
2800 472 2907 511 non
2958 457 3243 512 remissum
3281 464 3524 526 generat.

1949 549 2052 616 Qui
2095 559 2329 604 recturus
2359 549 2464 603 erit
2503 558 2678 619 gentes
2717 549 2774 602 in
2815 549 2961 618 virga
3004 547 3195 618 ferrea.
3233 547 3348 603 Hoc
3382 557 3436 602 et
3461 549 3530 603 ad

1945 649 2127 710 caput,
2159 647 2213 694 et
2242 640 2308 694 ad
2337 653 2534 707 corpus
2578 638 2858 706 redigitur.
2902 637 3007 691 Per
3026 638 3232 707 virgam
3263 637 3530 692 rectitude

1939 728 2163 798 justitia:
2202 728 2546 797 exprimitur.
2590 727 2744 782 Unde
2783 727 3064 782 Psalmista
3096 745 3108 780 :
3147 728 3307 797 Virga
3355 735 3524 792 recta,

1947 829 2001 875 et
2042 829 2253 875 caetera.
2281 819 2420 885 Quid
2448 828 2532 873 est
2558 827 2736 875 autem
2776 821 2918 890 quod
2962 821 3211 875 subditur
3240 839 3252 874 :
3279 831 3529 893 tanquam

1948 927 2036 965 uas
2064 911 2214 981 ﬁguli
2243 921 2592 965 conterentur
2628 911 2811 981 (Apoc.
2852 927 2911 974 ιι,
2943 911 3072 982 27)?
3104 913 3207 968 nisi
3251 913 3376 984 quia
3403 929 3531 969 cen-

1950 1016 2073 1057 sura
2099 1001 2325 1072 justitite
2345 1001 2604 1055 lutulenta
2630 1003 2681 1055 in
2707 1003 2937 1057 subditis
2961 1017 3124 1074 opera
3151 1011 3527 1072 conteruntur,

1947 1104 2008 1152 ut
2030 1095 2159 1150 liant
2171 1111 2238 1150 ex
2261 1095 2401 1149 vasis
2430 1096 2924 1165 eontemptibilibus
2942 1113 3068 1153 vasa
3088 1099 3308 1156 honoris
3330 1112 3383 1156 et
3407 1116 3532 1156 sane

1949 1188 2311 1242 ctillcationis.
2340 1189 2598 1254 Quamvis
2627 1189 2796 1257 possit
2824 1189 2926 1244 hoc
2957 1191 3117 1244 etiam
3156 1194 3223 1245 ad
3270 1195 3530 1260 rerrolios

1951 1275 2151 1332 Christi
2180 1276 2383 1332 referri.
2418 1277 2488 1330 Et
2531 1287 2713 1347 raptus
2734 1287 2810 1332 est
2838 1279 2982 1348 filius
3024 1281 3139 1350 ejus
3181 1285 3248 1336 ad
3296 1281 3461 1336 Deum
3485 1291 3533 1337 et

1953 1368 2022 1423 ad
2069 1371 2309 1423 thronum
2353 1369 2488 1439 ejus.
2534 1369 2648 1425 Hoc
2689 1371 2849 1440 paulo
2883 1372 3132 1440 superius
3179 1373 3379 1427 dictum
3429 1383 3531 1428 est.

1955 1460 2140 1532 (Vens.
2169 1460 2245 1526 6.)
2272 1461 2340 1514 Et
2361 1461 2554 1515 mulier
2579 1462 2746 1532 fugiet
2785 1464 2839 1516 in
2880 1463 3236 1527 solitudinem,
3261 1464 3349 1517 ubi
3375 1465 3536 1520 habet

1953 1550 2124 1604 locum
2168 1560 2411 1621 paratum
2449 1569 2480 1605 a
2522 1551 2652 1616 Deo,
2696 1562 2751 1605 ut
2794 1553 2866 1605 ibi
2909 1563 3125 1623 pascant
3165 1554 3308 1609 illam
3354 1557 3534 1610 diebus

1955 1641 2098 1696 mille
2125 1641 2360 1696 ducentis
2403 1643 2693 1713 sexaginta.
2736 1642 2850 1698 Hoc
2887 1653 2970 1698 est
2996 1645 3274 1700 mulierem
3317 1645 3369 1700 in
3405 1647 3531 1702 soli-

280 1719 536 1806 malitiam
577 1719 1018 1812 draco;'propter
1044 1736 1498 1808 multiplicitatem
1536 1733 1851 1788 insidiarum
1882 1719 1929 1779 B
1959 1731 2196 1785 tudinem
2224 1729 2426 1800 fugere,
2461 1732 2602 1801 quod
2629 1732 2796 1787 lilium
2825 1732 2942 1801 ejus
2971 1735 3038 1788 ad
3081 1734 3246 1790 Deum
3279 1737 3422 1805 rapi;
3453 1737 3535 1790 fu-

279 1851 538 1906 magnus;
567 1843 785 1904 propter
807 1830 1154 1886 homicidium
1183 1826 1335 1883 rufus
1365 1835 1607 1881 vocatur.
1635 1825 1690 1879 In
1719 1824 1857 1879 ctelo

280 1935 459 1989 autem
477 1967 492 1991 ,
519 1926 572 1980 id
593 1933 677 1979 est
696 1925 748 1978 in
775 1920 1014 1976 Ecclesia
1043 1920 1278 1982 videtur,
1309 1933 1414 1972 non
1437 1931 1543 1985 quo
1563 1914 1855 1984 possideat,

282 2019 376 2074 se]
415 2017 540 2087 quia
581 2015 630 2070 ei
673 2014 1006 2067 adversatur.
1033 2010 1090 2064 ln
1133 2009 1400 2079 capitibus
1435 2017 1488 2062 et
1519 2007 1572 2060 in
1603 2005 1858 2060 cornibus

281 2117 454 2165 totum
483 2106 598 2176 ejus
625 2118 847 2174 regnum
879 2102 1207 2164 ostenditur;
1235 2107 1488 2168 tanquam
1520 2105 1723 2166 septem
1763 2110 1856 2150 ca-

280 2202 392 2271 pila
438 2206 626 2253 contra
670 2203 873 2264 septem
919 2192 1211 2254 Ecclesias,
1260 2198 1462 2259 septem
1507 2187 1727 2257 spiritus
1760 2200 1856 2240 ne-

282 2305 444 2362 quam
471 2297 660 2344 contra
699 2284 1063 2355 scptii'ormem
1101 2284 1347 2354 spiritum
1379 2282 1496 2347 Dei,
1527 2281 1712 2336 decem
1733 2293 1857 2333 cor-

284 2399 388 2439 nua
419 2389 607 2436 contra
636 2380 819 2434 decem
865 2385 1131 2446 praecepta
1160 2376 1294 2442 legis
1323 2373 1612 2425 venientia.
1659 2370 1764 2422 Sed
1795 2371 1860 2423 de

288 2473 372 2528 his
397 2471 556 2525 latius
579 2470 630 2523 in
653 2467 1001 2536 sequentibus
1025 2464 1250 2518 dicetur.
1277 2459 1464 2532 (Vens.
1493 2459 1571 2524 4.)
1603 2457 1668 2512 Et
1690 2458 1860 2511 cauda

284 2562 398 2635 ejus
426 2560 662 2616 trahebat
702 2559 906 2613 tertiam
935 2563 1132 2627 partem
1163 2551 1434 2607 stellarum
1465 2551 1598 2614 caeli,
1629 2557 1677 2602 et
1721 2548 1861 2601 misit

285 2668 374 2706 eas
399 2653 452 2706 in
484 2661 696 2704 terram.
727 2647 907 2704 Cauda
948 2644 1200 2700 draconis
1241 2649 1368 2696 sunt
1392 2639 1630 2711 perversi
1671 2637 1863 2708 przedi-

287 2751 518 2806 eatores,
559 2739 715 2808 juxta
761 2737 934 2792 illud:
969 2735 1227 2806 PrOpheta
1275 2733 1461 2786 docens
1510 2730 1862 2794 mendacium,

288 2833 397 2903 ipse
421 2829 590 2885 cauda
617 2837 690 2882 est
716 2827 850 2898 (Isa.
880 2843 960 2892 IX,
991 2825 1096 2897 15).
1139 2824 1244 2879 Eos
1265 2823 1356 2894 qui
1384 2821 1515 2877 foris
1539 2821 1717 2876 studio
1741 2821 1865 2874 vitae

290 2920 524 2980 caelestis
565 2920 814 2973 videntur
855 2918 1139 2981 inhrerere,
1183 2930 1250 2969 ex
1293 2929 1475 2968 amore
1513 2921 1729 2966 terreno
1767 2926 1867 2983 per

293 3011 453 3067 falsos
501 3009 886 3080 praedicatores
931 3007 996 3060 ad
1048 3007 1220 3076 aperti
1272 3005 1475 3060 erroris
1523 3003 1861 3072 iniquitatem

1957 1821 2035 1892 git
2058 1822 2200 1876 enim
2228 1821 2490 1888 Ecclesia,
2517 1837 2622 1876 non
2644 1825 2933 1893 corporali,
2964 1825 3058 1879 sed
3088 1825 3315 1896 spiritali
3341 1841 3532 1882 ascen-

1957 1927 2040 1967 su.
2069 1910 2313 1967 Solitudo
2346 1921 2613 1968 secretum
2651 1923 2736 1968 est
2773 1917 2986 1970 mentis.
3024 1915 3155 1971 Nam
3204 1919 3374 1972 sancti
3409 1919 3531 1983 viri,

1957 2010 2018 2056 ut
2054 2003 2319 2072 serpentis
2349 2017 2614 2058 venenum
2644 2005 2895 2071 evadant,
2940 2007 3146 2075 seipsos
3193 2008 3536 2063 solitudinem

1959 2089 2179 2154 faciunt,
2210 2094 2392 2148 omnia
2423 2095 2736 2149 transitoria
2762 2104 2814 2148 et
2843 2096 3078 2150 carnalia
3115 2096 3378 2152 desideria
3405 2113 3534 2154 con-

1961 2182 2268 2236 temnendo.
2319 2182 2387 2236 Et
2432 2191 2561 2238 nota
2609 2183 2754 2254 quod
2803 2186 3220 2254 praedicatorum
3273 2197 3356 2242 est
3400 2189 3541 2244 hanc

1960 2270 2239 2325 mulierem
2268 2287 2509 2342 pascere.
2540 2271 2715 2329 Locus
2755 2285 2935 2329 autem
2985 2276 3074 2330 ubi
3121 2279 3380 2346 pascitur,
3428 2279 3541 2349 ipse

1960 2368 2044 2414 est
2083 2362 2166 2413 cui
2194 2363 2393 2416 dicitur
2421 2383 2433 2415 :
2467 2363 2596 2417 Esto
2641 2365 2768 2419 mihi
2793 2366 2847 2420 in
2887 2366 3056 2421 Deum
3102 2379 3461 2440 protectorem,
3495 2381 3542 2426 et

1960 2451 2016 2504 in
2042 2450 2217 2504 locum
2242 2452 2434 2522 refugii
2459 2452 2630 2523 (Psal.
2659 2470 2788 2520 xxx,
2823 2459 2899 2526 3).
2930 2461 3046 2528 Ipse
3072 2470 3156 2514 est
3182 2471 3236 2516 et
3264 2463 3416 2519 cibus
3437 2477 3544 2534 quo

1961 2542 2220 2613 pascitur,
2252 2543 2341 2612 qui
2371 2543 2445 2596 ait
2469 2559 2483 2597 :
2514 2543 2627 2614 Ego
2647 2562 2761 2598 sum
2784 2549 2936 2616 panis
2960 2549 3114 2602 vivus
3140 2548 3320 2619 (Joan.
3349 2568 3399 2614 v,
3428 2553 3540 2624 55).

1964 2632 2234 2688 Numerus
2267 2642 2444 2688 autem
2476 2635 2576 2689 iste
2606 2635 2812 2690 dierum
2845 2637 2924 2692 sic
2955 2646 3197 2707 tempora
3224 2639 3544 2698 Antichristi

1965 2724 2252 2796 signiﬁcat,
2283 2731 2343 2778 ut
2388 2732 2566 2778 tamen
2603 2741 2764 2782 omne
2807 2737 3018 2798 tempus
3053 2729 3178 2783 vita:
3206 2731 3485 2799 przeseatis
3513 2747 3544 2787 a

1964 2814 2346 2884 prtedicatione
2388 2821 2442 2870 et
2488 2815 2738 2884 passione
2783 2814 2987 2870 Christi
3031 2829 3290 2871 assumat.
3344 2819 3544 2874 Eodem

1969 2909 2112 2964 enim
2159 2909 2368 2963 dierum
2418 2923 2645 2964 numero
2687 2911 2993 2981 evangelica
3040 2911 3344 2982 pradicatio
3375 2929 3404 2966 a
3436 2911 3545 2967 Do-

1969 2998 2116 3052 mino
2144 2998 2287 3052 edita
2318 3006 2418 3063 est,
2460 3013 2566 3068 quo
2592 2998 2644 3052 in
2683 2997 2787 3054 line
2816 3013 2913 3069 per
2939 2999 3261 3054 novissimos
3290 3001 3548 3070 pnndicac

293 3069 520 3165 devolvi:
548 3102 612 3157 de
637 3101 831 3171 quibus
860 3098 960 3152 Joh
1003 3116 1016 3151 :
1046 3069 1416 3153 ()bscurentur
1445 3069 1869 3164 stellis—caligine
1896 3069 1941 3131 ο
1973 3094 2118 3142 tores
2144 3088 2504 3143 terminanda.

293 3193 406 3262 ejus
430 3192 571 3264 (Job.
602 3208 685 3255 ιιι,
715 3190 791 3261 9).
819 3189 954 3256 Quia
980 3202 1110 3243 vero
1139 3187 1307 3240 cauda
1342 3187 1462 3240 linis
1487 3193 1568 3239 est
1605 3184 1866 3253 corporis,

296 3289 471 3352 potest
512 3297 612 3353 per
658 3293 778 3334 eam
821 3277 1189 3332 Antichristus
1229 3275 1451 3345 ejusque
1493 3275 1873 3345 praedicatores

297 3373 540 3444 intelligi,
587 3380 646 3427 ut
691 3371 1024 3442 prmteritnm
1054 3383 1152 3437 pro
1200 3366 1382 3420 futuro
1428 3365 1776 3433 accipiamus.
1807 3363 1874 3417 Et

299 3478 482 3519 revera
529 3470 657 3518 tunc
701 3459 1037 3516 manifestior
1081 3459 1186 3512 erit
1228 3459 1418 3513 harum
1459 3453 1738 3511 stellarum
1781 3455 1873 3510 de-

292 3555 476 3624 jectio.

369 3646 438 3700 Et
461 3646 621 3700 draco
661 3645 800 3700 stetit
845 3653 966 3698 ante
1009 3641 1277 3697 mulierem
1308 3657 1426 3712 qua:
1464 3651 1576 3696 erat
1613 3640 1872 3711 paritura,

300 3746 357 3791 ut
385 3753 504 3791 cum
531 3736 808 3806 peperisset
849 3733 1017 3803 ﬁlium
1046 3732 1160 3804 ejus
1206 3733 1491 3786 devoraret.
1538 3729 1703 3786 Stetit
1751 3738 1878 3784 tunc

300 3829 464 3884 draco
513 3836 570 3882 ut
612 3836 794 3883 natum
847 3834 1009 3897 caput
1043 3825 1360 3896 deglutiret;
1409 3832 1517 3878 stat
1563 3833 1775 3889 semper
1818 3826 1880 3872 ut

302 3922 541 3976 membra
576 3920 768 3987 capitis
794 3917 1070 3984 deglutiat.
1097 3915 1222 3978 Sed,
1253 3922 1314 3966 ut
1340 3910 1620 3981 sequentia
1651 3909 1876 3962 demon-

302 4014 502 4071 strant,
533 4007 653 4059 ideo
679 4002 923 4056 mulieris
948 4001 1089 4055 filius
1116 4015 1354 4055 morsum
1392 3999 1646 4054 draconis
1683 3997 1874 4062 evasit,

302 4096 428 4165 quia
457 4095 525 4148 ad
554 4093 808 4147 thronum
833 4090 1013 4146 Patris
1043 4097 1227 4160 raptus
1256 4097 1359 4145 est.
1391 4089 1542 4145 Unde
1567 4089 1749 4161 gravis
1769 4088 1880 4145 ori-

305 4195 393 4242 tur
425 4183 672 4255 quaestio.
702 4181 886 4252 Neque
908 4181 1054 4237 enim
1079 4189 1204 4235 mox
1229 4189 1290 4235 ut
1314 4179 1565 4236 Christus
1588 4188 1746 4235 natus
1772 4187 1876 4244 est,

303 4286 359 4332 et
378 4277 446 4332 ab
461 4273 672 4330 Herode
691 4272 966 4343 qumsitus,
984 4270 1336 4341 corporaliter
1353 4271 1521 4328 caelos
1536 4272 1874 4338 conscendit;

307 4383 408 4425 nec
441 4365 558 4436 ejus
597 4365 837 4421 membra
866 4365 987 4420 ideo
1010 4363 1260 4420 draconis
1286 4363 1478 4419 dentes
1508 4371 1718 4426 cavent,
1751 4364 1876 4434 quia
1910 4395 1958 4454 υ

306 4474 503 4530 corpus
528 4455 769 4512 funditus
789 4456 1099 4510 deserentes
1115 4455 1182 4509 ad
1196 4463 1356 4524 caput
1370 4467 1523 4509 suum
1540 4455 1875 4524 perveniunt.

307 4548 596 4606 Sciendum
623 4560 752 4616 ergo
778 4543 904 4614 quia
936 4537 1069 4598 ﬁdes
1093 4552 1264 4608 recta,
1309 4558 1428 4614 quae
1460 4543 1586 4598 vita:
1611 4550 1878 4612 praecepta

306 4651 634 4696 conservans
661 4649 758 4705 per
786 4647 969 4690 sacras
1011 4632 1412 4702 Scripturarum
1441 4633 1661 4703 paginas
1705 4630 1881 4687 decla—

310 4741 476 4792 ratur,
521 4743 776 4786 ascensus
802 4725 998 4782 mentis
1043 4733 1126 4779 est
1169 4724 1235 4778 ad
1276 4723 1467 4785 Deum,
1494 4739 1600 4792 quo
1630 4721 1879 4778 draconis

310 4819 514 4876 malitia
546 4819 767 4874 vitatur.
804 4816 884 4871 Ac
908 4829 1007 4886 per
1045 4816 1150 4870 hoc
1189 4829 1294 4868 non
1320 4815 1673 4882 corporaliter
1695 4829 1881 4869 ascen-

307 4925 427 4966 sum
457 4909 605 4965 dicit.
639 4909 708 4964 Et
743 4914 869 4963 nota
910 4905 1052 4977 quod
1079 4920 1185 4962 non
1229 4914 1394 4970 retro,
1431 4905 1524 4960 sed
1568 4914 1693 4960 ante
1735 4913 1878 4960 stare

311 4999 416 5055 illis
457 4999 676 5064 dicitur,
730 5013 760 5052 a
801 4997 996 5068 quibus
1046 4993 1163 5064 ejus
1207 4996 1416 5050 astutiae
1461 5001 1876 5064 cognoscuntur.

313 5090 496 5161 (Vens.
535 5085 612 5158 5.)
642 5087 710 5139 Et
734 5088 927 5158 peperit
948 5085 1118 5159 ﬁlium
1144 5083 1452 5139 masculum.
1481 5085 1571 5139 illa
1604 5093 1765 5154 caput
1790 5098 1882 5154 pe—

311 5182 475 5255 perit,
511 5179 896 5278 membrr)
924 5180 1118 5250 capitis
1142 5178 1327 5250 gignit.
1355 5175 1461 5232 Sed
1492 5192 1657 5247 quare
1685 5192 1885 5231 mascu-

313 5271 421 5325 lum
467 5266 689 5333 addidit,
739 5266 1223 5337 cum'prznmiserit
1261 5267 1470 5340 ﬁlium?
1497 5266 1714 5323 Scilicet
1758 5266 1884 5338 quia

315 5368 411 5415 aut
432 5359 486 5413 in
528 5358 670 5412 bono
701 5354 902 5410 dicitur
939 5371 1036 5424 pro
1075 5359 1390 5414 excellentia
1419 5357 1768 5421 fortitudinis,
1797 5365 1893 5411 aut

319 5449 373 5500 in
399 5445 540 5500 malo
574 5459 672 5516 pro
697 5443 1060 5500 immensitate
1093 5445 1330 5501 sceleris.
1362 5445 1512 5502 Sicut
1537 5445 1679 5501 enim
1707 5445 1795 5500 hic
1833 5445 1886 5499 in

318 5538 482 5602 bono,
521 5535 600 5592 sic
622 5550 722 5607 pro
750 5534 893 5590 malo
915 5535 1133 5606 ponitur
1160 5535 1214 5589 in
1239 5533 1468 5590 Ieremia
1496 5536 1706 5591 dicente
1731 5549 1745 5588 :
1771 5534 1889 5590 Ma-

317 5626 533 5682 ledicta:
560 5627 742 5687 homo,
771 5628 861 5698 qui
888 5625 1214 5680 annuntiarit
1245 5628 1383 5696 patri
1405 5643 1516 5680 meo
1555 5628 1749 5691 dicens,
1778 5625 1890 5680 Na-

2044 3178 2208 3232 Vens.
2243 3179 2294 3232 7.
2324 3209 2394 3218 -
2421 3179 2490 3233 Et
2539 3179 2737 3249 factum
2786 3191 2860 3236 est
2905 3181 3144 3252 prwlium
3195 3199 3442 3254 magnum
3493 3185 3547 3239 in

1971 3267 2132 3334 cwlo;
2164 3267 2392 3322 Michael
2419 3279 2466 3323 et
2490 3270 2659 3340 angeli
2699 3272 2813 3341 ejus
2856 3272 3232 3343 prwliabantur
3275 3289 3393 3327 cum
3426 3274 3551 3328 dra-

1973 3379 2118 3428 cone,
2147 3372 2192 3416 et
2230 3362 2391 3416 draco
2418 3363 2682 3435 pugnabat
2711 3375 2759 3417 et
2792 3364 2962 3436 angeli
2995 3365 3129 3435 ejus.
3171 3365 3327 3421 Absit
3365 3384 3394 3422 a
3423 3365 3552 3422 iide-

1975 3449 2105 3507 lium
2135 3453 2406 3517 cordibus,
2439 3461 2497 3507 ut
2518 3455 2621 3508 hoc
2648 3455 2888 3523 prtelium
2919 3464 3045 3510 tunc
3081 3455 3278 3511 factum
3305 3458 3549 3523 erodant,

1972 3544 2190 3614 quando
2214 3560 2312 3616 per
2341 3547 2644 3616 superbiam
2675 3547 2930 3617 antiquus
2954 3549 3125 3602 hostis
3151 3564 3272 3602 cum
3302 3550 3550 3604 satelliti-

1975 3634 2076 3689 bus
2097 3635 2208 3688 suis
2234 3637 2298 3688 de
2327 3636 2465 3688 coelo
2489 3633 2703 3688 cecidit.
2729 3633 2835 3688 Sed
2866 3635 2934 3687 ab
2960 3635 3113 3689 initio
3142 3635 3263 3690 fidei
3291 3638 3554 3692 Christiao

1977 3740 2061 3779 nte
2086 3739 2256 3792 usque
2279 3724 2346 3777 ad
2373 3725 2531 3778 linem
2570 3723 2694 3777 vita:
2718 3725 3003 3793 praesentis
3031 3725 3147 3781 ﬁeri
3176 3727 3291 3783 sine
3319 3727 3425 3782 ulla
3457 3730 3553 3784 du-

1975 3812 2235 3867 bitatione
2266 3812 2552 3866 tenendum
2585 3822 2700 3878 est;
2730 3815 2874 3885 quod
2904 3831 2969 3870 ex
2998 3831 3062 3871 eo
3093 3815 3350 3890 [Scilicet,
3377 3819 3551 3893 initio]

1978 3902 2032 3955 in
2061 3901 2218 3966 ccelo,
2253 3901 2304 3956 id
2340 3911 2426 3957 est
2449 3903 2503 3957 in
2533 3903 2774 3958 Ecclesia
2805 3905 2936 3976 (quo
2965 3911 3256 3976 apostolica
3287 3925 3418 3966 voce
3445 3912 3557 3968 cla-

1979 4001 2190 4047 matur:
2219 3991 2344 4046 Non
2371 4001 2446 4048 est
2473 3987 2620 4048 nobis
2648 3993 2950 4051 colluctatio
2991 3998 3240 4054 adversus
3269 4017 3478 4056 carnem
3506 4013 3555 4057 et

1977 4084 2302 4154 sanguinem,
2330 4085 2419 4139 sed
2443 4095 2624 4139 contra
2646 4087 2906 4158 spiritalia
2927 4091 3170 4160 nequitiae
3191 4093 3246 4146 in
3267 4093 3555 4152 ctelestibus

1977 4173 2194 4246 [Ephes.
2225 4189 2301 4239 vr,
2329 4172 2440 4246 12])
2472 4174 2638 4230 draco
2665 4175 2754 4233 ille
2789 4178 2842 4232 id
2880 4187 2964 4235 est
2989 4180 3236 4238 diabolus
3259 4197 3556 4257 repugnare

1979 4278 2193 4334 semper
2210 4274 2265 4320 et
2287 4261 2564 4321 adversari
2589 4270 2863 4336 probetur.
2890 4269 3044 4338 Quod
3069 4273 3112 4328 si
3136 4289 3171 4329 ιι
3192 4291 3234 4329 ;ε
3257 4290 3556 4346 pugnamus

1979 4364 2168 4410 contra
2207 4357 2346 4413 hanc
2380 4358 2722 4426 sententiam,
2752 4375 2852 4415 cur
2897 4361 3121 4418 Michael
3148 4377 3386 4434 pugnare
3417 4365 3554 4421 dici-

1985 4445 2108 4500 tur?
2132 4445 2469 4517 Quapmpter
2492 4447 2786 4513 sciendum,
2813 4457 2872 4502 et
2893 4459 3134 4506 nostrum
3167 4463 3222 4508 et
3243 4456 3555 4526 angelorum

1983 4544 2258 4591 certamen
2285 4547 2470 4592 contra
2501 4538 2771 4593 diabolum
2804 4554 2944 4607 esse,
2967 4541 3127 4596 etiam
3153 4545 3204 4598 in
3231 4546 3414 4601 multis
3437 4546 3557 4602 aliis

1986 4629 2118 4684 locis
2142 4629 2371 4683 ostendi.
2402 4628 2538 4684 Nam
2575 4632 2822 4701 quamvis
2850 4633 3043 4689 Petrus
3083 4635 3280 4690 dixerit
3309 4655 3322 4690 :
3349 4636 3446 4692 Cui
3477 4655 3556 4692 re-

1983 4721 2149 4774 sistite
2178 4719 2335 4789 fortes
2369 4721 2425 4773 in
2449 4721 2554 4789 ﬁde
2581 4722 2668 4794 (Il
2693 4720 2838 4778 Petr.
2868 4741 2920 4790 v,
2954 4725 3038 4796 9);
3090 4735 3147 4782 et
3175 4724 3440 4784 Jacobus:
3474 4745 3554 4784 re-

1984 4811 2152 4865 sistite
2175 4808 2405 4876 diabolo,
2423 4821 2471 4866 et
2501 4813 2664 4883 fugiet
2693 4833 2726 4868 a
2761 4817 2901 4870 vobis
2926 4817 3131 4887 (Jacob.
3161 4836 3237 4885 tv,
3259 4819 3345 4890 7);
3376 4828 3555 4876 tamen

1986 4901 2088 4956 hoc
2116 4901 2290 4972 ipsum
2322 4916 2420 4970 per
2443 4904 2660 4972 angelos
2691 4904 2805 4960 fieri
2834 4907 3000 4963 David
3029 4908 3266 4964 declarat
3288 4909 3552 4968 dicendo:

1984 4989 2234 5045 Immittet
2263 4990 2478 5063 angelus
2509 4992 2721 5048 Domini
2743 4996 2799 5049 in
2839 4997 3058 5052 circuitu
3085 4999 3376 5055 timentium
3412 5018 3553 5069 eum,

1983 5091 2032 5137 et
2057 5083 2235 5153 eripiet
2270 5098 2357 5136 eos
2398 5081 2568 5155 (Psal.
2614 5101 2698 5150 ιιι,
2739 5085 2814 5156 8).
2843 5085 2898 5140 In
2927 5089 3122 5159 quibus
3164 5090 3576 5162 exemplaribus,

1987 5175 2286 5230 ostenditur
2312 5175 2434 5244 quia
2465 5189 2565 5230 nec
2600 5191 2700 5232 nos
2724 5177 2841 5232 sine
2881 5180 3213 5250 angelorum,
3241 5197 3343 5239 nec
3381 5183 3559 5255 angeli

1989 5265 2107 5320 sine
2132 5274 2318 5320 nostro
2341 5264 2589 5322 conﬂictu
2611 5267 2888 5324 dimicant.
2920 5271 3104 5344 Angeli
3122 5280 3301 5328 autem
3333 5272 3560 5330 Michael

1988 5365 2094 5406 non
2129 5352 2249 5408 ideo
2279 5353 2552 5420 dicuntur,
2578 5357 2722 5426 quod
2750 5356 2864 5427 ipse
2883 5373 2996 5424 eos,
3018 5357 3172 5428 juxta
3204 5362 3561 5432 quorumdam

1990 5443 2366 5498 haereticorum
2414 5445 2711 5515 perﬁdiam,
2760 5450 3058 5517 creaverit;
3104 5453 3200 5508 sed
3243 5452 3368 5524 quia
3409 5469 3503 5510 eos
3529 5469 3562 5510 a

1992 5533 2102 5588 Deo
2137 5532 2190 5588 in
2219 5533 2545 5606 adjutorinm
2583 5539 2882 5609 acceperit;
2913 5541 2997 5596 vel
3024 5543 3148 5612 quia
3179 5545 3280 5601 sub
3301 5560 3409 5600 uno
3436 5559 3580 5616 rege.

1991 5634 2044 5682 et
2068 5643 2131 5681 ex
2161 5642 2264 5680 una
2295 5627 2511 5685 civitate
2541 5630 2775 5686 militare
2816 5633 3144 5690 creduntur.-
3180 5637 3319 5692 sicut
3363 5647 3415 5692 et
3440 5639 3561 5691 dra-
