3986 6446
352 396 407 462 13
1189 480 1195 488 η
1797 401 1931 461 NO'I

2036 401 2109 461 [Α
3520 391 3584 468 14

351 528 638 585 thnfredus
679 523 865 600 Βοός,
894 538 953 584 ιιι
991 530 1194 586 dictum
1224 545 1253 585 a
1285 545 1372 586 me
1409 540 1494 586 est
1527 529 1623 585 lib.
1659 541 1732 595 tv,
1768 544 1889 598 cap.
1914 528 1968 594 5,
2003 542 2124 597 pag.
2166 525 2292 581 225.
2325 525 2402 581 De
2436 524 2628 581 codice
2673 525 2767 581 illo
2810 524 3021 583 leuensi
3044 567 3058 594 ,
3107 543 3217 597 quo
3274 525 3404 582 olim
3444 542 3580 581 usus

358 618 699 681 Carm-rarius,
734 618 860 672 .vide
895 615 982 672 Jo.
1018 618 1251 673 Andreae
1280 618 1428 674 Bosii
1457 620 1523 671 ad
1547 615 1865 674 Reinesiutn
1894 616 2153 685 epistolas
2181 630 2313 685 pag.
2342 613 2473 679 561,
2507 613 2633 668 562.

400 707 444 760 5.
482 704 749 770 Confessio
787 704 915 771 ﬁdei
949 705 1021 757 ad
1058 703 1279 760 Leonem
1306 705 1402 760 III
1438 721 1649 773 papam,
1706 703 1896 759 Latine
1924 718 1991 757 ex
2050 703 2221 758 veteri
2262 690 2713 769 interpretatione
2737 739 2754 767 ,
2785 716 2906 771 quae
2947 702 3225 757 Anastasii
3283 700 3588 755 Bibliothe-

351 790 451 849 carii
477 804 591 845 esse
614 800 837 858 putatur
862 830 876 854 ,
900 791 1117 857 vulgata
1143 806 1172 844 a
1205 789 1441 845 Baronio
1471 791 1524 844 in
1560 790 1752 845 Annal.
1792 790 1857 842 ad
1886 804 1976 844 an.
2013 790 2076 844 C.
2103 789 2230 852 811,
2264 805 2319 842 ιι.
2348 788 2541 844 20-15.
2574 788 2683 843 Sed
2709 789 2891 843 versio
2926 792 2979 842 in
3011 790 3144 844 edit.
3176 787 3585 843 Graeco-Latina

352 878 746 932 Cotntueiiniana
787 877 933 930 inter
971 879 1105 931 Acta
1134 878 1659 947 synodirpresitm
1693 885 1777 931 est
1806 876 2075 930 Theodori
2121 876 2329 931 Peltaui
2362 875 2418 931 S.
2449 876 2501 930 .l.
2534 876 2880 943 Heidelberg.
2926 876 3057 931 1591
3084 916 3100 942 ,
3143 876 3239 930 fol.
3271 891 3386 946 pag.
3429 876 3536 929 512
3566 892 3583 941 ;

358 964 457 1018 Lat.
486 976 535 1018 et
564 963 745 1018 Graec.
782 980 835 1031 p.
866 965 995 1029 505,
1031 965 1165 1019 ibid.
1204 965 1365 1028 1604,
1396 964 1491 1018 fol.
1518 963 1658 1020 Cum
1693 964 1883 1017 eadem
1909 963 2119 1018 Peltani
2153 963 2404 1018 versione
2434 964 2636 1033 legitur
2665 974 2790 1032 post
2820 961 2886 1017 Jo
2906 1001 2919 1015 .
2948 962 3179 1017 Zonarae
3216 963 3585 1016 Conuucntar.

350 1056 393 1107 in
428 1067 653 1106 canones
701 1053 988 1106 concilior.
1041 1052 1217 1106 Paris.
1269 1053 1443 1118 1618,
1488 1052 1589 1107 fol.
1641 1068 1764 1121 pag.
1798 1050 1944 1105 760:
1972 1052 2107 1106 etin
2136 1052 2474 1109 Collectione
2496 1052 2782 1107 concilior.
2809 1051 3122 1115 Labbeana,
3153 1062 3286 1107 tom.
3320 1050 3428 1114 \‘ll,
3461 1068 3588 1121 pag.

353 1138 479 1193 19.05.
513 1138 689 1192 Fann.
730 1150 786 1192 et
818 1138 1084 1193 Harduini
1131 1150 1260 1194 toni.
1304 1139 1394 1204 IV,
1436 1155 1488 1209 p.
1538 1139 1666 1200 978,
1713 1138 1918 1198 Grmcis
1960 1140 2250 1209 utrobique
2302 1154 2368 1207 ex
2395 1140 2657 1209 praeclaro
2695 1142 2818 1195 cod.
2872 1140 3231 1208 Seguieriano
3284 1134 3589 1207 castigatis.

349 1227 561 1280 Veterem
599 1225 721 1279 Lat.
754 1222 1088 1279 “versionem
1126 1228 1192 1280 ad
1224 1225 1524 1280 Baroniunt
1580 1226 1731 1283 misit
1776 1225 1980 1280 Fronto
2004 1229 2265 1294 Dircaeus,
2312 1229 2641 1297 descriptam
2672 1243 2741 1283 ex
2770 1243 2966 1299 magno
3011 1229 3197 1283 codice
3233 1229 3591 1289 conciliorum

349 1334 455 1370 mss.
486 1315 609 1368 bibi.
643 1315 1039 1369 canoniu-orunt
1074 1318 1332 1371 Ecclesiae
1362 1315 1722 1371 Virdunensis
1766 1316 1821 1368 in
1866 1314 2255 1384 Lotbaringia,
2300 1330 2536 1384 eamque
2587 1317 2733 1369 dedit
2782 1315 3056 1369 Baronius
3103 1317 3156 1369 in
3189 1316 3388 1375 Annal.
3428 1316 3467 1369 l.
3503 1332 3556 1370 c.

400 1402 444 1455 6.
473 1401 795 1471 Νικηφόρου
829 1402 1172 1472 ὁμολογητοῢ
1210 1403 1447 1465 (Iunones
1504 1402 1861 1479 ecclesiastici
1890 1399 1931 1454 Χ

2039 1399 2066 1456 1
2110 1403 2164 1455 in
2195 1402 2332 1458 libro
2383 1404 2627 1469 secundo
2662 1401 2812 1461 loris
2843 1402 3137 1457 Orientalis
3166 1404 3233 1459 ab
3289 1403 3595 1457 Enimumio

350 1480 589 1542 Batti-liiio
620 1487 802 1543 Paris.
834 1489 1003 1551 1585,
1036 1492 1090 1555 8,
1127 1490 1282 1555 editi,
1309 1506 1427 1558 pag.
1467 1491 1552 1555 18,
1589 1489 1764 1549 Grece.
1796 1502 1851 1544 et
1885 1489 2029 1556 Lat.,
2060 1508 2113 1560 p.
2144 1493 2273 1547 105.
2333 1496 2511 1561 Atque
2548 1496 2599 1547 in
2637 1493 3049 1549 Graeco-Latina
3122 1493 3297 1563 Marq.
3364 1493 3592 1548 Frelteri

350 1578 551 1632 editione
587 1574 851 1645 Francof,
884 1575 1044 1644 1596,
1085 1577 1178 1630 fol.
1216 1592 1271 1645 ι),
1303 1578 1404 1633 195
1433 1592 1551 1646 seq.
1591 1588 1702 1631 tum
1734 1590 1869 1635 tom.
1908 1576 1999 1633 \‘II
2033 1582 2326 1635 Concilior.
2381 1580 2584 1635 Labbci
2622 1597 2675 1648 p.
2710 1581 2847 1636 1297
2878 1595 2933 1636 et
2965 1581 3158 1636 Latine
3190 1583 3244 1634 in
3282 1582 3594 1650 Appendico

353 1665 549 1719 adbibi.
596 1663 828 1725 l’atrnm
862 1664 1042 1726 Paris.
1082 1665 1254 1730 1579;
1279 1676 1334 1721 et
1363 1676 1509 1727 lotno
1554 1664 1622 1726 Yl
1655 1666 1787 1721 edit.
1822 1665 1999 1722 Paris.
2035 1667 2194 1724 1654.
2230 1665 2408 1739 [Atid.
2435 1668 2555 1722 Cat.
2587 1669 2649 1722 B.
2675 1668 2830 1723 Leid.
2861 1685 2912 1737 ιι.
2941 1669 3052 1733 59;
3085 1677 3268 1724 exstat
3296 1682 3514 1737 quoque
3544 1670 3597 1722 in

354 1754 515 1808 concil.
542 1754 638 1806 ed.
678 1752 814 1819 Reg.
851 1763 982 1814 tom.
1020 1751 1143 1818 XX,
1177 1754 1375 1809 Labbei
1430 1764 1565 1808 tom.
1599 1752 1714 1817 γιι,
1744 1765 1797 1807 et
1826 1754 2095 1809 llarduiui
2140 1765 2271 1810 tom.
2308 1753 2397 1809 IV.
2446 1753 2508 1808 γ.
2549 1757 2690 1809 infra
2718 1755 2820 1810 lib.
2856 1754 2948 1821 ιιι,
2984 1773 3038 1826 p.
3071 1756 3199 1823 519,
3233 1757 3337 1810 vol.
3378 1756 3472 1821 XI,
3505 1759 3593 1810 eti.

356 1852 441 1894 κει.
469 1841 546 1893 ubi
579 1855 807 1909 quoque
843 1843 910 1894 de
943 1841 1143 1899 concil.
1189 1840 1353 1896 CPoi.
1380 1858 1409 1894 a
1445 1839 1563 1900 Nic.
1613 1839 1771 1899 CPol.
1813 1851 2150 1911 congregato
2175 1850 2230 1899 et.
2261 1843 2474 1912 synodo
2504 1841 2664 1904 CPol.
2697 1843 2752 1895 in
2781 1857 2887 1911 qua
2917 1841 3212 1911 Nicepiior.
3249 1854 3335 1896 est
3379 1843 3600 1911 deposi-

362 1941 443 1984 tus.
472 1928 570 1998 —-|
619 1928 903 1983 Caeterum
956 1929 1100 1998 apud
1148 1930 1444 1993 Zonaratn,
1489 1931 1579 1985 ubi
1618 1929 1738 1984 illos
1780 1943 2002 1985 exstare
2041 1930 2232 1998 scribit
2277 1931 2510 1995 Caycus,
2544 1942 2601 1985 et
2627 1932 2719 1999 qui
2751 1930 3071 2000 Cataiogutn
3115 1930 3248 1984 bibl.
3286 1929 3598 1993 Barberina:

362 2018 705 2082 concinnavit,
766 2016 1010 2084 reperire
1037 2017 1182 2073 haud
1209 2018 1382 2085 potui.
1417 2017 1497 2070 Ex
1530 2018 1613 2071 bis
1638 2016 1697 2079 2,
1727 2017 1780 2080 5,
1807 2017 1863 2095 4,
1891 2018 1947 2081 9,
1982 2017 2050 2070 12
2079 2027 2133 2070 et
2165 2017 2250 2080 16,
2283 2031 2388 2071 non
2422 2028 2740 2087 comparent
2769 2003 2913 2070 inter
2947 2031 3186 2070 canones
3216 2016 3338 2071 illos
3366 2016 3434 2070 57
3460 2030 3597 2083 quos

363 2107 508 2171 bra-ce
534 2115 587 2157 et
636 2104 835 2157 Latine
871 2105 1044 2159 edidit
1092 2104 1419 2166 Cotelerius,
1465 2116 1594 2158 tom.
1646 2103 1709 2156 Ill
1744 2103 2071 2167 Monument.
2112 2105 2316 2160 Eccles.
2363 2103 2585 2169 Gra’cw,
2617 2120 2737 2174 pag.
2779 2104 2886 2159 445
2934 2120 3087 2172 seq.;
3119 2121 3147 2156 ιι
3179 2120 3287 2173 quo
3337 2122 3458 2175 pag.
3489 2104 3587 2162 151

371 2209 463 2260 atq.
490 2193 611 2253 alius
668 2194 857 2259 adhuc
897 2207 1088 2245 novem
1135 2192 1409 2256 διατάξεις
1456 2191 1928 2262 ἕκκλησιφιστικὰς

2041 2192 2268 2246 blicatas
2306 2193 2478 2247 babes
2506 2208 2575 2245 ex
2602 2192 2943 2255 collectione,
2981 2206 3103 2259 qua:
3136 2191 3600 2260 complectebatur

374 2296 561 2334 canones
587 2280 687 2332 76.
740 2277 877 2343 Sani
906 2289 968 2346 ‘et
999 2278 1233 2333 Michael
1272 2279 1493 2349 Glycas,
1547 2296 1669 2349 pag,
1714 2280 1843 2346 294,
1880 2280 2394 2352 quinquagesimum
2429 2282 2665 2351 primum
2721 2280 2926 2347 laudat,
2964 2290 3019 2335 cl
3048 2279 3345 2346 Cotelerio,
3383 2295 3435 2350 p.
3469 2280 3597 2343 652,

362 2368 682 2428 observante,
707 2366 780 2419 ab
810 2365 934 2420 aliis
960 2367 1165 2434 plures,
1192 2369 1260 2421 ab
1289 2368 1414 2422 aliis
1450 2369 1737 2437 pauciores
1768 2369 1903 2422 clari
1943 2368 2088 2423 illius
2112 2367 2441 2437 patriarchae
2471 2382 2536 2421 ac
2564 2367 2922 2431 confessoris,
2957 2380 3065 2435 quo
3098 2368 3233 2436 ipsis
3265 2368 3440 2422 visum
3478 2368 3599 2436 fuit,

360 2456 517 2507 ordine
542 2470 607 2506 ac
646 2454 813 2507 modo
844 2453 1026 2523 colligi
1061 2470 1303 2508 canones
1346 2457 1597 2525 contigit.
1629 2457 1816 2511 Eidem
1848 2459 2015 2512 etiam
2055 2455 2327 2512 Cotelerio
2371 2456 2634 2515 debemus
2665 2471 2718 2525 p.
2763 2454 3010 2510 455-465
3050 2472 3064 2508 :
3100 2455 3397 2524 Epistolam
3444 2455 3603 2511 Nice-

356 2542 506 2610 phori,
534 2540 926 2609 Responsiones
959 2545 1027 2595 ad
1074 2543 1138 2597 17
1172 2546 1372 2611 capita,
1405 2546 1474 2599 ab
1506 2544 1716 2599 Ililario
1746 2558 1800 2600 et
1829 2546 2109 2600 Eustratio
2143 2545 2447 2614 proposita,
2484 2544 2848 2613 complexam.
2892 2541 3290 2612 Expositionem
3334 2543 3459 2605 ﬁdei
3499 2561 3601 2601 ms.

346 2641 581 2689 nternorat
614 2629 873 2684 Labbeus
905 2629 1048 2684 Bibi.
1077 2647 1198 2686 nov.
1225 2648 1353 2687 mu.
1380 2647 1504 2701 pag.
1533 2632 1623 2688 88.
1652 2631 1818 2688 Fasn.
1845 2661 1916 2695 -ε-
1948 2632 2224 2701 Expositio
2251 2633 2378 2701 ﬁdei
2403 2642 2485 2688 est
2515 2634 2568 2685 in
2598 2633 2719 2688 cod.
2749 2629 2876 2697 887,
2910 2647 2967 2688 ιι.
2998 2630 3051 2686 6.
3079 2630 3210 2687 bibl.
3240 2632 3393 2705 pubi.
3428 2629 3603 2688 Paris.

343 2749 405 2763 ..-
433 2719 542 2773 Nic.
579 2719 835 2788 Epistoia
870 2721 934 2772 ad
982 2707 1222 2775 Leone‘m
1256 2736 1449 2791 papam
1483 2723 1638 2787 lion].
1681 2724 1736 2786 in
1778 2726 1901 2778 cod.
1934 2721 2002 2776 52
2028 2719 2255 2775 Coislin.
2305 2730 2471 2788 atque
2510 2718 2881 2774 Montfaucon.
2920 2719 2973 2773 in
3004 2717 3148 2775 Bibl.
3199 2717 3390 2784 CoisL,
3425 2735 3476 2788 p.
3512 2720 3604 2783 85,

343 2810 566 2875 adnotat,
594 2819 886 2878 postremo
915 2809 1060 2862 illam
1083 2824 1148 2863 ex
1181 2810 1285 2865 hoc
1300 2811 1493 2877 codice
1520 2813 1877 2866 emendatam
1896 2824 2019 2865 esse
2043 2817 2098 2864 et
2123 2808 2454 2869 illustratam
2490 2809 2543 2861 in
2577 2806 2909 2865 Collectione
2943 2807 3323 2872 conciliorum,
3357 2817 3608 2863 monente

336 2895 561 2960 Labbeo,
592 2909 738 2951 tom.
768 2895 881 2959 Vil,
913 2914 967 2966 p.
998 2897 1159 2967 1205.
1185 2928 1256 2961 -τ
1286 2897 1344 2963 In
1377 2900 1499 2961 cod.
1531 2898 1761 2953 Coisiin.
1796 2898 1888 2952 56.
1920 2897 2016 2953 fol.
2049 2897 2146 2961 nit.
2174 2908 2263 2952 est
2296 2912 2474 2954 canon
2504 2895 2735 2966 Niceph.
2774 2895 2847 2951 De
2870 2896 3081 2965 jejunio
3108 2896 3511 2949 monachorum.
3534 2925 3606 2937 —

336 2984 389 3037 In
414 2989 533 3040 cod.
565 2986 679 3040 211
722 2986 813 3040 fol.
843 2987 949 3055 512
1011 3002 1129 3055 seq.
1175 2985 1408 3057 Nicepb.
1442 2987 1540 3042 Ἐκ
1579 2986 1685 3040 τῶν
1715 2986 1931 3055 ἐκκλησι

2036 2984 2195 3045 πικῶν
2243 2983 2413 3044 αὑτοῦ
2471 2984 2785 3047 συντάξεων
2828 2984 2926 3043 καὶ
2964 2982 3073 3041 τῶν
3112 2984 3211 3039 σὺν
3254 2983 3403 3053 αὐτῷ
3426 2983 3611 3052 ἁγίων

336 3075 623 3148 Πατέρῳν,
675 3073 794 3141 XVI
835 3075 1137 3129 absolvitur
1186 3075 1455 3130 articulis.
1487 3105 1557 3116 —-—
1589 3074 1843 3142 Ejusdem
1876 3074 1931 3139 Σι

2038 3073 2159 3127 ολον
2196 3071 2431 3147 attagen);
2460 3071 2550 3129 διὰ
2587 3072 2905 3140 κεφαλαίων
2940 3070 3028 3141 ιβ’.
3064 3101 3133 3123 -—.-
3168 3072 3422 3140 Ejusdem
3451 3073 3613 3125 DiiIe-y

339 3166 504 3217 rentia
542 3163 702 3216 inter
754 3163 1046 3230 imaginem
1076 3172 1131 3216 et
1158 3178 1380 3217 crucem
1411 3161 1638 3228 Christi,
1680 3160 2005 3233 syllogismis
2044 3160 2256 3217 decem.
2288 3188 2361 3198 -—-
2393 3159 2472 3214 Ex
2504 3159 2735 3228 epistola
2780 3158 3010 3229 Nicepb.
3042 3161 3108 3213 ad
3140 3158 3377 3227 Leonem
3418 3176 3609 3229 papam

337 3249 487 3304 nonut.
524 3280 598 3290 —
636 3249 698 3302 In
730 3250 855 3303 cod.
896 3249 1032 3304 565.
1071 3252 1164 3319 qui
1196 3252 1443 3305 continet
1496 3249 1885 3317 Collectionetn
1940 3246 2297 3304 conciliorum
2350 3245 2754 3318 brevissimam,
2806 3247 2908 3301 sub
2967 3245 3129 3305 ﬁnem
3186 3245 3494 3314 fragmenta
3543 3262 3608 3301 cx

338 3338 654 3406 Nicephoro
698 3339 1030 3407 patriarcha,
1077 3349 1216 3395 teste
1246 3340 1546 3407 Montfauc.
1574 3338 1611 3391 l.
1644 3354 1697 3392 c.
1724 3352 1851 3408 pag.
1891 3337 1931 3390 Ii

2049 3331 2154 3387 269
2178 3343 2233 3388 et
2258 3331 2385 3393 565.
2415 3360 2485 3373 --
2508 3331 2570 3395 ln
2594 3331 2720 3387 cod.
2751 3332 2823 3392 5‘2
2858 3333 3052 3403 synod.
3086 3331 3403 3401 Mosqucns.
3427 3350 3483 3386 ιι.
3517 3333 3609 3396 55,

334 3425 556 3495 Νἰεερῑι.
619 3440 865 3481 canones
905 3426 1001 3478 Ἐκ
1044 3425 1153 3479 τῶν
1200 3426 1684 3494 ἐκκλησιαστικῶν
1716 3424 1908 3478 τούτου
1962 3420 2273 3486 συντάξεων
2325 3423 2422 3481 καὶ
2460 3422 2567 3475 τῶν
2619 3423 2718 3477 σὺν
2765 3421 2918 3493 αὐτῷ
2961 3421 3134 3491 ᾁγιων
3182 3421 3444 3493 Πατέρων
3485 3425 3616 3493 περὶ

330 3513 607 3583 διαφόρων
665 3513 979 3581 κεφαλαίων
1002 3527 1016 3543 ο
1048 3523 1103 3568 et
1126 3530 1187 3583 ιι.
1220 3514 1311 3578 56,
1340 3530 1408 3569 ex
1437 3514 1560 3573 aliis
1591 3512 1833 3587 ejusdem
1861 3527 1931 3567 ca

2042 3511 2184 3578 ibus,
2223 3511 2386 3565 Ἤτοι
2423 3511 2505 3575 εἰς
2538 3510 2640 3574 τὰς
2679 3510 3136 3582 ἐπιγραφομένας
3169 3511 3444 3579 διατάξεις
3502 3513 3614 3579 τῶν

330 3600 497 3666 ἁγίων
530 3600 866 3653 ἀποστόλων
890 3614 906 3632 ·
943 3608 1083 3653 teste
1128 3599 1232 3654 cel.
1264 3600 1503 3661 Matthxi
1538 3599 1590 3653 in
1626 3597 1830 3661 Notitia
1876 3613 1931 3653 cc

2036 3646 2037 3651 η
2076 3612 2213 3654 mss.
2266 3597 2368 3659 ,Gr.
2413 3597 2661 3655 biblioth.
2712 3598 3030 3669 Mosquens.
3064 3599 3122 3654 S.
3158 3602 3374 3671 synodi,
3414 3617 3465 3669 p.
3513 3601 3603 3656 54.

298 3685 477 3740 ν-ιιι
515 3688 693 3740 codd.
727 3686 859 3741 bibl.
912 3687 1066 3757 pubi.
1113 3685 1295 3751 Paris.
1334 3698 1465 3752 sunt
1515 3686 1765 3749 ,Canones
1798 3683 1931 3739 Nico

2059 3685 2116 3740 in
2145 3686 2269 3742 cod.
2305 3683 2467 3740 1151.
2524 3702 2581 3740 ιι.
2612 3686 2680 3752 2;
2714 3686 2877 3751 1259,
2917 3702 2973 3740 ιι.
3003 3686 3106 3753 11;
3155 3702 3350 3741 canon.
3401 3688 3612 3744 Eccles.

333 3778 555 3846 triginta
589 3784 832 3847 septem.
865 3802 936 3817 -—
970 3774 1025 3828 In
1055 3776 1177 3830 cod.
1205 3776 1368 3843 1557,
1399 3774 1523 3829 Nic.
1546 3774 1891 3837 confessoris
1912 3788 2150 3829 canones
2176 3772 2269 3827 27.
2296 3801 2371 3813 -
2398 3771 2457 3827 In
2484 3774 2609 3830 cod.
2638 3774 2801 3838 1559,
2829 3789 2883 3846 n_.
2911 3774 2966 3839 5,
3005 3788 3130 3829 can.
3163 3774 3253 3833 56.
3289 3804 3360 3816 --
3392 3775 3452 3829 In
3484 3778 3611 3832 cod.

330 3864 491 3929 1542,
532 3881 592 3917 ιι.
629 3862 693 3936 4,
711 3878 956 3921 canones
983 3878 1049 3932 ex
1077 3863 1223 3918 illius
1250 3862 1744 3937 Constitutionibus
1777 3862 2154 3930 cxcerpti;——
2196 3861 2249 3915 in
2276 3862 2397 3917 cod.
2450 3861 2614 3937 1574,
2667 3878 2723 3916 ιι.
2765 3861 2821 3938 1,
2863 3876 3123 3926 canones,
3150 3872 3206 3916 et
3242 3863 3300 3916 in
3350 3865 3472 3918 cod.
3525 3879 3616 3917 sc-

330 3952 517 4020 quenti
575 3968 638 4004 n.
678 3949 736 4016 8,
783 3965 1029 4004 canones
1052 3948 1151 4016 55.
1189 3978 1257 3988 -
1287 3949 1342 4003 In
1378 3952 1500 4005 cod.
1562 3948 1665 4003 165
1698 3946 1845 4014 Bibl.
1880 3946 2042 4013 elect.
2093 3946 2291 4013 Bavar.
2320 3947 2551 4019 Nicepb.
2588 3963 2824 4005 canones
2878 3964 2990 4004 sec.
3016 3949 3190 4003 Calai.
3228 3951 3387 4004 codd.
3425 3951 3521 4005 Gr.
3553 3951 3614 4004 P.

327 4037 417 4093 65.
442 4068 515 4080 -
540 4038 604 4092 In
636 4039 763 4093 cod.
793 4036 997 4101 Caesar.
1047 4035 1279 4110 Vindob.
1317 4037 1425 4109 285
1450 4078 1466 4103 ,
1516 4054 1573 4109 ιι.
1606 4038 1676 4106 5),
1724 4044 1978 4105 excerpta
2025 4049 2089 4090 ex
2122 4034 2409 4103 Nicepltori
2450 4045 2504 4090 et
2547 4034 2771 4091 Patrum
2824 4050 2949 4092 cum
2997 4036 3115 4104 ipso
3164 4049 3616 4107 congregatorum

326 4124 846 4182 Constitutioaibus
889 4127 1196 4196 ecclesiast.
1246 4126 1529 4198 (Lambec.
1576 4125 1790 4195 Comm.
1821 4124 1933 4189 yol,
1974 4119 2038 4187 Υ,
2076 4137 2130 4191 p.
2173 4121 2323 4193 475).
2359 4151 2431 4185 —_
2484 4122 2541 4175 In
2581 4124 2703 4179 cod.
2746 4123 2841 4189 45,
2881 4140 2937 4177 ιι.
2997 4122 3087 4187 66,
3149 4139 3326 4180 canon
3386 4128 3614 4196 quintus

331 4213 397 4269 de
460 4212 827 4269 hebdomade
882 4213 1363 4283 quinquagesima.
1422 4212 1704 4283 (Lambec.
1752 4209 1892 4281 ,Vlll,
1951 4226 2005 4281 p.
2055 4208 2206 4280 948.)
2244 4208 2404 4271 -ιιι
2454 4210 2579 4266 cod.
2628 4211 2719 4273 51,
2786 4226 2843 4265 ιι.
2892 4212 2982 4277 15,
3029 4227 3268 4267 canones
3319 4214 3390 4268 56
3443 4226 3498 4269 et
3527 4214 3615 4282 18,

328 4300 565 4368 Nicepb.
605 4298 904 4353 Observat.
939 4310 995 4353 et
1026 4300 1466 4367 Constitutiones
1508 4301 1788 4369 canonica:
1817 4299 1885 4353 de
1906 4297 2073 4352 variis
2109 4297 2467 4367 argumentis.
2490 4297 2717 4367 (Lamb.
2749 4298 2883 4362 ibid.
2913 4299 2997 4353 col
3030 4298 3135 4353 989
3165 4313 3219 4355 et
3253 4301 3405 4370 995).
3442 4331 3514 4342 ο-
3561 4303 3617 4356 In

328 4388 449 4442 cod.
481 4387 581 4455 52,
613 4403 679 4440 ιι.
713 4387 768 4446 5,
799 4399 854 4441 et
882 4387 1006 4445 cod.
1038 4387 1128 4453 55,
1158 4405 1215 4442 ιι.
1248 4389 1301 4453 5,
1334 4402 1573 4442 canones
1621 4386 1756 4453 ccci.
1794 4384 1864 4439 56
1886 4384 1931 4456 (l

2036 4384 2169 4449 ibeo.
2201 4383 2334 4459 ibid.
2368 4385 2474 4439 col.
2502 4384 2637 4465 1001
2668 4395 2724 4440 et
2748 4384 2932 4456 1006).
2959 4415 3028 4427 -
3057 4385 3114 4439 ln
3152 4388 3345 4456 primis
3396 4390 3623 4444 laudau-

327 4480 426 4527 dus
454 4486 546 4527 est
577 4472 711 4527 cod.
753 4471 1062 4533 Vindobon.
1092 4474 1182 4539 45,
1218 4476 1270 4528 in
1301 4490 1409 4544 quo
1433 4485 1561 4531 sunt
1595 4473 1714 4529 Nic.
1742 4473 1992 4533 Cauones
2032 4472 2169 4539 eccl.
2201 4488 2297 4530 sex
2322 4483 2378 4529 et
2410 4476 2717 4547 sexaginta,
2766 4486 2822 4529 et
2866 4490 3029 4545 quem
3082 4478 3187 4530 late
3216 4478 3620 4551 diligenterque

326 4560 597 4631 describit
653 4561 935 4616 Kollarins
969 4563 1019 4615 in
1052 4561 1330 4633 Supplem.
1393 4564 1414 4616 Ῑ
1453 4563 1520 4617 ad
1553 4560 1829 4617 Lamb‘ecii
1878 4559 2090 4619 Comm.
2136 4574 2260 4628 pag.
2303 4562 2403 4623 521
2452 4576 2610 4632 seqq.
2668 4562 2760 4621 Ille
2821 4563 2888 4617 de
2929 4562 3243 4633 Nicephoro
3309 4570 3622 4636 patriarcha

327 4652 1116 4749 nographtaﬁclompendiaria
1166 4678 1235 4730 ab
1270 4676 1402 4730 orbe
1454 4676 1715 4749 condito,
1737 4686 1931 4741 eaque,
2040 4672 2115 4749 _si_t
2144 4674 2457 4749 hujusmodi
2484 4675 2830 4742 opusculum,
2866 4675 3132 4749 incertum
3164 4694 3384 4749 quoque
3406 4683 3624 4737 videtur

327 4746 444 4795 sive
480 4746 689 4803 verba,
722 4744 838 4798 sive
884 4759 1238 4803 numerorum
1271 4757 1452 4810 notas,
1496 4749 1611 4801 sive
1646 4748 1810 4799 etiam
1846 4756 1934 4796 re-

321 4828 446 4877 rum
504 4814 775 4867 ordinem
810 4823 1047 4883 spectes,
1076 4816 1330 4883 abeditis
1360 4827 1443 4871 est
1488 4816 1684 4870 alicubi
1722 4817 1934 4869 discre-

325 4896 493 4956 pans,
516 4892 576 4936 et
609 4880 863 4956 plurimis
894 4883 1029 4956 locis
1057 4880 1226 4940 multo
1249 4887 1463 4955 plenior
1489 4902 1553 4956 ac
1576 4885 1928 4955 locupletior;

327 4953 573 5026 accedit,
622 4954 1060 5026 quod_tnaxitua
1113 4953 1302 5016 eorum
1353 4953 1654 5026 namque:
1688 4953 1753 5009 ex
1783 4958 1933 5009 Ana-

326 5025 500 5075 stasio
535 5020 1041 5090 sttppietP.,Goar,
1073 5040 1141 5079 ex
1173 5020 1366 5081 Graeco
1386 5020 1769 5095 hujus-codicis
1798 5041 1933 5080 con-

330 5101 479 5168 textu
516 5096 741 5168 pariter
783 5094 1108 5168 restituitur.
1160 5094 1607 5168 Cbronograpbia
1637 5098 1842 5163 desinit
1874 5096 1926 5155 in

328 5158 539 5235 Basilio
606 5160 906 5235 Macedone
926 5204 939 5217 .
983 5158 1413 5235 Constantinus"
1438 5158 1617 5223 autem
1649 5158 1924 5235 'Lascaris

326 5234 577 5284 attexuit
617 5233 801 5285 Basilii
853 5233 1232 5292 successorum
1277 5239 1474 5294 seriem
1508 5242 1572 5292 ad
1602 5233 1920 5293 Constanti-

328 5318 457 5352 nutu
524 5301 829 5377 usguelll,
876 5318 1007 5377 cuni
1056 5306 1205 5360 brevi
1279 5311 1702 5377 expugnationis
1764 5309 1917 5362 urbis

323 5386 561 5440 suaeque
598 5374 776 5439 ipsius
808 5374 1145 5442 captivitatis
1177 5374 1514 5433 narratione.
1550 5379 1808 5434 Ultimum
1849 5380 1929 5430 io-

324 5456 447 5520 cum
473 5453 740 5520 ⁸υίῑειιιιιιι
766 5442 1112 5520 ςρηειίιιιιίρί
1144 5445 1369 5520 fratrum
1388 5464 1698 5520 geruntque
1728 5449 1931 5520 sobolis

326 5510 556 5589 notitia,
574 5526 749 5589 quam
770 5511 1033 5589 iriartein
1050 5510 1353 5589 ,Cat.'codd.
1375 5518 1470 5580 Gr.
1495 5510 1696 5574 Mati-il.
1722 5536 1779 5589 p._
1798 5518 1894 5573 481
1914 5566 1929 5589 ,

322 5580 523 5660 βῐᾷξειϐ
561 5580 869 5660 cﬂjlgiwit.
920 5580 1135 5660 aliaque
1162 5586 1298 5660 bene
1344 5592 1574 5654 notavit,
1609 5600 1664 5645 et
1695 5580 1935 5658 reliquos

326 5651 377 5729 ξιι
415 5651 513 5729 illo
551 5651 755 5729 codice
781 5651 1091 5729 complures
1116 5657 1393 5729 catalogos
1424 5651 1668 5715 recenset
1700 5651 1936 5714 chrono-

324 5716 569 5791 l_“’Bi(—'O$.
602 5721 740 5790 l’ag.
768 5724 857 5786 4ο,
892 5716 1144 5791 sequitur
1169 5716 1434 5783 narratio.
1467 5731 1629 5783 Ὅσαι
1655 5733 1762 5783 εξσι
1790 5732 1936 5787 θεῖαι

326 5788 557 5871 Pompa".
586 5788 1099 5872 ὲκκλησιαζᾴμὲναι
1132 5799 1225 5850 καὶ
1250 5803 1704 5872 κεκανφνισμέναι
1729 5817 1744 5832 θ
1778 5802 1867 5872 καὶ
1901 5806 1933 5872 ἡ

328 5865 546 5914 τούτων
602 5865 989 5937 στιχομετρεα.
1028 5868 1120 5932 At,
1173 5883 1303 5923 num
1341 5871 1509 5940 ipsius
1542 5865 1600 5924 S.
1644 5865 1933 5942 Niccpltori
1956 5892 1959 5893 ν

2040 4742 2234 4802 lriarto
2262 4761 2322 4813 .p.
2354 4744 2481 4809 485,
2510 4754 2674 4813 atque
2698 4748 2949 4801 monetin
2984 4742 3310 4803 Nesseis-ano
3333 4753 3460 4805 bibi.
3499 4753 3623 4806 Viu-

2040 4814 2238 4869 dobon.
2281 4815 2458 4888 ,Catai.
2512 4822 2733 4889 partui,
2764 4832 2884 4886 pag.
2932 4817 3057 4884 250,
3106 4822 3228 4873 cod.
3279 4823 3403 4882 155,
3438 4839 3491 4875 ιι.
3531 4825 3619 4889 11,

2037 4887 2342 4962 occurrere-
2375 4900 2591 4962 quoque
2636 4887 2868 4962 similem
2910 4891 3165 4960 anonymi
3207 4887 3616 4962 στιχομετρέαν.

2039 4955 2259 5027 Singula
2293 4957 2779 5027 uberiusexpiicat
2810 4958 2977 5021 idem,
3006 4955 3081 5023 et',
3114 4976 3234 5027 qua:
3265 4955 3521 5016 (tl'il'erant
3550 4958 3619 5019 ab

2039 5026 2282 5101 editione
2330 5027 2479 5101 regia
2521 5025 2708 5101 ‘Paris.
2744 5029 3006 5101 adnotat.
3056 5025 3194 5101 ΑιΙιΙ.
3230 5034 3295 5087 de
3329 5032 3616 5101 Nicepltori

2037 5096 2380 5165 aliorumque
2413 5096 2805 5150 slicltometriis
2839 5096 3075 5154 Natltan.
3107 5100 3351 5156 Lurduor
3382 5108 3432 5156 in
3462 5096 3620 5159 ἰλΤΙιο

2034 5166 2329 5236 credibility
2358 5169 2412 5235 0]
2440 5168 2525 5219 tlte
2561 5165 2753 5234 Cospel
2782 5167 3015 5224 Historia
3037 5211 3052 5235 ,
3081 5184 3187 5231 etc.
3220 5173 3326 5230 vol.
3358 5174 3447 5235 XI,
3472 5174 3620 5231 Loth

2031 5239 2158 5313 dum
2206 5238 2365 5313 I7§4,
2406 5254 2460 5291 tt.
2626 5249 2719 5313 aut
2767 5242 3062 5313 secundum
3127 5245 3431 5313 versionpr
3480 5243 3615 5296 Dan.

2031 5306 2452 5387 BruhnnGerm.
2485 5306 2580 5360 Die
2640 5306 3318 5387 Glauytandig‘keitcn_dcr
3348 5306 3616 5387 euangeli-

2029 5381 2187 5451 {chen
2216 5378 2540 5451 Qeschicme,
2566 5389 2674 5451 etc.
2707 5377 2936 5451 v_ol_.'XI,
2967 5377 3087 5448 cra‘p.
3124 5381 3242 5442 M7,
3271 5398 3323 5451 p.
3349 5377 3615 5439 255-261.

2031 5447 2165 5524 Coll.
2222 5447 2540 5524 Bauntgart.
2594 5444 3459 5524 Aedificat.uon'merkw'nrdtg.
3505 5455 3620 5509 Bu-

2033 5519 2212 5579 chern,
2246 5529 2378 5571 tom.
2414 5518 2478 5578 Χ,
2513 5533 2566 5587 p.
2593 5517 2721 5589 355,.
2761 5520 2832 5571 De
2861 5520 3238 5589 sticbometria
3270 5540 3319 5579 s.
3364 5517 3619 5583 nfensura

2033 5603 2305 5666 versttutn_
2345 5584 2997 5666 universorum_0perutn
3144 5584 3226 5647 ac‘
3251 5593 3317 5665 Ν.
3359 5593 3422 5648 Τ.
3473 5614 3620 5650 vara

2035 5674 2222 5713 eorum
2254 5658 2626 5718 distinctione,
2656 5667 2710 5710 et
2740 5657 3108 5716 ininetiendis
3139 5657 3388 5719 versibus
3411 5667 3624 5722 discor—

2045 5730 2130 5781 dia
2167 5728 2218 5780 in
2258 5729 2537 5781 veteribus
2563 5727 2737 5799 libris,
2767 5731 2928 5783 docte
2952 5734 3065 5799 agit
3089 5733 3388 5799 Salmasius
3418 5741 3468 5789 in
3496 5738 3623 5794 I’m-

2047 5800 2354 5877 legotncuis
2392 5800 2446 5850 in
2489 5798 2744 5877 _Solinum
2795 5816 2890 5854 seu
2927 5798 3222 5877 __Piiui:ttttts
3273 5808 3617 5877 __l£xercit.:tt,

2047 5872 2189 5924 steti.
2221 5870 2275 5949 ξι,
2296 5870 2448 5940 piag.
2477 5868 2510 5921 1
2537 5882 2736 5933 avere,
2764 5882 2817 5924 et
2840 5871 2980 5944 stcli,
3011 5873 3065 5929 5.
3202 5869 3209 5877 ’
3269 5875 3440 5931 litat.
