3986 6438
437 350 510 412 39
1441 349 1501 407 S.
1541 345 1961 407 NICEPHORI
2005 348 2019 405 l

2123 344 2443 403 i‘RIARGIl
2457 343 2517 401 ,Ἠ
2570 344 2676 403 CP.
3640 353 3709 416 40

444 466 684 520 \‘itarum
733 473 1048 517 sanctorum
1089 463 1312 517 Patrum
1341 466 1407 517 ad
1444 464 1588 517 hunc
1625 464 1688 517 15
1723 462 1937 527 lllartii;
1970 473 2023 514 et
2052 470 2097 523 Α
2126 462 2254 530 quia
2285 461 2399 513 lucc
2430 476 2506 514 ex
2562 476 2750 514 amore
2782 477 2947 518 ausus
2976 479 3121 522 sum.
3174 481 3295 534 qua:
3326 465 3458 533 dixi,
3519 482 3710 524 sacras

436 573 504 611 ex
541 573 606 610 eo
640 555 860 616 Surius,
901 569 1064 622 quam
1096 571 1195 609 nos
1240 569 1383 608 novo
1414 554 1601 608 labore
1630 568 1979 608 cxornamus.

507 650 564 703 5.
607 648 780 702 Natus
810 654 893 700 est
933 657 1158 701 sanctus
1203 646 1542 714 Nicephorus
1588 654 1708 715 post
1764 643 2022 702 concilia-

441 739 625 793 bulum
658 737 985 807 Cupronymi
1021 740 1166 792 circa
1197 753 1399 791 annum
1446 736 1571 800 758,
1602 736 1890 791 ordinatus
1923 750 2020 801 pa-

443 834 682 887 ll'iat't'lta
721 832 788 884 l9.
840 832 1063 901 Aprilis,
1100 833 1218 909 ipso
1252 830 1340 884 die
1369 827 1660 884 Paschalis
1693 844 1838 883 anno
1867 826 1972 889 806
2003 845 2017 892 ;

435 937 534 990 pra
556 922 657 973 fuit
694 921 952 975 Ecclesia:
986 938 1096 975 sure
1132 936 1307 975 annos
1341 935 1557 993 novem,
1615 920 1834 987 dempto
1861 918 2021 971 unico

440 1030 647 1074 mense,
669 1014 723 1067 itt
747 1014 1001 1067 exsilium
1024 1014 1307 1082 ablegatus
1327 1028 1470 1077 anno
1492 1012 1597 1068 815
1614 1013 1702 1068 die
1730 1013 1792 1066 l3
1807 1010 2014 1065 Martii:

441 1106 493 1157 in
512 1103 706 1157 exsilio
727 1104 861 1158 vixit
883 1106 1043 1162 annis
1071 1106 1360 1170 tredecim,
1386 1104 1599 1160 decimo
1620 1114 1820 1177 {quarto
1842 1102 2019 1158 exsilii

438 1205 627 1248 sancte
664 1203 912 1249 mortuus
944 1195 1036 1255 die
1076 1195 1319 1250 secundo
1344 1193 1488 1253 Junii
1517 1193 1642 1247 anni
1678 1190 1784 1247 89.8
1814 1205 1828 1244 :
1862 1191 2020 1261 cujus

439 1302 638 1355 corpus
664 1292 732 1339 ab
762 1288 959 1341 exsilio
988 1287 1219 1341 relatum
1248 1297 1328 1340 est
1354 1300 1498 1353 anno
1523 1282 1648 1339 846.
1682 1281 1811 1348 Quae
1835 1281 2017 1335 omnia

439 1375 575 1431 infra
603 1394 669 1434 ex
730 1379 862 1447 ipsis
925 1378 1075 1437 Actis
1138 1383 1412 1431 constant.
1468 1373 1663 1428 Libros
1691 1373 1760 1425 ab
1790 1385 1856 1428 eo
1883 1385 2017 1423 con-

437 1471 671 1538 scriptos
701 1480 826 1539 post
857 1469 994 1523 alios
1029 1478 1253 1523 enarrat
1282 1467 1569 1537 Philippus
1598 1464 1783 1518 Labbe
1814 1464 1867 1517 in
1900 1462 2019 1522 Dis-

437 1562 736 1615 sertatione
770 1560 834 1612 de
878 1558 1238 1627 scriptoribus
1288 1554 1695 1615 ecclesiasticis,
1730 1569 1888 1621 quem
1920 1567 2018 1604 cu-

442 1652 623 1704 riosus
644 1651 816 1704 lector
839 1651 1123 1704 consulat;
1156 1647 1388 1718 plurima
1419 1661 1488 1700 ex
1511 1644 1866 1701 Confessione
1895 1643 2014 1696 litlei

438 1747 503 1798 ad
570 1744 805 1799 Leonem
839 1759 1032 1814 papam
1070 1743 1261 1806 missa,
1293 1742 1369 1794 uti
1401 1751 1457 1794 ct
1496 1755 1563 1793 cx
1596 1736 1872 1807 Opusculis
1900 1734 2018 1801 ejus

2126 567 2316 620 preces
2345 563 2465 606 tuas
2497 555 2815 619 impertiens
2846 572 2858 607 :
2888 566 2943 607 ut
2969 555 3227 612 minimus
3255 558 3397 613 lilius
3432 569 3558 613 tuus
3587 576 3711 615 esse

2125 657 2232 711 non
2269 645 2538 717 desinam,
2598 644 2692 713 qui
2738 646 2981 699 omnium
3032 648 3268 701 maxime
3324 650 3531 705 inutilis
3586 668 3707 707 sum

2124 746 2347 805 propter
2391 746 2637 805 peccata.
2701 756 2719 788 ι
2778 738 2901 792 llzec
2947 741 3015 805 ad
3065 737 3433 809 Nicephortnn
3485 757 3709 799 sanctus

2126 827 2453 883 Theodorus
2490 830 2733 883 Studita.
2774 831 2928 885 Hanc
2956 834 3022 884 ad
3057 836 3193 887 Acta
3217 836 3390 887 sant-ti
3417 835 3706 905 Nicepltori

2132 922 2476 989 progressuri
2510 923 2875 995 praﬁpunitnus
2898 925 3178 990 epistolam
3212 928 3493 1004 revercndi
3529 927 3709 983 Patris

2094 1034 2097 1041 -
2122 1011 2398 1066 Francisei
2418 1012 2757 1075 Combcftsii,
2773 1011 2993 1068 Ordinis
3012 1014 3267 1069 Fratrum
3288 1017 3704 1072 l’raetlicatorum

2120 1103 2350 1165 Parisiis
2395 1104 2460 1158 ad
2508 1115 2710 1159 sanetae
2746 1105 2928 1175 Maria:
2978 1110 3326 1163 Annuntiata:
3383 1111 3539 1164 nobis
3574 1114 3711 1166 mis--

2121 1211 2259 1250 εειιη.

2195 1287 2248 1341 5.
2286 1288 2610 1347 Provocavit
2643 1290 2842 1353 vestris
2872 1290 3155 1345 laboribus
3188 1294 3506 1361 produt-tus.
3542 1293 3707 1345 mihi-

2123 1397 2230 1452 que
2268 1394 2526 1453 aSpecttts
2560 1383 2757 1453 triplici
2804 1374 2998 1452 grandi
3036 1384 3306 1441 volumine
3349 1387 3702 1449 Februarius,

2121 1482 2179 1525 ut
2232 1485 2287 1525 et
2341 1482 2657 1542 exspectato
2692 1473 2888 1535 Martio
2941 1474 3152 1544 aliquid
3207 1478 3493 1546 adjutricis
3525 1494 3706 1547 opera:

2116 1563 2370 1617 conferre
2402 1565 2717 1633 studerent;
2769 1582 2835 1621 ac
2862 1568 2907 1620 si
2967 1566 3098 1637 quiti
3143 1570 3271 1628 mihi
3310 1586 3341 1624 e
3383 1579 3703 1625 sanctorum

2121 1655 2295 1717 Actis,
2321 1670 2442 1724 qua:
2472 1672 2567 1709 vos
2591 1659 2913 1728 deﬁcerent,
2937 1662 3237 1731 repositum
3263 1674 3433 1725 esset.
3455 1664 3505 1717 id
3538 1665 3591 1717 in
3623 1665 3701 1717 rei

2120 1745 2450 1807 Christiana:
2481 1750 2853 1817 commodum,
2904 1752 3218 1823 Christique
3271 1772 3333 1809 ac
3385 1769 3703 1810 sanctorum

440 1841 702 1892 adversus
741 1838 1156 1902 lconomachos,
1201 1835 1340 1889 infra
1389 1835 1443 1887 itt
1498 1834 1648 1886 Actis
1684 1829 2013 1884 referuntur.
2051 1818 2089 1871 Β
2124 1839 2349 1909 gloriam
2392 1839 2783 1909 evulgandutn,
2825 1846 3181 1918 propensiore
3223 1848 3404 1903 animo
3439 1848 3706 1907 submini-

439 1929 748 1983 Familiaris
782 1940 973 1983 sancto
1021 1927 1327 1996 Nicepltoro
1365 1925 1467 1989 fuit
1503 1936 1735 1992 magnus
1765 1920 2019 1987 Theodo-

445 2040 532 2075 tus
561 2022 797 2085 Studita,
832 2020 985 2088 cnjus
1014 2020 1302 2089 epistolam
1340 2018 1464 2075 huic
1493 2018 1546 2071 in
1572 2014 1766 2082 exsilio
1797 2014 2018 2071 missam

439 2115 526 2165 hic
552 2118 743 2168 damus
771 2133 785 2167 :
817 2127 870 2168 et
891 2125 976 2167 est
998 2113 1262 2181 ejusmodi
1289 2129 1305 2165 :

508 2192 559 2257 4:
592 2223 608 2255 t
632 2206 764 2258 Cum
796 2220 1177 2273 saepenumero
1201 2206 1264 2257 ad
1287 2219 1506 2259 sacrum
1538 2200 1891 2256 beatitudinis
1914 2208 2022 2261 tuze

440 2300 701 2351 verticem
734 2298 981 2351 scribere
1008 2296 1393 2358 instituissent,
1441 2294 1627 2350 destiti
1660 2296 1729 2349 ab
1784 2294 2020 2365 inceptu,

438 2394 639 2464 partim
671 2378 1011 2463 indignitatis
1037 2407 1171 2455 mea:
1209 2392 1676 2453 consideratione,
1713 2390 1911 2457 partim
1953 2402 2020 2440 ex

439 2486 757 2543 infirmitate
782 2502 848 2541 ex
872 2487 1132 2540 aerumnis
1151 2495 1276 2540 nata
1302 2486 1653 2555 praepeditus.
1686 2481 1841 2538 Nunc
1868 2498 2020 2544 vero,

440 2593 734 2649 utrumque
770 2579 1193 2654 parvipendens.
1227 2589 1280 2633 et
1322 2575 1594 2639 Trinilate
1626 2575 1821 2640 fretus,
1857 2574 2022 2627 miser

440 2675 554 2727 lucc
584 2676 707 2728 dico
744 2687 757 2723 :
788 2671 1002 2737 ﬁaude,
1036 2686 1165 2731 vere
1190 2671 1365 2724 victor
1396 2669 1693 2738 impietatis
1725 2668 1817 2737 qui
1849 2668 2021 2720 virtu-

438 2777 550 2817 tum
613 2765 891 2837 quadrigis
939 2763 1061 2822 lidci
1112 2778 1339 2821 cursum
1394 2776 1773 2814 eonsutnmas.
1835 2758 2019 2818 Salve,

440 2871 633 2925 ntagne
655 2856 748 2906 -ευι
775 2854 1041 2909 doctrinm
1083 2852 1423 2916 orthodoxae,
1476 2849 1630 2916 cujus
1659 2847 2021 2905 confessionis

438 2950 611 3001 radiis
639 2946 926 3001 universus
952 2947 1102 3001 orbis
1136 2934 1461 3015 illustratur.
1488 2940 1674 3005 Salve,
1710 2954 2020 3010 prOpugna-

439 3049 523 3092 tur
579 3039 845 3102 veritatis,
901 3047 1148 3091 veterum
1204 3046 1521 3090 sanctorum
1566 3034 1742 3088 instar
1800 3031 2019 3087 virtutis

2123 1942 2380 1999 strarem.
2400 1931 2650 1988 Occurrit
2670 1947 2853 1990 autem
2872 1940 3188 2008 cumprimis
3217 1943 3547 1997 sanctissimi
3580 1958 3708 1996 ron-

2124 2020 2375 2087 l'essoris,
2416 2010 3047 2098 ConstantinOpolitante
3088 2033 3239 2085 urbis
3303 2035 3701 2104 artbiepiscnpi

2125 2127 2186 2164 ac
2220 2115 2864 2186 patriarcha:'Nicepltori
2896 2121 3003 2174 vita
3035 2133 3199 2192 atque
3221 2135 3518 2189 certamen,
3545 2127 3709 2200 lgna;

2127 2206 2200 2259 tio
2223 2206 2479 2260 Ecclesiae
2512 2207 2733 2277 majoris
2781 2212 3013 2275 diacono
3047 2229 3111 2281 ac
3158 2229 3413 2277 vasorum
3453 2225 3703 2283 custode,

2118 2298 2410 2366 eitlemque
2438 2299 2744 2371 Niccpboco
2763 2304 2981 2377 :cquali,
3019 2323 3127 2362 non
3159 2308 3362 2363 inculto
3403 2318 3495 2365 aut
3528 2315 3711 2367 minus

2124 2400 2381 2443 accurato
2401 2403 2659 2446 auctore:
2694 2410 2888 2449 munus
2908 2398 3119 2452 scilicet
3141 2399 3338 2455 Leonis
3365 2403 3567 2467 Allatii,
3597 2404 3709 2457 viri

2123 2483 2425 2541 doctissimi
2457 2499 2522 2539 ac
2577 2488 2921 2559 amicissimi,
2975 2490 3235 2548 Romanis
3284 2510 3351 2549 ex
3399 2497 3704 2563 codicibus,

2116 2579 2249 2641 dum
2295 2579 2338 2633 is
2365 2581 2652 2637 meditanti
2676 2600 2856 2654 opt-rte
2889 2586 3094 2657 aquuitl
3125 2589 3177 2642 in
3206 2588 3537 2657 Nicephoro,
3565 2593 3711 2660 ejus-

2122 2688 2228 2740 que
2259 2671 2379 2727 luce
2411 2674 2740 2730 clarioribus
2787 2680 3178 2749 monumentis,
3223 2683 3396 2745 yiceut
3460 2684 3708 2753 aliquant

2122 2773 2464 2830 acceptorum
2514 2780 2543 2815 :t
2587 2782 2671 2819 me
2722 2767 2908 2836 inclyti
2965 2768 3319 2826 nihilominus
3376 2774 3710 2829 confessoris

2116 2852 2339 2922 .Georgii
2358 2853 2665 2910 Metocltitae
2688 2857 2951 2912 librorum
2976 2861 3239 2933 quinque,
3263 2865 3467 2933 quibus
3496 2875 3706 2922 tomnnt

2123 2943 2354 2997 alterunt
2384 2943 2608 3000 Graecia:
2662 2963 2776 3002 suae
2807 2932 3141 3023 orthodoxae
3176 2932 3360 3024 Regiis
3410 2971 3475 3011 ex
3504 2958 3713 3023 codici?

2122 3030 2223 3085 bus
2248 3034 2512 3103 praeclare
2536 3035 2759 3099 ditaret,
2796 3040 3062 3107 rependit.
3101 3041 3289 3107 Graeca
3315 3043 3506 3113 lgnatii
3536 3062 3705 3117 quam

432 3133 845 3203 pulchritudine
876 3131 1176 3185 collucens.
1207 3129 1496 3198 Reliquisti
1548 3126 1827 3182 excelsum
1858 3125 2015 3178 tltro-
2044 3169 2088 3221 Γ
2126 3121 2278 3185 licuit
2301 3123 2469 3189 clare,
2500 3125 2713 3192 lidaque
2739 3127 3058 3197 interpretis
3090 3148 3255 3201 Opera
3295 3136 3518 3189 reddidi.
3549 3136 3712 3193 llaud

437 3241 562 3276 num
596 3224 714 3293 ejus
741 3237 931 3287 causa,
981 3223 1071 3290 qui
1108 3222 1465 3290 semetipsum
1512 3219 1820 3277 ltutniliavit
1848 3231 2018 3283 usque
2046 3207 2089 3227 ’⁸
2121 3214 2354 3272 obscure
2390 3217 2502 3285 ipse
2541 3232 2600 3272 se
2635 3218 2929 3297 aliquando
2967 3224 3074 3276 vim
3104 3239 3326 3292 passum
3357 3235 3411 3281 et
3434 3228 3714 3297 hmreticis

436 3317 500 3366 ad
532 3325 786 3377 tnortetn,
815 3322 1045 3366 mortem
1069 3321 1252 3373 autem
1285 3311 1490 3364 crucis.
1531 3307 1819 3376 Reliquiin
1853 3306 2017 3367 mini-

437 3407 604 3461 steria
636 3415 692 3461 et
723 3390 1147 3465 oblectamenta‘
1175 3402 1690 3473 arcltiepiscopalia,
1745 3407 1799 3463 et
1852 3398 2021 3452 variis

438 3500 801 3555 incottunodis
843 3499 1224 3554 confessorutn
1283 3510 1437 3555 more
1477 3492 1724 3549 exerceri
1759 3489 2020 3551 maluisti,

440 3609 604 3662 quam
626 3592 973 3660 temporariis
990 3592 1092 3644 frui
1118 3589 1328 3647 deliciis
1352 3589 1578 3658 peccati.
1600 3584 1677 3641 Ac
1700 3596 1849 3640 certe
1880 3599 2019 3653 quo-

432 3689 582 3737 niam
621 3701 726 3737 non
756 3699 822 3737 ex
852 3684 982 3746 illis,
1007 3683 1109 3736 etsi
1149 3683 1200 3734 itt
1244 3682 1351 3735 illis
1381 3680 1621 3743 vivebas,
1652 3677 1891 3732 membra
1925 3689 2022 3742 per

440 3778 606 3829 vitam
636 3777 689 3828 itt
731 3777 952 3829 Christo
981 3785 1160 3828 actam
1195 3771 1553 3843 tnnt'tificaus.
1596 3779 1798 3823 sancite
1831 3767 2022 3819 matris

439 3867 798 3937 privationem
833 3866 1145 3936 pertulisti,
1184 3865 1385 3918 cltartts
1422 3863 1683 3915 fratribus
1738 3859 2017 3921 omnibus,

437 3962 599 4014 simul
658 3960 912 4014 omnibus
976 3958 1260 4028 spoliatus.
1306 3956 1543 4011 Necdum
1582 3952 1874 4024 Opprobria
1931 3960 2020 4004 tua

435 4050 645 4109 Christi
676 4050 988 4119 opprobriis
1012 4050 1213 4104 similia
1232 4061 1625 4113 commemoro,
1656 4045 1931 4098 innuissas
1953 4041 2022 4095 ab

442 4144 873 4213 intperatOribus
900 4143 1352 4211 oppugnationes,
1376 4138 1717 4201 vexationes,
1742 4132 2021 4205 angustias

437 4254 501 4291 ac
544 4236 711 4290 veluti
742 4233 1149 4290 sulfucationes.
1194 4230 1368 4290 Nocut
1418 4248 1541 4284 cum
1578 4228 1804 4284 .Chrislo
1843 4228 2020 4282 abdu-

426 4344 557 4386 ,t:tns
588 4344 649 4382 cs
678 4344 692 4379 :
725 4326 930 4381 ctenim
968 4323 1226 4403 proditus
1269 4322 1433 4377 etiam
1469 4321 1582 4388 ipse
1635 4319 1906 4389 relegatus
1940 4332 2020 4377 es,

438 4422 491 4475 in
520 4421 677 4475 collis
711 4419 1008 4473 conlinittm
1036 4418 1294 4485 redactus
1314 4430 1396 4480 es,
1423 4425 1629 4483 martyr
1658 4411 1883 4466 Christi.
1914 4409 2021 4463 Sed

2124 3308 2419 3376 imaginum
2464 3294 2849 3369 eifractoribus
2908 3318 3348 3374 communicasse
3386 3321 3586 3390 prodit,
3621 3332 3714 3376 ta-

2123 3402 2279 3455 metsi
2326 3418 2355 3454 a
2384 3478 2387 3481 _
2416 3402 2541 3457 fidei
2582 3404 2811 3460 veritate
2852 3421 3099 3477 satiaque
3140 3409 3397 3465 Ecclesia:
3438 3428 3598 3468 sensu
3636 3415 3713 3469 de

2121 3506 2309 3546 earum
2368 3509 2645 3562 nunquam
2702 3497 2886 3552 animo
2938 3502 3247 3556 recesserit.
3282 3492 3473 3558 "l‘anta
3506 3503 3715 3579 Leonis

2070 3572 2082 3590 ’
2120 3584 2460 3653 subintleque
2487 3586 2773 3654 'l‘ltt-Ophili
2823 3590 2903 3644 vis
2941 3591 3043 3645 fuit
3073 3595 3418 3663 exagitandis
3449 3597 3551 3665 piis
3581 3572 3716 3653 [ide-

2121 3677 2377 3741 libus,,ut
2423 3679 2507 3733 vel
2544 3680 2712 3748 ipsus,
2751 3684 2841 3750 qui
2895 3683 3161 3739 columnae
3198 3687 3373 3740 videri
3424 3698 3710 3763 poterant,

2122 3784 2258 3834 pene
2299 3772 2706 3836 prostravcrit:
2751 3787 2849 3826 nec
2904 3772 2974 3828 ita
3019 3777 3174 3845 tuttltt
3209 3774 3433 3852 fuerunt
3487 3795 3591 3850 qua
3642 3795 3717 3836 se

2123 3857 2354 3913 Romani
2389 3875 2483 3927 per
2517 3859 2795 3916 Orientem
2823 3863 3034 3933 imperii
3081 3868 3342 3937 maiestas
3395 3863 3719 3938 proferebat

2123 3966 2187 4005 ac
2230 3953 2382 4017 ditio,
2420 3967 2554 4022 quos
2585 3954 2673 4007 illa
2713 3955 2969 4010 immanis
3013 3958 3172 4013 ruina
3221 3976 3326 4014 non
3384 3936 3707 4017 involverit‘.

2121 4043 2319 4122 Quanti
2366 4060 2452 4098 res
2489 4045 2689 4115 negotii
2726 4046 2913 4113 fuerit,
2939 4050 3040 4118 pia:
3082 4049 3386 4123 Theodorte
3417 4054 3533 4125 viro
3565 4030 3721 4111 male

2124 4136 2212 4204 pio
2248 4150 2422 4206 eoque
2466 4138 2631 4206 impio
2669 4140 2963 4205 exsuncto,
3001 4143 3033 4210 ἡ
3072 4141 3183 4201 τῶν
3213 4145 3439 4197 εἰκόνιον
3466 4146 3721 4217 ἀναστῇ-

2122 4228 2309 4290 λωσις,
2342 4229 2587 4295 delarant
2624 4227 2759 4283 Acta
2790 4232 2856 4283 ad
2898 4233 3235 4288 Dominicatn
3271 4236 3370 4305 τῆς
3400 4237 3719 4306 ὀρθοδοξία,

2124 4321 2440 4375 Graecorum
2476 4321 2873 4392 ecclesiasticis
2892 4324 3053 4391 libris
3078 4326 3305 4393 inserta,
3333 4308 3573 4393 mihique
3595 4322 3725 4394 pri-

2124 4412 2247 4463 dem
2283 4425 2348 4463 ex
2380 4409 2573 4463 iisdem
2600 4413 2901 4480 producta;
2928 4424 3038 4466 tum
3078 4430 3203 4469 cum
3241 4396 3295 4470 et
3321 4396 3725 4489 sanctissimus

440 4528 598 4582 euge,
626 4526 791 4583 quam
825 4511 878 4564 itt
913 4511 1112 4563 bonum
1139 4508 1234 4562 tibi
1268 4505 1485 4561 omnia!
1519 4504 1721 4572 Attolle
1749 4504 1799 4557 itt
1830 4504 2017 4555 orbem
2057 4513 2094 4565 ο
2125 4502 2412 4557 confessor
2447 4501 2773 4570 Mctltodius,
2815 4521 2951 4560 nova
2983 4503 3273 4579 aﬂulgettte
3307 4509 3425 4577 luce
3457 4508 3724 4578 depulsa-

445 4604 635 4657 octtlos
667 4617 733 4655 ex
767 4602 987 4672 specula
1020 4602 1235 4663 tuentis,
1268 4608 1329 4659 et
1354 4599 1540 4668 aspice
1570 4596 1711 4649 lilios
1744 4604 1884 4658 tuos,
1930 4608 2021 4646 seu

436 4694 639 4753 mavis,
672 4706 825 4755 oves,
859 4702 1048 4759 pastor
1086 4690 1245 4753 bone,
1272 4689 1524 4757 quamvis
1553 4702 1782 4756 corpore
1810 4687 2025 4753 disper-

442 4801 553 4850 sas,
601 4785 784 4838 animo
833 4792 1012 4835 tamen
1044 4779 1395 4849 ,c0njunctas,
1438 4788 1605 4832 totam
1651 4791 1788 4845 pene
1837 4775 2024 4833 Eccle-

433 4879 580 4935 siam
613 4886 761 4939 tuam
798 4874 965 4928 variis
1004 4872 1137 4929 locis
1163 4881 1521 4942 occupantes,
1561 4879 1615 4923 et
1664 4868 2025 4939 confessionis

434 4982 550 5037 ante
580 4969 809 5038 fulgore,
835 4965 1118 5028 stellarum
1145 4965 1339 5030 instar,
1368 4963 1436 5028 iis
1487 4962 1578 5031 qui
1629 4962 1683 5017 in
1738 4959 2026 5033 nocturnis

433 5065 714 5133 dnct'cseus
740 5059 979 5115 tenebris
1000 5067 1311 5119 versantur,
1344 5057 1662 5119 orthodoxa:
1686 5054 1817 5121 fidei
1841 5053 2023 5119 lumen

418 5159 799 5220 ﬁstentletttes
849 5169 864 5205 :
925 5151 1063 5205 alias
1118 5151 1340 5220 quidem
1394 5150 1508 5211 Deo
1563 5146 1876 5214 itnmolatas
1930 5161 2026 5214 per

438 5246 762 5312 athleticam
790 5241 1321 5297 consummationem
1345 5259 1359 5307 ;
1386 5240 1523 5309 alias
1546 5238 1892 5305 decertantes
1909 5238 2027 5291 sine

433 5336 554 5396 .ullu
580 5335 927 5404 praesentium
972 5348 1152 5388 rerum
1191 5345 1361 5396 metu,
1410 5331 1508 5386 sed
1532 5330 1713 5384 Deum
1748 5326 2022 5399 ﬂectenti-

436 5428 549 5482 bus
574 5427 825 5495 precibus
858 5426 965 5483 tuis
1001 5427 1407 5481 corroboratas.
1435 5423 1569 5489 Haec
1599 5433 1681 5478 est
1714 5424 1883 5492 gloria
1919 5423 2023 5476 Ec-

432 5520 626 5581 clesia:
660 5528 762 5571 tua:
808 5519 954 5572 :lmc
1012 5519 1221 5588 insigne
1250 5534 1313 5570 ac
1374 5515 1682 5585 symbolum
1739 5515 2021 5585 martyrii,

434 5600 588 5679 ,quod
621 5626 855 5679 sequens
880 5621 1013 5665 tetas
1041 5612 1345 5680 excipiens,
1377 5608 1545 5661 Deum
1577 5609 1628 5658 itt
1660 5617 1733 5670 te,
1761 5608 1836 5659 uti
1859 5621 2022 5669 nunc,

436 5704 795 5773 siglorilicabit.
823 5702 990 5757 Multa
1017 5705 1110 5758 tibi
1145 5720 1242 5773 pro
1268 5702 1468 5757 Christi
1501 5699 1737 5769 imagine
1765 5700 2023 5767 pugnanti

430 5795 694 5858 .Cncomia
725 5795 999 5860 dicentur.
1043 5790 1147 5849 Sed
1178 5794 1401 5864 ignosce
1446 5789 1603 5854 mihi,
1636 5788 1731 5843 Dei
1763 5790 2022 5854 imitator,

2128 4609 2235 4665 que
2265 4605 2413 4650 terra
2446 4598 2672 4655 hmresis
2713 4598 2966 4669 caligine,
3017 4599 3068 4651 itt
3101 4601 3721 4668 Constantinopolitatta

2126 4690 2255 4743 sede
2288 4689 2488 4761 (lignus
2518 4698 2706 4758 pastor
2744 4701 2799 4744 et
2831 4689 3126 4761 Nicepltori
3166 4706 3472 4756 successor,
3505 4693 3728 4755 abactis

2120 4783 2196 4849 ,μὴ
2226 4797 2288 4836 ea
2325 4781 2476 4852 lupis
2502 4799 2566 4837 ae
2619 4783 3055 4848 incubatoribus,
3100 4783 3396 4839 collocatus
3439 4795 3524 4839 est
3556 4803 3568 4839 :
3602 4800 3728 4853 quo

2127 4875 2293 4938 etiam
2326 4883 2578 4942 tempore
2629 4873 2878 4947 lgnatius
2941 4875 3283 4945 paenitudine
3319 4877 3535 4945 ductus,
3574 4892 3732 4944 prte-

2119 4965 2338 5025 clarum
2390 4964 2495 5019 hoc
2538 4954 2873 5037 .Dlic‘epboro.
2929 4968 3079 5033 yelut
3110 4966 3538 5041 στηλητευτικὸν
3597 4984 3733 5023 mo-

2129 5066 2453 5131 numentum
2487 5059 2752 5136 reposuit.
2786 5056 2977 5129 Laudo
3013 5050 3274 5127 judicium
3302 5059 3422 5137 ejus
3446 5058 3516 5114 de
3551 5055 3733 5114 Nice-

2130 5148 2289 5217 phori
2320 5149 2582 5217 operibus
2617 5164 2850 5219 quorum
2877 5149 2998 5204 luce
3018 5151 3305 5219 ominatur
3333 5151 3616 5220 depulsum
3644 5151 3729 5221 it'j

2130 5241 2277 5295 iliant
2304 5240 2520 5305 erroris
2551 5224 2864 5311 caiiginem.
2896 5240 3009 5296 Nec
3050 5243 3272 5309 dubiant
3313 5244 3444 5320 quin
3485 5244 3732 5311 multum

2129 5331 2470 5385 contulerint
2489 5331 2672 5395 eidem
2698 5333 3051 5400 depellendam
3077 5342 3367 5403 postquam
3395 5332 3622 5388 facultas
3649 5349 3735 5390 ea

2132 5423 2345 5490 legendi
2380 5423 2746 5493 Augustorum
2795 5407 3099 5479 clementia
3129 5441 3191 5479 ac
3225 5424 3430 5497 pietate
3465 5425 3739 5493 veritatis

2131 5516 2446 5570 amantibus
2479 5516 2838 5581 fuitindulta
2865 5536 2886 5587 ,ε
2929 5533 3106 5587 neque
3159 5510 3303 5571 nunc
3357 5519 3536 5571 minus
3563 5517 3741 5586 utilia

2131 5606 2313 5659 futura
2341 5622 2467 5662 reor
2506 5607 2778 5663 tliiliaudis
2813 5608 3052 5674 nebulis,
3088 5623 3225 5679 quas
3250 5609 3378 5664 novi
3430 5607 3737 5671 tenebrio-

2132 5714 2228 5751 nes
2260 5700 2451 5754 eadem
2494 5701 2547 5753 in
2568 5686 2752 5756 \causa
2788 5716 2853 5755 ex
2890 5717 3019 5756 orco
3046 5710 3398 5762 revocarunt,
3430 5700 3473 5754 si
3501 5700 3743 5768 quando

2127 5787 2227 5859 Dei
2261 5788 2674 5847 clementissimi
2704 5790 2773 5847 in‘
2798 5793 2981 5857 lideles
3005 5808 3135 5849 suos
3160 5808 3224 5848 ac
3250 5790 3559 5863 ,Ecclcsiant
3596 5804 3749 5862 nm.-
