3986 6426
405 299 476 364 l3

403 423 511 468 tem
549 409 614 466 ad
645 407 1016 464 laudationem
1067 405 1306 476 linguam
1360 404 1564 462 effecit.
1622 407 1700 461 Ea
1752 422 1838 463 res
1875 415 1982 473 est,
2017 425 2059 480 Α

400 519 522 573 qua:
564 501 832 556 orationis
865 499 972 552 vim
1031 505 1238 552 mutant
1289 497 1525 551 reddidit
1559 514 1570 550 :
1601 510 1665 552 ea
1697 498 1762 552 ad
1799 497 1984 552 nmuire

403 597 680 667 planctum
727 594 1017 656 absonum,
1080 590 1322 644 animum
1377 591 1686 644 devocavit.
1749 591 1984 656 Idcirco,

403 691 508 745 nisi
549 705 634 743 me
668 689 895 758 ingratae
939 684 1137 740 indolis
1166 685 1374 739 crimen
1422 679 1750 749 deterreret,
1784 699 1849 738 ea
1885 684 1990 737 sci-

401 784 532 840 licet
572 781 805 841 ratione,
845 779 989 849 quod
1033 777 1293 832 defuncto
1323 785 1480 846 patre
1519 775 1661 830 filius
1708 777 1987 830 silentium

402 876 784 946 amplectatur,
839 885 1206 942 magnumque
1257 872 1393 924 adeo
1449 867 1793 931 miraculum,
1842 869 1987 936 quod

405 963 556 1019 nullo
586 961 883 1017 oblivionis
915 959 1098 1015 modio
1121 959 1304 1030 obtegi
1323 959 1514 1028 possit,
1540 959 1827 1027 neglectim
1853 974 1989 1028 pra:-

404 1062 614 1121 tcreat;
645 1053 747 1108 hoc
781 1051 967 1120 utique
998 1049 1126 1103 mihi
1161 1048 1275 1118 ipse
1323 1047 1570 1102 consulto
1621 1047 1990 1117 imperaturus

403 1163 577 1211 eram,
612 1154 669 1198 ιιι
694 1159 855 1216 quem
887 1143 1207 1214 ignorantia:
1240 1147 1410 1196 nubes
1435 1151 1693 1210 contegat
1753 1143 1990 1209 longius-

402 1255 507 1309 que
541 1237 686 1293 velut
727 1236 1012 1306 antiquum
1045 1233 1192 1286 illum
1222 1231 1477 1302 populum
1504 1233 1714 1301 peccati
1754 1234 1988 1302 procella

401 1339 610 1395 arceat,
646 1329 710 1384 ad
742 1330 844 1382 viri
895 1328 1154 1381 virtutem
1189 1324 1610 1395 haudquaquam
1647 1325 1986 1392 accederem,

400 1423 589 1493 ejusve
613 1419 816 1488 aliquid
842 1418 1217 1486 contingerem
1247 1433 1260 1468 :
1296 1431 1385 1481 ne,
1420 1417 1510 1485 qui
1542 1417 1760 1487 indigno
1787 1429 1988 1472 conatu

401 1513 631 1567 bestiam
672 1508 898 1564 audacia
963 1508 1315 1578 praeferrem,
1355 1507 1626 1577 lapidibus
1687 1509 1992 1580 iaculisque

399 1605 728 1660 confoderer
761 1620 826 1658 ac
863 1603 1148 1657 obruerer.
1188 1591 1366 1655 Semel
1403 1611 1584 1655 tamen
1630 1602 1796 1656 animi
1825 1604 1986 1658 exili-

403 1711 515 1754 tate
556 1699 807 1761 detecta,
853 1696 1110 1765 intusque
1163 1692 1430 1764 ﬂagrante
1475 1695 1642 1749 animi
1693 1695 1987 1761 desiderio,

401 1809 524 1845 cum
555 1790 666 1845 Deo
685 1797 968 1859 acceptum
1001 1789 1195 1849 Sciam,
1225 1787 1368 1855 quod
1390 1802 1418 1839 e
1443 1787 1583 1840 virili
1614 1787 1704 1851 sit,
1734 1802 1818 1842 me
1851 1789 1988 1857 ipse,
2026 1780 2065 1835 Β

401 1885 576 1952 quoad
612 1882 795 1944 licuit,
821 1881 873 1934 in
910 1879 1328 1934 celebratissimi
1366 1878 1546 1933 Patris
1576 1878 1789 1942 laudes,
1846 1878 1991 1932 velut

401 1977 456 2029 in
489 1973 816 2046 profundum
847 1970 1040 2026 demisi
1080 1971 1373 2039 gurgitem.
1424 1971 1583 2026 Faxit
1630 1985 1760 2025 vero
1799 1971 1994 2024 vestris

403 2069 468 2121 ad
495 2068 670 2138 ipsutn
703 2063 1193 2134 supplicationibus
1219 2063 1462 2117 divinum
1503 2078 1725 2128 numen,
1760 2067 1818 2117 ut
1843 2064 1894 2116 iu
1925 2077 1992 2118 co

404 2161 665 2216 latentem
736 2157 1090 2228 margaritam
1143 2170 1361 2226 capere,
1420 2156 1724 2225 animoque
1787 2155 1994 2224 sospite

404 2267 688 2326 cmergere
719 2251 902 2316 liceat,
950 2265 1016 2305 ac
1071 2250 1228 2304 nobis
1269 2249 1711 2304 desiderantibus
1742 2249 1994 2303 incorru~

405 2361 526 2418 ptas
550 2346 766 2401 divitias
802 2352 1163 2400 conunutare.
1203 2340 1330 2396 Mihi
1368 2341 1485 2411 ipse
1521 2341 1740 2411 iniquus
1771 2340 1989 2405 fuerim,

405 2441 508 2495 nisi
537 2439 605 2494 ab
631 2454 696 2494 eo
722 2447 1004 2507 assumpto
1056 2436 1274 2490 dicendi
1321 2445 1665 2506 argumento,
1701 2449 1844 2499 eam,
1872 2450 1992 2504 quae

403 2532 617 2587 dicendi
649 2541 769 2586 arte
799 2537 1038 2596 constat,
1067 2528 1242 2582 vicem
1273 2527 1322 2581 ei
1354 2526 1723 2596 rependerim.

474 2628 530 2682 2.
569 2625 662 2680 Eia
703 2623 893 2694 igitur,
925 2621 1130 2675 omisso
1181 2619 1450 2687 tantisper
1494 2619 1641 2672 luctu
1684 2617 1991 2685 nmniaque,

404 2723 472 2776 ad
504 2716 810 2773 orationem
842 2712 1196 2774 accedamus,
1248 2708 1533 2777 divinique
1571 2707 1674 2762 viri
1707 2717 1857 2777 gesta
1898 2723 1994 2777 per

405 2816 598 2878 vitam,
635 2809 785 2864 velut
819 2818 1164 2862 communem
1215 2803 1509 2873 quamdam
1565 2803 1785 2856 virtutis
1818 2801 1994 2856 tabel-

405 2909 540 2975 lam,
573 2903 714 2976 :equi
753 2900 1080 2969 honestique
1126 2899 1392 2954 studiosis
1434 2912 1826 2968 proponamus.
1855 2898 1996 2953 Cun-

399 3002 504 3055 ctis
526 2999 672 3053 enim
710 3010 834 3051 cum
863 2991 1128 3061 voluptati
1161 3001 1274 3045 tum
1315 2989 1603 3045 commodo
1631 2989 1814 3044 futura
1845 3001 1991 3053 sunt,

399 3093 600 3164 quibus
633 3089 759 3145 boni
800 3102 955 3142 amor
999 3085 1322 3156 cumprimis
1353 3100 1500 3139 cura:
1526 3095 1632 3151 est,
1667 3100 1731 3139 ac
1761 3085 1992 3138 sincerm
2018 3125 2062 3182 Ο

402 3185 527 3241 iidei
560 3181 806 3236 doctrina
839 3178 1045 3233 arridet
1089 3195 1101 3232 :
1145 3176 1270 3246 quia
1313 3176 1525 3230 scilicet
1579 3175 1831 3230 veritatis
1880 3174 1988 3226 vim

401 3295 463 3335 ac
498 3278 662 3333 robur
687 3275 866 3346 palam
895 3271 1237 3343 pratendunt
1263 3288 1276 3336 ;
1304 3269 1501 3338 i‘sqtte,
1524 3270 1615 3339 qui
1642 3269 1821 3322 minus
1849 3279 1993 3322 recte

399 3375 616 3426 adeam
665 3368 986 3428 colliueaut,
1023 3377 1222 3418 nervos
1265 3363 1614 3417 exscindunt.
1649 3359 1992 3430 Complecte-

402 3477 489 3519 tur
518 3462 662 3518 enim
694 3475 759 3515 ac
795 3457 1040 3514 collectis
1074 3455 1316 3524 undique
1363 3454 1731 3509 moumnentis
1767 3452 1989 3517 referet,

401 3572 509 3612 non
555 3563 767 3610 tantum
803 3563 1005 3621 quanta
1045 3549 1092 3606 is
1137 3549 1418 3620 prmclaris
1473 3547 1715 3602 moribus
1769 3548 1992 3614 vitaque

401 3649 506 3704 rite
534 3647 780 3701 instituta
805 3643 1102 3713 peregerit,
1135 3641 1230 3697 sed
1263 3640 1430 3696 etiam
1466 3649 1729 3709 quantmn
1775 3639 1992 3692 tuenda:

403 3740 650 3797 veritatis
671 3752 835 3794 causa
855 3736 920 3790 ad
948 3735 1271 3806 sanguinem
1299 3748 1469 3802 usque
1490 3732 1792 3786 desudarit.
1818 3730 1990 3785 Velim

399 3844 602 3895 autem,
654 3837 976 3899 summeque
1019 3838 1235 3897 gratum
1290 3827 1542 3888 habeam,
1579 3835 1639 3877 ιιι
1669 3825 1992 3878 orthodoxae

403 3928 525 3983 lidei
556 3927 808 3981 alumnos
842 3936 1034 3976 omnes
1081 3920 1366 3975 auditores
1418 3919 1673 3984 habeam,
1721 3928 1993 3989 quotquot

401 4037 501 4076 suo
554 4018 794 4074 Ecclesia
831 4018 1021 4080 ubere,
1079 4015 1376 4084 potiorum,
1431 4012 1676 4081 inquam,
1743 4012 1992 4067 dovtriua

399 4112 754 4174 exercitatos,
786 4107 1020 4180 spiritali
1055 4122 1118 4162 ac
1149 4105 1326 4161 solido
1370 4106 1516 4170 cibo,
1549 4104 1616 4159 ad
1656 4105 1782 4158 boni
1832 4103 1992 4158 mali-

399 4220 509 4276 que
543 4203 931 4259 discretionem
967 4199 1234 4269 implevit.
1272 4197 1402 4252 illos
1431 4213 1562 4254 vero
1598 4197 1788 4267 procul
1834 4199 1996 4266 abigo

401 4312 466 4352 ac
511 4297 830 4358 submoveo,
867 4301 1136 4363 quotquot
1175 4291 1416 4346 sinistrae
1470 4290 1714 4361 Opinioni
1764 4290 1992 4356 addicti,

401 4386 579 4452 aliter,
621 4401 687 4440 ac
737 4384 918 4449 Pater,
975 4390 1304 4448 senserunt;
1373 4381 1518 4435 velut
1583 4382 1843 4436 nimirum
1901 4383 1994 4452 qui

1397 293 1456 351 Β.
1502 291 1918 352 NlCEPlIORI
1956 290 2462 353 PATRIARCHJE
2499 294 2606 353 (ΞΡ.

3602 294 3670 362 ιι

2094 405 2224 478 μίαν
2246 406 2484 478 ὴκόνησε
2512 448 2527 474 ,
2559 405 2721 462 τοῦτο
2749 407 2828 480 τῷ
2860 405 3006 482 λόγῳ
3040 409 3138 482 τὴν
3165 407 3405 478 ἀφασίαν
3436 408 3668 483 ἐκίνησε,

2089 500 2248 554 τοῦτο
2288 503 2423 572 πρὸς
2462 501 2524 554 τὸ
2559 501 2656 572 τῆς
2694 501 2963 574 μονῳδίας
2992 499 3257 573 ἀτὸπημα
3295 501 3387 554 τὸν
3421 501 3671 574 λογισμὸν

2091 595 2394 659 ἐξεκύλισε.
2415 594 2516 649 Διά
2540 594 2699 649 τοῦτο
2723 597 2794 667 (εί
2819 596 2895 668 μὴ
2917 595 3027 649 τῶν
3055 594 3391 666 ἀγνωμόνων
3414 593 3674 648 ἐδεδίεινδ

2091 690 2151 743 τὸ
2172 687 2447 760 ἔγκλημα,
2473 689 2686 760 [ἰατρὸς
2717 689 3086 761 ἀποιχομένου
3111 688 3280 742 παῖδα
3312 688 3469 757 σιγᾷν
3491 703 3675 758 προαι-

2089 781 2379 853 ρούμενον,
2402 786 2494 836 καὶ
2524 783 2920 854 παραπέμπειν
2943 782 3086 835 οῦτω
3112 781 3254 852 μέγα
3279 778 3479 849 θαῦμα,
3513 780 3678 848 μηδα-

2093 873 2211 944 μῶς
2232 872 2308 943 τῷ
2335 873 2504 944 μοδίῳ
2522 873 2622 943 τῆς
2645 873 2818 944 λήθης
2849 870 3465 942 κρυϐῆναιδυνάμενον)
3487 869 3676 922 ἔπεισα

2091 965 2158 1020 ἂν
2185 966 2426 1036 ἐμαυτὸν
2458 965 2537 1037 τῷ
2577 967 2676 1037 τῆς
2709 965 2952 1036 ἀμαθίας
2983 965 3137 1034 νέφει
3182 961 3675 1033 ἐγκαλυπτόμενον,

2091 1053 2188 1112 καὶ
2218 1061 2284 1132 τῇ
2319 1058 2515 1132 θυέλλῃ
2547 1063 2647 1132 τῆς
2677 1060 2992 1130 ⁵ιίιμαρτίςις,
3030 1059 3106 1122 ώς
3139 1060 3168 1112 ὁ
3207 1055 3438 1118 παλαιὸς
3474 1057 3679 1119 ἐκεῖνος

2090 1151 2220 1217 λαὸς
2256 1154 2670 1224 ἁνειργόμενον,
2705 1153 2781 1224 μὴ
2809 1151 3120 1223 προσϐῆναι
3145 1149 3224 1220 τῷ
3254 1149 3372 1219 ὄρει
3403 1147 3513 1202 τῶν
3549 1148 3680 1219 ἀρε-

2090 1243 2199 1297 τῶν
2244 1243 2339 1297 τοῦ
2383 1244 2611 1316 ἀνδρὸς,
2658 1245 2795 1316 μηδὲ
2836 1243 3012 1311 θίγειν
3063 1259 3117 1295 τι
3156 1239 3324 1294 αὑτοῦ
3367 1237 3446 1310 τῷ
3481 1236 3686 1309 ἀναξίῳ

2090 1335 2187 1390 τοῦ
2217 1339 2622 1408 ἐγχειρήματος
2641 1380 2655 1404 ,
2693 1335 2969 1408 θηριώδης
3007 1337 3072 1406 τῇ
3103 1335 3282 1405 τόλμῃ
3310 1333 3686 1403 δεικνύμενος,

2092 1431 2188 1484 καὶ
2212 1431 2380 1495 λίθοις
2415 1430 2448 1501 ἦ
2489 1430 2661 1500 βολίσι
2690 1428 3235 1499 καταλευστούμενος
3267 1427 3300 1498 ἢ
3333 1425 3683 1498 βαλλόμενος.

2095 1524 2286 1593 Ὅμως
2316 1523 2360 1576 δ’
2393 1520 2487 1577 οὖν
2515 1523 2576 1576 τὸ
2599 1525 2700 1595 τῆς
2741 1523 3126 1594 προαιρέσεως
3166 1520 3383 1582 εὐτελὲς
3411 1517 3688 1572 ἐνδεικνύο

2097 1633 2285 1686 μενος,
2316 1617 2413 1670 καὶ
2445 1614 2545 1686 τὴν
2574 1614 2809 1685 καρδίαν
2839 1614 2994 1677 ἐντὸς
3027 1613 3132 1665 ὑπὸ
3162 1610 3257 1664 τοῦ
3289 1610 3458 1664 πόθου
3491 1609 3689 1680 φλεγὸι

2097 1725 2285 1778 μενος,
2309 1709 2405 1760 καὶ
2430 1707 2492 1761 τὸ
2521 1707 2674 1761 κατα
2690 1706 2924 1777 δύναμιν
2946 1705 3101 1774 φίλον
3127 1703 3187 1757 ὃν
3211 1702 3333 1773 Θεῷ
3363 1702 3692 1771 παιδευόμε-

2095 1817 2206 1862 νος,
2225 1800 2442 1863 ὲαυτὸν,
2475 1799 2552 1862 ὡς
2577 1793 2690 1852 οἷόν
2721 1817 2800 1862 τε,
2826 1797 2900 1861 ώς
2931 1799 3023 1850 τὸν
3052 1797 3163 1850 τῶν
3195 1794 3495 1865 ἐγκωμίων
3531 1793 3694 1865 βυθὸν

2095 1889 2191 1943 τοῦ
2221 1891 2586 1960 πανευφημου
2619 1889 2840 1958 καθῆκα
2865 1888 3102 1959 Πατρός.
3147 1886 3316 1939 Ἀλλά
3349 1901 3442 1955 μοι
3466 1885 3575 1954 εἴη.
3607 1884 3696 1938 διὰ

2093 1981 2203 2034 τῶν
2242 1980 2527 2053 ὑμετέρων
2564 1979 2702 2050 πρὸς
2738 1980 2801 2033 τὸ
2831 1982 3083 2051 κρεῖττον
3123 1975 3445 2042 ἐντεύξεων,
3479 1977 3575 2028 τὶν
3607 1991 3700 2028 κε-

2095 2073 2413 2147 κρυμμένον
2443 2074 2501 2126 ἐν
2538 2071 2686 2144 αὐτῷ
2723 2071 3080 2143 μαργαρίτην
3101 2071 3263 2135 ἑλεῖν,
3295 2069 3390 2122 καὶ
3421 2067 3700 2138 ἀκινδύνῳ

2095 2166 2176 2220 νοῒ
2227 2163 2605 2236 ἀνανήξασθαι
2659 2165 2762 2218 καὶΔ
2802 2163 3035 2218 πλοῦτον
3076 2165 3193 2226 τοῖς
3246 2160 3517 2215 ποθοῦσιν
3567 2162 3703 2232 ἡμῖν

2095 2260 2494 2330 ἀπεμπολῆσαι
2555 2259 2858 2330 ἀκήρατον.
2909 2257 3180 2327 Ἀδικοίην
3211 2257 3321 2327 γὰρ
3365 2255 3603 2317 ἑαυτὸν,
3653 2255 3704 2308 ei

2097 2352 2230 2423 παρ’
2277 2345 2445 2406 αὑτοῦ
2493 2354 2591 2423 τὴν
2640 2353 2897 2422 ἀφορμὴν
2938 2351 3029 2404 τοῦ
3079 2349 3259 2417 λέγειν
3310 2348 3709 2421 δρεψάμενος,

2101 2449 2174 2517 μὴ
2208 2447 2306 2519 τὴν
2337 2449 2401 2500 ἐκ
2434 2448 2607 2515 λόγων
2637 2449 2906 2500 ἀντίδοσιν
2935 2443 3330 2515 είσενέγκοιμι.

2172 2629 2237 2699 β’.
2286 2627 2458 2700 Δεῦρο
2504 2627 2571 2698 δὴ
2622 2621 2740 2688 οὖν,
2783 2625 2873 2678 τὸν
2917 2624 3117 2696 θρῆνον
3152 2624 3386 2694 ἀφέντες
3419 2623 3504 2695 τῷ
3561 2623 3716 2696 λόγῳ

2098 2731 2439 2794 προσίωμεν,
2484 2723 2579 2774 καὶ
2609 2719 2679 2772 τὰ
2713 2718 2790 2789 τῷ
2829 2717 3076 2789 θεοφόρῳ
3121 2716 3465 2788 βεϐιωμένα,
3515 2715 3716 2788 ὥσπερ

2096 2814 2224 2868 τινὰ
2255 2813 2432 2866 κοινὸν
2457 2811 2662 2882 ἀρετῆς
2685 2809 2913 2874 πίνακα,
2956 2811 3068 2872 τοῖς
3100 2807 3420 2878 φιλοκάλοις
3457 2810 3716 2879 προστή-

2101 2925 2304 2979 σωμεν.
2343 2907 2487 2960 Πᾶσι
2525 2905 2636 2977 γὰρ
2679 2905 2833 2958 ἔσται
2867 2902 3003 2973 πρὸς
3036 2902 3231 2973 ἡδονῆς
3258 2901 3353 2955 καὶ
3384 2900 3718 2970 ὠφελείας,

2097 2998 2179 3067 οἷς
2227 3004 2284 3054 ὲν
2319 2999 2484 3070 ἔρωτι
2526 2998 2588 3052 τὸ
2626 2996 2829 3068 ἀγαθὸν
2862 2994 3288 3050 διεσπούδασται
3341 2996 3442 3048 καὶ
3491 2995 3566 3048 τὰ
3615 2993 3720 3064 τῆς

2097 3092 2444 3167 ἀκραιφνοῦς
2485 3090 2725 3154 πίστεως
2755 3089 3050 3160 στέργεται
3074 3088 3348 3159 δὸγματα,
3382 3087 3452 3141 τὸ
3483 3086 3723 3158 ἰσχυρὸν

2095 3189 2197 3258 τῆς
2225 3187 2488 3258 ἀληθείας
2518 3185 2832 3255 καταφανὲς
2863 3182 3282 3256 προδεικνύντα,
3311 3181 3416 3236 καὶ
3446 3183 3520 3236 τὰ
3545 3182 3726 3252 νεῦρα

2096 3283 2206 3336 τῶν
2238 3282 2340 3336 οὐκ
2367 3281 2547 3354 ὀρθῶς
2579 3279 2717 3352 πρὸς
2760 3278 2966 3349 ταύτην
3015 3275 3271 3349 ὁρώντων
3320 3275 3723 3329 ἐκκύπτοντα.

2096 3372 2350 3444 Περιέξει
2387 3374 2498 3441 γὰρ
2530 3371 2623 3424 καὶ
2657 3371 2733 3442 (l)
2765 3369 3034 3441 ἀμηγέπη
3089 3368 3358 3438 μνήσεται
3389 3409 3405 3432 ,
3439 3368 3512 3422 οῦ
3555 3367 3730 3438 μόνον

2094 3469 2196 3521 ὅσα
2223 3470 2282 3521 ἐν
2313 3465 2470 3538 ἧθεσι
2503 3466 2598 3520 καὶ
2627 3465 2852 3534 τρόποις
2883 3462 3032 3533 αὐτῷ
3081 3463 3444 3532 σεμνοτέροις
3490 3460 3733 3532 κατώρα

2097 3556 2306 3620 θωται,
2341 3553 2480 3608 ἀλλά
2527 3554 2622 3607 καὶ
2654 3555 2758 3607 ὅσα
2803 3553 2946 3622 ὑπὲρ
2991 3551 3165 3622 αὐτῆς
3197 3551 3480 3621 ἀληθείας
3521 3551 3735 3623 μέχρις

2095 3651 2329 3720 αἵματος
2359 3645 2798 3717 κατηγώνισται.
2837 3645 3056 3707 Πάντας
3085 3643 3142 3696 δὲ
3174 3643 3302 3706 τοὺς
3333 3647 3448 3714 τῆς
3487 3643 3733 3716 ὀρθοδο-

2097 3739 2220 3806 ξίας
2249 3739 2562 3811 τροφίμους
2590 3740 2671 3801 εἰς
2701 3735 2968 3808 ἀκρόασιν
3004 3735 3149 3806 ἔχειν
3173 3733 3342 3788 ἐθέλω
3371 3735 3484 3788 καὶ
3517 3734 3737 3805 ἥδομαι

2093 3831 2188 3895 οὖς
2218 3832 2252 3902 ἡ
2295 3829 2617 3898 Ἐκκλησία,
2646 3827 2746 3898 τὴν
2783 3826 2986 3894 ἑαυτῆς
3023 3824 3220 3895 θηλὴν,
3268 3824 3378 3892 τὴν
3442 3824 3739 3878 διδασκα·

2095 3925 2239 3991 λίαν,
2267 3924 2433 3994 φημὶ,
2462 3922 2573 3976 τῶν
2588 3921 2919 3993 κρειττόνων
2933 3921 3009 3992 (2)
3031 3917 3404 3989 γυμνώσασα,
3423 3919 3538 3989 τῆς
3563 3935 3743 3972 πνευ-

2101 4018 2342 4091 ματικῆς
2379 4018 2472 4072 καὶ
2506 4015 2724 4079 τελείας
2750 4015 2964 4085 τροφῆς
2995 4014 3132 4084 πρὸς
3160 4013 3459 4082 διάκρισιν
3490 4011 3600 4067 τοῦ
3635 4029 3746 4066 κα-

2095 4110 2190 4164 λοῦ
2226 4127 2284 4164 τε
2310 4109 2406 4163 καὶ
2434 4108 2680 4179 χείρονος
2708 4106 3061 4176 ἐνεφόρησεν.
3081 4097 3360 4166 Ἐκείνους
3389 4103 3456 4156 δὲ
3494 4101 3749 4156 διωθοῦ-

2101 4221 2199 4274 μαι
2225 4201 2323 4256 καὶ
2347 4201 2778 4270 ἀποπεμπομαι,
2829 4199 2947 4250 ὅσοι
2991 4195 3119 4268 δόξῃ
3167 4194 3445 4266 μοχθηρᾷ
3482 4211 3750 4268 προκατ-

2099 4295 2448 4367 ειλημμένοι,
2497 4292 2834 4353 ἁπεναντίας
2881 4289 2961 4358 τῷ
3017 4289 3196 4359 Πατρὶ
3244 4290 3755 4362 παρεφρόνησαν,

2099 4387 2291 4458 ὥσπερ
2327 4386 2524 4456 ἀμέλει
2572 4386 2665 4438 τὸν
2698 4381 2954 4454 θεμέλιον
2984 4380 3085 4451 τῆς
3136 4379 3528 4449 Ἐκκλησίας’
3559 4381 3756 4446 ἄλλως

401 4479 661 4535 Ecclesia
701 4479 874 4533 basim
907 4476 1108 4532 frustra
1145 4486 1416 4530 conentur
1447 4485 1766 4540 concutere,
1801 4491 1990 4532 suam-

2101 4477 2513 4550 παρασαλεύειν
2549 4477 2923 4548 πειρώμενοι,
2956 4474 3055 4526 καὶ
3087 4473 3479 4546 προφητικῶς
3533 4475 3759 4537 εἰπεῖν,

402 4589 509 4644 que
548 4573 792 4642 ipsorum
849 4585 1022 4641 spem,
1054 4579 1107 4622 ut
1145 4569 1330 4624 verbis
1390 4570 1670 4639 prophetae
1722 4571 1916 4642 loquar
1949 4575 1992 4640 ί,

404 4661 754 4718 vendiderint
810 4659 1142 4714 mendacio:
1173 4671 1352 4728 neque
1411 4662 1558 4713 enim
1605 4661 1699 4728 qui
1755 4663 1899 4717 male
1941 4665 1995 4718 in

408 4758 581 4810 virum
625 4753 806 4808 allecti
852 4752 986 4817 sint,
1033 4751 1200 4819 inque
1248 4751 1400 4804 illum
1441 4752 1658 4820 quidvis
1711 4754 1995 4810 sinistrum

406 4848 758 4910 meditemur,
785 4843 906 4914 ejus
936 4843 1170 4897 libenter
1193 4841 1383 4896 laudes
1401 4843 1646 4908 audient,
1679 4843 1828 4899 eisve
1855 4860 1998 4914 prae-

404 4944 628 4997 stabunt
674 4953 987 4993 assensum.
1029 4934 1354 4992 Exsecratio
1394 4937 1541 4989 enim
1589 4939 1996 5006 peccatoribus,

405 5049 463 5092 ut
509 5032 795 5090 Salomoni
839 5033 1072 5105 placet’
1109 5046 1174 5086 ac
1231 5029 1448 5085 veritati
1494 5031 1744 5096 videtur,
1779 5033 1994 5088 cultura

479 5195 492 5224 '
531 5191 646 5249 lsai.
672 5207 854 5252 uvnt,
879 5189 967 5244 l5.
1015 5190 1035 5222 ²
1069 5185 1296 5256 Ectli.t,
1326 5186 1420 5246 '52.

477 5329 505 5369 δ
543 5346 640 5382 ms.
693 5329 986 5401 ἐδαιδείην.

478 5489 555 5558 (l)
590 5483 705 5542 MS.
736 5487 996 5559 Ἀμιγίση
1026 5486 1380 5557 μεμνήσεται.
1411 5483 1995 5559 dilatiusrXplicatio-

409 5553 496 5614 nis
526 5553 691 5615 causa
719 5560 770 5612 in
800 5553 1046 5624 margine
1068 5553 1391 5624 scripserat,
1423 5553 1742 5627 Καθαροὺς,
1767 5554 1993 5620 ἀδόλους

404 5629 598 5700 λόγους
633 5628 1007 5700 μνησθήσεται
1026 5643 1042 5656 ο
1077 5639 1148 5700 ιιι
1171 5630 1310 5681 forte
1336 5627 1624 5695 legendum
1647 5629 1716 5681 sit
1739 5630 1990 5700 ἁμιγέσι,

406 5697 755 5770 subintellige
781 5697 987 5766 λόγοις,
1015 5699 1262 5770 oratione
1302 5700 1516 5770 sincera
1552 5709 1605 5752 ct
1642 5715 1746 5752 non
1781 5697 1986 5754 fucata.

405 5769 482 5826 Ex
512 5769 702 5828 mente
727 5780 907 5827 tamen
941 5769 1253 5840 interpretis
1285 5769 1551 5840 ἀμηγέπη
1585 5770 1822 5825 correxi.

2093 4574 2195 4642 τὴν
2246 4571 2458 4624 ἑαυτῶν
2507 4571 2701 4625 ἐλπίδα
2746 4569 2826 4640 τῷ
2877 4568 3069 4640 ψεύδει
3108 4565 3585 4634 πιστεύσαντες·
3623 4569 3759 4622 οὐδὲ

2094 4663 2206 4733 γὰρ
2255 4664 2386 4734 περὶ
2417 4662 2583 4716 αὐτὸν
2631 4662 2888 4734 πονηρῶς
2917 4659 3282 4730 διακείμενοι,
3310 4659 3426 4712 καὶ
3467 4659 3593 4714 πᾶν
3631 4663 3663 4714 ὃ
3705 4678 3765 4713 τι

2095 4752 2191 4810 οὖν
2221 4756 2344 4810 κατ’
2378 4755 2548 4808 αὑτοῦ
2590 4754 2766 4808 δεινὸν
2802 4753 3204 4825 μελετήσαντες
3228 4791 3243 4814 ,
3273 4753 3403 4816 τοῖς
3444 4754 3540 4815 εἰς
3576 4751 3768 4807 αὑτὸν

2099 4849 2350 4912 ἐπαίνοις
2368 4847 2671 4919 ήσθείησαν
2691 4847 2777 4911 ἂν,
2797 4846 2831 4916 ἦ
2853 4841 3291 4914 συγκατάθοιντο
3310 4842 3605 4897 πώποτε.
3623 4841 3770 4895 Βδέ-

2101 4944 2290 5015 λυγμα
2319 4941 2429 5014 γὰρ
2461 4941 2816 5014 ἁμαρτωλοῖς
2837 4980 2853 5006 ,
2886 4938 2962 5002 ὡς
2985 4935 3296 5009 Σολομῶντι
3353 4935 3468 4991 καὶ
3508 4940 3586 5009 τῇ
3622 4937 3771 5008 ἀλη-

2105 5037 2232 5109 θεία
2264 5036 2446 5103 δοκεῖ,
2495 5035 2800 5090 θεοσέϐεια.
2849 5031 2985 5097 Ταῖς
3027 5029 3138 5104 γὰρ
3181 5031 3406 5102 ἄρκυσι
3439 5031 3571 5086 τῶν
3610 5029 3775 5101 ἀφύ-

2175 5485 2257 5557 (2)
2295 5485 2523 5542 Videtur
2555 5487 2830 5555 interpres
2867 5502 2965 5555 pro
2990 5486 3347 5557 γυμνώσασα
3385 5488 3626 5555 legisse
3661 5503 3774 5558 γνο

2106 5559 2384 5628 μνάσασα.
2413 5561 2507 5613 sed
2541 5568 2754 5614 retenta
2776 5559 3032 5628 originali
3060 5559 3379 5626 scriptione
3415 5560 3523 5613 hic
3555 5573 3782 5614 sensus

2102 5641 2186 5683 est
2211 5645 2226 5681 :
2259 5646 2397 5712 quos
2421 5630 2677 5692 ecclesia,
2697 5645 2808 5710 'sua
2837 5634 2920 5684 eis
2947 5632 3232 5685 denudans
3273 5630 3508 5700 ubera,
3541 5629 3781 5686 doctri-

2101 5715 2259 5766 nam,
2295 5711 2519 5772 Inquam
2543 5740 2557 5769 ,
2592 5714 2892 5767 saniorem,
2923 5711 3032 5758 etc.
