3986 6422
397 207 468 274 Π
1395 209 1455 269 S.
1501 205 1920 266 NiCEPlIORI
1964 207 1971 264 ἶ

2091 204 2478 265 ἮΙΑΒΟΗιΕ
2523 203 2634 263 CP.
3601 205 3665 271 ιδ

400 333 514 376 uno
552 320 617 374 ad
653 318 869 386 imperii
919 318 1287 388 gubernacula
1335 329 1638 388 assumpto,
1673 318 1867 374 scriba:
1894 333 1973 372 set

2095 317 2227 387 τίνῳ
2247 316 2345 386 τῆς
2382 314 2675 386 βασιλικῆς
2697 311 2874 385 ἀρχῆς
2903 311 3288 382 ἐπειλημμένῳ
3309 313 3434 376 τοῦς
3465 314 3663 382 οἴακας,

402 411 600 468 notarii
635 421 818 481 partes
857 411 1106 480 impleret
1138 413 1415 483 regiisque
1441 412 1672 466 secretis
1703 409 1976 465 ministrat

2095 411 2193 480 τὴν
2224 409 2322 462 τοῦ
2358 409 2728 479 ύπογραφέως
2765 405 3122 476 ἀποπληροῦν
3163 407 3352 476 χρείαν
3376 447 3389 470 ,
3430 410 3520 461 καὶ
3566 417 3669 475 τοῖς

403 513 486 557 rt-t
511 500 833 556 Theodorus
864 519 878 556 :
911 503 1002 570 qui
1035 503 1162 556 dum
1203 505 1495 574 purissima
1539 514 1700 557 rectae
1730 503 1782 556 in
1817 501 1977 555 Deum

2095 501 2393 573 βασιλείοις
2416 501 2740 570 μυστηρίοις
2765 497 3185 569 ὑπηρετεῖσθαι,
3210 496 3270 560 ὃς
3291 497 3353 566 δὴ
3387 497 3462 568 τῷ
3482 501 3666 571 ἀκραι-

399 592 764 648 confessiouis
814 601 979 660 atque
1029 591 1152 647 ﬁdei
1185 593 1324 659 luce,
1378 593 1520 646 haud
1569 607 1730 646 secus
1755 605 1821 646 ac
1851 590 1973 644 alter

2095 594 2377 664 φνεστάτῳ
2409 593 2552 663 φωτὶ
2588 593 2689 661 τῆς
2720 591 2875 664 παρὰ
2903 590 3036 644 Θεὸν
3064 589 3230 660 ὀρθῆς
3263 589 3550 657 ὁμολογίας
3579 593 3669 644 καὶ

400 687 677 739 Abraham
734 686 1009 755 pra'nitet,
1063 687 1214 753 gravi
1265 686 1405 754 apud
1460 686 1578 755 ejus
1624 683 1974 738 suavissimum

2099 687 2357 750 πίστεως,
2387 686 2462 748 ώς
2497 685 2655 748 ἄλλος
2700 684 2956 755 Ἀδραάμ
2981 685 3011 736 ὁ
3037 682 3418 754 πατριάρχης,
3454 683 3673 753 κοσμού-

399 781 613 832 hostem
659 777 906 846 pulsatus
935 788 1020 832 est
1051 777 1351 843 calumnia,
1397 793 1463 832 eo
1494 777 1706 832 scilicet
1741 775 1973 829 nomine.

2102 797 2286 850 μενος,
2327 779 2462 850 πρὸς
2505 778 2596 831 τὸν
2645 780 2854 848 ταύτην
2901 776 3272 848 τυραννοῦντα
3309 775 3520 846 πικρῶς
3563 777 3676 830 δια-

395 871 539 940 quod
568 868 852 944 Chrisuun
899 870 952 924 iu
988 869 1224 940 imagine
1273 870 1763 940 iutemeratamque
1791 884 1969 937 paren-

2098 871 2348 924 Βάλλεται
2370 911 2382 931 ,
2417 870 2492 932 ώς
2527 869 2763 940 Χριστὸν
2795 871 2853 921 ἐν
2894 870 3066 922 εἰκόνι
3098 869 3192 922 καὶ
3221 867 3320 938 τὴν
3357 867 3524 920 αὐτοῦ
3556 867 3672 937 Μη-

400 973 508 1018 tem
535 978 599 1017 ac
633 973 857 1018 sanctos
888 978 1080 1018 omnes
1109 964 1447 1018 venerationi
1488 964 1736 1018 haberet.
1772 961 1974 1033 Tyran-

2101 965 2225 1034 τέρα
2254 965 2354 1034 τὴν
2387 947 2678 1033 ἄχραντον.
2715 963 2808 1014 καὶ
2842 962 3055 1024 πάντας
3082 961 3210 1022 τοὺς
3236 959 3424 1028 ἁγίους
3455 959 3675 1024 σεῦάζε-

395 1073 502 1111 nus
545 1057 749 1126 itaque,
791 1067 844 1111 ut
886 1056 979 1126 qui
1029 1057 1314 1109 veritatem
1364 1055 1487 1109 odio
1518 1056 1749 1120 habens,
1794 1055 1969 1108 audirt

2104 1074 2198 1110 ται.
2248 1055 2305 1107 Ὀ
2333 1053 2390 1106 δὲ
2413 1049 2502 1106 οἷα
2533 1052 2634 1122 τῆς
2665 1051 2928 1123 ἀληθείας
2951 1049 3144 1121 ἐχθρὸς
3170 1047 3249 1120 τῷ
3267 1047 3559 1118 παραλόγῳ
3582 1047 3678 1115 τῆς

399 1149 526 1203 talia
559 1164 665 1203 non
703 1148 1029 1211 sustinebat,
1073 1147 1339 1201 intumuit
1385 1147 1689 1210 iracundia,
1723 1156 1777 1199 et
1809 1146 1973 1199 viruui

2105 1149 2264 1218 Ξικοῆς
2312 1145 2644 1213 ἐξογκωθεὶς
2687 1147 2786 1217 τὴν
2836 1145 3080 1198 διάνοιαν
3121 1141 3462 1213 παρέσεσθαι
3493 1140 3679 1194 τοῦτον

395 1243 591 1295 adesse
644 1242 974 1309 quantocius
1031 1240 1214 1307 jussit,
1259 1251 1316 1294 et
1359 1254 1547 1294 eorum
1595 1239 1817 1293 nomine
1867 1253 1969 1307 qua

2105 1243 2165 1305 ὓς
2200 1242 2365 1294 αὑτὸν
2408 1238 2699 1312 [κελεύει]
2739 1239 2834 1291 καὶ
2879 1238 3010 1308 περὶ
3057 1235 3166 1288 τῶν
3209 1233 3568 1303 ἡκουσμένων
3607 1231 3679 1294 ὡς

398 1335 540 1385 fama
579 1333 894 1402 vulgaverat
935 1347 1156 1387 causam
1215 1332 1418 1386 dicere.
1453 1330 1546 1385 Ille
1597 1330 1739 1384 velut
1766 1333 1832 1384 ad
1855 1345 1972 1400 epu-

2110 1337 2325 1405 τάχιστα
2345 1331 2746 1387 διευθύνεσθαι.
2779 1333 2875 1392 Ὃς
2900 1331 2993 1384 καὶ
3023 1329 3230 1396 παρῆν,
3248 1327 3322 1390 ὡς
3348 1328 3428 1388 εἱς
3453 1324 3684 1394 εὐωχίαν

395 1427 473 1479 Ias
507 1440 756 1489 vocatus,
808 1441 914 1480 non
951 1434 1010 1480 ut
1045 1441 1272 1480 oausam
1305 1425 1578 1479 obnoxius
1629 1425 1860 1485 diceret,
1893 1438 1969 1479 os‘

2111 1430 2150 1482 ιύ
2201 1429 2359 1500 δίκην
2413 1427 2768 1495 καλούμενος,
2821 1425 2914 1477 καὶ
2962 1423 3061 1492 τὴν
3115 1420 3284 1491 ἀκοὴν
3334 1418 3576 1473 ἐδείκνυε
3628 1416 3685 1482 ἐξ

394 1521 567 1574 tendit
598 1520 776 1587 palam
803 1521 887 1573 sic
916 1533 976 1573 se
1007 1535 1120 1573 rem
1147 1520 1366 1582 habere,
1397 1527 1560 1587 atque
1585 1517 1632 1571 is
1663 1517 1966 1571 iuaudierat

2111 1523 2333 1586 ὶπαντος
2380 1519 2774 1590 ἀληθεύουσαν.
2827 1516 2939 1570 Καὶ
2983 1513 3174 1584 ἐπειδὴ
3210 1511 3425 1584 βασιλεῖ
3455 1509 3522 1564 τὰ
3562 1513 3685 1577 περὶ

393 1611 472 1664 Ite
520 1611 574 1664 in
615 1612 759 1664 hunc
806 1611 1033 1665 modum
1076 1620 1228 1664 certo
1273 1608 1639 1677 deprehensa,
1691 1607 1967 1676 impcratoa

2112 1613 2258 1668 ιύτδν
2291 1613 2595 1683 κατάφωρα
2629 1609 2840 1678 γέγονε,
2870 1609 2966 1662 καὶ
2991 1607 3024 1676 ἡ
3057 1605 3154 1659 τοῦ
3185 1604 3382 1676 ἀνδρὸς
3406 1603 3686 1664 ἀνένδοτος

395 1721 520 1757 rum
573 1704 670 1758 viri
727 1704 1015 1758 oblirmata
1067 1703 1395 1767 constantia,
1453 1702 1601 1755 velut
1660 1701 1963 1755 fomentum

2110 1708 2342 1768 ἱνστασις
2360 1705 2457 1774 τὴν
2479 1703 2692 1756 ἐκείνου
2718 1701 3120 1771 ὑποσμύχουσα
3147 1697 3348 1768 ἐξῆπτε
3372 1695 3684 1757 κακόνοιαν,

399 1795 702 1862 nequitiam
757 1793 923 1846 animi
971 1793 1091 1863 ejus
1128 1794 1510 1855 succenderet,
1551 1792 1714 1846 minis
1751 1791 1973 1846 insoliti:

2116 1800 2344 1860 ιπειλαῖς
2404 1797 2691 1868 ἀδοκήτοις
2752 1798 2844 1848 καὶ
2907 1791 3164 1864 μάστιξιν
3222 1791 3299 1854 ώς
3357 1789 3690 1860 κατάκριτος

401 1893 668 1937 tentatum
703 1881 1052 1937 Theodorum
1101 1882 1424 1936 verberibus
1459 1896 1676 1950 quoque
1706 1897 1802 1935 ceu
1836 1897 1975 1935 reum

2116 1891 2457 1946 ιπεῦἀλλετο·
2495 1891 2572 1951 ὡς
2616 1888 2674 1941 δὲ
2730 1888 2806 1956 μὴ
2855 1882 3421 1955 καταμαλακισθέντα
3448 1883 3575 1945 ταῖς
3605 1881 3690 1933 αί-

396 1973 601 2030 ιιιιίιιρίι
640 1977 884 2042 :qnibus
916 1975 1055 2030 nihil
1103 1973 1406 2030 emollitmu
1459 1974 1734 2028 hominem
1785 1974 1970 2027 adver-

2117 1984 2239 2046 ιίαις
2271 1985 2299 2036 6
2327 1979 2565 2044 δικάζων
2600 1977 2900 2038 ὑπέϐλεπε,
2938 1973 3173 2045 καθῄρει
3217 1972 3318 2042 τῆς
3365 1970 3691 2043 περικειμέ-

399 2078 543 2131 tens,
579 2067 831 2138 penulam
865 2083 930 2122 ac
953 2064 1240 2137 dignitatis
1286 2065 1521 2136 insignia
1557 2065 1772 2129 adimit,
1803 2065 1973 2134 gravi-

2121 2093 2188 2147 ης
2213 2074 2440 2145 χλαίνης
2459 2074 2551 2125 καὶ
2573 2069 2752 2136 ἀξίας,
2777 2069 2874 2123 καὶ
2897 2067 3170 2138 ὑπερορίᾳ
3193 2064 3459 2127 ἐπιεικῶς
3480 2063 3692 2134 χαλεπῇ

397 2174 504 2228 que
535 2174 760 2228 prorsus
793 2159 989 2213 exsilio
1021 2161 1234 2212 multat.

898 2159 989 2213 ilio
1021 2161 1234 2212 multat.
2090 2166 2469 2228 κατεδίκαζεν.

469 2250 524 2304 6.
567 2249 946 2313 l‘ostmodum,
981 2249 1265 2318 aliquanto
1309 2247 1570 2317 temporis
1611 2261 1836 2302 emenso
1864 2262 1987 2316 spa-

2165 2257 2240 2324 ς’.
2295 2259 2405 2312 Καὶ
2437 2252 2556 2309 εἶτα
2592 2253 2800 2325 ’χρόνου
2848 2253 3008 2317 τινὸς.
3041 2251 3468 2311 διιππεύσαντος
3525 2246 3590 2301 ἐκ
3616 2246 3693 2317 (4)

401 2344 542 2409 tio,e
571 2343 846 2397 [’emolina
867 2342 997 2411 (hoc
1013 2341 1156 2396 enim
1177 2340 1251 2395 illi
1277 2351 1518 2396 castrum
1547 2341 1822 2396 addictum
1844 2341 1975 2395 exsi-

2121 2349 2407 2420 Ιημολίνης
2445 2347 2844 2418 μετάπεμπτον
2886 2344 3010 2413 ἄγει
3043 2341 3246 2415 (τοῦτο
3275 2342 3384 2411 γάρ
3417 2336 3490 2411 ἦν
3524 2355 3695 2392 κατα-

399 2438 498 2504 lio)
528 2436 716 2490 reduci
767 2435 968 2501 virum,
999 2436 1165 2503 inque
1196 2434 1344 2504 regia
1375 2449 1598 2489 rursum
1626 2434 1831 2488 versari
1855 2447 1973 2500 prae

2130 2441 2307 2510 ριθεις
2345 2439 2482 2512 πρὸς
2517 2438 2819 2508 φυγαδείαν
2851 2436 2910 2489 τδ
2940 2434 3274 2508 φρούριον),
3308 2433 3408 2486 καὶ
3451 2431 3563 2484 τῶν
3603 2429 3697 2500 βαρ

397 2528 582 2596 eepit;
635 2541 886 2597 sperans,
917 2539 972 2579 ut
1004 2536 1159 2597 puto,
1214 2527 1332 2580 dira
1376 2526 1624 2580 attritum
1667 2525 1971 2589 vexatione,

2129 2536 2309 2590 ιλείων
2341 2538 2475 2589 εἵσω
2505 2533 2762 2604 γενέσθαι
2797 2531 3137 2602 προσέταττε
3184 2524 3556 2599 τεθαρρηκὼς
3577 2565 3592 2587 ,
3623 2523 3698 2586 ὡς

401 2621 661 2676 didicisse
696 2621 839 2690 quod
877 2620 966 2674 ille
1004 2620 1122 2690 ipse
1155 2635 1336 2689 operae
1364 2620 1596 2690 pretium
1644 2633 1765 2673 esse
1794 2619 1975 2673 existi-

2123 2622 2339 2698 γῷμαι,
2382 2629 2446 2696 τῇ
2496 2625 2598 2694 τῆς
2637 2625 2940 2685 κακώσεως
2987 2619 3262 2690 αὐστηρία
3324 2615 3697 2689 μεταμαθεῖν,

399 2717 608 2770 tuabat.
650 2714 858 2768 Revera
899 2725 1081 2767 tamen
1118 2714 1414 2768 adamante
1465 2712 1666 2767 fortius
1715 2713 1973 2766 resisten-

2125 2740 2163 2787 ις
2197 2725 2406 2784 ἐκεῖνος
2429 2720 2489 2773 τὸ
2520 2718 2726 2787 ἀγαθὸν
2757 2715 3123 2780 ὑπετόπαζεν.
3162 2713 3420 2782 Ἑνέτυχε
3449 2711 3507 2762 δέ
3527 2709 3699 2772 ὅντως

401 2820 535 2871 tem,
581 2807 858 2876 minisque
891 2820 955 2860 ac
989 2807 1217 2860 audacia
1252 2806 1304 2860 in
1339 2821 1460 2858 eum
1493 2819 1590 2858 sua
1619 2803 1975 2873 superiorem,

2127 2813 2402 2882 δάμαντος
2448 2809 2588 2882 πρὸς
2636 2808 2962 2863 ἀντιτυπίαν
2997 2805 3388 2876 στερῤότερον,
3445 2803 3544 2855 καὶ
3587 2799 3701 2854 τῶν

399 2909 562 2969 atque
595 2901 664 2952 ad
701 2898 802 2952 alia
860 2911 1203 2966 quaecunque
1259 2896 1480 2950 duriora
1533 2895 1698 2947 animi
1751 2895 1834 2948 sui
1903 2894 1973 2946 iur

2130 2907 2334 2960 πειλῶν
2361 2903 2559 2958 ἐαυτοῦ
2590 2900 2803 2955 καὶτοῦ
2836 2900 3070 2972 θράσους
3103 2897 3404 2968 ἀνώτερον,
3434 2895 3537 2949 καὶ
3563 2893 3701 2966 πρὸς

402 3001 582 3052 reuta,
604 2990 648 3042 si
670 3003 755 3042 res
777 2986 968 3052 ferret,
988 2987 1308 3041 sustinenda
1333 2997 1584 3056 paratum
1606 2986 1832 3039 invenit.
1863 2985 1976 3040 “ABG

2126 3000 2322 3070 τέρας,
2356 3000 2404 3050 εἰ
2437 2997 2626 3066 τύχοι,
2675 2993 2990 3060 δεινοτέρας
3028 2990 3274 3052 ἐπινοίας
3311 2987 3700 3058 ἑτοιμότερον.

403 3096 638 3151 namque
681 3081 907 3134 incitato
955 3081 1140 3134 animo
1172 3079 1646 3148 persequebatur,
1679 3094 1742 3133 ac
1781 3078 1977 3136 Christi

2133 3093 2282 3147 ἀῦτα
2313 3092 2424 3163 γὰρ
2465 3090 2854 3162 προτροπάδην
2883 3087 3107 3139 ἐδίωκεν
3128 3125 3142 3147 ,
3173 3085 3266 3138 καὶ
3303 3082 3391 3136 διά
3424 3081 3540 3134 τῶν
3588 3096 3707 3132 στι·

401 3173 659 3228 exornari
707 3171 879 3242 plagis
912 3173 1094 3242 potius
1137 3171 1390 3233 ducebat,
1430 3186 1593 3240 quam
1626 3181 1682 3226 ιιι
1715 3169 1784 3225 ab
1809 3170 1975 3224 eccle-

2137 3187 2323 3257 μάτων
2349 3181 2592 3256 Χριστοῦ
2617 3181 2809 3236 ἑαυτὸν
2833 3177 3206 3243 καλλωπίζειν
3230 3175 3510 3239 ἐϐούλετο,
3545 3173 3580 3244 ἢ
3607 3172 3705 3240 τῆς

400 3265 628 3320 siastica
681 3266 800 3333 lege
851 3262 1264 3332 apostolicaque
1289 3278 1352 3314 ac
1385 3260 1607 3315 Patrum
1662 3262 1974 3325 traditione,

2133 3277 2564 3350 κκλησιαστικῆς
2613 3273 2978 3344 θεσμοθεσίας
3021 3268 3548 3344 διαμαρτήσεσθαι,
3606 3265 3707 3331 τῆς

399 3373 639 3428 congrue
691 3358 982 3410 admodum
1051 3354 1265 3422 rithue
1325 3353 1644 3418 sanciente,
1703 3354 1973 3409 Christuut

2135 3371 2334 3443 ζριστὸν
2376 3369 2468 3422 τὸν
2500 3367 2754 3436 ἀληθινὸν
2807 3366 2941 3419 Θεὸν
2989 3363 3147 3436 ήμῶν
3202 3359 3565 3428 ἀποστολικῷ
3610 3358 3709 3410 καὶ

399 3465 589 3504 verum
626 3449 794 3502 Deum
839 3457 1087 3502 nostrum
1133 3461 1194 3500 ea
1231 3446 1468 3512 ratione,
1517 3463 1627 3517 qua
1670 3448 1833 3502 homo
1877 3458 1973 3512 est,

2136 3460 2354 3533 ςατρικῷ
2399 3460 2513 3513 ἔθει
2561 3456 2707 3512 κατὰ
2747 3458 2809 3510 τὺ
2857 3455 3203 3527 ἀνθρώπινον
3251 3448 3710 3522 ἀναστηλοῦσθαι

401 3543 564 3612 pictis
599 3556 924 3611 expressum
961 3539 1238 3593 coloribus
1279 3539 1616 3594 adorandum
1647 3554 1790 3607 esse,
1829 3541 1975 3610 quid-

2136 3555 2192 3610 αἱ
2238 3551 2668 3625 προσκυνεῖσθαι
2706 3549 3118 3620 δικαιωσάσης,
3171 3545 3573 3614 εὐκαιρότατα.
3617 3543 3708 3604 Ὣς

400 3649 562 3703 quam
618 3634 922 3686 aberraret.
971 3631 1071 3686 Ubi
1129 3642 1312 3686 autem
1370 3632 1455 3685 vir
1507 3642 1734 3688 sanctus
1781 3647 1879 3687 ore
1921 3648 1974 3686 at

2145 3665 2152 3700 ι
2205 3646 2435 3717 στόματι
2473 3645 2572 3717 τὴν
2613 3642 2892 3713 σωτηρίαν
2928 3641 2957 3694 ὁ
3002 3640 3157 3708 ἀγιος
3203 3638 3569 3710 ὡμολόγησε,
3613 3635 3719 3687 καὶ

399 3729 630 3781 salutem
662 3725 948 3779 confessus
984 3733 1152 3788 esset,
1202 3740 1372 3794 seque
1405 3735 1638 3796 tyranno
1678 3726 1970 3781 adversant

2138 3742 2177 3804 Ξς
2217 3737 2511 3792 ἀντίπαλον
2557 3738 2755 3807 μοῖραν
2785 3733 2976 3787 ἑαυτὸν
3007 3732 3100 3785 τοῦ
3133 3729 3544 3803 τυραννοῦντος
3603 3728 3712 3780 ἀπ·

401 3821 543 3891 parti
590 3819 814 3874 studere
844 3819 1060 3872 abunde
1109 3817 1472 3884 declarasset,
1512 3819 1580 3873 ad
1607 3820 1712 3873 alia
1763 3827 1975 3874 vocatu:

2136 3847 2317 3902 κρινε·
2353 3828 2490 3899 πρὸς
2537 3828 2733 3898 ἑτέρας
2779 3825 2952 3879 ἐκίνει
2999 3823 3190 3877 τοῦτον
3224 3822 3484 3893 βασάνων
3535 3818 3710 3880 ἰδέας.

399 3926 483 3968 est
535 3921 931 3967 tormentorum
981 3925 1228 3980 genera:
1264 3910 1462 3980 quibus
1517 3911 1688 3966 animi
1751 3912 1973 3966 maxiuu

2135 3943 2172 3975 ιν
2201 3925 2303 3992 τὴν
2343 3922 2556 3992 πληγὴν
2590 3920 2835 3982 ὑποστὰς
2877 3919 2954 3981 ώς
2992 3917 3224 3989 μάλιστα
3259 3912 3709 3986 καρτερώτατα,

403 4008 600 4063 τουσι-θ
653 4003 1014 4074 perfunctus,
1073 4001 1312 4058 Nicmam
1359 4004 1412 4057 in
1453 4003 1706 4076 Bithynia
1756 4003 1977 4058 extorri:

2137 4014 2239 4069 ατὰ
2262 4013 2358 4084 τὴν
2376 4011 2628 4066 Βιθυνίδα
2651 4012 2742 4064 ὑπ’
2769 4009 2936 4064 αὐτοῦ
2959 4006 3412 4077 ἐξοστρακίζεται
3437 4003 3711 4064 Νίκαιαν,

401 4097 639 4164 ejicitur.
671 4096 791 4162 Quo
818 4095 872 4148 in
909 4094 1050 4155 loco,
1082 4093 1230 4163 quod
1257 4103 1376 4148 erat
1405 4093 1672 4162 reliqumu
1707 4094 1830 4148 vitae
1856 4103 1975 4148 tem-

2138 4126 2156 4162 ν
2239 4107 2298 4161 τὸ
2325 4106 2418 4159 τοῦ
2449 4105 2564 4176 βίου
2599 4103 2883 4157 ἐπίλοιπον
2915 4100 3183 4164 θεοσεϐῶς
3211 4094 3712 4168 ἐμπολιτευσάμε-

403 4206 530 4259 pus,
565 4191 826 4260 religiose
871 4198 1145 4256 versatus,
1186 4204 1250 4242 ac
1286 4188 1442 4243 fortis
1497 4188 1666 4241 animi
1702 4188 1755 4242 in
1791 4187 1977 4242 tuenda

2141 4219 2208 4264 3;.
2245 4201 2339 4254 καὶ
2369 4200 2504 4251 πᾶσι
2534 4197 2708 4250 τύπον
2733 4195 2857 4258 δοὺς
2890 4193 2988 4263 τῆς
3013 4191 3143 4263 περὶ
3171 4190 3268 4261 τὴν
3296 4187 3481 4260 ἀληθῆ
3517 4186 3715 4240 πίστιν

403 4299 529 4338 vera
558 4282 662 4337 ﬁde
690 4296 880 4336 norma
905 4279 1135 4336 eﬂectus
1165 4281 1460 4345 universis,
1494 4282 1560 4334 ad
1594 4282 1812 4334 beatam
1841 4280 1977 4334 illan

2141 4293 2434 4354 ιστάσεως,
2482 4289 2616 4360 πρὸς
2663 4288 2761 4360 τὴν
2808 4288 2992 4340 ἐκεῖσε
3027 4282 3180 4357 λῆξιν
3227 4283 3324 4337 καὶ
3363 4280 3715 4353 μακραίωνα

402 4375 646 4446 requiem
696 4373 1103 4443 commigravit,
1142 4373 1423 4442 vitamque
1468 4371 1521 4426 in
1577 4371 1738 4442 longa
1786 4371 1976 4426 sarcula

2145 4385 2438 4451 ετετάξατο
2473 4383 2683 4453 βίωσιν,
2716 4381 2785 4433 τά
2820 4379 2959 4450 γέρα
2988 4378 3096 4432 τῶν
3147 4376 3506 4448 πονηθέντων
3541 4377 3603 4428 ἐν
3644 4376 3716 4445 τῇ

401 4458 756 4538 productam,
830 4465 1076 4520 laborum
1136 4466 1358 4534 praemia
1433 4473 1544 4518 tum
1633 4475 1954 4534 recepturus

1739 4475 1954 4534 arturus
1977 4504 1992 4532 υ
2029 4444 2071 4498 D
2101 4444 2208 4529 τῶν
2241 4444 2588 4548 βεύιωμένων
2623 4444 2912 4542 διαγνώσει
2945 4444 3313 4541 ληψόμενος.”

400 4576 524 4615 eum
565 4575 662 4630 per
696 4560 819 4615 vitae
859 4558 1243 4628 compendium
1297 4568 1447 4627 gesta
1483 4556 1900 4624 iudicabuntur.

475 4654 527 4707 7.
559 4653 690 4719 Qua:
715 4661 894 4706 autem
928 4665 996 4705 ex
1023 4650 1223 4704 divinae
1251 4649 1391 4720 legis
1422 4651 1743 4720 praescripto
1773 4651 1846 4704 illi
1871 4664 1996 4705 con-

2172 4654 2237 4720 ζ’.
2281 4654 2344 4707 Ἠ
2372 4653 2428 4707 δὲ
2456 4653 2606 4724 νόμῳ
2635 4652 2767 4724 θείῳ
2796 4652 2975 4722 τούτῳ
3011 4648 3471 4720 προσομιλήσασα
3506 4645 3719 4700 σύνευ-

394 4745 494 4814 jux
529 4746 858 4809 adh-arserat,
909 4752 966 4796 ut
1014 4756 1135 4812 quae
1195 4742 1476 4808 religiosa,
1527 4741 1735 4812 Deique
1779 4758 1844 4797 ac
1889 4743 1968 4795 rir

2145 4767 2209 4812 ›ς,
2255 4748 2350 4802 are
2395 4746 2644 4815 φιλόθεος
2678 4745 3066 4816 ἀποδειχθεῖσα
3116 4742 3211 4795 καὶ
3258 4738 3604 4809 φίλανδρος,
3658 4740 3719 4791 ἐν

399 4853 594 4892 amans
625 4839 920 4893 exsisteret
952 4837 1004 4890 In
1034 4837 1272 4902 cunctis,
1313 4836 1571 4890 maritum
1605 4843 1790 4890 secuta
1824 4845 1908 4890 est
1937 4836 1973 4890 ir

2142 4843 2235 4893 ἄσι
2259 4839 2337 4910 τῷ
2371 4838 2592 4908 συζύγῳ
2629 4838 2917 4891 συνείπετο
2949 4877 2962 4898 ,
3004 4837 3060 4888 ἐν
3092 4832 3379 4897 κινδύνοις,
3414 4831 3480 4884 ἐν
3528 4832 3715 4902 ὑπερ-

400 4929 685 4998 periculls,
735 4931 791 4984 iu
841 4929 1070 4992 exsiliis,
1121 4929 1174 4983 in
1217 4929 1504 4993 arumnis,
1550 4928 1862 4998 iujustitiae
1910 4929 1965 4998 (u

2147 4933 2296 4996 >ίαις,
2321 4933 2379 4983 ὲν
2396 4932 2662 5000 θλίψεσιν,
2693 4933 2749 4983 ἐν
2771 4933 2883 4993 τοῖς
2910 4928 3011 4998 τῆς
3036 4925 3408 4994 δικαιοσύνης,
3433 4923 3596 4978 κατά
3622 4923 3721 4975 τὸν

397 5023 692 5094 Apostolus
729 5023 971 5093 loquitur
1007 5024 1049 5096 ³)
1085 5023 1296 5078 dextris
1325 5035 1490 5092 atque
1525 5021 1810 5087 sinistris;
1843 5022 1971 5077 scili

2148 5027 2242 5076 εῖον
2281 5023 2637 5086 Ἀπόστολον,
2667 5022 2862 5089 δεξιοῖς
2904 5021 3000 5075 καὶ
3045 5021 3391 5092 ἀριστεροῖς,
3425 5017 3722 5090 λυπηροῖς

398 5128 487 5171 cet
519 5117 572 5169 in
609 5117 858 5171 tristibus
901 5132 1056 5185 aeque
1104 5132 1168 5171 ac
1221 5117 1273 5170 iu
1339 5116 1496 5171 lmtis.
1529 5115 1661 5170 Cum
1695 5115 1841 5171 enim
1895 5131 1972 5185 pa!

2145 5133 2181 5176 ε,
2213 5118 2386 5186 φημὶ,
2417 5117 2512 5170 καὶ
2545 5120 2656 5180 τοῖς
2689 5116 2893 5187 ᾑδέσιν.
2926 5114 3174 5184 Ξυνωρὶς
3205 5114 3314 5182 γὰρ
3345 5112 3515 5175 ὄντες
3568 5113 3719 5181 πρὸς

399 5209 672 5280 quoddam
711 5219 896 5265 essent
921 5210 988 5263 ad
1015 5210 1227 5278 potiora
1253 5218 1418 5278 atque
1445 5209 1510 5262 ad
1545 5208 1763 5262 virtutis
1787 5222 1973 5278 agone:

2151 5228 2163 5261 ι
2213 5209 2450 5280 κρείττω
2500 5209 2733 5272 ἑαυτοὺς
2785 5206 3240 5278 παραθήγοντες,
3277 5205 3374 5273 οὐχ
3404 5198 3591 5275 ἦττον
3641 5207 3725 5274 τῷ

402 5316 525 5356 sese
558 5302 927 5369 iucitautium,
967 5319 1071 5356 non
1127 5302 1308 5356 minus
1349 5301 1546 5370 spiritu
1583 5316 1748 5370 quam
1793 5316 1976 5371 corpo-

2149 5303 2369 5374 νεύματι
2404 5304 2844 5375 συνεκράθησαν,
2881 5303 2914 5374 ἢ
2950 5305 3016 5356 τὰ
3058 5301 3309 5373 σώματα.
3364 5298 3526 5371 Αὕτη
3571 5303 3723 5370 μετὰ

475 5459 495 5492 ³
519 5457 564 5514 ιι
585 5459 710 5515 Cor.
742 5477 817 5526 VI,
841 5463 892 5516 7.

475 5574 553 5648 (4)
589 5575 814 5649 Videtur
850 5579 940 5633 hic
983 5579 1256 5648 designari
1309 5577 1678 5649 Πημόλισσα,
1702 5574 1986 5649 castellum

2150 5576 2381 5649 lt‘pllutto
2415 5585 2486 5649 et
2517 5575 2776 5630 Straboni
2824 5575 3113 5646 Πιμωλίσα
3135 5617 3148 5642 ,
3182 5584 3234 5630 et
3275 5574 3421 5645 regio
3455 5573 3724 5630 circum-

402 5645 758 5720 Capl'aducize
795 5648 949 5717 juxta
996 5645 1185 5720 llalf'm
1215 5645 1435 5703 ﬂuvium
1469 5651 1610 5718 apud
1641 5646 1984 5710 Ccdreuutu;
2093 5647 2282 5717 jaceus
2312 5645 2690 5717 Πιμωλισηνή.
