3986 6438
400 484 474 552 ει
1393 493 1452 553 s.
1495 495 1918 560 NICEPHORI
1956 501 2466 565 eammeam
2504 506 2613 567 cr.
3602 490 3672 579 δὲ

401 600 667 666 possidet,
717 600 1130 673 incorruptione
1174 606 1412 662 donatur
1461 617 1629 681 atque
1676 613 1981 682 angelicam

2108 618 2289 689 ιρετὴν
2315 618 2682 688 καταγώγιον,
2711 620 2780 689 ἢν
2808 620 2839 673 ό
2875 620 3222 692 κτησάμενος
3253 620 3671 693 ἀφθαρτίζεται.

396 692 624 769 vivendi
653 696 917 750 rationem
950 696 1323 767 amplectitur.
1354 697 1507 756 Hanc
1535 701 1705 771 igitur
1727 707 1983 763 comitem

407 782 722 856 sociamque
754 800 1070 855 magnarum
1096 787 1183 842 ille
1213 804 1393 845 rerum
1425 793 1740 863 negotiator
1770 805 1985 864 nactus,

400 871 772 942 jautqnenlim
794 891 956 946 supra
981 894 1142 949 quam
1169 881 1262 935 alii
1301 881 1512 953 lapillos
1560 882 1732 954 Ophir
1764 886 1989 943 Serum-

404 981 512 1035 que
545 967 632 1022 fila
661 969 832 1039 pluris
883 970 1113 1040 faciens,
1148 973 1214 1026 ad
1250 988 1473 1038 novum,
1509 976 1589 1031 uti
1629 977 1833 1033 dictum
1879 989 1987 1046 est,

407 1058 714 1115 Carmelntn
742 1064 952 1119 secedit
983 1083 997 1120 :
1036 1064 1299 1134 ejusmodi
1335 1067 1571 1135 scilicet,
1597 1070 1689 1140 qui
1726 1071 1832 1126 situ
1869 1072 1989 1141 ipso

408 1149 622 1221 locique
641 1152 962 1210 difficultate
984 1154 1228 1211 deforme
1257 1157 1385 1226 quid
1410 1158 1715 1227 praeferret,
1746 1163 1989 1220 inacces-

409 1258 579 1310 soque
613 1254 663 1297 et
690 1246 862 1300 arduo
898 1248 1099 1303 montis
1125 1249 1348 1306 acclivis
1375 1251 1581 1309 vertice
1613 1254 1703 1307 vix
1740 1253 1988 1325 frugibus

411 1334 536 1388 ullis
566 1346 712 1393 esset
751 1350 976 1410 propter
1009 1341 1356 1398 sterilitatem
1388 1343 1640 1411 idoneus,
1672 1361 1990 1416 summaque

408 1427 657 1485 siccitate
689 1445 755 1487 ac
793 1433 1021 1502 penuria
1054 1449 1317 1505 aquarum
1347 1435 1645 1505 laboraret,
1688 1453 1824 1508 quas
1856 1454 1989 1497 cou-

408 1518 530 1573 velti
558 1535 624 1576 eo
651 1533 967 1592 oporteret;
1006 1541 1130 1582 cum
1166 1526 1285 1597 ipso
1336 1528 1480 1597 quod
1534 1541 1601 1583 ex
1636 1529 1875 1584 nubibus
1906 1539 1991 1584 est

411 1612 748 1680 irrigatiouis
787 1619 1073 1674 commodo
1107 1630 1325 1676 careret
1355 1623 1427 1676 ob
1459 1622 1561 1679 loci
1596 1622 1988 1678 declivitatem.

482 1702 571 1757 15.
613 1702 814 1759 Verum
858 1708 988 1776 quid
1041 1708 1238 1763 attinet
1288 1710 1388 1765 soli
1424 1710 1684 1766 duritiem
1744 1710 1992 1779 situsque

412 1792 754 1849 incommoda
778 1795 1012 1863 proferri
1038 1798 1307 1869 pluribus,
1342 1814 1462 1854 cum
1487 1800 1680 1869 possit,
1708 1800 1752 1855 si
1780 1800 1903 1870 quis
1925 1814 1992 1855 eo

411 1887 729 1953 accesserit,
769 1887 873 1942 loci
905 1889 1139 1945 indolem
1163 1890 1366 1946 clarius
1397 1906 1726 1962 cognoscere
1750 1903 1805 1947 et
1824 1906 1989 1962 supra

411 1992 631 2034 omnem
688 1981 955 2037 orationis
995 1981 1104 2036 vim
1148 1982 1282 2053 ipsis
1317 1983 1492 2038 oculis
1521 1986 1794 2042 aestimare
1831 1997 1995 2056 atque
2025 1976 2068 2033 Β

412 2071 721 2142 conjicere,
765 2072 944 2143 qualis
976 2088 1043 2128 ex
1090 2074 1235 2144 quali
1267 2074 1335 2130 ab
1365 2090 1431 2132 eo
1467 2086 1711 2146 tempore
1752 2089 1993 2134 mutatus

414 2162 509 2220 sit.
538 2163 748 2219 Etenim
788 2165 938 2220 velut
964 2182 1183 2223 exesam
1226 2183 1632 2240 pannosamque
1667 2180 1894 2236 vestem,
1932 2172 2015 2227 ειν

409 2255 525 2311 lum
561 2255 660 2311 soli
698 2258 982 2314 horrorem
1014 2259 1388 2332 ineuitamque
1408 2263 1649 2332 speciem
1677 2278 1912 2329 exuens,
1939 2273 1995 2319 et

416 2345 699 2402 fertilitate
719 2348 892 2420 gleba
914 2350 1221 2407 sterilitatis
1248 2353 1663 2423 appellationem
1684 2354 1992 2427 deponens;

414 2438 509 2507 qui
542 2451 670 2496 ante
707 2450 828 2495 erat
860 2441 1067 2508 aridus,
1098 2445 1305 2501 cmlesti
1337 2446 1510 2502 imbre
1548 2463 1648 2518 per
1686 2458 1844 2503 terrae
1878 2448 1994 2502 hia-

416 2542 503 2587 tus
537 2547 815 2604 venasque
843 2549 965 2590 sese
999 2536 1234 2593 invicem
1279 2540 1471 2595 subtus
1505 2542 1842 2611 excipientes
1869 2543 1995 2596 irri-

414 2624 529 2691 gari
563 2626 751 2695 ctrpit,
784 2635 838 2682 et
866 2626 1175 2685 alternante
1205 2630 1454 2687 ubertate
1483 2633 1702 2703 pinguis
1746 2632 1994 2697 effectus,

414 2713 626 2768 Alcinoi
658 2718 835 2771 aulam
872 2733 1203 2789 aureamque
1228 2719 1426 2777 Xerxis
1450 2724 1729 2794 platanum
1763 2726 1997 2781 delecta-

416 2809 509 2863 bili
546 2820 766 2876 aspecttt
803 2820 1014 2866 tantum
1053 2814 1352 2883 superavit,
1386 2827 1651 2886 quantum
1683 2819 1887 2873 veritas
1923 2817 1996 2872 fa-

414 2898 626 2956 bulosis
652 2901 980 2956 commentis
1010 2903 1328 2971 speciosior,
1366 2904 1696 2974 maiorisque
1711 2922 1873 2976 quam
1906 2907 1996 2962 illa

415 2991 722 3046 honestatis
751 2992 991 3049 exsistit.
1028 2993 1326 3066 Martyrum
1366 3011 1531 3064 porro
1561 3008 1810 3053 sacratus
1842 2999 1998 3053 delu-

413 3081 557 3148 bris,
599 3084 652 3137 in
688 3068 884 3154 quibus
916 3100 1060 3141 saeva
1094 3086 1305 3142 illorum
1342 3090 1645 3145 certamina
1680 3091 1831 3144 vario
1864 3080 1996 3145 artis

330 3228 335 3233 .
414 3184 609 3230 ornatu
653 3175 963 3232 luculenter
995 3177 1399 3248 exprimuntur,
1442 3183 1754 3250 paradisum
1789 3181 1907 3248 Dei,
1941 3194 1999 3238 ttt

414 3279 538 3320 eum
589 3265 872 3337 Scriptura
906 3266 1122 3337 loquar,
1175 3269 1505 3338 perpulchre
1564 3271 1833 3325 imitatur.
1871 3269 1998 3339 Ejus

413 3360 559 3414 enim
595 3358 661 3412 ad
694 3359 814 3413 vita:
851 3371 1219 3415 commentum
1262 3359 1669 3425 sufficientiam,
1706 3371 1998 3431 aptamque

414 3451 697 3508 detnicilio
718 3453 1193 3521 compositionem,
1230 3453 1352 3523 quis
1381 3452 1544 3507 etiam
1569 3463 1858 3523 antequam
1897 3468 1995 3507 cx-

418 3555 610 3615 pertus
631 3544 795 3599 fuerit
814 3560 920 3600 non
944 3545 1216 3601 miretur?
1238 3545 1530 3601 Sacrorum
1554 3547 1735 3617 itaque
1758 3547 1996 3601 virorum

419 3636 815 3692 monasterium
852 3634 926 3708 (fr)
973 3651 1094 3693 esse
1124 3638 1386 3702 decrevit,
1418 3638 1508 3708 qui
1555 3639 1794 3695 assiduis
1829 3637 1996 3694 Deum

419 3726 672 3784 laudibus
696 3729 964 3795 colerent,
998 3731 1197 3799 quibus
1227 3739 1282 3786 et
1313 3732 1428 3800 ipse
1448 3732 1562 3802 jngi
1605 3731 1810 3800 junctis
1836 3732 1998 3788 colle.

419 3817 531 3890 gio,
563 3817 653 3873 ditt
683 3828 957 3890 noctuque
980 3818 1231 3889 precibus
1252 3833 1318 3874 ac
1336 3820 1510 3874 sacris
1529 3821 1762 3875 canticis
1777 3834 1998 3885 vacans,

419 3912 747 3981 optimaque
766 3912 1113 3967 abstinentiae
1139 3912 1300 3966 modo
1327 3925 1446 3966 sese
1464 3911 1770 3980 obiectans,
1794 3910 1998 3968 divinis

423 4003 750 4059 lectionibus
781 4018 851 4059 ac'
891 4002 1201 4074 disciplinis
1230 4003 1472 4058 animum
1506 4003 1818 4059 adhibebat.
1849 4001 1999 4060 Meu-

2089 709 2186 763 καὶ
2217 710 2318 781 τὴν
2361 710 2473 763 τῶν
2509 709 2763 779 ἀγγέλων
2815 709 3128 775 ἀσπάζεται
3176 711 3414 767 δίαιταν.
3457 711 3674 785 Ταύτην

2087 795 2183 854 οὖν
2211 793 2556 872 συνέμπορον
2585 802 2614 855 ό
2662 799 3086 872 μεγαλέμπορος
3115 795 3271 864 οὗτος
3304 803 3672 873 κτησάμενος,

2088 891 2186 945 καὶ
2217 893 2463 961 στέργων
2510 892 2576 944 ἐκ
2605 890 2840 956 πολλῶν,
2885 888 3073 961 [πλέον
3103 888 3163 962 ἢ]
3199 889 3308 943 τῶν
3345 892 3411 944 ἐκ
3456 891 3677 963 Σουφάρ

2089 981 2255 1036 λίθων
2289 984 2383 1035 καὶ
2411 982 2603 1054 Σηρῶν
2642 982 2902 1053 νημάτων
2949 982 3152 1055 ἕτεροι,
3187 985 3281 1036 ἐπὶ
3323 983 3438 1047 τὸν,
3484 983 3561 1047 ὡς
3599 981 3677 1037 εἰ·

2092 1092 2278 1147 ρηται,
2297 1075 2417 1130 νέον
2444 1073 2748 1146 Κάρμηλον
2779 1074 3238 1145 ίετοοτραχύτητι
3272 1075 3371 1145 μὲν
3410 1076 3506 1129 καὶ
3545 1076 3674 1129 δυσ-

2089 1170 2267 1242 χωρίᾳ
2301 1169 2364 1224 τδ
2386 1168 2622 1233 ἀκαλλὲς
2667 1167 3209 1241 ἐνδεικνύμενον,τῷ
3238 1168 3459 1223 ἀνάντει
3488 1167 3547 1222 δι
3575 1168 3678 1240 τῆς

2090 1261 2406 1335 ἀκρωρείας
2458 1263 2664 1333 πολλὴν
2703 1262 2843 1333 πρὸς
2886 1262 3264 1333 καρπογονίαν
3302 1260 3709 1339 ὑποφαίνοντα-

2094 1356 2419 1428 στείρωσιν,
2494 1352 2815 1426 πολυδίψιον
2844 1372 2908 1408 τε
2940 1355 3037 1409 καί⁸
3080 1355 3348 1423 ἄτεγκτον
3387 1353 3485 1407 καὶ
3520 1353 3570 1405 εἱ
3603 1351 3680 1423 μὴ

2091 1446 2353 1518 φορητὸν.
2377 1447 2551 1517 αὐτῆς
2578 1445 2680 1518 τῆς
2702 1449 2767 1501 ὲκ
2791 1446 2973 1514 νεφῶν
2994 1446 3261 1517 ἐπιρροῆς
3279 1445 3366 1499 διὰ
3393 1446 3454 1498 τὸ
3474 1440 3683 1517 πρανὲς

2095 1541 2539 1613 στερισκόμενον.

2166 1726 2257 1789 ιγ’.
2288 1720 2402 1775 Καὶ
2432 1720 2485 1774 τί
2513 1721 2596 1775 δεῖ
2639 1721 2701 1775 τὸ
2744 1720 3043 1784 ἀντιτυπὲς
3077 1716 3175 1773 τοῦ
3205 1716 3387 1789 χώρου
3417 1716 3513 1770 καὶ
3545 1713 3685 1789 πρὸς

2094 1812 2299 1877 θέσεως
2323 1814 2615 1885 εὐμοιρίαν
2640 1813 2963 1885 ἀσύμφορον
2989 1811 3227 1866 ἐπιπολὺ
3260 1810 3339 1881 τῷ
3363 1808 3508 1879 λόγῳ
3533 1807 3688 1861 ἔνδα-

2092 1904 2446 1975 ψιλεύεσθαι,
2494 1904 2616 1958 ὲνδν
2651 1905 2831 1957 ἐκεῖσε
2880 1902 3179 1975 γενόμενον
3223 1900 3316 1955 τδν
3364 1899 3688 1971 βουλόμενον

2101 1994 2210 2067 πρὸ
2245 1993 2342 2048 τοῦ
2382 1993 2545 2063 λόγου
2579 1995 2648 2049 τὰ
2685 1993 2780 2048 τοῦ
2812 1993 2981 2048 τόπου
3012 1992 3279 2066 γνωρίσαι
3300 2032 3315 2056 ,
3348 1990 3441 2045 καί⁵
3477 1988 3689 2059 τεκμή-

2103 2086 2304 2156 ρασθαι
2351 2080 2461 2149 οἷος
2501 2080 2571 2157 ἦν
2617 2086 2712 2139 καὶ
2755 2079 2868 2149 οἷος
2907 2088 2972 2140 ἐκ
3003 2084 3197 2138 τούτου
3236 2082 3565 2153 γεγένηταις
3597 2078 3689 2141 Ὦς

2101 2176 2212 2249 γὰρ
2249 2177 2537 2247 διεφθορὸς
2565 2177 2660 2231 καὶ
2691 2176 2937 2248 ρακῶδες
2979 2175 3195 2247 ἱμάτιον
3231 2172 3691 2242 ἀπεκδυσάμενος

2101 2270 2162 2324 τὸ
2186 2268 2507 2340 ἀγροικικδν
2538 2268 2633 2323 καὶ
2662 2270 2962 2339 ἀνήμερον,
2999 2268 3096 2321 καὶ
3127 2267 3191 2321 τὸ
3219 2266 3447 2335 γόνιμον
3474 2276 3694 2334 χρημα-

2100 2361 2250 2414 τίσαι
2276 2360 2337 2412 τὸ
2359 2360 2609 2429 ἄκαρπον
2635 2358 2994 2428 διωσάμενος,
3022 2358 3079 2411 τό
3099 2372 3161 2410 τε
3190 2355 3443 2426 διψαλέον
3461 2357 3528 2425 τῇ
3554 2354 3689 2406 dvas-

2102 2450 2194 2503 θεν
2221 2449 2500 2520 ἐπομϐρία
2520 2488 2534 2513 ,
2563 2448 2652 2502 διὰ
2682 2447 2979 2518 σηράγγων
3008 2448 3432 2518 ὑποτρεχόντων
3461 2442 3694 2513 δεξαμε-

2101 2542 2197 2606 νὰς
2225 2544 2290 2595 ἑκ
2313 2540 2627 2611 δεξαμενῶν
2666 2540 2986 2611 ἀλληλούχῳ
3015 2539 3272 2609 δαψιλείᾳ
3299 2536 3651 2606 πιαινόμενος
3670 2572 3687 2596 ,

2102 2633 2199 2702 τῆς
2224 2631 2504 2685 Ἀλκινόου
2530 2629 2700 2698 αὐλῆς
2724 2628 2939 2698 καὶτῆς
2961 2631 3171 2699 χρυσῆς
3193 2624 3396 2696 Ξέρξου
3417 2623 3691 2678 πλατάνου

2101 2723 2162 2775 τὸ
2192 2721 2426 2793 τερπνὸν
2454 2721 2790 2790 ὑπερήλατο,
2833 2718 3031 2774 ὁπόσον
3068 2716 3314 2789 μυθικῶν
3350 2714 3693 2784 πλασμάτωδ

2105 2814 2430 2884 σεμνότερόν
2470 2814 2620 2865 ἐστιν
2642 2812 2890 2883 ἀλήθεια.
2917 2811 3112 2880 Σηκοῐς
3132 2825 3194 2861 τε
3232 2806 3527 2879 μαρτύρων
3556 2803 3695 2859 καθ-

2103 2905 2405 2975 αγιασθεὶς,
2423 2907 2531 2968 τοῖς
2548 2905 2757 2958 τούτων
2786 2906 2951 2975 ἱεροῖς
2973 2901 3206 2964 ἐντελῶς
3232 2898 3696 2955 διαποικιλθεῖσιν

2104 2998 2413 3068 ἀθλήμασιν
2438 2997 2530 3050 τὸν
2562 2997 2654 3049 τοῦ
2683 2994 2843 3059 Θεοῦ,
2876 2994 3018 3048 κατά
3047 2994 3108 3046 τὸ
3136 2993 3336 3061 λόγιον,
3364 2991 3695 3061 ὲκμιμεῖται

2104 3090 2456 3161 παράδεισον.
2503 3089 2579 3142 Τὸ
2609 3088 2720 3158 γὰρ
2764 3088 2867 3158 τῆς
2906 3086 3123 3155 διαίτης
3154 3085 3381 3156 διαρκὲς
3426 3081 3699 3152 καὶπρὸς

2103 3180 2319 3251 οἴκησιν
2356 3179 2676 3250 ἀμφιδέξιον
2730 3178 2813 3242 τίς
2849 3178 2951 3231 ούικ
2989 3175 3057 3230 ἂν
3091 3177 3187 3230 καὶ⁵
3229 3164 3336 3246 πρὸ
3362 3175 3462 3245 τῆς
3493 3174 3701 3243 πείρας

2105 3270 2413 3340 ἀγάσαιτο;
2473 3268 2778 3341 Τοιγαροῦν
2828 3268 3078 3337 σεμνεϊον
3122 3264 3285 3337 ἱερῶν
3338 3261 3549 3333 ἀνδρῶν
3597 3259 3701 3313 τὸν

2101 3361 2280 3432 χῶρον
2308 3362 2549 3430 διώρισε,
2589 3361 2726 3431 πρὸς
2754 3359 2988 3430 ἄληκτον
3016 3355 3343 3427 ὑμνολογίαν
3367 3353 3462 3408 τοῦ
3492 3350 3703 3424 Κρείτο

2100 3469 2253 3516 τονος
2275 3496 2286 3512 ,
2321 3452 2440 3522 μεθ’
2471 3446 2546 3505 ὧν
2572 3455 2664 3506 καὶ
2695 3452 2858 3514 αὐτὸς
2887 3448 3226 3511 ἀδιαστάτως
3253 3445 3471 3515 νύκτωρ
3504 3459 3564 3496 τε
3594 3440 3705 3496 καὶ.

2110 3544 2228 3616 μεθ’
2259 3545 2474 3616 ἡμέραν
2502 3546 2624 3607 ταῖς
2647 3543 2931 3604 εὐκτικαϊς
2956 3541 3000 3593 is
3012 3539 3286 3611 ρολογίαις
3311 3533 3702 3605 ὲγκιιρτερῶν⁹

2106 3638 2201 3690 καὶ
2227 3636 2304 3706 τῷ
2332 3635 2540 3707 ἀρίστῳ
2574 3635 2759 3705 μέτρῳ
2789 3633 2887 3703 τῆς
2919 3631 3250 3700 ἐγκρατείας
3274 3624 3699 3695 κατεντρυφῶν,

2106 3731 2172 3800 τῇ
2197 3727 2501 3796 ἀναγνώσει
2520 3726 2628 3779 τῶν
2652 3727 2814 3779 θείων
2835 3725 3095 3797 προσεῖχε
3125 3724 3221 3775 καὶ
3242 3724 3355 3782 τοῖς
3381 3718 3709 3790 μαθήμασι,

2119 3820 2404 3894 τράπεζαν
2439 3819 2539 3892 μὲν
2569 3817 2946 3890 Συρακουσίαν
2967 3814 3063 3869 καὶ
3095 3814 3289 3883 μέχρις
3318 3808 3493 3877 αὐτῆς
3520 3804 3709 3872 ἀκοῆς

2107 3914 2454 3981 εἰσδέξασθαι
2477 3909 2942 3984 παραιτούμενος,
2974 3909 3042 3979 τῇ
3068 3905 3123 3959 δὲ
3148 3899 3534 3973 συγκρατούσῃ

2106 4000 2256 4081 ζωὴν
2290 4006 2598 4078 αὐταρκείᾳ
2635 4004 2994 4075 τρεφόμενος.

423 4114 537 4155 sam
568 4114 698 4154 vero
749 4099 1149 4172 Syracusanam
1207 4113 1273 4154 ac
1324 4098 1559 4169 dapibus
1611 4098 1898 4154 lautiorem
1972 4117 2041 4157 ne
2112 4106 2280 4159 verbo
2338 4103 2558 4173 quidem
2623 4101 2813 4155 audire
2858 4096 3210 4171 sustinebat;
3271 4092 3339 4147 iis
3397 4088 3709 4156 alimentis.

423 4211 544 4265 quae
597 4195 723 4250 vitae
773 4205 1050 4264 utcunque
1097 4195 1467 4250 suStentanda:
1516 4204 1719 4261 essent,
1756 4199 1974 4266 parcius
2005 4207 2185 4255 utens.

496 4290 585 4346 M.
627 4289 921 4359 Postquam
956 4304 1085 4345 vero
1120 4304 1397 4344 sacrarum
1439 4289 1819 4359 diciplinarttm
1850 4307 2006 4347 men-

426 4386 504 4440 tio
535 4384 749 4448 iucidit,
786 4385 925 4439 ltattd
965 4384 1242 4454 ingratum
1276 4392 1368 4438 aut
1400 4384 1468 4439 ab
1500 4384 1751 4440 instituto
1776 4385 2007 4440 alienum

425 4484 610 4545 putem
645 4485 848 4546 quanta
884 4476 989 4531 viri
1017 4477 1069 4529 in
1099 4477 1182 4532 eis
1208 4476 1491 4547 diligentia
1516 4486 1664 4533 esset
1685 4486 1849 4547 atque
1872 4493 2011 4547 prae-

428 4567 634 4622 stantia
672 4568 1011 4623 meminisse.
1047 4568 1128 4622 Ad
1158 4568 1468 4624 divinarum
1500 4570 1643 4624 enim
1693 4569 2010 4639 Scriptura-

2190 4293 2272 4348 ιδ’.
2316 4282 2676 4362 Ἀλλ”ὲπειδὴ
2712 4288 3056 4360 μαθημάτων
3081 4282 3495 4357 ὲμνήσθην,οὑκ
3527 4276 3715 4348 ἄχαρι

2115 4385 2240 4439 οὔτε
2269 4384 2374 4456 μὴν
2411 4383 2686 4455 παρέλκον
2718 4381 2956 4451 ἡγοῦμαι
2984 4378 3080 4432 καὶ
3110 4377 3207 4446 τῆς
3248 4376 3379 4445 περὶ
3403 4370 3577 4426 ταῦτα
3601 4366 3716 4422 τοῦ

2118 4479 2311 4550 ἀνδρὸς
2349 4475 2757 4546 ἐπιμνησθῆναι
2796 4470 3090 4542 ἀκριὸείας
3130 4484 3191 4521 τε
3240 4468 3335 4520 καὶ
3373 4463 3713 4535 ἀκρότητος.

2121 4573 2266 4642 Πρδς
2292 4568 2401 4640 γὰρ
2423 4571 2489 4639 τῇ
2522 4566 2629 4620 τῶν
2655 4566 2815 4619 θείων
2843 4562 3041 4633 λογίων
3066 4559 3266 4632 μελέτῃ
3293 4557 3388 4611 καὶ
3413 4556 3510 4626 τῆς
3534 4552 3718 4623 θύρα.-

431 4672 550 4712 rum
586 4658 991 4714 meditationem
1021 4659 1305 4715 saecularis
1337 4661 1660 4717 litteratum
1687 4663 1999 4731 compendia

2121 4663 2213 4716 θεν
2246 4657 2570 4732 [παιδείας]
2616 4656 3003 4726 εἰσεποιήσατο
3036 4651 3287 4725 μέθεξιν*
3320 4651 3388 4720 τῇ
3422 4647 3518 4718 μὲν
3551 4644 3611 4697 τὸ
3643 4644 3720 4696 ὲν

433 4751 701 4821 adjnnxit,
724 4759 832 4804 tum
853 4761 913 4805 ut
948 4751 1161 4806 facilius
1179 4763 1367 4821 posset
1389 4753 1631 4807 docendo
1661 4753 1999 4822 persuadere

2120 4722 2363 4822 διδαᾷιαῖς
2407 4722 2863 4803 xarairlouticat'
2887 4722 3058 4798 θέλων
3100 4741 3397 4813 πειθήνιον,
3442 4738 3508 4808 τῇ
3540 4734 3594 4788 δὲ
3639 4734 3723 4787 τὸ

433 4848 544 4894 tum
569 4849 627 4896 ttt
648 4841 714 4896 ad
738 4857 956 4898 errores
992 4844 1368 4913 coarguendos
1402 4846 1660 4900 evaderet
1689 4844 2013 4914 expeditior.

434 4934 906 5000 Quemadmodum
949 4936 1094 4991 enim
1125 4950 1186 4991 ea
1224 4936 1359 5006 legis
1404 4936 1580 4991 virtus
1625 4947 1730 5003 est,
1768 4943 1829 4989 ut
1885 4933 2017 5005 justi

433 5040 598 5097 atque
616 5027 800 5098 injusti
823 5029 1364 5099 comprehensionem
1386 5039 1704 5098 certamque
1726 5027 2015 5081 scientiam

432 5117 782 5187 proﬁteatur,
816 5135 925 5188 quo
961 5119 1205 5190 dignam,
1237 5129 1295 5173 ιιι
1333 5121 1565 5187 quisque
1597 5116 1823 5184 alterum
1850 5125 2021 5170 secta-

438 5223 524 5267 tus
556 5210 744 5277 fuerit,
806 5211 1224 5267 retributionem
1274 5211 1561 5281 aequaliter
1600 5207 1892 5278 rependat;
1946 5209 2017 5262 ita

434 5303 598 5356 etiam
645 5302 1067 5372 disciplinarum
1123 5303 1389 5374 perfectio
1423 5302 1711 5369 utriusque
1745 5299 2018 5371 cognitio-

440 5408 562 5446 tteru
598 5393 960 5462 peritiatuque
1011 5395 1259 5463 requirit.
1295 5391 1410 5447 Non
1458 5393 1527 5447 ita
1566 5403 1745 5446 tamen
1780 5402 1839 5446 ut
1866 5407 2019 5462 aequa

442 5485 589 5555 relut
626 5484 803 5553 lance,
835 5488 978 5555 quod
1031 5485 1192 5551 altsit,
1229 5500 1621 5555 componamus
1669 5494 1957 5553 utramque
2002 5501 2017 5537 :

439 5553 547 5630 non
581 5577 727 5632 enim
754 5579 871 5649 pari
918 5594 1042 5633 cum
1085 5579 1303 5635 domina
1337 5580 1543 5634 honore
1595 5575 1788 5630 ancilla
1844 5587 2022 5630 certa-

2119 4844 2217 4912 τῆς
2265 4828 2493 4915 πλάνης
2525 4837 2827 4906 διελέγχειν
2906 4832 3190 4889 ἀπίθανον.
3250 4829 3339 4893 Ὧς
3382 4827 3488 4899 γὰρ
3530 4825 3719 4893 ἁρετὴ

2121 4933 2318 5004 νόμου,
2347 4929 2558 4984 δικαίου
2591 4946 2648 4983 τε
2683 4926 2778 4981 καὶ
2808 4925 2995 4980 ἀδίκου
3024 4920 3332 4990 κατάληψιν
3364 4915 3720 4984 ἐπαγγέλλε-

2121 5042 2232 5093 ται,
2263 5023 2351 5077 ἵνα
2379 5024 2478 5094 τὴν
2512 5021 2670 5090 ἀξίαν
2699 5019 2969 5086 ἀντίδοσιν
2996 5017 3111 5079 τοῖς
3139 5013 3422 5068 ἐπαΐουσιν
3444 5009 3722 5076 ὁπότερον

2121 5116 2561 5181 ταλαντείισειεν,
2591 5113 2733 5167 οὕτω
2770 5111 2861 5165 καὶ
2883 5110 2946 5162 τὸ
2975 5111 3075 5179 τῆς
3106 5105 3442 5166 παιδεύσεως
3470 5099 3720 5162 ἐντελὲς,

2116 5208 2393 5279 ἑκατέρας
2422 5204 2560 5277 πρὸς
2588 5198 2942 5258 διδασκαλίαν
2973 5198 3246 5269 προσήκει
3277 5194 3467 5266 φέρειν
3495 5191 3593 5261 τὴν
3623 5187 3727 5240 εἴ-

2121 5304 2299 5373 δησιν.
2325 5300 2436 5370 Οὐχ
2459 5301 2542 5352 ὅτι
2566 5294 2890 5366 παράλληλα
2910 5290 3135 5361 τίθεμεν
3156 5290 3345 5359 ἄμφω,
3372 5284 3449 5369 μὴ
3473 5283 3720 5352 γένοιτο*

2123 5372 2185 5448 ού
2208 5393 2318 5464 γὰρ
2349 5390 2647 5462 ἐφάμιλλος
2678 5386 2934 5455 δεσποίνῃ
2960 5381 3290 5471 θεράπαινα,
3315 5377 3438 5471 οὐδὲ
3469 5372 3680 5471 μὴ.κλη
3698 5404 3728 5414 -

2130 5461 2425 5556 ρονομὴσει
2464 5482 2492 5533 ὀ
2530 5478 2645 5542 υἱὸς
2690 5475 2788 5546 τῆς
2821 5472 3113 5542 παιδίσκης
3145 5468 3284 5541 μετά
3321 5464 3414 5519 τοῦ
3461 5461 3576 5556 eiet”:
3607 5461 3729 5529 τῆς

2128 5554 2441 5645 ἐλευθέρας,
2492 5570 2579 5624 ἵνα
2623 5567 2719 5622 καὶ
2771 5564 2877 5619 τῶν
2913 5564 3051 5636 πρὸς
3110 5560 3364 5632 Ἀϐραὰμ
3406 5554 3733 5645 λεχθέντων

446 5673 585 5728 verit
621 5689 638 5729 :
673 5688 772 5731 nec
802 5690 935 5730 vero
971 5676 1111 5731 filius
1163 5675 1374 5732 ancilla:
1426 5689 1547 5732 cum
1586 5673 1695 5728 filio
1729 5673 1936 5734 liberae.
1968 5689 1996 5726 υ

2131 5666 2379 5741 μνησθῶ.
2414 5667 2581 5728 ὐσος
2626 5662 2734 5733 γὰρ
2776 5657 2903 5729 περί
2942 5675 3001 5710 τε
3037 5651 3437 5727 γραμματικὴν
3471 5644 3575 5720 ἦν,
3612 5645 3735 5702 καὶ

511 5917 590 5993 (lt)
624 5918 677 5974 lu
720 5933 786 5976 eo
826 5919 1155 5975 monasterio
1208 5918 1364 5977 exsul
1432 5919 1585 5990 vixil,
1671 5925 1919 5974 mortuus
1970 5923 2021 5970 ot
2062 5910 2309 5984 sepultus
2339 5918 2448 5979 est,
2479 5908 2613 5964 utin
2649 5904 2819 5962 altera
2852 5902 2974 5961 Vita
3002 5899 3221 5959 dicitur.
