3986 6432
502 468 571 555 63

1495 509 1556 570 S.
1597 507 2020 578 NICEPHORI
2058 521 2571 589 PATRIARCHJE
2605 529 2716 590 CP.

3710 525 3779 590 64

497 601 715 668 agebat,
743 613 799 658 nt
828 603 1080 664 Ecclesia:
1107 611 1282 667 vidute
1315 628 1577 684 sponsum
1606 620 1874 690 ejusmodi
1899 629 2044 696 praeit

2179 632 2386 704 ἀλλος)
2437 637 2506 690 δι’
2555 637 2785 710 ἐρεύνης
2836 635 2951 710 εἶχε
3000 639 3204 710 πολλῆς
3247 639 3642 710 ἐγκαθιδρῦσαι
3707 649 3776 714 τῇ

497 697 646 744 ceret
671 692 763 761 qui
800 694 1044 753 docendo
1069 699 1278 756 ﬁdelem
1301 718 1611 762 sermonem
1645 715 2074 776 tenereidoneus

497 787 667 844 esset,
705 793 760 838 et
791 784 932 855 ejus,
961 789 1052 858 qui
1087 807 1260 861 nuper
1297 796 1532 864 pastoris
1556 815 1757 860 munus
1783 809 2078 877 sapientis-

495 869 636 926 sime
664 874 897 943 obierat,
929 881 1170 951 vestigiis
1200 887 1468 944 insistere.
1503 888 1870 956 Quamobrem
1914 902 2075 958 etiam

498 962 562 1015 ad
591 966 877 1024 universos
904 987 1026 1026 eum
1061 978 1375 1035 sacerdotes
1411 991 1522 1036 tum
1558 988 1880 1056 monachos,
1907 1006 2076 1061 quos-

495 1069 601 1124 que
637 1069 950 1117 senatorum
988 1066 1258 1132 primores
1303 1085 1367 1125 ac
1396 1072 1622 1144 reliquis
1669 1085 2078 1148 przestantiores

496 1159 740 1218 noverat,
770 1167 883 1207 rem
911 1154 1186 1214 deferebat
1217 1179 1232 1215 :
1273 1161 1669 1232 utjustissimae
1700 1170 1933 1240 plurium
1964 1177 2077 1234 ele-

495 1239 863 1311 ctioni,quam
889 1247 1053 1303 divini
1075 1248 1314 1320 Spiritus
1348 1265 1522 1312 ratam
1547 1258 1771 1317 haberet
1794 1280 2075 1334 assensus,

494 1341 594 1382 suo
618 1345 833 1400 quoque
881 1334 998 1404 ipse
1043 1340 1299 1413 suffragio
1346 1350 1655 1407 accederet.
1685 1351 1788 1409 Aet
1822 1355 1896 1410 illi
1931 1356 1953 1429 (
1973 1375 2074 1416 nec

493 1420 639 1472 enim
677 1422 927 1481 homines
956 1428 1080 1484 cum
1114 1444 1320 1501 essent,
1350 1453 1574 1507 prorsus
1598 1457 1792 1501 cavere
1825 1457 2075 1517 poterant

494 1520 562 1560 ne
591 1509 720 1575 quid
747 1511 814 1567 ad
859 1516 1089 1583 gratiam
1133 1527 1377 1597 agerent)
1434 1537 1676 1587 mutuam
1724 1539 2072 1597 concordiam

493 1598 833 1660 dissensione
871 1609 1166 1680 solventes,
1191 1618 1355 1673 alium
1401 1621 1504 1678 sibi
1555 1626 1788 1697 quisque
1816 1631 2070 1702 designa-

493 1685 587 1741 bat
622 1700 789 1762 atque
821 1699 1071 1754 trahebat
1121 1720 1137 1756 :
1191 1720 1297 1760 non
1343 1723 1505 1778 quem
1541 1685 1714 1770 divini
1742 1729 1904 1775 nutus
1935 1685 2074 1790 prm-

489 1781 723 1840 scientia
754 1788 1178 1865 designaverat;
1208 1802 1303 1854 sed
1327 1817 1495 1872 quem
1527 1807 1795 1878 cujusque
1824 1781 2073 1870 voluntas

492 1872 820 1933 informabat
856 1895 920 1935 ac
961 1887 1388 1952 prmhabendum
1430 1872 1720 1952 suadebat:
1749 1899 2070 1970 Imperatori

489 1973 669 2020 autem
705 1982 832 2024 aere
866 1975 1068 2030 mentis
1094 1991 1199 2047 qua
1228 1979 1768 2057 pollebatjudicium,
1797 1991 2070 2063 Nicepho-
2102 1982 2144 2038 Β

487 2070 607 2111 rum
638 2063 820 2132 gregis
859 2067 1160 2138 principem
1186 2079 1547 2145 suggerebat:
1577 2080 1628 2134 in
1660 2097 1821 2152 quem
1859 2093 1916 2140 ιιι
1945 2102 2066 2142 om-

487 2161 583 2202 nes
611 2150 948 2219 conjicerent
985 2159 1175 2216 oculos
1213 2165 1572 2235 compellebat
1606 2172 1744 2240 ipse,
1774 2177 2066 2244 praeclaras

486 2237 591 2292 viri
625 2239 780 2297 dotes
827 2244 880 2298 in
920 2251 1242 2306 memoriam
1273 2269 1571 2327 revocans;
1603 2261 1930 2332 eloquentiae
1953 2269 2064 2324 sci-

484 2325 614 2383 licet
637 2337 749 2384 tum
775 2348 950 2392 sacrae
971 2345 1084 2393 tum
1112 2343 1354 2411 profante
1369 2348 1480 2404 vim
1507 2355 1823 2422 maximam,
1849 2373 2062 2415 morum

483 2420 810 2478 modestiam
842 2443 906 2492 ac
936 2429 1236 2500 lenitatem,
1279 2443 1633 2500 conscientiae
1665 2447 1732 2503 ad
1764 2464 1956 2506 omnes
1982 2453 2064 2507 in-

484 2512 790 2580 tegritatem
821 2517 890 2572 ab
929 2524 1078 2576 omni
1117 2523 1422 2586 oﬂ'ensioue
1468 2536 1916 2597 remotissimam.
1955 2541 2062 2599 De-

480 2602 644 2672 nique
669 2607 816 2662 velut.
846 2609 1054 2680 nimbo,
1079 2617 1358 2678 coutinuis
1385 2621 1492 2679 illis
1517 2629 1650 2706 regii
1672 2631 1785 2686 oris
1807 2632 2060 2703 eloquiis,

479 2693 857 2754 universorum
887 2717 1049 2761 aures
1101 2711 1456 2784 concludens,
1511 2720 1641 2774 nulli
1689 2717 1796 2778 vim
1830 2724 2058 2796 faciens,

475 2785 625 2842 velut
679 2789 732 2843 in
778 2806 1058 2864 sagenam,
1123 2801 1178 2855 in
1241 2820 1404 2861 unam
1479 2825 1668 2869 omnes
1731 2822 2058 2876 sententiam

475 2880 656 2949 adegit
689 2900 703 2938 :
740 2885 939 2943 exinde
974 2891 1117 2946 enim
1179 2899 1420 2954 omnium
1453 2899 1612 2959 labiis
1659 2919 1861 2979 oreque
1895 2910 2053 2968 Nice-

473 2970 677 3039 phorns
710 2978 1022 3044 patriarcha
1053 2985 1408 3047 acclamatur.

535 3126 626 3185 ἓξ.
663 3129 824 3188 Mittit
868 3135 1052 3207 itaque
1091 3141 1417 3214 imperator,
1450 3151 1542 3221 qui
1573 3153 1902 3216 denuntient
1956 3163 2052 3234 ju-

464 3219 773 3290 beantque,
813 3235 874 3280 ut
917 3239 1128 3285 semota
1187 3238 1340 3292 omni
1415 3219 1766 3306 cunctatione
1819 3267 1884 3309 ac
1933 3219 2053 3311 sine

463 3325 615 3367 mora
643 3315 809 3370 sistat
840 3332 900 3374 se
926 3319 1186 3392 Augustae
1239 3331 1382 3386 urbi.
1413 3331 1464 3389 Is
1490 3350 1643 3403 vero,
1674 3345 1768 3412 qui
1801 3345 2048 3405 laudabi-

393 3447 404 3453 ς
463 3400 568 3456 lem
599 3403 968 3465 obedientiam
1009 3415 1388 3485 vituperandae
1435 3400 1818 3492 inobedientia:
1863 3442 2042 3509 p0tio-

460 3507 576 3548 rem
621 3495 868 3564 haberet,
913 3516 1220 3576 quanquam
1271 3515 1552 3584 renitens,
1585 3523 1733 3581 viros
1784 3495 2044 3591 ductores

460 3585 671 3644 itineris
707 3601 952 3650 actutum
989 3609 1210 3657 secutus
1245 3615 1350 3662 est.
1385 3608 1484 3666 Ubi
1505 3625 1686 3671 autem
1720 3619 2038 3695 imperator,

458 3678 510 3733 id
537 3681 680 3749 quod
731 3689 1036 3757 satagebat,
1095 3693 1307 3764 ell‘ecit,
1357 3716 1424 3757 ac
1467 3720 1655 3762 coram
1709 3678 2038 3781 praesentem

453 3783 600 3835 eum,
641 3771 798 3844 cujus
831 3778 1104 3840 desiderio
1133 3790 1441 3862 tenebatur,
1478 3771 1804 3874 conspexit;
1837 3808 1890 3862 in
1924 3810 2039 3868 haec

452 3862 640 3927 verba,
675 3874 734 3920 ut
763 3868 937 3937 aiunt,
973 3874 1041 3928 ad
1069 3889 1193 3932 eum
1223 3880 1436 3941 locutus
1461 3901 1544 3944 est
1579 3907 1593 3944 :
1619 3862 1760 3950 ’ΜΗιί
1789 3862 2033 3972 quidem,

1797 3950 2033 3972 _,__._-.-.,

452 3950 535 4004 vir
568 3952 683 4010 Deo
713 3961 1116 4033 acceptissime,
1142 3971 1412 4042 siquidem
1448 3978 1534 4036 fas
1562 3994 1710 4041 esset
1744 3987 1839 4044 Dei
1879 4009 2036 4048 nian-

450 4039 574 4094 data
603 4044 657 4098 in
701 4046 944 4108 minimis
988 4039 1548 4141 habere'eorumque
1579 4088 1744 4142 opere
1787 4084 2034 4154 neglecto

450 4132 708 4154 ___._.,_-___
971 4147 983 4154 .
1050 4149 1060 4154 -
1109 4151 1120 4154 -

449 4132 716 4197 publicam
757 4155 869 4194 rem
916 4147 1330 4223 administrare,
1361 4159 1413 4214 in
1445 4177 1697 4236 promptu
1729 4132 2031 4246 erataquae-

449 4220 566 4246 .1-..
603 4227 788 4246 ---ιλ-κ-
828 4231 839 4242 ·
1008 4237 1020 4246 ·
1192 4243 1203 4246 “

446 4220 568 4276 dam
601 4227 877 4286 sedurtrix
913 4249 979 4290 ac
1008 4237 1116 4294 lata
1155 4243 1262 4310 via,
1300 4220 1407 4318 qua
1434 4220 2027 4338 obvium—quempiam,

1317 4315 1328 4318 ,
1711 4315 1724 4330 ι
1779 4315 1853 4318 ν---
1901 4315 2027 4338 --···ν

444 4315 593 4370 ιιιιΙΙο
624 4325 896 4382 anteriori
936 4334 1133 4389 merito
1165 4345 1225 4393 ut
1265 4343 1514 4411 pontifex
1564 4351 1719 4408 ﬁeret
1750 4315 2031 4418 comrmen-

441 4406 694 4475 «labilem,
731 4417 827 4471 sed
856 4421 947 4486 qui
975 4406 1318 4488 solummodo
1369 4438 1550 4508 vellet,
1604 4406 1728 4502 urbi

1536 4501 1546 4508 ,
1717 4501 1720 4502 ν
1764 4501 2024 4521 επεν--..υ

440 4501 796 4566 ριαιίίοενειη.
835 4508 969 4577 Quia
1003 4529 1134 4574 vero
1161 4521 1360 4581 divinis
1387 4527 1687 4602 Scripturae
1717 4539 2024 4602 documen-

440 4589 508 4643 tis
555 4596 804 4653 eruditus
851 4603 1000 4671 scio,
1045 4613 1262 4678 qualem
1308 4632 1431 4676 esse
1481 4636 1733 4694 oporteat
1782 4633 2021 4694 futurum

437 4685 777 4742 sacerdOtem
814 4701 868 4746 et
900 4695 1168 4767 imprimis
1194 4721 1342 4776 eum,
1386 4685 1544 4783 cujus
1576 4721 1650 4775 sit
1688 4725 1756 4779 ad
1788 4730 2018 4796 gradum
2056 4705 2098 4761 θ

434 4770 704 4838 ejusmodi
735 4786 1037 4849 provehere
1067 4793 1241 4864 alios;
1279 4801 1538 4860 nimirum
1583 4770 1872 4874 sublimzm
1909 4823 2021 4876 vir-

433 4867 550 4917 tute
593 4881 658 4922 ac
701 4869 860 4930 labiis
908 4877 1200 4956 intactum,
1236 4893 1330 4961 qui
1374 4898 1662 4959 scientiam
1717 4914 2015 4981 custodiat,

1728 4961 2015 4981 -ρ--τ---νν

432 4961 597 5054 atque
625 4964 952 5031 exquisitam
986 4971 1157 5046 legem
1191 4981 1244 5035 in
1276 4999 1374 5040 ore
1413 4987 1620 5058 ferens,
1652 4996 1865 5058 Domini
1895 5021 2017 5062 om-

1041 5041 1063 5046 ν
1442 5041 1484 5044 _-
1505 5041 1620 5058 ---η
1652 5041 1863 5058 -.........
1895 5041 2010 5062 υ...-

429 5041 726 5113 nipotentis
783 5061 1004 5127 angelus
1067 5069 1286 5142 audiat;
1344 5093 1541 5137 vereor
1589 5102 1660 5144 ne
1708 5097 1864 5149 saera
1920 5099 2010 5156 illa

427 5137 801 5203 adumnitione
835 5165 1041 5223 spreta,
1078 5137 1422 5237 negligentia:
1453 5175 1576 5232 dein
1602 5196 1816 5254 ptenas,
1846 5189 2012 5262 inque

431 5243 610 5287 meum
645 5251 811 5308 caput
857 5246 1006 5303 diras
1048 5251 1346 5316 intentatas
1390 5243 1688 5326 arcessant.
1717 5243 1874 5335 Nunc
1908 5243 2011 5354 igi.

431 5326 514 5354 Inl-
540 5339 662 5354 nn...
709 5328 846 5354 n--__
1059 5344 1072 5354 .
1141 5349 1174 5354 --

426 5326 514 5375 tur
539 5339 662 5381 cum
705 5328 847 5389 Deus
878 5344 1174 5402 sacerdotii
1216 5367 1425 5424 arcem,
1459 5362 1810 5441 cmlestisque
1835 5326 1999 5446 ίιιιίῖιε

426 5415 582 5446 ιιι-ηυξ
614 5423 762 5446 ..-I.:-
793 5428 804 5446 I
865 5431 876 5446 ι

423 5415 582 5470 stadii
614 5423 766 5478 vobis
792 5428 1035 5491 habenas
1059 5447 1375 5514 concredat,
1407 5467 1493 5520 ne,
1527 5415 1736 5520 quaso:
1761 5415 1936 5520 vocad

2179 726 2429 800 ἀνάνδρῳ
2451 731 2684 801 νυμφίον
2705 749 2765 784 τε
2793 733 2886 786 καὶ
2914 734 3327 804 προμνήστορα,
3357 733 3556 797 ἱκανῶς
3584 733 3778 805 ἔχοντα

2177 817 2272 872 τοῦ
2303 821 2445 875 κατά
2484 824 2583 894 τὴν
2609 823 2834 896 διδαχὴν
2882 826 3076 880 πιστοῦ
3109 827 3268 895 λόγου
3321 825 3643 891 άνθέξεσθαι
3681 829 3779 882 καὶ

2181 909 2483 980 βαδιεῖσθαι
2497 916 2618 969 κατ’
2636 916 2782 986 [χνος
2801 915 2892 970 τοῦ
2914 919 3389 988 προποιμάναντος
3406 919 3776 988 λογικώτατα.

2177 1001 2271 1055 Διὺ
2297 1004 2390 1057 καὶ
2421 1008 2588 1060 πᾶσιν
2615 1009 2960 1063 ἀνεκοινοῦτο
2987 1009 3196 1082 ἱερεῦσί
3229 1027 3290 1064 τε
3326 1011 3421 1064 καὶ⁵
3452 1012 3777 1081 μονάξουσι,

2187 1099 2283 1152 καὶ⁷
2310 1101 2411 1171 τῆς
2447 1105 2755 1175 συγκλήτου
2799 1105 2997 1177 βουλῆς
3026 1108 3153 1160 ὅσον
3197 1106 3453 1179 ἔγκριτον
3484 1110 3577 1161 καὶ
3607 1109 3779 1179 προὺ-

2175 1206 2270 1259 χον
2320 1192 2622 1262 ηπίστατο,
2660 1196 2736 1260 ὡς
2767 1196 2834 1250 ἂν
2867 1201 2934 1270 τῇ
2982 1199 3093 1252 τῶν
3136 1200 3401 1255 πλειόνων
3447 1202 3648 1274 ἐκλογῇ
3696 1204 3780 1257 6t-

2177 1280 2442 1354 καιοτάτῃ
2497 1281 2666 1355 οὔσῃ,
2701 1285 2798 1338 καὶ
2843 1289 2910 1357 τῇ
2956 1288 3052 1340 τοῦ
3092 1288 3242 1342 θείου
3291 1290 3612 1360 Πνεῦματος
3645 1294 3774 1345 ἐπι-

2176 1370 2358 1426 νεύσει
2389 1373 2451 1425 τὸ
2485 1373 2703 1444 βέϐαιον
2729 1377 3104 1450 λαμϐανούσῃ,
3140 1381 3235 1434 καὶ
3256 1383 3289 1451 ή
3317 1381 3488 1435 αὑτοῦ
3509 1382 3773 1452 ἐφέψοιτο

2177 1461 2456 1533 βούλησις.
2484 1466 2546 1518 Οί
2569 1465 2625 1518 δὲ
2657 1463 2678 1537 (
2694 1468 2788 1520 καὶ
2817 1467 2926 1539 γὰρ
2955 1469 3278 1540 ἀνθρώπους
3298 1471 3456 1533 ὄντας
3487 1471 3770 1540 διαδρᾶναι

2173 1555 2235 1608 τὸ
2265 1557 2402 1626 πρὸς
2436 1557 2596 1630 χάριν
2627 1559 2932 1632 ἀδύνατον)
2965 1563 3030 1632 τῇ
3067 1562 3164 1615 ἀπ’
3205 1563 3453 1634 ἀλλήλων
3481 1562 3770 1618 διαστάσει

2173 1643 2235 1696 τὸ
2259 1645 2584 1718 ὁμόγνωμον
2612 1647 2968 1713 διαλύσαντες
2992 1690 3006 1711 ,
3046 1649 3207 1715 ἀλλος
3241 1651 3402 1706 ἀλλον
3434 1651 3770 1723 ἐψηφολόγει

2176 1738 2273 1790 καὶ
2301 1731 2485 1791 εἷλκεν
2514 1755 2527 1768 ·
2561 1739 2658 1810 οὐχ
2685 1741 2745 1793 ὃν
2773 1743 2806 1811 ή
2837 1742 2935 1810 τῆς
2968 1741 3080 1796 ἀνω
3120 1745 3293 1816 ῥοπῆς
3315 1745 3600 1816 ὑπέγραφε
3635 1747 3771 1817 πρό-

2174 1843 2400 1894 γνωσις,
2425 1830 2484 1884 τὸ
2506 1831 2741 1888 ἑκάστου
2760 1835 2817 1888 δὲ
2836 1834 3016 1888 θέλειν
3038 1836 3380 1891 ἀνετυποῦτο
3405 1839 3502 1892 καὶ
3522 1838 3764 1894 ἔπειθεν.

2177 1917 2269 1990 Τῷ
2310 1919 2366 1971 δὲ
2404 1919 2620 1990 βασιλεί
2650 1923 2710 1977 τδ
2751 1924 2847 1978 τοῦ
2879 1925 2972 1979 νοῦ
3008 1926 3335 1999 δραστήριον
3372 1929 3766 2002 ὑπεξωγράιρει

2173 2011 2539 2082 ποιμνίαρχον
2573 2015 2912 2088 Νικηφόρον,
2945 2020 3038 2072 καὶ
3066 2021 3202 2092 πρὸς
3223 2023 3431 2076 ἐκεῖνον
3463 2023 3597 2092 ὁρᾶν
3634 2023 3766 2076 πάν·

2165 2118 2264 2165 τας
2297 2104 2654 2175 συνήλαυνεν,
2685 2109 3124 2182 ὑπομιμνήσκων
3153 2114 3262 2166 τῶν
3303 2114 3514 2186 ἀρετῶν
3543 2113 3637 2168 τοῦ
3669 2117 3764 2168 ἀνι

2165 2193 2291 2262 δρὸς
2322 2195 2387 2249 τά
2422 2198 2738 2268 αὐχήματα·
2776 2203 2836 2255 τὸ
2879 2203 2938 2258 ἐν
2965 2204 3150 2272 λόγοις
3170 2247 3184 2270 ,
3213 2208 3328 2270 τοῖς
3359 2223 3420 2260 τε
3459 2223 3764 2276 πνευματιο

2167 2285 2284 2346 κοῖς
2318 2286 2416 2337 καὶ
2452 2290 2568 2350 τοῖς
2600 2288 2859 2360 θύραθεν,
2896 2293 3133 2364 καίριον·
3166 2294 3226 2348 τὸ
3257 2297 3313 2348 ἐν
3344 2295 3464 2366 ἤθει
3501 2296 3762 2348 ταπεινὸν
3789 2342 3798 2347 -

2165 2375 2260 2427 καὶ
2279 2376 2569 2447 μειλίχιον·
2587 2381 2723 2434 τὸέν
2749 2384 3052 2455 συνειδήσει
3071 2385 3208 2456 πρὸς
3233 2385 3442 2448 πάντας
3465 2386 3763 2457 εἱλικρινὲς

2165 2466 2260 2518 καὶ
2284 2465 2654 2538 ἀπρόσκοπον.
2683 2474 2793 2526 Καὶ
2820 2475 3183 2541 ἁπαξαπλῶς,
3212 2472 3299 2529 οἷα
3328 2477 3512 2546 νιφάδι
3538 2476 3612 2548 τῷ
3641 2487 3763 2530 συν·

2163 2556 2280 2624 εχεῖ
2302 2557 2410 2610 τῶν
2433 2557 2732 2629 βασιλικῶν
2757 2563 2983 2619 ἐκείνων
3003 2566 3198 2636 λογίων
3215 2567 3314 2630 τὰς
3339 2568 3560 2622 πάντων
3583 2568 3760 2632 ἀκοάς

2163 2631 2561 2717 κατακλείσας,
2597 2656 2869 2726 μηδεμιᾶς
2896 2659 3143 2732 ὑπούσης
3171 2660 3330 2730 βίας,
3366 2664 3445 2725 εἰς
3478 2660 3606 2732 μίαν
3643 2661 3760 2732 ψῆ⁶¹

2163 2755 2262 2806 φον
2281 2740 2355 2804 ὡς
2379 2742 2461 2805 εἷς
2482 2745 2728 2815 σαγήνην
2759 2749 2883 2811 τοὺς
2903 2751 3112 2814 πάντας
3137 2750 3481 2822 ἐζώγρησεν·
3517 2752 3573 2819 ἐξ
3601 2753 3756 2841 ἐκεί-ς

2161 2848 2252 2884 νου
2285 2849 2345 2886 τε
2372 2836 2479 2905 γάρ
2527 2839 2584 2889 ἐν
2616 2839 2780 2892 παντὶ
2813 2841 2983 2911 χείλει
3009 2843 3104 2896 καὶ
3147 2843 3371 2916 γλώσσῃ
3402 2845 3553 2919 πάσῃ
3581 2845 3755 2917 Νικη-

2160 2922 2328 2995 φόρος
2360 2929 2713 3001 πατριάρχης
2747 2933 3141 3003 ἀνηγορεύετο.

2225 3173 2328 3244 κβ’.
2383 3174 2601 3229 Στὲλλει
2652 3177 2783 3246 γοῦν
2837 3180 3093 3249 βασιλεὺς
3151 3181 3288 3253 πρὸς
3333 3182 3492 3236 αὐτὸν
3543 3181 3760 3252 ἄνδρας

2153 3266 2637 3335 ἀπαγγελοῦντας,
2672 3273 2874 3337 παντὸς
2907 3274 3068 3327 ὄκνου
3104 3276 3198 3329 καὶ
3234 3276 3413 3347 πάσης
3451 3277 3583 3348 ἄτερ
3610 3277 3758 3330 ἀνα-

2074 3349 2118 3409 C
2151 3357 2312 3429 ϐολῆς
2339 3360 2438 3431 τὴν
2468 3361 2665 3415 ἑαυτοῦ
2694 3366 3000 3434 παρουσίαν
3025 3368 3091 3437 τιῇ
3125 3367 3358 3437 βασιλίδι
3383 3366 3756 3438 χαρίσασθαι.

2159 3447 2218 3500 Ὀ
2261 3448 2316 3500 δὲ
2348 3449 2448 3522 τὴν
2497 3451 2902 3526 ἐπαινουμένην
2944 3457 3192 3530 ὑπακοὴν
3237 3459 3439 3529 μᾶλλον
3469 3458 3568 3528 τῆς
3614 3460 3754 3514 ἐπι-

2144 3536 2317 3608 ψόγου
2367 3543 2658 3614 παρακοῆς
2707 3545 3103 3616 ἀνθελόμενος,
3158 3549 3252 3602 καὶ
3293 3550 3390 3620 οὐχ
3439 3548 3580 3603 ἑκὼν
3623 3553 3757 3616 τοῖς·

2144 3630 2298 3698 ἄγειν
2329 3630 2608 3688 ἐθέλουσιν
2639 3636 2843 3692 εἵπετο.
2881 3640 2989 3692 Καὶ
3023 3640 3144 3692 ἐπεὶ
3171 3640 3248 3711 τῷ
3277 3641 3641 3714 αὐτοκράτορι
3678 3644 3756 3698 τὸ

2143 3721 2478 3794 ζητούμενον
2529 3726 2768 3798 ἤνυστο,
2829 3731 2926 3784 καὶ
2978 3733 3101 3785 κατ’
3125 3731 3259 3803 ’ὄψιν
3304 3729 3454 3804 εἶχεν
3497 3737 3629 3806 ὁρᾷν
3678 3737 3754 3790 τὸ

2141 3813 2506 3884 ποθούμενον,
2541 3818 2719 3872 ταῦτα
2768 3822 2907 3890 πρὸς
2951 3823 3116 3878 αὑτὸν
3147 3825 3442 3896 διειλέχθαι
3488 3826 3746 3894 λέγεται·

2151 3905 2308 3972 Ἐμοὶ
2336 3908 2456 3978 μὲν,
2489 3906 2533 3964 ὦ
2561 3911 2695 3983 ἄνερ
2725 3913 2846 3985 Θεῷ
2880 3917 3318 3990 μεμελετημένε,
3348 3921 3505 3992 εἴπερ
3532 3917 3599 3990 ἦν
3624 3921 3750 3974 τῶν

2138 3996 2298 4053 θείων
2331 4004 2730 4076 κατολιγωρεῖν
2777 4008 3160 4079 προστάξεων,
3215 4015 3310 4066 καὶ
3355 4013 3589 4085 ἀμελείᾳ
3627 4013 3748 4084 τῆς

2135 4090 2342 4146 τούτων
2375 4094 2647 4166 ἐργασίας
2693 4097 3112 4170 ἐπιμελεῖσθαι,
3141 4099 3209 4175 ἦν
3235 4104 3362 4185 ’ἄρα
3404 4123 3488 4169 τις
3519 4107 3747 4178 πλάνης

2132 4199 2193 4236 τε
2246 4185 2342 4239 καὶ
2388 4189 2622 4244 πλατεῖα
2662 4191 2810 4257 ὁδὸς,
2845 4193 2913 4246 δι’
2944 4189 3012 4266 ἧς
3045 4196 3141 4249 καὶ
3178 4197 3271 4251 τὸν
3314 4201 3543 4271 τυχόντα
3568 4240 3582 4262 ,
3633 4201 3747 4268 καὶ

2131 4273 2281 4338 ἀξιον
2316 4278 2486 4348 μηδὲν
2517 4285 3013 4354 προεισενεγκόντα
3041 4287 3138 4340 τοῦ
3182 4288 3427 4361 βήματος
3458 4291 3596 4362 πλὴν
3628 4293 3742 4346 τοῦ

2131 4363 2443 4434 βούλεσθαι,
2470 4371 2738 4445 ἀρχιερέα
2759 4379 2823 4446 τῇ
2854 4375 3086 4447 βασιλίδι
3111 4384 3546 4452 προστήσασθαι.
3583 4385 3748 4438 Ἀλλ’

2106 4457 2316 4531 ἐπειδὴ
2361 4463 2533 4533 παρὰ,
2554 4467 2655 4535 τῆς
2686 4466 2839 4532 θείας
2883 4470 3110 4544 Γραφῆς
3144 4475 3541 4547 νενουθέτημαι
3562 4518 3575 4540 ,
3611 4472 3745 4531 οἷον

2127 4543 2268 4604 εἶναι
2295 4551 2381 4606 δεῖ
2407 4554 2498 4608 τὸν
2529 4558 2780 4627 ἱερᾶσθαι
2811 4543 3074 4630 μέλλοντα
3105 4565 3200 4619 καὶ
3233 4543 3538 4632 ἀλλους-είς
3562 4569 3744 4626 τοῦτο

2127 4644 2390 4712 προάγειν
2420 4646 2729 4716 ὀφείλοντα,
2759 4653 2840 4707 ὅτι
2873 4654 3079 4726 ὑψηλὸν
3109 4659 3282 4730 ἀρετῇ
3319 4661 3414 4713 καὶ
3443 4661 3744 4730 ἀνέπαφον

2126 4735 2362 4803 χείλεσι,
2397 4738 2640 4806 γνῶσινο
2671 4744 3020 4813 φυλάσσοντα
3051 4733 3146 4802 ,ἑαί
3183 4752 3346 4821 νόμον
3381 4753 3745 4825 ἐκζητούμε-

2123 4841 2212 4877 νον
2243 4827 2301 4879 ἐν
2328 4829 2557 4896 στόματι
2593 4835 2851 4904 φέροντα,
2883 4840 2978 4893 καὶ
3005 4841 3094 4896 διά
3116 4842 3273 4897 τοῦτο
3306 4845 3742 4916 χρηματίζονται

2121 4917 2330 4988 Κυρίου
2374 4927 2818 5000 παντοκράτορος
2857 4932 3127 5000 ἄγγελον·
3163 4935 3309 4990 δέδια
3349 4937 3422 5009 μὴ
3474 4940 3532 4991 τῦ
3571 4940 3741 5009 ἱερὸν

2117 5009 2296 5063 ἐκεῖνο
2325 5017 2685 5087 παραϐλέψας
2718 5022 3055 5094 νουθέτημα,
3092 5029 3352 5097 ἀμελείας
3399 5030 3607 5083 ὑποίσω
3637 5030 3746 5085 δί-

2118 5118 2242 5172 κην,
2275 5105 2373 5158 καὶ
2399 5107 2500 5178 τὴν
2544 5110 2952 5187 ἀπειλουμένην
2993 5118 3134 5189 ἀρὰν
3161 5121 3242 5185 εἰς
3271 5121 3510 5192 ἐμαυτὸν
3544 5126 3740 5177 ἐκκα-

2119 5192 2371 5265 λέσομαι.
2403 5197 2515 5252 Νῦν
2545 5197 2637 5255 οῦν
2665 5204 2802 5258 Θεοῦ
2833 5208 2931 5278 τὴν
2967 5211 3274 5282 ἱερωσύνην
3305 5215 3400 5266 καὶ
3431 5216 3529 5278 τὰς
3556 5215 3745 5283 ἡνίας

2118 5283 2212 5338 τοῦ
2237 5289 2494 5358 οὐρανίου
2534 5294 2732 5348 τούτου
2758 5296 2979 5353 διαύλου
3011 5302 3140 5372 ὑμῖν
3177 5305 3599 5376 ἐγχειρίζοντος,
3635 5310 3739 5380 μὴ

2114 5377 2514 5438 ἀπαναίνεσθαι
2553 5386 2653 5458 τὴν
2703 5389 2928 5459 κλῆσιν,
2972 5394 3087 5448 ἀλλ’
3125 5397 3401 5452 ὑποδύντα
3446 5400 3535 5452 τὸν
3570 5400 3743 5458 θεῖον

2113 5472 2325 5541 ἀγῶνα,
2370 5478 2508 5549 πρὸς
2554 5480 2617 5534 τὸ
2672 5488 2826 5556 κοινῇ
2869 5486 3181 5542 λυσιτελοῦν
3236 5493 3471 5564 ἀερορᾷν.
3523 5495 3741 5563 Ἶσμεν

2111 5565 2220 5635 γὰρ
2247 5567 2345 5632 ὡς,
2369 5573 2514 5625 κατά
2539 5573 2630 5628 τὸν
2659 5576 2750 5628 σὸν
2774 5579 2868 5630 καὶ
2894 5581 3070 5633 κοινὸν
3095 5581 3450 5653 καθηγεμόνα
3472 5583 3734 5656 Παῦλον,

2113 5658 2189 5730 μὴ
2224 5661 2362 5731 πρὸς
2391 5663 2529 5735 ἀέρα
2555 5667 2652 5739 τὴν
2683 5671 2953 5742 πυκτικὴν
2986 5673 3379 5742 ἐπιδείξασθαι,
3418 5677 3548 5747 μηδέ
3577 5677 3738 5750 δρα.-

2114 5752 2335 5823 μείσθαι
2379 5757 2524 5829 ὑμᾶς
2569 5761 2936 5837 ἀκατάληπτα
2963 5784 2976 5800 ·
3019 5769 3447 5842 τεθαρρήκαμεν
3501 5771 3554 5825 δὲ
3604 5772 3737 5845 τῆς
