3986 6416
206 276 262 341 (5
1424 333 1429 340 ,
1723 271 1904 333 νιΤΑ

3390 275 3463 339 66

206 386 621 463 euocandum;
643 385 1033 455 δουλαγωγίας
1078 384 1175 439 τοῦ
1218 382 1472 454 σώματος
1524 382 1663 453 πρδς
1707 382 1771 434 τὸ

1895 391 2147 452 :eptorem
2176 380 2405 438 Paulum
2431 385 2451 416 τ
2476 398 2585 440 non
2611 384 2923 442 decertasse
2953 387 3220 443 adversus
3255 402 3464 455 aerem,

204 486 297 546 τοῖς
325 479 498 540 ἄλλοις
532 475 778 546 κηρύξαι
799 518 817 540 ,
850 477 953 529 καὶ
975 480 1038 530 τὸ
1077 474 1345 545 ὑμέτερον
1375 473 1603 543 δόκιμον
1626 472 1768 544 ὑπὲρ

205 574 393 646 χρυσίον
424 567 784 638 ὲκλὰμψειεν.
822 568 923 638 Μὴ
948 568 1018 637 δὴ
1052 568 1216 638 μόνον
1253 565 1497 636 σωθῆναι
1525 564 1625 635 τὴν
1652 564 1769 618 ίκε-

207 667 307 719 σίαν
326 662 456 733 πρὸς
490 660 553 713 τὸ
577 659 737 714 Θεῖον
768 658 1052 713 ποιεῖσθαι
1083 656 1363 728 βιάζεσθε,
1400 655 1538 726 μηδὲ
1564 653 1643 726 τῷ
1672 673 1772 726 μο-

208 754 421 825 νοτρόπῳ
453 749 549 803 τοῦ
596 748 717 820 βίου
748 751 814 803 τὸ
849 750 974 803 καθ’
1020 750 1249 811 ἑαυτοὺς
1289 748 1497 817 ζητεῖν,
1534 746 1673 802 ἀλλὰ
1712 746 1774 800 τὸ

217 849 391 908 πάντας
413 846 506 914 τῆς
544 843 832 914 σωτηρίας
867 844 1058 913 τυχεῖν
1098 840 1502 895 ὲπισπεύδοιτε.
1533 838 1774 911 Νύμφην

220 936 516 1010 rigantiqu
544 932 650 1005 τὴν
694 932 1031 1002 Ἐκκλησίαν
1070 929 1667 1002 ἡγεῖσθαι,,ἁρμόδιον,
1695 928 1776 1001 τῷ

217 1026 501 1099 μαργαρίτῃ
531 1024 637 1095 μὲν
680 1024 792 1078 τῶν
820 1024 1002 1095 ὀρθῶν
1035 1025 1133 1078 καὶ
1162 1021 1454 1077 ἁθολώτων
1485 1021 1775 1093 δογμάτων

208 1121 257 1172 τὺ
276 1120 487 1187 εὑήκοον
510 1113 608 1182 οὖς
636 1117 1141 1188 περισφίγγουσαν,
1179 1115 1259 1185 τῷ
1294 1114 1548 1184 στεφάνῳ
1572 1113 1632 1167 δὲ
1663 1114 1776 1168 τῶν

206 1214 416 1284 χαρίτων
443 1212 521 1275 ὠς
543 1208 878 1280 ὕπερτίμοις
906 1207 1076 1273 λίθοις
1105 1209 1218 1270 τοῖς
1250 1208 1543 1279 [ἰατρικοῖς
1574 1206 1777 1275 λογίοις

207 1301 652 1372 καταυταζομένῳ
672 1300 773 1370 τὴν
794 1298 1043 1372 κορυφὴν
1066 1298 1549 1371 περιστέλλουσαν,
1573 1298 1777 1369 κόσμον

208 1396 255 1449 δὲ
273 1397 350 1451 ὼν
374 1398 433 1450 ἐν
465 1395 724 1467 στέρνοις
753 1392 853 1449 ἅτε
901 1392 1155 1464 μηνίσκῳ
1184 1394 1492 1465 παγχρύσῳ
1523 1392 1605 1465 τῷ
1641 1395 1776 1448 ἐπτ-

210 1488 397 1560 ιρίθμφ
414 1486 525 1540 τῶν
546 1483 937 1540 θεοπνεύστων
964 1483 1196 1538 συνόδων
1217 1485 1330 1556 ὅρῳ
1350 1483 1429 1556 τῷ
1456 1485 1658 1556 ἑαυτῆς
1676 1483 1776 1539 αὑ-

202 1579 301 1649 ιίνι
332 1577 623 1649 μυστικῶς
665 1577 1099 1647 ἀναρτήσασαν,
1142 1574 1346 1631 ἐσωθέν
1381 1593 1443 1630 τε
1487 1575 1589 1648 τὴν
1619 1576 1778 1641 δόξαν

198 1677 360 1730 πᾶσαν
403 1672 901 1745 περιϐεϐλημένην
934 1672 1029 1727 καὶ
1076 1670 1456 1741 εὐαγγελικῶς
1498 1673 1780 1727 πεποικιλ-

1880 490 2002 530 eum
2040 474 2415 541 verberando;
2464 490 2569 532 nec
2617 477 2692 531 ita
2725 493 2888 534 cursu
2927 478 3217 535 defunctos
3260 491 3319 533 ut
3355 496 3465 535 non

1880 567 2466 635 comprehenderetis:
2502 568 2599 624 sed
2641 568 2821 638 potius
2870 570 2938 625 ad
2989 585 3177 626 eorum
3217 571 3466 626 evasisse

1880 657 2297 729 perfectionem,
2352 674 2586 729 quorum
2617 671 2874 716 anteacta
2927 665 3171 730 corporis
3227 665 3465 734 castiga-

1883 750 2030 805 tione
2062 752 2290 821 probata
2344 752 2522 808 virtus
2574 766 2739 827 super
2786 768 2982 807 aurum
3030 754 3242 807 enituit.
3290 752 3469 809 Nolite

1885 856 2017 897 vero
2061 852 2262 898 vestras
2287 844 2558 899 duntaxat
2583 845 2781 899 salutis
2809 860 2973 899 causa
3003 844 3111 900 Deo
3137 845 3468 916 supplicare;

1883 950 1986 991 nec
2019 936 2142 991 vitae
2173 938 2485 994 monastica:
2529 940 2878 1008 compendio,
2919 940 3064 1008 quod
3108 950 3194 993 est
3226 948 3469 994 vestrum

1882 1027 2239 1095 aemulemini,
2290 1030 2387 1085 sed
2429 1039 2492 1086 ut
2540 1045 2732 1095 omnes
2778 1032 3012 1086 salutem
3064 1042 3472 1101 consequantur

1884 1123 2134 1192 satagite.
2195 1121 2462 1194 Sponsam
2513 1125 2970 1179 formosissimum
3014 1123 3315 1179 Eet-lesiam
3358 1125 3475 1178 exi-

1883 1217 2125 1284 stimate,
2152 1218 2306 1289 cujus
2329 1218 2725 1286 obsequentem
2740 1231 2954 1282 aurem,
2979 1231 3258 1273 rectorum
3277 1233 3342 1271 ac
3373 1231 3475 1286 pu-

1885 1308 2229 1363 rissimorum
2318 1309 2668 1364 decretorum
2743 1310 3102 1379 margaritum
3165 1308 3469 1379 astringat;

1885 1408 2048 1470 caput
2078 1400 2381 1471 gratiarum
2432 1415 2658 1467 corona,
2697 1399 2921 1455 Patrum
2960 1400 3193 1470 eloquiis
3223 1415 3323 1454 ceu
3344 1412 3473 1468 pre-

1886 1493 2200 1548 tiosissimis
2256 1493 2474 1562 capillis
2530 1493 2771 1548 miriﬁce
2841 1493 3147 1564 eﬁ'ulgens,
3208 1495 3488 1564 praeclare.

1884 1585 2102 1655 cingat;
2131 1593 2320 1655 pectus
2367 1595 2594 1654 septena
2623 1585 2933 1639 divinarum
2971 1587 3303 1655 synodorutn
3337 1581 3465 1638 deﬁ-

1887 1678 2025 1732 nitio
2053 1687 2215 1747 atque
2246 1678 2452 1749 regula,
2484 1678 2633 1732 velut
2661 1692 2864 1733 aureus
2890 1685 3135 1747 torques,
3184 1677 3416 1749 mystice
3443 1691 3475 1729 ο

198 1767 352 1837 μένην
378 1767 493 1829 τοῖς
522 1765 703 1837 ίεροίς
726 1764 825 1817 καὶ
859 1764 1081 1833 σεμνοῖς
1105 1761 1489 1832 ἐκτυπώμασι.
1517 1764 1610 1835 Μὴ
1643 1780 1779 1835 πορ-

1895 1769 2025 1826 :ollo
2069 1771 2351 1841 pendens,
2407 1770 2694 1840 magniﬁce
2742 1781 2975 1826 exornet
3008 1788 3023 1825 :
3053 1784 3173 1839 quae
3238 1770 3477 1839 denique

194 1859 333 1921 νικός
358 1875 444 1920 τις
478 1856 577 1910 τὸν
612 1856 820 1927 τρόπον
848 1853 1060 1924 ταύτην
1101 1853 1534 1927 μνηστεύσηταιζ
1566 1856 1779 1928 αἱρετι-

199 1953 288 2023 ιιῆς
316 1953 374 2004 ὲν
396 1950 534 2021 αὐτῇ
558 1949 734 2019 γονῆς
760 1946 1102 2018 ἐπισπείρων
1125 1945 1361 2013 ζιζάνια,
1384 1948 1562 2002 καὶτὸ
1586 1948 1782 2010 κάλλος

198 2043 297 2096 τῶν
322 2043 490 2112 αὐτῆς
515 2039 767 2111 γνησίων
798 2039 896 2092 καὶ
918 2036 1127 2091 τέκνων
1153 2037 1466 2093 νοθεύσειεν
1491 2055 1504 2070 ο
1536 2038 1674 2110 μηδὲ
1702 2038 1784 2110 τῷ

205 2134 389 2205 ἡμέρῳ
427 2133 606 2203 κωδίῳ
633 2132 737 2202 τὴν
782 2131 916 2198 ὑγιᾶ
957 2130 1143 2183 πίστιν
1188 2129 1654 2201 ὑποκρινόμενος,
1691 2130 1784 2183 τὸν

213 2225 420 2280 haehae
453 2225 617 2278 λύκον
652 2225 749 2295 τῆς
797 2223 1057 2286 ἀπιστίας
1114 2220 1455 2293 γυμνώσειεν
1504 2221 1601 2276 καὶ
1644 2221 1780 2292 πρὸς

209 2318 304 2389 ὅρη
333 2318 427 2371 καὶ
456 2318 664 2381 τόπους,
689 2315 789 2379 οὓς
808 2315 912 2369 οὐκ
944 2315 1239 2368 ἐπισκοπεῖ
1269 2312 1497 2385 Κύριος,
1529 2312 1631 2383 τὴν
1664 2310 1781 2365 ποί·
1809 2352 1818 2360 .

202 2426 335 2479 μνην
357 2408 633 2476 ἐξώσειεν.
674 2409 860 2478 Ἐχων
900 2400 995 2460 οὖν
1022 2405 1116 2460 τὸν
1141 2403 1237 2459 τοῦ
1272 2404 1412 2458 Θεοῦ
1443 2404 1615 2474 ἀμνὸν
1644 2403 1781 2474 Χριο

199 2501 316 2554 στὸν
337 2501 428 2554 τὸν
451 2500 879 2570 ἀληθινὸνθεδν
902 2498 1061 2571 ήμῶν
1090 2498 1229 2570 πρὸς
1263 2495 1631 2568 ποιμαντικὴν
1658 2497 1783 2549 tm-

200 2593 403 2664 στήμην
428 2592 742 2665 συνέριθον,
777 2593 874 2647 καὶ
902 2590 1212 2662 βακτηρίαν
1234 2589 1327 2643 τὸν
1352 2587 1523 2643 αὑτοῦ
1550 2586 1786 2658 σταυρὸν

186 2676 326 2757 πρὸς
354 2684 691 2756 ὀρθοτομίαν
735 2685 840 2756 τὴν
878 2684 1119 2755 ποίμνην
1159 2681 1496 2753 ὲρείδουσαν,
1539 2680 1614 2752 μὴ
1649 2681 1786 2734 ἀποο

196 2775 385 2845 τρέπων
431 2777 535 2849 τὴν
578 2776 812 2846 κλῆσιν,
850 2775 989 2847 μηδὲ
1032 2774 1127 2829 τὸν
1170 2773 1378 2828 ἱκέσιον
1428 2773 1586 2844 ἡμῶν
1625 2771 1783 2842 λόγον

206 2866 432 2943 nam“,
470 2871 553 2941 μή
597 2886 687 2923 σοι
720 2868 860 2940 πρὸς
895 2867 1030 2922 Θεὸν
1064 2869 1279 2938 μήνιμα
1315 2864 1565 2936 γένηται.

1882 1862 2027 1918 omni
2051 1865 2117 1917 ab
2139 1864 2284 1918 intus
2307 1864 2480 1933 gloria
2507 1865 2846 1919 circumdata
2883 1864 2976 1929 sit,
3000 1877 3395 1930 sacrarumque
3410 1876 3474 1914 ac

1885 1957 2279 2013 venerabilium
2329 1957 2628 2027 imaginum
2663 1955 2818 2011 vario
2850 1955 3054 2010 amictu
3081 1954 3399 2025 evangelica
3444 1967 3476 2005 e

1887 2050 2099 2104 ratione
2154 2048 2439 2103 lionestata
2493 2048 2795 2117 splendeat.
2873 2048 3193 2103 Cavendum
3250 2055 3340 2100 est
3375 2059 3474 2099 no-

1887 2141 1972 2196 liis
1999 2155 2065 2194 ne
2096 2140 2218 2209 quis
2237 2140 2488 2194 mmcbus
2516 2141 2761 2195 moribus
2784 2140 2928 2194 hanc
2960 2139 3064 2194 sibi
3098 2153 3218 2192 eam
3249 2138 3476 2205 despon-

1890 2231 2036 2294 deat,
2072 2230 2163 2300 qui
2216 2229 2486 2283 Inc-retices
2538 2232 2591 2283 in
2637 2243 2703 2283 ea
2748 2228 2955 2283 sobolis
3003 2227 3212 2283 zizauia
3259 2239 3474 2290 serens,

1891 2332 2148 2372 verorum
2198 2306 2434 2371 [Iliorum
2484 2317 2603 2386 ejus
2652 2318 3120 2388 pulchritudinem
3159 2316 3476 2371 adulteret:

1893 2423 1959 2464 ac
1984 2408 2182 2464 blando
2209 2409 2330 2465 ovis
2353 2409 2554 2464 vellere
2579 2424 2769 2465 sanam
2801 2410 3072 2466 mentiens
3094 2407 3277 2471 ﬁdem,
3303 2408 3482 2461 incre-

1892 2501 2138 2558 dulitatis
2182 2512 2349 2573 atque
2407 2502 2715 2557 ditiidentite
2754 2501 2937 2571 lupum
2974 2501 3120 2556 intus
3164 2501 3347 2553 animo
3384 2499 3482 2553 de-

1891 2604 2061 2665 tegat,
2085 2595 2248 2665 inque
2271 2610 2497 2664 asperos
2525 2606 2738 2651 montes
2761 2611 2825 2649 ac
2850 2597 2987 2660 loca,
3015 2610 3133 2663 quae
3167 2609 3272 2647 non
3296 2591 3480 2646 visitat

1891 2686 2174 2752 Dominus,
2214 2702 2434 2756 gregem
2464 2687 2724 2757 expellat.
2760 2686 2898 2742 Cum
2942 2688 3111 2754 igitur
3146 2698 3344 2756 agnum
3384 2682 3480 2737 Dei

1886 2775 2194 2845 Christum,
2228 2792 2415 2833 verum
2442 2777 2614 2833 Deum
2652 2790 2925 2841 nostrum,
2959 2776 3250 2847 pastoralis
3272 2774 3483 2844 peritia:

1887 2867 2194 2937 adjutorem
2221 2870 2451 2936 habeas,
2482 2870 2795 2940 pedumque
2819 2869 2938 2937 ejus
2966 2883 3206 2934 crucem,
3237 2866 3342 2938 qua
3380 2864 3484 2917 ful-
3592 2870 3595 2875 '

214 2960 576 3028 ciasgregem,
605 2970 667 3014 ιιι
720 2971 870 3016 recto
901 2959 1024 3013 ﬁdei
1061 2960 1280 3013 tramite
1331 2959 1584 3024 incedat;
1624 2973 1693 3014 ne
1738 2959 2086 3016 vocationem
2140 2976 2405 3033 respuas,
2457 2977 2597 3018 neve
2651 2962 2949 3033 supplicem
2984 2970 3229 3016 nostram
3271 2957 3486 3014 oratio-

214 3064 315 3105 nem
344 3067 638 3122 spernens,
680 3053 774 3107 Dei
802 3053 853 3108 in
888 3063 937 3107 te
975 3053 1114 3108 iram
1134 3067 1445 3123 provocare
1466 3066 1787 3122 praesumas.

264 3214 365 3278 ηδ.
390 3210 452 3263 ὐ
473 3209 537 3262 δὲ
558 3213 686 3272 ταῖς
706 3208 805 3262 τοῦ
828 3208 1095 3280 βασιλέως
1122 3208 1450 3281 ὑποθήκαις,
1474 3203 1563 3263 οἷα
1592 3207 1789 3280 βολίσιν

1971 3211 2063 3266 25.
2095 3212 2190 3269 ille
2222 3213 2573 3283 imperatoris
2602 3213 2822 3268 monitis
2850 3228 2913 3267 ac
2938 3212 3306 3277 documentis,
3337 3211 3484 3267 velut

205 3302 263 3354 ὲκ
295 3301 525 3373 καρδίας
557 3299 929 3371 πεμφθείσαις
964 3302 1161 3366 τυπεὶς
1200 3303 1299 3371 τὴν
1340 3301 1606 3365 διάνοιαν,
1643 3300 1750 3370 ἔφη
1772 3317 1785 3331 ·

379 3394 534 3465 ἐμοὶ,
588 3394 758 3463 φησὶν
781 3431 796 3456 ,
822 3389 869 3445 ὧ
896 3391 1154 3462 βασιλεῦ,
1198 3392 1439 3463 ποίμνης
1472 3392 1793 3445 ἐπιστατεῖν

210 3487 411 3557 λογικῆς
444 3486 669 3547 ἐκεῖνος
695 3482 848 3550 ἄξιος
881 3483 1305 3552 καταφαίνεται,
1338 3476 1383 3552 ᾧ
1421 3481 1588 3554 μηδὲν
1619 3483 1688 3552 τῇ
1720 3482 1790 3551 γῇ

213 3577 297 3629 καὶ
328 3575 483 3648 αὐτῷ
515 3574 986 3647 προσῲικείωται,
1037 3572 1222 3627 αὐτῶν
1265 3573 1322 3626 δὲ
1363 3573 1474 3626 τῶν
1523 3571 1794 3643 οὐρανίων

207 3671 396 3740 igitur:
428 3671 720 3744 μηδεμιᾶς
755 3668 1132 3740 κατασπώσης
1156 3671 1423 3740 σαρκικῆς
1461 3667 1597 3735 ὕλης
1627 3666 1795 3730 πόθος

206 3766 442 3837 ἀπλανὴς
461 3767 771 3834 ἐντέτηκεν
790 3762 1251 3836 ὲπιλήψεσθαι,ὃς
1279 3764 1355 3834 μὴ
1382 3764 1503 3825 ταῖς
1524 3778 1796 3833 προφητι-

209 3859 308 3922 κῶς
336 3858 777 3929 ἀπειλουμέναις
796 3859 958 3929 ἀραῖς
983 3855 1128 3910 κατὰ
1149 3853 1257 3909 τῶν
1279 3855 1557 3926 ποιμένων
1579 3851 1795 3924 ἐδείχθη

203 3949 527 4015 ὑπεύθυνος
556 3949 616 4014 ὃς
648 3947 833 4020 τῇτοῦ
885 3947 1306 4019 ’Δρχιποίμενος
1338 3946 1434 4000 καὶ
1467 3949 1631 4016 μόνου
1672 3945 1819 4016 Ἀρι

202 4044 429 4113 neptim;
479 4041 729 4113 Χριστοῦ
780 4040 1016 4112 μιμήσει
1063 4040 1206 4110 ὑπὲρ
1260 4039 1358 4111 τῆς
1411 4038 1649 4109 ποίμνης
1698 4038 1799 4109 τὴν

199 4133 397 4188 ἑαυτοῦ
420 4134 609 4205 ψυχὴν
636 4132 975 4203 προήσεσθαι
1009 4131 1318 4203 πρόθυμοςο
1354 4130 1415 4195 ὃς
1458 4131 1535 4201 μὴ
1568 4129 1707 4200 πρὸς
1738 4130 1799 4182 τὸ

199 4222 351 4277 θύειν
395 4226 499 4277 καὶ
541 4222 839 4277 ἀπολλύειν
887 4220 1240 4294 κλοπιμαίοις
1287 4220 1665 4283 διδασκαλίαις
1710 4219 1799 4274 διὰ

196 4316 295 4386 τῆς
328 4316 665 4390 παραθύρου
695 4318 762 4388 τῇ
801 4314 1019 4387 μάνδρᾳ
1048 4317 1151 4385 τῆς
1199 4312 1532 4387 Ἐκκλησίας
1563 4312 1800 4384 ὲπέρχε..

198 4422 307 4469 ται,
342 4410 485 4479 πρὸς
516 4407 585 4461 τὸ
612 4405 904 4472 ζωοποιεῖν
931 4406 989 4459 δὲ
1018 4405 1112 4459 καὶ
1137 4403 1333 4470 σώζειν
1354 4405 1449 4459 καὶ
1480 4404 1539 4457 ὲν
1559 4406 1670 4467 τοῖς
1697 4404 1801 4474 τῆς

204 4500 439 4564 πίστεως
462 4501 659 4571 σηκοῖς
688 4499 956 4570 ὲγκισσᾷν
979 4497 1049 4551 τὰ
1072 4496 1370 4569 θρέμματα
1395 4495 1797 4567 μεμελέτηκεν,

203 4590 257 4653 ὃς
284 4592 428 4663 πρὸς
462 4594 578 4645 πᾶν
608 4587 741 4661 ἦθός
770 4607 831 4642 τε
864 4591 959 4644 καί
990 4588 1140 4661 βῆμα
1172 4591 1266 4642 καὶ
1296 4588 1518 4660 βλέμμα
1548 4589 1643 4642 καὶ
1673 4591 1800 4642 ἐπι-

200 4682 449 4753 τήδευμα
472 4679 592 4734 τῶν
619 4680 1067 4751 ποιμαινομένων
1095 4678 1380 4750 μερίζεται
1411 4677 1508 4733 καὶ
1536 4678 1673 4749 πρὸς
1700 4678 1800 4750 τὴν

198 4773 438 4829 ἑκάστου
470 4773 783 4845 θεραπείαν
813 4775 1203 4843 ποιμαντικαῖς
1234 4771 1491 4843 φροντίσι
1524 4771 1806 4825 ποικίλλει

190 4881 307 4929 ται,
346 4868 422 4939 τῇ
455 4866 562 4936 μὲν
592 4863 870 4935 βακτηρίᾳ
914 4863 976 4916 τὸ
1012 4862 1196 4917 πλεῖον
1234 4862 1413 4925 διδοὺς
1445 4863 1800 4934 ἐπαναγούσῃ

192 4958 290 5010 καὶ
318 4955 706 5029 ὑπερειδούσῃ
745 4954 844 5008 τοῦ
886 4954 1202 5026 πτώματος,
1232 4952 1390 5023 ὀλίγα
1426 4953 1484 5008 δὲ
1510 4956 1578 5025 τῇ
1619 4954 1801 5027 ῥάϐδῳ

196 5049 699 5124 πμῆσῙχρώμενος
730 5047 998 5119 ἀπλήγως
1031 5047 1348 5121 πληττούση
1375 5046 1471 5101 καὶ
1502 5049 1686 5120 πάσης
1711 5050 1804 5104 ἁν-

198 5146 494 5210 τιπαθείας
516 5142 696 5217 τηρού
706 5159 773 5215 σῃ
797 5144 887 5197 τὸν
915 5142 1040 5198 νοῦν
1061 5144 1485 5215 ἁπαράτρωτον.
1510 5143 1654 5215 Πρὸς
1680 5140 1804 5197 τοῦ-

203 5254 289 5291 τσι
312 5241 721 5312 ἀπαράσκευος
751 5238 1039 5308 τυγχάνων
1070 5237 1182 5307 ἐγὼ
1210 5238 1303 5291 τὸν
1333 5238 1594 5308 πόλεμον,
1631 5240 1803 5309 ἐμαυ-

209 5334 295 5386 ττν
320 5335 584 5390 καθεῖναι
621 5333 686 5386 οὐ
712 5330 972 5403 βούλομαι
1015 5332 1154 5405 προς
1187 5331 1455 5402 ἁοράτους
1488 5331 1583 5385 καὶ
1623 5331 1805 5386 ἀδιαλ-

210 5424 440 5494 ﬁam;
461 5429 569 5483 καί⁵
591 5423 971 5490 ἀδιαλείπτως
1004 5423 1527 5496 παρατεταγμένους
1555 5423 1804 5489 ὁπλίτας.

276 5683 295 5712 ⁷
330 5694 357 5750 ι
389 5693 523 5751 Cor.
554 5708 632 5761 ιι,
668 5692 763 5751 26.
806 5690 827 5719 "
858 5690 968 5745 Jer.
998 5702 1162 5753 χλιιι,
1198 5687 1248 5742 l.
1328 5689 1348 5719 ’
1381 5684 1537 5741 Joan.
1571 5702 1622 5753 κ,
1672 5685 1757 5739 ll.
1796 5708 1799 5715 ε

1890 3302 2090 3372 jaculis
2106 3319 2172 3358 ex
2198 3305 2363 3358 corde
2390 3302 2675 3372 profectis,
2707 3303 2892 3357 animo
2922 3304 3142 3357 saucius
3174 3321 3188 3357 :
3225 3302 3292 3357 At
3325 3303 3481 3362 mihi.

1897 3396 2094 3466 inquit,
2142 3395 2466 3466 imperator,
2502 3396 2549 3451 is
2590 3396 2806 3451 demum
2845 3396 3041 3465 dignus
3099 3396 3339 3462 videtur,
3392 3396 3485 3462 qui

1896 3489 2044 3559 gregi
2081 3488 2332 3544 rationali
2365 3488 2717 3559 praeﬁciatur,
2756 3490 2842 3543 cui
2869 3478 2992 3542 cum
3029 3489 3262 3543 terrenis
3292 3501 3485 3541 neces-

1897 3582 2082 3637 situdo
2121 3582 2269 3636 nulla
2313 3582 2638 3643 intercedit;
2667 3590 2722 3635 et
2754 3581 2841 3634 cui
2883 3580 3138 3636 caelestes
3183 3594 3315 3634 axes
3349 3594 3485 3633 con-

1897 3674 2161 3743 sequendi
2204 3674 2354 3729 nullo
2406 3672 2617 3728 carnali
2665 3670 2861 3726 aﬁ'ectu
2911 3671 3246 3736 retrahente,
3301 3682 3488 3725 certus

1899 3782 2053 3822 amor
2089 3767 2273 3822 animo
2324 3766 2462 3821 ﬁxus
2509 3774 2595 3820 est
2627 3780 2645 3818 :
2678 3764 2771 3834 qui
2824 3764 2960 3818 diris
3014 3764 3121 3817 illis
3168 3761 3486 3832 prophetico

1900 3856 2041 3910 ore'
2075 3857 2341 3910 adversus
2392 3864 2642 3925 pastores
2709 3853 3011 3917 intentatis,
3067 3852 3484 3920 haudquaquam

1900 3947 2170 4004 obnoxius
2208 3948 2585 4018 deprehensus
2631 3955 2716 4001 est
2750 3960 2767 3999 :
2802 3945 2895 4014 qui
2946 3942 3151 3999 Christi
3204 3951 3486 4013 pastorum

1904 4041 2169 4112 principis
2198 4040 2479 4109 soliusque
2502 4039 2776 4109 pontiﬁcis
2800 4035 3049 4103 exemplo
3072 4036 3309 4089 animam
3332 4049 3484 4088 suam

1902 4148 2001 4204 pro
2022 4146 2183 4203 grege
2206 4131 2421 4186 tradere
2449 4138 2672 4199 paratus
2699 4129 2858 4185 est’:
2891 4129 2982 4197 qui
3014 4143 3120 4182 non
3144 4128 3210 4181 ad
3237 4135 3484 4180 mactan-

1904 4227 2031 4280 dum
2088 4235 2254 4295 atque
2315 4224 2656 4295 perdendum
2715 4237 2813 4294 per
2878 4220 3110 4295 furtivas
3179 4219 3488 4283 doctrinas,

1903 4317 2124 4373 aliunde
2173 4332 2335 4386 quam
2381 4331 2478 4383 per
2532 4317 2732 4371 ostium
2782 4313 3087 4382 ingreditur
3123 4311 3176 4365 in
3226 4310 3489 4366 Ecclesiae

1904 4408 2045 4464 ovile
2082 4424 2096 4462 :
2134 4408 2225 4477 qui
2265 4422 2431 4460 unum
2461 4406 2565 4459 hoc
2588 4412 2821 4474 spectet,
2852 4410 2910 4456 ut
2937 4403 3029 4455 det
3056 4400 3243 4464 vitam,
3279 4409 3491 4453 servet-

1907 4515 2012 4569 que
2063 4512 2280 4569 gregem
2338 4496 2689 4555 incolutnent,
2747 4502 2802 4548 et
2853 4493 2906 4546 in
2957 4491 3081 4546 ﬁdei
3131 4489 3304 4545 caulis
3360 4502 3492 4544 oves

1908 4593 2073 4648 faciat
2098 4591 2365 4646 fetiﬁcare
2398 4608 2412 4644 :
2441 4589 2532 4661 qui
2563 4589 2630 4644 ad
2661 4603 2882 4644 omnem
2912 4586 3150 4641 indolem
3178 4597 3489 4653 moresque,

1908 4700 2177 4759 gressum,
2204 4694 2507 4755 aspectum,
2540 4683 2783 4739 studium
2820 4666 3164 4747 subditorum
3198 4680 3496 4744 semetipso

1910 4756 2135 4842 dividat,
2161 4781 2326 4844 atque
2357 4773 2423 4828 ad
2456 4772 2793 4843 singulorum
2829 4787 3016 4827 curam
3048 4768 3312 4840 pastorali
3339 4766 3493 4822 solli-
3598 4756 3614 4772 ’

1911 4867 2156 4923 citudine
2201 4866 2386 4922 varius
2429 4866 2625 4935 suique
2670 4864 2955 4920 dissimilis
3007 4863 3100 4917 ﬁat
3132 4880 3145 4916 :
3173 4861 3327 4931 cujus
3374 4860 3495 4930 pedi

1912 4960 2091 5033 potior
2121 4975 2251 5015 usus
2293 4959 2364 5015 sit
2393 4966 2451 5013 ut
2478 4958 2753 5022 emendet,
2804 4966 2968 5026 atque
2999 4971 3028 5010 a
3063 4955 3216 5025 lapsu
3266 4953 3502 5023 benigne

1912 5052 2101 5107 fulciat
2135 5072 2149 5108 :
2181 5050 2360 5107 rarius
2408 5059 2595 5104 autem
2629 5064 2695 5105 co
2731 5058 2917 5103 utatur
2955 5047 3021 5100 ad
3074 5045 3497 5107 vulnerandum,

1912 5144 2167 5215 quamvis
2211 5143 2433 5211 innoxie
2467 5156 2567 5213 pro
2594 5140 2774 5195 anima
2828 5138 3202 5195 conservanda
3234 5152 3249 5190 :
3276 5134 3368 5204 qui
3404 5137 3501 5188 de-

1918 5238 2085 5308 nique
2110 5238 2279 5292 nullis
2309 5220 2623 5293 diﬂidentim
2642 5233 3169 5300 contrariorumqne
3205 5225 3494 5282 aﬂectuum

1918 5331 2245 5387 vulneribus
2275 5339 2481 5401 pateat.
2508 5330 2587 5383 Ad
2618 5329 2720 5384 ltoc
2755 5328 2940 5398 itaque
2966 5325 3168 5381 bellum
3191 5336 3315 5376 cum
3352 5315 3500 5372 rudis

1919 5424 2021 5481 sim
2060 5433 2116 5480 et
2142 5423 2461 5494 imparatus,
2500 5420 2625 5479 nolo
2657 5421 2773 5492 ipse
2810 5435 2894 5476 me
2925 5420 2978 5474 in
3009 5413 3334 5479 invisibiles,
3360 5412 3502 5485 iugi-
