3986 6442
566 268 634 330 67
1559 271 1617 329 S.
1659 266 2078 329 NICEPHORI
2119 267 2637 328 PATRIARCH/E
2676 267 2786 328 ΟΡ.
3726 276 3785 338 63

571 395 676 449 que
703 380 1035 438 lacessentes
1069 397 1250 454 pugna
1298 391 1464 452 atque
1504 382 1880 452 implacabiles
1908 383 2054 437 acies
2081 397 2146 436 ex

2262 381 2398 454 εάρξ
2437 383 2546 453 γὰρ
2593 383 2896 451 ὑπάρχων,
2931 381 3075 434 ὅπλα
3119 383 3470 451 πνευματικὰ
3511 389 3662 439 κινεῖν
3705 390 3792 462 οὐχ

572 473 806 529 adverso
864 474 1161 531 instructas
1209 477 1528 532 immittere.
1589 476 1800 546 Quippe
1843 489 1977 529 caro
2027 489 2148 529 cum

572 563 700 626 sint,
736 564 878 620 haud
919 581 1040 622 sum
1071 570 1296 624 idoneus
1329 578 1388 622 ut
1419 584 1568 622 arma
1599 568 1866 637 spiritalia
1898 580 2147 620 moveam

2260 474 2572 545 ίκανοῦμαι,
2604 467 2702 538 ὧν,
2734 476 2782 528 el
2807 475 2900 527 καὶ
2929 472 3195 528 πάντοθεν
3224 475 3418 528 ἑαυτόν
3442 491 3519 540 τις
3545 479 3632 550 ὅση
3656 479 3787 536 δύνα.

2259 585 2351 637 μις
2375 567 2756 636 ἀσφαλίσαιτο,
2789 565 2888 637 τὴν
2921 565 3108 634 ἔφοδον
3142 566 3334 637 μαθεῖν
3363 567 3427 619 οὺ
3455 569 3728 640 δυνήσεται.

572 658 836 714 adversus
874 676 992 725 eos,
1025 678 1258 733 quorum
1305 663 1564 717 insultant
1619 669 1783 731 atque
1825 659 2242 730 impressionem
2279 676 2462 726 tietno,
2502 659 2630 716 licet
2675 662 2860 730 quoad
2914 660 3149 714 facultas
3210 669 3297 716 est
3352 661 3578 732 undique
3607 678 3791 736 caveat,

572 749 710 804 satis
745 765 907 806 nosse
945 755 1135 820 possit.

645 843 740 898 24.
773 843 909 899 Tum
944 848 1186 903 vicissim
1233 849 1531 917 imperator
1565 867 1578 902 :
1611 847 1767 902 Nulla
1806 847 1898 901 tibi
1935 857 2150 903 contra-

2324 843 2420 896 κδ’.
2493 842 2550 895 '0
2606 841 2663 894 δὲ
2701 840 2766 912 δὴ
2825 841 3081 912 βασιλεὺς
3134 843 3274 912 πρὸς
3308 842 3468 898 αὐτὸν
3519 845 3799 926 ὑποϐλήδην

573 931 832 989 dictionis
863 937 1004 991 ratio
1020 949 1112 992 aut
1143 949 1436 1007 praetextas
1466 938 1814 1009 relinquitur,
1841 947 1898 994 ut
1926 953 2148 993 sacrum

2262 933 2542 1006 ἡμείὸετοο
2582 933 2789 1001 Μηδείς
2836 949 2918 986 σοι
2970 932 3107 1003 πρὸς
3150 936 3494 1006 ἀφηνιασμδν
3537 941 3628 1010 τῆς
3669 945 3802 1014 ἱερᾶς

574 1025 778 1081 Christi
807 1027 1000 1099 jugum
1049 1032 1322 1086 detractes
1359 1047 1374 1084 :
1410 1031 1526 1100 ipse
1575 1030 1746 1094 enim,
1775 1032 1850 1084 uti
1883 1031 2043 1085 modo
2065 1030 2148 1084 di-

2262 1027 2487 1097 Κριστοῦ
2524 1025 2756 1097 ζεύγλης
2781 1023 3094 1092 ἀντιλογίας
3128 1025 3269 1079 ἔστω
3297 1025 3505 1098 λόγοςῆ
3537 1031 3804 1101 πρόφασις·

576 1119 791 1184 cebam,
833 1122 922 1189 qui
971 1120 1203 1176 Verbum
1239 1131 1342 1188 est,
1376 1122 1635 1190 pastorali
1678 1136 1908 1175 munere
1937 1119 2148 1190 adjutor

2262 1119 2412 1180 ιὺτὸς
2433 1118 2563 1187 γὰρ,
2587 1116 2659 1180 ὡς
2680 1115 2854 1187 ἔφθην
2885 1115 3075 1179 εἰπὼν,
3097 1117 3126 1169 ὁ
3147 1117 3319 1183 Λόγος
3346 1119 3653 1187 ἐπαμύνων,
3678 1141 3804 1196 συμ.

577 1209 824 1276 accedet,
868 1210 1142 1280 addetque
1174 1213 1410 1277 animos,
1444 1227 1565 1281 quae
1613 1211 1879 1266 hactenus
1916 1211 2150 1266 ditb'cilia

575 1299 850 1365 videntur,
904 1301 1062 1371 plana
1108 1304 1333 1358 omnino
1366 1311 1419 1358 et
1449 1305 1701 1372 expedita
1739 1303 1966 1358 faciens.
2011 1303 2154 1372 Ergo

574 1390 934 1461 Nicephorus,
989 1395 1080 1465 qui
1130 1397 1327 1451 divinis
1376 1397 1598 1450 monitis
1644 1397 1898 1449 omnibus
1937 1411 2153 1462 semper

576 1499 783 1539 morem
820 1497 1090 1554 gesserat,
1145 1487 1482 1555 obtemperat
1534 1488 1696 1542 tantis
1737 1488 2006 1541 rationum
2037 1504 2154 1540 meo

578 1577 779 1632 mentis
815 1581 1066 1633 suadenti
1100 1581 1364 1648 Augusto,
1415 1595 1648 1647 eumque
1690 1590 1864 1645 rogat,
1901 1589 1957 1632 ut
1989 1579 2154 1633 laica-

575 1670 682 1724 lem
716 1672 958 1726 habitum
982 1672 1266 1727 monastici
1299 1673 1515 1727 habitus
1543 1672 1784 1741 angelica
1811 1673 2154 1726 institutione

2260 1213 2521 1280 ποιμανεῖ
2561 1209 2657 1262 καὶ
2700 1207 3340 1279 συμπροθυμηθήσεται,
3377 1211 3468 1263 καὶ
3496 1214 3670 1267 πᾶσαν
3699 1216 3811 1285 ὑμῖν

2260 1304 2400 1373 πρὸς
2429 1303 2498 1355 τὰ
2533 1301 2794 1355 δοκοῦντα
2814 1302 2952 1364 τέως
2979 1299 3219 1371 δυσχερῆ
3258 1302 3486 1372 παρέξει
3513 1305 3808 1377 εὐμάρειαν.

2263 1394 2516 1450 Πείθεται
2545 1393 2758 1457 τούτοις
2788 1396 2817 1447 ὁ
2839 1394 3008 1446 πᾶσιν
3027 1393 3113 1446 ἀεὶ
3140 1396 3254 1456 τοῖς
3281 1394 3448 1457 θείοις
3469 1396 3818 1470 πειθαρχήσας

2261 1485 2359 1558 οὐχ
2387 1489 2608 1558 ἥκιστα,
2644 1485 2738 1539 καὶ
2763 1485 2824 1538 τὸ
2859 1485 2957 1556 μὲν
2980 1485 3167 1554 σχῆμα
3195 1484 3290 1536 τοῦ
3333 1484 3524 1539 λαῖκοῦ
3557 1489 3688 1558 πρὸς
3729 1491 3818 1562 τὴν

2263 1580 2356 1634 τοῦ
2401 1581 2672 1650 μονήρους
2716 1577 3054 1649 μεταμεῖψαι
3089 1577 3414 1648 ἁγγελοειδῆ
3445 1579 3714 1635 πολιτείαν
3743 1582 3848 1654 τὸν¹

2263 1673 2488 1744 βασιλέα
2527 1672 2691 1734 εὐθὺς
2733 1671 3116 1742 παρῃτήσατο,
3150 1673 3216 1740 τῇ
3252 1669 3512 1740 ἀκριϐείᾳ
3543 1672 3642 1742 τὴν
3680 1674 3822 1744 ἀκρί.

576 1778 638 1817 ac
662 1764 952 1831 disciplina
985 1774 1198 1820 mutare
1228 1765 1330 1820 sibi
1363 1757 1556 1830 liceat;
1598 1766 1925 1836 adjuttcturo
1959 1766 2148 1820 videli-

2262 1767 2428 1828 ῢειαν,
2459 1765 2556 1816 καὶ
2581 1765 2694 1825 τοῖς
2723 1763 2906 1825 καλῶς
2950 1762 3396 1832 προδιανυσθείσι
3439 1762 3628 1827 πόνοις
3656 1768 3830 1821 ἐπιπο-

574 1863 661 1911 cet
689 1857 812 1910 vitae
844 1856 1113 1911 hactenus
1155 1865 1426 1911 accuratae
1457 1858 1849 1909 accuratiorem
1881 1857 2066 1919 vitam,
2100 1864 2154 1910 et

573 1944 874 2006 laboribus,
899 1946 1098 2013 quibus
1125 1945 1236 2014 jam
1273 1946 1538 2014 praeclare
1579 1946 1801 2001 functus
1833 1958 1973 2010 erat,
2006 1948 2155 2002 labo-

575 2053 695 2091 ruut
745 2038 1143 2092 absolutionem
1208 2041 1492 2107 majorem.
1553 2039 1761 2093 Annuit
1823 2040 2150 2110 imperator,

573 2127 829 2197 sacrique
877 2129 1076 2198 capitis
1117 2132 1377 2184 detonsus
1416 2129 1621 2194 crines,
1656 2129 1749 2184 [itii
1798 2132 1882 2186 sui
1911 2133 2155 2186 domina-

577 2217 714 2273 trice
748 2234 906 2272 manu
930 2218 1035 2288 (η),
1068 2227 1325 2288 tanquam
1359 2219 1478 2286 ejus
1497 2235 1602 2288 qua
1630 2218 1872 2290 fulgebat
1903 2237 2155 2291 purpura:

534 2291 539 2314 ¹
574 2303 842 2374 insignem
871 2317 1152 2371 ornatum,
1200 2308 1400 2377 suscipi
1455 2309 1624 2363 voluit
1656 2311 1950 2366 ambitioso
1980 2311 2155 2365 famu-

573 2393 685 2449 latu
724 2411 738 2450 :
767 2397 996 2451 decebat
1039 2413 1278 2468 namque
1309 2411 1366 2454 ut
1396 2416 1463 2455 ex
1501 2402 1818 2456 summitate
1845 2403 2151 2458 divinarum

571 2487 838 2542 virtutum
865 2488 1048 2543 adulta
1084 2505 1262 2555 conta,
1291 2491 1484 2561 primis
1514 2493 1836 2563 dignitatum
1870 2509 2152 2564 suprema-

574 2594 693 2636 rutn
745 2581 1044 2637 verticibus
1077 2583 1410 2653 stiparetur;
1452 2595 1614 2654 atque
1659 2586 1735 2639 ita
1781 2585 1924 2641 illius
1956 2589 2151 2659 gloria,

574 2674 669 2742 qui
705 2673 774 2729 ad
806 2676 1002 2728 summi
1053 2675 1352 2730 sacerdotii
1389 2678 1598 2746 apicem
1635 2692 1966 2734 ascensurus
2010 2691 2148 2746 erat,

570 2767 866 2821 eminentis
888 2767 1152 2836 obsequio
1179 2767 1364 2835 gloria:
1397 2769 1806 2825 inclaresceret.
1839 2770 2030 2825 Divina
2053 2772 2155 2825 ita-

575 2872 681 2926 que
729 2860 1089 2913 tnonachatus
1143 2860 1454 2917 initiatione
1479 2873 1758 2934 praeeunte
1787 2865 1959 2934 (juxta
2008 2865 2152 2935 quod

569 2965 859 3005 sacrorum
887 2951 976 3005 ille
997 2953 1223 3007 antistes
1253 2953 1582 3023 sapiensque
1613 2955 1910 3027 Dionysius
1943 2960 2149 3027 tradit),

573 3043 925 3112 adhibitaque
1010 3059 1077 3097 ex
1140 3061 1422 3100 sacrorum
1479 3049 1799 3117 praescripto
1858 3065 2148 3118 canonum,

2262 1853 2509 1922 νωτέραν
2533 1851 2841 1923 προστιθεὶς
2863 1851 3206 1920 τελειότητα.
3245 1851 3304 1903 '0
3330 1851 3388 1904 δὲ
3413 1854 3508 1904 καὶ
3529 1854 3825 1921 κατένευσε,

2262 1947 2358 2000 καίΙ
2390 1947 2456 1999 τὰ
2490 1949 2587 2016 τῆς
2621 1946 2770 2016 ίερᾶς
2800 1945 3016 2013 ἐκείνης
3050 1943 3296 2013 κεφαλῆς
3323 1945 3703 2016 ἀποκάρματα
3729 1950 3833 2011 ταῖς

2259 2039 2356 2093 τοῦ
2386 2037 2502 2091 υίοῦ
2531 2039 2622 2091 καὶ
2653 2035 3034 2105 συμϐασιλέως
3059 2036 3273 2106 χερσὶν,
3297 2035 3376 2099 ὡς
3403 2037 3509 2104 τῆς
3535 2039 3833 2109 περικειμέ.

2261 2150 2360 2203 νης
2389 2132 2573 2192 αὐτοῖς
2603 2128 2923 2198 ἁλουργίδος
2954 2125 3260 2197 σεμνολογή
3271 2143 3453 2198 ματα,
3485 2129 3836 2199 ὑπώεχθῆναι

2263 2225 2446 2292 σοφῶς
2476 2221 2797 2275 ἐδικαίωσεν
2817 2236 2830 2249 ·
2863 2219 2970 2272 ἔδει
3009 2218 3121 2286 γὰρ
3148 2218 3248 2286 τὴν
3279 2219 3339 2281 ἐξ
3381 2217 3691 2288 ἀκρότητος
3741 2220 3839 2272 τῶν

2221 2317 2422 2370 -θείων
2461 2313 2672 2384 ἀρετῶν
2704 2314 3004 2383 τραφεῖσαν
3053 2311 3231 2380 κόμην
3275 2313 3400 2374 ταῖς
3447 2309 3701 2381 πρώταις
3746 2311 3843 2364 τῶν

2261 2407 2426 2472 ἀξίων
2463 2405 2886 2479 δορυφορεῖσθαι
2915 2405 3182 2475 ἀκρότησι
3201 2447 3215 2470 ,
3255 2405 3353 2459 καὶ
3379 2406 3464 2476 τῷ
3498 2407 3642 2476 πρὸς
3667 2411 3842 2478 ἀρχιε.

2263 2498 2494 2569 ρατικὴν
2513 2499 2794 2551 ἐπανιέναι
2818 2497 3065 2567 μέλλοντι
3088 2496 3250 2560 δόξαν
3272 2501 3339 2567 τῇ
3370 2499 3848 2572 ιῖνιτερανειςτηιιυίςι⁸

2259 2592 2384 2664 δόξῃ
2416 2590 2854 2662 λαμπρύνεσθαι.
2879 2591 2993 2660 Τῆς
3019 2586 3296 2658 οὖν-θείας
3323 2590 3417 2642 ἐπ’
3450 2590 3612 2659 αὐτῷ
3638 2592 3849 2656 τελετῆς

2260 2682 2354 2736 τοῦ
2396 2682 2633 2752 μοναχοῦ
2671 2681 2954 2753 προδάσης
2999 2680 3144 2734 κατὰ
3185 2680 3277 2733 τὸν
3320 2681 3714 2752 ίεροτελεστὴν
3763 2681 3851 2734 καὶ

2262 2775 2423 2843 σοφὸν
2448 2774 2744 2839 Διονύσιον,
2775 2776 2870 2827 καὶ
2897 2774 2996 2842 τῆς
3024 2775 3313 2844 ἱερατικῆς
3346 2775 3500 2828 κατὰ
3533 2775 3745 2845 βαθμδν
3767 2776 3854 2828 καί

2257 2868 2410 2932 τάξιν
2434 2867 2802 2939 προελθούσης
2823 2867 3070 2920 κατατὸν
3098 2868 3242 2936 ἱερὸν
3265 2867 3480 2937 θεσμὸν
3501 2867 3853 2930 τελειώσεως,

2259 2961 2468 3022 τούτοις
2495 2959 2596 3029 ήδη
2630 2961 2722 3011 καὶ
2754 2961 2786 3028 ἡ
2825 2958 2922 3027 τῆς
2959 2957 3363 3028 ἀρχιερατικῆς
3401 2958 3738 3026 ἁγιαστείας
3770 2959 3862 3009 ἑπ-

2259 3051 2599 3122 ηκολούθησε
2637 3051 3000 3120 διακόσμησις
3019 3064 3031 3077 ·
3072 3051 3280 3120 πηνίκα
3301 3049 3364 3102 δὲ
3395 3051 3499 3103 καὶ
3525 3051 3674 3116 πῶς,
3701 3047 3861 3114 λέξων

571 3148 668 3202 per
706 3137 970 3204 graduum
1006 3137 1367 3205 quorumdam
1401 3138 1622 3206 seriem,
1674 3144 2148 3199 consummatione
2177 3142 2218 3198 C
2254 3144 2507 3214 ἔρχομαι.

569 3227 920 3296 εοεετάοιαιί,
970 3229 1302 3298 pontiﬁcalis
1383 3229 1602 3284 demum
1673 3234 2148 3291 consecrationiss

2266 3249 2349 3290 tus
2403 3246 2486 3289 est
2572 3243 2849 3288 ornatus:

569 3317 816 3373 dicturus
850 3321 1071 3374 accedo.

639 3411 732 3465 25.
769 3411 989 3466 Interim
1021 3427 1256 3482 namque
1285 3415 1606 3482 imperator,
1638 3425 1692 3472 et
1717 3418 1809 3487 qui
1838 3418 1887 3473 ei
1913 3433 2010 3489 pro
2037 3434 2151 3473 ma-

565 3504 768 3574 jestate
801 3505 991 3558 aderat
1019 3516 1266 3570 senatus,
1304 3507 1356 3560 in
1395 3508 1633 3562 maxima
1673 3513 2152 3582 constitutusade

571 3600 640 3650 ad
673 3598 969 3652 tremenda:
1002 3598 1452 3654 ltesurrectionis
1491 3600 1563 3670 (ο)
1598 3601 1922 3658 celebranda
1947 3604 2149 3659 solem-

571 3691 696 3754 nia,
754 3691 878 3744 dum
937 3705 1154 3744 sacrum
1219 3691 1369 3745 illum
1426 3693 1672 3756 chorum
1708 3711 1876 3749 aureo
1935 3695 2150 3767 fulgore

572 3781 850 3834 rutilantia
898 3781 1100 3835 lumina
1136 3784 1352 3838 abunde
1383 3796 1756 3856 aspergereut,
1808 3787 2038 3858 luceque
2066 3789 2150 3843 ni-

569 3885 667 3926 vea
711 3872 1039 3929 immortalis
1086 3875 1234 3931 illius
1265 3876 1530 3931 claritatis
1580 3877 1902 3947 splendores
1954 3881 2150 3951 pradi-

569 3974 776 4030 carent,
827 3975 883 4018 et
919 3966 1099 4020 omnis
1147 3966 1404 4021 Ecclesia:
1455 3969 1609 4023 turba
1662 3971 1894 4024 candido
1945 3971 2148 4026 amictu

568 4058 800 4123 micans,
854 4060 1242 4128 conﬂuxisset;
1293 4061 1655 4132 Nicephorus,
1708 4064 1948 4118 divinum
1994 4063 2147 4116 illum

568 4149 694 4204 ﬁdei
729 4161 933 4206 tomum
981 4152 1079 4224 (ρ),
1129 4153 1226 4210 abs
1261 4169 1320 4210 se
1347 4154 1476 4210 olim
1526 4155 1812 4225 scriptum,
1859 4155 2150 4224 cordisque

567 4259 633 4298 ac
659 4245 770 4299 oris
819 4244 1162 4301 confessione
1204 4249 1518 4317 probatum,
1563 4259 1618 4304 et
1644 4249 1792 4303 clero
1827 4248 1902 4302 illi
1930 4264 2028 4303 suo
2057 4264 2148 4304 so-

573 4335 746 4390 lemni
779 4336 1180 4393 acclamatione
1204 4339 1468 4403 oblatutn,
1493 4351 1602 4408 prae
1633 4341 1884 4394 manibus
1921 4341 2147 4404 habens,

2914 3233 3133 3303 quando
3189 3241 3382 3288 autem
3444 3248 3512 3289 ac
3570 3233 3868 3303 quomodo,

2328 3424 2423 3471 κε’.
2474 3416 2666 3471 Ἡνίκα
2701 3415 2809 3486 γὰρ
2847 3413 3100 3484 βασιλεύς
3133 3431 3192 3466 τε
3222 3414 3320 3468 καὶ
3365 3415 3404 3486 ἠ
3442 3417 3586 3486 περὶ
3620 3415 3694 3468 τὰ
3723 3416 3876 3487 βασί-

2253 3509 2373 3562 λεια
2419 3506 2725 3578 σύγκλητος
2768 3507 2826 3558 ἐν
2860 3503 2937 3574 τῷ
2971 3503 3212 3572 μεγίστῳ
3250 3505 3362 3578 νεῴ
3406 3505 3638 3578 παρῆν,
3678 3507 3750 3559 τὰ
3788 3506 3883 3574 τῆς

2253 3616 2288 3668 φ
2299 3597 2494 3670 ρικτῆς
2523 3595 2903 3658 Ἀναστὰσεως
2928 3594 3340 3658 ὲπιτελέσοντες
3370 3594 3582 3665 ὄργια,
3606 3596 3779 3666 ἡνίκα
3796 3597 3882 3648 τὸν

2255 3691 2400 3762 ἱερὸν
2426 3679 2601 3760 χῶρον
2639 3689 2848 3740 ἐκεῖνον
2879 3686 3228 3758 ἠχρυσὴλιος
3257 3690 3619 3759 φωτοχυσία
3644 3689 3887 3759 δαψιλῶς

2255 3783 2618 3852 σελαγίζουσα
2643 3783 2738 3852 τῆς
2759 3779 3124 3849 ἐλπιζομένης
3146 3780 3460 3848 ἁδιαδόχου
3486 3783 3890 3856 λαμπρότητος

2253 3878 2353 3940 τὰς
2404 3877 2776 3947 μαρμαρυγὰς
2831 3873 3248 3944 ὑπεκήρυττεν,
3290 3875 3487 3942 ἡνίκα
3545 3878 3668 3939 πᾶς
3721 3877 3749 3929 ὁ
3801 3875 3894 3944 τῆς

2266 3968 2597 4038 Ἐκκλησίας
2623 3964 2990 4036 λευχειμονῶν
3026 3965 3325 4035 συνέρῤεεν
3359 3965 3610 4035 ὅμιλος·
3647 3967 3777 4018 τότε
3811 3965 3894 4033 δὴ,

2252 4063 2374 4116 τότε
2420 4061 2510 4113 τὸν
2553 4059 2653 4128 τῆς
2702 4058 2942 4119 πίστεως
2999 4054 3091 4108 ὑπ’
3145 4054 3318 4108 αὑτοῦ
3373 4059 3775 4128 προταγὲντα
3813 4057 3905 4109 καὶ

2250 4151 2709 4224 διομολογηθέντα
2743 4148 2942 4219 καρδίᾳ
2973 4147 3065 4199 καὶ
3098 4145 3364 4216 στόματι,
3416 4143 3558 4200 εἶτά
3599 4165 3666 4200 τε
3705 4150 3803 4200 καὶ
3831 4145 3904 4213 τῷ

2254 4246 2378 4301 κατ’
2422 4243 2585 4298 αὐτὸν
2636 4241 2825 4311 κλήρῳ
2884 4239 3378 4310 προσφωνηθὲντα
3412 4282 3429 4304 ,
3503 4241 3676 4297 est,”
3740 4242 3910 4295 τόπον

2252 4337 2443 4409 χερσὶν
2495 4333 2940 4404 ἐπειλημμένος,
2991 4331 3085 4383 ἐπὶ
3139 4331 3240 4401 τὴν
3289 4331 3476 4387 θείαν
3539 4334 3911 4405 χειροθεσίαν

563 4429 633 4483 ad
665 4429 908 4483 divinam
932 4443 1191 4484 manuum
1227 4431 1636 4500 impasitionetn
1667 4433 1930 4499 accessit;
1970 4434 2148 4486 iucor«

2262 4431 2398 4481 ἵετο·
2423 4425 2614 4479 τοῦτον
2649 4422 3118 4495 ἁπαρέγγραπτον
3149 4423 3584 4496 ἐπιϐοώμενος
3624 4428 3917 4499 μάρτυρα,

563 4531 782 4590 ruptum
816 4537 940 4577 eum
975 4531 1173 4584 testem
1209 4525 1473 4580 invocans
1505 4527 1855 4595 edicettSque,
1899 4525 2033 4579 velle
2066 4540 2144 4588 se,

565 4612 610 4666 si
650 4615 778 4682 quid
816 4629 1030 4679 eorum,
1058 4629 1178 4684 quae
1201 4617 1255 4671 in
1294 4617 1389 4672 illo
1423 4619 1625 4687 scripta
1659 4629 1866 4684 essent,
1907 4634 2145 4689 unquam

565 4704 846 4772 violasset,
892 4721 1015 4760 cum
1059 4723 1185 4762 vera
1215 4709 1319 4763 hac
1350 4720 1516 4779 atque
1561 4711 1779 4764 sincera
1809 4711 2147 4780 professione

560 4797 830 4869 cultuque
868 4810 1051 4855 astare
1085 4802 1137 4854 in
1174 4804 1410 4856 adventu
1462 4803 1645 4872 magni
1679 4805 1770 4858 Dei
1801 4818 1864 4857 ac
1892 4803 2145 4859 Salvato-

562 4889 642 4942 ris
669 4889 888 4944 nostri:
913 4890 1203 4962 ipsumque
1233 4903 1357 4962 post
1388 4893 1664 4948 celebrata
1690 4910 1854 4964 super
1880 4911 1945 4950 eo
1962 4897 2145 4952 divina

560 4981 845 5051 mysteria,
895 4997 1036 5052 pone
1077 5000 1290 5038 sacram
1341 5000 1584 5040 mensam
1635 4986 1782 5041 velut
1811 5002 2142 5043 consecran-

558 5073 713 5138 dum,
758 5076 1030 5144 roburque
1061 5087 1114 5129 et
1144 5079 1524 5133 auctoritatem
1563 5093 1590 5132 a
1621 5077 1730 5132 Deo
1771 5094 1838 5134 ex
1872 5078 1987 5149 ipsa
2037 5079 2141 5144 loci

563 5163 825 5233 religione
859 5177 1308 5234 consecuturum,
1356 5169 1618 5239 reposuit.
1653 5169 2137 5225 Sacramentorum

558 5268 742 5310 autem
771 5257 1138 5315 celebratione
1171 5262 1354 5314 divino
1386 5257 1567 5316 afﬂatu
1592 5276 1656 5318 ac
1690 5271 1821 5317 nutu
1847 5263 2138 5332 completa,

559 5352 868 5406 voctt‘erans
889 5353 1151 5424 populus:
1177 5353 1380 5425 Dignus
1406 5369 1569 5426 super
1597 5356 1779 5427 digno,
1801 5356 1940 5411 trina
1961 5357 2142 5411 accla-

631 5531 711 5605 (ιι)
751 5529 1076 5605 _Stauracius
1126 5550 1152 5585 a
1185 5543 1343 5601 patre
1378 5534 1655 5603 particeps
1683 5537 1941 5604 Augustae
1977 5537 2142 5605 maje-

561 5600 722 5652 statis
748 5601 923 5655 factus
955 5617 1098 5656 anno
1125 5600 1229 5659 805
1262 5600 1445 5658 men—sc
1473 5600 1776 5658 Decembri.

631 5673 710 5741 (ο)
737 5671 832 5726 Die
862 5671 927 5725 l2
961 5673 1189 5743 Aprilis,
1224 5679 1376 5744 tyClO
1405 5677 1535 5731 solis
1564 5689 1642 5742 ιιι,
1678 5677 1816 5732 luna:
1847 5691 1924 5744 Ix,
1961 5675 2139 5733 littera

2247 4523 2294 4574 εἰ
2329 4518 2690 4591 παρατρώσαι
2719 4533 2772 4569 τι
2807 4515 2915 4568 τῶν
2939 4519 2995 4568 ἐν
3022 4515 3172 4585 αὐτῷ
3207 4522 3752 4590 σεσημασμένων,
3781 4518 3920 4572 ἀλλὰ

2251 4614 2391 4686 μετὰ
2419 4611 2628 4682 ταύτης
2659 4609 2760 4679 τῆς
2790 4608 3058 4679 ἀληθινῆς
3086 4610 3178 4661 καὶ
3207 4609 3602 4682 εἰλικρινοῦς
3647 4615 3924 4686 λατρείας

2247 4708 2305 4758 ἐν
2335 4708 2401 4776 τῇ
2451 4705 2658 4774 φοϐερᾷ
2689 4704 2783 4755 καὶ
2811 4702 3011 4772 ἐνδόξῳ
3040 4701 3253 4754 ἐλεύσει
3299 4703 3416 4756 τοῦ
3459 4709 3744 4777 μεγάλου
3789 4707 3927 4761 Ε)εοῦ

2247 4781 2343 4852 καὶ
2382 4796 2637 4867 Σωτῆρος
2671 4795 2829 4868 ἡμῶν
2883 4796 3280 4865 παραστῆναι·
3350 4797 3424 4852 ὃν
3468 4805 3587 4854 καὶ
3629 4803 3796 4875 μετὰ
3837 4803 3936 4875 τὴν

2245 4889 2629 4958 τελεσιουργὸν
2658 4890 2746 4941 ἐπ’
2786 4887 2937 4958 αὐτῷ
2976 4889 3402 4958 μυσταγωγίαν
3449 4892 3674 4966 ἔνερθε
3713 4896 3830 4966 τῆς
3867 4899 3940 4948 ls-

2253 4986 2354 5055 ρᾶς
2413 4981 2695 5053 τραπέζης
2748 4979 3165 5050 ἀπεθησαύρισε
3224 4982 3943 5060 καθαγιασθησόμενον.

2253 5076 2346 5127 καὶ
2390 5071 2710 5143 παρὰ-Θεοῦ
2747 5071 2808 5123 τὸ
2855 5071 3078 5142 βέϐαιον
3129 5073 3208 5134 είς
3244 5073 3591 5149 ἀποδοχὴν
3633 5082 3946 5154 κληρωσό-

2255 5185 2435 5238 μενον.
2487 5167 2598 5237 Τῆς
2632 5161 2726 5218 οὖν
2774 5167 2925 5236 ἱερᾶς
2977 5165 3203 5236 τελετῆς
3262 5169 3600 5248 ἐπιπνοίᾳ.
3641 5175 3786 5250 θείᾳ
3847 5177 3950 5247 τὴν

2251 5261 2556 5332 περαίωσιν
2595 5260 2886 5331 εἰληφυίας
2913 5299 2926 5324 ,
2971 5261 2999 5312 ὁ
3035 5260 3164 5324 λαὸς
3208 5260 3358 5329 τὴν,
3417 5267 3651 5336 ’Ἄξιος
3717 5273 3826 5324 ἐπὶ
3877 5269 3956 5340 τῷ

2249 5357 2407 5427 ἀξίῳ,
2437 5356 2560 5409 κατ’
2590 5354 2749 5418 ἀξίαν
2774 5355 2961 5426 φωνὴν
2987 5356 3228 5428 τρισσῶς
3258 5357 3712 5434 ὑπεκρίνατο,
3748 5365 3961 5423 Ἔνθεν

2251 5535 2570 5590 Dominicali
2602 5535 2649 5589 Β
2678 5534 2887 5590 Pascha
2923 5537 3265 5593 celebratum
3324 5550 3458 5597 est.

2323 5607 2397 5675 (ν)
2422 5606 2850 5684 Atttirrlieticum
2877 5607 3018 5677 ejus,
3049 5609 3113 5665 dc
3133 5623 3246 5678 quo
3280 5624 3486 5684 supra
3517 5628 3768 5684 actum,
3803 5621 3961 5676 vide-

2252 5673 2344 5733 tur
2375 5673 2568 5733 auctor
2601 5673 2928 5748 ﬁttelligere}
