3986 6432
498 256 561 324 71
1502 256 1568 318 S.
1611 261 2029 320 NICEPHORI
2070 261 2580 322 PATRIARCHE
2616 264 2704 323 CP
3383 313 3387 318 ι
3657 271 3720 336 ’ἴὲ

499 373 736 443 amplexi
765 371 848 426 vel
878 370 1200 438 arnpleauri,
1234 383 1518 426 sacrarum
1551 372 1820 441 virginum
1851 373 1919 443 (ε)
1952 372 2082 424 a-di-

2195 390 2377 444 μενοι,
2415 375 2447 446 ἢ
2499 377 2596 428 καὶ
2637 371 2858 427 ἑλέσθαι
2914 371 3242 442 εὐξάμενοι,
3298 375 3551 444 προφάσει
3581 377 3722 448 δῆθεν

502 467 602 521 bus
633 466 809 519 vicina
854 465 1186 518 monasteria
1223 464 1552 517 exstruenda
1588 464 1689 517 sibi
1725 472 2076 533 putaverant,

499 559 738 625 quodam
772 557 854 611 vel
884 555 1162 611 afﬁnitatis
1199 557 1398 610 intuitu
1423 556 1502 609 vel
1531 555 1758 610 alterius
1792 557 2076 622 cujusdam

501 649 924 704 necessitudinis
964 658 1213 716 respectu
1247 648 1489 703 adducti.
1524 647 1594 701 Et
1627 648 1678 701 hi
1704 648 1925 716 quidem
1962 664 2081 700 ma-

501 740 762 796 nifestum
793 757 913 795 cum
936 742 1140 795 eisdem
1161 740 1582 795 contubernium
1617 738 1759 792 haud
1794 739 2084 793 dilllculter

500 849 734 897 cavere,
795 833 1155 902 suspicionem
1209 840 1391 885 tamen
1448 828 1686 900 cﬂ‘ugere
1735 827 2083 896 cogitationis

499 927 727 979 occulta:
778 927 1001 979 omnino
1038 927 1210 979 vitare
1259 939 1363 979 non
1401 933 1674 991 poterant.
1713 921 1886 976 Erant
1935 923 2079 976 enim

500 1019 609 1074 illis
642 1018 824 1072 omnia
855 1017 1186 1080 communia,
1221 1024 1334 1070 tum
1367 1015 1593 1084 przedia,
1623 1024 1734 1068 tum
1770 1015 2081 1078 facultates,

502 1126 660 1164 secus
713 1120 872 1178 plane
921 1123 983 1162 ac
1026 1109 1092 1161 de
1140 1106 1393 1160 ﬁdelibus
1429 1107 1704 1176 quondam
1761 1114 2079 1172 nSurpatum

501 1202 698 1258 fuerat.
740 1201 817 1254 ΙΙΙὶ
855 1215 1091 1268 namque
1124 1199 1385 1268 praclara
1437 1214 1617 1252 rermn
1650 1196 1999 1252 abdicatione
2030 1196 2083 1250 id

501 1294 898 1364 praeoptabaul,
931 1293 1072 1362 quod
1123 1307 1414 1348 commune
1452 1300 1571 1346 erat
1607 1306 1620 1343 :
1657 1290 1746 1346 hic
1781 1305 1910 1346 vero
1941 1289 2082 1343 mala

499 1385 739 1441 Omnium
777 1386 1163 1440 communione
1195 1385 1360 1439 ﬁebat
1395 1399 1460 1438 ne
1491 1385 1589 1438 ista
1635 1383 1737 1437 rite
1763 1383 2086 1438 abdicaren—

501 1490 628 1547 tnr;
661 1490 890 1549 eratque
925 1477 1170 1550 pl‘iIECClSl
1217 1478 1455 1532 instituti
1506 1477 1760 1531 conlusio
1807 1476 2083 1545 quaedam,

503 1588 674 1642 usque
724 1575 860 1625 adeo
905 1580 964 1625 ut
998 1587 1118 1641 qua:
1167 1571 1542 1642 virginitatem
1604 1569 1850 1638 professa
1913 1577 2082 1634 esset,

501 1665 718 1719 cunctis
748 1664 920 1731 stupri
948 1672 1203 1733 suspecta
1233 1664 1545 1716 haberetur.
1578 1660 1701 1716 llaec
1721 1662 1904 1730 itaque
1934 1675 2086 1712 mens

503 1753 590 1808 il’a
619 1753 910 1822 purissima
953 1766 1140 1806 sccmn
1170 1752 1554 1816 considerans,
1593 1750 1736 1804 nulla
1766 1749 2087 1819 interposita

503 1859 654 1898 mora
687 1845 952 1913 providit,
991 1858 1057 1897 ne
1089 1843 1314 1898 omnino
1347 1859 1534 1897 casum
1580 1836 1819 1913 aliquem
1867 1841 2090 1895 induce-

502 1944 584 1988 ret
627 1935 830 1988 ittalum
894 1932 1287 2003 periculosum,
1327 1934 1493 2003 inque
1536 1944 1748 2002 turpem
1808 1932 2087 1986 libidinem

499 2029 729 2084 allectus
776 2039 1113 2098 erumperet.
1169 2025 1362 2096 Itaque
1399 2027 1702 2098 apostolica
1757 2027 2091 2082 auctoritate

502 2129 684 2184 utens,
716 2117 962 2171 addictos
997 2116 1074 2170 illi
1103 2118 1414 2185 episcopos,
1446 2129 1494 2169 et
1533 2118 1622 2185 qui
1656 2114 1892 2170 Phinees
1924 2131 2090 2170 temu-

504 2213 760 2264 lationem
799 2211 985 2264 animo
1017 2209 1239 2262 inlisam
1275 2209 1562 2275 haberent,
1593 2210 1697 2264 sibi
1725 2209 1925 2279 delegit
1955 2225 2092 2279 prae.

502 2319 671 2360 cones
705 2303 837 2373 :qui
878 2301 1110 2356 subinde
1162 2299 1316 2354 missi
1349 2314 1456 2367 quo
1506 2315 1644 2369 opus
1675 2307 1792 2354 erat
1821 2299 2089 2353 canonico

503 2398 737 2468 pugione
770 2395 945 2450 morbi
977 2393 1130 2450 nefas
1167 2401 1623 2463 compnngerent,
1653 2403 1818 2462 atque
1845 2390 2092 2446 admoui-

507 2492 646 2545 toria
710 2488 1010 2544 lenitudine
1075 2487 1335 2542 sisterent
1393 2485 1800 2556 contagionem.
1856 2483 1917 2538 lli
1962 2498 2092 2554 ergo

504 2595 946 2653 quaqumersum
989 2577 1247 2649 profecti,
1281 2578 1368 2632 ubi
1405 2577 1451 2632 is
1486 2577 1708 2632 morbus
1759 2578 2088 2642 increverat,

506 2691 571 2730 ac
615 2674 929 2729 salubribus
979 2681 1286 2742 opportune
1323 2669 1405 2724 usi
1459 2669 1718 2724 remediis
1744 2709 1759 2734 ,
1791 2672 2091 2724 obscenum

505 2767 705 2821 vulnus
741 2777 798 2819 ut
841 2765 1229 2828 obducerctur,
1287 2763 1468 2818 studio
1520 2760 1868 2817 ell'ecerunt:
1905 2761 2092 2831 procul

504 2873 536 2912 a
566 2857 699 2911 viris
747 2865 1099 2925 segregantes
1167 2853 1497 2908 feminarum
1545 2853 1909 2907 contubernio
1944 2851 2094 2905 addi-

506 2953 625 3000 ctas
662 2945 954 3008 tedicnlas,
998 2953 1053 2998 et
1097 2958 1194 2999 eas
1244 2959 1428 2997 rerum
1461 2944 1898 2998 necessariarum
1935 2943 2090 3011 copia

506 3038 721 3092 abunde
773 3038 1128 3100 instruentes,
1189 3049 1259 3090 ne
1297 3035 1515 3088 illarum
1565 3034 1796 3102 penuria
1870 3033 2090 3087 occasio

506 3130 639 3201 ipsis
689 3130 826 3184 foret
877 3128 1109 3182 luxuria:
1145 3127 1197 3180 in
1233 3127 1556 3180 memoriam
1602 3127 1942 3188 revocanda},
2000 3126 2095 3179 tie-

507 3234 741 3291 rentque
772 3220 1073 3275 novissima
1110 3219 1291 3288 priore
1318 3217 1408 3270 illa
1444 3215 1857 3271 consociatione
1887 3217 2092 3287 pejora.

511 3313 666 3368 Viros
708 3322 888 3366 autem
927 3313 992 3365 ad
1039 3321 1299 3367 consueta
1357 3310 1602 3379 ipsorum
1659 3310 1846 3361 munia
1876 3324 1938 3363 ac
1975 3325 2084 3361 mo-

508 3405 770 3470 nasteria,
806 3414 894 3457 aut
943 3403 1124 3472 potius
1169 3403 1234 3456 ad
1279 3398 1556 3456 internum
1611 3401 1877 3472 cujusque
1926 3401 2093 3455 animi

506 3513 698 3553 curam
753 3497 1165 3564 ablegavcrunt,
1211 3495 1292 3549 eis
1326 3496 1644 3558 suadentes,
1677 3503 1733 3546 ut
1771 3505 2028 3562 tanquam
2064 3510 2093 3546 a

508 3603 693 3643 morsu
752 3587 962 3642 colubri
1013 3603 1038 3641 a
1092 3587 1422 3641 letninarnm
1498 3586 1748 3642 convictu
1809 3586 2092 3656 fugerent,

508 3696 578 3734 ne
659 3681 784 3749 quis
855 3695 949 3749 per
1009 3677 1402 3748 cogitationum
1474 3676 1701 3745 jauuam
1771 3675 2094 3731 libidinosus

508 3787 815 3825 consensus
866 3769 1212 3834 subintrans,
1263 3769 1448 3824 animo
1506 3769 1670 3822 telum
1724 3768 1976 3838 inﬁgeret
2031 3785 2095 3824 ac

509 3864 801 3917 sauciaret.
859 3861 1011 3916 lluuc
1059 3862 1111 3915 in
1162 3862 1382 3914 modum
1443 3860 1529 3914 isti
1593 3860 1867 3913 castitatis
1927 3859 2096 3914 duces

508 3971 724 4010 onmem
767 3970 956 4008 curam
1002 3967 1160 4007 sacro
1210 3953 1604 4006 monachorum
1660 3952 1812 4021 gregi
1855 3952 2096 4020 regendo

510 4049 855 4110 adhibentes,
897 4045 1060 4100 utiles
1087 4046 1170 4100 sui
1203 4045 1388 4114 cperis
1441 4057 1654 4099 merces
1682 4057 1805 4097 cum
1839 4042 2096 4097 laudabili

510 4141 699 4197 fenore
731 4139 873 4210 apud
907 4148 1185 4208 pastorum
1231 4137 1535 4207 principem
1591 4133 1892 4190 incolumes
1947 4148 2097 4188 recc-

511 4245 726 4305 perunt.

579 4327 672 4382 28.
705 4326 845 4393 Quin
878 4325 1044 4380 etiam
1088 4323 1505 4394 quibttscunque
1539 4319 1591 4373 in
1629 4319 1857 4374 urbibus
1907 4318 2095 4387 vigen-

2185 468 2507 537 ἀγχιστείας
2535 467 2568 537 ἢ
2601 466 2696 519 καὶ
2726 467 2824 535 τῆς
2851 465 3018 536 ἄλλης
3062 466 3171 519 τῶν
3219 467 3488 536 ὀνομάτων
3517 470 3722 542 εὐνοίας,

2185 558 2315 626 ἄγχι
2344 576 2416 629 πη
2450 557 2558 612 τῶν
2581 556 2947 628 παρθενώνων
2978 555 3048 609 τὰ
3082 556 3296 610 ἑαυτῶν
3339 563 3726 630 καταπηγνύναι

2183 649 2294 701 δεῖν
2322 650 2582 721 ᾠήθησαν
2611 650 3060 721 ἀσκητήρια,τὴν
3086 649 3187 720 μὲν
3217 649 3476 720 πρόδηλον
3499 655 3726 723 συνοίκη-

2187 759 2272 810 σιν
2301 741 2619 810 φεύγοντες,
2644 741 2743 811 τὴν
2773 742 2836 792 ἐκ
2861 739 2972 793 τῶν
3001 739 3285 810 λογισμῶν
3317 740 3373 794 δέ
3408 744 3722 810 συγκατάθε-

2188 851 2269 887 σιν
2297 835 2581 906 διαδρᾶναι
2605 833 2887 896 παντελῶς
2909 834 2971 886 οὐ
2989 828 3413 903 δυνάμενοι.Ἶίν
3435 835 3538 906 γὰρ
3566 837 3732 903 αὑτοῖς

2186 929 2366 982 πάντα
2389 929 2545 981 κοινὰ
2565 927 2658 980 καὶ
2692 928 2953 996 κτήματα
2984 927 3075 980 καὶ
3108 926 3393 998 ὑπάρξεις,
3424 928 3668 994 ἐναντίως
3696 933 3729 1004 η

2185 1021 2245 1073 τὸ
2274 1037 2338 1072 πε
2351 1020 2403 1090 pl
2433 1020 2541 1072 τῶν
2568 1020 2938 1071 πιστευόντων
2971 1018 3136 1071 πάλαι
3171 1018 3479 1087 λεγόμενον.
3497 1020 3736 1084 Ἐκείνοις

2190 1109 2290 1180 μέν
2323 1110 2431 1181 γὰρ
2464 1109 2520 1162 ἐν
2552 1110 2630 1180 τῷ
2661 1109 2841 1172 καλῶς
2869 1110 3215 1163 ἀποκτᾶσθαι
3245 1109 3313 1163 τὰ
3346 1109 3471 1163 ὄντα
3495 1109 3552 1163 τὸ
3577 1112 3736 1165 κοινὸν

2188 1202 2614 1272 προὺτετίμητο,
2656 1201 2893 1255 ἐνταῦθα
2923 1201 2981 1254 δὲ
3004 1200 3082 1271 τῷ
3111 1202 3180 1255 τά
3213 1201 3393 1255 πάντα
3418 1201 3600 1264 κακῶς
3637 1219 3742 1257 κοι-

2187 1293 2412 1348 νοῦσθαι
2444 1296 2505 1346 τὸ
2539 1295 2613 1365 μὴ
2645 1291 2989 1348 ἁποκτᾶσθαι
3024 1292 3203 1356 καλῶς
3239 1293 3741 1363 ἐπεπραγμάτευτο·

2188 1387 2282 1440 καὶ
2304 1382 2372 1456 ἦν
2406 1384 2670 1455 σύγχυσίς
2695 1402 2778 1448 τις
2807 1384 2902 1437 τοῦ
2942 1383 3286 1456 ὑψηλοτάτου
3320 1383 3434 1453 βίου
3458 1423 3472 1448 ,
3519 1385 3609 1437 καὶ
3649 1387 3748 1449 πᾶς

2188 1480 2332 1542 ὅστις
2369 1478 2426 1530 ἐν
2471 1477 2681 1548 ὑποψίᾳ
2727 1477 2988 1547 πορνείας
3019 1477 3080 1530 τὸ
3123 1476 3224 1545 τῆς
3269 1475 3568 1548 παρθενίας
3611 1474 3745 1548 εἶχεν

2191 1572 2542 1641 ἐπάγγελμα.
2586 1570 2758 1623 Τοῦτο
2813 1571 3032 1623 σκοπῶν
3064 1571 3272 1634 ἐκεῖνος
3317 1570 3346 1620 ὁ
3380 1567 3753 1640 καθαρώτατος

2190 1664 2336 1727 νοῦς,
2370 1665 2632 1734 οὐδεμίαν
2659 1662 2972 1734 παράτασιν
3001 1662 3262 1732 χρονικὴν
3293 1661 3606 1730 ὑπέμεινεν,
3629 1660 3660 1730 ἢ
3685 1660 3756 1732 τῷ

2191 1756 2448 1824 πτώματι
2472 1756 2730 1809 ἐνδέδωκε
2763 1754 3022 1809 παντελεῖ
3045 1753 3426 1826 περιπαρῆναι
3453 1752 3643 1824 κηλίδα
3672 1753 3760 1808 καὶ

2191 1849 2462 1916 ἐξοκεῖλαι
2518 1847 2656 1919 πρὸς
2700 1847 3042 1918 ἡδυπαθείας
3090 1831 3423 1916 ἐμπάθειαν.
3497 1845 3653 1900 Ἀλλά
3696 1848 3757 1918 τῇ

2189 1941 2527 2012 ἀποστολικῇ
2567 1940 2830 2012 αὑθεντία
2860 1939 3232 2012 χρησάμενος,
3259 1939 3394 2002 τοὺς
3423 1937 3520 1990 ἐπὶ
3552 1937 3758 2009 φυλανῇ

2190 2037 2394 2107 ταύτης
2453 2033 2701 2106 ὁρῶντας
2751 2033 2848 2086 καὶ
2905 2040 2996 2086 τὸν
3025 2028 3210 2094 Φινεὲς
3269 2030 3434 2100 ζῆλον
3488 2030 3764 2100 ἐγκάρδιον

2191 2131 2413 2202 ἔχοντας
2443 2129 2722 2198 ἀρχιερεῖς
2763 2123 3203 2193 ἀπολεξάμενος,
3251 2123 3328 2186 ώς
3372 2121 3468 2175 ἐπὶ
3519 2121 3762 2192 δεύτερον

2191 2221 2541 2291 ἐξαπέστειλε
2563 2221 2852 2290 κήρυγμα,
2879 2215 2940 2269 τὸ
2973 2215 3068 2269 τοῦ
3089 2215 3295 2277 πάθους
3325 2213 3659 2283 ἐκκεντῆσαι
3679 2216 3768 2283 μύ-

2195 2332 2284 2379 σος
2304 2313 2382 2384 τῷ
2405 2312 2681 2383 κακονικῷ
2701 2309 3062 2382 σειρομάστῃ,
3087 2308 3182 2362 καὶ
3207 2309 3410 2378 στῆσαι
3435 2305 3537 2378 τὴν
3555 2303 3775 2376 θραῦσιν

2189 2404 2279 2458 διά
2315 2404 2417 2472 τῆς
2448 2401 2844 2472 παραινετικῆς
2879 2397 3194 2465 ἐξιλάσεως.
3225 2397 3288 2449 Οἱ
3327 2395 3386 2448 δέ
3416 2394 3564 2448 κατά
3596 2394 3772 2461 πάσης

2191 2496 2291 2566 τῆς
2320 2495 2462 2548 οὑτω
2496 2492 2763 2563 νοσούσης
2796 2493 3133 2562 οἰκουμένης
3165 2488 3462 2559 γενόμενοι
3494 2527 3509 2551 ,
3537 2485 3635 2538 καλ.
3674 2486 3779 2546 τοῖς

2195 2588 2486 2658 σωτηρίοις
2517 2587 2836 2657 φαρμάκοις
2865 2582 3142 2652 εὐκαίρως
3173 2580 3564 2652 χρησάμενοι,
3603 2576 3665 2631 τὸ
3692 2574 3781 2629 τοῦ

2197 2681 2466 2752 μώλωπος
2496 2677 2760 2742 δύσαντες
2794 2679 2874 2740 είς
2903 2675 3238 2729 συνούλωσιν
3303 2672 3612 2728 συνελάσαι
3656 2688 3785 2725 κατ-

2197 2771 2471 2824 έσπευσαν
2514 2786 2528 2799 ο
2585 2769 2775 2840 πόρρω
2826 2767 2926 2838 μὲν
2979 2765 3191 2835 ἀνδρῶν
3239 2765 3345 2837 τὴν
3403 2764 3791 2836 γυναικωνῖτιν

2192 2865 2404 2919 δίαιταν
2435 2862 2834 2934 ἀφορίσαντες,
2894 2861 2989 2914 καὶ
3042 2859 3283 2930 ἀφθονία
3315 2858 3433 2911 τῶν
3474 2856 3792 2926 ἐπιτηδείων

2195 2951 2650 3022 ἐπιτειχίσαντες,
2671 2949 2747 3011 ὡς
2771 2948 2836 3001 ἂν
2858 2950 2933 3019 μὴ
2955 2950 3021 3018 τῇ
3046 2946 3253 3000 τούτων
3280 2945 3474 3016 ὲνδεία
3505 2945 3798 3009 πιέζοιντο,

2119 3054 2162 3110 C
2199 3048 2289 3098 καὶ
2328 3043 2630 3105 ἀκολασίας
2683 3041 2985 3111 ὑπόμνημα
3014 3040 3264 3111 δέχοιντο
3294 3078 3310 3103 ,
3351 3038 3458 3091 καὶ
3487 3037 3706 3107 γένοιτο
3736 3035 3801 3087 τὰ

2199 3136 2400 3205 ἔσχατα
2425 3133 2595 3204 χείρω
2625 3131 2725 3202 τῆς
2757 3129 2983 3202 πρώτης
3024 3128 3204 3182 αὑτῶν
3241 3128 3626 3190 συναλίσεως.
3666 3127 3808 3198 Πρδς

2196 3228 2253 3281 δέ
2279 3226 2344 3281 τά
2372 3225 2584 3279 ἑαυτῶν
2616 3224 2725 3295 ἥθη
2750 3240 2811 3275 τε
2845 3222 2941 3276 καὶ
2971 3221 3315 3291 άσκητήρια,
3353 3219 3572 3290 μᾶλλον
3592 3220 3650 3273 δέ
3683 3218 3811 3286 πρὸς

2195 3320 2264 3372 τὰ
2291 3318 2389 3387 τῆς
2421 3317 2654 3370 ἑκάστου
2680 3312 2861 3384 ψυχῆς
2891 3312 3250 3382 αἰσθητήρια,
3276 3311 3418 3375 τοὺς
3440 3310 3657 3382 ἄνδρας
3712 3309 3818 3361 ἁπ-

2198 3411 2447 3481 έκριναν,
2511 3407 2605 3462 καὶ
2647 3405 3036 3478 προτροπάδην
3070 3403 3300 3474 φεύγειν
3361 3406 3443 3467 ὡς
3490 3406 3561 3456 ἐκ
3614 3401 3819 3470 δήξεως

2197 3504 2374 3573 ὄφεως
2403 3501 2504 3571 τὴν
2532 3499 2641 3553 τῶν
2688 3497 2968 3568 γυναικῶν
3000 3499 3350 3549 κατέπεισαν
3405 3496 3822 3564 συνδιαίτησιν,

2203 3597 2400 3667 μήπως
2439 3593 2528 3648 διὰ
2557 3593 2657 3663 τῆς
2683 3591 2794 3644 τῶν
2823 3589 3100 3660 λογισμῶν
3125 3589 3357 3658 θυρίδος
3390 3592 3426 3660 ή
3466 3589 3584 3643 τῶν
3620 3585 3827 3660 ἡδονῶν

2199 3687 2604 3757 συγκατάθεσις
2660 3684 3078 3756 παρακύψασα,
3142 3681 3304 3753 βέλος
3362 3683 3675 3751 ἐπαφήσοι
3738 3682 3832 3734 καὶ

2196 3781 2401 3854 τρῶσιν
2445 3778 2687 3850 ψυχικὴν
2733 3777 3109 3848 ἐνεργάσοιτο.
3143 3773 3309 3829 Οὕτω
3344 3776 3454 3846 τῆς
3508 3776 3675 3844 ἱερᾶς
3725 3773 3831 3826 τῶν

2197 3871 2556 3944 μονοτρόπων
2579 3869 2781 3940 ἀγέλης
2808 3873 2856 3923 oi
2886 3869 2986 3940 τῆς
3017 3868 3398 3940 σωφροσύνης
3428 3867 3628 3923 κτίλοι
3662 3872 3842 3940 ἐμμε-

2197 3970 2305 4034 λῶς
2333 3969 2676 4040 ἡγησάμενοι
2700 4009 2714 4034 ,
2741 3965 2811 4020 τά
2839 3954 3152 4037 ψυχοκερδῆ
3176 3966 3276 4034 τῆς
3311 3966 3616 4037 ἐργασίας
3658 3963 3842 4019 αὐτῶν

2195 4062 2598 4135 ἐμπορεύματα
2635 4061 2732 4113 σὺν
2763 4056 3144 4128 ἐπαινουμένῳ
3174 4056 3332 4128 τόκῳ
3373 4058 3533 4128 πρὸς
3570 4058 3672 4112 τὸν
3721 4057 3778 4110 Ἀ
3792 4073 3849 4127 ρ-

2200 4155 2495 4225 χιποίμενα
2534 4149 2885 4205 διεσώσαντο.

2273 4341 2378 4402 κη’.
2425 4331 2587 4385 Ἀλλά
2621 4331 2686 4402 δὴ
2715 4331 2808 4384 καὶ
2831 4332 2911 4394 είς
2946 4331 3127 4384 πᾶσαν
3155 4329 3362 4399 ἥντινα
3411 4326 3519 4385 οὖν
3551 4333 3660 4386 καὶ
3697 4331 3856 4384 πόλιν

512 4431 618 4476 tem
667 4437 786 4475 eam
831 4420 973 4474 luem
1013 4419 1219 4472 invenit
1259 4414 1620 4484 Nicephorus,
1676 4414 1887 4466 calamo
1935 4421 2091 4480 atque

2203 4427 2299 4480 καὶ
2315 4423 2521 4498 χώραν,
2539 4425 2587 4476 εἰ
2607 4422 2837 4492 ταυτηνὶ
2855 4420 2952 4492 τὴν
2972 4421 3126 4474 νόσον
3155 4419 3568 4488 ἀκμάζουσαν
3591 4421 3863 4494 ε’ὑρισκεν

510 4519 820 4565 atramento
863 4509 1160 4572 medicans,
1218 4505 1563 4566 curationem
1623 4501 1698 4556 illi
1750 4501 2102 4570 impendebat

512 4603 824 4658 sollicitam.
869 4601 1039 4669 llnjus
1076 4600 1291 4668 generis
1325 4598 1604 4668 quidpiam
1635 4596 1689 4650 in
1727 4595 1893 4649 Tauri
1941 4609 2098 4647 mon-

517 4696 585 4750 tis
623 4695 690 4768 (t)
725 4696 946 4750 climate
1003 4695 1238 4761 quodam
1285 4707 1349 4745 ac
1389 4691 1629 4758 satrapia
1681 4689 1926 4744 noscitur
1958 4701 2096 4757 pra:-

514 4790 742 4844 stitisse.
779 4786 1026 4842 Prmerat
1067 4796 1178 4840 tum
1219 4784 1295 4838 illi
1343 4783 1488 4853 genti
1524 4784 1629 4837 dux
1663 4795 1834 4851 usque
1867 4796 1932 4835 eo
1973 4794 2098 4849 pes-

517 4882 657 4940 simo
707 4885 836 4938 huic
878 4881 1176 4949 implicitus
1216 4879 1367 4944 vitio,
1409 4887 1471 4932 ut
1520 4887 1766 4931 scortum
1821 4877 2094 4944 quoddam

516 4976 930 5033 introducturus
966 4991 994 5028 a
1034 4972 1276 5044 legitima
1329 4969 1562 5040 conjuge
1599 4969 1890 5023 divortium
1926 4967 2097 5021 medi-

516 5077 742 5124 taretur.
772 5069 943 5135 Quem
971 5065 1312 5137 Nicephorus
1336 5074 1394 5119 ut
1419 5079 1449 5118 a
1487 5062 1790 5116 ltedissima
1823 5061 1912 5115 lue
1943 5075 2102 5113 mun-

517 5163 672 5216 daret
690 5161 896 5230 scripto
921 5159 1243 5223 admonens,
1270 5160 1450 5213 scelus
1476 5155 1550 5210 illi
1569 5154 1774 5225 objecit
1803 5154 1854 5207 in
1883 5151 2099 5214 faciem,

519 5253 827 5325 adiecitque
864 5253 1061 5317 minas,
1093 5252 1316 5323 quibus,
1363 5250 1468 5305 nisi
1501 5264 1561 5304 se
1603 5246 1886 5301 continere
1918 5244 2103 5308 vellet,

518 5349 712 5404 merito
743 5345 1039 5402 obnoxium
1083 5344 1201 5399 fore
1248 5343 1462 5398 statuit.
1511 5345 1687 5412 Atque
1724 5341 1838 5394 hanc
1877 5337 2098 5407 quidem

518 5437 588 5494 ad
622 5453 746 5493 eum
781 5437 896 5493 fere
924 5453 981 5493 se
1015 5439 1236 5493 modum
1285 5435 1576 5491 habebant.

590 5552 974 5624 (s)Anuotarat
997 5553 1288 5609 Comhelis.
1315 5551 1486 5624 videri
1513 5552 1626 5604 haec
1649 5547 2108 5624 duplicia‘ntrins-

514 5618 819 5706 queosexus
842 5627 1089 5681 Cteuobia
1133 5625 1322 5692 fuisse,
1364 5621 1544 5693 qualia
1574 5631 1696 5676 sunt
1725 5638 1753 5675 a
1783 5621 1841 5675 ὃ.
1875 5618 2105 5690 Βΐίίζίυε

511 5704 791 5751 tustttuta.

1806 5806 1839 5830 ,θ

2201 4519 2436 4588 καλάμῳ
2472 4516 2568 4570 καὶ
2620 4515 2813 4586 μέλανι
2846 4514 2943 4583 τὴν
2972 4512 3282 4583 θεραπείαν
3326 4513 3530 4582 αὑτῆς
3575 4514 3862 4586 κεραννές

2202 4604 2681 4679 ἐπραγματεύετο.
2727 4603 2941 4658 Ὀποῖόν
2988 4619 3040 4655 τι
3094 4601 3190 4655 καὶ⁴
3229 4601 3376 4654 καθ’
3415 4601 3485 4656 ’ἐν
3524 4603 3615 4659 τῶ
3656 4604 3872 4674 Ταυρι-

2202 4697 2314 4752 κῶν
2357 4694 2639 4764 κλιμάτων
2687 4691 2990 4763 πεπραχὼς
3033 4691 3428 4760 ἀναφαίνεται
3457 4711 3471 4725 ο
3509 4696 3542 4748 ὁ
3600 4697 3724 4767 γὰρ
3769 4694 3874 4764 τὴν

2199 4789 2321 4843 τότε
2356 4787 2450 4842 τοῦ
2481 4787 2674 4856 γένους
2701 4785 3000 4857 ἠγεμονίαν
3031 4785 3525 4855 ἐπανῃρημένος,
3566 4787 3658 4844 τῶ
3688 4787 3883 4859 αἴσχει

2196 4880 2371 4951 τούτῳ
2401 4877 2766 4944 καταποθεὶς,
2802 4878 2890 4929 ἐπ’
2919 4878 3200 4949 εἰσαγωγῇ
3248 4895 3428 4942 τινος
3475 4883 3736 4953 ἑταίρας
3779 4881 3885 4948 τῆς

2201 4971 2400 5026 ἑαυτοῦ
2433 4970 2670 5040 συζύγου
2710 4969 2996 5023 διάστασιν
3031 4970 3397 5040 ἐμελέτησεν
3427 4990 3443 5004 ·
3489 4974 3560 5027 ὃν
3600 4973 3889 5045 ἀποσμῆ·

2203 5062 2291 5127 ξαι
2331 5061 2427 5115 τοῦ
2459 5061 2724 5131 ἐπιψόγου
2764 5060 3113 5132 μολύσματος
3156 5060 3342 5132 ἔργον
3382 5063 3699 5135 θέμενος,
3735 5065 3894 5137 Γρα-

2204 5157 2392 5225 φικαῖς
2425 5153 2734 5224 ὑποθήκαις
2764 5171 2827 5206 τε
2868 5154 2964 5207 καὶ
3014 5154 3282 5217 ἀπειλαῖς
3327 5157 3510 5212 κατὰ
3569 5158 3899 5231 πρόσωπον

2204 5246 2353 5317 αὐτῷ
2384 5248 2484 5315 τὴν
2515 5247 2793 5317 ἀμαρτίαν
2838 5247 3209 5318 παρέστησεν,
3250 5251 3370 5302 καὶ⁸
3405 5250 3498 5315 ὡς
3536 5254 3593 5306 εἰ
3637 5253 3726 5324 μὴ
3763 5250 3902 5322 βού-

2170 5408 2177 5416 ι
2209 5341 2354 5393 λοιτο
2383 5341 2588 5409 ταύτης
2639 5339 2979 5410 ἀποσχέσθαι
3010 5340 3254 5402 ἐκείναις
3297 5340 3619 5410 ὑπόδικος
3654 5343 3907 5408 ἐνδίκως

2211 5432 2518 5502 γενήσοιτο.
2550 5430 2662 5483 Καὶ
2691 5430 2866 5485 ταῦτα
2899 5430 2999 5501 μὲν
3032 5430 3175 5484 οὑτω
3217 5447 3311 5501 πη
3359 5432 3588 5504 ἔσχεν.

2272 5548 2339 5614 (ι)
2375 5545 2589 5620 Taurus
2617 5546 2933 5620 notissimus
2963 5546 3105 5600 Asiae
3137 5558 3343 5612 mons,
3386 5547 3481 5620 ad
3514 5550 3916 5620 patriarcha-

2201 5627 2312 5698 [μαι
2367 5616 2794 5698 ᾼιιιίοείιειιυιη·
2823 5617 2963 5698 late
2999 5627 3355 5698 extensus."
3386 5616 3644 5677 Forsan
3705 5635 3916 5694 partes

2201 5687 2536 5759 Pamphylia:
2567 5697 2659 5742 aut
2705 5688 2832 5743 huic
2861 5687 3052 5745 vicina:
3099 5688 3186 5743 hic
3216 5685 3640 5766 indicantur.
