3986 6470
518 452 577 514 9l
1510 456 1569 515 S.
1606 453 2026 517 NICEPHORI
2064 453 2570 515 PATRIARCHJS
2598 454 2704 513 ΟΡ.
3699 468 3762 532 92

522 560 684 617 laute.
718 563 858 630 quod
896 563 1048 616 vobis
1089 562 1447 618 uﬂ'ensionem
1500 565 1650 626 fecit,
1682 565 1899 633 penitus
1946 578 2099 617 amo-

2204 562 2293 616 τοῦ
2329 562 2649 631 Πνεύματος
2697 559 2951 631 συζητεῖν
2990 564 3094 619 οὐκ
3141 565 3435 632 ἀναγκαῖον
3481 569 3763 639 τιθέμεθα.

523 667 765 707 νοιειιιιιιε.
830 654 904 709 0s
933 665 1111 709 autem
1172 656 1405 723 aperire,
1441 662 1603 726 atque
1661 670 1722 709 ea
1790 670 1910 724 qua:
1970 662 2102 709 sunt

525 745 782 812 Spiritus,
809 764 930 801 cum
963 750 1049 813 iis,
1070 751 1160 819 qui
1194 766 1223 803 a
1249 748 1455 817 Spiritu
1490 749 1650 803 alieni
1674 758 1819 815 sunt,
1848 747 2102 802 conferre

522 852 686 908 atque
718 845 768 895 iu
822 844 1248 912 disputationem
1293 859 1513 912 vocare,
1549 844 1689 898 baud
1745 858 1928 912 operte
1973 857 2100 913 pre-

526 932 656 984 tium
689 948 810 988 esse
845 936 1113 1000 ducimus,
1140 948 1462 1004 quacunque
1512 934 1732 991 demum
1759 935 1823 990 ad
1856 936 1960 989 hoc
2004 947 2102 988 ne-

522 1023 782 1076 cessitate
848 1027 1111 1094 compulsi
1174 1025 1440 1097 fuerimus
1497 1043 1510 1080 :

2206 652 2307 706 xiv
2330 654 2377 704 si
2403 652 2584 720 πάσης
2615 650 2861 721 ἀνάγκης
2893 653 3296 724 πειραθείημεν
3316 656 3485 721 αἴτια,
3512 661 3635 714 οὐδὲ
3659 667 3768 728 ταῖς

2208 746 2301 798 ὑπ’
2325 744 2548 797 ἐκείνων
2573 743 3021 809 ἀποκνισθείσαις
3048 744 3352 816 Γραφικαίς
3376 753 3465 802 καὶ
3485 752 3770 824 ﬂammai;

2208 839 2507 907 ὑπείχομεν
2542 838 2759 908 ρἡεσι.
2787 837 2965 891 Πάλαι
2987 840 3098 910 γὰρ
3129 841 3232 893 ὑπὸ
3259 843 3469 896 πολλῶν
3500 844 3761 917 ἐλεγχθεῖ-

2211 946 2321 993 σαι,
2360 927 2453 982 καὶ
2482 927 2761 997 ιίατὲρων,
2795 926 3115 1000 τεθνήκασι.

1568 1042 1745 1098 neque
1796 1037 1979 1081 tamen
2027 1025 2095 1079 iis
2164 1021 2490 1083 sententiis,
2545 1035 2683 1086 quas
2739 1033 2804 1073 ex
2880 1020 3167 1090 Scriptura
3216 1021 3565 1095 ‘Patrumque
3631 1028 3776 1086 libris
3820 1018 3825 1021 6

523 1110 935 1181 decerpscruttt,
993 1128 1278 1188 propterea
1341 1118 1609 1175 cedimus.
1668 1118 1788 1175 lam
1839 1118 1969 1173 olim
2028 1116 2174 1172 enim
2237 1129 2269 1167 a
2332 1112 2516 1166 multis
2571 1110 2734 1165 etiam
2796 1112 3046 1170 Patribus
3107 1116 3437 1182 confutante.
3499 1121 3767 1179 exstinctae

522 1217 668 1259 sunt.

1959 1338 2187 1405 CAPUT
2230 1339 2338 1395 vu.

721 1492 1052 1564 Colloquium
1086 1493 1257 1548 sancti
1294 1490 1581 1562 Ni'cepftori
1612 1509 1731 1547 cum
1761 1494 2077 1561 imperatore
2109 1492 2173 1545 de
2208 1492 2444 1564 sculptili
2473 1509 2538 1548 ea:
2570 1494 2876 1564 prwscripto
2908 1492 3109 1565 Moysi:
3144 1514 3244 1552 non
3297 1498 3565 1569 faciendo.

596 1657 682 1712 42.
714 1655 852 1713 Tbm
901 1659 1203 1727 imperator
1254 1656 1586 1726 suscipiens,
1625 1657 1749 1711 ait:
1798 1659 1880 1712 An
1936 1658 2103 1728 igitur

523 1768 591 1806 ne
612 1748 822 1820 Moyses
857 1751 1079 1820 quidem
1114 1765 1299 1805 veram
1323 1751 1417 1803 tibi
1443 1750 1511 1804 de
1542 1750 1627 1803 bis
1676 1752 1867 1805 doctus
1893 1751 2106 1804 videtur

522 1842 901 1897 sententiam?
934 1840 1070 1897 Num
1112 1843 1325 1903 dubitas
1353 1839 1555 1912 Moysis
1598 1844 1761 1897 verba
1810 1842 1900 1895 Dei
1938 1842 2101 1896 verba

521 1949 666 1996 esse,
691 1935 781 2002 qui
810 1932 1056 2002 praecipit
1094 1949 1197 1986 non
1231 1932 1536 1987 faciendum
1583 1947 1707 1988 esse
1763 1932 1962 1997 idolum
2005 1948 2102 1988 seu

2272 1653 2381 1723 μβ’.
2421 1653 2529 1707 Καὶ
2561 1655 2589 1707 6
2616 1653 2871 1724 βασιλεὺς
2903 1655 3227 1723 ὑποφθάσας
3260 1657 3453 1727 φησίνο
3500 1658 3642 1714 Ἀλλ’
3668 1661 3778 1718 οὖόἐ

2199 1745 2440 1815 Miami}:
2477 1761 2558 1799 σοι
2582 1746 2714 1817 περὶ
2737 1748 2945 1799 τούτων
2973 1746 3075 1816 τῆς
3129 1746 3369 1817 ἀληθοῦς
3417 1754 3781 1819 πεφωτικέναι

2201 1838 2451 1905 φαίνεται
2503 1838 2755 1909 ﬂeeing;
2799 1838 2915 1891 Οὐκ
2950 1836 3017 1892 ἂν
3063 1838 3120 1891 δὲ
3154 1840 3497 1910 ἀμφιγνοίης
3537 1842 3613 1905 ὡς
3655 1843 3779 1898 Θεοῦ

2201 1929 2348 1995 λόγοι
2389 1927 2485 1981 τοῦ
2531 1929 2776 1992 Μωσέως
2819 1930 2867 1982 oi
2916 1928 3105 2001 λόγοι,
3164 1931 3307 2001 μήτε
3360 1931 3607 1997 εἴδωλον,
3656 1935 3781 2006 μήτε

521 2025 875 2079 simulaCrum
907 2039 971 2078 ac
1022 2023 1458 2088 similitudinem,
1493 2025 1652 2093 idque
1714 2040 1816 2078 non
1864 2024 2098 2079 hominis

2204 2021 2453 2091 ὁμοίωμα
2481 2024 2655 2074 ποιεῖν
2684 2020 3075 2092 ἐπιτρέποντος
3095 2060 3110 2083 ,
3143 2020 3243 2074 οὐκ
3272 2022 3571 2094 ἀνθρώπου
3611 2026 3779 2094 μόνον,

524 2120 756 2175 tantum,
793 2113 887 2167 sed
926 2111 1171 2167 absolute
1204 2127 1267 2166 ac
1298 2112 1576 2167 indeﬁnite
1612 2118 1687 2167 rei
1726 2115 1954 2169 alterius
2000 2130 2101 2169 cu.

519 2202 855 2273 )uscanque,
887 2205 939 2257 in
970 2205 1109 2259 ctnlo
1141 2219 1373 2273 aereque
1412 2205 1709 2258 volantium
1741 2247 1756 2272 ,
1795 2215 1889 2259 aut
1925 2207 2105 2260 viren-

526 2295 657 2347 tittm
701 2293 752 2346 in
815 2304 982 2357 terra,
1025 2294 1107 2349 vel
1145 2294 1298 2363 aquis
1339 2296 1752 2349 innatantium?
1788 2296 1902 2362 Qua
1938 2296 2103 2366 igitur

527 2386 737 2438 ratione
771 2384 1054 2440 fabricatis
1088 2386 1419 2455 imaginibus
1463 2402 1527 2442 ac
1566 2387 1874 2442 simulacris
1933 2388 2095 2443 Itono-

527 2491 638 2530 rem
704 2490 797 2530 vus
851 2477 1158 2541 adhibetis,
1203 2493 1327 2531 cum
1358 2514 1359 2523 η
1391 2478 1668 2548 legislator
1709 2480 1873 2534 etiam
1925 2480 2104 2536 facere

521 2570 785 2638 ejusmodi
821 2558 1635 2638 prohibeat?PATlilARCliA.
1674 2569 1831 2626 Velut
1855 2572 1907 2627 in
1930 2572 2099 2628 altum

525 2673 848 2730 vastumque
881 2662 1263 2732 disputationis
1298 2662 1538 2734 pelagus,
1566 2676 1599 2715 ο
1645 2661 1966 2732 imperator,
1999 2678 2102 2719 nos

523 2756 713 2821 ducis;
752 2755 896 2823 quod
954 2755 1103 2809 tuulti
1154 2756 1369 2823 quidem
1422 2771 1528 2809 non
1580 2770 1704 2809 raro
1745 2755 2096 2825 traiecerunt,

526 2846 723 2902 nullius
755 2857 934 2900 autem
984 2849 1417 2911 adversantium,
1452 2849 1596 2917 quod
1642 2850 1976 2916 noverimus,
2007 2851 2102 2905 di-

524 2937 745 3012 ligentia
786 2941 866 2994 sic
914 2939 1228 3008 enavigavit
1263 2947 1320 2992 ut
1368 2939 1434 2993 ad
1494 2941 1953 3008 imperturbatum
1985 2957 2104 3012 por-

526 3043 641 3085 tttm
675 3009 1005 3101 hrvenerit.
1034 3031 1166 3086 Nam
1195 3031 1286 3087 alii
1321 3032 1566 3101 quidem,
1594 3047 1922 3103 quamquam
1945 3034 2102 3089 abso-

524 3140 651 3178 num
693 3125 1010 3179 existiment
1045 3124 1343 3195 imaginum
1372 3141 1528 3180 usum
1580 3138 1635 3180 et
1658 3126 1803 3181 velut
1841 3124 2098 3192 gentilitii

522 3216 700 3268 cultus
750 3216 917 3269 fetum
960 3217 1174 3270 occulto
1229 3216 1427 3272 mentis
1470 3214 1673 3284 iudicio
1713 3216 2098 3284 criminentur,

520 3322 721 3377 easque
758 3308 1144 3362 damnantibus
1195 3307 1595 3377 astipulentnr;
1656 3307 1744 3361 ubi
1797 3317 1973 3364 tamen
2031 3309 2099 3362 ad

523 3414 637 3454 rem
668 3399 906 3463 venitur,
934 3399 1280 3468 puppi,qnod
1310 3398 1483 3462 aiunt,
1508 3397 1734 3453 inhibita
1759 3413 1819 3456 se
1842 3399 2100 3469 paulatim
2129 3382 2172 3441 (ἶ

521 3489 849 3557 σιὼιιυριιηι,
878 3490 1154 3544 contraria
1186 3499 1409 3559 agentes
1441 3490 1526 3545 Itis
1562 3505 1683 3560 quae
1718 3502 2048 3546 censuerant
2078 3511 2092 3547 :

522 3582 723 3636 habent
752 3582 897 3635 enim
931 3581 1194 3650 imagines
1218 3596 1342 3636 cum
1368 3581 1423 3636 in
1456 3582 1701 3638 ecclesiis
1731 3590 1844 3637 tum
1893 3582 1947 3638 in
1985 3581 2102 3640 foro

522 3674 687 3743 inque
728 3673 999 3738 domibus,
1030 3675 1253 3744 quidam
1301 3674 1465 3728 etiam
1518 3674 1730 3729 itineris
1776 3676 2005 3733 comites
2047 3687 2101 3733 et

516 3765 939 3821 catttuberuales
989 3778 1133 3820 terra
1183 3765 1582 3834 marique.Alii
1640 3769 1715 3821 rei
1746 3744 2120 3837 perplexitate.

518 3859 733 3928 penitus
762 3856 1094 3923 l'atiscentes,
1130 3868 1296 3928 atque
1344 3874 1371 3911 a
1407 3853 1581 3925 prima
1625 3860 1812 3914 statim
1845 3873 2102 3930 congres-

514 3953 671 4007 sione
729 3952 1056 4019 abjicieutes
1115 3968 1293 4016 arma,
1349 3952 1489 4006 ltosti
1546 3959 1703 4022 terga
1763 3951 1996 4019 dedere;
2046 3960 2102 4009 et

517 4056 694 4111 neque
744 4045 1133 4113 prophetarum
1186 4044 1449 4114 imagines
1501 4042 1698 4098 honori
1742 4041 1962 4111 habent,
2000 4058 2100 4101 nec

514 4136 879 4205 apostolorum
908 4136 1223 4203 simulacra,
1257 4152 1435 4207 neque
1462 4147 1777 4208 martyrum
1824 4136 2098 4192 coloribus

515 4243 578 4281 ac
602 4227 858 4297 penicillo
888 4228 1079 4283 ductas
1122 4226 1323 4298 ﬁguras
1361 4246 1375 4282 :
1403 4229 1495 4284 sed
1525 4229 1608 4283 bis
1634 4229 1889 4284 oumibus
1924 4228 2095 4283 libera

512 4330 861 4375 exstruentes
911 4322 1111 4391 templa
1153 4322 1289 4376 citra
1347 4321 1512 4375 ullum
1557 4322 1849 4391 ﬁgurarum
1906 4321 2096 4389 imagi-

515 4428 753 4483 numque
795 4426 1140 4482 apparatum,
1160 4412 1271 4468 Deo
1298 4413 1557 4468 invisibili
1583 4424 1747 4483 atque
1773 4413 2097 4482 incorporeo

508 4504 709 4571 jactaut
745 4506 1169 4575 supplicationes
1215 4507 1414 4563 offerre
1468 4523 1526 4562 se
1557 4522 1618 4561 ac
1645 4516 1764 4561 vota
1796 4506 1996 4561 facere.
2026 4505 2096 4559 At

512 4599 554 4650 si
585 4597 786 4665 placet,
812 4599 863 4651 iu
903 4599 1062 4667 littth
1094 4600 1170 4654 rei
1219 4599 1529 4666 indaginem
1572 4598 1825 4668 ingressi,
1861 4612 1965 4652 non
2001 4612 2097 4651 ne-

2205 2112 2390 2176 ἀπλῶς
2423 2112 2480 2166 δέ
2508 2111 2652 2166 οὕτω
2680 2112 2772 2165 καὶ
2821 2111 3113 2182 ἀορίστως,
3154 2113 3228 2182 μὴ
3261 2110 3379 2165 τῶν
3409 2113 3535 2167 κατ’
3566 2115 3782 2185 οὐρανὸν

2203 2202 2665 2275 ἀεροπορούντων,
2709 2204 2785 2274 μὴ
2807 2202 2917 2257 τῶν
2940 2205 2999 2257 ἐν
3029 2204 3098 2274 γῇ
3127 2203 3510 2274 διαιτωμένων
3534 2244 3550 2269 ,
3583 2205 3657 2277 μὴ
3684 2208 3782 2261 τῶν

2204 2295 2263 2348 ἐν
2309 2294 2464 2349 ὕδασι
2502 2295 2855 2366 νηχομένων;
2903 2294 3028 2358 Πῶς
3075 2290 3170 2348 οὖν
3220 2295 3384 2366 ὑμεῖς
3431 2296 3651 2359 εἰκόνας
3694 2296 3783 2366 δη·-

2207 2387 2593 2462 μιουργοῦντες
2634 2389 2941 2459 προσάγετε
2970 2387 3167 2449 αὐταῖς
3191 2388 3381 2457 τιμὰς,
3409 2386 3477 2452 ἀς
3508 2388 3538 2440 ό
3568 2388 3781 2457 νομοθέη

2202 2495 2300 2551 της
2333 2478 2744 2550 ἀπηγόρευσενς
2787 2479 2829 2532 0
2865 2478 3335 2534 ΠΑΤΡΙΛΡΧΗΣ.
3400 2479 3493 2544 Ὦς
3526 2481 3613 2544 εἰς
3660 2480 3783 2551 βαθύ

2203 2588 2263 2625 τε
2292 2573 2387 2625 καὶ
2432 2571 2631 2642 ἀχανὲς
2672 2570 2954 2643 ζητήσεως
3015 2571 3253 2642 πέλαγος
3290 2574 3517 2642 ἐνάγιις
3552 2574 3715 2644 ἡμᾶς,
3746 2568 3786 2628 ὦ

2206 2660 2449 2731 βασιλεῦ,
2475 2661 2504 2715 δ
2543 2661 2730 2715 πολλοὶ
2760 2662 2862 2732 μὲν
2909 2662 3174 2727 πολλάκις
3220 2663 3584 2730 διέπλευσαν,
3624 2665 3785 2729 οὐδεὶς

2203 2752 2261 2806 δέ
2278 2769 2363 2821 γε,
2391 2753 2493 2808 ὅσα
2516 2753 2676 2824 ἔσμεν
2706 2754 2889 2824 ἡμεῖς,
2921 2753 3014 2807 ἐπὶ
3040 2753 3131 2807 τὸν
3158 2754 3357 2824 λιμένα
3384 2756 3486 2826 τῆς
3515 2755 3788 2828 ἀκριϐείας

2204 2844 2453 2913 ἀφίκετο.
2495 2847 2558 2899 Oi
2607 2846 2706 2916 μὲν
2754 2845 2884 2917 γὰρ,
2913 2847 3161 2916 καίτοιγε
3200 2848 3410 2902 ἄτοπόν
3464 2865 3520 2901 τι
3566 2848 3786 2917 οἰόμενοι

2203 2937 2302 3001 τὰς
2326 2937 2541 3001 είκόνας
2571 2940 2758 3009 χρῆμα
2780 2938 2876 2992 καὶ
2909 2937 3249 3009 Ἑλληνικῆς
3293 2938 3529 3006 ἔκγονον
3558 2939 3787 3008 πλάνης.

2204 3030 2262 3082 ἐν
2291 3030 2390 3099 μὲν
2431 3028 2508 3100 τῷ
2544 3032 2744 3100 ἀφανεῖ
2774 3029 2876 3100 τῆς
2909 3029 3092 3100 ψυχῆς
3135 3030 3417 3102 κριτηρίῳ
3454 3029 3790 3086 διαὸἀλλουσί

2202 3137 2263 3175 τε
2301 3121 2471 3186 αὑτὰς
2503 3124 2597 3175 καὶ
2632 3125 2746 3186 τοῖς
2795 3123 3132 3194 κατηγόροις·
3177 3123 3570 3177 συντίθενται·
3615 3124 3703 3176 ἐπὶ
3741 3119 3793 3174 δέ

2202 3211 2311 3265 τῶν
2353 3212 2690 3282 πραγμάτων
2735 3213 2984 3276 ἐλθόντες
3015 3213 3275 3284 πρύμναν
3307 3230 3369 3267 τε
3432 3215 3792 3287 ἐκρούσαντο,

2204 3303 2299 3358 καὶ
2326 3304 2543 3358 ἐναντία
2571 3304 2774 3376 δρῶσιν
2806 3299 2890 3369 οἷς
2931 3307 3202 3371 ἔγνωσαν
3240 3308 3464 3374 εἰκόνες
3491 3325 3552 3362 τε
3577 3308 3685 3378 γὰρ
3705 3307 3797 3360 αὖ-

2203 3397 2315 3457 τοῖς
2348 3398 2453 3448 εξσι
2480 3396 2571 3448 καὶ
2602 3397 2661 3449 ἐν
2688 3399 2810 3459 ταῖς
2835 3395 3158 3468 ἐκκλησίαις
3184 3398 3283 3451 καὶ
3324 3402 3388 3454 ὲν
3422 3401 3549 3463 ταῖς
3578 3398 3797 3467 ἀγοραῖς

2204 3488 2301 3541 καὶ
2325 3489 2384 3541 ἐν
2420 3490 2532 3550 τοῖς
2557 3487 2748 3552 οἴκοις,
2794 3489 2894 3560 ἤδη
2945 3488 3001 3542 δὲ
3047 3491 3142 3542 καὶ
3188 3488 3326 3543 ἔνιοι
3378 3490 3800 3561 συνοδοιπόρους

2202 3579 2386 3649 ἔχουσι
2423 3580 2519 3633 καὶ
2553 3580 2899 3650 όμοδιαίτους
2949 3582 3043 3633 καὶ
3080 3580 3533 3653 πεζοποροῢντες
3567 3585 3662 3637 καὶ
3705 3599 3798 3635 πε-

2201 3667 2516 3738 λαγίζοντες
2535 3687 2548 3702 ·
2588 3671 2639 3723 οί
2665 3670 2721 3723 δὲ
2745 3670 2945 3735 τελέως
2970 3672 3109 3743 πρὸς
3134 3672 3236 3743 τῆν
3263 3674 3519 3746 ἀπορίαν
3539 3674 3801 3728 δκλάσαν-

2199 3777 2312 3825 τες,
2338 3760 2501 3825 εὐθὺς
2530 3763 2595 3815 ὲκ
2620 3761 2849 3834 πρώτης
2875 3762 3198 3834 συμπλοκῆς
3218 3764 3287 3817 τά
3318 3765 3471 3819 ὅπλα
3494 3765 3595 3836 τῆς
3627 3764 3800 3835 ψυχῆς

2202 3853 2611 3924 ἀπορρίψαντες
2635 3895 2650 3919 ,
2689 3853 2835 3909 νῶτα
2876 3855 2957 3926 τῷ
3001 3855 3249 3927 πολεμίῳ
3282 3858 3641 3930 παρέσχοντο
3661 3876 3677 3891 ·
3711 3858 3799 3911 καὶ

2199 3943 2325 3999 οὔτε
2359 3946 2667 4016 προφητῶν
2693 3947 2885 4011 αὐτοῖς
2911 3949 3184 4018 τιμῶνται
3216 3950 3462 4015 είκόνες,
3513 3951 3643 4005 οὗτε
3678 3951 3802 4004 ἀποο

2201 4037 2402 4090 στόλων
2440 4036 2685 4107 μορφαὶ,
2726 4035 2850 4091 οὔτε
2886 4040 3189 4111 μαρτύρων
3223 4042 3470 4111 γραφαί·
3516 4041 3665 4095 ἀλλά
3688 4040 3804 4095 τοὺο

2197 4146 2307 4183 των
2338 4129 2595 4183 ἁπάντων
2644 4129 3077 4202 ἀπηλλαγμένας
3106 4131 3208 4197 τὰς
3254 4133 3575 4205 ἐκκλησίας
3608 4134 3805 4203 συστή-

2199 4238 2413 4286 σαντες,
2448 4220 2895 4293 ἀσχηματίστους
2927 4222 3022 4278 καλ⁸
3049 4224 3215 4279 τόπον
3252 4225 3421 4290 ἐκτὸς
3451 4225 3537 4298 τῷ
3570 4224 3805 4298 ἀοράτῳ

2196 4332 2255 4368 τε
2284 4314 2391 4368 καὶκ
2407 4314 2686 4387 ἀσωμάτῳ
2710 4314 2831 4386 θεῷ
2858 4314 2957 4380 τάς
2980 4316 3191 4370 ἑαυτῶν
3223 4318 3446 4382 ἱκεσίας
3479 4319 3802 4388 ἀνάγουσιν.

2210 4407 2371 4471 Ἀλλ’,
2404 4407 2454 4461 εί
2481 4406 2648 4474 δοκεῖ,
2687 4405 2762 4479 μὴ
2810 4408 2940 4479 περὶ
2976 4410 3076 4479 τὴν
3122 4409 3358 4480 ζήτησιν
3392 4411 3805 4480 ἀποκάμωμεν,

2200 4497 2334 4568 μηδὲ
2354 4497 2650 4568 ἀμελῶμεν
2667 4498 2765 4568 τῆς
2787 4496 2979 4568 θύρας,
2999 4501 3047 4550 εί
3072 4500 3147 4569 μὴ
3166 4500 3224 4550 ὲν
3250 4498 3446 4567 κύκλῳ
3470 4503 3804 4570 περιιόντες,

2196 4591 2289 4643 καὶ
2324 4588 2740 4661 ίχνηλατοῦντες
2769 4588 2848 4661 τῷ
2890 4588 3037 4661 λόγῳ
3077 4591 3136 4644 ἐν
3165 4591 3416 4655 δικτύοις
3454 4594 3635 4664 αὐτὴν
3682 4591 3811 4661 ἀλή-

513 4687 781 4756 gligatnus
807 4690 1066 4757 ianuam;
1102 4705 1170 4743 ne
1201 4689 1341 4745 forte
1378 4689 1681 4744 iucircnitu
1718 4688 2089 4744 ambulemus:

2204 4679 2348 4734 θείαν
2389 4680 2745 4751 ἐμϐάλωμεν.
2781 4682 2983 4734 ’Δκουε
3021 4680 3160 4752 δῆτα
3195 4682 3288 4735 τοῦ
3321 4683 3501 4752 λόγου
3524 4725 3540 4749 ,
3574 4680 3635 4736 εὖ
3671 4682 3811 4754 μάλα

514 4778 605 4829 sed
653 4794 748 4847 per
795 4794 891 4833 sua
929 4780 1157 4847 vestigia
1187 4780 1472 4835 veritatem
1540 4790 1920 4836 consectantes
1967 4795 2089 4835 ser-

517 4883 695 4932 mone,
741 4869 910 4935 ipsam
944 4871 1084 4923 intra
1151 4871 1283 4924 retia
1344 4871 1619 4938 possimus
1672 4885 1889 4937 capere.
1925 4868 2065 4923 Audi

2199 4772 2366 4841 σοφοῦ
2389 4789 2449 4824 τε
2480 4772 2576 4826 καὶ
2595 4771 2853 4843 ἀληθοῦς,
2882 4772 2941 4827 ὃν
2968 4772 3210 4847 ἀποδέξῃ
3241 4776 3340 4827 καὶ
3380 4776 3735 4840 ἐπαινέσεις,
3766 4773 3812 4826 εἰ

2186 4864 2264 4935 τῷ
2299 4864 2415 4917 ὄντι
2442 4863 2538 4918 τοῦ
2572 4864 2727 4929 ὄντος
2754 4867 2887 4938 ἐρᾷς
2916 4868 3014 4921 καὶ
3050 4869 3152 4937 τῆς
3182 4867 3461 4938 ἀληθείας
3492 4869 3745 4939 ἐφίεσαι.

516 4963 677 5031 igitur
709 4965 997 5017 admodum
1027 4965 1330 5034 sapientem
1370 4966 1667 5037 verumque
1705 4977 2035 5025 sermonem,
2073 4974 2234 5031 quem
2288 4961 2444 5030 plane
2477 4961 2801 5031 probaturus
2839 4961 2915 5017 sis
2943 4977 3007 5017 ac
3046 4961 3381 5017 laudaturos
3410 5002 3426 5026 ,
3466 4964 3517 5017 si
3576 4977 3705 5015 vere
3763 4959 3814 5015 id

516 5070 681 5137 amas
721 5055 862 5125 quod
923 5070 1108 5110 verum
1170 5067 1271 5121 est,
1304 5067 1360 5111 et
1412 5057 1657 5111 veritatis
1713 5053 1984 5110 desiderio
2020 5051 2244 5108 teneris.

582 5210 674 5267 45.
713 5210 973 5266 Noscisne
995 5213 1117 5280 quis
1161 5215 1291 5269 olim
1328 5214 1393 5268 de
1410 5212 1522 5268 Deo
1542 5230 1698 5269 error
1717 5213 2096 5284 Egyptiorum

514 5310 719 5356 mentes
744 5303 1054 5366 incesserit,
1091 5314 1257 5375 utque
1295 5305 1330 5358 ii
1366 5304 1686 5369 iucreatam,
1719 5306 1978 5374 omnique
2005 5319 2099 5357 va-

514 5403 724 5447 cantem
750 5394 983 5447 materia
1023 5393 1233 5450 Domini
1267 5396 1521 5465 gloriam,
1549 5397 1617 5451 ad
1657 5396 1941 5451 materiam
1974 5395 2090 5450 for-

515 5499 768 5553 mantque
817 5485 1187 5554 deprimentes
1248 5489 1500 5542 humana:
1544 5487 1732 5542 formae
1800 5488 2091 5543 simulacra

515 5576 797 5631 colerent?
839 5577 1069 5633 Osiridis
1103 5579 1312 5634 scilicet
1339 5590 1506 5648 atque
1551 5579 1851 5651 Typhonis,
1884 5581 2089 5651 Oriqne

517 5679 609 5721 aut
639 5667 794 5721 Isidis
827 5678 989 5737 atque
1020 5668 1250 5724 aliorum
1307 5672 1606 5739 ltominum,
1640 5688 1872 5743 quorum
1950 5674 2090 5730 divis

515 5760 1054 5829 stulteascriptorum
1078 5760 1350 5816 luxuriam
1378 5765 1558 5834 arguit
1593 5765 1902 5820 institutum
1929 5766 2084 5819 vitae:

518 5852 806 5910 avaritiam
879 5852 1185 5923 injustaqu
1259 5855 1439 5912 studia
1496 5856 1662 5929 bella,
1717 5859 2089 5930 opprimendis

2272 5218 2382 5283 μγ’.
2438 5212 2561 5266 Οὐκ
2609 5207 2808 5272 οἶσθα,
2854 5208 2943 5263 οἵα
2989 5225 3075 5273 τις
3110 5208 3303 5281 πρώην
3362 5212 3507 5283 περὶ
3547 5214 3690 5269 Θεὸν
3718 5213 3815 5276 τὰς

2194 5306 2507 5375 Αἰγυπτίων
2527 5304 2707 5373 ψυχὰς
2729 5302 3029 5370 ἐπενέμετο
3051 5302 3250 5372 πλάνη,
3276 5304 3380 5357 καὶ
3408 5304 3492 5368 ὠς
3519 5307 3626 5378 τὴν
3659 5305 3813 5360 ἀκτι-

2194 5396 2320 5450 στόν
2352 5413 2410 5449 τε
2445 5394 2541 5448 καὶ
2563 5393 2728 5447 ἀῦλον
2754 5393 2851 5446 τοῦ
2875 5392 3152 5447 Δεσπότου
3182 5392 3349 5457 δόξαν
3386 5400 3813 5466 καταγαγόντες

2192 5489 2272 5552 εἰς
2304 5486 2439 5557 ὓλην
2471 5485 2564 5540 καὶ
2590 5481 2754 5548 εἶδος,
2774 5485 3121 5557 ἀνδρείκελόν
3152 5502 3206 5540 τι
3236 5488 3457 5561 ταύτην
3485 5492 3585 5546 καὶ
3604 5492 3817 5564 ἀνθρω-

2201 5578 2389 5649 ποειδῆ
2428 5578 2838 5648 τετιμήκασιν;
2882 5574 2996 5641 οἶος
3021 5574 3088 5650 ἦν
3115 5578 3226 5649 ἀρα
3252 5581 3480 5647 ἐκεῖνος
3509 5586 3541 5637 6
3576 5586 3816 5654 Ὄσιρις,

2201 5675 2231 5727 ό
2251 5670 2470 5741 Τυφὼν,
2505 5672 2534 5723 6
2559 5665 2748 5741 Ὦρος,
2771 5671 2805 5739 ἠ
2832 5664 2994 5734 Ἶσις,
3027 5669 3123 5725 xui.
3146 5671 3256 5725 τῶν
3282 5671 3477 5728 ἀλλων
3501 5675 3818 5748 ἀνθρώπων

2203 5763 2343 5818 θεῶν
2364 5765 2392 5816 6
2426 5761 2748 5829 κατάλογος,
2783 5753 2859 5815 ὧν
2881 5760 3151 5833 διελέγχει
3176 5764 3270 5816 καὶ
3299 5763 3685 5822 ἀποδείκνυσι
3718 5770 3818 5839 τὴν

2200 5858 2472 5929 ἀκρασίαν
2501 5859 2529 5912 6
2567 5857 2682 5928 βίος
2702 5896 2716 5925 ,
2747 5855 2848 5928 τὴν
2882 5856 2938 5911 δέ
2980 5857 3295 5925 πλεονεξίαν
3327 5859 3358 5911 ὁ
3393 5860 3648 5932 πόλεμος
3672 5903 3687 5929 ,
3722 5863 3818 5938 τὴν
