3986 6466
512 413 583 476 95

1502 439 1565 499 S.
1609 440 2027 506 NICEPHORI
2068 449 2575 515 PATRIARCH/E
2615 459 2733 517 ΟΡ.
3686 477 3747 539 96

508 530 880 601 indigitarnnt.
909 537 1006 593 Sin
1052 556 1234 600 autem
1282 550 1553 619 quispiam
1594 572 1658 610 ea
1692 560 1925 627 ratione,
1951 578 2047 631 quo

508 623 584 653 l'ul
642 626 1021 653 3...“.‘-.-.-_,---_
1077 636 1088 653 ι
1825 652 1831 653 ,

2156 567 2370 632 ιέστὶν,
2411 569 2439 622 δ
2486 572 2581 623 καὶ
2631 572 2874 642 Μωῦσῆς
2921 573 3201 643 ἀπείργει,
3251 577 3342 629 καὶ
3387 578 3415 630 ὁ
3465 589 3748 653 χριστιανδς

505 623 585 673 vel
642 626 1024 693 imperatorem
1076 636 1286 691 honore
1329 656 1715 714 prosequatur,
1752 652 1835 704 vel
1890 653 2083 708 ducem

503 712 787 779 celebret,
844 732 937 776 aut
993 726 1158 780 etiam
1224 731 1402 785 virum
1482 712 1678 792 fortem
1738 744 2080 800 admirationi

502 801 724 869 haheat,
766 809 979 866 illorum
1018 817 1310 875 simulacra
1351 825 1639 892 conﬁciat;
1684 831 1817 885 nihil
1874 834 2083 900 injuriae

501 895 771 952 iacturum
837 915 984 971 poto,
1034 919 1128 962 ant
1174 923 1542 983 peccaturum,
1600 920 1642 973 si
1692 938 1851 989 quem
1898 927 2082 983 laudat

498 988 702 1053 animo,
736 993 988 1064 videtque
1016 1002 1211 1065 oculis,
1249 1007 1498 1072 penicillo
1534 1027 1600 1063 ac
1652 1014 1930 1069 coloribus
1989 1034 2078 1071 re-

498 1092 783 1146 przesrntet
813 1103 826 1149 ;
863 1104 928 1140 eo
957 1093 1116 1145 modo
1142 1094 1428 1159 duntaxat,
1460 1110 1513 1152 nt
1539 1104 1682 1170 quod
1713 1105 1831 1158 talis
1854 1108 2079 1175 pictura:

497 1181 615 1223 arte
646 1174 897 1239 ellicitttr,
934 1196 1210 1248 nunquam
1242 1196 1300 1239 ut
1349 1187 1490 1244 Deus
1520 1196 1732 1248 colatur
1761 1197 1914 1263 juxta
1948 1216 2077 1271 geu-

500 1256 670 1309 tilium
707 1278 873 1327 nugas
904 1276 1067 1335 atque
1097 1272 1306 1330 deliria.
1335 1273 1389 1331 ιιι
1429 1282 1709 1339 enimvero
1747 1288 1875 1341 olim
1911 1291 2074 1345 etiam

494 1346 704 1418 Moyses
737 1359 922 1418 vetuit,
964 1372 1017 1412 et
1075 1380 1219 1419 nunc
1269 1368 1384 1422 odit
1421 1370 1501 1425 lex
1550 1374 1887 1445 Christiana,
1935 1382 2077 1437 Deus

492 1451 673 1494 autem
707 1444 819 1499 tieri
859 1450 1082 1517 indigne
1120 1454 1301 1515 ferens
1331 1462 1612 1525 :Gloriant
1643 1469 2092 1541 nteant,inquit",

491 1528 648 1584 alteri
679 1552 779 1588 non
803 1539 959 1596 dabo.
991 1543 1092 1612 Qui
1127 1549 1208 1605 sic
1247 1542 1577 1621 legislatoris
1614 1561 1756 1614 dicta
1797 1564 2071 1636 intelligit,

492 1636 683 1687 purum
730 1639 783 1682 et
812 1647 1066 1691 serenum
1101 1642 1267 1696 animi
1317 1647 1536 1700 oculum
1597 1664 1803 1719 servat,
1867 1655 2074 1724 ipsum-

490 1727 593 1776 que
616 1717 705 1782 qui
739 1736 954 1776 omnem
999 1733 1316 1789 mutationis
1364 1737 1537 1791 aleam
1587 1739 1724 1809 fugit
1759 1743 2072 1801 immutabi-

488 1802 613 1857 liter
664 1813 1038 1883 considerans,
1083 1821 1153 1876 ita
1188 1825 1256 1877 de
1303 1840 1370 1880 eo
1402 1831 1626 1898 cogitat,
1654 1844 1711 1886 ιιι
1749 1835 1896 1889 nulla
1941 1853 2067 1893 eum

2192 658 2360 727 νόμος
2410 665 2583 729 μισεῖ,
2621 664 2713 715 καὶ
2759 662 2894 725 Θεὸς
2941 664 3196 731 γενέσθαι
3229 667 3290 717 οὐ
3333 666 3602 736 βούλεται·
3642 679 3747 744 Τὴν

2189 752 2300 823 γὰρ
2332 754 2509 823 ἐμὴν,
2565 756 2719 826 φησὶ,
2747 754 2938 819 δόξαν
2970 756 3154 824 ἑτέρῳ
3199 760 3272 812 οὐ
3303 758 3490 821 δώσω,
3534 765 3627 829 Ὃς
3661 771 3749 837 μὲν

2187 844 2361 907 οὕτως
2391 847 2575 899 ἐπαΐει
2605 847 2711 899 τῶν
2746 846 2844 899 τοῦ
2875 849 3172 918 νομοθέτου
3218 850 3434 919 λογίων,
3469 855 3749 927 ἀκραιφνὲς

2191 935 2292 1002 μὲν
2323 937 2472 1006 αὐτῷ
2503 940 2750 1007 τηρεῖται
2780 939 2878 1007 τῆς
2910 939 3156 1003 διανοίας
3186 941 3247 993 τὸ
3274 942 3446 1012 ὄμμα,
3483 946 3749 1018 ἀτρέπτως

2183 1026 2243 1081 δὲ
2270 1028 2331 1081 τὸ
2355 1029 2624 1097 ἄτρεπτον
2652 1029 2925 1101 καθορῶν,
2964 1033 3026 1084 οὐ
3053 1032 3245 1097 τύπον,
3277 1034 3338 1087 οὐ
3369 1037 3567 1107 χρῶμα
3595 1057 3659 1093 πε
3670 1059 3746 1113 ρι’

2190 1119 2329 1170 ιὲναι
2366 1122 2557 1183 ἐννοεῖ,
2600 1123 2660 1174 οῦ
2690 1123 2861 1175 τόπον
2890 1124 2921 1193 ἢ
2953 1126 3167 1194 χρόνον,
3196 1125 3229 1197 ἢ
3268 1128 3370 1180 ὅσα
3401 1128 3620 1185 τοιαῦτα
3650 1150 3745 1188 σω-

2187 1212 2373 1280 μάτων
2404 1212 2529 1278 ίδια,
2558 1216 2695 1285 πρὸς
2725 1216 2897 1270 ἑαυτὰ
2929 1219 3022 1271 τὸν
3061 1219 3186 1272 νοῦν
3213 1220 3302 1273 διὰ
3327 1221 3434 1275 τῶν
3468 1222 3746 1296 ὀφθαλμῶν

2183 1303 2578 1374 ἐπισπώμενα·
2635 1307 2753 1361 ἀλλ’
2811 1308 2998 1362 etot-05’
3033 1328 3137 1363 που
3177 1312 3305 1382 περὶ
3357 1313 3416 1366 τὸ
3472 1315 3744 1387 ἀσώματον

2181 1393 2375 1449 ἑαυτὸν
2403 1396 2648 1466 ἐρείδων,
2690 1399 2948 1471 ἀκίνητός
2975 1418 3035 1454 τε
3082 1403 3177 1456 καὶ
3230 1404 3476 1481 άτρεμὴς
3527 1410 3650 1479 περὶ
3691 1412 3744 1464 τὸ

2181 1484 2385 1553 ἀγαθὸν
2412 1487 2666 1559 ἔστηκεν,
2696 1492 2966 1547 άθόλωτόν
2994 1512 3051 1547 τε
3095 1486 3188 1548 καὶ
3220 1496 3403 1569 ἀπαθῆ
3432 1498 3530 1568 τὴν
3562 1500 3742 1557 ἑαυτοῦ

2181 1576 2476 1644 φυλάττων
2505 1582 2811 1652 ἐνέργειαν.
2859 1583 2918 1637 ’0
2960 1586 3018 1639 δὲ
3049 1586 3224 1649 ἄλλως
3252 1586 3439 1643 αὐτῶν
3471 1590 3743 1661 ἀκροώμε-

2179 1683 2291 1731 νος,
2322 1670 2418 1724 καὶ
2476 1673 2616 1742 πρὸς
2646 1675 2708 1727 τὸ
2737 1676 2917 1738 ἀειδὲς
2962 1694 3022 1731 τε
3072 1681 3165 1732 καὶ
3202 1679 3389 1749 νοερὸν
3452 1680 3741 1750 ἰλιγγιάσας

2179 1760 2374 1832 ἀτονία
2397 1761 2599 1833 ψυχῆς,
2632 1765 2734 1835 τῆς
2780 1772 2909 1837 περὶ
2946 1767 3084 1821 Θεοῦ
3127 1770 3504 1841 άπολισθήσας
3550 1774 3741 1837 ἐννοίας

2177 1848 2418 1917 ἄστατος
2445 1854 2614 1926 λήθης
2640 1857 2826 1910 πεδίον
2856 1858 3077 1924 ἀλᾶται,
3110 1879 3177 1916 πε
3186 1861 3243 1933 pi.
3269 1861 3499 1933 σώματα
3532 1866 3622 1917 καί
3646 1866 3739 1933 γῆν

490 1897 661 1966 ligura
696 1905 980 1977 nullusque
1007 1914 1161 1967 color
1188 1915 1424 1986 alliciat;
1457 1938 1565 1975 tt0n
1606 1924 1754 1980 locus
1790 1939 1883 1982 aut
1917 1939 2047 1985 tem-

2181 1897 2242 1902 --ε
2263 1897 2410 1917 ψη,
2446 1897 2594 1926 ...υτ

2163 1942 2594 2013 εξλυσπώμενος.

1410 1983 1418 1986 -
2101 1983 2124 1985 -
2164 1983 2594 2013 -..πρηυρυυν

484 2005 583 2056 Ρ²¹⁵
616 1995 697 2047 ν¹²¹
728 1983 768 2048 έί
800 2014 904 2066 (Ιυέ1
947 2003 1214 2070 είυδιυοάί
1266 2024 1557 2081 corporum
1622 2020 1844 2086 propria
1919 2026 2207 2085 oculorum
2271 2036 2578 2091 ministerio
2641 2055 2851 2110 usuque
2897 2041 3142 2097 alliciant
3194 2047 3487 2101 animum:
3528 2049 3618 2102 sed
3673 2048 3741 2113 illi

485 2085 754 2113 Snl..._---...
820 2093 905 2113 ..μ’
951 2109 969 2113 -
1077 2098 1089 2108 -
1280 2112 1285 2113 ,
1651 2109 1661 2113 -

485 2085 777 2149 ίηιιίιτθιιες
816 2093 907 2159 qui
943 2098 1089 2151 Omni
1139 2112 1294 2153 vacat
1342 2118 1596 2171 corpore,
1651 2109 1947 2169 immobilis
2002 2133 2047 2171 at

485 2174 932 2208 Ι..πη.,..ι....ι.........
1442 2206 1447 2208 _
1514 2200 1523 2208 .
1648 2198 1678 2208 Α
1730 2201 1740 2208 .

2643 2085 2850 2110 _-...,....
2897 2085 3142 2097 .....υ......
3473 2089 3487 2101 .
3528 2085 3618 2102 σω.
3673 2085 3741 2113 ...ι

2156 2125 2326 2181 ttietus
2381 2130 2529 2184 circa
2583 2131 2783 2185 bonum
2863 2135 3151 2197 consistit;
3183 2137 3440 2206 quodque
3499 2149 3741 2208 operatur

2384 2174 2526 2184 -..νη
2583 2174 2783 2185 υν.......
2863 2174 3440 2206 νυ..ο.,...,.,..υ..,,..υ
3499 2174 3733 2208 "ru..."

482 2174 934 2243 ί¹¹ῖΡθν¹¹¹ν¹θί¹¹⁰¹¹¹
978 2202 1284 2258 νιιτιιηηιυθ
1337 2200 1594 2251 οιιειοάιι·
1641 2198 1741 2265 Qui
1799 2219 1927 2257 Vero
1970 2208 2086 2265 hinc
2147 2214 2251 2268 alia
2324 2220 2535 2275 ratione
2568 2224 2741 2283 audit.
2798 2235 2966 2295 atque
3001 2226 3067 2279 ad
3145 2225 3238 2281 Dei
3278 2234 3533 2280 naturam
3584 2228 3739 2297 ﬁgura

482 2268 629 2297 n.....:
678 2287 740 2297 ..η
799 2273 1116 2297 :-...tn:__,_.-,
1367 2287 1377 2297 .

2326 2268 2534 2275 τη-.-
2799 2268 2966 2295 νγ...
3001 2268 3067 2279 ....
3146 2268 3238 2281 νυ.
3584 2268 3739 2297 πο...-

478 2268 630 2320 υιιιιιί
677 2287 741 2323 ac
798 2273 1153 2346 intelligentia
1196 2287 1536 2353 superiorem
1585 2308 1695 2360 prae
1737 2297 1910 2351 animi
1956 2299 2335 2363 imbecillitate
2374 2328 2636 2368 exerrans
2672 2331 2701 2369 a
2739 2314 2832 2370 Dti
2875 2318 3079 2372 escidit
3123 2319 3430 2386 intellectu,
3481 2321 3740 2378 instabilis

478 2375 803 2434 pervagatur
832 2370 1127 2430 oblivionis
1168 2392 1446 2449 campum,
1493 2384 1564 2437 ita
1598 2398 1654 2439 ιιι
1696 2390 1842 2446 circa
1882 2409 2113 2465 corpora
2152 2401 2484 2475 humumque.
2548 2410 2689 2463 velut
2734 2414 2892 2465 meno
2938 2428 3171 2480 mersus,
3206 2415 3462 2471 attollere
3513 2430 3632 2474 sese
3677 2418 3738 2473 ad

478 2467 660 2510 veram
696 2459 999 2517 divinitatis
1025 2470 1392 2537 cognitionem
1427 2491 1532 2531 non
1573 2482 1765 2548 possit.

544 2622 632 2675 44.
672 2624 810 2690 Quid
843 2637 1023 2683 autem
1075 2633 1120 2686 si
1175 2635 1323 2705 ipsos
1360 2654 1579 2711 quoque
1627 2657 1848 2705 sanctos
1885 2653 2057 2721 viros,

469 2711 562 2778 qui
598 2727 660 2765 ex
692 2714 857 2770 Musis
903 2720 1170 2779 institutis
1200 2726 1471 2795 vixerunt,
1504 2749 1623 2788 eam
1682 2754 1787 2793 non
1810 2756 2057 2799 servasse

471 2802 642 2870 legem
679 2812 993 2873 ostendero.
1029 2831 1126 2869 nec
1158 2819 1226 2871 ab
1251 2835 1442 2877 eorum
1473 2827 1789 2887 simulacris
1819 2837 2051 2901 tfltVlSSG,

466 2910 587 2963 qua:
622 2898 670 2950 in
703 2904 846 2957 ctt-lo
908 2916 1034 2959 sunt
1066 2909 1228 2979 inque
1261 2922 1404 2969 terra
1435 2933 1499 2973 ac
1535 2923 1695 2989 mari,
1739 2932 1793 2978 ιιι
1832 2928 2050 2996 quidem

461 2987 779 3057 ⁸ῇιιχιιιιιιιοιι
814 2994 928 3063 ipse
960 2997 1241 3057 indelinite
1281 3004 1559 3078 intelligis,
1578 3028 1760 3070 sermo
1813 3019 2050 3087 accipia-

468 3090 575 3142 tur,
593 3082 833 3151 legisque
850 3091 1119 3144 sententia
1144 3088 1419 3151 ἳΙΜΡΕΙῖ.
1444 3101 1746 3171 Quomodo,
1768 3082 1946 3177 quave
1964 3127 2045 3163 ra-

466 3171 608 3224 tione
630 3174 655 3224 ?
683 3175 886 3230 PATlt.
914 3178 1171 3251 Nunquid
1203 3198 1251 3239 te
1281 3187 1440 3258 fugit,
1474 3209 1507 3246 ο
1558 3171 1876 3265 imperator,
1911 3218 2045 3270 quo-

463 3264 625 3314 tnodo
651 3263 907 3319 Salomon
960 3274 1218 3339 templum
1252 3290 1562 3345 exstruens,
1623 3303 1772 3340 mare
1836 3307 2042 3346 a-nenm

462 3351 605 3406 intra
634 3360 817 3426 templi
859 3373 1009 3430 septa
1042 3364 1347 3425 fabricatus
1375 3374 1469 3441 sit,
1502 3376 1554 3429 in
1584 3394 1689 3445 quo
1721 3386 2036 3439 sacerdotes

460 3445 804 3502 victimarum
861 3456 1128 3524 sanguine
1178 3459 1413 3523 ltedalas
1455 3482 1648 3525 manus
1693 3474 2042 3539 proluerent?
2074 3455 2114 3513 θ

459 3533 574 3602 Qua
603 3537 770 3606 igitur
797 3542 913 3597 basi
949 3546 1075 3602 tllnd
1105 3559 1317 3606 tantum
1337 3572 1470 3622 opus
1486 3562 1816 3628 suspendit?
1852 3583 2036 3625 nonne

461 3626 633 3681 bobus
664 3630 950 3687 duodecim
983 3653 1090 3691 tere
1116 3638 1270 3708 fusis,
1314 3645 1489 3716 iisque
1516 3655 1836 3723 suppositis,
1869 3673 2065 3729 super

462 3715 584 3772 illos
608 3736 753 3779 mare
785 3727 1076 3794 explicavit
1110 3731 1133 3784 ἲ
1162 3731 1275 3798 Qua
1311 3738 1477 3806 igitur
1511 3742 1721 3799 ratione
1745 3746 1916 3818 legem
1939 3752 2038 3805 ob-

456 3821 659 3878 servat,
723 3814 874 3870 bovis
918 3821 1323 3881 similitmlinem
1389 3830 1617 3901 faciens,
1677 3839 1731 3892 itt
1804 3841 1870 3895 iis
1918 3858 2040 3912 quae

455 3907 830 3961 consecravit?
874 3907 967 3963 llis
1007 3924 1134 3980 putt)
1169 3916 1256 3971 ille
1287 3918 1571 3989 ittdicutil,
1627 3929 1774 3995 paris
1827 3936 2036 3990 numeri

454 3992 680 4048 chorum
722 3998 1128 4069 Apostolorum,
1157 4010 1243 4076 qui
1290 4010 1434 4066 velut
1487 3992 1672 4070 bovini
1734 4023 1916 4089 operis
1970 4029 2036 4079 at

452 4087 746 4141 serendum
822 4096 1041 4148 verbum
1099 4101 1377 4169 sapientes
1455 4108 1719 4176 magistri,
1778 4118 2034 4171 mundum

452 4173 621 4240 hunc,
651 4179 703 4234 id
750 4192 854 4246 est,
888 4201 1056 4249 mare,
1094 4191 1311 4257 pietatis
1351 4196 1562 4250 cultura
1617 4204 1927 4269 subteVant,
1955 4209 2036 4259 in-

448 4282 558 4337 que
585 4268 754 4325 altum
816 4275 1089 4345 tollentes,
1119 4285 1349 4351 pollutas
1390 4290 1730 4346 victimarum
1771 4300 2036 4365 sanguine

447 4364 796 4418 sacerdotum
828 4384 1022 4425 manus
1071 4378 1354 4441 inundant,
1384 4381 1786 4454 detergttntqne
1853 4364 2034 4459 limpi-

444 4452 682 4517 vilissimis
716 4456 979 4515 doctrina:
1030 4463 1306 4537 laticibus,
1345 4484 1404 4527 ut
1455 4476 1522 4529 ab
1548 4452 1657 4531 illis
1684 4480 1904 4538 abducti
1947 4486 2032 4538 in-

444 4561 728 4604 cruentam
798 4556 1004 4615 domini
1065 4564 1299 4621 hostiam
1362 4570 1615 4628 otl'erant.
1666 4574 1806 4642 Quid
1881 4593 2028 4644 vero.

442 4634 687 4696 diversas
753 4644 1025 4719 longeque
1078 4660 1349 4723 pretiosas
1380 4665 1539 4719 sedes
1569 4678 1813 4733 struens,
1848 4688 2029 4728 nonne

445 4730 659 4787 leonum
698 4737 749 4789 in
801 4740 881 4794 eis
935 4742 1137 4812 ﬁguras
1190 4752 1541 4823 collocabat;
1568 4759 1640 4811 ita
1695 4764 1928 4830 scilicet,
1967 4775 2023 4819 ut
2059 4790 2102 4845 υ

445 4820 575 4845 ull-..
603 4825 689 4845 --Α
715 4827 726 4845 Ι
1215 4841 1224 4845 ⁸
1252 4843 1261 4845 “

441 4820 578 4879 alios
598 4825 816 4892 quidem
861 4846 1118 4902 superne,
1173 4841 1263 4894 ubi
1311 4845 1617 4903 cubitorum
1648 4851 1850 4907 ﬂexura
1879 4867 2019 4921 erat,

441 4909 661 4979 ﬁgeret.
688 4918 826 4974 alios
863 4923 916 4976 in
966 4924 1077 4981 imo
1126 4945 1224 4999 per
1261 4936 1463 5003 gradus
1505 4952 1628 5008 apte
1672 4944 2023 5013 disponeret?

439 5000 608 5058 l’urro
636 5006 849 5066 leonum
878 5018 1103 5074 materia
1130 5023 1267 5078 ebur
1310 5036 1450 5083 erat.

508 5139 596 5197 45.
638 5146 707 5198 At
742 5149 871 5216 quid
903 5162 986 5209 est
1014 5169 1118 5212 cur
1171 5160 1237 5214 de
1287 5160 1410 5217 aliis
1440 5165 1541 5219 ista
1575 5169 1862 5236 disseram,
1890 5189 2014 5230 cum

439 5229 617 5299 ipsum
671 5237 1066 5309 legislatorem,
1111 5260 1205 5305 tuo
1253 5253 1346 5308 illo
1390 5272 1575 5325 sensu,
1643 5276 1773 5319 suas
1834 5267 2007 5335 ipsum

437 5323 658 5382 minime
712 5342 957 5390 secutum
1006 5339 1152 5410 leges
1185 5349 1472 5404 ostendere
1514 5351 1713 5408 liceat?
1738 5356 1818 5409 Att
1869 5360 2013 5412 enim

434 5417 612 5472 nescis
665 5418 988 5484 fabricatum
1045 5449 1166 5490 esse
1241 5440 1679 5508 propitiatorium
1738 5463 1807 5503 ex
1875 5466 2014 5507 auro

431 5517 593 5572 puro,
628 5510 862 5585 illudque
883 5537 1044 5587 ιιι-(ιω,
1069 5543 1187 5596 quae
1230 5544 1294 5584 ex
1339 5548 1472 5588 auro
1506 5552 1723 5609 quoque
1777 5542 2008 5598 conﬂata

432 5610 571 5668 erat,
606 5603 966 5674 imposuisste?
992 5617 1060 5669 At
1101 5620 1166 5686 is,
1211 5633 1268 5677 ut
1323 5625 1470 5681 Pauli
1507 5632 1773 5686 sententia
1825 5645 1927 5701 est,
1956 5635 2008 5689 itt

504 5800 546 5834 “
590 5801 712 5860 lsai.
745 5824 876 5877 χιιι,
900 5811 952 5869 8.

2230 2654 2335 2722 μδ’.
2367 2654 2435 2708 Τί
2464 2650 2580 2719 οῦν,
2624 2657 2676 2709 εἰ
2728 2657 2824 2710 καὶ
2869 2659 3073 2723 αὐτοὺς
3124 2660 3380 2727 ἐκείνους
3429 2667 3557 2729 τοὺς
3602 2671 3733 2726 κατὰ

2158 2746 2444 2810 Μωῦσέως
2469 2746 2968 2819 πολιτευσαμένους
2996 2750 3199 2823 ἄνδρας
3223 2754 3434 2820 ὁσίους,
3475 2757 3549 2830 μὴ
3570 2775 3733 2829 πεφυ-

2157 2835 2391 2906 λαχότας
2422 2836 2573 2890 τόνδε
2604 2838 2866 2903 ἐπεδείξω
2890 2841 2985 2894 τὸν
3009 2841 3201 2911 νόμον,
3230 2844 3371 2915 μηδὲ
3400 2850 3730 2917 πεφευγότας

2155 2926 2264 2981 τῶν
2289 2926 2522 2998 οὐρανοῦ
2569 2928 2665 2982 καὶ
2701 2930 2796 2982 ἐπὶ
2828 2933 2952 3003 γῆς,
2984 2931 3017 3002 ἢ
3052 2930 3163 2987 τῶν
3195 2935 3255 2988 ἐν
3292 2935 3543 3013 θαλάσσῃ
3569 2944 3730 2994 ποιεῖν

2152 3016 2224 3071 τὰ
2254 3017 2582 3088 ἰνδάλματα,
2622 3020 2677 3073 εἰ
2709 3019 2852 3073 κατὰ
2900 3020 3002 3085 τὰς
3038 3022 3138 3085 σὰς
3183 3023 3484 3095 ἀορίστους
3530 3030 3729 3095 ἐννοίας

2154 3112 2325 3162 νοοῖτο
2346 3110 2375 3162 ὀ
2392 3109 2549 3177 λόγος
2571 3126 2588 3177 ;
2634 3112 2676 3164 Ο
2719 3110 2918 3164 ΒΑΣΙΛ
2928 3113 3078 3167 ΕΥΣ.
3099 3112 3222 3179 Πῶς
3244 3118 3347 3172 καὶ
3373 3119 3494 3173 τίνα
3508 3122 3727 3193 τρόπον;

2152 3203 2193 3255 0
2242 3202 2706 3258 ΙΙΑΤΡΙΑΡΧΗΣ.
2750 3203 2885 3258 Μῶν
2930 3206 3032 3260 οὐκ
3061 3207 3333 3279 ἀκήκοας,
3378 3206 3428 3266 ὦ
3492 3213 3727 3284 βασιλεῦ,

2150 3289 2225 3353 ὡς
2254 3292 2556 3362 οἰκοδομῶν
2589 3293 2681 3345 τὸν
2708 3293 2847 3347 νεὼν
2895 3294 3170 3367 Σολομὼν,
3210 3299 3316 3369 τὴν
3351 3301 3731 3372 χαλκῆν-ὲκεί-

2149 3399 2249 3452 νην
2271 3382 2366 3436 τοῦ
2395 3383 2543 3453 ἱεροῦ
2565 3384 2869 3455 περιϐόλων
2893 3387 3043 3450 ἐντὸς
3069 3388 3413 3461 ἐτεκτήνατο
3439 3392 3729 3460 θάλασσαν,

2146 3476 2205 3528 ἐν
2303 3477 2402 3538 τὰς
2436 3479 2625 3548 χεῖρας
2653 3480 2701 3531 οἱ
2758 3480 2927 3550 ἱερεῖς
2970 3480 3166 3550 αἵματι
3207 3484 3307 3537 καὶ
3342 3484 3532 3557 λύθρῳ
3559 3503 3733 3541 πεπα-

2144 3567 2425 3637 λαγμένας
2450 3569 2775 3651 ἐκάθαιρονς
2819 3571 2941 3625 Ἐπὶ
2977 3572 3139 3627 τίνων
3167 3570 3263 3629 οὗν
3298 3576 3512 3648 ταύτην
3534 3577 3727 3651 annos

2148 3677 2353 3732 ρησενς
2412 3642 2548 3732 Ulixi.
2605 3663 2935 3719 δυοκαίδεκα
2965 3664 3095 3735 βόας
3133 3642 3580 3738 χαλκεύσας-καὶ
3614 3642 3732 3723 4:013-

2141 3769 2267 3815 τους
2300 3752 2545 3818 ὑποθεὶς,
2595 3755 2683 3806 ἐπ’
2717 3755 2900 3808 αὐτῶν
2953 3757 3055 3827 τὴν
3105 3757 3391 3815 θάλασσαν
3443 3761 3729 3831 ἦπλωσενς

2140 3844 2267 3906 Πῶς
2294 3839 2385 3897 οὖν
2416 3845 2677 3912 φυλάττει
2710 3847 2804 3900 τὸν
2833 3847 3020 3918 νόμον,
3052 3849 3314 3921 ὁμοίωμα
3359 3852 3507 3923 βοῶν
3541 3855 3602 3907 ἐν
3625 3854 3735 3916 τοῖς

2139 3936 2487 4005 τελουμένοις
2515 3938 2666 4009 αὐτῷ
2692 3940 3060 4012 ποιησάμενος
3089 3958 3105 4007 ;
3154 3944 3232 3996 Δι’
3267 3936 3370 4012 ὧν,
3407 3939 3591 4016 οἶμαι,
3628 3945 3733 3998 ὑπ-

2141 4027 2406 4097 έγραφεν,
2454 4028 2530 4093 ὡς
2583 4030 2694 4085 τῶν
2743 4032 3059 4087 ἀποστόλων
3099 4034 3393 4107 ίσάριθμος
3444 4037 3635 4107 χορὸς,
3683 4035 3734 4090 ol

2138 4122 2296 4187 σοφοὶ
2322 4120 2416 4175 τοῦ
2457 4121 2618 4189 λόγου
2666 4123 3016 4195 βουεργάται,
3048 4125 3199 4179 τόνδε
3229 4127 3326 4182 τὸν
3363 4130 3595 4200 κόσμον,
3636 4128 3733 4200 τὴν

2137 4209 2431 4276 θάλασσαν,
2457 4215 2547 4278 είς
2581 4213 2715 4284 ὕψος
2736 4218 2986 4289 αἴροντες
3008 4222 3077 4291 τῇ
3102 4223 3380 4294 γεηπονίᾳ
3426 4225 3534 4293 τῆς
3576 4223 3735 4277 εὐσε-

2134 4306 2308 4373 ϐείας,
2341 4311 2760 4382 μεμολυσμένας
2790 4313 2986 4383 αἵμασι
3013 4315 3218 4370 θυσιῶν
3238 4317 3358 4372 τῶν
3395 4320 3598 4389 ίερέων
3634 4317 3733 4380 τὰς

2138 4402 2327 4471 χεῖρας
2382 4404 2677 4474 ἐκάθαιρόν
2710 4424 2770 4459 τε
2806 4408 2902 4461 καὶ
2938 4408 3181 4480 ἐσμηχον
3210 4412 3313 4481 τῆς
3366 4412 3733 4476 διδασκαλίας

2137 4495 2249 4556 τοῖς
2280 4495 2544 4565 νάμασιν,
2570 4498 2655 4551 ἵνα
2685 4498 2915 4555 ἐκείνων
2943 4501 3358 4571 ἀπαλλαγέντες
3384 4506 3734 4575 ἀναίμακτον

2136 4585 2329 4639 θυσίαν
2362 4587 2441 4658 τῷ
2466 4590 2715 4662 Δεσπότῃ
2768 4595 3172 4665 προσφέρωσιν.
3228 4596 3293 4649 Τί
3316 4597 3404 4659 δὲ,
3445 4597 3734 4660 ποικίλους

2133 4677 2227 4729 καὶ
2261 4677 2578 4743 πολυτελεῖς
2609 4685 3028 4759 κατασκευάσας
3056 4686 3280 4752 θάκους,
3307 4689 3371 4742 οὐ
3399 4690 3646 4743 λεόντων
3673 4692 3733 4742 ἐν

2132 4769 2321 4833 αὐτοῖς
2371 4770 2540 4825 ἐτίθει
2582 4776 2828 4844 μορφάς,
2868 4777 2998 4840 τοὺς
3051 4780 3150 4848 μὲν
3195 4780 3409 4836 ἄνωθεν
3453 4784 3554 4837 ἐπὶ
3604 4783 3733 4844 τοὺς

2128 4863 2383 4929 ἀγκῶνας
2418 4865 2659 4934 ἐρείσας,
2687 4869 2814 4931 τοὺς
2834 4869 2892 4923 δὲ
2926 4870 3146 4941 ἔνερθεν
3181 4872 3287 4926 ἀνὰ
3306 4875 3442 4939 τοὺς
3470 4875 3732 4945 βαθμοὺς

2124 4955 2505 5027 ἁρμοσάμενος
2529 4975 2543 5023 ;
2568 4958 2767 5029 ἐλέφας
2795 4963 2853 5015 δὲ
2885 4958 2953 5032 ἦν
2984 4964 3092 5017 τῶν
3122 4964 3354 5018 λεόντων
3388 4969 3424 5038 ἠ
3452 4967 3583 5039 ὕλη.

2198 5175 2298 5248 με’.
2329 5181 2439 5233 Καὶ
2462 5180 2516 5233 τί
2539 5181 2606 5236 ἂν
2628 5181 2798 5236 ταῦτα
2828 5202 2897 5239 πε
2910 5188 2962 5257 ρὶ
2990 5186 3196 5257 ἐτέρων
3232 5205 3315 5243 σοι
3351 5191 3534 5263 φαίην
3553 5233 3568 5255 ,
3606 5191 3730 5256 ἒξδν

2123 5267 2216 5320 καὶ
2263 5269 2426 5322 αὐτὸν
2485 5272 2854 5327 ἐπιδεικνύναι
2910 5277 3002 5330 τὸν
3058 5279 3404 5351 νομοθέτην,
3470 5286 3520 5336 εί
3580 5283 3728 5336 οὕτω

2115 5360 2309 5426 νοοῖτο,
2366 5363 2480 5425 τοῖς
2526 5364 2749 5429 οἰκείοις
2798 5366 3023 5438 θεσμοῖς
3070 5371 3170 5441 οὐχ
3227 5372 3550 5444 ἐπόμενον;
3607 5376 3727 5430 Οὐκ

2116 5445 2274 5506 οἶσθα
2306 5452 2415 5526 γάρ
2445 5454 2520 5516 ὡς
2555 5457 2868 5529 ἱλαστήριον
2897 5463 2959 5515 ἐκ
2993 5462 3239 5535 καθαροῦ
3301 5469 3542 5536 χρυσίου
3585 5486 3725 5524 κατ-

2120 5544 2439 5612 εσκεύασεν,
2463 5548 2561 5601 καὶ
2586 5549 2747 5603 τοῦτο
2779 5542 2989 5607 ἄνωθεν
3013 5556 3113 5625 τῆς
3129 5561 3333 5628 χρυσῆς
3351 5561 3609 5630 ἐπέθηκε
3639 5581 3725 5618 κι-

2118 5637 2314 5706 ϐωτοῦ,
2338 5640 2452 5707 καὶ,
2482 5635 2605 5706 ὡςὸ
2626 5643 2858 5711 Παῦλος,
2888 5648 2967 5712 είς
2993 5648 3085 5704 τὸν
3113 5652 3342 5724 Σωτῆρα
3370 5642 3493 5733 και
3512 5655 3724 5730 Κύριον
