  <div class='ocr_page' id='page_1' title='image "/cluster/home/n/w/nwhite01/storage/ocr_20150623/100/coo.31924054870047/060.png"; bbox 0 0 3986 6428; ppageno 0'>
   <div class='ocr_carea' id='block_1_1' title="bbox 313 364 1992 431">
    <p class='ocr_par' dir='ltr' id='par_1_1' title="bbox 313 364 1992 431">
     <span class='ocr_line' id='line_1_1' title="bbox 313 364 1992 431; baseline -0.001 0"><span class='ocrx_word' id='word_1_1' title='bbox 313 364 396 431; x_wconf 80' lang='grc'><strong>105</strong></span> <span class='ocrx_word' id='word_1_2' title='bbox 1786 366 1992 431; x_wconf 73' lang='lat' dir='ltr'><strong>VITA.</strong></span> 
     </span>
    </p>
   </div>
   <div class='ocr_carea' id='block_1_2' title="bbox 3441 378 3541 444">
    <p class='ocr_par' dir='ltr' id='par_1_2' title="bbox 3441 378 3541 444">
     <span class='ocr_line' id='line_1_2' title="bbox 3441 378 3541 444; baseline 0.03 -3"><span class='ocrx_word' id='word_1_3' title='bbox 3441 378 3541 444; x_wconf 65' lang='lat'><strong>106</strong></span> 
     </span>
    </p>
   </div>
   <div class='ocr_carea' id='block_1_3' title="bbox 307 470 1864 563">
    <p class='ocr_par' dir='ltr' id='par_1_3' title="bbox 307 470 1847 547">
     <span class='ocr_line' id='line_1_3' title="bbox 307 470 1847 547; baseline 0.001 -17"><span class='ocrx_word' id='word_1_4' title='bbox 307 478 387 533; x_wconf 70' lang='grc' dir='ltr'><strong>καὶ</strong></span> <span class='ocrx_word' id='word_1_5' title='bbox 409 472 598 530; x_wconf 74' lang='grc' dir='ltr'>ἄνωθεν</span> <span class='ocrx_word' id='word_1_6' title='bbox 622 470 956 543; x_wconf 78' lang='grc' dir='ltr'><strong>παραδόσεις</strong></span> <span class='ocrx_word' id='word_1_7' title='bbox 987 471 1099 527; x_wconf 84' lang='grc' dir='ltr'>τῶν</span> <span class='ocrx_word' id='word_1_8' title='bbox 1130 471 1367 545; x_wconf 85' lang='grc' dir='ltr'>πρώτων</span> <span class='ocrx_word' id='word_1_9' title='bbox 1390 472 1722 547; x_wconf 80' lang='grc' dir='ltr'>ἀνθρώπων,</span> <span class='ocrx_word' id='word_1_10' title='bbox 1749 477 1847 532; x_wconf 70' lang='grc' dir='ltr'><strong>ενα</strong></span> 
     </span>
    </p>
   </div>
   <div class='ocr_carea' id='block_1_4' title="bbox 1969 470 3548 563">
    <p class='ocr_par' dir='ltr' id='par_1_4' title="bbox 1969 478 3548 563">
     <span class='ocr_line' id='line_1_4' title="bbox 1969 478 3548 563; baseline 0.009 -30"><span class='ocrx_word' id='word_1_11' title='bbox 1969 478 2134 557; x_wconf 63' lang='lat' dir='ltr'><strong>insitae</strong></span> <span class='ocrx_word' id='word_1_12' title='bbox 2162 480 2444 538; x_wconf 84' lang='lat' dir='ltr'><strong>hominum</strong></span> <span class='ocrx_word' id='word_1_13' title='bbox 2465 486 2736 543; x_wconf 77' lang='lat' dir='ltr'><strong>mentibus</strong></span> <span class='ocrx_word' id='word_1_14' title='bbox 2758 488 2824 543; x_wconf 92' lang='lat' dir='ltr'><strong>de</strong></span> <span class='ocrx_word' id='word_1_15' title='bbox 2849 487 2961 544; x_wconf 85' lang='lat' dir='ltr'><strong>Deo</strong></span> <span class='ocrx_word' id='word_1_16' title='bbox 2986 490 3368 560; x_wconf 74' lang='lat' dir='ltr'><strong>cogitationes,</strong></span> <span class='ocrx_word' id='word_1_17' title='bbox 3395 507 3548 563; x_wconf 66' lang='lat' dir='ltr'><strong>qure-</strong></span> 
     </span>
    </p>
   </div>
   <div class='ocr_carea' id='block_1_5' title="bbox 306 564 1859 640">
    <p class='ocr_par' dir='ltr' id='par_1_5' title="bbox 306 564 1859 640">
     <span class='ocr_line' id='line_1_5' title="bbox 306 564 1859 640; baseline -0.003 -15"><span class='ocrx_word' id='word_1_18' title='bbox 306 569 416 625; x_wconf 77' lang='grc' dir='ltr'>Θιὸν</span> <span class='ocrx_word' id='word_1_19' title='bbox 443 565 610 638; x_wconf 76' lang='grc' dir='ltr'><strong>ἀληθῆ</strong></span> <span class='ocrx_word' id='word_1_20' title='bbox 638 566 803 637; x_wconf 84' lang='grc' dir='ltr'>μόνον</span> <span class='ocrx_word' id='word_1_21' title='bbox 833 565 1160 634; x_wconf 80' lang='grc' dir='ltr'>ἐγίνωσκον·</span> <span class='ocrx_word' id='word_1_22' title='bbox 1186 565 1237 618; x_wconf 92' lang='grc' dir='ltr'><strong>οἰ</strong></span> <span class='ocrx_word' id='word_1_23' title='bbox 1263 564 1323 618; x_wconf 80' lang='grc' dir='ltr'><strong>δὲ</strong></span> <span class='ocrx_word' id='word_1_24' title='bbox 1348 564 1451 635; x_wconf 83' lang='grc' dir='ltr'>τῆς</span> <span class='ocrx_word' id='word_1_25' title='bbox 1478 565 1699 636; x_wconf 80' lang='grc' dir='ltr'>χθονιας</span> <span class='ocrx_word' id='word_1_26' title='bbox 1728 570 1859 640; x_wconf 86' lang='grc' dir='ltr'>ἐρα-</span> 
     </span>
    </p>
   </div>
   <div class='ocr_carea' id='block_1_6' title="bbox 307 655 1860 729">
    <p class='ocr_par' dir='ltr' id='par_1_6' title="bbox 307 655 1860 729">
     <span class='ocr_line' id='line_1_6' title="bbox 307 655 1860 729; baseline 0.01 -30"><span class='ocrx_word' id='word_1_27' title='bbox 307 659 406 714; x_wconf 65' lang='grc' dir='ltr'><strong>σταὶ</strong></span> <span class='ocrx_word' id='word_1_28' title='bbox 428 657 629 726; x_wconf 73' lang='grc' dir='ltr'>σοφίας,</span> <span class='ocrx_word' id='word_1_29' title='bbox 656 655 983 727; x_wconf 80' lang='grc' dir='ltr'>ἀφιλοσόφῳ</span> <span class='ocrx_word' id='word_1_30' title='bbox 1023 656 1187 727; x_wconf 81' lang='grc' dir='ltr'>σοφίᾳ</span> <span class='ocrx_word' id='word_1_31' title='bbox 1222 655 1320 709; x_wconf 74' lang='grc' dir='ltr'><strong>καὶ</strong></span> <span class='ocrx_word' id='word_1_32' title='bbox 1347 655 1492 726; x_wconf 88' lang='grc' dir='ltr'>λόγῳ</span> <span class='ocrx_word' id='word_1_33' title='bbox 1522 656 1727 729; x_wconf 82' lang='grc' dir='ltr'>ἀλόγῳ,</span> <span class='ocrx_word' id='word_1_34' title='bbox 1756 658 1860 727; x_wconf 85' lang='grc' dir='ltr'>τῆς</span> 
     </span>
    </p>
   </div>
   <div class='ocr_carea' id='block_1_7' title="bbox 310 746 1859 819">
    <p class='ocr_par' dir='ltr' id='par_1_7' title="bbox 310 746 1859 819">
     <span class='ocr_line' id='line_1_7' title="bbox 310 746 1859 819; baseline -0.002 -14"><span class='ocrx_word' id='word_1_35' title='bbox 310 748 547 811; x_wconf 72' lang='grc' dir='ltr'>εῦσεόείας</span> <span class='ocrx_word' id='word_1_36' title='bbox 576 747 682 811; x_wconf 79' lang='grc' dir='ltr'>τὰς</span> <span class='ocrx_word' id='word_1_37' title='bbox 729 747 890 817; x_wconf 74' lang='grc' dir='ltr'>ῥίζας</span> <span class='ocrx_word' id='word_1_38' title='bbox 939 746 1234 819; x_wconf 81' lang='grc' dir='ltr'><strong>τολμηρῶς</strong></span> <span class='ocrx_word' id='word_1_39' title='bbox 1268 746 1723 816; x_wconf 77' lang='grc' dir='ltr'>ἀνασπάσαντες,</span> <span class='ocrx_word' id='word_1_40' title='bbox 1761 749 1859 819; x_wconf 75' lang='grc' dir='ltr'><strong>ἥλ-</strong></span> 
     </span>
    </p>
   </div>
   <div class='ocr_carea' id='block_1_8' title="bbox 315 840 1857 911">
    <p class='ocr_par' dir='ltr' id='par_1_8' title="bbox 315 840 1857 911">
     <span class='ocr_line' id='line_1_8' title="bbox 315 840 1857 911; baseline -0.001 -14"><span class='ocrx_word' id='word_1_41' title='bbox 315 843 441 907; x_wconf 76' lang='grc' dir='ltr'><strong>λιξάν</strong></span> <span class='ocrx_word' id='word_1_42' title='bbox 468 858 521 894; x_wconf 84' lang='grc' dir='ltr'><strong>τε</strong></span> <span class='ocrx_word' id='word_1_43' title='bbox 540 841 718 904; x_wconf 80' lang='grc' dir='ltr'>αὑτὰς</span> <span class='ocrx_word' id='word_1_44' title='bbox 741 841 838 895; x_wconf 79' lang='grc' dir='ltr'><strong>καί</strong></span> <span class='ocrx_word' id='word_1_45' title='bbox 862 840 1060 911; x_wconf 77' lang='grc' dir='ltr'><strong>ἑτέραν</strong></span> <span class='ocrx_word' id='word_1_46' title='bbox 1088 840 1412 911; x_wconf 83' lang='grc' dir='ltr'>ἐτράποντο,</span> <span class='ocrx_word' id='word_1_47' title='bbox 1439 842 1538 895; x_wconf 76' lang='grc' dir='ltr'><strong>καὶ</strong></span> <span class='ocrx_word' id='word_1_48' title='bbox 1560 840 1857 907; x_wconf 81' lang='grc' dir='ltr'>πολυθεΐας</span> 
     </span>
    </p>
   </div>
   <div class='ocr_carea' id='block_1_9' title="bbox 318 929 1855 1008">
    <p class='ocr_par' dir='ltr' id='par_1_9' title="bbox 318 929 1855 1008">
     <span class='ocr_line' id='line_1_9' title="bbox 318 929 1855 1008; baseline 0.001 -20"><span class='ocrx_word' id='word_1_49' title='bbox 318 932 668 1007; x_wconf 70' lang='grc' dir='ltr'>ἰμσεόληκότες</span> <span class='ocrx_word' id='word_1_50' title='bbox 704 932 873 1003; x_wconf 80' lang='grc' dir='ltr'>φυτὰ,</span> <span class='ocrx_word' id='word_1_51' title='bbox 905 932 1251 1005; x_wconf 71' lang='grc' dir='ltr'>προῦδωκαν,</span> <span class='ocrx_word' id='word_1_52' title='bbox 1289 934 1357 1004; x_wconf 77' lang='grc' dir='ltr'><strong>ἢν</strong></span> <span class='ocrx_word' id='word_1_53' title='bbox 1392 929 1537 1004; x_wconf 76' lang='grc' dir='ltr'>εἶχον</span> <span class='ocrx_word' id='word_1_54' title='bbox 1571 935 1855 1008; x_wconf 83' lang='grc' dir='ltr'>ἀλήθειαν,</span> 
     </span>
    </p>
   </div>
   <div class='ocr_carea' id='block_1_10' title="bbox 308 1024 1856 1100">
    <p class='ocr_par' dir='ltr' id='par_1_10' title="bbox 308 1024 1856 1100">
     <span class='ocr_line' id='line_1_10' title="bbox 308 1024 1856 1100; baseline 0.002 -20"><span class='ocrx_word' id='word_1_55' title='bbox 308 1026 547 1097; x_wconf 76' lang='grc' dir='ltr'>ἀνθρώπου</span> <span class='ocrx_word' id='word_1_56' title='bbox 586 1026 850 1095; x_wconf 80' lang='grc' dir='ltr'>ὁμοίωμα</span> <span class='ocrx_word' id='word_1_57' title='bbox 883 1026 979 1077; x_wconf 76' lang='grc' dir='ltr'>καὶ</span> <span class='ocrx_word' id='word_1_58' title='bbox 1026 1024 1295 1081; x_wconf 76' lang='grc' dir='ltr'>πετεινῶν</span> <span class='ocrx_word' id='word_1_59' title='bbox 1326 1027 1420 1078; x_wconf 71' lang='grc' dir='ltr'><strong>καὶ</strong></span> <span class='ocrx_word' id='word_1_60' title='bbox 1458 1027 1587 1096; x_wconf 77' lang='grc' dir='ltr'>ἑξῆς</span> <span class='ocrx_word' id='word_1_61' title='bbox 1621 1027 1699 1099; x_wconf 82' lang='grc' dir='ltr'>τῷ</span> <span class='ocrx_word' id='word_1_62' title='bbox 1737 1028 1856 1100; x_wconf 84' lang='grc' dir='ltr'>Θεῷ</span> 
     </span>
    </p>
   </div>
   <div class='ocr_carea' id='block_1_11' title="bbox 307 1115 1853 1191">
    <p class='ocr_par' dir='ltr' id='par_1_11' title="bbox 307 1115 1853 1191">
     <span class='ocr_line' id='line_1_11' title="bbox 307 1115 1853 1191; baseline 0.001 -18"><span class='ocrx_word' id='word_1_63' title='bbox 307 1119 697 1189; x_wconf 62' lang='grc' dir='ltr'>παρασχόμενοι.</span> <span class='ocrx_word' id='word_1_64' title='bbox 746 1118 1101 1173; x_wconf 86' lang='grc' dir='ltr'>Ἐναλλάττει</span> <span class='ocrx_word' id='word_1_65' title='bbox 1146 1118 1255 1190; x_wconf 83' lang='grc' dir='ltr'>γὰρ</span> <span class='ocrx_word' id='word_1_66' title='bbox 1297 1117 1325 1171; x_wconf 90' lang='lat'><strong>6</strong></span> <span class='ocrx_word' id='word_1_67' title='bbox 1375 1119 1645 1191; x_wconf 86' lang='grc' dir='ltr'>πρότερον</span> <span class='ocrx_word' id='word_1_68' title='bbox 1684 1115 1853 1191; x_wconf 78' lang='grc' dir='ltr'>εἶχεν,</span> 
     </span>
    </p>
   </div>
   <div class='ocr_carea' id='block_1_12' title="bbox 305 1210 1854 1283">
    <p class='ocr_par' dir='ltr' id='par_1_12' title="bbox 305 1210 1854 1283">
     <span class='ocr_line' id='line_1_12' title="bbox 305 1210 1854 1283; baseline -0.001 -16"><span class='ocrx_word' id='word_1_69' title='bbox 305 1213 402 1267; x_wconf 74' lang='grc' dir='ltr'>ἀντὶ</span> <span class='ocrx_word' id='word_1_70' title='bbox 427 1211 506 1263; x_wconf 85' lang='grc' dir='ltr'><strong>τοῦ</strong></span> <span class='ocrx_word' id='word_1_71' title='bbox 537 1210 697 1274; x_wconf 78' lang='grc' dir='ltr'>ὖντος</span> <span class='ocrx_word' id='word_1_72' title='bbox 737 1210 802 1263; x_wconf 90' lang='grc' dir='ltr'><strong>τὸ</strong></span> <span class='ocrx_word' id='word_1_73' title='bbox 846 1210 922 1281; x_wconf 84' lang='grc' dir='ltr'>μὴ</span> <span class='ocrx_word' id='word_1_74' title='bbox 966 1210 1143 1281; x_wconf 88' lang='grc' dir='ltr'>παρὸν</span> <span class='ocrx_word' id='word_1_75' title='bbox 1181 1210 1330 1282; x_wconf 80' lang='grc' dir='ltr'>αὐτῷ</span> <span class='ocrx_word' id='word_1_76' title='bbox 1378 1211 1854 1283; x_wconf 84' lang='grc' dir='ltr'>προαιρούμενος⁶</span> 
     </span>
    </p>
   </div>
   <div class='ocr_carea' id='block_1_13' title="bbox 307 1301 1750 1376">
    <p class='ocr_par' dir='ltr' id='par_1_13' title="bbox 307 1301 1750 1376">
     <span class='ocr_line' id='line_1_13' title="bbox 307 1301 1750 1376; baseline 0.002 -18"><span class='ocrx_word' id='word_1_77' title='bbox 307 1306 387 1359; x_wconf 76' lang='lat' dir='ltr'><em>66‘s</em></span> <span class='ocrx_word' id='word_1_78' title='bbox 415 1306 478 1376; x_wconf 78' lang='grc' dir='ltr'>μὴ</span> <span class='ocrx_word' id='word_1_79' title='bbox 506 1301 675 1374; x_wconf 72' lang='grc' dir='ltr'>εἶχεν,</span> <span class='ocrx_word' id='word_1_80' title='bbox 704 1305 809 1357; x_wconf 78' lang='grc' dir='ltr'>οὐκ</span> <span class='ocrx_word' id='word_1_81' title='bbox 836 1304 904 1358; x_wconf 81' lang='grc' dir='ltr'><strong>ἂν</strong></span> <span class='ocrx_word' id='word_1_82' title='bbox 932 1304 1278 1358; x_wconf 76' lang='grc' dir='ltr'><strong>ἐναλλάττειν</strong></span> <span class='ocrx_word' id='word_1_83' title='bbox 1309 1305 1532 1359; x_wconf 84' lang='grc' dir='ltr'>πώποτε</span> <span class='ocrx_word' id='word_1_84' title='bbox 1554 1306 1750 1361; x_wconf 78' lang='grc' dir='ltr'>ἕλοιτο.</span> 
     </span>
    </p>
   </div>
   <div class='ocr_carea' id='block_1_14' title="bbox 1961 574 3547 653">
    <p class='ocr_par' dir='ltr' id='par_1_14' title="bbox 1961 574 3547 653">
     <span class='ocr_line' id='line_1_14' title="bbox 1961 574 3547 653; baseline 0.009 -27"><span class='ocrx_word' id='word_1_85' title='bbox 1961 588 2069 642; x_wconf 88' lang='lat' dir='ltr'><strong>que</strong></span> <span class='ocrx_word' id='word_1_86' title='bbox 2100 574 2220 645; x_wconf 90' lang='lat' dir='ltr'><strong>ipso</strong></span> <span class='ocrx_word' id='word_1_87' title='bbox 2275 576 2345 631; x_wconf 90' lang='lat' dir='ltr'><strong>ab</strong></span> <span class='ocrx_word' id='word_1_88' title='bbox 2390 576 2549 633; x_wconf 91' lang='lat' dir='ltr'><strong>initio</strong></span> <span class='ocrx_word' id='word_1_89' title='bbox 2591 579 2705 649; x_wconf 90' lang='lat' dir='ltr'><strong>jam</strong></span> <span class='ocrx_word' id='word_1_90' title='bbox 2758 580 2885 635; x_wconf 91' lang='lat' dir='ltr'><strong>olim</strong></span> <span class='ocrx_word' id='word_1_91' title='bbox 2918 581 3207 650; x_wconf 82' lang='lat' dir='ltr'><strong>viguerunt</strong></span> <span class='ocrx_word' id='word_1_92' title='bbox 3242 584 3547 653; x_wconf 88' lang='lat' dir='ltr'><strong>primorum</strong></span> 
     </span>
    </p>
   </div>
   <div class='ocr_carea' id='block_1_15' title="bbox 1964 665 3545 737">
    <p class='ocr_par' dir='ltr' id='par_1_15' title="bbox 1964 665 3545 737">
     <span class='ocr_line' id='line_1_15' title="bbox 1964 665 3545 737; baseline 0.008 -17"><span class='ocrx_word' id='word_1_93' title='bbox 1964 665 2248 721; x_wconf 85' lang='lat' dir='ltr'><strong>hominum</strong></span> <span class='ocrx_word' id='word_1_94' title='bbox 2276 670 2624 737; x_wconf 84' lang='lat' dir='ltr'><strong>traditiones,</strong></span> <span class='ocrx_word' id='word_1_95' title='bbox 2652 688 2816 726; x_wconf 87' lang='lat' dir='ltr'><strong>unum</strong></span> <span class='ocrx_word' id='word_1_96' title='bbox 2874 674 3137 728; x_wconf 78' lang='lat' dir='ltr'><strong>duntaxat</strong></span> <span class='ocrx_word' id='word_1_97' title='bbox 3161 689 3347 729; x_wconf 74' lang='lat' dir='ltr'><strong>verum</strong></span> <span class='ocrx_word' id='word_1_98' title='bbox 3373 677 3545 732; x_wconf 87' lang='lat' dir='ltr'><strong>Deum</strong></span> 
     </span>
    </p>
   </div>
   <div class='ocr_carea' id='block_1_16' title="bbox 1964 756 3547 836">
    <p class='ocr_par' dir='ltr' id='par_1_16' title="bbox 1964 756 3547 836">
     <span class='ocr_line' id='line_1_16' title="bbox 1964 756 3547 836; baseline 0.006 -25"><span class='ocrx_word' id='word_1_99' title='bbox 1964 760 2401 826; x_wconf 88' lang='lat' dir='ltr'><strong>cognoscendmn</strong></span> <span class='ocrx_word' id='word_1_100' title='bbox 2456 756 2661 816; x_wconf 80' lang='lat' dir='ltr'><strong>dabant</strong></span> <span class='ocrx_word' id='word_1_101' title='bbox 2711 780 2726 816; x_wconf 90' lang='lat'><strong>:</strong></span> <span class='ocrx_word' id='word_1_102' title='bbox 2785 772 3013 817; x_wconf 77' lang='lat' dir='ltr'><strong>terrena:</strong></span> <span class='ocrx_word' id='word_1_103' title='bbox 3070 778 3200 820; x_wconf 86' lang='lat' dir='ltr'><strong>vero</strong></span> <span class='ocrx_word' id='word_1_104' title='bbox 3264 765 3547 836; x_wconf 62' lang='lat' dir='ltr'><strong>sapientiae</strong></span> 
     </span>
    </p>
   </div>
   <div class='ocr_carea' id='block_1_17' title="bbox 1966 854 3548 927">
    <p class='ocr_par' dir='ltr' id='par_1_17' title="bbox 1966 854 3548 927">
     <span class='ocr_line' id='line_1_17' title="bbox 1966 854 3548 927; baseline 0.007 -24"><span class='ocrx_word' id='word_1_105' title='bbox 1966 860 2261 919; x_wconf 82' lang='lat' dir='ltr'><strong>amatores,</strong></span> <span class='ocrx_word' id='word_1_106' title='bbox 2317 854 2522 909; x_wconf 85' lang='lat' dir='ltr'><strong>insulsa</strong></span> <span class='ocrx_word' id='word_1_107' title='bbox 2560 855 2823 927; x_wconf 84' lang='lat' dir='ltr'><strong>nihilique</strong></span> <span class='ocrx_word' id='word_1_108' title='bbox 2868 856 3081 913; x_wconf 86' lang='lat' dir='ltr'><strong>ratione</strong></span> <span class='ocrx_word' id='word_1_109' title='bbox 3127 858 3299 923; x_wconf 87' lang='lat' dir='ltr'><strong>ducti,</strong></span> <span class='ocrx_word' id='word_1_110' title='bbox 3345 860 3548 915; x_wconf 79' lang='lat' dir='ltr'><strong>evulsis</strong></span> 
     </span>
    </p>
   </div>
   <div class='ocr_carea' id='block_1_18' title="bbox 1967 942 3548 1020">
    <p class='ocr_par' dir='ltr' id='par_1_18' title="bbox 1967 942 3548 1020">
     <span class='ocr_line' id='line_1_18' title="bbox 1967 942 3548 1020; baseline 0.008 -29"><span class='ocrx_word' id='word_1_111' title='bbox 1967 942 2258 995; x_wconf 90' lang='lat' dir='ltr'><strong>temerario</strong></span> <span class='ocrx_word' id='word_1_112' title='bbox 2289 958 2423 999; x_wconf 88' lang='lat' dir='ltr'><strong>ausu</strong></span> <span class='ocrx_word' id='word_1_113' title='bbox 2461 944 2680 1014; x_wconf 89' lang='lat' dir='ltr'><strong>pietatis</strong></span> <span class='ocrx_word' id='word_1_114' title='bbox 2709 947 3004 1012; x_wconf 81' lang='lat' dir='ltr'><strong>radicibus,</strong></span> <span class='ocrx_word' id='word_1_115' title='bbox 3040 946 3305 1016; x_wconf 85' lang='lat' dir='ltr'><strong>ejusmodi</strong></span> <span class='ocrx_word' id='word_1_116' title='bbox 3337 951 3548 1020; x_wconf 85' lang='lat' dir='ltr'><strong>cogita-</strong></span> 
     </span>
    </p>
   </div>
   <div class='ocr_carea' id='block_1_19' title="bbox 1967 1029 3550 1109">
    <p class='ocr_par' dir='ltr' id='par_1_19' title="bbox 1967 1029 3550 1109">
     <span class='ocr_line' id='line_1_19' title="bbox 1967 1029 3550 1109; baseline 0.008 -27"><span class='ocrx_word' id='word_1_117' title='bbox 1967 1029 2141 1086; x_wconf 88' lang='lat' dir='ltr'><strong>tiones</strong></span> <span class='ocrx_word' id='word_1_118' title='bbox 2193 1041 2397 1088; x_wconf 68' lang='lat' dir='ltr'><strong>naturze</strong></span> <span class='ocrx_word' id='word_1_119' title='bbox 2479 1035 2677 1092; x_wconf 90' lang='lat' dir='ltr'><strong>insitas</strong></span> <span class='ocrx_word' id='word_1_120' title='bbox 2724 1031 3152 1109; x_wconf 86' lang='lat' dir='ltr'><strong>verissimasque</strong></span> <span class='ocrx_word' id='word_1_121' title='bbox 3227 1040 3550 1095; x_wconf 84' lang='lat' dir='ltr'><strong>traditiones</strong></span> 
     </span>
    </p>
   </div>
   <div class='ocr_carea' id='block_1_20' title="bbox 1969 1131 3549 1201">
    <p class='ocr_par' dir='ltr' id='par_1_20' title="bbox 1969 1131 3549 1201">
     <span class='ocr_line' id='line_1_20' title="bbox 1969 1131 3549 1201; baseline 0.004 -22"><span class='ocrx_word' id='word_1_122' title='bbox 1969 1136 2446 1182; x_wconf 80' lang='lat' dir='ltr'><strong>commutaverunt</strong></span> <span class='ocrx_word' id='word_1_123' title='bbox 2469 1137 2891 1199; x_wconf 84' lang='lat' dir='ltr'><strong>evcrlcrttntque</strong></span> <span class='ocrx_word' id='word_1_124' title='bbox 2916 1139 2969 1186; x_wconf 91' lang='lat' dir='ltr'><strong>et</strong></span> <span class='ocrx_word' id='word_1_125' title='bbox 2994 1131 3227 1201; x_wconf 88' lang='lat' dir='ltr'><strong>plurium</strong></span> <span class='ocrx_word' id='word_1_126' title='bbox 3264 1132 3549 1186; x_wconf 82' lang='lat' dir='ltr'><strong>numinum</strong></span> 
     </span>
    </p>
   </div>
   <div class='ocr_carea' id='block_1_21' title="bbox 1965 1215 3552 1291">
    <p class='ocr_par' dir='ltr' id='par_1_21' title="bbox 1965 1215 3552 1291">
     <span class='ocr_line' id='line_1_21' title="bbox 1965 1215 3552 1291; baseline 0.004 -21"><span class='ocrx_word' id='word_1_127' title='bbox 1965 1215 2304 1285; x_wconf 84' lang='lat' dir='ltr'><strong>impietatem</strong></span> <span class='ocrx_word' id='word_1_128' title='bbox 2343 1219 2486 1273; x_wconf 86' lang='lat' dir='ltr'><strong>velut</strong></span> <span class='ocrx_word' id='word_1_129' title='bbox 2522 1222 2713 1275; x_wconf 74' lang='lat' dir='ltr'><strong>noxias</strong></span> <span class='ocrx_word' id='word_1_130' title='bbox 2735 1222 2947 1291; x_wconf 85' lang='lat' dir='ltr'><strong>plantas</strong></span> <span class='ocrx_word' id='word_1_131' title='bbox 2981 1224 3298 1278; x_wconf 80' lang='lat' dir='ltr'><strong>inseverunt</strong></span> <span class='ocrx_word' id='word_1_132' title='bbox 3330 1223 3552 1289; x_wconf 90' lang='lat' dir='ltr'><strong>animis,</strong></span> 
     </span>
    </p>
   </div>
   <div class='ocr_carea' id='block_1_22' title="bbox 1968 1308 3553 1384">
    <p class='ocr_par' dir='ltr' id='par_1_22' title="bbox 1968 1308 3553 1384">
     <span class='ocr_line' id='line_1_22' title="bbox 1968 1308 3553 1384; baseline 0.004 -21"><span class='ocrx_word' id='word_1_133' title='bbox 1968 1308 2274 1379; x_wconf 86' lang='lat' dir='ltr'><strong>ipsamque,</strong></span> <span class='ocrx_word' id='word_1_134' title='bbox 2307 1325 2411 1379; x_wconf 84' lang='lat' dir='ltr'><strong>qua</strong></span> <span class='ocrx_word' id='word_1_135' title='bbox 2441 1321 2604 1366; x_wconf 82' lang='lat' dir='ltr'><strong>erant</strong></span> <span class='ocrx_word' id='word_1_136' title='bbox 2646 1314 2921 1380; x_wconf 87' lang='lat' dir='ltr'><strong>instructi,</strong></span> <span class='ocrx_word' id='word_1_137' title='bbox 2956 1315 3243 1371; x_wconf 86' lang='lat' dir='ltr'><strong>veritatem</strong></span> <span class='ocrx_word' id='word_1_138' title='bbox 3291 1315 3553 1384; x_wconf 88' lang='lat' dir='ltr'><strong>prodide-</strong></span> 
     </span>
    </p>
   </div>
   <div class='ocr_carea' id='block_1_23' title="bbox 308 1400 3553 1477">
    <p class='ocr_par' dir='ltr' id='par_1_23' title="bbox 308 1400 3553 1477">
     <span class='ocr_line' id='line_1_23' title="bbox 308 1400 3553 1477; baseline 0.002 -20"><span class='ocrx_word' id='word_1_139' title='bbox 308 1412 428 1467; x_wconf 87' lang='lat' dir='ltr'><strong>runt,</strong></span> <span class='ocrx_word' id='word_1_140' title='bbox 457 1412 508 1455; x_wconf 89' lang='lat' dir='ltr'><strong>ut</strong></span> <span class='ocrx_word' id='word_1_141' title='bbox 532 1401 777 1455; x_wconf 86' lang='lat' dir='ltr'><strong>hominis</strong></span> <span class='ocrx_word' id='word_1_142' title='bbox 844 1400 1262 1456; x_wconf 81' lang='lat' dir='ltr'><strong>similitudinem</strong></span> <span class='ocrx_word' id='word_1_143' title='bbox 1328 1402 1724 1472; x_wconf 71' lang='lat' dir='ltr'><strong>volucrumque</strong></span> <span class='ocrx_word' id='word_1_144' title='bbox 1785 1417 1852 1457; x_wconf 92' lang='lat' dir='ltr'><strong>ac</strong></span> <span class='ocrx_word' id='word_1_145' title='bbox 1911 1418 2102 1459; x_wconf 87' lang='lat' dir='ltr'><strong>rerum</strong></span> <span class='ocrx_word' id='word_1_146' title='bbox 2143 1406 2405 1477; x_wconf 80' lang='lat' dir='ltr'><strong>deinceps</strong></span> <span class='ocrx_word' id='word_1_147' title='bbox 2460 1407 2687 1462; x_wconf 86' lang='lat' dir='ltr'><strong>aliarum</strong></span> <span class='ocrx_word' id='word_1_148' title='bbox 2729 1407 2841 1464; x_wconf 90' lang='lat' dir='ltr'><strong>Deo</strong></span> <span class='ocrx_word' id='word_1_149' title='bbox 2883 1409 3208 1464; x_wconf 88' lang='lat' dir='ltr'><strong>tribuerent.</strong></span> <span class='ocrx_word' id='word_1_150' title='bbox 3237 1408 3553 1463; x_wconf 86' lang='lat' dir='ltr'><strong>Commutat</strong></span> 
     </span>
    </p>
   </div>
   <div class='ocr_carea' id='block_1_24' title="bbox 310 1493 3551 1575">
    <p class='ocr_par' dir='ltr' id='par_1_24' title="bbox 310 1493 3551 1575">
     <span class='ocr_line' id='line_1_24' title="bbox 310 1493 3551 1575; baseline 0.002 -22"><span class='ocrx_word' id='word_1_151' title='bbox 310 1499 423 1554; x_wconf 79' lang='lat' dir='ltr'><strong>enim</strong></span> <span class='ocrx_word' id='word_1_152' title='bbox 467 1499 513 1550; x_wconf 89' lang='lat' dir='ltr'><strong>id</strong></span> <span class='ocrx_word' id='word_1_153' title='bbox 541 1496 693 1565; x_wconf 87' lang='lat' dir='ltr'><strong>quod</strong></span> <span class='ocrx_word' id='word_1_154' title='bbox 737 1507 868 1551; x_wconf 86' lang='lat' dir='ltr'><strong>ante</strong></span> <span class='ocrx_word' id='word_1_155' title='bbox 903 1497 1136 1552; x_wconf 84' lang='lat' dir='ltr'><strong>habebat</strong></span> <span class='ocrx_word' id='word_1_156' title='bbox 1182 1497 1249 1563; x_wconf 91' lang='lat' dir='ltr'><strong>is,</strong></span> <span class='ocrx_word' id='word_1_157' title='bbox 1284 1496 1376 1566; x_wconf 89' lang='lat' dir='ltr'><strong>qui</strong></span> <span class='ocrx_word' id='word_1_158' title='bbox 1408 1499 1456 1553; x_wconf 90' lang='lat' dir='ltr'><strong>ei</strong></span> <span class='ocrx_word' id='word_1_159' title='bbox 1498 1498 1642 1568; x_wconf 91' lang='lat' dir='ltr'><strong>quod</strong></span> <span class='ocrx_word' id='word_1_160' title='bbox 1677 1497 1834 1554; x_wconf 85' lang='lat' dir='ltr'><strong>adest</strong></span> <span class='ocrx_word' id='word_1_161' title='bbox 1896 1493 1964 1555; x_wconf 82' lang='lat' dir='ltr'><strong>id</strong></span> <span class='ocrx_word' id='word_1_162' title='bbox 1996 1500 2140 1572; x_wconf 93' lang='lat' dir='ltr'><strong>quod</strong></span> <span class='ocrx_word' id='word_1_163' title='bbox 2174 1516 2279 1557; x_wconf 90' lang='lat' dir='ltr'><strong>non</strong></span> <span class='ocrx_word' id='word_1_164' title='bbox 2306 1505 2460 1558; x_wconf 87' lang='lat' dir='ltr'><strong>adest</strong></span> <span class='ocrx_word' id='word_1_165' title='bbox 2520 1502 2737 1574; x_wconf 71' lang='lat' dir='ltr'><strong>prml&#39;ert</strong></span> <span class='ocrx_word' id='word_1_166' title='bbox 2772 1522 2786 1560; x_wconf 88' lang='lat'><strong>:</strong></span> <span class='ocrx_word' id='word_1_167' title='bbox 2824 1513 3161 1560; x_wconf 86' lang='lat' dir='ltr'><strong>commutare</strong></span> <span class='ocrx_word' id='word_1_168' title='bbox 3228 1505 3374 1561; x_wconf 89' lang='lat' dir='ltr'><strong>enim</strong></span> <span class='ocrx_word' id='word_1_169' title='bbox 3405 1504 3551 1575; x_wconf 89' lang='lat' dir='ltr'><strong>quod</strong></span> 
     </span>
    </p>
   </div>
   <div class='ocr_carea' id='block_1_25' title="bbox 309 1592 1574 1654">
    <p class='ocr_par' dir='ltr' id='par_1_25' title="bbox 309 1592 1574 1654">
     <span class='ocr_line' id='line_1_25' title="bbox 309 1592 1574 1654; baseline -0.004 -2"><span class='ocrx_word' id='word_1_170' title='bbox 309 1613 392 1651; x_wconf 87' lang='lat' dir='ltr'><strong>non</strong></span> <span class='ocrx_word' id='word_1_171' title='bbox 415 1593 581 1654; x_wconf 87' lang='lat' dir='ltr'><strong>habet,</strong></span> <span class='ocrx_word' id='word_1_172' title='bbox 610 1606 780 1646; x_wconf 85' lang='lat' dir='ltr'><strong>nemo</strong></span> <span class='ocrx_word' id='word_1_173' title='bbox 807 1592 860 1644; x_wconf 90' lang='lat' dir='ltr'><strong>in</strong></span> <span class='ocrx_word' id='word_1_174' title='bbox 886 1592 1125 1645; x_wconf 87' lang='lat' dir='ltr'><strong>animum</strong></span> <span class='ocrx_word' id='word_1_175' title='bbox 1154 1592 1375 1647; x_wconf 86' lang='lat' dir='ltr'><strong>inducat</strong></span> <span class='ocrx_word' id='word_1_176' title='bbox 1395 1608 1574 1647; x_wconf 88' lang='lat' dir='ltr'><strong>suum.</strong></span> 
     </span>
    </p>
   </div>
   <div class='ocr_carea' id='block_1_26' title="bbox 363 1678 1854 1756">
    <p class='ocr_par' dir='ltr' id='par_1_26' title="bbox 363 1678 1854 1756">
     <span class='ocr_line' id='line_1_26' title="bbox 363 1678 1854 1756; baseline -0.001 -16"><span class='ocrx_word' id='word_1_177' title='bbox 363 1686 447 1756; x_wconf 67' lang='grc' dir='ltr'><strong>νβ’.</strong></span> <span class='ocrx_word' id='word_1_178' title='bbox 490 1688 527 1737; x_wconf 91' lang='lat'><strong>0</strong></span> <span class='ocrx_word' id='word_1_179' title='bbox 564 1684 727 1737; x_wconf 77' lang='grc' dir='ltr'><strong>ΒΔΣ.</strong></span> <span class='ocrx_word' id='word_1_180' title='bbox 780 1678 935 1754; x_wconf 77' lang='grc' dir='ltr'>Ἀρα</span> <span class='ocrx_word' id='word_1_181' title='bbox 991 1684 1054 1737; x_wconf 84' lang='grc' dir='ltr'><strong>οὑ</strong></span> <span class='ocrx_word' id='word_1_182' title='bbox 1103 1683 1265 1737; x_wconf 89' lang='grc' dir='ltr'>τοῦτό</span> <span class='ocrx_word' id='word_1_183' title='bbox 1315 1684 1465 1737; x_wconf 87' lang='grc' dir='ltr'>ἐστιν</span> <span class='ocrx_word' id='word_1_184' title='bbox 1522 1683 1552 1738; x_wconf 89' lang='lat'><strong>6</strong></span> <span class='ocrx_word' id='word_1_185' title='bbox 1596 1684 1854 1756; x_wconf 79' lang='grc' dir='ltr'><strong>διεξῄεις,</strong></span> 
     </span>
    </p>
   </div>
   <div class='ocr_carea' id='block_1_27' title="bbox 2039 1681 3551 1753">
    <p class='ocr_par' dir='ltr' id='par_1_27' title="bbox 2039 1681 3551 1753">
     <span class='ocr_line' id='line_1_27' title="bbox 2039 1681 3551 1753; baseline 0.005 -14"><span class='ocrx_word' id='word_1_186' title='bbox 2039 1682 2129 1739; x_wconf 67' lang='grc' dir='ltr'><strong>ΒΞ.</strong></span> <span class='ocrx_word' id='word_1_187' title='bbox 2166 1681 2397 1739; x_wconf 78' lang='lat' dir='ltr'><strong>IMPER.</strong></span> <span class='ocrx_word' id='word_1_188' title='bbox 2421 1683 2663 1738; x_wconf 85' lang='lat' dir='ltr'><strong>Hoccine</strong></span> <span class='ocrx_word' id='word_1_189' title='bbox 2689 1691 2774 1739; x_wconf 91' lang='lat' dir='ltr'><strong>est</strong></span> <span class='ocrx_word' id='word_1_190' title='bbox 2793 1682 2936 1753; x_wconf 87' lang='lat' dir='ltr'><strong>quod</strong></span> <span class='ocrx_word' id='word_1_191' title='bbox 2962 1695 3216 1740; x_wconf 80' lang='lat' dir='ltr'><strong>sermone</strong></span> <span class='ocrx_word' id='word_1_192' title='bbox 3243 1687 3551 1747; x_wconf 67' lang='lat' dir='ltr'><strong>contendis.</strong></span> 
     </span>
    </p>
   </div>
   <div class='ocr_carea' id='block_1_28' title="bbox 312 1773 1864 1855">
    <p class='ocr_par' dir='ltr' id='par_1_28' title="bbox 312 1775 1857 1847">
     <span class='ocr_line' id='line_1_28' title="bbox 312 1775 1857 1847; baseline -0.001 -16"><span class='ocrx_word' id='word_1_193' title='bbox 312 1782 371 1846; x_wconf 78' lang='grc' dir='ltr'><strong>ὡς</strong></span> <span class='ocrx_word' id='word_1_194' title='bbox 403 1780 478 1831; x_wconf 76' lang='grc' dir='ltr'>ἑπί</span> <span class='ocrx_word' id='word_1_195' title='bbox 506 1776 666 1847; x_wconf 71' lang='grc' dir='ltr'>μόνου</span> <span class='ocrx_word' id='word_1_196' title='bbox 706 1775 847 1829; x_wconf 82' lang='grc' dir='ltr'>Θεοῦ</span> <span class='ocrx_word' id='word_1_197' title='bbox 879 1776 1249 1847; x_wconf 71' lang='grc' dir='ltr'><strong>παραδεκτέον</strong></span> <span class='ocrx_word' id='word_1_198' title='bbox 1279 1775 1374 1829; x_wconf 90' lang='grc' dir='ltr'><strong>τὸν</strong></span> <span class='ocrx_word' id='word_1_199' title='bbox 1417 1775 1517 1830; x_wconf 86' lang='grc' dir='ltr'><strong>τοῦ</strong></span> <span class='ocrx_word' id='word_1_200' title='bbox 1563 1778 1857 1847; x_wconf 80' lang='grc' dir='ltr'>νομοθέτου</span> 
     </span>
    </p>
   </div>
   <div class='ocr_carea' id='block_1_29' title="bbox 1969 1773 3553 1855">
    <p class='ocr_par' dir='ltr' id='par_1_29' title="bbox 1969 1773 3553 1847">
     <span class='ocr_line' id='line_1_29' title="bbox 1969 1773 3553 1847; baseline 0.003 -17"><span class='ocrx_word' id='word_1_201' title='bbox 1969 1775 2033 1832; x_wconf 90' lang='lat' dir='ltr'><strong>de</strong></span> <span class='ocrx_word' id='word_1_202' title='bbox 2057 1775 2170 1829; x_wconf 91' lang='lat' dir='ltr'><strong>solo</strong></span> <span class='ocrx_word' id='word_1_203' title='bbox 2196 1773 2307 1831; x_wconf 89' lang='lat' dir='ltr'><strong>Deo</strong></span> <span class='ocrx_word' id='word_1_204' title='bbox 2341 1774 2717 1843; x_wconf 86' lang='lat' dir='ltr'><strong>accipiendum</strong></span> <span class='ocrx_word' id='word_1_205' title='bbox 2751 1776 3001 1844; x_wconf 82' lang='lat' dir='ltr'><strong>verbum,</strong></span> <span class='ocrx_word' id='word_1_206' title='bbox 3031 1776 3259 1847; x_wconf 86' lang='lat' dir='ltr'><strong>ejusque</strong></span> <span class='ocrx_word' id='word_1_207' title='bbox 3283 1779 3553 1835; x_wconf 80' lang='lat' dir='ltr'><strong>duntaxat</strong></span> 
     </span>
    </p>
   </div>
   <div class='ocr_carea' id='block_1_30' title="bbox 311 1869 1859 1944">
    <p class='ocr_par' dir='ltr' id='par_1_30' title="bbox 311 1869 1859 1944">
     <span class='ocr_line' id='line_1_30' title="bbox 311 1869 1859 1944; baseline -0.001 -17"><span class='ocrx_word' id='word_1_208' title='bbox 311 1874 457 1941; x_wconf 80' lang='grc' dir='ltr'>λόγον,</span> <span class='ocrx_word' id='word_1_209' title='bbox 501 1871 588 1923; x_wconf 79' lang='grc' dir='ltr'><strong>καὶ</strong></span> <span class='ocrx_word' id='word_1_210' title='bbox 617 1870 710 1932; x_wconf 82' lang='grc' dir='ltr'>ὡς</span> <span class='ocrx_word' id='word_1_211' title='bbox 770 1870 868 1922; x_wconf 75' lang='grc' dir='ltr'><strong>ἐπὶ</strong></span> <span class='ocrx_word' id='word_1_212' title='bbox 933 1871 1126 1923; x_wconf 85' lang='grc' dir='ltr'>τούτου</span> <span class='ocrx_word' id='word_1_213' title='bbox 1183 1869 1286 1935; x_wconf 84' lang='grc' dir='ltr'>τὰς</span> <span class='ocrx_word' id='word_1_214' title='bbox 1353 1870 1570 1934; x_wconf 75' lang='grc' dir='ltr'><strong>εἰκόνας</strong></span> <span class='ocrx_word' id='word_1_215' title='bbox 1620 1871 1859 1944; x_wconf 82' lang='grc' dir='ltr'>γράφειν</span> 
     </span>
    </p>
   </div>
   <div class='ocr_carea' id='block_1_31' title="bbox 315 1958 1861 2032">
    <p class='ocr_par' dir='ltr' id='par_1_31' title="bbox 315 1958 1861 2032">
     <span class='ocr_line' id='line_1_31' title="bbox 315 1958 1861 2032; baseline -0.002 -12"><span class='ocrx_word' id='word_1_216' title='bbox 315 1966 564 2031; x_wconf 62' lang='lat' dir='ltr'><strong>initium;</strong></span> <span class='ocrx_word' id='word_1_217' title='bbox 614 1962 663 2016; x_wconf 89' lang='grc' dir='ltr'>Ο</span> <span class='ocrx_word' id='word_1_218' title='bbox 716 1961 926 2016; x_wconf 80' lang='grc' dir='ltr'><strong>ΠΑΤΡ.</strong></span> <span class='ocrx_word' id='word_1_219' title='bbox 979 1960 1155 2015; x_wconf 85' lang='grc' dir='ltr'>Τοῦτό</span> <span class='ocrx_word' id='word_1_220' title='bbox 1189 1978 1256 2030; x_wconf 90' lang='grc' dir='ltr'><strong>γε</strong></span> <span class='ocrx_word' id='word_1_221' title='bbox 1308 1958 1473 2032; x_wconf 75' lang='grc' dir='ltr'>ἔφην,</span> <span class='ocrx_word' id='word_1_222' title='bbox 1530 1963 1630 2015; x_wconf 75' lang='grc' dir='ltr'><strong>καὶ</strong></span> <span class='ocrx_word' id='word_1_223' title='bbox 1678 1962 1861 2031; x_wconf 84' lang='grc' dir='ltr'>λέγειν</span> 
     </span>
    </p>
   </div>
   <div class='ocr_carea' id='block_1_32' title="bbox 318 2052 1861 2126">
    <p class='ocr_par' dir='ltr' id='par_1_32' title="bbox 318 2052 1861 2126">
     <span class='ocr_line' id='line_1_32' title="bbox 318 2052 1861 2126; baseline -0.003 -15"><span class='ocrx_word' id='word_1_224' title='bbox 318 2057 523 2111; x_wconf 62' lang='grc' dir='ltr'>οὐδέποτε</span> <span class='ocrx_word' id='word_1_225' title='bbox 544 2053 861 2124; x_wconf 80' lang='grc' dir='ltr'>παύσομαι.</span> <span class='ocrx_word' id='word_1_226' title='bbox 900 2055 943 2106; x_wconf 89' lang='lat'><strong>0</strong></span> <span class='ocrx_word' id='word_1_227' title='bbox 980 2053 1129 2106; x_wconf 83' lang='grc' dir='ltr'><strong>ΒΑΣ.</strong></span> <span class='ocrx_word' id='word_1_228' title='bbox 1163 2052 1229 2105; x_wconf 75' lang='lat' dir='ltr'><strong>Ti</strong></span> <span class='ocrx_word' id='word_1_229' title='bbox 1269 2052 1372 2125; x_wconf 62' lang='lat' dir='ltr'><strong>6i};</strong></span> <span class='ocrx_word' id='word_1_230' title='bbox 1406 2054 1468 2107; x_wconf 84' lang='grc' dir='ltr'><strong>οὐ</strong></span> <span class='ocrx_word' id='word_1_231' title='bbox 1514 2052 1649 2109; x_wconf 90' lang='grc' dir='ltr'>Θεὸν</span> <span class='ocrx_word' id='word_1_232' title='bbox 1684 2054 1861 2126; x_wconf 82' lang='grc' dir='ltr'>ἀληθῆ</span> 
     </span>
    </p>
   </div>
   <div class='ocr_carea' id='block_1_33' title="bbox 328 2144 1860 2217">
    <p class='ocr_par' dir='ltr' id='par_1_33' title="bbox 328 2144 1860 2217">
     <span class='ocr_line' id='line_1_33' title="bbox 328 2144 1860 2217; baseline 0 -15"><span class='ocrx_word' id='word_1_233' title='bbox 328 2150 400 2202; x_wconf 74' lang='grc' dir='ltr'><strong>τὸν</strong></span> <span class='ocrx_word' id='word_1_234' title='bbox 430 2146 628 2217; x_wconf 72' lang='grc' dir='ltr'>Χριστὸν</span> <span class='ocrx_word' id='word_1_235' title='bbox 674 2144 1012 2216; x_wconf 74' lang='grc' dir='ltr'>κηρύττειςς</span> <span class='ocrx_word' id='word_1_236' title='bbox 1042 2145 1084 2198; x_wconf 96' lang='lat'><strong>0</strong></span> <span class='ocrx_word' id='word_1_237' title='bbox 1107 2144 1312 2197; x_wconf 80' lang='grc' dir='ltr'><strong>ΠΑΤΡ.</strong></span> <span class='ocrx_word' id='word_1_238' title='bbox 1341 2145 1581 2213; x_wconf 86' lang='grc' dir='ltr'>Ἔγωγε.</span> <span class='ocrx_word' id='word_1_239' title='bbox 1632 2147 1675 2199; x_wconf 98' lang='lat'><strong>0</strong></span> <span class='ocrx_word' id='word_1_240' title='bbox 1709 2146 1860 2202; x_wconf 78' lang='grc' dir='ltr'><strong>ΒΑΣ.</strong></span> 
     </span>
    </p>
   </div>
   <div class='ocr_carea' id='block_1_34' title="bbox 335 2237 1861 2311">
    <p class='ocr_par' dir='ltr' id='par_1_34' title="bbox 335 2237 1861 2311">
     <span class='ocr_line' id='line_1_34' title="bbox 335 2237 1861 2311; baseline 0 -18"><span class='ocrx_word' id='word_1_241' title='bbox 335 2237 520 2311; x_wconf 78' lang='grc' dir='ltr'>Χριστοῦ</span> <span class='ocrx_word' id='word_1_242' title='bbox 544 2238 591 2289; x_wconf 77' lang='lat' dir='ltr'><strong>6‘s</strong></span> <span class='ocrx_word' id='word_1_243' title='bbox 615 2238 855 2300; x_wconf 76' lang='grc' dir='ltr'>εἰκόνας</span> <span class='ocrx_word' id='word_1_244' title='bbox 882 2237 941 2290; x_wconf 82' lang='grc' dir='ltr'><strong>ού</strong></span> <span class='ocrx_word' id='word_1_245' title='bbox 972 2238 1240 2310; x_wconf 77' lang='grc' dir='ltr'>γράφεις;</span> <span class='ocrx_word' id='word_1_246' title='bbox 1267 2238 1309 2289; x_wconf 89' lang='lat'><strong>0</strong></span> <span class='ocrx_word' id='word_1_247' title='bbox 1358 2238 1566 2292; x_wconf 81' lang='lat' dir='ltr'><strong>HATP.</strong></span> <span class='ocrx_word' id='word_1_248' title='bbox 1621 2237 1861 2307; x_wconf 82' lang='grc' dir='ltr'>Πάνυγε.</span> 
     </span>
    </p>
   </div>
   <div class='ocr_carea' id='block_1_35' title="bbox 327 2327 1862 2403">
    <p class='ocr_par' dir='ltr' id='par_1_35' title="bbox 327 2327 1862 2403">
     <span class='ocr_line' id='line_1_35' title="bbox 327 2327 1862 2403; baseline -0.001 -17"><span class='ocrx_word' id='word_1_249' title='bbox 327 2334 489 2386; x_wconf 70' lang='grc' dir='ltr'>οειε.</span> <span class='ocrx_word' id='word_1_250' title='bbox 515 2332 622 2395; x_wconf 71' lang='lat' dir='ltr'><strong>ne;</strong></span> <span class='ocrx_word' id='word_1_251' title='bbox 654 2327 762 2386; x_wconf 80' lang='grc' dir='ltr'>οὖν</span> <span class='ocrx_word' id='word_1_252' title='bbox 792 2331 929 2384; x_wconf 89' lang='grc' dir='ltr'>Θεὸν</span> <span class='ocrx_word' id='word_1_253' title='bbox 956 2330 1133 2403; x_wconf 82' lang='grc' dir='ltr'>ἀληθῆ</span> <span class='ocrx_word' id='word_1_254' title='bbox 1166 2330 1258 2384; x_wconf 88' lang='grc' dir='ltr'><strong>τὸν</strong></span> <span class='ocrx_word' id='word_1_255' title='bbox 1277 2330 1515 2402; x_wconf 86' lang='grc' dir='ltr'>Χριστὸν</span> <span class='ocrx_word' id='word_1_256' title='bbox 1543 2331 1862 2403; x_wconf 82' lang='grc' dir='ltr'>κηρύττεις,</span> 
     </span>
    </p>
   </div>
   <div class='ocr_carea' id='block_1_36' title="bbox 318 2420 1867 2495">
    <p class='ocr_par' dir='ltr' id='par_1_36' title="bbox 318 2420 1867 2495">
     <span class='ocr_line' id='line_1_36' title="bbox 318 2420 1867 2495; baseline -0.001 -19"><span class='ocrx_word' id='word_1_257' title='bbox 318 2421 507 2495; x_wconf 74' lang='grc' dir='ltr'>Χριστοῦ</span> <span class='ocrx_word' id='word_1_258' title='bbox 525 2422 577 2475; x_wconf 75' lang='grc' dir='ltr'><strong>δὲ</strong></span> <span class='ocrx_word' id='word_1_259' title='bbox 597 2422 855 2494; x_wconf 84' lang='grc' dir='ltr'>γράφεις</span> <span class='ocrx_word' id='word_1_260' title='bbox 872 2421 1109 2488; x_wconf 75' lang='grc' dir='ltr'>εἰκόνας,</span> <span class='ocrx_word' id='word_1_261' title='bbox 1139 2421 1191 2475; x_wconf 85' lang='grc' dir='ltr'><strong>εἰ</strong></span> <span class='ocrx_word' id='word_1_262' title='bbox 1220 2420 1355 2474; x_wconf 83' lang='grc' dir='ltr'>Θεοῦ</span> <span class='ocrx_word' id='word_1_263' title='bbox 1388 2422 1622 2492; x_wconf 77' lang='grc' dir='ltr'>γράφειν</span> <span class='ocrx_word' id='word_1_264' title='bbox 1650 2421 1867 2486; x_wconf 81' lang='grc' dir='ltr'>εἰκόνας</span> 
     </span>
    </p>
   </div>
   <div class='ocr_carea' id='block_1_37' title="bbox 310 2507 1868 2586">
    <p class='ocr_par' dir='ltr' id='par_1_37' title="bbox 310 2507 1868 2586">
     <span class='ocr_line' id='line_1_37' title="bbox 310 2507 1868 2586; baseline -0.001 -18"><span class='ocrx_word' id='word_1_265' title='bbox 310 2513 607 2586; x_wconf 62' lang='grc' dir='ltr'>δημοθὲτης</span> <span class='ocrx_word' id='word_1_266' title='bbox 649 2512 975 2579; x_wconf 73' lang='grc' dir='ltr'>ἐκώλυσενς</span> <span class='ocrx_word' id='word_1_267' title='bbox 1007 2514 1049 2567; x_wconf 96' lang='lat'><strong>0</strong></span> <span class='ocrx_word' id='word_1_268' title='bbox 1080 2512 1292 2567; x_wconf 73' lang='lat' dir='ltr'><strong>HATP.</strong></span> <span class='ocrx_word' id='word_1_269' title='bbox 1328 2512 1406 2566; x_wconf 80' lang='grc' dir='ltr'><strong>Εὖ</strong></span> <span class='ocrx_word' id='word_1_270' title='bbox 1436 2530 1520 2567; x_wconf 90' lang='grc' dir='ltr'><strong>σοι</strong></span> <span class='ocrx_word' id='word_1_271' title='bbox 1566 2513 1798 2582; x_wconf 82' lang='grc' dir='ltr'>γένοιτο,</span> <span class='ocrx_word' id='word_1_272' title='bbox 1821 2507 1868 2567; x_wconf 82' lang='grc' dir='ltr'><strong>ὧ</strong></span> 
     </span>
    </p>
   </div>
   <div class='ocr_carea' id='block_1_38' title="bbox 309 2603 1869 2678">
    <p class='ocr_par' dir='ltr' id='par_1_38' title="bbox 309 2603 1869 2678">
     <span class='ocr_line' id='line_1_38' title="bbox 309 2603 1869 2678; baseline -0.001 -18"><span class='ocrx_word' id='word_1_273' title='bbox 309 2607 492 2675; x_wconf 73' lang='grc' dir='ltr'>βασιλεῦ</span> <span class='ocrx_word' id='word_1_274' title='bbox 514 2623 529 2640; x_wconf 77' lang='grc'><em>’</em></span> <span class='ocrx_word' id='word_1_275' title='bbox 565 2607 628 2661; x_wconf 90' lang='grc' dir='ltr'><strong>τὸ</strong></span> <span class='ocrx_word' id='word_1_276' title='bbox 682 2607 804 2678; x_wconf 84' lang='grc' dir='ltr'>γὰρ</span> <span class='ocrx_word' id='word_1_277' title='bbox 839 2605 997 2678; x_wconf 74' lang='grc' dir='ltr'>παρὰ</span> <span class='ocrx_word' id='word_1_278' title='bbox 1040 2603 1135 2659; x_wconf 87' lang='grc' dir='ltr'><strong>σοῦ</strong></span> <span class='ocrx_word' id='word_1_279' title='bbox 1176 2605 1403 2675; x_wconf 82' lang='grc' dir='ltr'><strong>κινηθὲν</strong></span> <span class='ocrx_word' id='word_1_280' title='bbox 1433 2606 1781 2675; x_wconf 78' lang='grc' dir='ltr'>παραστήσει</span> <span class='ocrx_word' id='word_1_281' title='bbox 1808 2605 1869 2659; x_wconf 89' lang='grc' dir='ltr'><strong>τὸ</strong></span> 
     </span>
    </p>
   </div>
   <div class='ocr_carea' id='block_1_39' title="bbox 300 2697 1870 2771">
    <p class='ocr_par' dir='ltr' id='par_1_39' title="bbox 300 2697 1870 2771">
     <span class='ocr_line' id='line_1_39' title="bbox 300 2697 1870 2771; baseline -0.001 -19"><span class='ocrx_word' id='word_1_282' title='bbox 300 2700 446 2770; x_wconf 67' lang='grc' dir='ltr'>δόγμα</span> <span class='ocrx_word' id='word_1_283' title='bbox 471 2698 891 2771; x_wconf 75' lang='grc' dir='ltr'>λαμπρότερον.</span> <span class='ocrx_word' id='word_1_284' title='bbox 926 2698 1069 2753; x_wconf 63' lang='lat' dir='ltr'><strong>Eius</strong></span> <span class='ocrx_word' id='word_1_285' title='bbox 1091 2698 1203 2770; x_wconf 83' lang='grc' dir='ltr'>γὰρ</span> <span class='ocrx_word' id='word_1_286' title='bbox 1222 2738 1239 2766; x_wconf 89' lang='grc'><strong>,</strong></span> <span class='ocrx_word' id='word_1_287' title='bbox 1274 2698 1337 2751; x_wconf 84' lang='grc' dir='ltr'><strong>οὐ</strong></span> <span class='ocrx_word' id='word_1_288' title='bbox 1374 2697 1508 2751; x_wconf 85' lang='grc' dir='ltr'>Θεὸν</span> <span class='ocrx_word' id='word_1_289' title='bbox 1535 2697 1738 2767; x_wconf 81' lang='grc' dir='ltr'>ἀληθῆ,</span> <span class='ocrx_word' id='word_1_290' title='bbox 1772 2698 1870 2751; x_wconf 73' lang='grc' dir='ltr'>καὶ</span> 
     </span>
    </p>
   </div>
   <div class='ocr_carea' id='block_1_40' title="bbox 296 2786 1867 2862">
    <p class='ocr_par' dir='ltr' id='par_1_40' title="bbox 296 2786 1867 2862">
     <span class='ocr_line' id='line_1_40' title="bbox 296 2786 1867 2862; baseline -0.002 -17"><span class='ocrx_word' id='word_1_291' title='bbox 296 2791 545 2862; x_wconf 77' lang='grc' dir='ltr'>ἄνθρωπον</span> <span class='ocrx_word' id='word_1_292' title='bbox 587 2789 781 2860; x_wconf 84' lang='grc' dir='ltr'>ἀληθῆ</span> <span class='ocrx_word' id='word_1_293' title='bbox 828 2788 923 2843; x_wconf 86' lang='grc' dir='ltr'><strong>τὸν</strong></span> <span class='ocrx_word' id='word_1_294' title='bbox 962 2789 1204 2860; x_wconf 81' lang='grc' dir='ltr'>Χριστὸν</span> <span class='ocrx_word' id='word_1_295' title='bbox 1251 2787 1580 2859; x_wconf 86' lang='grc' dir='ltr'>κηρύττεις;</span> <span class='ocrx_word' id='word_1_296' title='bbox 1629 2790 1671 2841; x_wconf 86' lang='lat'><strong>0</strong></span> <span class='ocrx_word' id='word_1_297' title='bbox 1715 2786 1867 2842; x_wconf 83' lang='grc' dir='ltr'><strong>ΒΑΣ.</strong></span> 
     </span>
    </p>
   </div>
   <div class='ocr_carea' id='block_1_41' title="bbox 294 2877 1871 2953">
    <p class='ocr_par' dir='ltr' id='par_1_41' title="bbox 294 2877 1871 2953">
     <span class='ocr_line' id='line_1_41' title="bbox 294 2877 1871 2953; baseline -0.001 -18"><span class='ocrx_word' id='word_1_298' title='bbox 294 2881 454 2945; x_wconf 79' lang='grc' dir='ltr'>Οὕτως</span> <span class='ocrx_word' id='word_1_299' title='bbox 485 2881 610 2951; x_wconf 65' lang='grc' dir='ltr'><strong>ἕλω.</strong></span> <span class='ocrx_word' id='word_1_300' title='bbox 671 2884 722 2932; x_wconf 83' lang='grc' dir='ltr'>υ</span> <span class='ocrx_word' id='word_1_301' title='bbox 774 2881 983 2934; x_wconf 72' lang='grc' dir='ltr'><strong>ΠΑΤΡ.</strong></span> <span class='ocrx_word' id='word_1_302' title='bbox 1021 2880 1345 2950; x_wconf 76' lang='grc' dir='ltr'>Ἄνθρωπος</span> <span class='ocrx_word' id='word_1_303' title='bbox 1392 2877 1634 2948; x_wconf 89' lang='grc' dir='ltr'>γεγονὼς</span> <span class='ocrx_word' id='word_1_304' title='bbox 1675 2880 1704 2933; x_wconf 93' lang='lat'><strong>6</strong></span> <span class='ocrx_word' id='word_1_305' title='bbox 1731 2878 1871 2953; x_wconf 79' lang='grc' dir='ltr'>Χρι-</span> 
     </span>
    </p>
   </div>
   <div class='ocr_carea' id='block_1_42' title="bbox 294 2971 1871 3037">
    <p class='ocr_par' dir='ltr' id='par_1_42' title="bbox 294 2971 1871 3037">
     <span class='ocr_line' id='line_1_42' title="bbox 294 2971 1871 3037; baseline -0.002 -9"><span class='ocrx_word' id='word_1_306' title='bbox 294 2975 430 3037; x_wconf 80' lang='grc' dir='ltr'>στὸς,</span> <span class='ocrx_word' id='word_1_307' title='bbox 488 2974 547 3027; x_wconf 79' lang='grc' dir='ltr'>οὐ</span> <span class='ocrx_word' id='word_1_308' title='bbox 624 2972 854 3036; x_wconf 78' lang='grc' dir='ltr'>τέλειός</span> <span class='ocrx_word' id='word_1_309' title='bbox 921 2972 1074 3025; x_wconf 85' lang='grc' dir='ltr'>ἐστιν</span> <span class='ocrx_word' id='word_1_310' title='bbox 1136 2971 1402 3036; x_wconf 79' lang='grc' dir='ltr'>ὡσαύτως</span> <span class='ocrx_word' id='word_1_311' title='bbox 1470 2971 1630 3025; x_wconf 88' lang='grc' dir='ltr'>τοῦτο</span> <span class='ocrx_word' id='word_1_312' title='bbox 1681 2974 1871 3028; x_wconf 80' lang='grc' dir='ltr'>κακεῖ-</span> 
     </span>
    </p>
   </div>
   <div class='ocr_carea' id='block_1_43' title="bbox 290 3060 1868 3135">
    <p class='ocr_par' dir='ltr' id='par_1_43' title="bbox 290 3060 1868 3135">
     <span class='ocr_line' id='line_1_43' title="bbox 290 3060 1868 3135; baseline -0.003 -16"><span class='ocrx_word' id='word_1_313' title='bbox 290 3083 367 3132; x_wconf 78' lang='grc' dir='ltr'><strong>νο,</strong></span> <span class='ocrx_word' id='word_1_314' title='bbox 416 3066 503 3119; x_wconf 84' lang='grc' dir='ltr'><strong>καί</strong></span> <span class='ocrx_word' id='word_1_315' title='bbox 559 3062 702 3118; x_wconf 73' lang='grc' dir='ltr'>οὔτε</span> <span class='ocrx_word' id='word_1_316' title='bbox 740 3064 844 3135; x_wconf 81' lang='grc' dir='ltr'>τὴν</span> <span class='ocrx_word' id='word_1_317' title='bbox 899 3062 1115 3115; x_wconf 79' lang='grc' dir='ltr'>οἰκείαν</span> <span class='ocrx_word' id='word_1_318' title='bbox 1175 3062 1344 3131; x_wconf 88' lang='grc' dir='ltr'>φύσιν</span> <span class='ocrx_word' id='word_1_319' title='bbox 1396 3062 1689 3133; x_wconf 78' lang='grc' dir='ltr'>ἐμείωσεν,</span> <span class='ocrx_word' id='word_1_320' title='bbox 1742 3060 1868 3115; x_wconf 71' lang='grc' dir='ltr'>οὔτε</span> 
     </span>
    </p>
   </div>
   <div class='ocr_carea' id='block_1_44' title="bbox 1962 1865 3553 1937">
    <p class='ocr_par' dir='ltr' id='par_1_44' title="bbox 1962 1865 3553 1937">
     <span class='ocr_line' id='line_1_44' title="bbox 1962 1865 3553 1937; baseline 0.003 -19"><span class='ocrx_word' id='word_1_321' title='bbox 1962 1865 2251 1937; x_wconf 82' lang='lat' dir='ltr'><strong>pingendis</strong></span> <span class='ocrx_word' id='word_1_322' title='bbox 2292 1865 2625 1934; x_wconf 75' lang='lat' dir='ltr'><strong>imaginibus</strong></span> <span class='ocrx_word' id='word_1_323' title='bbox 2656 1880 2720 1920; x_wconf 89' lang='lat' dir='ltr'><strong>ac</strong></span> <span class='ocrx_word' id='word_1_324' title='bbox 2748 1865 3056 1921; x_wconf 86' lang='lat' dir='ltr'><strong>simulacris</strong></span> <span class='ocrx_word' id='word_1_325' title='bbox 3082 1867 3345 1924; x_wconf 82' lang='lat' dir='ltr'><strong>ducendis</strong></span> <span class='ocrx_word' id='word_1_326' title='bbox 3381 1868 3553 1925; x_wconf 88' lang='lat' dir='ltr'><strong>inter-</strong></span> 
     </span>
    </p>
   </div>
   <div class='ocr_carea' id='block_1_45' title="bbox 1961 1957 3549 2029">
    <p class='ocr_par' dir='ltr' id='par_1_45' title="bbox 1961 1957 3549 2029">
     <span class='ocr_line' id='line_1_45' title="bbox 1961 1957 3549 2029; baseline 0.003 -17"><span class='ocrx_word' id='word_1_327' title='bbox 1961 1957 2164 2013; x_wconf 89' lang='lat' dir='ltr'><strong>dictum</strong></span> <span class='ocrx_word' id='word_1_328' title='bbox 2192 1959 2355 2015; x_wconf 87' lang='lat' dir='ltr'><strong>esse?</strong></span> <span class='ocrx_word' id='word_1_329' title='bbox 2381 1958 2584 2013; x_wconf 80' lang='lat' dir='ltr'><strong>PATR.</strong></span> <span class='ocrx_word' id='word_1_330' title='bbox 2617 1957 2733 2014; x_wconf 85' lang='lat' dir='ltr'><strong>Hoc</strong></span> <span class='ocrx_word' id='word_1_331' title='bbox 2785 1959 2942 2028; x_wconf 90' lang='lat' dir='ltr'><strong>plane</strong></span> <span class='ocrx_word' id='word_1_332' title='bbox 2975 1958 3117 2024; x_wconf 90' lang='lat' dir='ltr'><strong>dico,</strong></span> <span class='ocrx_word' id='word_1_333' title='bbox 3161 1975 3264 2016; x_wconf 90' lang='lat' dir='ltr'><strong>nec</strong></span> <span class='ocrx_word' id='word_1_334' title='bbox 3307 1976 3549 2029; x_wconf 87' lang='lat' dir='ltr'><strong>unquam</strong></span> 
     </span>
    </p>
   </div>
   <div class='ocr_carea' id='block_1_46' title="bbox 1963 2038 3553 2117">
    <p class='ocr_par' dir='ltr' id='par_1_46' title="bbox 1963 2038 3553 2117">
     <span class='ocr_line' id='line_1_46' title="bbox 1963 2038 3553 2117; baseline -0.002 -11"><span class='ocrx_word' id='word_1_335' title='bbox 1963 2058 2280 2107; x_wconf 84' lang='lat' dir='ltr'><strong>cessaturus</strong></span> <span class='ocrx_word' id='word_1_336' title='bbox 2320 2066 2440 2106; x_wconf 92' lang='lat' dir='ltr'><strong>sum</strong></span> <span class='ocrx_word' id='word_1_337' title='bbox 2486 2050 2691 2106; x_wconf 91' lang='lat' dir='ltr'><strong>dicere.</strong></span> <span class='ocrx_word' id='word_1_338' title='bbox 2733 2048 2968 2105; x_wconf 81' lang='lat' dir='ltr'><strong>lMPER.</strong></span> <span class='ocrx_word' id='word_1_339' title='bbox 2997 2049 3134 2117; x_wconf 84' lang='lat' dir='ltr'><strong>Quid</strong></span> <span class='ocrx_word' id='word_1_340' title='bbox 3169 2052 3336 2107; x_wconf 75' lang='lat' dir='ltr'><strong>vero?</strong></span> <span class='ocrx_word' id='word_1_341' title='bbox 3361 2038 3553 2108; x_wconf 77' lang='lat' dir='ltr'><strong>Nonne</strong></span> 
     </span>
    </p>
   </div>
   <div class='ocr_carea' id='block_1_47' title="bbox 1963 2138 3550 2211">
    <p class='ocr_par' dir='ltr' id='par_1_47' title="bbox 1963 2138 3550 2211">
     <span class='ocr_line' id='line_1_47' title="bbox 1963 2138 3550 2211; baseline 0.001 -16"><span class='ocrx_word' id='word_1_342' title='bbox 1963 2138 2234 2196; x_wconf 84' lang='lat' dir='ltr'><strong>Christum</strong></span> <span class='ocrx_word' id='word_1_343' title='bbox 2278 2156 2464 2197; x_wconf 81' lang='lat' dir='ltr'><strong>verum</strong></span> <span class='ocrx_word' id='word_1_344' title='bbox 2514 2141 2679 2197; x_wconf 88' lang='lat' dir='ltr'><strong>Deum</strong></span> <span class='ocrx_word' id='word_1_345' title='bbox 2713 2142 2986 2211; x_wconf 90' lang='lat' dir='ltr'><strong>proﬁteris</strong></span> <span class='ocrx_word' id='word_1_346' title='bbox 3012 2141 3038 2197; x_wconf 78' lang='grc' dir='ltr'>τ</span> <span class='ocrx_word' id='word_1_347' title='bbox 3067 2141 3272 2198; x_wconf 80' lang='lat' dir='ltr'><strong>PATR.</strong></span> <span class='ocrx_word' id='word_1_348' title='bbox 3294 2143 3550 2201; x_wconf 79' lang='lat' dir='ltr'><strong>Maxime.</strong></span> 
     </span>
    </p>
   </div>
   <div class='ocr_carea' id='block_1_48' title="bbox 1964 2230 3550 2303">
    <p class='ocr_par' dir='ltr' id='par_1_48' title="bbox 1964 2230 3550 2303">
     <span class='ocr_line' id='line_1_48' title="bbox 1964 2230 3550 2303; baseline 0.001 -16"><span class='ocrx_word' id='word_1_349' title='bbox 1964 2231 2199 2287; x_wconf 77' lang='lat' dir='ltr'><strong>IMPER.</strong></span> <span class='ocrx_word' id='word_1_350' title='bbox 2231 2231 2415 2286; x_wconf 87' lang='lat' dir='ltr'><strong>Nonne</strong></span> <span class='ocrx_word' id='word_1_351' title='bbox 2444 2246 2573 2287; x_wconf 82' lang='lat' dir='ltr'><strong>vero</strong></span> <span class='ocrx_word' id='word_1_352' title='bbox 2601 2231 2801 2286; x_wconf 89' lang='lat' dir='ltr'><strong>Christi</strong></span> <span class='ocrx_word' id='word_1_353' title='bbox 2847 2230 3111 2303; x_wconf 75' lang='lat' dir='ltr'><strong>imagines</strong></span> <span class='ocrx_word' id='word_1_354' title='bbox 3139 2247 3204 2287; x_wconf 89' lang='lat' dir='ltr'><strong>ac</strong></span> <span class='ocrx_word' id='word_1_355' title='bbox 3257 2233 3550 2289; x_wconf 80' lang='lat' dir='ltr'><strong>simulacra</strong></span> 
     </span>
    </p>
   </div>
   <div class='ocr_carea' id='block_1_49' title="bbox 1966 2321 3555 2396">
    <p class='ocr_par' dir='ltr' id='par_1_49' title="bbox 1966 2321 3555 2396">
     <span class='ocr_line' id='line_1_49' title="bbox 1966 2321 3555 2396; baseline 0.003 -18"><span class='ocrx_word' id='word_1_356' title='bbox 1966 2325 2143 2395; x_wconf 83' lang='lat' dir='ltr'><strong>pingis</strong></span> <span class='ocrx_word' id='word_1_357' title='bbox 2159 2324 2183 2377; x_wconf 75' lang='grc' dir='ltr'>’ἰ</span> <span class='ocrx_word' id='word_1_358' title='bbox 2200 2322 2402 2377; x_wconf 80' lang='lat' dir='ltr'><strong>PATR.</strong></span> <span class='ocrx_word' id='word_1_359' title='bbox 2418 2324 2496 2376; x_wconf 82' lang='lat' dir='ltr'><strong>ita</strong></span> <span class='ocrx_word' id='word_1_360' title='bbox 2515 2324 2691 2393; x_wconf 88' lang='lat' dir='ltr'><strong>plane.</strong></span> <span class='ocrx_word' id='word_1_361' title='bbox 2704 2321 2936 2378; x_wconf 74' lang='lat' dir='ltr'><strong>IMPER.</strong></span> <span class='ocrx_word' id='word_1_362' title='bbox 2957 2323 3237 2390; x_wconf 83' lang='lat' dir='ltr'><strong>Quomodo</strong></span> <span class='ocrx_word' id='word_1_363' title='bbox 3255 2325 3437 2394; x_wconf 81' lang='lat' dir='ltr'><strong>igitur,</strong></span> <span class='ocrx_word' id='word_1_364' title='bbox 3459 2327 3555 2396; x_wconf 83' lang='lat' dir='ltr'><strong>qui</strong></span> 
     </span>
    </p>
   </div>
   <div class='ocr_carea' id='block_1_50' title="bbox 1969 2414 3554 2489">
    <p class='ocr_par' dir='ltr' id='par_1_50' title="bbox 1969 2414 3554 2489">
     <span class='ocr_line' id='line_1_50' title="bbox 1969 2414 3554 2489; baseline 0.003 -20"><span class='ocrx_word' id='word_1_365' title='bbox 1969 2430 2154 2469; x_wconf 82' lang='lat' dir='ltr'><strong>verum</strong></span> <span class='ocrx_word' id='word_1_366' title='bbox 2187 2414 2356 2469; x_wconf 89' lang='lat' dir='ltr'><strong>Deum</strong></span> <span class='ocrx_word' id='word_1_367' title='bbox 2396 2414 2676 2470; x_wconf 83' lang='lat' dir='ltr'><strong>Christum</strong></span> <span class='ocrx_word' id='word_1_368' title='bbox 2706 2415 2998 2484; x_wconf 85' lang='lat' dir='ltr'><strong>proﬁteris,</strong></span> <span class='ocrx_word' id='word_1_369' title='bbox 3030 2415 3236 2472; x_wconf 85' lang='lat' dir='ltr'><strong>Christi</strong></span> <span class='ocrx_word' id='word_1_370' title='bbox 3286 2417 3554 2489; x_wconf 75' lang='lat' dir='ltr'><strong>imagines</strong></span> 
     </span>
    </p>
   </div>
   <div class='ocr_carea' id='block_1_51' title="bbox 1972 2506 3554 2579">
    <p class='ocr_par' dir='ltr' id='par_1_51' title="bbox 1972 2506 3554 2579">
     <span class='ocr_line' id='line_1_51' title="bbox 1972 2506 3554 2579; baseline 0.001 -18"><span class='ocrx_word' id='word_1_371' title='bbox 1972 2507 2176 2577; x_wconf 89' lang='lat' dir='ltr'><strong>pingis,</strong></span> <span class='ocrx_word' id='word_1_372' title='bbox 2213 2522 2337 2562; x_wconf 92' lang='lat' dir='ltr'><strong>cum</strong></span> <span class='ocrx_word' id='word_1_373' title='bbox 2391 2506 2668 2578; x_wconf 80' lang='lat' dir='ltr'><strong>Iegislator</strong></span> <span class='ocrx_word' id='word_1_374' title='bbox 2701 2506 2796 2562; x_wconf 90' lang='lat' dir='ltr'><strong>Dei</strong></span> <span class='ocrx_word' id='word_1_375' title='bbox 2833 2507 3100 2577; x_wconf 88' lang='lat' dir='ltr'><strong>imagines</strong></span> <span class='ocrx_word' id='word_1_376' title='bbox 3131 2508 3429 2579; x_wconf 86' lang='lat' dir='ltr'><strong>pingendas</strong></span> <span class='ocrx_word' id='word_1_377' title='bbox 3460 2523 3554 2564; x_wconf 79' lang='lat' dir='ltr'><strong>ve-</strong></span> 
     </span>
    </p>
   </div>
   <div class='ocr_carea' id='block_1_52' title="bbox 1973 2594 3552 2669">
    <p class='ocr_par' dir='ltr' id='par_1_52' title="bbox 1973 2594 3552 2669">
     <span class='ocr_line' id='line_1_52' title="bbox 1973 2594 3552 2669; baseline 0.001 -18"><span class='ocrx_word' id='word_1_378' title='bbox 1973 2597 2171 2653; x_wconf 86' lang='lat' dir='ltr'><strong>tuerit?</strong></span> <span class='ocrx_word' id='word_1_379' title='bbox 2219 2594 2426 2652; x_wconf 79' lang='lat' dir='ltr'><strong>PATR.</strong></span> <span class='ocrx_word' id='word_1_380' title='bbox 2462 2596 2608 2652; x_wconf 88' lang='lat' dir='ltr'><strong>Bene</strong></span> <span class='ocrx_word' id='word_1_381' title='bbox 2659 2598 2756 2653; x_wconf 85' lang='lat' dir='ltr'><strong>tibi</strong></span> <span class='ocrx_word' id='word_1_382' title='bbox 2812 2598 2911 2663; x_wconf 79' lang='lat' dir='ltr'><strong>sit,</strong></span> <span class='ocrx_word' id='word_1_383' title='bbox 2940 2612 2974 2652; x_wconf 92' lang='grc' dir='ltr'><strong>ο</strong></span> <span class='ocrx_word' id='word_1_384' title='bbox 3007 2598 3335 2668; x_wconf 72' lang='lat' dir='ltr'><strong>imperator,</strong></span> <span class='ocrx_word' id='word_1_385' title='bbox 3386 2615 3552 2669; x_wconf 85' lang='lat' dir='ltr'><strong>quam</strong></span> 
     </span>
    </p>
   </div>
   <div class='ocr_carea' id='block_1_53' title="bbox 1970 2689 3554 2759">
    <p class='ocr_par' dir='ltr' id='par_1_53' title="bbox 1970 2689 3554 2759">
     <span class='ocr_line' id='line_1_53' title="bbox 1970 2689 3554 2759; baseline 0.003 -16"><span class='ocrx_word' id='word_1_386' title='bbox 1970 2689 2115 2743; x_wconf 83' lang='lat' dir='ltr'><strong>enim</strong></span> <span class='ocrx_word' id='word_1_387' title='bbox 2138 2690 2492 2759; x_wconf 64' lang='lat' dir='ltr'><strong>quaestionem</strong></span> <span class='ocrx_word' id='word_1_388' title='bbox 2523 2690 2762 2759; x_wconf 82' lang='lat' dir='ltr'><strong>movisti,</strong></span> <span class='ocrx_word' id='word_1_389' title='bbox 2787 2689 3095 2745; x_wconf 88' lang='lat' dir='ltr'><strong>doctrinam</strong></span> <span class='ocrx_word' id='word_1_390' title='bbox 3114 2691 3326 2747; x_wconf 79' lang='lat' dir='ltr'><strong>clarius</strong></span> <span class='ocrx_word' id='word_1_391' title='bbox 3351 2691 3554 2747; x_wconf 86' lang='lat' dir='ltr'><strong>contir-</strong></span> 
     </span>
    </p>
   </div>
   <div class='ocr_carea' id='block_1_54' title="bbox 1971 2780 3551 2852">
    <p class='ocr_par' dir='ltr' id='par_1_54' title="bbox 1971 2780 3551 2852">
     <span class='ocr_line' id='line_1_54' title="bbox 1971 2780 3551 2852; baseline 0.001 -15"><span class='ocrx_word' id='word_1_392' title='bbox 1971 2782 2161 2837; x_wconf 87' lang='lat' dir='ltr'><strong>mabit.</strong></span> <span class='ocrx_word' id='word_1_393' title='bbox 2190 2780 2350 2847; x_wconf 81' lang='lat' dir='ltr'><strong>Nam,</strong></span> <span class='ocrx_word' id='word_1_394' title='bbox 2375 2782 2592 2849; x_wconf 86' lang='lat' dir='ltr'><strong>amabo,</strong></span> <span class='ocrx_word' id='word_1_395' title='bbox 2624 2797 2808 2839; x_wconf 88' lang='lat' dir='ltr'><strong>nonne</strong></span> <span class='ocrx_word' id='word_1_396' title='bbox 2832 2782 3119 2839; x_wconf 89' lang='lat' dir='ltr'><strong>Christum</strong></span> <span class='ocrx_word' id='word_1_397' title='bbox 3151 2799 3342 2852; x_wconf 83' lang='lat' dir='ltr'><strong>verum</strong></span> <span class='ocrx_word' id='word_1_398' title='bbox 3379 2784 3551 2839; x_wconf 86' lang='lat' dir='ltr'><strong>Deum</strong></span> 
     </span>
    </p>
   </div>
   <div class='ocr_carea' id='block_1_55' title="bbox 1973 2871 3550 2942">
    <p class='ocr_par' dir='ltr' id='par_1_55' title="bbox 1973 2871 3550 2942">
     <span class='ocr_line' id='line_1_55' title="bbox 1973 2871 3550 2942; baseline 0.004 -18"><span class='ocrx_word' id='word_1_399' title='bbox 1973 2885 2269 2941; x_wconf 78' lang='lat' dir='ltr'><strong>verumque</strong></span> <span class='ocrx_word' id='word_1_400' title='bbox 2310 2872 2584 2927; x_wconf 90' lang='lat' dir='ltr'><strong>hominem</strong></span> <span class='ocrx_word' id='word_1_401' title='bbox 2639 2871 2955 2942; x_wconf 78' lang='lat' dir='ltr'><strong>proﬁteris?</strong></span> <span class='ocrx_word' id='word_1_402' title='bbox 2998 2872 3233 2928; x_wconf 74' lang='grc' dir='ltr'>ιιιρειι.</span> <span class='ocrx_word' id='word_1_403' title='bbox 3286 2872 3363 2927; x_wconf 92' lang='lat' dir='ltr'><strong>Ita</strong></span> <span class='ocrx_word' id='word_1_404' title='bbox 3396 2888 3550 2930; x_wconf 79' lang='lat' dir='ltr'><strong>sane.</strong></span> 
     </span>
    </p>
   </div>
   <div class='ocr_carea' id='block_1_56' title="bbox 1977 2962 3555 3035">
    <p class='ocr_par' dir='ltr' id='par_1_56' title="bbox 1977 2962 3555 3035">
     <span class='ocr_line' id='line_1_56' title="bbox 1977 2962 3555 3035; baseline 0.003 -19"><span class='ocrx_word' id='word_1_405' title='bbox 1977 2962 2180 3018; x_wconf 81' lang='lat' dir='ltr'><strong>PATR.</strong></span> <span class='ocrx_word' id='word_1_406' title='bbox 2214 2965 2471 3019; x_wconf 85' lang='lat' dir='ltr'><strong>Christus</strong></span> <span class='ocrx_word' id='word_1_407' title='bbox 2503 2965 2665 3019; x_wconf 92' lang='lat' dir='ltr'><strong>homo</strong></span> <span class='ocrx_word' id='word_1_408' title='bbox 2694 2964 2898 3034; x_wconf 77' lang='lat' dir='ltr'><strong>factus,</strong></span> <span class='ocrx_word' id='word_1_409' title='bbox 2932 2979 3113 3021; x_wconf 90' lang='lat' dir='ltr'><strong>nonne</strong></span> <span class='ocrx_word' id='word_1_410' title='bbox 3148 2966 3373 3035; x_wconf 89' lang='lat' dir='ltr'><strong>perinde</strong></span> <span class='ocrx_word' id='word_1_411' title='bbox 3412 2966 3555 3022; x_wconf 86' lang='lat' dir='ltr'><strong>Deus</strong></span> 
     </span>
    </p>
   </div>
   <div class='ocr_carea' id='block_1_57' title="bbox 1974 3056 3551 3133">
    <p class='ocr_par' dir='ltr' id='par_1_57' title="bbox 1974 3056 3551 3133">
     <span class='ocr_line' id='line_1_57' title="bbox 1974 3056 3551 3133; baseline 0.001 -23"><span class='ocrx_word' id='word_1_412' title='bbox 1974 3067 2140 3126; x_wconf 89' lang='lat' dir='ltr'><strong>atque</strong></span> <span class='ocrx_word' id='word_1_413' title='bbox 2166 3057 2329 3111; x_wconf 86' lang='lat' dir='ltr'><strong>homo</strong></span> <span class='ocrx_word' id='word_1_414' title='bbox 2354 3056 2625 3126; x_wconf 78' lang='lat' dir='ltr'><strong>perfectus</strong></span> <span class='ocrx_word' id='word_1_415' title='bbox 2664 3058 2897 3133; x_wconf 63' lang='lat' dir='ltr'><strong>essistit,</strong></span> <span class='ocrx_word' id='word_1_416' title='bbox 2923 3057 3146 3128; x_wconf 89' lang='lat' dir='ltr'><strong>quando</strong></span> <span class='ocrx_word' id='word_1_417' title='bbox 3191 3072 3370 3128; x_wconf 89' lang='lat' dir='ltr'><strong>neque</strong></span> <span class='ocrx_word' id='word_1_418' title='bbox 3392 3073 3551 3114; x_wconf 87' lang='lat' dir='ltr'><strong>suam</strong></span> 
     </span>
    </p>
   </div>
   <div class='ocr_carea' id='block_1_58' title="bbox 289 3147 1864 3231">
    <p class='ocr_par' dir='ltr' id='par_1_58' title="bbox 289 3148 1864 3231">
     <span class='ocr_line' id='line_1_58' title="bbox 289 3148 1864 3231; baseline -0.001 -20"><span class='ocrx_word' id='word_1_419' title='bbox 289 3158 313 3211; x_wconf 87' lang='lat'><strong>6</strong></span> <span class='ocrx_word' id='word_1_420' title='bbox 360 3157 696 3231; x_wconf 78' lang='grc' dir='ltr'>προσέλαϐεν</span> <span class='ocrx_word' id='word_1_421' title='bbox 755 3158 837 3219; x_wconf 79' lang='grc' dir='ltr'><strong>εἰς</strong></span> <span class='ocrx_word' id='word_1_422' title='bbox 885 3152 1143 3225; x_wconf 84' lang='grc' dir='ltr'>θεότητος</span> <span class='ocrx_word' id='word_1_423' title='bbox 1217 3155 1380 3224; x_wconf 89' lang='grc' dir='ltr'>φύσιν</span> <span class='ocrx_word' id='word_1_424' title='bbox 1443 3148 1778 3226; x_wconf 74' lang='grc' dir='ltr'>με·ὲὲ6αλεν;</span> <span class='ocrx_word' id='word_1_425' title='bbox 1828 3156 1864 3209; x_wconf 88' lang='lat'><strong>0</strong></span> 
     </span>
    </p>
   </div>
   <div class='ocr_carea' id='block_1_59' title="bbox 1969 3147 3554 3231">
    <p class='ocr_par' dir='ltr' id='par_1_59' title="bbox 1976 3147 3554 3216">
     <span class='ocr_line' id='line_1_59' title="bbox 1976 3147 3554 3216; baseline 0.003 -15"><span class='ocrx_word' id='word_1_426' title='bbox 1976 3147 2095 3216; x_wconf 91' lang='lat' dir='ltr'><strong>ipse</strong></span> <span class='ocrx_word' id='word_1_427' title='bbox 2114 3155 2364 3201; x_wconf 84' lang='lat' dir='ltr'><strong>naturam</strong></span> <span class='ocrx_word' id='word_1_428' title='bbox 2393 3148 2609 3212; x_wconf 90' lang='lat' dir='ltr'><strong>minuit,</strong></span> <span class='ocrx_word' id='word_1_429' title='bbox 2640 3163 2742 3203; x_wconf 83' lang='lat' dir='ltr'><strong>nec</strong></span> <span class='ocrx_word' id='word_1_430' title='bbox 2763 3163 2925 3216; x_wconf 90' lang='lat' dir='ltr'><strong>quam</strong></span> <span class='ocrx_word' id='word_1_431' title='bbox 2944 3148 3242 3216; x_wconf 84' lang='lat' dir='ltr'><strong>assumpsit</strong></span> <span class='ocrx_word' id='word_1_432' title='bbox 3258 3149 3312 3204; x_wconf 92' lang='lat' dir='ltr'><strong>in</strong></span> <span class='ocrx_word' id='word_1_433' title='bbox 3331 3150 3554 3205; x_wconf 76' lang='lat' dir='ltr'><strong>deitatis</strong></span> 
     </span>
    </p>
   </div>
   <div class='ocr_carea' id='block_1_60' title="bbox 290 3243 1868 3317">
    <p class='ocr_par' dir='ltr' id='par_1_60' title="bbox 290 3243 1868 3317">
     <span class='ocr_line' id='line_1_60' title="bbox 290 3243 1868 3317; baseline -0.003 -15"><span class='ocrx_word' id='word_1_434' title='bbox 290 3247 416 3302; x_wconf 74' lang='grc' dir='ltr'><strong>ΒΑΣ.</strong></span> <span class='ocrx_word' id='word_1_435' title='bbox 462 3249 574 3302; x_wconf 70' lang='grc' dir='ltr'>Καὶ</span> <span class='ocrx_word' id='word_1_436' title='bbox 640 3244 826 3317; x_wconf 83' lang='grc' dir='ltr'>μάλα.</span> <span class='ocrx_word' id='word_1_437' title='bbox 867 3244 910 3297; x_wconf 94' lang='lat'><strong>0</strong></span> <span class='ocrx_word' id='word_1_438' title='bbox 968 3244 1176 3297; x_wconf 82' lang='lat' dir='ltr'><strong>ﬂATP.</strong></span> <span class='ocrx_word' id='word_1_439' title='bbox 1237 3243 1313 3297; x_wconf 85' lang='grc' dir='ltr'><strong>Οὐ</strong></span> <span class='ocrx_word' id='word_1_440' title='bbox 1376 3244 1761 3314; x_wconf 82' lang='grc' dir='ltr'>συνομολογείς</span> <span class='ocrx_word' id='word_1_441' title='bbox 1812 3244 1868 3298; x_wconf 83' lang='grc' dir='ltr'>δὲ</span> 
     </span>
    </p>
   </div>
   <div class='ocr_carea' id='block_1_61' title="bbox 290 3334 1868 3411">
    <p class='ocr_par' dir='ltr' id='par_1_61' title="bbox 290 3334 1868 3411">
     <span class='ocr_line' id='line_1_61' title="bbox 290 3334 1868 3411; baseline -0.003 -17"><span class='ocrx_word' id='word_1_442' title='bbox 290 3343 369 3395; x_wconf 76' lang='grc' dir='ltr'><strong>καί</strong></span> <span class='ocrx_word' id='word_1_443' title='bbox 412 3340 535 3411; x_wconf 78' lang='grc' dir='ltr'>φὴς,</span> <span class='ocrx_word' id='word_1_444' title='bbox 592 3339 683 3401; x_wconf 82' lang='grc' dir='ltr'>ὡς</span> <span class='ocrx_word' id='word_1_445' title='bbox 745 3337 907 3392; x_wconf 79' lang='grc' dir='ltr'>ἄλλον</span> <span class='ocrx_word' id='word_1_446' title='bbox 959 3336 1061 3406; x_wconf 83' lang='grc' dir='ltr'><strong>μὲν</strong></span> <span class='ocrx_word' id='word_1_447' title='bbox 1118 3335 1214 3390; x_wconf 77' lang='grc' dir='ltr'>καὶ</span> <span class='ocrx_word' id='word_1_448' title='bbox 1285 3334 1447 3390; x_wconf 79' lang='grc' dir='ltr'>ἄλλον</span> <span class='ocrx_word' id='word_1_449' title='bbox 1497 3336 1589 3390; x_wconf 88' lang='grc' dir='ltr'><strong>τὸν</strong></span> <span class='ocrx_word' id='word_1_450' title='bbox 1631 3335 1868 3406; x_wconf 85' lang='grc' dir='ltr'>Χριστὸν</span> 
     </span>
    </p>
   </div>
   <div class='ocr_carea' id='block_1_62' title="bbox 288 3427 1868 3500">
    <p class='ocr_par' dir='ltr' id='par_1_62' title="bbox 288 3427 1868 3500">
     <span class='ocr_line' id='line_1_62' title="bbox 288 3427 1868 3500; baseline -0.004 -13"><span class='ocrx_word' id='word_1_451' title='bbox 288 3434 371 3488; x_wconf 65' lang='grc' dir='ltr'>οὐκ</span> <span class='ocrx_word' id='word_1_452' title='bbox 431 3433 494 3486; x_wconf 81' lang='grc' dir='ltr'><strong>ἄν</strong></span> <span class='ocrx_word' id='word_1_453' title='bbox 561 3447 712 3485; x_wconf 75' lang='grc' dir='ltr'>ποτε</span> <span class='ocrx_word' id='word_1_454' title='bbox 779 3429 1063 3500; x_wconf 77' lang='grc' dir='ltr'>φαίημεν·</span> <span class='ocrx_word' id='word_1_455' title='bbox 1120 3428 1214 3482; x_wconf 90' lang='grc' dir='ltr'><strong>τὸν</strong></span> <span class='ocrx_word' id='word_1_456' title='bbox 1273 3428 1436 3482; x_wconf 81' lang='grc' dir='ltr'>αὑτὸν</span> <span class='ocrx_word' id='word_1_457' title='bbox 1476 3428 1536 3481; x_wconf 77' lang='grc' dir='ltr'><strong>δὲ</strong></span> <span class='ocrx_word' id='word_1_458' title='bbox 1586 3428 1702 3498; x_wconf 75' lang='grc' dir='ltr'><strong>ἅμα</strong></span> <span class='ocrx_word' id='word_1_459' title='bbox 1745 3427 1868 3482; x_wconf 86' lang='grc' dir='ltr'>κατ’</span> 
     </span>
    </p>
   </div>
   <div class='ocr_carea' id='block_1_63' title="bbox 289 3519 1865 3591">
    <p class='ocr_par' dir='ltr' id='par_1_63' title="bbox 289 3519 1865 3591">
     <span class='ocr_line' id='line_1_63' title="bbox 289 3519 1865 3591; baseline -0.003 -13"><span class='ocrx_word' id='word_1_460' title='bbox 289 3524 397 3578; x_wconf 70' lang='grc' dir='ltr'>ἄλλο</span> <span class='ocrx_word' id='word_1_461' title='bbox 438 3525 532 3578; x_wconf 64' lang='lat' dir='ltr'><strong>atat</strong></span> <span class='ocrx_word' id='word_1_462' title='bbox 578 3523 765 3588; x_wconf 77' lang='grc' dir='ltr'>ἄλλο,</span> <span class='ocrx_word' id='word_1_463' title='bbox 806 3522 905 3575; x_wconf 77' lang='grc' dir='ltr'><strong>καὶ</strong></span> <span class='ocrx_word' id='word_1_464' title='bbox 940 3519 1125 3589; x_wconf 83' lang='grc' dir='ltr'>ἀπαθῆ</span> <span class='ocrx_word' id='word_1_465' title='bbox 1166 3519 1264 3573; x_wconf 77' lang='grc' dir='ltr'><strong>καὶ</strong></span> <span class='ocrx_word' id='word_1_466' title='bbox 1311 3519 1553 3591; x_wconf 83' lang='grc' dir='ltr'>παθητὸν</span> <span class='ocrx_word' id='word_1_467' title='bbox 1593 3519 1825 3590; x_wconf 81' lang='grc' dir='ltr'>λέγομεν</span> <span class='ocrx_word' id='word_1_468' title='bbox 1850 3535 1865 3551; x_wconf 82' lang='grc'><em>’</em></span> 
     </span>
    </p>
   </div>
   <div class='ocr_carea' id='block_1_64' title="bbox 290 3613 1864 3689">
    <p class='ocr_par' dir='ltr' id='par_1_64' title="bbox 290 3613 1864 3689">
     <span class='ocr_line' id='line_1_64' title="bbox 290 3613 1864 3689; baseline -0.004 -17"><span class='ocrx_word' id='word_1_469' title='bbox 290 3617 393 3672; x_wconf 75' lang='grc' dir='ltr'>καθ’</span> <span class='ocrx_word' id='word_1_470' title='bbox 415 3616 442 3672; x_wconf 85' lang='lat'><strong>6</strong></span> <span class='ocrx_word' id='word_1_471' title='bbox 466 3618 567 3689; x_wconf 81' lang='grc' dir='ltr'><strong>μὲν</strong></span> <span class='ocrx_word' id='word_1_472' title='bbox 598 3615 749 3678; x_wconf 86' lang='grc' dir='ltr'>Θεὸς</span> <span class='ocrx_word' id='word_1_473' title='bbox 766 3654 782 3681; x_wconf 91' lang='grc'><strong>,</strong></span> <span class='ocrx_word' id='word_1_474' title='bbox 803 3613 985 3678; x_wconf 86' lang='grc' dir='ltr'>τοῦτο,</span> <span class='ocrx_word' id='word_1_475' title='bbox 1020 3613 1144 3667; x_wconf 83' lang='grc' dir='ltr'>καθ’</span> <span class='ocrx_word' id='word_1_476' title='bbox 1172 3613 1200 3666; x_wconf 88' lang='lat'><strong>6</strong></span> <span class='ocrx_word' id='word_1_477' title='bbox 1225 3613 1280 3666; x_wconf 81' lang='grc' dir='ltr'><strong>δὲ</strong></span> <span class='ocrx_word' id='word_1_478' title='bbox 1306 3613 1597 3683; x_wconf 79' lang='grc' dir='ltr'>ἄνθρωπος</span> <span class='ocrx_word' id='word_1_479' title='bbox 1625 3614 1653 3664; x_wconf 97' lang='lat'><strong>6</strong></span> <span class='ocrx_word' id='word_1_480' title='bbox 1683 3613 1864 3679; x_wconf 78' lang='grc' dir='ltr'>αὐτὸς,</span> 
     </span>
    </p>
   </div>
   <div class='ocr_carea' id='block_1_65' title="bbox 288 3702 1866 3776">
    <p class='ocr_par' dir='ltr' id='par_1_65' title="bbox 288 3702 1866 3776">
     <span class='ocr_line' id='line_1_65' title="bbox 288 3702 1866 3776; baseline -0.002 -15"><span class='ocrx_word' id='word_1_481' title='bbox 288 3710 476 3771; x_wconf 59' lang='lat' dir='ltr'><strong>latebo;</strong></span> <span class='ocrx_word' id='word_1_482' title='bbox 523 3707 592 3759; x_wconf 81' lang='grc' dir='ltr'><strong>Τί</strong></span> <span class='ocrx_word' id='word_1_483' title='bbox 632 3706 746 3776; x_wconf 78' lang='grc' dir='ltr'><strong>δή;</strong></span> <span class='ocrx_word' id='word_1_484' title='bbox 802 3704 862 3756; x_wconf 76' lang='grc' dir='ltr'>οὐ</span> <span class='ocrx_word' id='word_1_485' title='bbox 899 3703 1038 3756; x_wconf 86' lang='grc' dir='ltr'>καθὸ</span> <span class='ocrx_word' id='word_1_486' title='bbox 1072 3703 1171 3773; x_wconf 79' lang='grc' dir='ltr'><strong>μὲν</strong></span> <span class='ocrx_word' id='word_1_487' title='bbox 1203 3702 1356 3769; x_wconf 84' lang='grc' dir='ltr'>Θεὸς,</span> <span class='ocrx_word' id='word_1_488' title='bbox 1387 3703 1617 3773; x_wconf 81' lang='grc' dir='ltr'>ἀόρατός</span> <span class='ocrx_word' id='word_1_489' title='bbox 1659 3705 1720 3756; x_wconf 80' lang='grc' dir='ltr'><strong>τέ</strong></span> <span class='ocrx_word' id='word_1_490' title='bbox 1751 3705 1866 3759; x_wconf 89' lang='grc' dir='ltr'>ἐστι</span> 
     </span>
    </p>
   </div>
   <div class='ocr_carea' id='block_1_66' title="bbox 286 3790 1868 3867">
    <p class='ocr_par' dir='ltr' id='par_1_66' title="bbox 286 3790 1868 3867">
     <span class='ocr_line' id='line_1_66' title="bbox 286 3790 1868 3867; baseline -0.004 -15"><span class='ocrx_word' id='word_1_491' title='bbox 286 3798 368 3852; x_wconf 72' lang='grc' dir='ltr'><strong>καὶ</strong></span> <span class='ocrx_word' id='word_1_492' title='bbox 395 3796 605 3867; x_wconf 69' lang='grc' dir='ltr'>ἀναφὴς</span> <span class='ocrx_word' id='word_1_493' title='bbox 638 3795 747 3849; x_wconf 85' lang='grc' dir='ltr'>καί</span> <span class='ocrx_word' id='word_1_494' title='bbox 776 3792 1068 3862; x_wconf 87' lang='grc' dir='ltr'>νοούμενος</span> <span class='ocrx_word' id='word_1_495' title='bbox 1089 3808 1103 3821; x_wconf 92' lang='grc'><strong>·</strong></span> <span class='ocrx_word' id='word_1_496' title='bbox 1127 3790 1252 3845; x_wconf 88' lang='grc' dir='ltr'>καθ’</span> <span class='ocrx_word' id='word_1_497' title='bbox 1287 3790 1315 3843; x_wconf 86' lang='lat'><strong>6</strong></span> <span class='ocrx_word' id='word_1_498' title='bbox 1342 3791 1398 3844; x_wconf 85' lang='grc' dir='ltr'><strong>δέ</strong></span> <span class='ocrx_word' id='word_1_499' title='bbox 1428 3792 1523 3846; x_wconf 81' lang='grc' dir='ltr'>ἄνθ</span> <span class='ocrx_word' id='word_1_500' title='bbox 1535 3809 1739 3863; x_wconf 86' lang='grc' dir='ltr'>ρωπος,</span> <span class='ocrx_word' id='word_1_501' title='bbox 1773 3792 1868 3847; x_wconf 83' lang='grc' dir='ltr'><strong>καί</strong></span> 
     </span>
    </p>
   </div>
   <div class='ocr_carea' id='block_1_67' title="bbox 288 3879 1867 3960">
    <p class='ocr_par' dir='ltr' id='par_1_67' title="bbox 288 3879 1867 3960">
     <span class='ocr_line' id='line_1_67' title="bbox 288 3879 1867 3960; baseline -0.004 -17"><span class='ocrx_word' id='word_1_502' title='bbox 288 3891 458 3960; x_wconf 76' lang='grc' dir='ltr'>ὁρατὸς</span> <span class='ocrx_word' id='word_1_503' title='bbox 514 3890 613 3943; x_wconf 75' lang='grc' dir='ltr'><strong>καὶ</strong></span> <span class='ocrx_word' id='word_1_504' title='bbox 668 3884 847 3949; x_wconf 82' lang='grc' dir='ltr'>ἁπτὸς</span> <span class='ocrx_word' id='word_1_505' title='bbox 885 3886 978 3937; x_wconf 77' lang='grc' dir='ltr'><strong>καὶ</strong></span> <span class='ocrx_word' id='word_1_506' title='bbox 1010 3883 1374 3953; x_wconf 88' lang='grc' dir='ltr'>φαινόμενος;</span> <span class='ocrx_word' id='word_1_507' title='bbox 1426 3884 1562 3954; x_wconf 74' lang='grc' dir='ltr'>Οὐχὶ</span> <span class='ocrx_word' id='word_1_508' title='bbox 1613 3879 1706 3937; x_wconf 76' lang='grc' dir='ltr'>οὖν</span> <span class='ocrx_word' id='word_1_509' title='bbox 1770 3884 1867 3938; x_wconf 71' lang='grc' dir='ltr'><strong>καί⁴</strong></span> 
     </span>
    </p>
   </div>
   <div class='ocr_carea' id='block_1_68' title="bbox 291 3976 1866 4052">
    <p class='ocr_par' dir='ltr' id='par_1_68' title="bbox 291 3976 1866 4052">
     <span class='ocr_line' id='line_1_68' title="bbox 291 3976 1866 4052; baseline -0.003 -17"><span class='ocrx_word' id='word_1_510' title='bbox 291 3981 405 4036; x_wconf 82' lang='grc' dir='ltr'>Θεὸν</span> <span class='ocrx_word' id='word_1_511' title='bbox 424 3984 582 4052; x_wconf 78' lang='grc' dir='ltr'>ἴσμεν</span> <span class='ocrx_word' id='word_1_512' title='bbox 610 3977 801 4049; x_wconf 71' lang='grc' dir='ltr'>άληθῆ</span> <span class='ocrx_word' id='word_1_513' title='bbox 819 3978 917 4030; x_wconf 90' lang='grc' dir='ltr'><strong>τὸν</strong></span> <span class='ocrx_word' id='word_1_514' title='bbox 937 3979 1318 4047; x_wconf 72' lang='grc' dir='ltr'>γραφόμενονς</span> <span class='ocrx_word' id='word_1_515' title='bbox 1341 3976 1475 4041; x_wconf 87' lang='grc' dir='ltr'>Θεὸς</span> <span class='ocrx_word' id='word_1_516' title='bbox 1499 3977 1606 4046; x_wconf 86' lang='grc' dir='ltr'>γὰρ</span> <span class='ocrx_word' id='word_1_517' title='bbox 1628 3976 1866 4048; x_wconf 84' lang='grc' dir='ltr'>άληθῶς,</span> 
     </span>
    </p>
   </div>
   <div class='ocr_carea' id='block_1_69' title="bbox 289 4068 1869 4145">
    <p class='ocr_par' dir='ltr' id='par_1_69' title="bbox 289 4068 1869 4145">
     <span class='ocr_line' id='line_1_69' title="bbox 289 4068 1869 4145; baseline -0.003 -17"><span class='ocrx_word' id='word_1_518' title='bbox 289 4076 370 4128; x_wconf 76' lang='grc' dir='ltr'>καὶ</span> <span class='ocrx_word' id='word_1_519' title='bbox 397 4071 721 4145; x_wconf 76' lang='grc' dir='ltr'>σαρκωθεὶς</span> <span class='ocrx_word' id='word_1_520' title='bbox 760 4070 789 4121; x_wconf 92' lang='lat'><strong>6</strong></span> <span class='ocrx_word' id='word_1_521' title='bbox 817 4070 1078 4141; x_wconf 86' lang='grc' dir='ltr'>Χριστός.</span> <span class='ocrx_word' id='word_1_522' title='bbox 1122 4068 1262 4122; x_wconf 84' lang='grc' dir='ltr'>Ἀλλ’</span> <span class='ocrx_word' id='word_1_523' title='bbox 1292 4069 1354 4121; x_wconf 85' lang='grc' dir='ltr'><strong>οὐ</strong></span> <span class='ocrx_word' id='word_1_524' title='bbox 1385 4068 1508 4122; x_wconf 87' lang='grc' dir='ltr'>καθ’</span> <span class='ocrx_word' id='word_1_525' title='bbox 1544 4068 1576 4122; x_wconf 84' lang='lat'><strong>6</strong></span> <span class='ocrx_word' id='word_1_526' title='bbox 1607 4069 1741 4133; x_wconf 89' lang='grc' dir='ltr'>Θεὸς</span> <span class='ocrx_word' id='word_1_527' title='bbox 1777 4069 1869 4123; x_wconf 82' lang='grc' dir='ltr'><strong>τὸν</strong></span> 
     </span>
    </p>
   </div>
   <div class='ocr_carea' id='block_1_70' title="bbox 288 4160 1871 4240">
    <p class='ocr_par' dir='ltr' id='par_1_70' title="bbox 288 4160 1871 4240">
     <span class='ocr_line' id='line_1_70' title="bbox 288 4160 1871 4240; baseline -0.002 -22"><span class='ocrx_word' id='word_1_528' title='bbox 288 4167 501 4240; x_wconf 71' lang='grc' dir='ltr'>Χριστὸν</span> <span class='ocrx_word' id='word_1_529' title='bbox 551 4165 894 4235; x_wconf 79' lang='grc' dir='ltr'>γράφομεν,</span> <span class='ocrx_word' id='word_1_530' title='bbox 950 4161 1071 4214; x_wconf 82' lang='grc' dir='ltr'>οὺδέ</span> <span class='ocrx_word' id='word_1_531' title='bbox 1124 4162 1267 4215; x_wconf 82' lang='grc' dir='ltr'>κατὰ</span> <span class='ocrx_word' id='word_1_532' title='bbox 1303 4160 1462 4215; x_wconf 91' lang='grc' dir='ltr'>τοῦτο</span> <span class='ocrx_word' id='word_1_533' title='bbox 1502 4161 1603 4223; x_wconf 82' lang='grc' dir='ltr'>τὰς</span> <span class='ocrx_word' id='word_1_534' title='bbox 1654 4163 1871 4226; x_wconf 89' lang='grc' dir='ltr'>εἰκόνας</span> 
     </span>
    </p>
   </div>
   <div class='ocr_carea' id='block_1_71' title="bbox 289 4249 1870 4330">
    <p class='ocr_par' dir='ltr' id='par_1_71' title="bbox 289 4249 1870 4330">
     <span class='ocr_line' id='line_1_71' title="bbox 289 4249 1870 4330; baseline -0.003 -18"><span class='ocrx_word' id='word_1_535' title='bbox 289 4259 421 4330; x_wconf 75' lang='grc' dir='ltr'>αὐτῷ</span> <span class='ocrx_word' id='word_1_536' title='bbox 441 4258 813 4326; x_wconf 71' lang='grc' dir='ltr'>ἀνατίθεμενο</span> <span class='ocrx_word' id='word_1_537' title='bbox 850 4252 989 4309; x_wconf 88' lang='grc' dir='ltr'>καθὸ</span> <span class='ocrx_word' id='word_1_538' title='bbox 1020 4253 1076 4307; x_wconf 80' lang='grc' dir='ltr'><strong>δὲ</strong></span> <span class='ocrx_word' id='word_1_539' title='bbox 1107 4254 1395 4326; x_wconf 82' lang='grc' dir='ltr'>ἄνθρωπος</span> <span class='ocrx_word' id='word_1_540' title='bbox 1428 4249 1496 4325; x_wconf 81' lang='grc' dir='ltr'><strong>ἦν</strong></span> <span class='ocrx_word' id='word_1_541' title='bbox 1532 4257 1560 4308; x_wconf 88' lang='lat'><strong>6</strong></span> <span class='ocrx_word' id='word_1_542' title='bbox 1584 4254 1747 4317; x_wconf 83' lang='grc' dir='ltr'>αὐτὸς</span> <span class='ocrx_word' id='word_1_543' title='bbox 1775 4255 1870 4308; x_wconf 75' lang='grc' dir='ltr'>καὶ</span> 
     </span>
    </p>
   </div>
   <div class='ocr_carea' id='block_1_72' title="bbox 288 4342 1869 4420">
    <p class='ocr_par' dir='ltr' id='par_1_72' title="bbox 288 4342 1869 4420">
     <span class='ocr_line' id='line_1_72' title="bbox 288 4342 1869 4420; baseline -0.004 -16"><span class='ocrx_word' id='word_1_544' title='bbox 288 4352 369 4404; x_wconf 68' lang='grc' dir='ltr'><strong>ἐπὶ</strong></span> <span class='ocrx_word' id='word_1_545' title='bbox 404 4350 508 4420; x_wconf 79' lang='grc' dir='ltr'>γῆς</span> <span class='ocrx_word' id='word_1_546' title='bbox 544 4348 759 4418; x_wconf 79' lang='grc' dir='ltr'>ἐφάνη,</span> <span class='ocrx_word' id='word_1_547' title='bbox 791 4348 915 4408; x_wconf 85' lang='grc' dir='ltr'>ταῖς</span> <span class='ocrx_word' id='word_1_548' title='bbox 937 4344 1113 4398; x_wconf 83' lang='grc' dir='ltr'>εἰκόσι</span> <span class='ocrx_word' id='word_1_549' title='bbox 1145 4343 1484 4416; x_wconf 79' lang='grc' dir='ltr'>κεχρήμεθα.</span> <span class='ocrx_word' id='word_1_550' title='bbox 1518 4345 1630 4398; x_wconf 73' lang='grc' dir='ltr'>Καὶ</span> <span class='ocrx_word' id='word_1_551' title='bbox 1656 4342 1781 4397; x_wconf 77' lang='grc' dir='ltr'>οὔτε</span> <span class='ocrx_word' id='word_1_552' title='bbox 1806 4344 1869 4397; x_wconf 91' lang='grc' dir='ltr'><strong>τὸ</strong></span> 
     </span>
    </p>
   </div>
   <div class='ocr_carea' id='block_1_73' title="bbox 284 4435 1870 4511">
    <p class='ocr_par' dir='ltr' id='par_1_73' title="bbox 284 4435 1870 4511">
     <span class='ocr_line' id='line_1_73' title="bbox 284 4435 1870 4511; baseline -0.004 -17"><span class='ocrx_word' id='word_1_553' title='bbox 284 4442 461 4511; x_wconf 71' lang='grc' dir='ltr'>ὁρατὸν</span> <span class='ocrx_word' id='word_1_554' title='bbox 495 4442 597 4494; x_wconf 83' lang='grc' dir='ltr'><strong>καί</strong></span> <span class='ocrx_word' id='word_1_555' title='bbox 629 4437 1020 4507; x_wconf 83' lang='grc' dir='ltr'>περίγραπτον</span> <span class='ocrx_word' id='word_1_556' title='bbox 1040 4438 1153 4494; x_wconf 84' lang='grc' dir='ltr'>τοῖς</span> <span class='ocrx_word' id='word_1_557' title='bbox 1176 4436 1276 4505; x_wconf 83' lang='grc' dir='ltr'>τῆς</span> <span class='ocrx_word' id='word_1_558' title='bbox 1310 4435 1577 4506; x_wconf 79' lang='grc' dir='ltr'>ἁορασίας</span> <span class='ocrx_word' id='word_1_559' title='bbox 1607 4435 1700 4488; x_wconf 77' lang='grc' dir='ltr'>καὶ</span> <span class='ocrx_word' id='word_1_560' title='bbox 1735 4437 1870 4489; x_wconf 81' lang='grc' dir='ltr'>ἀπε-</span> 
     </span>
    </p>
   </div>
   <div class='ocr_carea' id='block_1_74' title="bbox 1972 3239 3555 3299">
    <p class='ocr_par' dir='ltr' id='par_1_74' title="bbox 1972 3239 3555 3299">
     <span class='ocr_line' id='line_1_74' title="bbox 1972 3239 3555 3299; baseline 0.003 -5"><span class='ocrx_word' id='word_1_561' title='bbox 1972 3250 2221 3294; x_wconf 79' lang='lat' dir='ltr'><strong>naturam</strong></span> <span class='ocrx_word' id='word_1_562' title='bbox 2275 3241 2583 3296; x_wconf 77' lang='lat' dir='ltr'><strong>convertit?</strong></span> <span class='ocrx_word' id='word_1_563' title='bbox 2634 3240 2869 3296; x_wconf 81' lang='lat' dir='ltr'><strong>IMPER.</strong></span> <span class='ocrx_word' id='word_1_564' title='bbox 2896 3239 3091 3297; x_wconf 76' lang='lat' dir='ltr'><strong>Plane.</strong></span> <span class='ocrx_word' id='word_1_565' title='bbox 3119 3240 3323 3297; x_wconf 78' lang='lat' dir='ltr'><strong>PATR.</strong></span> <span class='ocrx_word' id='word_1_566' title='bbox 3360 3240 3555 3299; x_wconf 83' lang='lat' dir='ltr'><strong>Nonne</strong></span> 
     </span>
    </p>
   </div>
   <div class='ocr_carea' id='block_1_75' title="bbox 1971 3329 3554 3405">
    <p class='ocr_par' dir='ltr' id='par_1_75' title="bbox 1971 3329 3554 3405">
     <span class='ocr_line' id='line_1_75' title="bbox 1971 3329 3554 3405; baseline 0.004 -23"><span class='ocrx_word' id='word_1_567' title='bbox 1971 3329 2180 3399; x_wconf 90' lang='lat' dir='ltr'><strong>pariter</strong></span> <span class='ocrx_word' id='word_1_568' title='bbox 2226 3331 2507 3386; x_wconf 90' lang='lat' dir='ltr'><strong>conﬁteris</strong></span> <span class='ocrx_word' id='word_1_569' title='bbox 2539 3332 2727 3402; x_wconf 84' lang='lat' dir='ltr'><strong>aisque</strong></span> <span class='ocrx_word' id='word_1_570' title='bbox 2754 3348 3034 3403; x_wconf 82' lang='lat' dir='ltr'><strong>nunquam</strong></span> <span class='ocrx_word' id='word_1_571' title='bbox 3071 3347 3170 3388; x_wconf 85' lang='lat' dir='ltr'><strong>nos</strong></span> <span class='ocrx_word' id='word_1_572' title='bbox 3198 3333 3364 3389; x_wconf 79' lang='lat' dir='ltr'><strong>alium</strong></span> <span class='ocrx_word' id='word_1_573' title='bbox 3386 3344 3554 3405; x_wconf 84' lang='lat' dir='ltr'><strong>atque</strong></span> 
     </span>
    </p>
   </div>
   <div class='ocr_carea' id='block_1_76' title="bbox 1970 3422 3554 3496">
    <p class='ocr_par' dir='ltr' id='par_1_76' title="bbox 1970 3422 3554 3496">
     <span class='ocr_line' id='line_1_76' title="bbox 1970 3422 3554 3496; baseline 0.004 -21"><span class='ocrx_word' id='word_1_574' title='bbox 1970 3422 2137 3476; x_wconf 87' lang='lat' dir='ltr'><strong>alium</strong></span> <span class='ocrx_word' id='word_1_575' title='bbox 2173 3422 2452 3478; x_wconf 83' lang='lat' dir='ltr'><strong>Christum</strong></span> <span class='ocrx_word' id='word_1_576' title='bbox 2477 3423 2718 3493; x_wconf 77' lang='lat' dir='ltr'><strong>dixisse;</strong></span> <span class='ocrx_word' id='word_1_577' title='bbox 2754 3426 2851 3480; x_wconf 90' lang='lat' dir='ltr'><strong>sed</strong></span> <span class='ocrx_word' id='word_1_578' title='bbox 2892 3441 3057 3480; x_wconf 91' lang='lat' dir='ltr'><strong>unum</strong></span> <span class='ocrx_word' id='word_1_579' title='bbox 3080 3428 3438 3496; x_wconf 88' lang='lat' dir='ltr'><strong>eumdemque</strong></span> <span class='ocrx_word' id='word_1_580' title='bbox 3462 3440 3554 3481; x_wconf 87' lang='lat' dir='ltr'><strong>se-</strong></span> 
     </span>
    </p>
   </div>
   <div class='ocr_carea' id='block_1_77' title="bbox 1969 3515 3552 3586">
    <p class='ocr_par' dir='ltr' id='par_1_77' title="bbox 1969 3515 3552 3586">
     <span class='ocr_line' id='line_1_77' title="bbox 1969 3515 3552 3586; baseline 0.001 -17"><span class='ocrx_word' id='word_1_581' title='bbox 1969 3516 2206 3569; x_wconf 90' lang='lat' dir='ltr'><strong>cundum</strong></span> <span class='ocrx_word' id='word_1_582' title='bbox 2236 3515 2381 3570; x_wconf 86' lang='lat' dir='ltr'><strong>aliud</strong></span> <span class='ocrx_word' id='word_1_583' title='bbox 2408 3526 2572 3585; x_wconf 89' lang='lat' dir='ltr'><strong>atque</strong></span> <span class='ocrx_word' id='word_1_584' title='bbox 2613 3516 2760 3572; x_wconf 85' lang='lat' dir='ltr'><strong>aliud</strong></span> <span class='ocrx_word' id='word_1_585' title='bbox 2789 3525 2903 3571; x_wconf 91' lang='lat' dir='ltr'><strong>tum</strong></span> <span class='ocrx_word' id='word_1_586' title='bbox 2931 3517 3250 3586; x_wconf 88' lang='lat' dir='ltr'><strong>passibilem</strong></span> <span class='ocrx_word' id='word_1_587' title='bbox 3278 3525 3389 3572; x_wconf 90' lang='lat' dir='ltr'><strong>tum</strong></span> <span class='ocrx_word' id='word_1_588' title='bbox 3415 3516 3552 3571; x_wconf 77' lang='lat' dir='ltr'><strong>nulli</strong></span> 
     </span>
    </p>
   </div>
   <div class='ocr_carea' id='block_1_78' title="bbox 1968 3606 3548 3678">
    <p class='ocr_par' dir='ltr' id='par_1_78' title="bbox 1968 3606 3548 3678">
     <span class='ocr_line' id='line_1_78' title="bbox 1968 3606 3548 3678; baseline 0.001 -18"><span class='ocrx_word' id='word_1_589' title='bbox 1968 3606 2263 3661; x_wconf 83' lang='lat' dir='ltr'><strong>obnoxium</strong></span> <span class='ocrx_word' id='word_1_590' title='bbox 2292 3608 2529 3676; x_wconf 88' lang='lat' dir='ltr'><strong>passioni</strong></span> <span class='ocrx_word' id='word_1_591' title='bbox 2558 3609 2773 3675; x_wconf 89' lang='lat' dir='ltr'><strong>dicere;</strong></span> <span class='ocrx_word' id='word_1_592' title='bbox 2806 3607 3038 3663; x_wconf 89' lang='lat' dir='ltr'><strong>alterum</strong></span> <span class='ocrx_word' id='word_1_593' title='bbox 3064 3608 3279 3664; x_wconf 84' lang='lat' dir='ltr'><strong>scilicet</strong></span> <span class='ocrx_word' id='word_1_594' title='bbox 3301 3623 3408 3678; x_wconf 89' lang='lat' dir='ltr'><strong>qua</strong></span> <span class='ocrx_word' id='word_1_595' title='bbox 3457 3622 3548 3662; x_wconf 88' lang='lat' dir='ltr'><strong>ra-</strong></span> 
     </span>
    </p>
   </div>
   <div class='ocr_carea' id='block_1_79' title="bbox 1974 3695 3651 3772">
    <p class='ocr_par' dir='ltr' id='par_1_79' title="bbox 1974 3695 3651 3772">
     <span class='ocr_line' id='line_1_79' title="bbox 1974 3695 3651 3772; baseline 0.002 -20"><span class='ocrx_word' id='word_1_596' title='bbox 1974 3698 2122 3756; x_wconf 90' lang='lat' dir='ltr'><strong>tione</strong></span> <span class='ocrx_word' id='word_1_597' title='bbox 2151 3710 2234 3755; x_wconf 89' lang='lat' dir='ltr'><strong>cst</strong></span> <span class='ocrx_word' id='word_1_598' title='bbox 2259 3700 2424 3765; x_wconf 86' lang='lat' dir='ltr'><strong>Deus,</strong></span> <span class='ocrx_word' id='word_1_599' title='bbox 2444 3700 2675 3755; x_wconf 90' lang='lat' dir='ltr'><strong>alterum</strong></span> <span class='ocrx_word' id='word_1_600' title='bbox 2710 3715 2817 3771; x_wconf 88' lang='lat' dir='ltr'><strong>qua</strong></span> <span class='ocrx_word' id='word_1_601' title='bbox 2842 3700 3006 3756; x_wconf 91' lang='lat' dir='ltr'><strong>homo</strong></span> <span class='ocrx_word' id='word_1_602' title='bbox 3032 3700 3153 3756; x_wconf 79' lang='lat' dir='ltr'><strong>est?</strong></span> <span class='ocrx_word' id='word_1_603' title='bbox 3177 3699 3317 3767; x_wconf 85' lang='lat' dir='ltr'><strong>Quid</strong></span> <span class='ocrx_word' id='word_1_604' title='bbox 3349 3702 3554 3772; x_wconf 70' lang='lat' dir='ltr'><strong>igitur?</strong></span> <span class='ocrx_word' id='word_1_605' title='bbox 3642 3695 3651 3701; x_wconf 85' lang='grc'><em>’</em></span> 
     </span>
    </p>
   </div>
   <div class='ocr_carea' id='block_1_80' title="bbox 1969 3792 3554 3861">
    <p class='ocr_par' dir='ltr' id='par_1_80' title="bbox 1969 3792 3554 3861">
     <span class='ocr_line' id='line_1_80' title="bbox 1969 3792 3554 3861; baseline 0.004 -19"><span class='ocrx_word' id='word_1_606' title='bbox 1969 3807 2077 3861; x_wconf 89' lang='lat' dir='ltr'><strong>qua</strong></span> <span class='ocrx_word' id='word_1_607' title='bbox 2103 3792 2315 3846; x_wconf 86' lang='lat' dir='ltr'><strong>ratione</strong></span> <span class='ocrx_word' id='word_1_608' title='bbox 2352 3793 2492 3847; x_wconf 89' lang='lat' dir='ltr'><strong>Deus</strong></span> <span class='ocrx_word' id='word_1_609' title='bbox 2523 3800 2630 3857; x_wconf 89' lang='lat' dir='ltr'><strong>est,</strong></span> <span class='ocrx_word' id='word_1_610' title='bbox 2663 3806 2843 3847; x_wconf 89' lang='lat' dir='ltr'><strong>nonne</strong></span> <span class='ocrx_word' id='word_1_611' title='bbox 2874 3792 3308 3861; x_wconf 89' lang='lat' dir='ltr'><strong>inaspectabilis,</strong></span> <span class='ocrx_word' id='word_1_612' title='bbox 3346 3793 3554 3848; x_wconf 74' lang='lat' dir='ltr'><strong>intrac~</strong></span> 
     </span>
    </p>
   </div>
   <div class='ocr_carea' id='block_1_81' title="bbox 1973 3874 3549 3952">
    <p class='ocr_par' dir='ltr' id='par_1_81' title="bbox 1973 3874 3549 3952">
     <span class='ocr_line' id='line_1_81' title="bbox 1973 3874 3549 3952; baseline 0.001 -18"><span class='ocrx_word' id='word_1_613' title='bbox 1973 3880 2173 3945; x_wconf 89' lang='lat' dir='ltr'><strong>tabilis,</strong></span> <span class='ocrx_word' id='word_1_614' title='bbox 2205 3879 2428 3950; x_wconf 87' lang='lat' dir='ltr'><strong>solaque</strong></span> <span class='ocrx_word' id='word_1_615' title='bbox 2460 3891 2643 3935; x_wconf 90' lang='lat' dir='ltr'><strong>mente</strong></span> <span class='ocrx_word' id='word_1_616' title='bbox 2668 3874 3027 3950; x_wconf 86' lang='lat' dir='ltr'><strong>intelligibilis</strong></span> <span class='ocrx_word' id='word_1_617' title='bbox 3058 3881 3180 3936; x_wconf 71' lang='lat' dir='ltr'><strong>est?</strong></span> <span class='ocrx_word' id='word_1_618' title='bbox 3224 3895 3330 3952; x_wconf 87' lang='lat' dir='ltr'><strong>qua</strong></span> <span class='ocrx_word' id='word_1_619' title='bbox 3362 3891 3549 3937; x_wconf 88' lang='lat' dir='ltr'><strong>autem</strong></span> 
     </span>
    </p>
   </div>
   <div class='ocr_carea' id='block_1_82' title="bbox 1973 3970 3554 4042">
    <p class='ocr_par' dir='ltr' id='par_1_82' title="bbox 1973 3970 3554 4042">
     <span class='ocr_line' id='line_1_82' title="bbox 1973 3970 3554 4042; baseline 0.001 -16"><span class='ocrx_word' id='word_1_620' title='bbox 1973 3972 2160 4037; x_wconf 91' lang='lat' dir='ltr'><strong>homo,</strong></span> <span class='ocrx_word' id='word_1_621' title='bbox 2195 3986 2380 4026; x_wconf 88' lang='lat' dir='ltr'><strong>nonne</strong></span> <span class='ocrx_word' id='word_1_622' title='bbox 2414 3971 2708 4041; x_wconf 85' lang='lat' dir='ltr'><strong>ejusmodi,</strong></span> <span class='ocrx_word' id='word_1_623' title='bbox 2747 3970 3040 4040; x_wconf 87' lang='lat' dir='ltr'><strong>quioculis</strong></span> <span class='ocrx_word' id='word_1_624' title='bbox 3071 3970 3266 4037; x_wconf 76' lang='lat' dir='ltr'><strong>videri,</strong></span> <span class='ocrx_word' id='word_1_625' title='bbox 3295 3971 3554 4042; x_wconf 86' lang='lat' dir='ltr'><strong>tangique</strong></span> 
     </span>
    </p>
   </div>
   <div class='ocr_carea' id='block_1_83' title="bbox 1974 4060 3553 4132">
    <p class='ocr_par' dir='ltr' id='par_1_83' title="bbox 1974 4060 3553 4132">
     <span class='ocr_line' id='line_1_83' title="bbox 1974 4060 3553 4132; baseline 0.002 -17"><span class='ocrx_word' id='word_1_626' title='bbox 1974 4062 2223 4117; x_wconf 89' lang='lat' dir='ltr'><strong>manibus</strong></span> <span class='ocrx_word' id='word_1_627' title='bbox 2246 4063 2435 4132; x_wconf 86' lang='lat' dir='ltr'><strong>possit,</strong></span> <span class='ocrx_word' id='word_1_628' title='bbox 2464 4078 2526 4117; x_wconf 88' lang='lat' dir='ltr'><strong>ac</strong></span> <span class='ocrx_word' id='word_1_629' title='bbox 2544 4076 2707 4117; x_wconf 75' lang='grc' dir='ltr'>εειιευ</span> <span class='ocrx_word' id='word_1_630' title='bbox 2733 4062 3060 4131; x_wconf 85' lang='lat' dir='ltr'><strong>conspicuus</strong></span> <span class='ocrx_word' id='word_1_631' title='bbox 3079 4061 3342 4118; x_wconf 79' lang='lat' dir='ltr'><strong>exsistat?</strong></span> <span class='ocrx_word' id='word_1_632' title='bbox 3357 4060 3553 4118; x_wconf 86' lang='lat' dir='ltr'><strong>Nonne</strong></span> 
     </span>
    </p>
   </div>
   <div class='ocr_carea' id='block_1_84' title="bbox 1972 4152 3553 4223">
    <p class='ocr_par' dir='ltr' id='par_1_84' title="bbox 1972 4152 3553 4223">
     <span class='ocr_line' id='line_1_84' title="bbox 1972 4152 3553 4223; baseline 0.001 -16"><span class='ocrx_word' id='word_1_633' title='bbox 1972 4152 2140 4222; x_wconf 91' lang='lat' dir='ltr'><strong>igitur</strong></span> <span class='ocrx_word' id='word_1_634' title='bbox 2165 4153 2329 4207; x_wconf 84' lang='lat' dir='ltr'><strong>etiam</strong></span> <span class='ocrx_word' id='word_1_635' title='bbox 2361 4168 2482 4209; x_wconf 90' lang='lat' dir='ltr'><strong>eum</strong></span> <span class='ocrx_word' id='word_1_636' title='bbox 2553 4154 2643 4223; x_wconf 90' lang='lat' dir='ltr'><strong>qui</strong></span> <span class='ocrx_word' id='word_1_637' title='bbox 2700 4155 2959 4223; x_wconf 86' lang='lat' dir='ltr'><strong>pingitur,</strong></span> <span class='ocrx_word' id='word_1_638' title='bbox 2992 4169 3179 4207; x_wconf 74' lang='lat' dir='ltr'><strong>rerum</strong></span> <span class='ocrx_word' id='word_1_639' title='bbox 3226 4154 3391 4210; x_wconf 81' lang='lat' dir='ltr'><strong>Deum</strong></span> <span class='ocrx_word' id='word_1_640' title='bbox 3422 4170 3553 4209; x_wconf 84' lang='lat' dir='ltr'><strong>nos-</strong></span> 
     </span>
    </p>
   </div>
   <div class='ocr_carea' id='block_1_85' title="bbox 1972 4244 3555 4313">
    <p class='ocr_par' dir='ltr' id='par_1_85' title="bbox 1972 4244 3555 4313">
     <span class='ocr_line' id='line_1_85' title="bbox 1972 4244 3555 4313; baseline 0 -14"><span class='ocrx_word' id='word_1_641' title='bbox 1972 4244 2190 4299; x_wconf 89' lang='lat' dir='ltr'><strong>cimus?</strong></span> <span class='ocrx_word' id='word_1_642' title='bbox 2227 4245 2368 4299; x_wconf 75' lang='lat' dir='ltr'><strong>Vere</strong></span> <span class='ocrx_word' id='word_1_643' title='bbox 2420 4245 2565 4299; x_wconf 86' lang='lat' dir='ltr'><strong>enim</strong></span> <span class='ocrx_word' id='word_1_644' title='bbox 2600 4245 2851 4300; x_wconf 88' lang='lat' dir='ltr'><strong>Christus</strong></span> <span class='ocrx_word' id='word_1_645' title='bbox 2898 4244 3047 4300; x_wconf 88' lang='lat' dir='ltr'><strong>Deus</strong></span> <span class='ocrx_word' id='word_1_646' title='bbox 3076 4254 3185 4311; x_wconf 89' lang='lat' dir='ltr'><strong>est,</strong></span> <span class='ocrx_word' id='word_1_647' title='bbox 3222 4245 3472 4313; x_wconf 73' lang='lat' dir='ltr'><strong>quamvis</strong></span> <span class='ocrx_word' id='word_1_648' title='bbox 3498 4258 3555 4300; x_wconf 91' lang='lat' dir='ltr'><strong>et</strong></span> 
     </span>
    </p>
   </div>
   <div class='ocr_carea' id='block_1_86' title="bbox 1972 4336 3552 4407">
    <p class='ocr_par' dir='ltr' id='par_1_86' title="bbox 1972 4336 3552 4407">
     <span class='ocr_line' id='line_1_86' title="bbox 1972 4336 3552 4407; baseline -0.001 -16"><span class='ocrx_word' id='word_1_649' title='bbox 1972 4351 2136 4392; x_wconf 84' lang='lat' dir='ltr'><strong>carne</strong></span> <span class='ocrx_word' id='word_1_650' title='bbox 2160 4338 2418 4407; x_wconf 70' lang='lat' dir='ltr'><strong>prazditus</strong></span> <span class='ocrx_word' id='word_1_651' title='bbox 2440 4338 2530 4391; x_wconf 90' lang='lat' dir='ltr'><strong>sit.</strong></span> <span class='ocrx_word' id='word_1_652' title='bbox 2558 4336 2710 4391; x_wconf 88' lang='lat' dir='ltr'><strong>Haud</strong></span> <span class='ocrx_word' id='word_1_653' title='bbox 2737 4347 2914 4390; x_wconf 83' lang='lat' dir='ltr'><strong>tamen</strong></span> <span class='ocrx_word' id='word_1_654' title='bbox 2939 4336 3217 4392; x_wconf 89' lang='lat' dir='ltr'><strong>Christum</strong></span> <span class='ocrx_word' id='word_1_655' title='bbox 3243 4350 3306 4389; x_wconf 83' lang='lat' dir='ltr'><strong>ea</strong></span> <span class='ocrx_word' id='word_1_656' title='bbox 3340 4336 3552 4391; x_wconf 81' lang='lat' dir='ltr'><strong>ratione</strong></span> 
     </span>
    </p>
   </div>
   <div class='ocr_carea' id='block_1_87' title="bbox 1974 4426 3554 4499">
    <p class='ocr_par' dir='ltr' id='par_1_87' title="bbox 1974 4426 3554 4499">
     <span class='ocr_line' id='line_1_87' title="bbox 1974 4426 3554 4499; baseline -0.001 -16"><span class='ocrx_word' id='word_1_657' title='bbox 1974 4430 2274 4499; x_wconf 88' lang='lat' dir='ltr'><strong>pingimus,</strong></span> <span class='ocrx_word' id='word_1_658' title='bbox 2306 4444 2411 4498; x_wconf 88' lang='lat' dir='ltr'><strong>qua</strong></span> <span class='ocrx_word' id='word_1_659' title='bbox 2448 4428 2593 4483; x_wconf 90' lang='lat' dir='ltr'><strong>Deus</strong></span> <span class='ocrx_word' id='word_1_660' title='bbox 2626 4437 2730 4493; x_wconf 87' lang='lat' dir='ltr'><strong>est,</strong></span> <span class='ocrx_word' id='word_1_661' title='bbox 2777 4427 2859 4481; x_wconf 79' lang='lat' dir='ltr'><strong>vel</strong></span> <span class='ocrx_word' id='word_1_662' title='bbox 2906 4427 2956 4481; x_wconf 90' lang='lat' dir='ltr'><strong>ei</strong></span> <span class='ocrx_word' id='word_1_663' title='bbox 2993 4426 3258 4494; x_wconf 89' lang='lat' dir='ltr'><strong>imagines</strong></span> <span class='ocrx_word' id='word_1_664' title='bbox 3288 4436 3342 4481; x_wconf 91' lang='lat' dir='ltr'><strong>et</strong></span> <span class='ocrx_word' id='word_1_665' title='bbox 3376 4426 3554 4481; x_wconf 86' lang='lat' dir='ltr'><strong>simu-</strong></span> 
     </span>
    </p>
   </div>
   <div class='ocr_carea' id='block_1_88' title="bbox 290 4518 1864 4602">
    <p class='ocr_par' dir='ltr' id='par_1_88' title="bbox 290 4523 1864 4602">
     <span class='ocr_line' id='line_1_88' title="bbox 290 4523 1864 4602; baseline -0.004 -19"><span class='ocrx_word' id='word_1_666' title='bbox 290 4530 570 4602; x_wconf 66' lang='grc' dir='ltr'>ριγραψίις</span> <span class='ocrx_word' id='word_1_667' title='bbox 624 4526 1048 4596; x_wconf 78' lang='grc' dir='ltr'>ἀνακομίζομεν</span> <span class='ocrx_word' id='word_1_668' title='bbox 1080 4524 1366 4594; x_wconf 70' lang='grc' dir='ltr'>’μετ-ροις,</span> <span class='ocrx_word' id='word_1_669' title='bbox 1412 4523 1487 4587; x_wconf 85' lang='grc' dir='ltr'>ὡς</span> <span class='ocrx_word' id='word_1_670' title='bbox 1541 4525 1607 4577; x_wconf 85' lang='grc' dir='ltr'><strong>ἂν</strong></span> <span class='ocrx_word' id='word_1_671' title='bbox 1650 4524 1725 4595; x_wconf 82' lang='grc' dir='ltr'>μὴ</span> <span class='ocrx_word' id='word_1_672' title='bbox 1770 4524 1864 4595; x_wconf 81' lang='grc' dir='ltr'>τὴν</span> 
     </span>
    </p>
   </div>
   <div class='ocr_carea' id='block_1_89' title="bbox 1969 4518 3548 4602">
    <p class='ocr_par' dir='ltr' id='par_1_89' title="bbox 1974 4518 3548 4591">
     <span class='ocr_line' id='line_1_89' title="bbox 1974 4518 3548 4591; baseline 0 -19"><span class='ocrx_word' id='word_1_673' title='bbox 1974 4521 2118 4576; x_wconf 89' lang='lat' dir='ltr'><strong>Iacra</strong></span> <span class='ocrx_word' id='word_1_674' title='bbox 2172 4520 2531 4591; x_wconf 88' lang='lat' dir='ltr'><strong>appendimus</strong></span> <span class='ocrx_word' id='word_1_675' title='bbox 2564 4537 2579 4572; x_wconf 88' lang='lat'><strong>:</strong></span> <span class='ocrx_word' id='word_1_676' title='bbox 2612 4518 2708 4573; x_wconf 77' lang='lat' dir='ltr'><strong>sed</strong></span> <span class='ocrx_word' id='word_1_677' title='bbox 2753 4519 3038 4579; x_wconf 80' lang='lat' dir='ltr'><strong>duntaxat,</strong></span> <span class='ocrx_word' id='word_1_678' title='bbox 3086 4529 3192 4587; x_wconf 85' lang='lat' dir='ltr'><strong>qua</strong></span> <span class='ocrx_word' id='word_1_679' title='bbox 3230 4524 3355 4571; x_wconf 82' lang='lat' dir='ltr'><strong>erat</strong></span> <span class='ocrx_word' id='word_1_680' title='bbox 3405 4518 3548 4572; x_wconf 88' lang='lat' dir='ltr'><strong>idem</strong></span> 
     </span>
    </p>
   </div>
   <div class='ocr_carea' id='block_1_90' title="bbox 287 4608 1864 4692">
    <p class='ocr_par' dir='ltr' id='par_1_90' title="bbox 287 4608 1864 4692">
     <span class='ocr_line' id='line_1_90' title="bbox 287 4608 1864 4692; baseline -0.005 -17"><span class='ocrx_word' id='word_1_681' title='bbox 287 4624 545 4692; x_wconf 80' lang='grc' dir='ltr'>σωτηρίαν</span> <span class='ocrx_word' id='word_1_682' title='bbox 570 4617 1069 4688; x_wconf 70' lang='grc' dir='ltr'>διαψευσθείημεν,</span> <span class='ocrx_word' id='word_1_683' title='bbox 1094 4612 1217 4668; x_wconf 76' lang='grc' dir='ltr'>οὔτε</span> <span class='ocrx_word' id='word_1_684' title='bbox 1239 4614 1283 4666; x_wconf 84' lang='grc' dir='ltr'><strong>δ’</strong></span> <span class='ocrx_word' id='word_1_685' title='bbox 1312 4608 1379 4668; x_wconf 80' lang='grc' dir='ltr'><strong>αὖ</strong></span> <span class='ocrx_word' id='word_1_686' title='bbox 1395 4615 1456 4667; x_wconf 87' lang='grc' dir='ltr'><strong>τὸ</strong></span> <span class='ocrx_word' id='word_1_687' title='bbox 1471 4616 1676 4685; x_wconf 79' lang='grc' dir='ltr'>ἀναφὲς</span> <span class='ocrx_word' id='word_1_688' title='bbox 1700 4614 1864 4669; x_wconf 81' lang='grc' dir='ltr'>αὐτοῦ</span> 
     </span>
    </p>
   </div>
   <div class='ocr_carea' id='block_1_91' title="bbox 286 4706 1868 4784">
    <p class='ocr_par' dir='ltr' id='par_1_91' title="bbox 286 4706 1868 4784">
     <span class='ocr_line' id='line_1_91' title="bbox 286 4706 1868 4784; baseline -0.004 -17"><span class='ocrx_word' id='word_1_689' title='bbox 286 4716 371 4767; x_wconf 71' lang='grc' dir='ltr'>καὶ</span> <span class='ocrx_word' id='word_1_690' title='bbox 397 4715 637 4784; x_wconf 80' lang='grc' dir='ltr'>ἀόρατον</span> <span class='ocrx_word' id='word_1_691' title='bbox 670 4710 772 4765; x_wconf 77' lang='grc' dir='ltr'>καὶ</span> <span class='ocrx_word' id='word_1_692' title='bbox 794 4707 1237 4779; x_wconf 78' lang='grc' dir='ltr'>ἀπερίγραπτον,</span> <span class='ocrx_word' id='word_1_693' title='bbox 1263 4709 1376 4769; x_wconf 84' lang='grc' dir='ltr'>τοῖς</span> <span class='ocrx_word' id='word_1_694' title='bbox 1402 4706 1503 4776; x_wconf 75' lang='grc' dir='ltr'>τῆς</span> <span class='ocrx_word' id='word_1_695' title='bbox 1532 4708 1748 4777; x_wconf 77' lang='grc' dir='ltr'>ἐπαφῆς</span> <span class='ocrx_word' id='word_1_696' title='bbox 1774 4706 1868 4761; x_wconf 78' lang='grc' dir='ltr'>καὶ</span> 
     </span>
    </p>
   </div>
   <div class='ocr_carea' id='block_1_92' title="bbox 285 4796 1868 4876">
    <p class='ocr_par' dir='ltr' id='par_1_92' title="bbox 285 4796 1868 4876">
     <span class='ocr_line' id='line_1_92' title="bbox 285 4796 1868 4876; baseline -0.006 -17"><span class='ocrx_word' id='word_1_697' title='bbox 285 4806 630 4876; x_wconf 69' lang='grc' dir='ltr'>περιγραφῆς</span> <span class='ocrx_word' id='word_1_698' title='bbox 701 4801 798 4855; x_wconf 71' lang='grc' dir='ltr'><strong>καὶ</strong></span> <span class='ocrx_word' id='word_1_699' title='bbox 850 4800 1096 4870; x_wconf 75' lang='grc' dir='ltr'>ὁράσεως</span> <span class='ocrx_word' id='word_1_700' title='bbox 1156 4797 1627 4867; x_wconf 78' lang='grc' dir='ltr'>κατακομίζοντες</span> <span class='ocrx_word' id='word_1_701' title='bbox 1688 4796 1868 4867; x_wconf 91' lang='grc' dir='ltr'>λόγοις</span> 
     </span>
    </p>
   </div>
   <div class='ocr_carea' id='block_1_93' title="bbox 289 4889 1866 4965">
    <p class='ocr_par' dir='ltr' id='par_1_93' title="bbox 289 4889 1866 4965">
     <span class='ocr_line' id='line_1_93' title="bbox 289 4889 1866 4965; baseline -0.004 -16"><span class='ocrx_word' id='word_1_702' title='bbox 289 4892 562 4965; x_wconf 73' lang='grc' dir='ltr'>μανιωδῶς</span> <span class='ocrx_word' id='word_1_703' title='bbox 590 4891 939 4962; x_wconf 77' lang='grc' dir='ltr'>διαμορφοῦν</span> <span class='ocrx_word' id='word_1_704' title='bbox 967 4889 1377 4960; x_wconf 78' lang='grc' dir='ltr'>ἐπιχειροῦμεν·</span> <span class='ocrx_word' id='word_1_705' title='bbox 1409 4891 1609 4959; x_wconf 82' lang='grc' dir='ltr'>μᾶλλον</span> <span class='ocrx_word' id='word_1_706' title='bbox 1630 4890 1688 4943; x_wconf 87' lang='grc' dir='ltr'><strong>δὲ</strong></span> <span class='ocrx_word' id='word_1_707' title='bbox 1722 4889 1866 4943; x_wconf 81' lang='grc' dir='ltr'>εἰδό-</span> 
     </span>
    </p>
   </div>
   <div class='ocr_carea' id='block_1_94' title="bbox 285 4977 1866 5052">
    <p class='ocr_par' dir='ltr' id='par_1_94' title="bbox 285 4977 1866 5052">
     <span class='ocr_line' id='line_1_94' title="bbox 285 4977 1866 5052; baseline -0.005 -12"><span class='ocrx_word' id='word_1_708' title='bbox 285 5001 394 5050; x_wconf 78' lang='grc' dir='ltr'>τες,</span> <span class='ocrx_word' id='word_1_709' title='bbox 423 4988 510 5040; x_wconf 70' lang='grc' dir='ltr'>ὅτι</span> <span class='ocrx_word' id='word_1_710' title='bbox 551 4982 659 5037; x_wconf 82' lang='grc' dir='ltr'><strong>τοῦ</strong></span> <span class='ocrx_word' id='word_1_711' title='bbox 692 4982 817 5043; x_wconf 89' lang='grc' dir='ltr'>ἐνὸς</span> <span class='ocrx_word' id='word_1_712' title='bbox 866 4979 1110 5052; x_wconf 80' lang='grc' dir='ltr'>Χριστοῦ</span> <span class='ocrx_word' id='word_1_713' title='bbox 1156 4978 1422 5049; x_wconf 87' lang='grc' dir='ltr'>πρόσεστι</span> <span class='ocrx_word' id='word_1_714' title='bbox 1473 4979 1535 5032; x_wconf 92' lang='grc' dir='ltr'><strong>τό</strong></span> <span class='ocrx_word' id='word_1_715' title='bbox 1566 4996 1626 5032; x_wconf 90' lang='grc' dir='ltr'><strong>τε</strong></span> <span class='ocrx_word' id='word_1_716' title='bbox 1668 4977 1866 5051; x_wconf 80' lang='grc' dir='ltr'>ὁρατὸν</span> 
     </span>
    </p>
   </div>
   <div class='ocr_carea' id='block_1_95' title="bbox 287 5070 1866 5147">
    <p class='ocr_par' dir='ltr' id='par_1_95' title="bbox 287 5070 1866 5147">
     <span class='ocr_line' id='line_1_95' title="bbox 287 5070 1866 5147; baseline -0.002 -19"><span class='ocrx_word' id='word_1_717' title='bbox 287 5078 368 5128; x_wconf 81' lang='grc' dir='ltr'><strong>καί</strong></span> <span class='ocrx_word' id='word_1_718' title='bbox 390 5079 651 5147; x_wconf 73' lang='grc' dir='ltr'>ἀόρατον,</span> <span class='ocrx_word' id='word_1_719' title='bbox 700 5072 1079 5145; x_wconf 82' lang='grc' dir='ltr'>περίγραπτον</span> <span class='ocrx_word' id='word_1_720' title='bbox 1107 5070 1205 5124; x_wconf 83' lang='grc' dir='ltr'>καὶ</span> <span class='ocrx_word' id='word_1_721' title='bbox 1234 5071 1653 5143; x_wconf 79' lang='grc' dir='ltr'>ἁπερίγραπτον</span> <span class='ocrx_word' id='word_1_722' title='bbox 1688 5071 1866 5125; x_wconf 84' lang='grc' dir='ltr'>ἀδιαι-</span> 
     </span>
    </p>
   </div>
   <div class='ocr_carea' id='block_1_96' title="bbox 291 5156 1863 5237">
    <p class='ocr_par' dir='ltr' id='par_1_96' title="bbox 291 5156 1863 5237">
     <span class='ocr_line' id='line_1_96' title="bbox 291 5156 1863 5237; baseline -0.003 -16"><span class='ocrx_word' id='word_1_723' title='bbox 291 5168 440 5237; x_wconf 80' lang='grc' dir='ltr'>ρέτως</span> <span class='ocrx_word' id='word_1_724' title='bbox 465 5185 529 5221; x_wconf 86' lang='grc' dir='ltr'><strong>τε</strong></span> <span class='ocrx_word' id='word_1_725' title='bbox 559 5168 665 5222; x_wconf 73' lang='grc' dir='ltr'><strong>καὶ</strong></span> <span class='ocrx_word' id='word_1_726' title='bbox 691 5163 1015 5234; x_wconf 81' lang='grc' dir='ltr'>ἀσυγχύτως</span> <span class='ocrx_word' id='word_1_727' title='bbox 1037 5163 1181 5217; x_wconf 84' lang='grc' dir='ltr'>κατά</span> <span class='ocrx_word' id='word_1_728' title='bbox 1202 5180 1266 5231; x_wconf 91' lang='grc' dir='ltr'><strong>γε</strong></span> <span class='ocrx_word' id='word_1_729' title='bbox 1290 5164 1360 5217; x_wconf 84' lang='grc' dir='ltr'>τὰ</span> <span class='ocrx_word' id='word_1_730' title='bbox 1383 5163 1512 5228; x_wconf 80' lang='grc' dir='ltr'>τῶν,</span> <span class='ocrx_word' id='word_1_731' title='bbox 1538 5164 1597 5231; x_wconf 82' lang='grc' dir='ltr'><strong>ἐξ</strong></span> <span class='ocrx_word' id='word_1_732' title='bbox 1624 5156 1697 5217; x_wconf 83' lang='grc' dir='ltr'>ὧν</span> <span class='ocrx_word' id='word_1_733' title='bbox 1725 5164 1863 5231; x_wconf 89' lang='grc' dir='ltr'>ἐστι,</span> 
     </span>
    </p>
   </div>
   <div class='ocr_carea' id='block_1_97' title="bbox 289 5255 1866 5327">
    <p class='ocr_par' dir='ltr' id='par_1_97' title="bbox 289 5255 1866 5327">
     <span class='ocr_line' id='line_1_97' title="bbox 289 5255 1866 5327; baseline -0.001 -15"><span class='ocrx_word' id='word_1_734' title='bbox 289 5258 488 5327; x_wconf 77' lang='grc' dir='ltr'>φύσεων</span> <span class='ocrx_word' id='word_1_735' title='bbox 522 5259 643 5312; x_wconf 81' lang='grc' dir='ltr'>ῐδια</span> <span class='ocrx_word' id='word_1_736' title='bbox 665 5297 684 5323; x_wconf 91' lang='grc'><strong>,</strong></span> <span class='ocrx_word' id='word_1_737' title='bbox 733 5257 952 5327; x_wconf 86' lang='grc' dir='ltr'>ἐκάστῳ</span> <span class='ocrx_word' id='word_1_738' title='bbox 986 5256 1128 5309; x_wconf 81' lang='grc' dir='ltr'>κατὰ</span> <span class='ocrx_word' id='word_1_739' title='bbox 1176 5255 1247 5309; x_wconf 79' lang='grc' dir='ltr'>τὰ</span> <span class='ocrx_word' id='word_1_740' title='bbox 1277 5256 1759 5327; x_wconf 82' lang='grc' dir='ltr'>προαποδεδομένα</span> <span class='ocrx_word' id='word_1_741' title='bbox 1806 5257 1866 5310; x_wconf 78' lang='grc' dir='ltr'><strong>τὸ</strong></span> 
     </span>
    </p>
   </div>
   <div class='ocr_carea' id='block_1_98' title="bbox 289 5345 1868 5417">
    <p class='ocr_par' dir='ltr' id='par_1_98' title="bbox 289 5345 1868 5417">
     <span class='ocr_line' id='line_1_98' title="bbox 289 5345 1868 5417; baseline -0.001 -14"><span class='ocrx_word' id='word_1_742' title='bbox 289 5352 467 5403; x_wconf 76' lang='grc' dir='ltr'>οἰκεῖον</span> <span class='ocrx_word' id='word_1_743' title='bbox 516 5347 831 5417; x_wconf 71' lang='grc' dir='ltr'>ἀπονέμειν</span> <span class='ocrx_word' id='word_1_744' title='bbox 880 5345 1304 5417; x_wconf 83' lang='grc' dir='ltr'>μεμαθήκαμεν.</span> <span class='ocrx_word' id='word_1_745' title='bbox 1346 5345 1460 5399; x_wconf 75' lang='grc' dir='ltr'><strong>Καὶ</strong></span> <span class='ocrx_word' id='word_1_746' title='bbox 1496 5348 1654 5399; x_wconf 85' lang='grc' dir='ltr'>τοῦτο</span> <span class='ocrx_word' id='word_1_747' title='bbox 1703 5345 1868 5412; x_wconf 82' lang='grc' dir='ltr'>δείξει</span> 
     </span>
    </p>
   </div>
   <div class='ocr_carea' id='block_1_99' title="bbox 288 5435 1867 5511">
    <p class='ocr_par' dir='ltr' id='par_1_99' title="bbox 288 5435 1867 5511">
     <span class='ocr_line' id='line_1_99' title="bbox 288 5435 1867 5511; baseline -0.001 -19"><span class='ocrx_word' id='word_1_748' title='bbox 288 5440 381 5495; x_wconf 72' lang='grc' dir='ltr'><strong>τῶν</strong></span> <span class='ocrx_word' id='word_1_749' title='bbox 403 5438 783 5511; x_wconf 73' lang='grc' dir='ltr'>γραφομένων</span> <span class='ocrx_word' id='word_1_750' title='bbox 815 5438 1045 5491; x_wconf 77' lang='grc' dir='ltr'>εἰκόνων</span> <span class='ocrx_word' id='word_1_751' title='bbox 1073 5436 1101 5487; x_wconf 88' lang='lat'><strong>6</strong></span> <span class='ocrx_word' id='word_1_752' title='bbox 1135 5439 1357 5506; x_wconf 66' lang='grc' dir='ltr'>τρόποςτ</span> <span class='ocrx_word' id='word_1_753' title='bbox 1379 5435 1423 5507; x_wconf 58' lang='grc' dir='ltr'><strong>ἢ</strong></span> <span class='ocrx_word' id='word_1_754' title='bbox 1461 5435 1570 5508; x_wconf 85' lang='grc' dir='ltr'>γὰρ</span> <span class='ocrx_word' id='word_1_755' title='bbox 1599 5437 1666 5489; x_wconf 85' lang='grc' dir='ltr'><strong>ἐν’</strong></span> <span class='ocrx_word' id='word_1_756' title='bbox 1690 5437 1867 5511; x_wconf 77' lang='grc' dir='ltr'>φάτνῃ</span> 
     </span>
    </p>
   </div>
   <div class='ocr_carea' id='block_1_100' title="bbox 293 5527 1867 5604">
    <p class='ocr_par' dir='ltr' id='par_1_100' title="bbox 293 5527 1867 5604">
     <span class='ocr_line' id='line_1_100' title="bbox 293 5527 1867 5604; baseline -0.003 -17"><span class='ocrx_word' id='word_1_757' title='bbox 293 5534 526 5604; x_wconf 71' lang='grc' dir='ltr'>κτίμενον</span> <span class='ocrx_word' id='word_1_758' title='bbox 581 5530 917 5601; x_wconf 81' lang='grc' dir='ltr'>γράφουσιν,</span> <span class='ocrx_word' id='word_1_759' title='bbox 959 5529 992 5601; x_wconf 79' lang='grc' dir='ltr'><strong>ἢ</strong></span> <span class='ocrx_word' id='word_1_760' title='bbox 1043 5527 1150 5583; x_wconf 84' lang='grc' dir='ltr'><strong>ὑπὸ</strong></span> <span class='ocrx_word' id='word_1_761' title='bbox 1191 5527 1297 5599; x_wconf 81' lang='grc' dir='ltr'><strong>τῆς</strong></span> <span class='ocrx_word' id='word_1_762' title='bbox 1338 5528 1561 5599; x_wconf 83' lang='grc' dir='ltr'>Μητρὸς</span> <span class='ocrx_word' id='word_1_763' title='bbox 1600 5527 1867 5583; x_wconf 85' lang='grc' dir='ltr'>Θεοτόκου</span> 
     </span>
    </p>
   </div>
   <div class='ocr_carea' id='block_1_101' title="bbox 291 5619 1868 5693">
    <p class='ocr_par' dir='ltr' id='par_1_101' title="bbox 291 5619 1868 5693">
     <span class='ocr_line' id='line_1_101' title="bbox 291 5619 1868 5693; baseline -0.001 -17"><span class='ocrx_word' id='word_1_764' title='bbox 291 5625 639 5693; x_wconf 74' lang='grc' dir='ltr'>τρεφόμενον,</span> <span class='ocrx_word' id='word_1_765' title='bbox 674 5621 711 5691; x_wconf 78' lang='grc' dir='ltr'>ἢ</span> <span class='ocrx_word' id='word_1_766' title='bbox 758 5619 1057 5692; x_wconf 82' lang='grc' dir='ltr'>ὁμιλοῦντα</span> <span class='ocrx_word' id='word_1_767' title='bbox 1117 5622 1233 5685; x_wconf 82' lang='grc' dir='ltr'>τοῖς</span> <span class='ocrx_word' id='word_1_768' title='bbox 1284 5619 1555 5690; x_wconf 81' lang='grc' dir='ltr'>μαθηταῖς</span> <span class='ocrx_word' id='word_1_769' title='bbox 1579 5659 1595 5684; x_wconf 92' lang='grc'><strong>,</strong></span> <span class='ocrx_word' id='word_1_770' title='bbox 1648 5619 1682 5690; x_wconf 78' lang='grc' dir='ltr'><strong>ἢ</strong></span> <span class='ocrx_word' id='word_1_771' title='bbox 1726 5635 1868 5693; x_wconf 85' lang='grc' dir='ltr'>παρ-</span> 
     </span>
    </p>
   </div>
   <div class='ocr_carea' id='block_1_102' title="bbox 295 5709 1865 5783">
    <p class='ocr_par' dir='ltr' id='par_1_102' title="bbox 295 5709 1865 5783">
     <span class='ocr_line' id='line_1_102' title="bbox 295 5709 1865 5783; baseline -0.001 -16"><span class='ocrx_word' id='word_1_772' title='bbox 295 5716 487 5770; x_wconf 73' lang='grc' dir='ltr'>εστῶτα</span> <span class='ocrx_word' id='word_1_773' title='bbox 515 5712 762 5783; x_wconf 80' lang='grc' dir='ltr'>Πιλάτῳ,</span> <span class='ocrx_word' id='word_1_774' title='bbox 787 5714 818 5783; x_wconf 87' lang='grc' dir='ltr'><strong>ῆ</strong></span> <span class='ocrx_word' id='word_1_775' title='bbox 841 5712 936 5765; x_wconf 72' lang='grc' dir='ltr'>ἐπὶ</span> <span class='ocrx_word' id='word_1_776' title='bbox 965 5709 1125 5778; x_wconf 80' lang='grc' dir='ltr'>ξύλου</span> <span class='ocrx_word' id='word_1_777' title='bbox 1158 5711 1580 5783; x_wconf 80' lang='grc' dir='ltr'>κρεμάμενον,ῆ</span> <span class='ocrx_word' id='word_1_778' title='bbox 1599 5710 1699 5764; x_wconf 83' lang='grc' dir='ltr'><strong>ὅσα</strong></span> <span class='ocrx_word' id='word_1_779' title='bbox 1728 5709 1865 5765; x_wconf 81' lang='grc' dir='ltr'>ἄλλα</span> 
     </span>
    </p>
   </div>
   <div class='ocr_carea' id='block_1_103' title="bbox 296 5796 1863 5874">
    <p class='ocr_par' dir='ltr' id='par_1_103' title="bbox 296 5796 1863 5874">
     <span class='ocr_line' id='line_1_103' title="bbox 296 5796 1863 5874; baseline 0 -19"><span class='ocrx_word' id='word_1_780' title='bbox 296 5805 499 5859; x_wconf 72' lang='grc' dir='ltr'>τοιαῦτα</span> <span class='ocrx_word' id='word_1_781' title='bbox 532 5803 640 5874; x_wconf 79' lang='grc' dir='ltr'><strong>τὴν</strong></span> <span class='ocrx_word' id='word_1_782' title='bbox 686 5803 775 5855; x_wconf 75' lang='grc' dir='ltr'><strong>ἐπὶ</strong></span> <span class='ocrx_word' id='word_1_783' title='bbox 805 5802 909 5872; x_wconf 79' lang='grc' dir='ltr'>γῆς</span> <span class='ocrx_word' id='word_1_784' title='bbox 934 5799 1101 5856; x_wconf 81' lang='grc' dir='ltr'>αὑτοῦ</span> <span class='ocrx_word' id='word_1_785' title='bbox 1133 5801 1438 5869; x_wconf 82' lang='grc' dir='ltr'>παρουσίαν</span> <span class='ocrx_word' id='word_1_786' title='bbox 1468 5801 1757 5855; x_wconf 76' lang='grc' dir='ltr'>δείκνυσιν·</span> <span class='ocrx_word' id='word_1_787' title='bbox 1788 5796 1863 5857; x_wconf 84' lang='grc' dir='ltr'><strong>ὧν</strong></span> 
     </span>
    </p>
   </div>
   <div class='ocr_carea' id='block_1_104' title="bbox 604 5898 1152 5963">
    <p class='ocr_par' dir='ltr' id='par_1_104' title="bbox 604 5898 1152 5963">
     <span class='ocr_line' id='line_1_104' title="bbox 604 5898 1152 5963; baseline -0.004 0"><span class='ocrx_word' id='word_1_788' title='bbox 604 5901 874 5963; x_wconf 65' lang='lat' dir='ltr'><strong>Parnm.</strong></span> <span class='ocrx_word' id='word_1_789' title='bbox 915 5898 1034 5961; x_wconf 78' lang='lat' dir='ltr'><strong>Gn.</strong></span> <span class='ocrx_word' id='word_1_790' title='bbox 1086 5898 1152 5961; x_wconf 87' lang='lat' dir='ltr'><strong>C.</strong></span> 
     </span>
    </p>
   </div>
   <div class='ocr_carea' id='block_1_105' title="bbox 1973 4609 3549 4682">
    <p class='ocr_par' dir='ltr' id='par_1_105' title="bbox 1973 4609 3549 4682">
     <span class='ocr_line' id='line_1_105' title="bbox 1973 4609 3549 4682; baseline 0 -15"><span class='ocrx_word' id='word_1_791' title='bbox 1973 4615 2136 4668; x_wconf 89' lang='lat' dir='ltr'><strong>homo</strong></span> <span class='ocrx_word' id='word_1_792' title='bbox 2180 4614 2416 4682; x_wconf 88' lang='lat' dir='ltr'><strong>atquein</strong></span> <span class='ocrx_word' id='word_1_793' title='bbox 2466 4611 2641 4667; x_wconf 85' lang='lat' dir='ltr'><strong>terris‘</strong></span> <span class='ocrx_word' id='word_1_794' title='bbox 2663 4621 2747 4666; x_wconf 90' lang='lat' dir='ltr'><strong>est</strong></span> <span class='ocrx_word' id='word_1_795' title='bbox 2774 4611 2946 4676; x_wconf 71' lang='lat' dir='ltr'><strong>visus,</strong></span> <span class='ocrx_word' id='word_1_796' title='bbox 2976 4611 3187 4663; x_wconf 89' lang='lat' dir='ltr'><strong>utimur</strong></span> <span class='ocrx_word' id='word_1_797' title='bbox 3218 4609 3549 4682; x_wconf 73' lang='lat' dir='ltr'><strong>imaginibus</strong></span> 
     </span>
    </p>
   </div>
   <div class='ocr_carea' id='block_1_106' title="bbox 1970 4701 3547 4774">
    <p class='ocr_par' dir='ltr' id='par_1_106' title="bbox 1970 4701 3547 4774">
     <span class='ocr_line' id='line_1_106' title="bbox 1970 4701 3547 4774; baseline -0.001 -14"><span class='ocrx_word' id='word_1_798' title='bbox 1970 4705 2087 4774; x_wconf 85' lang='lat' dir='ltr'><strong>ejus</strong></span> <span class='ocrx_word' id='word_1_799' title='bbox 2127 4722 2140 4759; x_wconf 91' lang='lat'><strong>:</strong></span> <span class='ocrx_word' id='word_1_800' title='bbox 2173 4716 2228 4761; x_wconf 88' lang='lat' dir='ltr'><strong>et</strong></span> <span class='ocrx_word' id='word_1_801' title='bbox 2282 4719 2460 4771; x_wconf 74' lang='lat' dir='ltr'><strong>neque</strong></span> <span class='ocrx_word' id='word_1_802' title='bbox 2495 4704 2647 4774; x_wconf 79' lang='lat' dir='ltr'><strong>quod</strong></span> <span class='ocrx_word' id='word_1_803' title='bbox 2681 4702 3011 4772; x_wconf 83' lang='lat' dir='ltr'><strong>aspectabile</strong></span> <span class='ocrx_word' id='word_1_804' title='bbox 3047 4717 3111 4758; x_wconf 85' lang='lat' dir='ltr'><strong>ac</strong></span> <span class='ocrx_word' id='word_1_805' title='bbox 3131 4701 3412 4759; x_wconf 85' lang='lat' dir='ltr'><strong>deﬁnitum</strong></span> <span class='ocrx_word' id='word_1_806' title='bbox 3439 4714 3547 4766; x_wconf 87' lang='lat' dir='ltr'><strong>est,</strong></span> 
     </span>
    </p>
   </div>
   <div class='ocr_carea' id='block_1_107' title="bbox 1969 4794 3553 4864">
    <p class='ocr_par' dir='ltr' id='par_1_107' title="bbox 1969 4794 3553 4864">
     <span class='ocr_line' id='line_1_107' title="bbox 1969 4794 3553 4864; baseline -0.001 -11"><span class='ocrx_word' id='word_1_807' title='bbox 1969 4795 2544 4853; x_wconf 75' lang='lat' dir='ltr'><strong>commensuramusei</strong></span> <span class='ocrx_word' id='word_1_808' title='bbox 2568 4794 2712 4864; x_wconf 84' lang='lat' dir='ltr'><strong>quod</strong></span> <span class='ocrx_word' id='word_1_809' title='bbox 2747 4794 3137 4863; x_wconf 85' lang='lat' dir='ltr'><strong>inaspectabile</strong></span> <span class='ocrx_word' id='word_1_810' title='bbox 3158 4809 3224 4850; x_wconf 88' lang='lat' dir='ltr'><strong>ac</strong></span> <span class='ocrx_word' id='word_1_811' title='bbox 3254 4794 3553 4851; x_wconf 79' lang='lat' dir='ltr'><strong>incircum-</strong></span> 
     </span>
    </p>
   </div>
   <div class='ocr_carea' id='block_1_108' title="bbox 1968 4886 3543 4959">
    <p class='ocr_par' dir='ltr' id='par_1_108' title="bbox 1968 4886 3543 4959">
     <span class='ocr_line' id='line_1_108' title="bbox 1968 4886 3543 4959; baseline -0.002 -14"><span class='ocrx_word' id='word_1_812' title='bbox 1968 4891 2227 4959; x_wconf 83' lang='lat' dir='ltr'><strong>scriptum</strong></span> <span class='ocrx_word' id='word_1_813' title='bbox 2260 4889 2496 4953; x_wconf 76' lang='lat' dir='ltr'><strong>exsistit,</strong></span> <span class='ocrx_word' id='word_1_814' title='bbox 2526 4902 2593 4943; x_wconf 85' lang='lat' dir='ltr'><strong>ue</strong></span> <span class='ocrx_word' id='word_1_815' title='bbox 2644 4888 2697 4941; x_wconf 90' lang='lat' dir='ltr'><strong>in</strong></span> <span class='ocrx_word' id='word_1_816' title='bbox 2754 4886 2948 4941; x_wconf 81' lang='lat' dir='ltr'><strong>salutis</strong></span> <span class='ocrx_word' id='word_1_817' title='bbox 2978 4886 3195 4956; x_wconf 82' lang='lat' dir='ltr'><strong>negatio</strong></span> <span class='ocrx_word' id='word_1_818' title='bbox 3239 4899 3489 4944; x_wconf 80' lang='lat' dir='ltr'><strong>erremus</strong></span> <span class='ocrx_word' id='word_1_819' title='bbox 3524 4904 3543 4942; x_wconf 87' lang='lat'><strong>:</strong></span> 
     </span>
    </p>
   </div>
   <div class='ocr_carea' id='block_1_109' title="bbox 1968 4978 3544 5051">
    <p class='ocr_par' dir='ltr' id='par_1_109' title="bbox 1968 4978 3544 5051">
     <span class='ocr_line' id='line_1_109' title="bbox 1968 4978 3544 5051; baseline -0.001 -14"><span class='ocrx_word' id='word_1_820' title='bbox 1968 4997 2068 5037; x_wconf 87' lang='lat' dir='ltr'><strong>nec</strong></span> <span class='ocrx_word' id='word_1_821' title='bbox 2100 4997 2312 5045; x_wconf 83' lang='lat' dir='ltr'><strong>rursus,</strong></span> <span class='ocrx_word' id='word_1_822' title='bbox 2344 4984 2487 5051; x_wconf 88' lang='lat' dir='ltr'><strong>quod</strong></span> <span class='ocrx_word' id='word_1_823' title='bbox 2515 4980 2589 5036; x_wconf 89' lang='lat' dir='ltr'><strong>illi</strong></span> <span class='ocrx_word' id='word_1_824' title='bbox 2642 4978 3009 5044; x_wconf 87' lang='lat' dir='ltr'><strong>intractabile,</strong></span> <span class='ocrx_word' id='word_1_825' title='bbox 3040 4979 3452 5047; x_wconf 81' lang='lat' dir='ltr'><strong>inaspectabile,</strong></span> <span class='ocrx_word' id='word_1_826' title='bbox 3478 4992 3544 5035; x_wconf 81' lang='lat' dir='ltr'><strong>ac</strong></span> 
     </span>
    </p>
   </div>
   <div class='ocr_carea' id='block_1_110' title="bbox 1966 5073 3569 5145">
    <p class='ocr_par' dir='ltr' id='par_1_110' title="bbox 1966 5073 3569 5145">
     <span class='ocr_line' id='line_1_110' title="bbox 1966 5073 3569 5145; baseline -0.002 -15"><span class='ocrx_word' id='word_1_827' title='bbox 1966 5076 2503 5144; x_wconf 87' lang='lat' dir='ltr'><strong>incircumscriptum</strong></span> <span class='ocrx_word' id='word_1_828' title='bbox 2540 5074 2787 5145; x_wconf 66' lang='lat' dir='ltr'><strong>exsistit,</strong></span> <span class='ocrx_word' id='word_1_829' title='bbox 2809 5073 2876 5125; x_wconf 90' lang='lat' dir='ltr'><strong>ad</strong></span> <span class='ocrx_word' id='word_1_830' title='bbox 2931 5082 3216 5127; x_wconf 87' lang='lat' dir='ltr'><strong>contactus</strong></span> <span class='ocrx_word' id='word_1_831' title='bbox 3258 5083 3534 5142; x_wconf 83' lang='lat' dir='ltr'><strong>aspectus-</strong></span> <span class='ocrx_word' id='word_1_832' title='bbox 3566 5122 3569 5127; x_wconf 94' lang='lat'><strong>.</strong></span> 
     </span>
    </p>
   </div>
   <div class='ocr_carea' id='block_1_111' title="bbox 1965 5163 3538 5237">
    <p class='ocr_par' dir='ltr' id='par_1_111' title="bbox 1965 5163 3538 5237">
     <span class='ocr_line' id='line_1_111' title="bbox 1965 5163 3538 5237; baseline -0.002 -16"><span class='ocrx_word' id='word_1_833' title='bbox 1965 5183 2071 5237; x_wconf 82' lang='lat' dir='ltr'><strong>que</strong></span> <span class='ocrx_word' id='word_1_834' title='bbox 2098 5183 2162 5222; x_wconf 85' lang='lat' dir='ltr'><strong>ac</strong></span> <span class='ocrx_word' id='word_1_835' title='bbox 2185 5166 2710 5237; x_wconf 86' lang='lat' dir='ltr'><strong>circumscriptionis</strong></span> <span class='ocrx_word' id='word_1_836' title='bbox 2765 5165 3003 5220; x_wconf 82' lang='lat' dir='ltr'><strong>rationes</strong></span> <span class='ocrx_word' id='word_1_837' title='bbox 3038 5165 3422 5234; x_wconf 84' lang='lat' dir='ltr'><strong>deprimentes,</strong></span> <span class='ocrx_word' id='word_1_838' title='bbox 3452 5163 3538 5219; x_wconf 78' lang='lat' dir='ltr'><strong>fu-</strong></span> 
     </span>
    </p>
   </div>
   <div class='ocr_carea' id='block_1_112' title="bbox 1969 5252 3540 5326">
    <p class='ocr_par' dir='ltr' id='par_1_112' title="bbox 1969 5252 3540 5326">
     <span class='ocr_line' id='line_1_112' title="bbox 1969 5252 3540 5326; baseline -0.002 -14"><span class='ocrx_word' id='word_1_839' title='bbox 1969 5258 2204 5313; x_wconf 88' lang='lat' dir='ltr'><strong>rentium</strong></span> <span class='ocrx_word' id='word_1_840' title='bbox 2251 5271 2403 5312; x_wconf 86' lang='lat' dir='ltr'><strong>more</strong></span> <span class='ocrx_word' id='word_1_841' title='bbox 2448 5256 2723 5313; x_wconf 87' lang='lat' dir='ltr'><strong>coloribus</strong></span> <span class='ocrx_word' id='word_1_842' title='bbox 2762 5266 2925 5326; x_wconf 84' lang='lat' dir='ltr'><strong>atque</strong></span> <span class='ocrx_word' id='word_1_843' title='bbox 2959 5254 3245 5325; x_wconf 84' lang='lat' dir='ltr'><strong>pigmentis</strong></span> <span class='ocrx_word' id='word_1_844' title='bbox 3285 5252 3540 5326; x_wconf 72' lang='lat' dir='ltr'><strong>efﬁngere</strong></span> 
     </span>
    </p>
   </div>
   <div class='ocr_carea' id='block_1_113' title="bbox 1968 5346 3541 5421">
    <p class='ocr_par' dir='ltr' id='par_1_113' title="bbox 1968 5346 3541 5421">
     <span class='ocr_line' id='line_1_113' title="bbox 1968 5346 3541 5421; baseline 0.001 -17"><span class='ocrx_word' id='word_1_845' title='bbox 1968 5350 2216 5404; x_wconf 90' lang='lat' dir='ltr'><strong>nitimur.</strong></span> <span class='ocrx_word' id='word_1_846' title='bbox 2232 5349 2369 5416; x_wconf 91' lang='lat' dir='ltr'><strong>Quin</strong></span> <span class='ocrx_word' id='word_1_847' title='bbox 2389 5350 2570 5421; x_wconf 88' lang='lat' dir='ltr'><strong>potius</strong></span> <span class='ocrx_word' id='word_1_848' title='bbox 2596 5349 2820 5403; x_wconf 90' lang='lat' dir='ltr'><strong>minime</strong></span> <span class='ocrx_word' id='word_1_849' title='bbox 2838 5350 3147 5418; x_wconf 87' lang='lat' dir='ltr'><strong>ignorantes</strong></span> <span class='ocrx_word' id='word_1_850' title='bbox 3167 5350 3324 5403; x_wconf 90' lang='lat' dir='ltr'><strong>unius</strong></span> <span class='ocrx_word' id='word_1_851' title='bbox 3337 5346 3541 5405; x_wconf 84' lang='lat' dir='ltr'><strong>Christi</strong></span> 
     </span>
    </p>
   </div>
   <div class='ocr_carea' id='block_1_114' title="bbox 1967 5436 3541 5510">
    <p class='ocr_par' dir='ltr' id='par_1_114' title="bbox 1967 5436 3541 5510">
     <span class='ocr_line' id='line_1_114' title="bbox 1967 5436 3541 5510; baseline 0.001 -16"><span class='ocrx_word' id='word_1_852' title='bbox 1967 5453 2109 5502; x_wconf 84' lang='lat' dir='ltr'><strong>esse,</strong></span> <span class='ocrx_word' id='word_1_853' title='bbox 2139 5440 2283 5509; x_wconf 87' lang='lat' dir='ltr'><strong>quod</strong></span> <span class='ocrx_word' id='word_1_854' title='bbox 2313 5439 2666 5508; x_wconf 66' lang='lat' dir='ltr'><strong>aspectabilis</strong></span> <span class='ocrx_word' id='word_1_855' title='bbox 2693 5437 2764 5492; x_wconf 86' lang='lat' dir='ltr'><strong>sit</strong></span> <span class='ocrx_word' id='word_1_856' title='bbox 2784 5449 2838 5492; x_wconf 88' lang='lat' dir='ltr'><strong>et</strong></span> <span class='ocrx_word' id='word_1_857' title='bbox 2868 5453 2970 5491; x_wconf 90' lang='lat' dir='ltr'><strong>non</strong></span> <span class='ocrx_word' id='word_1_858' title='bbox 2991 5436 3363 5507; x_wconf 85' lang='lat' dir='ltr'><strong>aspectabilis,</strong></span> <span class='ocrx_word' id='word_1_859' title='bbox 3395 5442 3541 5510; x_wconf 73' lang='lat' dir='ltr'><strong>qutod</strong></span> 
     </span>
    </p>
   </div>
   <div class='ocr_carea' id='block_1_115' title="bbox 1958 5526 3537 5597">
    <p class='ocr_par' dir='ltr' id='par_1_115' title="bbox 1958 5526 3537 5597">
     <span class='ocr_line' id='line_1_115' title="bbox 1958 5526 3537 5597; baseline 0.003 -17"><span class='ocrx_word' id='word_1_860' title='bbox 1958 5526 2413 5596; x_wconf 78' lang='lat' dir='ltr'><strong>circumscriptus</strong></span> <span class='ocrx_word' id='word_1_861' title='bbox 2466 5536 2521 5582; x_wconf 92' lang='lat' dir='ltr'><strong>et</strong></span> <span class='ocrx_word' id='word_1_862' title='bbox 2565 5526 3110 5595; x_wconf 81' lang='lat' dir='ltr'><strong>incircumscriptus,</strong></span> <span class='ocrx_word' id='word_1_863' title='bbox 3179 5526 3344 5597; x_wconf 87' lang='lat' dir='ltr'><strong>idque</strong></span> <span class='ocrx_word' id='word_1_864' title='bbox 3399 5539 3537 5585; x_wconf 74' lang='lat' dir='ltr'><strong>cntra</strong></span> 
     </span>
    </p>
   </div>
   <div class='ocr_carea' id='block_1_116' title="bbox 1965 5617 3539 5688">
    <p class='ocr_par' dir='ltr' id='par_1_116' title="bbox 1965 5617 3539 5688">
     <span class='ocr_line' id='line_1_116' title="bbox 1965 5617 3539 5688; baseline -0.004 -13"><span class='ocrx_word' id='word_1_865' title='bbox 1965 5618 2366 5684; x_wconf 77' lang='lat' dir='ltr'><strong>confusionem,</strong></span> <span class='ocrx_word' id='word_1_866' title='bbox 2411 5618 2561 5688; x_wconf 82' lang='lat' dir='ltr'><strong>juxta</strong></span> <span class='ocrx_word' id='word_1_867' title='bbox 2614 5628 2954 5675; x_wconf 85' lang='lat' dir='ltr'><strong>naturarum.</strong></span> <span class='ocrx_word' id='word_1_868' title='bbox 2985 5631 3110 5688; x_wconf 73' lang='lat' dir='ltr'><strong>qua:</strong></span> <span class='ocrx_word' id='word_1_869' title='bbox 3154 5617 3207 5672; x_wconf 87' lang='lat' dir='ltr'><strong>in</strong></span> <span class='ocrx_word' id='word_1_870' title='bbox 3245 5619 3365 5687; x_wconf 84' lang='lat' dir='ltr'><strong>ipso</strong></span> <span class='ocrx_word' id='word_1_871' title='bbox 3392 5630 3539 5683; x_wconf 73' lang='lat' dir='ltr'><strong>sunt,</strong></span> 
     </span>
    </p>
   </div>
   <div class='ocr_carea' id='block_1_117' title="bbox 1963 5706 3539 5782">
    <p class='ocr_par' dir='ltr' id='par_1_117' title="bbox 1963 5706 3539 5782">
     <span class='ocr_line' id='line_1_117' title="bbox 1963 5706 3539 5782; baseline 0.001 -18"><span class='ocrx_word' id='word_1_872' title='bbox 1963 5710 2324 5782; x_wconf 89' lang='lat' dir='ltr'><strong>pr0prietates</strong></span> <span class='ocrx_word' id='word_1_873' title='bbox 2342 5725 2359 5777; x_wconf 87' lang='lat'><strong>;</strong></span> <span class='ocrx_word' id='word_1_874' title='bbox 2379 5718 2539 5778; x_wconf 90' lang='lat' dir='ltr'><strong>prout</strong></span> <span class='ocrx_word' id='word_1_875' title='bbox 2562 5710 2675 5780; x_wconf 89' lang='lat' dir='ltr'><strong>jam</strong></span> <span class='ocrx_word' id='word_1_876' title='bbox 2703 5709 3033 5780; x_wconf 78' lang='lat' dir='ltr'><strong>explicatum</strong></span> <span class='ocrx_word' id='word_1_877' title='bbox 3059 5719 3165 5776; x_wconf 83' lang='lat' dir='ltr'><strong>est,</strong></span> <span class='ocrx_word' id='word_1_878' title='bbox 3185 5706 3352 5781; x_wconf 81' lang='lat' dir='ltr'><strong>(quod</strong></span> <span class='ocrx_word' id='word_1_879' title='bbox 3381 5726 3539 5765; x_wconf 79' lang='lat' dir='ltr'><strong>suum</strong></span> 
     </span>
    </p>
   </div>
   <div class='ocr_carea' id='block_1_118' title="bbox 1965 5800 3534 5874">
    <p class='ocr_par' dir='ltr' id='par_1_118' title="bbox 1965 5800 3534 5874">
     <span class='ocr_line' id='line_1_118' title="bbox 1965 5800 3534 5874; baseline -0.001 -15"><span class='ocrx_word' id='word_1_880' title='bbox 1965 5801 2084 5873; x_wconf 83' lang='lat' dir='ltr'><strong>est)</strong></span> <span class='ocrx_word' id='word_1_881' title='bbox 2110 5803 2305 5874; x_wconf 87' lang='lat' dir='ltr'><strong>cuique</strong></span> <span class='ocrx_word' id='word_1_882' title='bbox 2337 5803 2577 5859; x_wconf 82' lang='lat' dir='ltr'><strong>tribuere</strong></span> <span class='ocrx_word' id='word_1_883' title='bbox 2609 5802 2879 5859; x_wconf 78' lang='lat' dir='ltr'><strong>novimus.</strong></span> <span class='ocrx_word' id='word_1_884' title='bbox 2916 5801 2972 5857; x_wconf 89' lang='lat' dir='ltr'><strong>ld</strong></span> <span class='ocrx_word' id='word_1_885' title='bbox 3000 5800 3142 5872; x_wconf 84' lang='lat' dir='ltr'><strong>quod</strong></span> <span class='ocrx_word' id='word_1_886' title='bbox 3174 5817 3363 5858; x_wconf 81' lang='lat' dir='ltr'><strong>earum</strong></span> <span class='ocrx_word' id='word_1_887' title='bbox 3389 5803 3534 5874; x_wconf 73' lang='lat' dir='ltr'><strong>ipsa-</strong></span> 
     </span>
    </p>
   </div>
   <div class='ocr_carea' id='block_1_119' title="bbox 3141 5899 3178 5958">
    <p class='ocr_par' dir='ltr' id='par_1_119' title="bbox 3141 5899 3178 5958">
     <span class='ocr_line' id='line_1_119' title="bbox 3141 5899 3178 5958; baseline 0 0"><span class='ocrx_word' id='word_1_888' title='bbox 3141 5899 3178 5958; x_wconf 57' lang='grc' dir='ltr'><strong><em>ἡ</em></strong></span> 
     </span>
    </p>
   </div>
  </div>
