3986 6442
482 352 581 418 107

1491 348 1553 407 S.
1598 345 2021 407 NICEPIIURI
2062 342 2571 402 PATRIARCHE
2609 343 2717 402 CP.
3658 348 3747 419 108

477 445 767 530 monente
801 459 1099 530 pinguntur
1127 467 1294 527 atque
1321 465 1596 526 ponuntur
1633 457 1930 525 imaginum
1957 468 2072 508 mo-

2189 452 2331 506 >ὐδὲν
2362 447 2456 525 ἦν,
2482 452 2621 505 καθὸ
2656 451 2792 515 Θεὸς
2827 446 2919 522 ἦν,
2958 450 3092 506 καθὸ
3124 451 3179 507 δὲ
3231 453 3261 507 ὁ
3293 454 3453 520 αὐτὸς
3486 457 3749 531 ἅνθρωπος

479 558 580 609 dus
614 553 872 607 ostendet
899 546 912 604 ὲ
939 552 1198 605 anteuim
1220 550 1326 605 illa:
1353 551 1406 604 iu
1431 547 1949 620 prmsepijacentem
1983 562 2069 599 rc-

475 654 837 718 prcesentant,
869 654 962 699 aut
997 643 1242 713 Deipara:
1282 642 1525 713 parentis
1562 650 1847 711 sugentem
1880 641 2069 704 ubera,

479 731 910 804 aut'discipulos
958 733 1369 803 'alloquentem,
1438 731 1522 785 vel
1566 741 1839 785 astantem
1872 728 2071 798 Pilato,

477 823 658 877 autin
702 822 852 891 ligno
902 825 1255 894 pendentem,
1286 829 1380 875 aut
1412 822 1457 875 si
1507 835 1616 891 qua
1661 820 1927 888 ejusmodi
1965 819 2075 873 alia

477 915 595 980 ejus
654 916 706 970 in
736 924 915 970 terras
958 916 1249 970 adventum
1290 913 1617 967 declarant:
1670 927 1903 982 quorum
1930 912 2070 966 nihil

486 1019 657 1065 estea
691 1010 905 1064 ratione
937 1024 1041 1080 qua
1083 1010 1224 1063 Deus
1256 1015 1359 1072 est,
1392 1007 1487 1062 sed
1516 1021 1621 1076 qua
1652 1006 1795 1060 idem
1829 1021 2077 1077 unusque

487 1104 606 1172 ipse
641 1103 808 1158 homo
839 1101 1160 1158 exsistebat.
1194 1100 1308 1155 Nisi
1347 1101 1494 1155 enim
1526 1101 1852 1170 quandoque
1911 1101 2075 1155 homo

479 1196 663 1249 Iactus
713 1203 885 1260 esset,
934 1192 1289 1261 hominisque
1343 1192 1570 1263 figuram
1612 1207 1676 1247 ac
1735 1191 1967 1246 formam
2021 1193 2074 1247 in

2176 541 2268 616 ἦν.
2303 545 2366 598 Ei
2413 545 2513 615 μὲν
2545 544 2656 617 γὰρ
2696 543 2985 616 ἄνθρωπος
3025 545 3127 599 οὐκ
3156 547 3404 615 ἐγεγόνει
3438 550 3596 617 ποτὲ,
3643 555 3752 611 οὐδὲ

2179 637 2477 709 ἀνθρώπου
2525 638 2744 708 μορφὴν
2778 638 2811 708 ἢ
2845 633 2987 702 εἶδος
3017 638 3113 691 ἐπὶ
3144 640 3251 709 γῆς
3281 641 3543 707 ἑκουσίως
3574 647 3753 701 ἀνέλοι·

2181 728 2297 795 ϐεν,
2325 732 2428 784 οὐκ
2470 729 2537 784 ἂν
2578 730 2752 784 ταῦτα
2783 725 3235 802 ὲγράφετο,ὀύδὲ
3278 734 3367 785 ἐπ’
3389 735 3551 788 αὑτοῦ
3584 737 3754 810 χώραν

2181 822 2440 891 γενέσθαι
2483 823 2732 894 ἐδέχετο·
2782 826 2831 877 εί
2877 824 2933 877 δὲ
2964 823 3102 895 σὰρξ
3126 825 3154 877 ό
3184 824 3359 893 Λόγος
3395 827 3626 896 ἐγένετο,
3670 834 3756 886 καὶ

2179 916 2277 969 ἐπὶ
2308 916 2412 985 γῆς
2435 896 2633 986 ἐφάνη,
2660 914 2759 968 καὶ
2787 913 2943 986 ὤφθη
2976 914 3292 980 ἀνθρώποις
3319 916 3394 980 ὡς
3422 918 3756 989 ἄνθρωπος,ὁ

2179 1007 2377 1080 πρώην
2406 1008 2651 1079 ἄσαρκος
2678 1007 2813 1070 Θεὶς
2847 1007 2942 1060 καὶ
2975 1007 3271 1080 ἀσώματος
3290 1024 3304 1039 ο
3338 1010 3437 1063 οὐκ
3473 1009 3537 1063 ἂν
3568 1012 3756 1065 ἀδικοῖ-

2183 1119 2307 1172 μεν,
2339 1101 2416 1165 ὡς
2452 1096 2641 1172 οἶμαι,
2688 1099 2724 1154 ἃ
2774 1101 3108 1171 ἑωράκαμεν
3145 1102 3212 1171 τῇ
3260 1103 3448 1172 γραφῇ
3489 1105 3758 1175 σημαίνειν

2179 1193 2482 1258 ἐθέλοντες.

479 1300 624 1343 terra
654 1289 1078 1360 assurupsisset,
1114 1305 1392 1359 nunquam
1431 1290 1547 1345 haec
1577 1289 1805 1360 pictura:
1836 1299 1956 1345 arte
1988 1289 2169 1346 eflicta
2200 1302 2411 1359 essent,
2449 1306 2549 1349 nec
2596 1292 2747 1347 locus
2779 1291 2972 1347 fuisset
3033 1300 3095 1345 ut
3148 1291 3203 1346 in
3254 1304 3320 1345 eo
3383 1290 3508 1347 talia
3564 1294 3757 1352 tierent.

478 1381 615 1437 Cum
676 1390 857 1437 autem
887 1379 1127 1437 Verbum
1155 1398 1286 1437 caro
1342 1380 1545 1436 factum
1582 1381 1675 1447 sit,
1706 1382 1845 1437 acin
1881 1392 2024 1435 terra
2049 1383 2382 1453 apparuerit,
2419 1383 2769 1451 humanaque
2799 1381 2991 1445 forma,
3026 1381 3118 1450 qui
3154 1380 3283 1435 olim
3328 1381 3470 1437 Deus
3532 1382 3761 1453 incorpo-

480 1491 608 1530 reus
638 1484 692 1530 et
753 1475 934 1531 carnis
969 1490 1168 1546 expers
1226 1484 1364 1541 erat,
1394 1476 1545 1530 visus
1610 1475 1703 1541 sit,
1754 1474 1891 1529 nihil
1950 1477 2020 1530 ad
2070 1475 2325 1542 iniuriam
2384 1474 2581 1531 fecisse
2639 1474 2810 1530 videri
2862 1488 3171 1545 possumus,
3214 1472 3260 1528 si
3314 1487 3379 1529 ea
3433 1487 3554 1543 quae
3608 1477 3761 1531 oculis

480 1569 739 1634 \‘itiillllls,
798 1568 1078 1623 coloribus
1133 1583 1353 1639 quoque
1380 1584 1440 1624 ac
1468 1569 1726 1639 penicillo
1776 1569 2005 1625 reddere
2031 1578 2363 1625 statuamus.

553 1662 644 1718 55.
690 1660 926 1717 ιΜΡΕιι.
957 1661 1028 1717 At
1061 1662 1190 1731 quid
1224 1665 1291 1717 de
1322 1662 1639 1733 angelorum
1672 1662 1835 1730 pictis
1886 1662 2081 1732 imagi-

2259 1667 2361 1730 νγ’.
2406 1663 2445 1715 0
2494 1661 2648 1715 ΒΑΣ.
2701 1660 2767 1714 Τί
2822 1660 2880 1714 δὲ
2933 1659 3114 1730 βούλει
3159 1656 3291 1729 περὶ
3330 1658 3435 1729 τῆς
3468 1656 3574 1712 τῶν
3611 1659 3762 1728 ἀγγέ-

480 1757 659 1820 nibus,
696 1771 996 1826 eorumque
1028 1755 1179 1810 dices
1217 1754 1568 1809 simulacris?
1597 1753 1707 1809 Nec
1740 1756 2079 1823 enim,puto,

2189 1752 2295 1807 λων
2326 1753 2753 1825 είκονογραφίας
2781 1752 3003 1822 λέγειν;
3034 1752 3155 1807 οὐδὲ
3188 1754 3320 1822 γὰρ,
3369 1748 3528 1824 οἶμαι
3548 1794 3561 1819 ,
3612 1756 3763 1824 ἐρεῖς,

486 1847 740 1899 dicturus
769 1860 851 1912 es,
879 1846 1045 1900 etiam
1079 1845 1400 1914 angelorum
1432 1846 1636 1913 liguras
1658 1844 1961 1914 pictoribus
1983 1860 2082 1901 ex-

481 1938 725 2009 ploratas
758 1953 903 2001 esse,
938 1938 1128 2006 sicque
1162 1939 1284 1993 illos
1314 1938 1563 2008 pingere,
1597 1938 1748 1991 velut
1778 1938 1831 1991 in
1861 1938 2081 2007 propria

481 2034 661 2086 forma
693 2032 1131 2099 conspiciuntur.
1171 2029 1386 2085 PATR.
1420 2031 1533 2100 Ego
1572 2045 1705 2084 sane
1740 2030 1860 2085 illos
1912 2045 2081 2101 ange-

479 2124 659 2181 lorum
688 2138 793 2179 nec
824 2126 1054 2178 formam
1082 2139 1267 2184 nosse.
1293 2139 1391 2178 nec
1419 2122 1670 2193 ﬁguram,
1693 2122 1865 2179 libens
1893 2124 2086 2178 admit-

484 2225 593 2269 tam
633 2232 647 2269 :
684 2222 852 2284 atque
888 2213 1024 2268 adeo
1067 2228 1167 2268 nec
1199 2212 1279 2266 sie
1318 2212 1547 2281 pingere
1592 2222 1849 2281 tauquam
1881 2212 2082 2275 sciant,

480 2307 712 2378 pingere
739 2313 938 2370 tamen,
970 2312 1122 2372 puto,
1158 2302 1391 2355 humana
1449 2300 1647 2366 forma,
1703 2309 1760 2355 ut
1788 2301 2085 2370 Scriptura:

484 2412 657 2452 sacra:
678 2411 885 2450 morem
905 2405 1117 2466 gerant.
1140 2392 1378 2447 lMPER.
1406 2391 1561 2448 Unde
1589 2395 1704 2448 luet;
1724 2394 1846 2449 ais?
1869 2391 2076 2447 PATR.

485 2488 681 2545 Nescis
712 2490 988 2559 quomodo
1021 2488 1107 2544 de
1148 2488 1382 2559 angelis,
1418 2488 1511 2558 qui
1553 2487 1786 2543 Abraha:
1817 2488 1884 2542 ad
1917 2504 2084 2558 qucr-

486 2599 610 2637 cum
650 2590 1059 2653 apparuerunt,
1125 2582 1365 2650 quodam
1414 2580 1535 2636 loco
1589 2581 1739 2636 dicat
1775 2579 2083 2651 Scriptura,

487 2675 875 2743 respicientem
906 2682 1021 2729 tres
1058 2673 1206 2727 viros
1226 2673 1431 2729 vidisse
1460 2672 1641 2729 oculis
1667 2673 1769 2728 sibi
1803 2672 2085 2729 astantes?

487 2767 626 2835 Quid
648 2767 817 2823 vero?
843 2765 1039 2822 Nonne
1056 2765 1160 2822 Lot
1188 2766 1331 2821 virili
1351 2767 1533 2838 specie
1564 2776 1890 2836 apparentes
1917 2782 2086 2838 ange-

488 2862 570 2917 lus
604 2860 658 2915 in
695 2857 952 2925 Sodomis
980 2857 1143 2914 domo
1187 2874 1286 2914 sua
1316 2859 1576 2928 excepit?
1601 2859 1722 2913 Non
1747 2875 1877 2931 ergo
1908 2859 2087 2929 picto-

449 2995 453 2998 .
490 2968 580 3009 res
613 2953 874 3024 ﬁgmento
921 2952 1135 3018 ludunt,
1172 2966 1276 3007 nec
1311 2952 1476 3009 alieni
1508 2967 1538 3006 a
1584 2953 1798 3007 ratione
1854 2963 2083 3008 conatus

2183 1844 2258 1909 ὡς
2334 1846 2428 1899 καὶ
2486 1846 2586 1910 τὰς
2670 1846 2923 1914 ἀγγέλων
2992 1846 3043 1899 oi
3100 1846 3388 1914 ζωγράφοι
3453 1843 3765 1912 γινώσκουσι

2187 1938 2440 2011 μορφάς,
2473 1938 2567 1991 καὶ
2598 1938 2737 2007 πρὸς
2768 1936 2909 2000 εἶδος
2953 1936 3168 1999 ὲκείνας
3200 1936 3607 2000 ἀποϐλέποντες
3642 1937 3767 2008 γρά-

2185 2049 2401 2103 φουσιν.
2456 2034 2498 2085 Ο
2531 2032 2739 2086 ΠΑΤΡ.
2772 2026 2928 2094 Εἶδος
2965 2029 3063 2100 μὲν
3104 2029 3281 2097 ἔγωγε
3312 2028 3347 2099 ἢ
3383 2029 3595 2100 μορφὴν
3618 2028 3768 2098 ἀγγέ-

2185 2125 2293 2177 λων
2355 2124 2458 2177 οὐκ
2504 2122 2571 2176 ἂν
2608 2122 2812 2175 εἰδέναι
2868 2121 3036 2191 φαίην
3101 2121 3323 2184 αὐτοὺς,
3355 2117 3482 2172 οὕτε
3517 2119 3591 2182 ὡς
3644 2120 3766 2172 εἰδό-

2184 2235 2284 2281 τας
2323 2220 2497 2270 ποιεῖν
2525 2216 2594 2269 τὰ
2633 2215 2962 2286 γραφόμενα
3002 2213 3142 2284 (15)·
3180 2210 3492 2283 ἀνθρώπων
3519 2212 3575 2264 δὲ
3603 2211 3769 2273 αὐτοῖς

2186 2308 2571 2381 περιτιθέασιν
2619 2303 2781 2371 εἶδος,
2824 2309 2894 2377 τῇ
2947 2306 3181 2377 Γραφῇ,
3233 2306 3312 2369 ὡς
3371 2301 3551 2374 οἶμαι,
3601 2303 3769 2356 πειθό-

2189 2420 2365 2475 μενοι.
2399 2404 2441 2455 0
2500 2402 2650 2456 BAE.
2712 2399 2884 2453 Πόθεν
2923 2397 3082 2452 τοῦτο
3135 2398 3273 2469 φής;
3330 2398 3371 2450 0
3409 2394 3614 2450 HATP.
3670 2396 3771 2449 Οὐκ

2184 2491 2365 2559 οἶσθα,
2420 2494 2498 2556 ὡς
2559 2494 2688 2563 περὶ
2730 2492 2841 2545 τῶν
2868 2490 2945 2561 τῷ
2983 2490 3237 2560 Ἀϐραὰμ
3292 2489 3451 2559 παρὰ
3500 2490 3598 2560 τὴν
3653 2487 3771 2560 δρῦν

2185 2586 2461 2654 ὀφθέντων
2493 2584 2745 2654 ἀγγέλων
2773 2584 2964 2655 Γραφή
2998 2581 3099 2635 πού
3141 2598 3332 2652 φησιν,
3358 2581 3435 2645 ὡς
3474 2580 3773 2651 ἀναϐλέψας

2183 2680 2299 2740 τοῖς
2342 2676 2643 2747 ὀφθαλμοῖς
2688 2675 2980 2746 Ἀϐραὰμ,
3010 2677 3162 2746 τρεῖς
3196 2674 3399 2745 ἄνδρας
3440 2674 3589 2742 αὐτῷ
3643 2678 3772 2742 παρ-

2185 2768 2432 2833 εστῶτας
2470 2765 2651 2835 εἶδενς
2690 2767 2883 2839 Τίδὴ;
2932 2768 2995 2820 οὐ
3053 2767 3183 2830 τοὺς
3215 2768 3275 2819 ὲν
3308 2767 3573 2837 Σοδόμοις
3623 2765 3774 2833 ἀγγέ-

2184 2863 2347 2930 λους,
2390 2861 2464 2926 ὡς
2512 2860 2714 2932 ἄνδρας
2766 2860 3133 2931 φαινομένους
3178 2860 3532 2931 είσὴγαγενς
3582 2857 3775 2913 Οὐκοῦν

2185 2956 2286 3010 οὒκ
2318 2955 2473 3008 αὐτο).
2504 2954 2873 3020 πλάττονται,
2907 2953 3029 3007 οὐδὲ
3061 2952 3263 3021 ἀλόγου
3318 2953 3536 3024 τόλμης
3573 2955 3777 3021 ἔγγονον

486 3046 674 3117 proles
690 3054 794 3108 est,
809 3044 955 3116 quod
982 3045 1055 3100 ita
1086 3045 1346 3115 pingunt:
1373 3046 1467 3101 sed
1501 3045 1693 3115 quales
1712 3045 1890 3114 angeli
1920 3060 2084 3115 appa-

2189 3048 2374 3110 αὺτοῖς
2413 3045 2484 3099 τὰ
2544 3045 2895 3119 γραφόμενα,
2955 3033 3203 3098 ἀλλὀἶοι
3265 3042 3564 3114 ὤφθησαν,
3618 3043 3780 3097 τοιού-

486 3148 741 3207 ruerunt,
779 3138 920 3194 tales
941 3138 1106 3194 etiam
1135 3139 1297 3207 pictis
1318 3139 1594 3195 coloribus
1615 3153 1712 3195 eos
1735 3138 1997 3193 exhibent
2021 3151 2085 3191 ac

482 3239 915 3300 repraesentant.
945 3228 1183 3284 lMPER.
1223 3228 1378 3284 Unde
1394 3234 1526 3284 vero
1548 3230 1715 3285 etiam
1741 3228 1951 3283 alarum
1980 3226 2087 3281 illis

490 3321 926 3377 additamentum
962 3320 1234 3376 accessit?
1267 3319 1479 3375 PATR.
1519 3320 1759 3376 Omnino
1803 3319 2085 3385 existimo,

490 3413 563 3467 ad
606 3412 1021 3477 discretionem,
1064 3425 1134 3466 ne
1173 3412 1391 3480 penitus
1450 3411 1709 3485 homines
1735 3421 2085 3481 putarentur,

490 3500 611 3556 alas
640 3500 940 3557 addidisse.
990 3499 1132 3567 Quin
1166 3515 1235 3555 ne
1291 3500 1343 3555 id
1377 3500 1596 3571 quidem
1633 3501 1852 3571 Opinor,
1909 3502 2088 3556 minus

493 3607 737 3664 congrue
779 3602 1047 3661 extraque
1094 3592 1367 3647 rationem
1402 3592 1525 3648 illos
1557 3593 1873 3661 invenisse;
1907 3593 2003 3649 sed
2032 3601 2091 3648 ut

495 3687 608 3741 vim
633 3688 803 3753 illam,
832 3700 938 3755 qua
968 3699 1098 3741 aera
1134 3686 1445 3756 pervolant,
1493 3700 1798 3755 eorumque
1837 3687 1890 3741 in
1936 3685 2091 3742 caelis

500 3777 744 3833 divinum
764 3777 1076 3832 convictum
1095 3777 1494 3833 subnotarent:
1523 3785 1581 3830 ut
1601 3775 1916 3843 innuerent,
1944 3774 2089 3845 quod

444 3894 451 3897 -
500 3868 626 3926 inde
655 3870 723 3924 ad
755 3883 853 3923 nos
898 3867 1104 3938 jugiter
1136 3867 1477 3923 descendant
1509 3882 1839 3939 rursumque
1872 3869 2091 3923 veloces

496 3961 797 4017 ascendant
830 3960 884 4016 in
913 3960 1138 4028 coelum,
1173 3959 1255 4015 sic
1286 3960 1585 4035 instructos
1631 3961 1734 4015 alis
1793 3961 2091 4030 pingendos

491 4052 779 4108 statuisse.
839 4050 984 4117 Quin
1040 4051 1208 4106 etiam
1260 4064 1384 4106 cum
1436 4051 1621 4105 Moses
1673 4066 1891 4121 quoque
1946 4050 2090 4105 alata

496 4142 794 4199 Clierubim
818 4143 969 4213 (quae
995 4143 1108 4212 ipsa
1151 4142 1335 4213 angeli
1363 4152 1513 4207 sunt,
1547 4158 1671 4197 cum
1705 4144 1957 4198 cmlestes
1984 4157 2094 4197 om-

500 4249 599 4288 nes
638 4243 802 4304 atque
841 4233 1204 4303 intelligentes
1236 4232 1501 4299 Virtutes,
1534 4235 1793 4313 Dionysio
1834 4246 2084 4299 auctore,

496 4337 765 4382 vocentur
788 4325 1002 4399 angeli)
1034 4341 1143 4381 non
1171 4327 1377 4383 absens
1404 4337 1557 4396 puto,
1587 4325 1747 4381 aliine
1777 4326 2088 4396 exemplum

2186 3157 2315 3202 τους
2354 3140 2475 3202 ταῖς
2526 3138 2741 3192 εἰκόσιν
2780 3138 3181 3209 ἐγγράφουσιν.
3220 3138 3262 3189 0
3297 3138 3457 3191 ΒΑΣ.
3491 3138 3603 3190 Καὶ
3631 3137 3780 3190 πόθεν

2187 3233 2375 3293 αὐτοῖς
2397 3231 2557 3302 ἡτῶν
2574 3230 2797 3304 πτερῶν
2828 3231 3122 3303 προσθήκη
3146 3230 3497 3303 ὲφεύρηταις
3527 3234 3566 3285 0
3588 3230 3778 3284 HATP.

2190 3324 2358 3395 Οἶμαι
2416 3324 2590 3389 ὅλως,
2658 3325 2747 3379 ἵνα
2796 3325 2871 3396 μὴ
2932 3324 3214 3395 ἄνθρωποι
3270 3325 3505 3391 τελείως
3563 3327 3780 3389 νοοῐντο,

2191 3421 2259 3489 τῇ
2310 3419 2603 3489 προσθήκῃ
2653 3418 2716 3471 τὸ
2775 3417 3095 3472 διαλλάττον
3158 3418 3466 3489 ἐδήλωσαν.
3512 3419 3587 3472 Οὺ
3637 3417 3690 3470 δέ
3727 3432 3785 3485 γε

2189 3512 2388 3584 αὐτὴν,
2437 3512 2514 3576 ὡς
2564 3512 2729 3578 δοκῶ,
2788 3511 2890 3585 τὴν
2946 3513 3272 3585 προσθήκην
3341 3514 3531 3585 ἀλόγῳ
3593 3512 3787 3582 θεωρήα

2192 3622 2391 3668 σαντες
2429 3604 2626 3676 γνώμῃ
2648 3643 2663 3670 ,
2710 3605 2847 3660 ἀλλὰ
2882 3605 2944 3660 τὸ
2978 3606 3288 3677 ἁεροπόρον
3338 3605 3530 3660 αὐτῶν
3567 3603 3787 3660 αἰνιττό-

2194 3715 2371 3770 μενοι,
2397 3697 2492 3752 καὶ
2522 3697 2621 3768 τὴν
2651 3697 2774 3752 κατ’
2805 3697 3037 3768 οὐρανὸν
3067 3701 3124 3752 ὲν
3147 3698 3269 3769 Θεῷ
3295 3699 3540 3766 δίαιταν,
3578 3699 3674 3752 καὶ
3697 3698 3789 3759 τὰς

2191 3790 2404 3845 ἐκεῖθεν
2447 3791 2514 3844 δι’
2555 3792 2705 3861 ἡμᾶς
2754 3791 3041 3854 συντόνους
3087 3790 3390 3856 καθόδους,
3436 3792 3539 3846 καὶ
3574 3790 3674 3854 τὰς
3714 3790 3787 3852 εἰς

2192 3881 2426 3955 οὐρανὸν
2462 3880 2523 3946 ἐξ
2569 3881 2726 3953 ἡμῶν
2763 3881 3018 3951 ἑτοίμους
3053 3881 3316 3947 ἀνόδους,
3372 3882 3790 3955 ἐπτερωμένους

2193 3973 2392 4037 αὐτοὺς
2427 3973 2866 4043 ὑπογράφουσιν.
2899 3973 3042 4044 Ἤδη
3069 3973 3128 4027 δὲ
3151 3975 3245 4028 καὶ
3274 3976 3573 4038 Μωῦσέως
3603 3974 3789 4042 πτέρυο

2192 4084 2299 4137 γας
2338 4066 2533 4137 ἔχοντα
2578 4069 2973 4138 τυπωσομένου
3037 4068 3105 4122 τὰ
3140 4067 3440 4139 Χερουϐὶμ
3476 4066 3718 4139 (ἄγγελοι
3742 4062 3794 4116 δὲ

2194 4161 2290 4214 καὶ
2333 4159 2510 4215 ταῦτα
2532 4150 2556 4192 θ’
2586 4161 2681 4214 καὶ
2717 4159 2828 4231 γὰρ
2873 4159 3062 4224 ἁπλῶς
3110 4160 3208 4224 τὰς
3256 4161 3560 4233 οὐρανίους
3597 4176 3657 4213 τε
3705 4155 3793 4211 καὶ

2193 4252 2390 4323 νοερὰς
2437 4253 2700 4323 δυνάμεις
2743 4252 3015 4321 ἀγγέλους
3072 4250 3340 4306 καλοῦσιν
3366 4295 3383 4320 ,
3435 4253 3515 4316 ὡς
3545 4249 3795 4320 Διονυσίῳ

2194 4345 2344 4399 δοκεῖ
2368 4347 2409 4417 ),
2432 4347 2534 4401 οὐκ
2562 4347 2873 4410 ἀπεικότως
2899 4346 3144 4418 ἡγοῦμαι
3172 4344 3252 4417 τῷ
3283 4346 3669 4419 παραπλησίῳ
3695 4342 3795 4397 τῶν

498 4435 793 4492 usurpasse
820 4422 1079 4493 pictores.
1118 4419 1275 4477 Nunc
1303 4421 1511 4491 itaque,
1538 4421 1860 4490 imperator,
1890 4420 2084 4475 horum

2193 4406 2666 4510 παραδειγμάτων
2714 4406 3059 4510 ἐχρήσαντο..
3088 4439 3198 4492 Καὶ
3222 4406 3386 4493 ,νυνί
3412 4481 3429 4507 ,
3464 4434 3512 4494 ὦ
3551 4406 3795 4510 βασιλεῦ,

501 4516 823 4571 meminisse
853 4524 1092 4586 oportet,
1124 4522 1290 4584 atque
1343 4513 1528 4568 animo
1553 4511 1788 4566 lirmiter
1825 4512 2088 4578 retinere,

495 4610 663 4665 nobis
691 4610 783 4679 qui
810 4607 1126 4677 angelorum
1152 4606 1420 4677 imagines
1446 4605 1744 4675 pingimus,
1776 4611 2090 4659 creaturam

501 4715 626 4755 esse
658 4698 803 4767 quod
840 4697 1121 4752 coloribus
1151 4704 1315 4766 atque
1362 4695 1616 4765 penicillo
1655 4693 1986 4763 elliugimus,
2037 4702 2094 4749 et

501 4793 584 4846 sic
605 4793 750 4861 ipsos
766 4791 918 4844 adire
945 4803 1055 4853 me,
1081 4805 1187 4842 non
1206 4798 1466 4858 tanquam
1489 4803 1801 4858 supremam
1829 4789 2095 4858 primam-

502 4899 608 4954 que
640 4882 936 4938 essentiam
986 4897 1086 4936 suo
1123 4880 1249 4951 jure
1298 4880 1588 4935 obtineant
1622 4880 1805 4946 (absit
1832 4881 1979 4936 enim
2031 4890 2092 4936 ut

503 4990 569 5029 ro
597 4972 886 5029 dementiae
929 4972 1100 5038 ferar,
1153 4980 1208 5026 et
1265 4972 1412 5042 quod
1466 4981 1717 5027 creatum
1762 4981 1869 5035 est,
1920 4971 2088 5026 Deum

502 5066 791 5135 censeam)
828 5067 925 5121 sed
956 5064 1105 5120 velut
1137 5064 1230 5134 qui
1262 5065 1512 5121 conservi
1538 5078 1730 5133 magna
1759 5065 1900 5135 apud
1942 5080 2093 5120 com-

505 5175 724 5214 munem
772 5158 1060 5214 Dominum
1095 5158 1323 5215 virtutis
1376 5158 1710 5215 abundantia
1741 5167 1812 5215 .et
1844 5156 2095 5230 suli'ragii

508 5252 744 5321 polleant
773 5259 1068 5321 potestate.
1192 5237 1201 5247 ’

611 5452 733 5521 (l5)
758 5453 1063 5511 Succincta:
1090 5453 1380 5509 brevitatis
1408 5454 1687 5523 energiam
1711 5493 1726 5515 ,
1760 5460 1820 5504 nt
1846 5460 1971 5520 apte
2001 5465 2098 5505 ex-

511 5535 755 5596 pressam
791 5523 983 5581 Latiue
1016 5526 1241 5593 habeas,
1278 5526 1358 5580 sic
1381 5522 1596 5595 plenius
1630 5524 1793 5579 redde
1823 5540 1836 5575 ε
1878 5540 1896 5573 ι
1927 5522 2102 5576 Adeo-

2198 4532 2609 4602 μνημονευτέον
2629 4531 2856 4587 ἐκείνων
2880 4524 2975 4586 καὶ
2998 4529 3171 4600 ἀπρὶξ
3198 4533 3265 4604 τῇ
3296 4532 3455 4603 ψυχῇ
3479 4529 3795 4600 φυλακτέον,

2195 4620 2272 4684 ὼς
2304 4624 2354 4674 εἰ
2381 4622 2477 4676 καὶ
2511 4621 2762 4690 ἀγγέλων
2787 4620 3008 4685 εἰκόνας
3041 4622 3362 4693 γράφομεν,
3402 4621 3620 4689 κτίσμα
3649 4617 3799 4672 πάλιν

2196 4715 2332 4785 ἡμῖν
2373 4714 2436 4767 τὸ
2478 4713 2851 4785 γραφόμενον,
2885 4715 2981 4768 καὶ
3035 4714 3302 4785 πρόσειμι
3332 4715 3565 4781 αὐτοῖς,
3595 4715 3694 4783 οὐχ
3734 4710 3801 4772 ὡς

2195 4804 2300 4876 τὴν
2350 4804 2618 4858 ἀνωτάτω
2665 4804 2761 4858 καὶ
2814 4803 3044 4877 πρώτην
3093 4804 3581 4876 κληρωσαμένους
3624 4802 3804 4857 οὐσίαν

2203 4896 2314 4968 (μὴ
2329 4895 2473 4950 οὕτω
2498 4896 2752 4968 μανείην,
2770 4898 2846 4961 ὡς
2866 4897 3002 4951 Θεὸν
3028 4900 3168 4950 νοεῖν
3195 4895 3259 4950 τὸ
3287 4896 3670 4968 κτιζόμενον),
3696 4891 3804 4946 ἀλλ’

2202 4989 2281 5054 ὡς
2331 4990 2677 5057 συνδούλοις,
2731 4989 2936 5061 πολλὴν
2987 4989 3126 5061 πρὸς
3156 4989 3251 5044 τὸν
3292 4991 3489 5045 κοινὸν
3536 4988 3807 5054 Δεσπότην

2204 5083 2523 5157 παρρησίαν
2550 5083 2919 5156 κεκτημένοις
2941 5083 3033 5138 διὰ
3055 5083 3117 5138 τὸ
3149 5082 3423 5138 πλούσιον
3453 5084 3560 5154 τῆς
3590 5078 3808 5153 ἀρετῆςέ

2209 5462 2318 5532 que
2349 5464 2467 5534 nec.
2489 5452 2753 5522 pingere,
2786 5449 2934 5507 velut
2970 5450 3060 5522 qui
3111 5447 3275 5504 talem
3324 5446 3571 5505 formam
3622 5443 3816 5500 habere

2212 5536 2362 5590 Ipsos
2391 5533 2590 5577 εςιιηιι.
2632 5542 2651 5574 ι
