3986 6452
466 338 577 406 .13!

1473 332 1536 395 S.
1579 332 1999 393 NICEPHORI
2040 331 2068 392 Ῑ

2169 331 2548 392 ἪΙΑΒΟΗΕ
2588 333 2698 396 CP.
3272 368 3276 372 ι
3636 340 3728 407 1η

484 452 695 508 audiret
738 468 812 504 ac.
867 449 1179 523 syllogismo
1257 464 1357 505 ccu
1434 446 1824 502 iutmaturinris
1891 445 2067 501 aetatis

2170 447 2245 511 ὡς
2277 445 2495 514 νεογνὸν
2541 445 2830 516 παιδάριον
2863 444 2964 516 ήδη
3007 444 3256 507 παίοντα·
3290 446 3444 505 ἔνθεν
3470 452 3562 508 καὶ
3601 459 3726 526 πρὸς

484 560 732 616 puerum,
764 554 1053 616 tyrannum
1086 546 1422 607 verberaret,
1456 548 1735 608 assumpto
1766 538 1927 592 etiam
1966 535 2065 605 ipsi

484 638 549 691 ad
586 636 916 706 loquendum
953 632 1171 697 robore,
1204 646 1421 685 omnem
1460 646 1486 681 a
1515 643 1573 683 se
1609 636 1873 682 terrorem
1905 638 2067 696 atque

481 728 754 802 ignaviam
780 726 1124 794 abiecerunt.

553 819 645 874 56.
687 816 765 872 Ad
813 832 950 885 quos
983 825 1142 884 torvo
1177 821 1407 882 aspectu
1439 813 1540 881 (ιι),
1581 811 1662 864 vir
1712 809 1922 864 scilicet
1950 808 2064 864 leo-

481 912 598 967 nini
639 909 841 963 furoris
874 926 888 962 :
931 907 1115 977 Neque
1144 923 1257 969 vos.
1312 907 1508 975 inquit,
1538 918 1712 972 neque
1743 903 1880 957 ullos
1911 903 2064 967 alios.

482 1012 542 1058 ut
571 1002 788 1065 videtis,
830 1001 983 1061 latet.
1018 1018 1044 1052 a
1083 998 1192 1053 Deo
1223 1013 1322 1052 nos
1354 999 1702 1064 constitutos,
1741 1006 1800 1050 ut
1826 994 1889 1049 in
1928 995 2071 1050 cele-

486 1092 728 1147 berrimo
761 1094 861 1145 hoc
893 1101 1052 1157 atque
1082 1086 1329 1141 rationali
1359 1100 1523 1156 grege
1549 1086 1820 1155 sequestri
1860 1100 1924 1138 ac
1955 1099 2071 1138 tne-

482 1182 712 1236 diatoris
743 1182 1033 1250 fungamur
1058 1179 1327 1247 partibus,
1364 1177 1458 1246 qui
1496 1177 1751 1230 nimirum
1780 1175 1925 1230 omni
1955 1185 2069 1231 stu-

483 1276 578 1328 dio
608 1275 1169 1345 propensioribusque
1215 1272 1416 1326 animis
1436 1273 1762 1341 satagimus,
1806 1278 1866 1325 ιιι
1888 1270 2068 1325 omnis

469 1364 540 1417 ⁵ἱιι
569 1380 632 1419 eo
671 1375 796 1417 nata
822 1361 1051 1418 oﬂcnsio
1090 1361 1395 1420 auferatur.
1433 1361 1571 1427 Quia
1603 1376 1734 1431 ergo
1765 1362 2064 1416 etiamnum

489 1472 595 1510 non
628 1457 962 1525 desunt,qni
999 1457 1065 1510 de
1100 1455 1395 1523 imaginum
1426 1453 1853 1522 veritatedeque
1880 1468 2065 1507 earum

486 1553 810 1603 adoratrone
840 1547 1147 1616 disputant,
1175 1560 1241 1599 ac
1282 1545 1582 1614 Scriptum
1614 1544 1766 1600 locos
1801 1544 2067 1615 plurimos

482 1638 573 1694 his
603 1641 961 1693 adversantes
986 1636 1308 1708 producunt,
1361 1649 1587 1690 necesse
1632 1635 1860 1689 omnino
1894 1644 1979 1687 est
2011 1647 2068 1687 ttt

483 1730 840 1788 ii-solvantur
872 1746 884 1782 :
918 1739 1191 1795 utnempe
1219 1726 1295 1790 id,
1323 1726 1465 1795 quod
1497 1724 1739 1795 impense
1767 1725 2067 1794 satagimus

2168 535 2231 590 τ’)
2424 537 2602 605 λέγειν
2642 536 3095 609 ἐπερρώσθησαν,
3139 540 3234 595 καὶ
3260 544 3444 597 πᾶσαν
3470 541 3530 610 ἐξ
3562 545 3732 604 αὐτῶν

2169 628 2555 700 δειμαίνουσαν
2588 628 2795 682 δειλίαν
2839 628 3154 687 ἀπώσαντο.

2241 807 2347 875 νς’.
2392 809 2535 881 Πρὸς
2558 809 2671 875 οὓς,
2703 810 2909 882 ὑπόδρα
2941 822 2964 851 ο
3004 811 3129 866 ἰδὼν
3170 814 3198 867 ό
3232 814 3509 887 θυμολέων
3551 822 3722 893 φησιν·

2167 902 2279 955 Καὶ
2313 901 2464 971 ὑμῖν,
2492 902 2569 964 ὡς
2589 903 2770 972 ὁρᾶτε,
2814 903 2908 956 καὶ
2951 906 3120 958 πᾶσιν
3153 906 3422 979 ἀλάθητόν
3454 911 3618 977 ἐστιν,
3662 915 3731 980 ὡς

2170 994 2275 1048 ὑπὸ
2303 993 2440 1047 Θεοῦ
2474 995 2782 1063 μεσιτεύειν
2838 996 2931 1050 ἐπὶ
2962 999 3192 1070 ταυτηνὶ
3217 999 3316 1071 τὴν
3356 1002 3731 1077 μεγαλώνυμον

2169 1085 2267 1139 καὶ
2316 1085 2544 1156 λογικὴν
2591 1086 2833 1158 ποίμνην
2877 1088 3215 1160 ἐτάχθημεν,
3263 1092 3374 1147 πᾶν
3433 1095 3636 1151 σκῶλον
3680 1099 3734 1153 ἂν

2169 1178 2305 1248 αὐτῇ
2333 1178 2602 1249 φυόμενον
2639 1179 2922 1247 ὁμαλίζειν
2956 1181 3050 1234 καὶ
3085 1180 3235 1235 λύειν
3266 1182 3355 1237 διὰ
3387 1186 3622 1258 σπουδῆς
3647 1191 3734 1244 καὶ

2170 1269 2481 1341 προθυμίας
2510 1271 2805 1340 τιθέμενοι.
2852 1272 3011 1325 Ἐπεὶ
3039 1268 3133 1327 οῦν
3178 1290 3326 1336 τινες
3361 1276 3491 1347 περὶ
3517 1279 3613 1350 τῆς
3636 1280 3733 1335 τῶν

2169 1360 2395 1415 εἰκόνων
2426 1361 2520 1415 καὶ
2546 1362 2666 1417 νυνὶ
2695 1362 3024 1432 συζητοῦσιν
3055 1364 3347 1437 ύπάρξεὼς
3372 1384 3430 1419 τε
3460 1369 3556 1423 καὶ
3583 1386 3734 1438 προσ-

2169 1453 2474 1524 κυνήσεως,
2513 1454 2742 1525 χρήσεις
2782 1454 3070 1526 Γραφικάς
3115 1457 3512 1527 ἀντιλεγούσας
3537 1461 3731 1527 τούτοις

2169 1544 2563 1617 προφέροντες,
2596 1547 2746 1599 πᾶσα
2767 1543 2957 1600 λοιπὸν
2984 1546 3199 1619 ἀνάγκη
3227 1548 3325 1618 τὴν
3361 1548 3567 1605 τούτων
3593 1551 3732 1607 λύσιν

2169 1636 2524 1708 ποιήσασθαιο
2566 1637 2642 1701 ὠς
2672 1637 2739 1691 ἂν
2778 1636 2840 1691 τὸ
2881 1639 3013 1709 ἡμῖν
3057 1639 3494 1704 σπουδαζόμενον
3543 1642 3732 1714 (σπου-

2167 1729 2389 1794 δάζεται
2412 1728 2490 1795 δὲ,
2526 1729 2602 1794 ὡς
2633 1728 2767 1796 ἴστε,
2803 1730 3023 1795 πάντως
3047 1733 3184 1802 ἡμῖν
3207 1731 3267 1785 τὺ
3290 1733 3390 1803 τῆς
3417 1735 3631 1808 εἰρήνης
3651 1737 3732 1791 ἐπὶ

478 1821 814 1891 (satagimus
865 1829 1074 1886 autem,
1111 1827 1167 1871 ut
1220 1819 1388 1887 probe
1446 1818 1640 1881 nostis,
1681 1824 1739 1870 ut
1767 1831 1871 1885 pax
1927 1817 2068 1868 inter

2174 1790 2384 1883 πάντας
2427 1790 2802 1890 ὁμόγνωμοντ),
2850 1790 3156 1893 περαίωσιν
3202 1790 3444 1894 δέξηται.
3473 1790 3628 1890 ’τὀτζ
3650 1790 3730 1883 οὖν

487 1927 680 1967 omnes
717 1920 772 1966 et
798 1914 961 1964 unius
986 1924 1183 1964 sensus
1225 1908 1517 1963 concordia
1555 1905 1852 1977 coalescat)
1883 1914 2068 1976 optato

484 2005 635 2058 exitu
668 2002 1029 2071 compleatur.
1068 2000 1163 2056 llis
1200 2015 1358 2071 ergo,
1390 2014 1626 2070 quorum
1673 2000 1886 2055 animos
1914 2000 2071 2055 dubi-

488 2098 622 2151 tatio
655 2098 855 2165 pulsat,
882 2096 952 2151 ob
989 2110 1149 2166 quam
1181 2093 1582 2163 prepositiones
1630 2093 1939 2148 contrarias
1987 2094 2069 2147 in-

490 2188 720 2250 ducunt,
755 2201 979 2240 necesse
1003 2193 1085 2239 est
1115 2192 1173 2237 ut
1218 2183 1627 2237 conclusionem
1662 2192 1905 2238 vestram
1939 2196 2071 2252 pro-

480 2275 651 2343 betis,
710 2292 1013 2347 eorumque
1059 2273 1398 2341 obiectiones
1458 2272 1791 2328 dissolvatis.
1854 2272 1931 2328 De
1984 2273 2071 2328 bis

489 2384 723 2439 namque
751 2370 915 2424 etiam
946 2379 1073 2424 ante
1101 2382 1229 2422 cum
1268 2365 1502 2436 praesule
1547 2364 1639 2422 hic
1667 2375 1934 2436 praesente
1958 2379 2073 2422 ser-

488 2473 703 2513 monem
735 2459 1102 2524 contulimus;
1130 2466 1186 2510 et
1218 2463 1363 2510 nunc
1392 2455 1547 2509 nobis
1580 2459 1788 2527 pariter
1817 2457 1868 2510 in
1902 2472 2069 2513 unum

484 2552 715 2616 coactis,
769 2565 996 2604 necesse
1036 2558 1118 2604 est
1164 2558 1226 2603 ut
1276 2561 1396 2617 qua:
1433 2555 1558 2603 sunt
1605 2550 1881 2619 proposita
1909 2549 2071 2604 citius

486 2641 714 2695 solvatis
749 2659 762 2695 :
795 2656 863 2695 ne
894 2639 1033 2694 forte
1063 2640 1342 2695 cunctatio
1366 2637 1521 2694 vobis
1553 2639 1608 2693 in
1633 2639 1832 2695 silentii
1860 2641 2070 2696 crimen

482 2744 761 2796 vertatur,
786 2741 838 2785 et
858 2730 1090 2801 jussioni
1120 2741 1321 2787 nostra:
1348 2744 1556 2785 morem
1587 2744 1695 2786 non
1717 2745 1906 2800 gerere
1930 2733 2071 2787 male

478 2826 669 2879 cedat.
706 2822 840 2878 Tum
866 2838 996 2879 vero
1022 2824 1217 2893 optimi
1249 2823 1817 2894 pastorum-principis
1849 2825 2071 2883 asseclze

487 2929 557 2970 ac
585 2927 968 2986 compastores
995 2915 1118 2970 boni
1165 2916 1428 2971 adversus
1463 2913 1701 2970 Leonem
1723 2956 1739 2983 ,
1772 2915 1947 2972 ferino
1986 2919 2070 2974 di-

474 3020 649 3073 .gntnn
672 3007 894 3063 nomine
915 3016 969 3061 et
992 3007 1174 3077 lupino
1198 3021 1360 3063 sensu
1383 3007 1734 3075 instructum,
1760 3008 2067 3066 divinorum

2170 1911 2493 1982 διαποροῦσι
2537 1914 2633 1966 καὶ
2669 1912 2771 1976 τὰς
2794 1913 3104 1983 »προτάσεις
3134 1914 3406 1983 ἐπάγουσι
3447 1915 3509 1969 τὸ
3539 1918 3731 1988 συμπέ-

2172 2019 2362 2073 ρασμα
2399 2002 2709 2074 προτείνειν
2743 2002 3084 2072 ἐπάναγκες·
3117 2005 3245 2075 περὶ
3273 2004 3383 2076 γὰρ
3415 2005 3614 2061 τούτων
3648 2008 3732 2062 καὶ

2169 2093 2248 2166 τῷ
2282 2096 2534 2165 ἀρχιερεῖ
2562 2095 3158 2166 προανεκοινωσάμεθα
3181 2134 3198 2161 ,
3238 2096 3361 2150 νυνὶ
3394 2096 3451 2152 δὲ
3484 2096 3576 2151 καὶ
3605 2115 3730 2169 συμ-

2171 2184 2603 2257 παρουσιάζουσι
2654 2184 2787 2255 ὑμῖν
2831 2183 3223 2257 ὲντελλόμεθα,
3260 2185 3369 2241 τῶν
3404 2187 3730 2261 κεκριμένων

2171 2280 2398 2349 ταχείαν
2423 2276 2611 2332 δοῦναι
2634 2276 2810 2331 λύσινο
2846 2279 3046 2348 μήπως
3077 2278 3109 2349 ἡ
3142 2277 3413 2349 βραδυτὴς
3439 2278 3592 2349 σιγῆς
3618 2280 3732 2350 ὑμῖν

2172 2369 2443 2442 παραιτία
2474 2369 2704 2438 γένοιτο,
2742 2369 2837 2424 καὶ
2873 2370 2975 2423 οὐκ
3006 2370 3086 2435 είς
3126 2369 3294 2425 καλὸν
3326 2371 3404 2436 ὡς
3437 2370 3731 2426 ἀπειθοῦσιν

2173 2460 2307 2531 ὑμῖν
2363 2458 2731 2531 ἀποὸήσεται.
2762 2459 2828 2512 Oi
2886 2458 2945 2513 δὲ
3004 2457 3100 2513 τοῦ
3150 2458 3323 2514 καλοῦ
3363 2459 3732 2532 ἀρχιποίμενος

2172 2554 2364 2610 ὀπαδοὶ
2404 2555 2500 2608 καὶ
2542 2551 2940 2624 συμωιμὲνες,
2967 2532 3227 2606 κατά’τοῦ
3269 2551 3615 2624 θηριωνύμου
3650 2551 3733 2603 καὶ

2172 2647 2507 2718 λυκόφρονος
2537 2645 2769 2709 Λέοντος
2796 2643 2899 2716 τὴν
2926 2644 3037 2697 τῶν
3065 2642 3230 2697 θείων
3250 2642 3452 2713 λογίων
3478 2643 3732 2716 φαρέτραν

2173 2723 2524 2804 ἑλκύσαντες,
2556 2739 2649 2793 καὶ
2675 2740 2747 2794 τά
2773 2741 2831 2793 ὲν
2857 2737 2997 2809 αύτῇ
3028 2737 3139 2791 τῶν
3166 2737 3411 2810 ἐλέγχων
3438 2736 3564 2808 βέλη
3595 2737 3733 2808 ἀμοι-

2175 2832 2337 2887 ϐαδὸν
2407 2830 2840 2896 ὲκκενώσαντες,
2915 2828 3265 2900 δλοσώματον
3330 2828 3480 2901 αὐτῷ
3537 2827 3732 2898 πληγὴν

2172 2923 2603 2996 ἀπειργάσαντο.
2651 2922 2763 2976 Καὶ
2787 2922 2878 2977 ἵνα
2909 2920 2985 2992 μὴ
3014 2919 3084 2975 τὰ
3120 2921 3211 2990 ὑφ’
3239 2921 3474 2976 ἑκάστου
3515 2919 3628 2974 τότε
3652 2920 3732 2971 λε-

2172 3012 2414 3085 λεγμένα
2447 3010 2592 3065 κατά
2627 3009 2828 3065 λεπτὸν
2855 3009 3151 3081 διεξίοιμεν
3173 3048 3190 3075 ,
3222 3011 3359 3082 μίαν
3388 3013 3453 3065 ὲκ
3499 3010 3728 3073 πάντων,

480 3098 830 3169 eloquiorum
875 3099 1188 3168 pharetram
1221 3099 1633 3167 depromentes,
1684 3101 1846 3170 inque
1880 3117 1942 3158 ea
1979 3117 2067 3157 re-

2171 3107 2248 3172 ὡς
2311 3108 2370 3160 ἐν
2428 3103 2743 3177 περιλήψει,
2803 3103 2988 3175 φωνὴν
3055 3102 3469 3177 ἑκθησαίμιθα,
3525 3103 3731 3176 ἔχουσαν

472 3190 661 3257 posita
726 3191 1140 3260 coargutionum
1172 3191 1281 3246 tela
1334 3192 1694 3248 succedaneis
1731 3194 1942 3248 vicibus
1981 3195 2066 3251 el-

2170 3191 2278 3252 ὧδε
2295 3212 2308 3228 ·

462 3284 795 3347 Jundentes,
852 3298 1015 3338 uuam
1052 3284 1149 3339 toti
1206 3285 1422 3354 corpori
1469 3284 1686 3354 plagam
1738 3287 2059 3347 intulerunt.
2098 3293 2179 3349 Ac
2208 3304 2276 3345 ne
2342 3286 2572 3358 singulis
2610 3300 2710 3356 per
2768 3285 2820 3342 id
2842 3285 3257 3357 tempusdieta
3297 3286 3558 3343 minutius
3602 3283 3733 3342 refe-

467 3388 672 3432 .rentcs
694 3374 791 3449 (ιι),
826 3377 986 3431 taedio
1025 3377 1219 3443 simus,
1250 3391 1416 3431 unam
1460 3392 1525 3432 ex
1560 3377 1817 3433 omnibus
1846 3379 2143 3439 universitn
2170 3392 2557 3449 componemus
2587 3391 2799 3443 vocem,
2825 3378 3154 3445 ejuscemodi
3187 3377 3305 3435 fere
3331 3388 3534 3435 tenore.

554 3466 649 3522 57.
692 3465 846 3532 Quod
862 3464 1116 3534 quidem,
1141 3464 1457 3534 imperator,
1491 3465 1691 3534 quibus
1716 3464 1940 3535 judiciis
1972 3483 2069 3524 ne-

465 3559 712 3622 .scimus,
742 3556 1027 3611 constituti
1063 3556 1188 3612 sitis
1225 3566 1285 3611 ut
1316 3560 1370 3610 in
1394 3556 1603 3612 Christi
1633 3558 1876 3613 maximo
1903 3574 2068 3630 grege

483 3648 750 3722 scquestri
784 3658 965 3719 partes
1009 3663 1074 3703 ac
1116 3649 1434 3704 mediatoris
1483 3651 1698 3720 agatis,
1754 3665 1932 3722 neque
1966 3667 2068 3708 nos

490 3757 667 3811 neque
700 3741 839 3796 alios
864 3741 997 3796 latet
1032 3740 1193 3808 ullos,
1219 3742 1295 3797 uti
1322 3742 1440 3813 ipse
1468 3743 1729 3813 loqueris.
1757 3744 1913 3811 Quod
1933 3760 2066 3801 vero

486 3846 770 3899 stateram,
821 3849 929 3904 qua
971 3844 1319 3904 sequestrum
1362 3835 1499 3906 agis,
1531 3835 1584 3889 in
1632 3836 1916 3892 adversam
1949 3837 2066 3908 ipso

487 3928 673 3982 statim
730 3926 889 3981 initio
946 3936 1156 3995 partem
1221 3927 1647 3997 propendentem
1705 3928 2068 3997 instruxeris,

489 4034 655 4073 nemo
691 4019 863 4075 nescit
904 4020 997 4089 qui
1032 4029 1178 4074 rect-e
1210 4018 1461 4090 judicare
1517 4021 1679 4075 norit.
1711 4020 1804 4076 Ille
1832 4036 2066 4093 namque

487 4119 774 4179 sequester
806 4110 884 4181 (ας)
921 4121 1006 4166 est
1031 4128 1094 4166 ac
1128 4111 1418 4176 mediator,
1459 4127 1562 4166 non
1598 4113 1688 4183 qui
1724 4113 1846 4178 hac,
1875 4113 2069 4169 illacve

480 4216 775 4271 perperam
815 4202 1006 4264 trahit,
1040 4213 1202 4271 atque
1235 4202 1300 4256 ad
1328 4203 1558 4271 gratiam
1591 4202 1731 4272 parti
1757 4204 1916 4258 alteri
1949 4218 2069 4259 mo-

489 4304 731 4347 mentum
765 4293 977 4359 tribuit,
1017 4295 1111 4347 sed
1135 4294 1226 4362 qni
1255 4308 1321 4346 ex
1352 4306 1507 4362 atque
1538 4294 1782 4364 utrisque
1810 4295 2065 4350 consulit.

2243 3466 2343 3531 vC'.
2375 3466 2497 3518 Ὀτι
2529 3464 2650 3536 μὲν,
2676 3458 2722 3519 ὦ
2751 3464 2995 3535 βασιλεῦ,
3014 3467 3285 3538 κρίμασιν
3313 3462 3396 3532 οἷς
3422 3466 3724 3538 ἀγνοοῦμεν,

2172 3555 2268 3610 ἐπὶ
2300 3553 2399 3626 τὴν
2434 3553 2701 3625 μεγίστην
2725 3553 2964 3626 Χριστοῦ
3002 3559 3239 3627 ποίμνην
3298 3556 3597 3628 μεσιτεύειν
3621 3553 3729 3609 ἑτά-

2172 3647 2364 3719 χθητε,
2384 3645 2484 3700 καὶ
2514 3646 2647 3717 ἡμῖν
2676 3646 2772 3700 καὶ
2802 3646 3073 3712 πᾶσιν,ὡς
3101 3645 3258 3718 ἔφης,
3289 3648 3555 3720 ἀλάθητόν
3577 3648 3720 3713 ἐστιν.

2175 3740 2297 3792 Ὀτι
2324 3738 2384 3791 δὲ
2421 3736 2490 3791 τά
2526 3734 2671 3805 ζυγά
2697 3735 2798 3806 τῆς
2834 3736 3115 3806 μεσιτείας
3144 3737 3204 3803 ἐξ
3229 3738 3403 3809 αὐτῆς
3426 3736 3594 3807 ἀρχῆς
3616 3734 3726 3802 ὑμίν

2170 3829 2511 3904 ἑτερορῤεπῆ
2541 3827 2946 3894 διεσκεύασται,
2978 3828 3181 3900 ἥκιστα
3208 3831 3320 3894 τοῖς
3343 3828 3545 3901 κρίνειν
3571 3823 3727 3896 ὀρθῶς

2170 3924 2557 3996 ἐπισταμένοις
2602 3922 2892 3995 ἠγνόηται.
2920 3922 3164 3994 Μεσίτης
3194 3922 3306 3994 γὰρ
3333 3924 3562 3985 ἐκεῖνος,
3591 3918 3679 3988 οὐχ
3702 3915 3729 3968 ό

2167 4017 2298 4089 τῇδε
2327 4017 2360 4089 ἥ
2400 4015 2528 4088 τῇδε
2563 4014 2876 4088 παρέλκων,
2918 4015 3012 4069 καὶ
3043 4018 3144 4086 τὴν
3184 4015 3380 4071 ἑαυτοῦ
3416 4014 3618 4085 θατέρῳ
3646 4013 3725 4082 ῥο-

2169 4112 2279 4180 πὴν
2305 4108 2718 4182 .χαριζόμενος⁶
2755 4107 2873 4161 ἀλλ’
2903 4109 2931 4162 ό
2972 4104 3035 4162 τὸ
3073 4109 3189 4163 ίσον
3232 4111 3349 4173 τοῖς
3389 4107 3475 4178 ἐφ’
3511 4105 3726 4173 ἑκάτερα

2170 4199 2649 4274 προμηθούμενος.
2683 4201 2750 4254 Et
2779 4194 2874 4254 οὖν
2898 4199 3175 4271 διαιτῆσαι
3206 4201 3304 4255 καὶ
3335 4200 3490 4253 λῦσαι
3517 4198 3581 4267 τῇ
3616 4194 3726 4247 Ἐκ-

2151 4292 2373 4375 ,κλησίιι
2396 4293 2461 4346 τὰ
2493 4293 2768 4347 σκάνδαλα
2794 4292 3233 4366 προτεθύμησαι,
3256 4293 3310 4346 τι
3340 4291 3414 4364 μὴ
3444 4288 3573 4360 πρὸς
3604 4283 3722 4339 πάνυ

488 4385 544 4435 δι
569 4399 700 4455 ergo
733 4386 803 4437 ita
840 4384 1023 4438 animo
1055 4383 1278 4438 affectus
1315 4398 1395 4452 es,
1455 4397 1511 4438 ut
1555 4394 1672 4439 orta
1730 4388 1780 4439 in
1814 4386 2057 4439 Ecclesia

2169 4404 2266 4447 τας
2298 4386 2494 4455 ἀκλινῆ
2527 4388 2625 4460 τὴν
2671 4386 2846 4459 ῥοπὴν
2883 4386 3246 4454 ὲπιδέδειξαι;
3282 4385 3417 4456 Ὀρᾷ
3448 4383 3550 4454 γὰρ
3579 4377 3674 4441 πᾶιὶ
3704 4375 3729 4429 δ

1753 4560 1991 4616 VARI/Et
2030 4559 2439 4618 LECTIONES.

555 4724 577 4748 ⁶
624 4736 721 4773 ms.
759 4719 926 4791 προύς
952 4719 1180 4789 ῦπέδρα.

2002 4805 2238 4863 NOTAE.

490 4975 769 5035 extulit,et
796 4990 891 5043 per
919 4973 1325 5043 simulationem
1354 4968 1500 5023 illam
1516 4968 1750 5043 adorans
1771 4984 1831 5043 :__r
1856 4967 2069 5043 Sentio,

482 5037 844 5115 inquit,quod
867 5054 1055 5115 vos,ut
1076 5037 1290 5115 videtis,
1323 5054 1497 5115 neque
1521 5054 1549 5115 ιι
1583 5037 1738 5115 vobis
1759 5038 2066 5115 dissi-deo.)

487 5106 596 5168 Sed
648 5106 764 5170 huic
833 5117 884 5166 in
951 5106 1219 5181 colloquio
1253 5120 1378 5164 ante
1410 5106 1782 5181 ’Nativitatem
1839 5106 2069 5181 Christi,

487 5184 744 5240 videlicet
793 5200 939 5238 anno
983 5177 1369 5237 Sil-exeunte
1425 5187 1643 5249 peracta
1688 5177 1972 5249 Διεςςμιιιιιι·
2004 5177 2069 5249 in

487 5255 800 5324 Appendice
851 5252 1198 5322 Theophanis
1261 5246 1480 5324 quando
1522 5256 1576 5324 et
1614 5264 1633 5298 ι
1674 5246 1743 5324 _in
1796 5246 2069 5301 Natalitiis

489 5317 779 5379 ecclesiam
826 5317 1125 5392 ingressus,
1163 5317 1350 5376 Coram
1384 5317 1543 5392 altari
1576 5331 1642 5371 ex
1673 5317 2066 5392 imperatorum

487 5386 1062 5448 consueuuline'stctit
1097 5403 1150 5446 et
1180 5388 1482 5460 corporale
1497 5400 1651 5460 sacra
1684 5386 1895 5460 Domini
1935 5403 2058 5460 nos-

492 5466 560 5518 tri
590 5464 716 5518 Jesu
744 5462 952 5517 Christi
982 5456 1341 5517 nativitate'in
1365 5474 1431 5513 eo
1452 5456 1664 5526 depicta
1695 5456 1910 5526 insigne
1930 5456 2064 5511 ado-

2180 4967 2396 5041 Pharao
2444 4967 2702 5041 [eraelent
2746 4989 2767 5024 ι
2803 4982 2911 5028 etc.
2942 4974 3131 5029 Annus
3165 4983 3297 5030 tunc
3345 4975 3572 5041 cmperat
3608 4959 3719 5040 εις,

2252 5036 2334 5109 (υ)
2362 5038 2417 5092 In
2450 5037 2577 5093 Vita
2609 5043 2782 5096 sancti
2829 5041 3036 5098 Nicolai
3083 5045 3311 5099 Studita:
3347 5059 3361 5097 :
3398 5036 3721 5104 «'ArrOganti

2177 5120 2257 5184 ac_
2280 5109 2661 5184 fremebundo
2686 5126 2872 5177 sensu,
2918 5113 3062 5182 quod
3094 5129 3191 5184 per
3221 5128 3461 5169 errorem
3494 5109 3721 5184 iuvene-

2180 5178 2435 5250 rabilium
2498 5179 2799 5250 imaginum
2858 5178 3260 5238 restitutionem
3314 5178 3721 5250 consensissenh

2176 5247 2440 5328 adversus
2479 5246 2734 5328 magnum
2782 5253 3094 5322 pontiﬁcem
3142 5255 3429 5322 sociosque
3474 5246 3723 5309 velut!"o

2174 5326 2443 5387 concione
2472 5326 2686 5375 orabat.
2723 5338 2746 5373 ι
3525 5384 3534 5387 ,
3613 5351 3707 5387 -..-’

2245 5385 2341 5463 (ολ
2374 5386 2738 5463 Singulorum
2791 5392 3074 5463 sententiae
3131 5395 3479 5463 proferuntur
3523 5384 3574 5438 in
3613 5376 3721 5433 Vita

2168 5454 2343 5533 sancti
2390 5454 2602 5513 Nicetw
2632 5454 2851 5532 ;5|iqua
2904 5454 3248 5533 attinguntur
3281 5483 3309 5517 ιι
3345 5461 3520 5515 Leone
3557 5463 3719 5522 gratu-

491 5536 640 5588 ravit
664 5541 721 5586 et
747 5533 1023 5587 osculatus
1043 5543 1146 5587 est.
1184 5529 1380 5584 Verum
1408 5524 1670 5581 luminum
1698 5524 1838 5580 festo
1867 5530 2068 5596 ingres-
2164 5527 2391 5580 tnaticn.

489 5618 584 5657 sus
631 5615 735 5656 non
785 5601 1078 5655 adorauit:
1119 5602 1470 5671 primuinque
1527 5598 1656 5650 illud
1708 5597 2062 5671 simulanter,

489 5673 634 5728 haud
686 5685 850 5732 vere.
906 5668 1206 5725 exhibitntn
1264 5678 1640 5737 rngnmertmt
1676 5682 1689 5720 :
1724 5668 2065 5733 peruetisquc

488 5743 718 5815 proinde
766 5739 1047 5794 Fastorum
1102 5742 1399 5802 solcmnirs,
1453 5737 1863 5807 C(I'pilaggt‘edi
1919 5739 2063 5789 velut

2241 5598 2320 5665 (at)
2361 5599 2671 5654 AnnOtarat
2731 5599 2821 5655 hic
2870 5600 3183 5666 Combelis.,
3248 5596 3493 5667 sequestri
3545 5595 3718 5667 nomen

2169 5658 2311 5719 nia-te
2355 5679 2672 5735 usurpatum
2705 5685 2735 5725 ιι
2776 5671 2981 5739 Leone,
3029 5675 3121 5742 qui
3172 5658 3326 5727 recti.
3359 5661 3615 5737 dogmatis
3658 5658 3720 5706 sit

2169 5748 2508 5801 persecutor.
2716 5754 2724 5763 '
