3986 6424
298 411 403 480 113

1842 424 2013 485 ΥΙΤᾹ
2028 472 2040 484 .

3495 422 3595 484 114

294 525 648 599 βουλόμενος,
687 523 818 591 τοῦς
851 522 953 599 μιν
992 526 1084 581 τδν
1124 525 1286 600 ὀρθὸν
1312 526 1467 597 λόγον
1499 528 1898 602 πρεσϐεύοντας

2011 534 2265 588 scandala
2304 534 2435 590 velis
2466 532 2680 588 solvere
2728 542 2889 603 atque
2949 531 3316 601 exstinguere,
3356 544 3454 584 cur
3482 547 3590 581 ttmt

293 617 776 689 ἀπεληλαμένους,
824 618 922 674 καὶ
970 620 1087 683 τοῖς
1135 620 1544 694 κακουργοῦσιν
1590 622 1769 690 ἐξίσου
1810 624 1901 676 τὸν

296 710 539 766 κίνδυνον
570 710 956 782 ὑπομένοντας
976 727 990 746 ο
1021 714 1151 777 τοὺς
1180 713 1238 767 δέ
1268 713 1533 768 τάναντία
1563 713 1902 786 θρησκεύον-

300 820 393 867 τας
431 804 578 874 ὑμῖν
623 804 1055 876 στεργομένους,
1091 805 1188 859 καὶ
1220 807 1404 874 πάσης
1443 805 1741 877 τημελείας
1773 824 1900 875 apat-

299 897 420 967 rga;
441 895 862 961 ἀπολαύοντας.
891 898 963 950 Ἢ
1004 897 1105 968 οὑχ
1131 891 1282 953 οὗτοι
1311 898 1423 969 μὲν,
1452 899 1510 952 ἐν
1537 899 1901 971 χρυσοφόροις

297 988 616 1053 αὐλίζονται
652 988 906 1060 δώμασιν
931 1030 946 1055 ,
994 991 1147 1062 ἡμᾶς
1184 989 1242 1045 δὲ
1281 990 1683 1063 καθειργνύντα
1716 1008 1902 1046 στενο-

294 1084 464 1155 χωρεῖ
502 1081 581 1136 τά
619 1083 1014 1157 δεσμωτήριας
1048 1085 1125 1138 Οὐ
1161 1084 1230 1137 τά
1270 1083 1510 1154 ἐδώδιμα
1546 1084 1760 1149 τούτοις
1803 1084 1904 1157 τῆς

295 1175 674 1246 ἀνακτορικῆς
709 1174 997 1245 δαψιλείας
1025 1176 1519 1247 ἀποκεκλήρωται,
1548 1177 1699 1248 ἡμᾶς
1734 1177 1794 1231 δέ
1823 1177 1906 1231 λι·

298 1267 393 1337 μδς
451 1267 648 1331 πιέζει
703 1267 801 1322 καὶ
858 1268 1021 1341 κόρος
1073 1267 1286 1332 ἐνδείας
1332 1267 1715 1340 ἐμπίπλησιν;
1766 1269 1905 1341 Οὐχὶ

296 1361 441 1415 πᾶσι
482 1357 681 1430 βίϐλος
724 1358 942 1422 τούτοις
971 1361 1183 1414 ἀνεῖται
1216 1359 1353 1432 πρὸς
1395 1358 1646 1431 ἔρευναν,
1687 1359 1811 1432 δίκη
1846 1360 1904 1413 δέ

294 1455 403 1516 τοῖς
425 1454 804 1524 ἐπιχορηγεῖν
829 1451 1036 1515 ταύτας
1064 1454 1199 1524 ἡμῖν
1229 1451 1635 1524 ἐπικρέμαται;
1660 1453 1729 1507 Τί
1762 1470 1905 1522 γνω-

295 1543 506 1616 parm:
543 1544 843 1615 μεσιτείας
866 1546 924 1598 ἐν
945 1544 1156 1609 τούτοις
1195 1543 1569 1616 ἐμπύρευμα;
1603 1544 1699 1609 Τίς
1730 1547 1903 1599 ίσονο-

296 1635 420 1706 μίας
449 1636 895 1708 ἐμπολιτεύεται
931 1636 1149 1701 τούτοις
1186 1637 1492 1711 appensa;
1530 1638 1627 1702 Τίς
1667 1639 1903 1709 ἀτρεψία

290 1732 408 1797 νοδς
436 1732 767 1803 ίσορῤόπως
796 1730 1007 1795 τούτοις
1034 1732 1319 1785 ἐπιστατεῖ
1342 1731 1438 1784 καλ.
1456 1732 1617 1803 τηρεῖ
1637 1731 1696 1785 τὸ
1724 1748 1904 1785 συνει-

290 1818 376 1887 9r,-
414 1822 881 1895 ἀτοαρέγκλιτον;
922 1824 1110 1878 Ταῦτα
1158 1823 1342 1877 τοίνυν
1383 1822 1652 1894 ὁρῶντες,
1706 1824 1804 1877 καὶ
1841 1822 1904 1876 τὸ

291 1914 620 1979 πολυκλινές
647 1915 754 1987 τῆς
781 1916 1068 1987 ὑμετέρας
1108 1914 1349 1980 νεύσεως
1383 1914 1758 1987 ἐννοούμενοι,
1804 1917 1899 1970 καὶ

290 2009 365 2071 ὡς
410 2012 476 2063 ἐκ
527 2008 770 2080 πρώτης
824 2008 924 2081 ἤδη
974 2007 1237 2080 ἐπιϐολῆς
1280 2007 1502 2081 ἐρήμην
1545 2008 1901 2081 καταδιαιτη-

296 2100 513 2171 ﬁdem“
542 2099 685 2171 (l6),
716 2098 780 2153 τδ
815 2103 916 2171 τῆς
937 2099 1238 2167 καθολικῆς
1284 2098 1613 2169 Ἐκκλησίας
1646 2099 1774 2170 σιγῇ
1817 2114 1898 2153 τι-

310 2191 496 2263 μῶμεν
522 2191 813 2263 αἰδέσιμον
833 2207 848 2223 ο
883 2192 959 2255 ὡς
991 2191 1060 2245 ἂν
1092 2190 1168 2263 μὴ
1196 2189 1275 2261 τῷ
1315 2190 1567 2262 βορϐόρῳ
1598 2190 1697 2260 τῆς
1729 2188 1898 2260 βλασ-

309 2282 513 2353 φημίας
568 2280 809 2349 ἁλῶναι,
868 2282 963 2339 καὶ
1028 2281 1328 2353 χρανθῆναι
1387 2280 1571 2351 λόγοις
1622 2280 1898 2353 ἀκόρεστα

298 2376 435 2429 κατά
469 2376 575 2446 τῆς
606 2374 940 2446 οἰκονομίας
974 2372 1218 2448 Χριστοῦ
1282 2374 1722 2444 ἀσελγαίνουσιν.
1773 2372 1899 2425 Ἐπὶ

291 2464 358 2523 αὗ
395 2470 461 2541 τῇ
504 2470 885 2539 οίκουμενικῇ
926 2469 1280 2539 καταστροφῇ
1312 2467 1397 2530 τίς
1442 2467 1571 2537 ὑμῖν
1620 2465 1901 2536 σώφρονος

291 2558 556 2631 λογισμοῦ
586 2541 889 2630 συνέψεται
907 2558 1135 2630 κύριος;
1174 2559 1292 2628 Ἀφ’
1318 2556 1473 2630 ήλίου
1504 2557 1610 2628 γὰρ
1635 2555 1898 2623 ἐκϐολῶν,

272 2653 386 2706 ’καὶ
408 2651 583 2724 μέχρι
610 2651 895 2723 Γαδείρων
927 2651 1021 2705 καὶ
1060 2650 1404 2720 Ἡρακλείων
1434 2647 1673 2719 στηλῶν,
1721 2648 1753 2719 ὴ
1788 2647 1899 2702 τῶν

291 2745 451 2815 ιερῶν
482 2745 729 2799 εἰκόνων
778 2742 1072 2809 σεϐἀζεται
1122 2742 1361 2814 ποίησις,
1400 2741 1469 2813 ῆν
1498 2742 1559 2795 οὑ
1606 2740 1770 2813 χθιζή
1815 2757 1899 2804 τις

290 2837 526 2901 ἐπίνοια,
555 2837 594 2906 ἡ
632 2835 882 2907 Χριστοῦ
910 2835 968 2890 δέ
996 2835 1141 2907 πρὸς
1180 2833 1507 2906 ἀνθρώπους
1536 2834 1804 2906 ἐπιδημία
1838 2835 1900 2889 τὸ

288 2925 429 2984 εἶναι
464 2929 662 2998 σαφῶς
686 2930 1039 2999 ἐπιφέρεται.
1086 2928 1209 2981 Ἐπὶ
1249 2928 1429 2999 τούτῳ
1468 2929 1649 2982 τοίνυν
1679 2926 1758 2999 τῷ
1806 2929 1899 2983 θε-

293 3020 461 3092 μελίῳ
495 3021 822 3092 προφήτας,
857 3017 1198 3083 ἀποστόλους
1230 3019 1326 3071 καὶ
1360 3018 1718 3082 διδασκάλους
1744 3021 1899 3072 ἐποι-

292 3114 550 3183 κοδομεῖν
582 3108 987 3182 δεδιδάγμεθα·
1026 3109 1265 3180 βασιλεῖς
1304 3108 1361 3163 δέ
1394 3109 1643 3163 ὑπείκειν
1677 3108 1776 3180 μὲν
1804 3110 1899 3164 καὶ

2003 627 2165 682 etiam
2193 627 2245 681 in
2282 641 2472 682 onntes
2496 627 2702 697 pariter
2728 625 2991 680 acelinem
3031 623 3239 679 lancem
3269 622 3593 677 ostendisti?

2005 720 2229 776 Cunctis
2248 735 2479 790 namque
2507 719 2685 789 palam
2712 718 3065 787 conspicuum
3096 725 3199 782 est,
3224 730 3319 771 eos
3340 713 3588 787 quidem.

2004 813 2095 884 qui
2126 822 2276 868 recto
2303 811 2541 884 dogmati
2575 811 2794 865 student
2829 808 3265 880 persecutionem
3318 808 3450 875 pati,
3491 793 3592 878 pa-

2005 903 2158 973 rique
2184 900 2411 957 nefariis
2450 901 2583 956 viris
2612 910 2777 968 atque
2808 898 3154 969 patibulariis
3202 898 3332 952 alme
3354 895 3590 965 Subjici;

2002 1010 2096 1049 eos
2119 1009 2272 1061 vero,
2307 995 2396 1065 qui
2430 1008 2590 1049 secus
2619 994 2887 1057 sentiunt,
2927 991 3078 1047 vobis
3109 991 3161 1045 iu
3191 989 3402 1044 deliciis
3441 1003 3597 1068 esse,

2003 1089 2264 1158 omnique
2293 1101 2423 1142 cura
2461 1102 2524 1141 ac
2568 1085 2907 1155 benignitate
2947 1084 3145 1139 foveri.
3183 1081 3436 1151 Nunquid
3483 1098 3590 1135 non

2003 1178 2058 1234 hi
2088 1180 2308 1250 quidem
2343 1178 2638 1233 instructas
2667 1177 2876 1232 auratis
2899 1175 3252 1247 laquearibus
3280 1174 3475 1229 deuios
3497 1172 3590 1228 ha-

2003 1273 2345 1339 bitant;_uos
2393 1283 2574 1326 autem
2630 1285 2920 1327 carcerum
2952 1270 3218 1341 angustiae
3282 1270 3334 1323 in
3369 1278 3580 1323 aretttm

2004 1363 2241 1435 cogunt?
2268 1363 2455 1418 Nonne
2487 1362 2570 1418 his
2603 1364 2765 1430 regia:
2793 1361 3181 1416 muniﬁcentiae
3235 1360 3446 1415 addicta
3483 1357 3590 1413 fer-

2003 1457 2158 1520 cula;
2219 1471 2316 1511 nos
2347 1464 2527 1510 autem
2580 1454 2754 1509 fames
2786 1455 2985 1525 premit
3020 1454 3317 1524 impletque
3362 1454 3591 1508 satietas

2002 1550 2307 1620 egestatis?
2353 1562 2531 1603 nonne
2570 1548 2657 1603 his
2707 1563 3030 1603 concessum
3077 1557 3134 1601 ut
3178 1563 3313 1617 quos
3370 1547 3589 1602 liltuctit

2004 1648 2317 1695 scrutentur
2351 1639 2554 1705 libros;
2595 1639 2648 1694 in
2682 1639 2771 1709 jus
2799 1650 2981 1693 autem
3007 1653 3069 1693 ac
3097 1639 3303 1693 crimen
3337 1649 3586 1703 vocatur.

2003 1731 2253 1801 quisquis
2283 1731 2546 1785 librorum
2574 1731 2728 1786 nobis
2768 1731 2985 1800 capiam
3028 1728 3265 1785 fecerit?
3325 1730 3584 1799 Quanam

2006 1823 2171 1878 rebus
2203 1824 2274 1877 ita
2305 1822 2623 1877 constitutis
2676 1822 3027 1878 mediationis
3061 1832 3155 1877 aut
3184 1823 3588 1881 conciliationis

2007 1917 2216 1985 species
2247 1913 2605 1983 agnoscitur?
2631 1913 2895 1980 Quaenam
2916 1913 3066 1985 viget
3089 1917 3342 1986 aequitas,
3373 1917 3424 1970 in
3452 1932 3588 1972 neua

2005 2018 2142 2063 tram
2162 2006 2353 2061 innexa
2376 2016 2587 2076 partem
2606 2005 2629 2059 ?
2649 2005 2778 2073 Qum
2800 2006 2999 2062 mentis
3033 2010 3364 2076 constantia,
3389 2010 3584 2079 mquali

2003 2111 2264 2170 utrosque
2299 2099 2454 2152 lance
2482 2098 2712 2163 librans,
2744 2098 2961 2153 neutris
2986 2100 3126 2155 male
3160 2098 3433 2155 faventem
3459 2115 3593 2157 con-

2002 2192 2289 2248 scientiam
2345 2190 2616 2246 servans?
2673 2189 2799 2245 Haec
2861 2191 3046 2261 itaque
3098 2206 3221 2246 cum
3281 2192 3586 2256 videamus,

2002 2299 2274 2358 quamque
2304 2297 2574 2354 propenso
2610 2283 2665 2337 in
2696 2284 3044 2340 adversarios
3072 2285 3255 2339 animo
3278 2299 3463 2339 eorum
3505 2300 3590 2339 re-

2005 2382 2104 2437 bus
2157 2377 2428 2434 studeatis
2487 2376 2589 2452 ipsi
2647 2376 2932 2431 nobiscum
2970 2386 3308 2446 reputantes,
3336 2377 3583 2444 certique

2003 2473 2245 2527 futurum
2278 2478 2336 2524 ut
2380 2484 2410 2523 a
2466 2469 2648 2536 primo
2703 2483 2999 2540 congressu
3025 2469 3210 2524 statim
3263 2470 3588 2524 damnemnr

2006 2561 2195 2627 exilio,
2223 2560 2585 2616 venerandam
2618 2559 2886 2616 Ecclesiae
2920 2560 3207 2616 catholicae
3233 2560 3391 2614 [idem
3420 2561 3588 2615 silen-

2005 2657 2083 2711 tio
2109 2655 2365 2719 colimus,
2395 2668 2465 2708 ne
2487 2652 2842 2722 blasphemia:
2886 2666 3046 2708 emno
3084 2653 3422 2720 irretiamur,
3453 2668 3589 2707 neve

2004 2747 2370 2811 sermonibus,
2408 2745 2709 2801 insatiabili
2743 2735 3043 2816 petulantia
3079 2744 3281 2801 Christi
3305 2746 3588 2815 dispenSa-

2007 2839 2211 2893 tionem
2248 2834 2567 2908 ejusque‘in
2604 2852 2770 2893 carne
2798 2837 3123 2909 mysterium
3160 2838 3584 2907 exagitantibus,

2003 2929 2325 2999 polluamur.
2362 2927 2520 2994 Nam,
2563 2943 2770 2998 quaeso,
2804 2928 2927 2997 quis
2961 2942 3107 2982 same
3128 2928 3327 2983 mentis
3354 2926 3508 2982 vobis
3534 2927 3588 2980 in

2002 3020 2153 3075 orbis
2186 3019 2424 3074 universi
2474 3019 2832 3074 subversione
2866 3020 3074 3075 socium
3125 3034 3185 3077 se
3228 3019 3468 3089 praebet?
3508 3020 3591 3079 Ab

2003 3122 2126 3167 ortu
2161 3113 2305 3167 enim
2345 3111 2477 3165 solis
2513 3113 2577 3166 ad
2612 3110 2792 3166 Gades
2840 3125 3012 3180 usque
3058 3121 3113 3166 et
3154 3110 3454 3168 Herculeas
3489 3125 3589 3168 co-

295 3205 560 3277 στέργειν
594 3207 714 3267 τοῖς
748 3203 884 3273 παρ’
924 3202 1108 3257 αὐτῶν
1157 3201 1508 3275 κεκριμένοις
1554 3203 1896 3275 ἐπέγνωμεν,

2006 3204 2223 3258 lumnas
2268 3204 2475 3258 obtinet
2529 3216 2807 3258 sacrarunt
2856 3202 3151 3273 imaginum
3179 3205 3462 3260 veneratio
3502 3213 3588 3259 at-

292 3297 620 3367 κοομοθετεῖν
648 3295 710 3348 δὲ
742 3294 838 3349 καὶ
868 3296 1030 3366 ὅρους
1057 3295 1123 3364 τῇ
1162 3293 1465 3366 Ἐκκλησία
1489 3294 1899 3365 σεσυλημένους

292 3389 581 3458 πηγνύναι
610 3388 851 3458 πάμπαν
884 3389 986 3442 οὐκ
1018 3388 1288 3458 ἔγνωμεν.
1322 3387 1435 3441 Καὶ
1467 3387 1549 3440 ὅτι
1585 3387 1688 3458 μὲν
1721 3386 1896 3458 ἀληθῆ

289 3481 493 3546 ταῦτα,
521 3480 606 3551 τῷ
632 3481 901 3535 συνειδότι
930 3480 1041 3534 τῶν
1062 3478 1353 3549 ἀκροατῶν
1375 3480 1611 3551 ἀφίεμεν
1631 3480 1693 3533 τὸ
1718 3478 1898 3534 τοιοῦ-

288 3591 381 3628 τον
417 3576 738 3645 κριτήριον.
792 3572 917 3627 Ἐπὶ
961 3572 1059 3627 τοῦ
1108 3572 1346 3644 φοϐεροῦ
1394 3575 1506 3644 γὰρ
1552 3574 1764 3628 ἐκείνου
1805 3577 1897 3629 καὶ

290 3664 754 3738 ἀπαραλογίστου
797 3664 1157 3737 δικαστηρίου
1189 3665 1316 3729 τοὺς
1360 3665 1563 3736 ἐαυτῆς
1603 3666 1897 3733 ἐπαινέτας

288 3762 323 3829 ἡ
355 3761 599 3832 ἀλήθεια
626 3758 1001 3830 στεφανῶσει,
1029 3759 1161 3824 τοὺς
1198 3758 1530 3823 ἀντιπάλους
1568 3760 1627 3814 δὲ
1665 3759 1774 3814 τῶν
1802 3763 1895 3817 εὐ-

294 3849 474 3903 σεϐῶν
502 3849 807 3919 δογμάτων
838 3852 919 3913 είς
944 3851 1045 3924 τὴν
1073 3850 1167 3905 τοῦ
1196 3851 1431 3922 ψεύδους
1456 3851 1727 3925 αἰσχύνην
1758 3854 1896 3907 ἀπο-

293 3943 474 4009 κρινεῖ
502 3942 606 3995 καὶ
640 3942 1073 4015 προκρούσεται.

2004 3313 2111 3368 que
2140 3296 2350 3367 religio,
2375 3309 2539 3364 quam
2571 3308 2675 3347 non
2707 3307 2842 3347 nova
2872 3296 3119 3362 quaedam
3144 3292 3419 3364 uniusque
3454 3293 3584 3358 diei,

2004 3402 2063 3445 ut
2093 3391 2267 3455 aiunt,
2293 3387 2597 3447 inventum.
2623 3384 2719 3440 sed
2754 3382 2959 3439 Christi
2986 3383 3051 3439 ad
3074 3383 3326 3440 homines
3354 3383 3590 3438 adventu

2007 3481 2260 3538 noscitur
2285 3478 2583 3534 invexisse.
2618 3462 2798 3546 Super
2827 3477 2932 3531 hoc
2960 3477 3145 3546 itaque
3175 3475 3590 3531 fundamentum

2001 3576 2318 3646 prophetas,
2344 3571 2619 3642 apostolos
2641 3581 2810 3639 atque
2834 3569 3098 3625 doctores
3122 3569 3375 3623 novimus
3399 3581 3594 3635 super-

2006 3669 2313 3731 aediﬁcare;
2345 3665 2704 3733 imperatores
2734 3675 2861 3716 vero
2888 3675 2951 3715 ac
2987 3675 3141 3731 reges
3166 3660 3253 3716 his
3275 3660 3471 3716 cedere
3495 3660 3593 3715 de-

2006 3767 2157 3822 bere,
2196 3768 2248 3813 et
2288 3772 2407 3829 quae
2449 3756 2666 3811 illorum
2717 3753 2920 3808 fuerint
2956 3752 3171 3808 ﬁrmata
3201 3752 3431 3820 judicio,
3463 3765 3588 3807 am-

2006 3853 2168 3926 plecti
2224 3861 2386 3922 atque
2432 3848 2735 3903 indubitata
2769 3846 3003 3910 habere;
3050 3861 3156 3901 non
3198 3859 3327 3900 vero
3376 3843 3594 3899 sancire

2004 3948 2153 4019 leges
2176 3942 2432 4000 Ecclesia“:
2458 3940 2657 3996 nedum
2699 3938 3021 4008 subreptitia
3048 3936 3266 3993 decreta
3293 3936 3469 3990 eidem
3495 3935 3595 3989 ob-

296 4035 539 4097 trudere,
585 4035 812 4106 vimque
843 4036 948 4093 illis
984 4051 1049 4094 ac
1091 4038 1263 4094 robur
1297 4036 1568 4093 violenter
1602 4051 1887 4112 praestare.
1934 4042 2061 4099 Haec
2100 4054 2221 4111 qua:
2283 4037 2520 4092 dicimus
2582 4048 2710 4087 vera
2744 4047 2889 4095 esse.
2917 4045 3084 4101 velles
3113 4031 3425 4085 alldilm‘llm
3459 4042 3596 4084 con-

293 4126 586 4182 scientiam
610 4126 879 4196 judicium
922 4139 1062 4186 esto.
1108 4131 1166 4185 In
1205 4131 1489 4187 tremendo
1534 4149 1769 4204 namque
1820 4151 1885 4193 ac
1920 4135 2142 4193 omnino
2186 4133 2505 4200 incorrupto
2552 4124 2762 4197 judicio
2830 4124 3031 4181 veritas
3068 4139 3197 4181 suos
3273 4123 3590 4182 laudatores

292 4231 657 4285 coronatura,
693 4235 813 4285 eos,
844 4221 937 4291 qui
973 4238 1118 4278 nunc
1159 4225 1266 4294 piae
1306 4224 1568 4281 doctrina:
1601 4230 1990 4298 adversantur,
2035 4231 2088 4285 iu
2130 4215 2405 4283 mendacii
2458 4223 2721 4292 probrum
2764 4220 2974 4291 rejiciet
2999 4230 3163 4289 atque
3210 4218 3456 4290 repellet.

366 4311 471 4379 ντί⁸
503 4312 737 4378 Τούτοις
762 4310 856 4369 οῦν
894 4316 990 4370 καὶ
1019 4316 1296 4383 πλείστοις
1340 4321 1489 4384 ὅσοις
1520 4322 1900 4394 καταϐροντη-

290 4404 408 4469 ὕεὶς
431 4405 537 4478 τὴν
564 4406 834 4471 διάνοιαν,
864 4409 959 4462 καὶ
986 4407 1175 4481 ὥσπερ
1196 4413 1672 4483 ἐκκεκωφωμένος
1696 4416 1764 4469 τὰ
1783 4411 1898 4470 ὦτα

292 4496 398 4549 ὑπὸ
424 4497 527 4567 τῆς
561 4497 675 4550 τῶν
706 4496 1014 4552 θεσπεσίων
1044 4501 1272 4554 ἐκείνων
1316 4502 1502 4569 φανεὶς
1537 4503 1894 4576 ἀπηχήσεως,

291 4591 369 4654 ὡς
422 4591 507 4653 είς
563 4591 732 4645 αὑτὸν
792 4591 893 4662 ἤδη
954 4595 1480 4665 προσκεκρουκότας
1541 4597 1895 4669 ὑποτοπήσας

290 4681 668 4751 ἀσύγγνωστα
699 4682 835 4753 (17)·
866 4684 958 4738 καὶ
983 4684 1240 4759 καθάπερ
1269 4689 1635 4758 συκοφαντίαν
1680 4708 1897 4763 προφα-

292 4774 569 4843 νεστάτην
596 4774 963 4846 ῥαψῳδηθεὶς,
982 4777 1126 4833 οὕτω
1145 4779 1326 4849 φυγὰς
1352 4781 1629 4853 ἀνάνδρως
1646 4785 1739 4837 τοῦ
1764 4783 1893 4837 ίδίου

292 4861 460 4932 λόγου
481 4865 818 4933 γεινάμενος
839 4908 853 4933 ,
888 4869 1138 4939 καθαρὰν
1174 4870 1273 4940 τὴν
1299 4865 1470 4943 ἧτταν
1498 4871 1896 4943 καθωμολόγη-

295 4975 408 5012 σεν*
443 4961 510 5014 οὑ
538 4959 654 5029 γὰρ
677 4956 826 5030 εἶχεν
848 4961 1034 5032 ὀρέξαι
1059 4965 1222 5033 χεῖρα
1250 4962 1329 5035 τῷ
1351 4963 1548 5017 ἐαυτοῦ
1575 4963 1742 5035 λόγῳ,
1774 4964 1897 5018 οὐδὲ

294 5051 403 5124 μὴν
432 5052 767 5121 ἀντιϐλέψαι
791 5053 997 5126 τολμᾷν
1024 5056 1163 5126 πρὸς
1184 5056 1283 5127 τὴν
1309 5056 1420 5109 τῶν
1459 5056 1770 5126 λεγομένων
1797 5059 1895 5112 ἀν·-

290 5145 581 5217 τίρῤησιν.
620 5145 731 5199 Καὶ
766 5146 911 5217 μάλα
961 5150 1208 5212 εἰκότως·
1247 5150 1418 5221 ήγάρ
1461 5150 1758 5217 ἀλαζονία,
1801 5151 1895 5204 καὶ

291 5236 566 5309 βραχείας
603 5231 855 5305 ἐξουσίας
888 5240 1271 5312 ἐπειλημμένη
1293 5284 1307 5307 ,
1340 5244 1539 5307 τελέως
1576 5244 1894 5316 ἔμπληκτον

292 5333 443 5384 ποιεῖ
465 5330 563 5385 τὸν
598 5331 819 5397 ἁλόντα,
855 5333 949 5387 καὶ
981 5333 1227 5405 ἐξίστησι
1257 5336 1352 5389 τοῦ
1383 5339 1622 5407 φρονεῖν.
1657 5338 1722 5390 ’Ἄ
1734 5354 1810 5407 μα
1838 5337 1894 5390 δέ

356 5508 479 5583 (Ili)
517 5508 576 5583 Id
608 5518 696 5563 est
727 5510 930 5583 indicta
962 5527 1150 5583 causa,
1184 5515 1277 5566 seu
1309 5521 1504 5583 negato
1542 5513 1657 5583 loco
1700 5514 1892 5568 delen-

298 5581 467 5635 sionis
504 5597 520 5635 :
558 5581 744 5648 itaque
773 5581 874 5635 hac
911 5597 1046 5636 voce
1089 5581 1482 5638 Demosthenes
1506 5625 1520 5646 ,
1550 5582 1892 5649 Eustathius,

294 5663 348 5707 et
377 5650 470 5704 alii
506 5651 704 5722 optimi
734 5660 986 5706 auctores
1024 5661 1287 5719 utuntur;
1323 5666 1377 5706 ut
1416 5654 1622 5707 exitum
1656 5655 1727 5708 sit
1761 5670 1895 5722 qun-

294 5722 463 5795 nzodq
519 5720 975 5795 Ἑλληνικωτάτῳ
1016 5722 1295 5792 interpreti
1349 5725 1629 5795 exciderit
1685 5720 1902 5795 ἐρήμην

296 5790 887 5861 καταδιαιτηθείημεν,
920 5790 1172 5857 retidere,
1206 5794 1393 5847 exsilio
1421 5790 1755 5848 damnentur".

369 5863 484 5933 (li)
526 5864 829 5931 Sequentia
866 5863 941 5919 sic
991 5863 1155 5919 latius
1185 5865 1469 5921 redderem
1504 5882 1516 5918 :
1570 5884 1587 5917 ι
1631 5868 1694 5921 ω
1731 5864 1896 5919 \ciuti

2077 4322 2168 4380 58.
2210 4321 2304 4376 llis
2356 4320 2545 4388 itaque
2607 4317 2843 4386 aliisque
2896 4315 3148 4386 plurimis
3197 4314 3249 4367 in
3300 4314 3592 4382 quemdam

2007 4415 2174 4471 animi
2203 4424 2483 4482 stuporem
2510 4420 2668 4465 actus
2696 4409 2827 4473 Leo,
2854 4407 2998 4463 velut
3026 4408 3225 4462 surdus
3246 4406 3473 4459 auribus
3499 4405 3596 4461 ad-

2008 4508 2078 4562 mi
2091 4504 2281 4559 rabitiu
2293 4519 2340 4555 tn
2356 4516 2641 4573 procerum
2662 4513 2792 4553 voce
2808 4498 3093 4552 iusonaute
3108 4494 3357 4558 effectus,
3378 4506 3434 4549 ut
3449 4494 3595 4552 lassas

2006 4596 2313 4667 majestatis
2358 4609 2473 4648 sua:
2521 4592 2659 4647 citra
2699 4606 2850 4661 spem
2892 4589 3068 4645 venite
3115 4602 3237 4644 reos
3274 4587 3489 4653 habuit,
3540 4598 3595 4643 et

2002 4690 2151 4745 velut
2180 4686 2650 4742 manifestissima:
2679 4684 2969 4739 eulumttiaa
2992 4692 3186 4737 contra
3218 4696 3278 4737 se
3312 4682 3595 4737 instructa!

2004 4785 2322 4846 convictos;
2357 4780 2441 4837 sui
2475 4790 2656 4833 autem
2689 4777 2864 4831 factus
2891 4777 3139 4830 desertor
3160 4776 3457 4840 sermonis,
3487 4775 3597 4829 vic-

2005 4876 2146 4930 toria
2191 4874 2456 4928 cecidisse
2485 4886 2544 4927 se
2583 4869 2788 4941 liquido
2818 4864 2902 4924 est
2934 4867 3240 4939 professus.
3280 4865 3397 4921 Non
3443 4867 3588 4921 enim

2006 4980 2127 5025 erat
2155 4982 2295 5021 unus
2334 4983 2399 5022 ex
2436 4965 2719 5029 omnibus,
2752 4963 2846 5033 qui
2890 4977 3110 5016 manum
3145 4960 3221 5015 illi
3253 4961 3430 5015 victus
3468 4974 3595 5027 por-

2004 5063 2209 5133 rigeret
2249 5080 2261 5116 :
2298 5062 2411 5130 ipse
2445 5069 2628 5113 autem
2665 5072 2765 5112 nec
2807 5057 3081 5125 respicere
3109 5055 3160 5108 in
3194 5069 3289 5109 eos
3332 5050 3590 5114 audebat,

2005 5170 2183 5221 neque
2231 5154 2469 5217 hiscere,
2500 5159 2563 5206 ut
2598 5166 2720 5220 quae
2768 5149 2915 5203 dicta
2958 5147 3204 5210 fuerant,
3257 5144 3591 5199 confutaret.

2003 5244 2168 5314 quue
2195 5244 2319 5313 jure
2351 5244 2626 5309 maximo;
2664 5240 2982 5309 arrogantia
3029 5239 3174 5293 enim
3206 5238 3250 5290 si
3289 5237 3375 5291 vel
3408 5238 3586 5305 modi-

2005 5352 2127 5391 cum
2164 5336 2297 5404 quid
2333 5333 2628 5403 potestatis
2666 5341 2822 5387 nacta
2857 5345 3239 5400 quemcunque
3282 5318 3592 5398 occupavea

2002 5516 2092 5584 qui
2134 5514 2637 5570 tuauil‘estissitnam
2671 5512 3000 5567 calumniam
3033 5522 3310 5584 struxerat
3332 5553 3345 5576 ,
3376 5514 3455 5565 sic
3488 5514 3592 5561 im.

2005 5583 2217 5642 belliter
2256 5588 2519 5654 profugus
2564 5602 2591 5637 a
2628 5599 2727 5639 suo
2761 5598 3014 5638 sermone
3056 5583 3263 5651 liquido
3299 5598 3359 5637 se
3390 5585 3593 5637 victum

2006 5659 2183 5711 fassus
2206 5666 2288 5711 est
2316 5675 2326 5708 :
2358 5673 2461 5709 non
2488 5657 2632 5711 enim
2660 5654 2891 5709 facultas
2908 5657 3229 5722 suppetebat
3258 5655 3594 5708 resumenda:

2001 5727 2269 5780 orationis
2294 5768 2306 5789 ,
2342 5742 2403 5779 ac
2443 5744 2510 5781 ne
2551 5726 2751 5796 ﬁducia
2779 5724 2997 5796 quidem
3036 5724 3362 5793 respiciendi
3396 5728 3462 5776 ad
3506 5742 3591 5777 re-

2004 5800 2324 5855 futationem
2360 5813 2547 5853 eorum
2574 5811 2695 5869 quae
2726 5795 2869 5853 dieta
2906 5796 3142 5851 inerant.
3183 5811 3204 5846 ι
