3978 6474
347 394 448 459 115

1343 391 1407 452 S.
1448 390 1873 454 NICEPHORI
1909 389 2420 452 PATRIARCHJE
2458 391 2572 453 CP.

3515 391 3611 456 116

345 508 440 574 rit,
472 505 737 561 furiosum
768 503 991 559 omnino
1032 516 1095 558 ac
1126 500 1438 557 dementem
1468 501 1667 557 reddit.
1700 499 1782 554 Ad
1811 500 1926 555 haec
1954 519 1968 560 λ

2049 498 2123 551 ταὶ
2151 498 2427 568 ἠπίστατο
2454 495 2650 551 ἑαυτὸν
2676 496 2955 568 ἁλώσιμον
2986 501 3052 571 τῇ
3083 499 3177 553 τοῦ
3205 499 3366 570 λόγου
3431 504 3613 569 συνείς-

344 612 507 652 causa
550 598 602 650 in
636 611 866 651 examen
917 604 1128 660 vocata,
1174 593 1262 648 illa
1308 607 1369 648 se
1414 592 1633 663 penitus
1672 607 1928 647 casurum

344 700 574 744 noverat
598 706 613 743 :
633 688 746 758 jam
770 688 915 743 enim
950 688 1067 756 ipse
1093 700 1309 759 quoque
1337 685 1594 739 invictam
1620 684 1926 750 veritatem,

261 824 267 836 .
345 796 409 836 ac
445 780 603 851 plane
650 780 1079 851 insuperabilem
1129 793 1253 835 esse
1281 777 1369 833 vel
1397 778 1931 846 invitus‘compere-

345 882 451 928 rat.
509 872 875 940 Quamobrem
926 886 1097 942 nugas
1134 870 1430 939 quasdam,
1480 883 1599 938 qua:
1645 866 1839 922 nihile
1870 880 1931 922 re

346 973 555 1030 essent,
590 964 870 1032 praeclaris
913 962 1019 1016 illis
1058 958 1467 1015 mmulaloribns
1499 958 1551 1012 in
1583 956 1796 1011 ruinam
1827 957 1930 1010 im-

346 1053 619 1121 pcllendis
653 1068 979 1121 congerens,
1030 1050 1119 1105 ubi
1158 1064 1310 1104 suam
1345 1048 1461 1118 ipse
1494 1046 1702 1102 cladem
1747 1058 1930 1100 resar-

347 1147 463 1197 circ
495 1132 756 1213 nequivit,
776 1143 936 1197 minis
964 1142 1215 1207 incussis,
1243 1156 1335 1196 eos
1363 1154 1470 1194 una
1495 1154 1617 1194 cum
1647 1151 1929 1194 sacrorum

350 1237 621 1301 antistite,
664 1235 840 1305 palam
880 1237 946 1288 ab
972 1233 1095 1288 aula
1137 1232 1368 1303 expulit.
1400 1232 1445 1285 0
1472 1231 1573 1286 viri
1604 1232 1656 1285 in
1686 1229 1932 1285 deterius

348 1342 678 1396 propensum
748 1327 1032 1381 animutnl
1067 1341 1099 1380 ο
1141 1340 1328 1380 casum
1382 1322 1701 1378 horribilem
1752 1322 1820 1375 ab
1868 1335 1932 1375 eo

349 1421 491 1488 quod
527 1420 879 1489 praestantius
926 1427 1047 1472 erat
1078 1417 1184 1487 (y)!
1221 1416 1297 1470 Ex
1323 1430 1389 1469 eo
1439 1429 1670 1483 namque
1713 1413 1930 1482 vnlpina

348 1512 547 1577 posita,
596 1509 896 1574 leoninam,
934 1517 990 1563 ut
1051 1517 1135 1563 est
1165 1508 1218 1561 in
1261 1506 1571 1576 proverbio,
1618 1504 1793 1558 induit
1834 1502 1932 1557 ad-

347 1613 544 1653 versus
583 1600 921 1666 Ecclesium,
966 1600 1258 1671 palamque
1310 1584 1577 1652 instructa
1630 1596 1748 1650 acie
1789 1594 1933 1650 illius

352 1690 838 1757 impugnatoribus
891 1694 1070 1748 socius
1103 1690 1336 1745 accessit
1375 1706 1390 1744 :
1428 1689 1481 1743 in
1512 1688 1704 1760 primis
1752 1694 1933 1742 autem

351 1780 681 1837 {artissimos
733 1785 943 1855 pugiles
981 1783 1174 1841 exsilio
1226 1799 1333 1837 non
1391 1782 1593 1856 invitos
1643 1780 1932 1851 relegans,

353 1872 487 1927 alios
521 1875 643 1929 aliis
671 1875 804 1931 locis
826 1879 1034 1933 addixit
1058 1875 1246 1947 procul
1268 1875 1336 1929 ab
1369 1874 1628 1928 Ecclesiae
1649 1872 1808 1927 atriis
1839 1888 1934 1926 sc--

351 1975 532 2019 motos
567 1980 583 2018 :
615 1950 728 2021 fore
762 1969 907 2023 enim
955 1967 1348 2031 arbitrabatur,
1384 1974 1443 2017 ut
1471 1972 1590 2033 post
1624 1964 1737 2017 lucc
1772 1962 1936 2017 verbo

354 2070 462 2109 uno
507 2057 777 2128 dejectum
847 2059 1246 2130 patriarcbam,
1318 2056 1591 2111 haereticae
1652 2054 1938 2124 pravitatis

353 2147 604 2202 cassibus
624 2161 879 2219 caperet;
908 2150 992 2205 sin
1017 2161 1223 2214 autem,
1250 2155 1309 2201 ut
1331 2161 1391 2201 se
1419 2146 1508 2201 ille
1529 2157 1724 2216 sponte
1752 2161 1938 2199 sacer—

354 2238 488 2292 dotii
528 2241 853 2306 praefectura
894 2242 1201 2307 abdicaret,
1247 2239 1335 2295 cui
1367 2254 1399 2295 e
1441 2253 1600 2295 sacro
1635 2239 1726 2293 illo
1773 2241 1941 2294 cboro

356 2344 518 2384 nemo
564 2331 782 2399 adjutor
837 2341 1173 2402 suppeteret.
1230 2329 1391 2385 Solus
1446 2331 1630 2400 itaque
1677 2329 1944 2400 temporis

354 2418 587 2476 labores
627 2421 828 2487 ferens,
864 2422 916 2475 in
944 2435 1239 2491 supernum
1296 2418 1560 2473 auxilium
1597 2419 1779 2472 animo
1822 2428 1941 2473 erat

354 2513 623 2576 intentus,
657 2513 960 2583 orabatque
987 2521 1046 2567 ut
1078 2511 1324 2567 desolato
1346 2511 1449 2566 sibi
1474 2520 1528 2566 et
1554 2510 1767 2567 consilii
1792 2511 1938 2582 inopi

354 2604 446 2671 pia
479 2604 817 2673 benignitate
853 2604 1225 2676 opitularetur
1257 2606 1422 2660 Deus.

2032 590 2246 658 ετάσειζ·
2261 590 2505 660 ἄληπτον
2522 589 2631 662 γὰρ
2667 589 2785 661 ﬁdet
2814 591 3064 654 κάκεῖνος
3085 588 3249 645 οὖσαν
3291 591 3383 646 καὶ
3411 594 3611 666 ἀήττη-

2030 701 2123 738 τον
2163 684 2264 755 τὴν
2297 683 2575 755 ἀλήθειαν.
2620 682 2786 737 Ὅθεν
2823 683 3092 757 φλυαρίας
3131 685 3232 756 μὲν
3285 684 3615 756 ἐξαγωνίους

2032 777 2170 848 πρὸς
2210 775 2526 830 ὑπόπτωσιν
2550 775 2660 828 τῶν
2685 773 2943 847 ζηλωτῶν
2977 778 3201 831 ἐκείνων
3230 781 3614 850 συμφορήσας,

2032 868 2095 923 οὐ
2140 868 2390 940 δυνηθεὶς
2437 868 2495 921 δὲ
2525 868 2626 939 τὴν
2665 867 2866 922 ἐαυτοῦ
2907 862 3080 940 ἧτταν
3132 870 3615 934 ἀνακαλέσασθαι,
3656 938 3669 947 .

2032 961 2338 1033 τηνικαῦτα
2395 960 2620 1024 τούτους
2676 960 2933 1025 ἀπειλαῖς
2988 963 3086 1017 σὺν
3138 961 3216 1033 τῷ
3271 965 3620 1036 μυσταγωγῷ

2032 1053 2144 1107 τῶν
2169 1052 2459 1124 βασιλείων
2493 1051 2790 1123 ἐξὼθησεν.
2828 1054 2893 1106 Ὢ
2930 1052 3033 1122 τῆς
3063 1053 3201 1124 πρὸς
3228 1053 3289 1107 τὸ
3318 1055 3502 1124 χεῖρον
3523 1055 3619 1108 τοῦ

2034 1146 2229 1218 ἀνδρὸς
2267 1145 2645 1210 ἀπονεύσεωςί
2685 1144 2731 1198 ὦ
2763 1146 2866 1216 τῆς
2906 1144 3001 1199 τοῦ
3047 1144 3619 1216 βελτίονοςκάποπτώ-

2038 1238 2210 1302 σεωςί
2270 1237 2360 1305 Ἐξ
2402 1238 2612 1291 ἐκείνου
2665 1237 2804 1309 γὰρ,
2846 1236 2920 1301 ὣς
2956 1236 2975 1275 ΐ
3018 1254 3183 1307 φησιν
3225 1239 3256 1306 ή
3308 1238 3621 1309 Παροιμία,

2034 1329 2133 1401 τὴν
2180 1330 2321 1383 κατὰ
2368 1329 2465 1398 τῆς
2530 1329 2865 1399 Ἐκκλησίας
2918 1330 3164 1383 ἐνδύεται
3221 1329 3483 1398 λεοντὴν,
3529 1329 3625 1383 καὶ

2036 1420 2289 1492 φανερῶς
2348 1423 2462 1485 τοῖς
2513 1422 2635 1475 κατ’
2690 1422 2863 1493 αὐτῆς
2913 1420 3291 1491 όπλιζομένοις
3340 1422 3626 1493 συμφρὸνε-

2034 1531 2222 1568 τεται·
2279 1513 2479 1568 αὐτίκα
2533 1514 2642 1586 γὰρ
2690 1514 2845 1580 τοὺς,
2898 1514 3024 1567 ὅσον
3061 1513 3147 1567 ἐπ’
3183 1514 3405 1577 αὐτοῖς,
3456 1512 3627 1583 ἀθλη-

2034 1606 2135 1671 τὰς
2179 1606 2469 1671 ἐθελοντὰς
2506 1606 2775 1678 ὑπερορίᾳ
2805 1606 3195 1678 παρέπεμπεν,
3241 1606 3402 1660 ἄλλον
3432 1606 3625 1659 ἄλλοσε

2037 1700 2452 1772 καταμερίσας,
2488 1701 2584 1755 καὶ
2624 1701 2815 1773 πόρρω
2854 1717 2958 1753 που
2996 1698 3106 1753 τῶν
3143 1699 3243 1770 τῆς
3292 1697 3628 1767 Ἐκκλησὶας

2040 1792 2396 1858 ἀποξενώσας
2444 1792 2760 1845 ἐπαύλεων·
2795 1791 2980 1845 ἔπειθε
3028 1791 3138 1862 γὰρ
3172 1790 3335 1844 αὐτὸν
3379 1788 3630 1843 αὐτοϐοεὶ

2043 1887 2137 1939 τὸν
2165 1885 2429 1956 ἀρχιερέα
2452 1886 2566 1948 τοῖς
2593 1885 2695 1955 τῆς
2728 1886 2994 1955 αἱρέσεως
3028 1884 3243 1955 βρόχοις
3272 1884 3433 1944 ἐλεῖν,
3465 1882 3558 1935 καὶ
3581 1881 3630 1934 εί

2049 1976 2123 2049 μὴ
2145 1975 2304 2029 τοῦτὸ
2329 1993 2392 2045 γε
2428 1974 2684 2045 γνώμης,
2721 1976 3062 2047 ἐκουσιότητι
3095 1976 3194 2044 τὴν
3228 1974 3325 2043 τῆς
3359 1972 3632 2042 ίερατείας

2047 2067 2372 2124 καταλιπεῖν
2418 2054 2782 2140 προστασίαν,
2825 2069 3020 2138 ἔχοντα
3078 2066 3283 2138 μηδένα
3334 2065 3428 2119 τοῦ
3482 2063 3632 2135 ἱεροῦ

2049 2163 2352 2231 καταλόγου
2388 2163 2692 2232 συνέριθον.
2729 2162 2907 2224 Μόνος
2936 2161 3030 2216 οὖν
3070 2160 3259 2214 λοιπὸν
3288 2159 3349 2212 τὸ
3378 2156 3470 2212 τοῦ
3507 2174 3635 2210 και-

2050 2254 2147 2325 ροῦ
2189 2240 2462 2328 διαφέρων
2513 2255 2794 2321 ἐπίπονον,
2848 2255 2987 2326 πρὸς
3032 2254 3132 2324 τὴν
3167 2253 3281 2307 ἄνω
3312 2249 3639 2322 συμμαχίαν

2048 2347 2381 2413 ἀπέϐλεπεν,
2414 2346 2619 2417 ταύτην
2651 2346 2803 2417 αὺτῷ
2832 2344 3132 2415 μονωθέντι
3163 2342 3506 2415 συνάρασθαι
3538 2338 3639 2395 καὶ

2049 2424 2385 2512 ὴπορήμένῳ
2423 2439 2784 2495 συλλαϐέσθαι
2813 2439 2890 2504 ὡς
2924 2438 3179 2511 μάλιστα.

1831 2742 2061 2800 CAPUT
2104 2745 2169 2801 Χ.

362 2852 550 2908 Sancti
585 2851 877 2925 Nicephori
904 2853 957 2907 in
996 2853 1306 2923 captivitate
1356 2862 1404 2909 et
1431 2850 1976 2934 .‘morbomconstantia
1998 2876 2017 2913 :
2062 2859 2312 2929 Epistola:
2358 2861 2569 2934 scripr
2594 2877 2613 2916 :
2641 2861 2846 2931 rejecla:
2882 2858 3223 2934 conciliabuli
3273 2858 3432 2913 mini:
3459 2874 3476 2912 :
3505 2874 3643 2911 ana-
3727 2848 3737 2860 ”

1401 2924 1578 2978 thema
1602 2924 1709 2979 illis
1739 2926 1974 2995 illatum,
2012 2940 2061 2985 et
2095 2924 2151 2985 in
2173 2948 2293 2987 eum
2324 2924 2598 2999 rejectum.
2690 2924 2705 2931 ⁷
2968 2930 2995 2959 ⁸

340 3068 344 3070 ’
414 3065 518 3122 ‘59.
549 3064 755 3120 Vidcns
779 3072 957 3119 autem
983 3064 1391 3119 sacratissimus
1418 3064 1668 3132 antistes,
1700 3065 1936 3121 Leonem

362 3177 490 3216 vere
515 3161 619 3215 (ide
646 3159 885 3228 ejurala,
911 3161 962 3213 in
985 3160 1150 3214 Deum
1169 3161 1278 3229 jam
1299 3161 1571 3230 pervicaci
1596 3176 1718 3216 esse
1740 3161 1944 3229 animo,
1976 3144 2019 3203 (ἶ

366 3255 514 3310 illius
546 3253 701 3308 uxori
738 3252 955 3319 scribit,
993 3253 1169 3322 deque
1202 3260 1352 3307 recta
1383 3251 1826 3307 Christianorum
1858 3267 1946 3307 re-

364 3348 565 3417 ligione
610 3361 674 3401 ac
718 3346 822 3399 {ide
872 3346 1174 3399 admonens
1222 3344 1479 3399 hortatur
1526 3354 1587 3398 ut
1627 3345 1946 3414 imperatori

362 3441 594 3507 viroque
642 3437 893 3499 suadeat,
942 3445 1002 3490 ut
1052 3450 1112 3492 se
1141 3450 1170 3507 a
1202 3436 1539 3506 nequissima
1592 3438 1685 3491 illa
1724 3452 1948 3506 aggres-

365 3533 519 3586 sione
545 3530 840 3585 abstineat.
897 3526 1102 3584 Scribit
1140 3538 1194 3583 et
1225 3529 1404 3583 aerarii
1440 3530 1640 3595 publici
1671 3538 1781 3582 tum
1811 3537 1952 3581 tem-

368 3623 513 3691 pnris
548 3620 828 3691 praefecto,
860 3634 967 3689 quo
999 3619 1342 3674 familiariter
1368 3620 1628 3675 utebatur
1652 3621 1953 3690 imperator

348 3713 593 3784 'prnptcr
626 3712 844 3767 dicendi
872 3712 1220 3777 ~libertatem,
1255 3720 1309 3767 et
1333 3713 1473 3781 quod
1511 3712 1564 3767 in
1596 3713 1785 3766 eadem
1825 3726 1953 3766 sen-

369 3809 535 3861 tentia
574 3817 753 3870 esset;
783 3822 854 3860 ne
883 3806 1011 3874 quid
1051 3808 1314 3860 adversus
1346 3804 1644 3861 Ecclesiam
1676 3805 1953 3873 moliatur,

370 3914 506 3954 neve
542 3900 687 3953 illam
714 3898 850 3968 jam,
897 3899 949 3953 in
980 3912 1114 3968 pace
1154 3913 1217 3951 ac
1256 3913 1435 3952 rerum
1483 3898 1778 3966 tranquillo
1813 3906 1955 3953 statu

370 4002 642 4063 agentem,
678 4008 818 4048 nova
866 3991 1178 4047 turbatione
1222 4001 1565 4047 commoveat
1600 4010 1613 4045 :
1650 3993 1742 4047 sed
1778 3991 1958 4063 potius

368 4086 641 4140 flanmiam
685 4087 884 4153 sopiat,
930 4099 1093 4154 quam
1126 4086 1530 4140 succenderunt
1562 4093 1769 4139 aeterno
1811 4085 1957 4154 digni

370 4177 636 4247 supplicio
670 4178 940 4241 homines,
971 4186 1022 4231 et
1050 4175 1194 4230 ferus
1241 4175 1593 4244 imperatoris
1621 4190 1800 4231 mores
1827 4176 1961 4230 deli-

370 4271 507 4323 niat.
541 4269 621 4323 llli
655 4270 888 4339 denique
928 4269 1018 4336 qui
1057 4267 1214 4336 primi
1253 4283 1281 4320 a
1330 4268 1559 4322 secretis
1608 4268 1960 4338 imperatoris

369 4379 598 4417 munere
650 4363 920 4434 fungens,
973 4360 1347 4432 Entycbianus
1396 4361 1635 4427 nomine,
1674 4360 1959 4415 haeretico-

2118 3068 2215 3124 νϐ’.
2273 3068 2445 3140 Ὁρῶν
2469 3067 2526 3123 δὲ
2554 3069 2643 3123 τὸν
2667 3068 2837 3141 ἄνδρα
2866 3071 2933 3123 τὰ
2963 3070 3097 3139 πρὸς
3123 3068 3220 3139 τὴν
3248 3068 3422 3141 ἁληθῆ
3456 3069 3645 3122 πίστιν

2051 3159 2439 3231 ἐξομνύμενον,
2472 3162 2568 3214 καὶ
2604 3162 2805 3232 ἀπειθῆ
2841 3163 2906 3215 τὰ
2947 3162 3083 3231 πρὸς
3119 3160 3255 3215 Θεὸν
3283 3161 3384 3232 ἤδη
3423 3160 3643 3214 δεικνύ-

2051 3270 2236 3322 μενον,
2259 3254 2462 3324 γράφει
2491 3257 2557 3325 τῇ
2581 3256 2793 3309 ἐκείνου
2824 3255 3084 3325 συνεύνῳ,
3109 3255 3203 3309 ἆτε
3239 3253 3482 3322 γυναικὶ,
3512 3255 3644 3327 περὶ

2050 3345 2153 3414 τῆς
2204 3345 2373 3415 ὀρθῆς
2428 3348 2870 3418 ὑπομιμνήσκων
2924 3348 3093 3416 αὐτὴν
3138 3348 3246 3399 τῶν
3297 3346 3645 3417 Χριστιανῶν

2052 3435 2353 3507 θρησκείας
2387 3437 2480 3490 καὶ
2519 3432 2778 3502 πίστεως,
2804 3438 2998 3501 καὶ’ὼς
3029 3438 3094 3490 ἂν
3140 3438 3322 3490 πείσοι
3364 3437 3453 3489 τὸν
3486 3436 3644 3506 βασι-

2052 3530 2151 3583 λέα
2186 3530 2279 3583 καὶ
2314 3530 2570 3583 σύνευνον
2618 3529 2962 3600 ἀποσχέσθαι
3009 3531 3108 3599 τῆς
3159 3531 3415 3599 τοιαύτης
3462 3528 3646 3597 δεινῆς

2054 3622 2445 3693 ἐγχειρήσεως.
2484 3623 2688 3694 Γράφει
2718 3622 2775 3675 δὲ
2795 3623 2891 3674 καὶ
2918 3622 3054 3693 πρὸς
3079 3622 3171 3676 τὸν
3198 3620 3503 3693 τηνικαῦτα
3534 3621 3646 3673 τῶν

2054 3713 2331 3783 δημοσίων
2359 3716 2658 3785 χρημάτων
2711 3715 2938 3786 ταμίαν,
2962 3715 3316 3785 οἰκειωμένον
3339 3713 3467 3785 παρ’
3494 3711 3646 3784 αύτῷ

2057 3809 2123 3877 τῇ
2162 3824 2221 3859 τε
2258 3807 2543 3879 παρρησίᾳ.
2579 3807 2675 3861 καὶ
2725 3806 2807 3878 τῷ
2853 3796 3197 3878 φρονήματι,
3245 3806 3319 3879 μὴ
3358 3804 3503 3860 κατὰ
3549 3807 3646 3877 τῆς
3688 3870 3697 3877 _

2072 3897 2422 3969 Ἐκκλησίας,
2454 3900 2551 3970 ἤδη
2586 3899 2648 3952 τὸ
2682 3901 2962 3971 εἰρηναῖόν
2995 3899 3228 3971 ἐχούσης
3258 3899 3351 3953 καὶ
3381 3897 3645 3952 ἀστασία-

2062 4009 2206 4058 στον,
2238 3992 2475 4044 ἐπινοεῖν
2507 3990 2540 4061 ἦ
2570 3994 2741 4046 κινεῖν
2770 4010 2892 4046 τινα
2941 3992 3124 4054 σάλον.
3170 3991 3371 4062 μᾶλλον
3421 3991 3522 4061 μὲν
3552 3988 3646 4044 οὖν

2061 4083 2155 4137 καὶ
2180 4081 2277 4153 τὴν
2301 4081 2624 4151 ἐξαφθεῖσαν
2653 4083 2791 4153 αὐτῇ
2832 4081 2984 4151 παρὰ
3018 4082 3126 4134 τῶν
3157 4080 3250 4135 τοῦ
3278 4080 3501 4135 αἰωνίου
3543 4097 3646 4133 πυ-

2065 4172 2155 4243 ρὸς
2196 4170 2364 4235 ἀξίων
2411 4169 2585 4239 φλόγα
2653 4170 3020 4236 καταπαύειν,
3074 4170 3169 4225 καὶ
3226 4170 3323 4241 τὴν
3376 4167 3647 4240 βασιλέως

2063 4262 2417 4333 καθημεροῦν
2460 4262 2784 4333 ἀγριότητα.
2842 4262 3049 4333 Γράφει
3079 4262 3136 4315 δέ
3188 4261 3394 4332 καὶτῷ
3443 4260 3646 4330 πρώτῳ

2063 4355 2173 4408 τῶν
2207 4354 2504 4426 βασιλικῶν
2543 4355 2911 4426 ὑπογραφέων
2945 4354 3067 4407 τότε
3099 4355 3421 4424 τυγχάνοντι
3452 4352 3648 4420 (Εὐτυ-

369 4471 491 4511 rum
524 4455 736 4510 fovebat
774 4464 974 4527 partes,
1002 4463 1056 4509 et
1089 4462 1254 4509 rectae
1289 4452 1411 4506 fidei
1442 4451 1655 4522 eloquia
1693 4452 1958 4522 deprava-

2064 4450 2246 4521 χιανὸς
2270 4444 2426 4511 οὗτος
2454 4444 2522 4516 ἦν
2544 4448 2584 4517 ),
2616 4447 2996 4519 συναιρομένῳ
3024 4450 3134 4511 τοῖς
3160 4446 3521 4518 αἱρετίζουσι,
3552 4445 3649 4498 καὶ⁹

368 4549 486 4610 bat,
536 4548 741 4601 diserte
791 4548 1009 4617 scripsit
1041 4546 1185 4614 quod
1218 4544 1323 4600 nisi
1359 4545 1478 4600 vias
1520 4542 1737 4599 Domini
1776 4552 1956 4600 rectas

371 4648 618 4694 cessaret
645 4650 988 4707 pervertere,
1038 4637 1244 4709 Elymte
1261 4636 1402 4706 magi
1420 4636 1705 4707 “vestigia
1749 4644 1955 4699 terens,

371 4731 686 4799 inspectore
706 4731 813 4783 Deo
833 4740 997 4798 atque
1012 4728 1190 4787 ultore
1208 4731 1433 4785 daturus
1447 4738 1594 4785 esset
1608 4742 1823 4797 poenas,
1838 4729 1960 4795 qui-

368 4818 475 4873 bus
501 4832 626 4872 eum
657 4832 841 4871 amara
883 4818 1011 4871 vita:
1039 4817 1344 4872 necessitas
1378 4815 1495 4871 dire
1528 4815 1825 4870 cruciaret.
1859 4814 1959 4871 Hie

371 4924 504 4965 vero
559 4905 1064 4965 monentem'visus
1097 4922 1394 4978 spernere,
1435 4907 1706 4963 minarum
1747 4908 1958 4976 recepit

448 5065 492 5098 "
518 5066 640 5120 Act.
674 5082 792 5133 xm,
821 5064 975 5119 81H.

2062 4542 2132 4596 τὰ
2164 4543 2264 4613 τῆς
2286 4541 2586 4613 ὀρθοτόμου
2619 4539 2860 4604 πίστεως
2886 4537 3436 4611 παραναγινώσκοντι
3470 4536 3647 4604 λόγια,

2058 4634 2135 4698 ὡς
2166 4636 2214 4687 εί
2251 4634 2350 4703 μὲν
2379 4636 2440 4687 οὐ
2470 4633 2750 4702 παύσηται
2778 4633 3120 4702 διαστρέφων
3143 4632 3241 4695 τὰς
3266 4631 3418 4692 ὀδοὺς
3443 4628 3648 4701 Κυρίου

2060 4726 2161 4789 τὰς
2195 4724 2414 4787 εὐθείας
2439 4763 2453 4786 ,
2491 4723 2607 4776 ἀλλ’
2648 4722 2857 4795 Ἐλύμᾳ
2909 4722 2989 4793 τῷ
3031 4724 3192 4793 μάγῳ
3252 4722 3650 4791 συμπροαιρεῖσ-

2062 4832 2156 4869 ται
2199 4815 2567 4887 πορεύεσθαι,
2603 4816 2754 4886 παρὰ
2780 4815 2878 4884 τῆς
2923 4814 3121 4886 ἐφόρου
3157 4814 3317 4883 δίκης
3366 4810 3649 4866 πείσεσθαι

2062 4906 2271 4975 λώϐην,
2311 4907 2409 4971 τὰς
2451 4906 2590 4980 πρὸς
2622 4908 2681 4962 τὸ
2730 4906 2831 4979 ζῇν
2871 4906 3129 4977 ἀφορμὰς
3167 4902 3357 4968 δεινῶς
3407 4899 3652 4971 ἐπαλγύ-

1643 5151 1879 5208 νΑῐιιλΕ
1910 5152 2314 5212 LECTIONES.

450 5274 468 5315 l
504 5274 604 5330 Ms.
642 5268 699 5348 ᾖ.

1888 5391 2120 5449 NOTAE.

453 5532 531 5601 (y)
564 5532 620 5585 in
656 5532 775 5587 Vita
810 5533 984 5587 sancti
1017 5531 1218 5585 Nicetm
1250 5549 1262 5583 :
1305 5547 1322 5581 ι
1362 5528 1513 5585 Tunc
1555 5530 1850 5601 imperator
1876 5528 1959 5582 fu.

377 5600 832 5656 roreadmodum
866 5604 1250 5661 exardesceus,
1288 5602 1513 5670 etquod
1560 5609 1707 5654 recte
1755 5600 1957 5654 dictum

379 5671 583 5734 fuerat,
620 5672 765 5725 velut
797 5672 1117 5740 injuriosum
1148 5672 1402 5739 quiddam
1435 5671 1730 5738 accipiens,
1762 5685 1958 5724 onmes

378 5742 560 5809 eiecit.
603 5760 619 5792 ι
654 5741 711 5795 In
770 5740 889 5795 Vita
944 5742 1118 5795 sancti
1158 5741 1361 5795 Nicolai
1410 5741 1638 5795 Studitrc
1681 5757 1694 5793 :
1741 5757 1760 5790 ι
1800 5740 1955 5793 Tunc

380 5813 592 5869 videns.
628 5821 679 5865 ut
715 5812 746 5864 ii
782 5812 1017 5875 Spiritus
1064 5812 1242 5881 gladio
1280 5828 1541 5883 nugarum
1573 5812 1695 5883 ejus
1724 5812 1958 5880 garruli—

2067 5542 2233 5590 tatem
2267 5535 2414 5590 rarie
2444 5535 2676 5589 mediam
2725 5532 2997 5597 secarent,
3032 5546 3095 5587 ca
3125 5545 3185 5586 re
3215 5528 3386 5587 miser
3417 5525 3472 5582 in
3502 5522 3652 5580 furo-

2064 5619 2180 5676 rem
2215 5615 2392 5669 actus,
2424 5620 2615 5658 oumcs
2649 5605 2714 5658 ad
2751 5619 2942 5676 unum.
2995 5601 3164 5676 multa
3203 5601 3649 5676 i_ra_exaastuans,

2065 5675 2210 5796 lregia
2238 5678 2481 5756 esiiellit,
2518 5692 2581 5730 ac
2613 5674 3015 5745 quamprimum
3045 5670 3281 5744 singulis
3303 5669 3481 5727 locum
3510 5669 3653 5721 exsi-

2088 5762 2119 5798 ll
2147 5757 2350 5798 εδηοιι.
2391 5765 2407 5798 ι

2088 5762 2126 5827 l‘l
2147 5760 2323 5800 8811011
2339 5789 2350 5801 .
2391 5765 2407 5798 ι
