3978 6420
495 413 607 482 li‘l

2033 403 2238 466 VlTA.
2749 393 2780 414 Ὗ

3699 384 3801 449 ll8

493 535 722 577 νουσαν·
756 511 802 586 ᾧ
836 517 931 572 καὶ
969 513 1316 586 άνουθετήτῳ
1351 513 1581 586 φανέντι
1630 513 1702 566 τὰ
1732 514 1832 584 τῆς
1868 509 2100 580 ἀπειλῆς

2224 509 2382 564 ’ἰοειῐι
2407 525 2420 561 :
2450 503 2718 575 quidquid
2746 502 2893 558 enim
2917 501 3116 556 estnde
3146 497 3347 553 misero
3373 496 3497 550 vita:
3525 494 3795 566 reliquum

493 610 943 682 κατελάμϐανεν,
991 609 1150 665 Πᾶσα
1179 609 1290 678 γὰρ
1334 607 1368 676 ἡ
1419 605 1481 670 ἐξ
1535 605 1749 660 ἐκείνου
1784 603 1862 675 τῷ
1906 603 2096 658 τάλανι

495 703 943 778 δπιμετρηθεῖσα
972 701 1086 772 ζωὴ
1108 742 1123 767 ,
1160 701 1404 770 συνεχεῖς
1435 699 1742 769 ἀλγηδόνας
1771 698 2096 768 ἐπάγουσα,

495 800 697 870 νεκρὸν
738 797 983 868 ἔμπνουν
1031 794 1168 864 πρὸς
1209 793 1279 849 τά
1315 792 1410 848 τοῦ
1446 793 1682 848 θανάτου
1716 791 1840 846 καθ’
1883 791 2098 864 ἡμέραν

495 893 745 963 παρίστη
767 888 1106 960 προπύλαια.
1137 887 1297 942 Οὗτω
1326 885 1658 960 θεραπεύειν
1679 881 1790 940 οἶδε
1817 885 1950 949 Θεὸς
1971 885 2098 948 τοὺς

494 983 820 1057 ἀρρωστίαν
847 983 915 1050 τῇ
958 979 1256 1051 Ἐκκλησία
1280 979 1530 1034 δυσίατον
1561 979 2004 1049 ὑπογράφοντας.

574 1074 642 1141 ξ’.
700 1072 927 1136 Τούτοις
977 1070 1072 1126 οὖν
1122 1072 1236 1134 τοῖς
1287 1070 1581 1142 βιωφελὲσι
1626 1069 1722 1124 τοῦ
1771 1069 2096 1124 διδασκάλου

498 1169 598 1222 καὶ
633 1168 818 1235 σοφοῖς
849 1164 1224 1236 νουθετήμασι
1261 1164 1337 1235 μὴ
1387 1163 1703 1234 βελτιωθεὶς
1735 1165 1762 1217 ὁ
1794 1163 2053 1232 βασιλεὺς
2077 1207 2094 1229 ,

499 1259 603 1331 τὴν
630 1259 875 1312 διάνοιαν
902 1257 1038 1328 πρὸς
1068 1257 1126 1310 ἓν
1157 1255 1316 1310 τοῦτο
1352 1256 1513 1326 μόνον
1538 1254 1708 1326 ἑώρα,
1747 1255 1844 1308 τοῦ
1881 1255 1973 1309 καὶ
2001 1256 2098 1310 αὺ-

498 1351 595 1405 τδν
623 1349 859 1415 ἐξῶσαι.
896 1350 989 1404 καὶ
1028 1351 1092 1420 τῇ
1124 1347 1310 1420 νύμφῃ
1356 1347 1595 1418 Χριστοῦ
1629 1349 2101 1419 ταλασιουργῆσαι

502 1443 712 1514 χιτῶνα
737 1431 1055 1512 χηρεύσεως
1087 1457 1102 1471 ·
1129 1441 1428 1512 ἐγχειρίζει
1471 1438 1604 1509 γοῦν
1655 1440 1722 1495 τά
1776 1440 1868 1494 τοῦ
1936 1441 2099 1508 λόγου

501 1535 609 1605 τῆς
657 1533 1015 1603 Ἐκκλησίας,
1057 1533 1156 1587 καὶ
1191 1533 1259 1586 τά
1290 1533 1397 1586 τῶν
1439 1531 1605 1603 ίερῶν
1645 1533 1859 1586 σκευῶν
1892 1534 2100 1604 ἀναθή-

510 1645 662 1696 ματα
706 1627 864 1700 ἀνδρὶ
890 1625 992 1697 τὴν
1019 1625 1116 1680 τοῦ
1149 1626 1448 1698 Πατρικίου
1485 1625 1646 1692 ἀξίαν
1689 1626 1970 1690 διέποντι,
2007 1625 2101 1680 καὶ

506 1720 696 1788 πάσης
727 1719 830 1788 τῆς
875 1718 1007 1790 περὶ
1033 1717 1210 1772 ταῦτα
1241 1718 1334 1771 τὸν
1363 1717 1626 1788 ἀρχιερέα
1666 1717 1906 1771 δεικνύει
1938 1732 2103 1787 φρον-

506 1809 652 1874 τίδος
673 1809 975 1880 ἀλλότριον·
1000 1809 1062 1862 οὐ
1093 1812 1202 1879 γὰρ
1236 1809 1490 1873 ἐνεδίδου,
1516 1809 1700 1864 πάντα
1720 1807 1892 1871 λίθον,
1919 1808 1980 1862 τὸ
2005 1805 2100 1862 τοῦ

2205 603 2326 670 fuit,
2355 599 2648 657 continuos
2677 596 2728 651 ei
2757 595 2976 654 dolores
3005 593 3279 662 ingerens,
3316 590 3536 658 spirans
3559 589 3799 643 cadaver

2205 698 2272 752 ad
2303 694 2496 751 mortis
2533 689 2782 762 quotidie
2825 687 3057 744 sistebat
3099 685 3274 740 atria.
3310 684 3385 738 lta
3418 698 3616 751 nempe
3654 681 3798 738 Deus

2203 807 2300 847 eos
2342 802 2544 844 curare
2587 785 2778 849 novit,
2826 782 2917 852 qui
2966 795 3066 852 pro
3107 777 3456 834 amanuensis
3494 792 3558 832 ac
3597 777 3791 832 scribe.

2203 897 2431 936 munere
2461 878 2594 934 falsa
2624 875 3064 938 subscribentes,
3088 870 3448 926 insanabilem
3477 881 3615 940 pene
3637 867 3800 936 agri—

2210 975 2454 1055 tudinem
2485 972 2749 1026 inducunt
2776 965 3058 1022 Ecclesiae.

2270 1065 2360 1122 60.
2422 1063 2584 1119 Hisce
2645 1062 2810 1132 igitur
2875 1059 3096 1114 utilibus
3160 1071 3222 1111 ac
3287 1053 3624 1122 sapientibus
3671 1066 3802 1106 sau-

2201 1157 2272 1214 cti
2326 1155 2562 1212 doctoris
2614 1152 2835 1208 monitis
2862 1148 3426 1220 increpationibusque
3463 1145 3593 1200 nihil
3625 1144 3803 1198 ﬁtclus

2203 1249 2392 1306 melior
2455 1249 2784 1318 imperator,
2824 1245 2876 1298 in
2937 1243 2988 1298 id
3070 1257 3233 1296 unum
3296 1249 3404 1294 tela
3458 1237 3805 1294 incnmbelm

2201 1353 2408 1406 mente,
2442 1350 2502 1396 ut
2549 1339 2842 1410 erpelleret
2903 1351 3025 1392 eum
3102 1345 3158 1390 et
3211 1350 3423 1403 sponsze
3457 1331 3657 1388 Cbristi
3698 1329 3803 1385 Ee-

2201 1433 2382 1490 clesiaa
2417 1447 2633 1489 saccum
2672 1437 2880 1486 tereret
2949 1429 3248 1484 viduitatis.
3302 1426 3581 1496 Siquidem
3660 1439 3794 1494 prac-

2203 1525 2418 1582 dicandi
2483 1525 2535 1579 in
2608 1523 2852 1579 Ecclesia
2936 1537 3131 1577 munus
3185 1530 3240 1576 et
3297 1534 3580 1576 sacrorum
3642 1533 3804 1571 vaso-

2204 1635 2324 1674 rum
2411 1618 2667 1684 donaria,
2734 1617 2848 1672 viro
2918 1616 3132 1672 cuidam
3203 1613 3430 1684 patricio
3485 1609 3804 1674 committit,

2199 1720 2334 1768 cura
2417 1725 2603 1767 eorum
2681 1709 2829 1764 omni
2917 1709 3216 1762 antistitem
3272 1706 3566 1761 excludens
3623 1704 3805 1760 :niltil

2205 1805 2352 1862 enim
2401 1803 2748 1860 contentione
2797 1803 2971 1858 fat-tus
3017 1799 3319 1866 remissior,
3368 1813 3629 1862 onmem,
3663 1799 3808 1868 quod

507 1903 696 1971 λόγου,
728 1866 914 1969 κινᾶδν,
944 1902 1021 1967 ὡς
1051 1866 1117 1956 ἂν
1143 1875 1206 1956 τί)
1225 1901 1673 1972 τῆςἚκκλησίας
1695 1900 2102 1956 διασαλεύσειεν

2224 1897 2383 1962 riunt,
2438 1897 2689 1949 movebat
2772 1893 3045 1963 lapidem.
3091 1900 3149 1945 ut
3219 1891 3350 1946 illud
3403 1866 3806 1945 Ecclesim'su-

510 1993 767 2064 ἔρεισμα.
802 1993 866 2046 Ὢ
895 1991 1012 2056 πῶς
1037 1993 1132 2046 ἐπὶ
1163 1991 1231 2046 τὰ
1257 1993 1387 2062 ἑξῆς
1413 1995 1440 2046 ὁ
1469 1993 1649 2062 λόγος,
1683 1993 1783 2046 οὐκ
1813 1993 1950 2064 ἔχων
1973 1994 2097 2046 δποι

518 2083 888 2156 προϐήσεται,
929 2084 1093 2154 σιγῆς
1123 2085 1523 2156 καταστορέσαι
1563 2085 1754 2157 κλίνην
1793 2085 2110 2158 προείλετο,

524 2175 624 2230 καὶ
651 2175 811 2246 πρινὴ
853 2174 924 2229 τά
969 2175 1073 2245 τῆς
1101 2175 1260 2230 νόσου
1294 2176 1604 2247 διαγγεῖλαι
1651 2177 1747 2230 τοῦ
1799 2179 2073 2248 μακαρίου
2095 2217 2111 2242 ,

523 2268 715 2322 ἑαυτὸν
745 2269 1170 2339 νοσηλευόμενον
1199 2269 1478 2323 δείκνυσιν
1508 2272 1522 2324 !
1557 2263 1720 2341 Εἷχεν
1747 2269 1848 2324 οὖν
1881 2269 2044 2323 αὐτδν
2077 2270 2107 2322 ὁ

519 2357 787 2426 σκίμπους
819 2359 1195 2428 ἀσθμαίνοντα
1220 2359 1286 2414 ἐκ
1316 2377 1466 2423 τινος
1514 2359 1920 2429 ὑποσκηψάσης
1951 2360 2110 2432 ἐπιρο

515 2446 668 2517 ροίας
697 2447 774 2518 τῷ
808 2447 1047 2518 σώματι,
1083 2450 1181 2503 καὶ
1221 2451 1358 2520 πρὸς
1407 2449 1467 2503 τὸ
1495 2450 1598 2521 τῆς
1643 2449 1804 2504 νόσου
1845 2450 2111 2514 δυσαλθὲς

511 2538 903 2594 ἑκπαλαίοντα.
951 2539 1090 2592 Ἀλλ’
1118 2541 1272 2594 οὐδὲν
1299 2539 1444 2594 οὕτω
1481 2540 1573 2594 τὸν
1611 2541 1825 2597 δίκαιον
1851 2542 2108 2614 ἤλγυνεν,

511 2630 590 2692 ὡς
624 2632 656 2701 ἡ
687 2631 832 2684 κατὰ
856 2635 957 2702 τῆς
1006 2632 1339 2702 Ἐκκλησίας
1387 2632 1755 2704 επινοουμένη
1803 2634 1956 2706 παρὰ
1999 2633 2109 2688 τῶν

509 2719 726 2791 ἐχθρῶν
761 2721 1123 2785 ὲπισύστασις
1147 2737 1161 2754 ο
1213 2723 1432 2793 ἐκείνην
1473 2725 1583 2795 γὰρ
1629 2724 1788 2793 μόνος
1818 2713 1982 2787 αὐτὸς
2010 2723 2110 2794 τὴν

508 2812 795 2882 διαμάχην
851 2812 1156 2880 ὑφίστατο,
1203 2813 1380 2886 ταύτῃ
1431 2815 1490 2868 δὲ
1559 2815 1655 2868 καὶ
1687 2815 1753 2869 τὸ
1793 2814 1886 2868 τοῦ
1907 2814 2106 2869 ’κοινοῦ

509 2907 721 2972 παντὸς
751 2906 1066 2961 ἐκινδύνευε
1097 2907 1392 2980 πλήρωμα.
1482 2918 1499 2936 ⁸

591 3206 696 3274 ξαν.
750 3206 1024 3278 Ὠφρυᾶτο
1049 3201 1145 3260 οὖν
1199 3207 1260 3260 τδ
1307 3206 1450 3260 κατὰ
1473 3206 1575 3276 τῆς
1613 3205 1942 3279 Ἐκκλησίας
1992 3223 2122 3260 συν-

517 3301 726 3371 έδριον,
756 3299 852 3353 καὶ
873 3301 938 3369 τῇ
973 3299 1070 3352 τοῦ
1101 3299 1336 3370 ψεύδους
1371 3299 1460 3354 ἀεὶ
1487 3299 1694 3370 πιμελῇ
1731 3299 2122 3370 λιπαινόμενον

515 3393 712 3462 ἐζήτει
739 3392 838 3464 τὴν
864 3391 1108 3462 ἕκρηξιν.
1145 3392 1310 3446 Ὅθεν
1341 3392 1625 3446 πείθουσιν
1653 3388 1810 3456 αὖθις
1839 3392 1930 3445 τὸν
1959 3391 2124 3444 παντὶ

517 3488 718 3556 ἀνέμῳ
743 3483 1066 3550 κακοδοξίας
1095 3483 1322 3554 βασιλέα
1351 3483 1682 3554 φερόμενον,
1718 3483 1856 3554 πρὸς
1887 3481 2124 3546 διάλεξιν

519 3576 908 3631 κατασπεῦσαι
949 3575 1230 3630 συνελθεῖν
1251 3575 1340 3629 τὸν
1364 3574 1716 3628 διδάσκαλονο
1749 3573 1808 3636 ὂς
1837 3573 1932 3626 ἐπὶ
1951 3572 2128 3642 τούτῳ

523 3667 739 3723 στέλλει
766 3668 1072 3738 Θεοφάνην,
1111 3666 1204 3720 τὸν
1240 3667 1336 3737 τῆς
1367 3663 1692 3736 βασιλίσσης
1735 3661 2050 3735 ὁμαίμονα,
2079 3654 2126 3731 ᾧ

523 3767 626 3816 καὶ
654 3762 714 3814 τὸ
745 3761 1026 3830 βασιλικὴν
1069 3759 1385 3830 περιέκειτο
1417 3757 1591 3826 ξίφος,
1617 3757 1694 3820 ὡς
1726 3755 1795 3810 ἂν
1826 3755 1919 3808 τὸν
1940 3758 2128 3826 ἀρχιε-

528 3855 633 3926 ρέα
656 3855 791 3923 πρὸς
815 3853 876 3906 τὸ
896 3854 994 3922 τῆς
1016 3853 1362 3922 συνομωσίας
1390 3852 1610 3920 ἐκείνης
1647 3848 1932 3919 μιαιφόνον
1964 3845 2128 3901 ἑλκύ-

529 3964 647 4000 σειε
681 3945 990 4015 σύνταγμα.
1037 3945 1178 4014 Πρὸς
1212 3943 1273 3996 ὃν
1306 3946 1421 4006 τοῖς
1471 3941 1844 4014 προλαδοῦσιν
1875 3943 1959 4004 εἰς
1992 3942 2128 3994 ἀποε-

528 4039 726 4107 λογίαν
754 4036 1128 4108 χρησάμενος,
1164 4036 1266 4108 ἤδη
1301 4035 1358 4088 (Σὲ
1386 4035 1483 4088 καὶ
1507 4034 1606 4106 τὴν
1634 4034 1793 4088 νόσον
1829 4033 1970 4104 ἔχων
1997 4050 2130 4086 συν-

529 4131 758 4203 ήγορον,
801 4130 896 4184 τοῦ
943 4129 1081 4202 πρὸς
1120 4127 1361 4194 διάλεξιν
1410 4128 1692 4183 συνελθεῖν
1727 4129 1844 4191 τοῖς
1885 4127 2128 4198 άνιέροις

530 4222 833 4276 ἀπείπατο.
865 4221 940 4275 Οὐ
970 4221 1102 4292 γάρ,
1137 4221 1272 4292 φησὶ
1296 4260 1313 4284 ,
1346 4219 1556 4290 ποιμὴν
1589 4218 1880 4290 προϐάτων
1917 4216 2125 4290 ἕρημος

529 4315 676 4383 πρὸς
703 4313 901 4377 λύκους
928 4297 1215 4376 ὁπλίζεται
1239 4352 1255 4378 ,
1286 4313 1407 4366 οὐδὲ
1446 4311 1550 4382 τῆς
1600 4309 1801 4364 ἑαυτοῦ
1853 4309 2129 4381 σωτηρίας

535 4405 703 4476 μόνον
741 4405 1140 4478 προμνώμενος
1165 4405 1532 4476 θηριομαχεῖν
1565 4402 1979 4470 κατεπείγεταιο
2009 4399 2127 4454 ἀλλ’

532 4494 568 4566 ἢ
610 4494 746 4564 πρὸς
791 4495 1037 4566 μάνδραν
1071 4495 1295 4565 ἀσφαλῆ
1336 4495 1398 4548 τὸ
1443 4494 1698 4566 ποίμνιον
1743 4493 2128 4564 σφραγισάμε·

532 4603 628 4650 νος
650 4630 666 4653 ,
701 4589 794 4640 καὶ
820 4587 984 4656 φόϐον
1015 4582 1078 4642 οὗ
1101 4587 1222 4642 ἐστι
1253 4587 1422 4656 φόϐος
1459 4585 1682 4658 μακρὰν
1727 4587 2118 4656 ἀπωσάμενος,

530 4679 680 4732 οὕτω
725 4680 862 4750 πρὸς
907 4683 974 4736 τά
1007 4681 1117 4736 τῶν
1157 4680 1340 4734 λύκων
1384 4679 1806 4750 συμφράττεται
1846 4678 2124 4748 θήρατρα.

532 4771 664 4834 Πῶς
709 4768 801 4826 οὖν
845 4773 948 4844 ἐμὲ
991 4774 1102 4827 τῶν
1143 4773 1293 4844 ὲμῶν
1344 4772 1683 4844 θρεμμάτων
1731 4771 2126 4842 χηρώσαντες,

2209 1988 2572 2044 stentaculum
2623 1987 2970 2042 convelleret.
3009 1984 3180 2052 Quam
3238 1984 3412 2038 libens
3462 1983 3553 2038 hic
3603 1980 3808 2036 lassata

2225 2081 2424 2144 Oratio,
2461 2095 2566 2148 quo
2602 2079 2856 2143 ulterius,
2906 2079 3204 2149 procedere
3249 2078 3421 2146 possit
3487 2091 3596 2131 non
3652 2075 3808 2130 inve-

2215 2175 2372 2229 niens
2395 2173 2598 2228 silentii
2618 2172 2795 2226 cubile
2824 2171 2925 2226 sibi
2961 2178 3324 2234 sterneret,et
3349 2169 3494 2224 beati
3528 2167 3631 2222 viri
3657 2181 3806 2221 mor-

2216 2266 2342 2320 bum
2378 2266 2644 2324 relatura,
2681 2265 2794 2334 ipsa
2823 2279 2978 2318 suam
3005 2263 3158 2331 prius
3187 2262 3572 2330 mgritudinem
3607 2260 3808 2329 prode-

2219 2363 2320 2410 ret.
2357 2354 2583 2410 Lectulo
2617 2353 3166 2424 igiturdecumbebat
3191 2352 3484 2408 dilﬁculter
3502 2345 3812 2420 respirans.

2217 2457 2273 2504 et
2296 2464 2418 2504 cum
2455 2448 2702 2504 humoris
2750 2447 2987 2502 iullnxus
3015 2447 3239 2516 quidam
3273 2461 3472 2515 corpus
3507 2445 3808 2500 incesseret

2219 2541 2504 2612 deplorato
2527 2541 2640 2596 fere
2667 2542 2855 2596 morbo
2887 2539 3304 2594 conﬂictabatur
3329 2540 3426 2608 (ε).
3453 2535 3600 2592 Nihil
3626 2547 3805 2591 tamen

2217 2649 2374 2706 aque
2397 2633 2800 2700 virumjnstum
2828 2635 3199 2701 excruciabat,
3231 2649 3392 2702 quam
3422 2631 3565 2702 quod
3602 2630 3806 2684 inimici

2213 2729 2482 2784 adversus
2529 2727 2834 2782 Ecclesiam
2883 2726 3345 2796 conspirationem
3413 2725 3806 2781 conﬂaverant.

2217 2817 2356 2873 Nam
2386 2819 2534 2874 illam
2565 2819 2784 2888 quidem
2817 2797 3060 2874 adversa:
3089 2819 3415 2875 valetudinis
3451 2833 3688 2888 pugnam
3721 2831 3816 2872 so-

2219 2910 2306 2965 lus
2336 2911 2450 2980 ipse
2475 2910 2782 2964 sustinebat
2811 2926 2825 2962 :
2857 2910 2962 2964 bac
2994 2918 3178 2964 autem
3228 2910 3342 2978 ipse
3377 2911 3669 2964 universus
3703 2907 3810 2962 Ec-

2216 3001 2406 3057 clesiae
2449 3011 2623 3058 cretus
2663 3001 2717 3056 in
2759 3003 3066 3071 periculum
3119 3002 3279 3073 longe
3353 3003 3652 3057 maximum
3692 3010 3814 3056 erat

2221 3092 2514 3148 adductus.

2294 3211 2384 3266 6|.
2423 3212 2690 3269 Tumebat
2750 3222 2932 3267 autem
2979 3209 3240 3267 Ecclesire
3301 3210 3806 3266 adversausinren-

2226 3318 2456 3374 sumque
2507 3305 2824 3370 concilium,
2865 3314 2920 3358 et
2970 3303 3238 3359 metulacii
3292 3303 3623 3376 pinguedine
3676 3305 3815 3358 bene

2227 3391 2452 3463 furtum,
2491 3395 2548 3451 in
2601 3395 2878 3466 publicam
2932 3394 3113 3450 lucem
3169 3395 3452 3464 qumrebat
3502 3407 3814 3464 erumpere.

2154 3517 2197 3577 α
2228 3485 2431 3542 lterum
2475 3503 2606 3558 ergo
2636 3497 2890 3544 auctores
2917 3488 3055 3542 ﬁunt
3085 3488 3566 3558 imperatori,.levi
3602 3487 3815 3544 scilicet

2232 3577 2438 3632 homini
2463 3580 2667 3649 quique
2695 3579 2841 3636 omni
2867 3594 3050 3652 pravae
3070 3579 3336 3636 doctrina:
3363 3580 3597 3635 ferretur
3631 3589 3814 3638 vento.

2229 3681 2286 3726 ut
2323 3673 2602 3728 doctorem
2634 3675 2686 3728 in
2715 3673 3104 3744 disputationis
3168 3659 3392 3726 arenam
3434 3680 3611 3741 cogat.
3653 3667 3819 3724 Mittit

2231 3763 2414 3833 itaque
2445 3764 2836 3836 TheOpbanem
2903 3767 3157 3834 Augusta:
3187 3765 3432 3828 iratrem,
3459 3761 3820 3830 eamdemque

2233 3855 2367 3924 regii
2394 3855 2546 3909 ensis
2587 3857 2936 3925 portitorem,
2973 3864 3030 3910 ut
3065 3856 3117 3910 in
3171 3853 3580 3922 conjuratorum
3610 3857 3816 3906 exilem

2232 3951 2554 4018 spirantium
2609 3959 2937 4004 conventum
2990 3947 3334 4018 pertraheret
3397 3945 3704 4014 praesulem.
3738 3948 3819 3998 Ad

2233 4055 2394 4109 quem
2450 4041 2706 4105 antistes,
2762 4039 2954 4094 iisdem
3006 4039 3160 4108 ipsis,
3209 4051 3332 4107 quas
3391 4036 3643 4106 superius
3693 4044 3820 4089 sunt

2232 4131 2490 4196 delibata,
2525 4134 2840 4187 excusando
2876 4147 2938 4187 se
2969 4147 3136 4199 usus;
3168 4131 3233 4185 ad
3291 4147 3411 4201 qua:
3462 4145 3604 4184 nunc
3651 4131 3817 4184 etiam

2234 4225 2458 4277 morbus
2489 4223 2807 4285 accedebat,
2859 4223 3078 4292 negavit
3130 4220 3430 4275 aﬂ‘uturum
3487 4235 3549 4276 se
3600 4229 3656 4274 ut
3696 4233 3819 4274 cum

2232 4314 2476 4385 profanis
2533 4314 2902 4384 disputatione
2965 4312 3355 4382 congredietur
3416 4329 3430 4364 :
3487 4325 3594 4364 non
3648 4309 3818 4372 enim,

2231 4407 2431 4481 inquit,
2469 4416 2655 4474 pastor
2682 4405 2874 4458 ovibus
2899 4405 3190 4458 destitutus
3237 4404 3501 4457 adversus
3551 4401 3709 4471 lupos
3738 4401 3822 4456 di-

2231 4499 2418 4562 micat,
2451 4510 2552 4551 nec
2585 4513 2739 4552 suam
2789 4497 3057 4550 duntaxat
3103 4495 3332 4550 salutem
3384 4509 3658 4564 quaerens,
3693 4508 3818 4548 cum

2231 4591 2425 4647 bestiis
2494 4591 2806 4660 depugnare
2862 4588 3089 4645 festinat
3143 4607 3157 4642 :
3213 4590 3309 4644 sed
3362 4587 3451 4642 ubi
3513 4596 3633 4643 tuto
3699 4587 3821 4640 loco

2233 4691 2496 4751 extraque
2522 4681 2749 4752 periculi
2811 4680 2986 4737 aleam
3039 4682 3094 4736 in
3161 4681 3316 4735 canla
3378 4695 3597 4750 gregem
3654 4673 3848 4733 suum‘

2231 4773 2538 4839 conclusit,
2593 4782 2648 4828 et
2705 4773 2953 4828 timorem
3010 4773 3101 4830 ubi
3168 4784 3254 4828 est
3313 4773 3475 4828 timor
3527 4773 3684 4842 longe
3731 4772 3821 4826 de-

533 4863 631 4916 καὶ
657 4862 832 4918 ταῦτα
855 4863 949 4935 βίᾳ
975 4865 1076 4936 τῆς
1105 4865 1339 4934 ἀληθοῦς
1368 4864 1543 4934 νομῆς
1566 4863 1964 4927 ἀπελάσαντες,
1993 4861 2113 4934 πρὸς

2249 4865 2407 4936 pulit,
2465 4866 2532 4920 ad
2575 4865 2825 4934 luporum
2857 4880 2918 4921 se
2977 4866 3328 4922 venationem
3385 4865 3644 4933 accingit.
3702 4862 3821 4930 Qua

534 4954 711 5025 θῆρας
736 4957 898 5026 μόνον
919 4959 1066 5028 ἡμᾶς
1085 4957 1452 5028 προκαλεῖσθε
1469 4957 1692 5027 ,δεινοὺς
1710 4955 2094 5026 ἀπομάχεσθαι
2117 4971 2134 5021 ;

533 5047 614 5100 Οὐ
663 5046 820 5112 κλέος
867 5049 1028 5101 τοῦτο
1066 5049 1438 5119 ποιμαντικῆς
1461 5049 1853 5117 κατασχέσεως
1881 5062 1895 5078 ο
1926 5045 2043 5098 ἀλλ’
2085 5046 2136 5099 εἰ

536 5138 808 5209 βούλησθε
885 5141 996 5193 τῶν
1074 5141 1412 5210 πλασμάτων
1503 5137 1660 5210 ὑμῶν
1743 5136 2134 5204 ὲπιτεύξεσθαι

535 5231 554 5303 (
583 5231 815 5300 πλάσμα
845 5232 956 5303 γὰρ
990 5233 1060 5286 τά
1095 5233 1185 5301 ὑφ’
1213 5233 1372 5302 ὑμῶν
1413 5232 1552 5302 πρὸς
1611 5231 1760 5302 ἡμᾶς
1790 5231 1880 5284 ἀεὶ
1912 5247 2135 5301 προτει-

533 5320 786 5392 νόμενα,
827 5325 922 5377 καὶ
953 5325 1213 5394 οὐδεμιᾶς
1245 5323 1510 5394 ἀληθείας
1552 5322 1866 5393 ἐχόμενον),
1894 5322 2014 5376 δότε
2057 5323 2126 5394 τῇ

535 5411 776 5466 ἑκάστου
810 5417 952 5485 ῥοπῇ
982 5415 1044 5467 τὸ
1070 5414 1342 5476 ἑκούσιον,
1373 5413 1616 5482 γενέσθω
1660 5416 1767 5476 πᾶς
1797 5414 1896 5484 τῆς
1929 5412 2125 5466 ἑαυτοῦ

539 5499 855 5575 βουλήσεως
905 5505 1098 5578 κύριος
1122 5547 1136 5572 ,
1169 5507 1414 5562 λελύσθω
1448 5509 1518 5562 τά
1549 5506 1909 5579 δεσμωτήρια
1931 5548 1946 5573 ,
2003 5506 2135 5559 ἀνα-

615 5661 687 5732 (z)
717 5663 996 5731 Appendix
1015 5664 1364 5732 Theophanis
1401 5683 1414 5720 :
1447 5685 1465 5718 ι
1497 5663 1621 5719 Haec
1647 5665 1773 5718 dum
1799 5675 2122 5731 gererentur

537 5733 597 5789 in
624 5733 991 5788 inllrnutatem
1029 5737 1228 5790 decidit
1255 5736 1587 5802 patriarcha.
1625 5737 1762 5789 adeo
1799 5748 1855 5788 ιιι
1904 5736 2100 5789 dielms

543 5804 732 5876 paucis
775 5805 926 5860 salus
970 5806 1087 5874 ejus
1144 5821 1172 5859 a
1223 5805 1450 5862 medicis
1487 5807 1916 5877 dcsperaretur:
1965 5805 2125 5874 cujus

2236 4957 2404 5028 igitur
2427 4957 2664 5021 ratione,
2701 4971 2825 5012 cum
2857 4972 3007 5012 meas
3036 4958 3166 5013 mihi
3189 4955 3720 5021 oves'abstuleritis,
3766 4963 3824 5008 et

2239 5047 2426 5120 procul
2455 5065 2482 5101 a
2516 5047 2664 5102 veris
2703 5047 2920 5116 pascuis
2950 5048 3448 5119 abegeritis,.nnnc
3485 5046 3818 5116 provocatis,

2239 5149 2300 5195 ut
2359 5141 2624 5194 adversus
2671 5154 2770 5194 vos
2817 5149 3075 5208 tanquam
3127 5141 3276 5196 diras
3326 5141 3527 5194 bestias
3583 5149 3825 5206 pugnam

2235 5231 2411 5286 ineam
2435 5231 2460 5284 ?
2487 5246 2592 5283 non
2625 5230 2726 5285 hoc
2777 5231 2988 5284 muneri
3024 5233 3278 5300 congruit
3307 5228 3606 5301 pastorali;
3639 5225 3735 5281 sed
3769 5226 3815 5279 si

2250 5323 2411 5378 vultis
2468 5321 2770 5392 periculum
2835 5321 3021 5379 facere
3067 5334 3369 5379 vestrorum
3438 5321 3819 5387 ﬁgurentorum

2246 5414 2460 5484 (revera
2503 5415 2647 5468 enim
2693 5415 2948 5486 ﬁgmenta
3004 5423 3170 5482 sunt,
3224 5426 3561 5484 qumcuuque
3626 5410 3680 5466 in
3721 5427 3822 5466 nos

2239 5519 2462 5576 semper
2517 5503 2735 5573 objecta
2801 5505 3232 5578 intorquetis,et
3271 5503 3432 5574 plane
3458 5502 3728 5571 ejusmodi
3756 5511 3816 5555 ut

2231 5665 2527 5734 imperator
2556 5664 2756 5718 certior
2795 5663 2972 5719 factus
2999 5664 3065 5719 de
3097 5663 3147 5718 vi
3179 5663 3322 5720 facta
3354 5659 3599 5734 nonnihil
3655 5661 3821 5718 remi-

2232 5732 2348 5790 sit':
2389 5751 2453 5788 eo
2483 5743 2700 5816 mortuo
2729 5744 2939 5791 cnncta‘
2968 5749 3068 5806 pro
3096 5735 3373 5793 voluntate
3415 5732 3628 5790 facilius
3660 5745 3820 5786 exse-

2233 5817 2488 5860 cuturum
2521 5815 2787 5874 cogitans.
2820 5823 2840 5857 ι
