3978 6436
407 401 509 468 119

1392 401 1455 466 S.
1493 402 1922 505 NICEPHQRI
1956 405 2468 469 PATRIARCHE
2505 408 2613 470 ΕΡ.

3566 421 3666 486 120

399 515 550 572 nulla
594 516 824 571 veritate
875 515 1140 588 nitantur)
1166 515 1468 588 permittite
1527 526 1586 573 ut
1630 518 1862 589 quisque
1905 534 1972 575 ex

2084 521 2429 588 ζευξάτωσαν
2456 523 2507 577 oi
2539 523 2598 577 εν
2629 521 2818 595 εξορίᾳ
2845 523 3021 597 πικρᾷ
3070 521 3424 595 πιεζόμενοι,
3460 525 3662 582 ἀνακα·

400 610 571 667 animi
623 611 705 665 sui
732 609 1004 666 sententia
1030 608 1258 679 feratur,
1290 622 1509 680 suaeque
1564 611 1637 667 sit
1687 611 1985 668 voluntatis

402 699 637 758 arbiter.
690 701 921 758 Pateant
963 716 1254 768 carceres;
1308 701 1649 773 postliminio
1732 702 1980 771 redeant,

401 793 497 862 qui
523 793 677 862 gravi
718 804 1071 850 macerantur
1100 794 1672 865 exsilio;aperiantur
1721 793 1832 848 alta
1886 796 1983 849 de-

400 885 549 943 fossa
578 886 745 944 humo
765 895 948 943 vestro
978 887 1069 943 illa
1099 887 1378 952 baratbra,
1403 901 1467 942 ac
1489 886 1863 956 producantur
1881 886 1982 943 viri

402 980 551 1037 fame
579 980 839 1045 confecti,
873 980 1116 1052 factique
1166 979 1289 1036 sitis
1340 978 1598 1043 ludibria,
1634 979 1733 1034 viri
1770 979 1982 1055 scilicet

401 1087 637 1143 quorum
663 1088 768 1128 nox
800 1072 1046 1142 quotidie
1081 1070 1411 1127 illuminatio
1443 1071 1497 1125 in
1528 1069 1743 1125 deliciis
1767 1086 1978 1139 eorum,

402 1174 461 1219 ut
493 1164 695 1220 cecinit
745 1165 935 1219 beatus
961 1161 1173 1218 Psaltes
1222 1161 1307 1217 “:
1349 1170 1568 1218 cessent
1597 1160 1675 1233 (a)
1730 1164 1980 1229 verbera,

322 1310 337 1325 ,
401 1260 600 1329 quibus
632 1260 739 1312 Deo
763 1257 1066 1313 allatorum
1094 1257 1379 1313 hominum
1448 1270 1675 1326 corpora
1698 1256 1977 1327 vapulant.

398 1353 580 1421 Atque
633 1350 776 1405 adeo
816 1350 943 1406 dum
999 1350 1115 1406 haec
1165 1349 1322 1415 fiant,
1373 1350 1692 1419 cunctisque
1749 1348 1979 1404 liberum

392 1442 735 1512 permittatis
762 1440 1104 1511 suffragium,
1138 1454 1313 1511 neque
1342 1441 1616 1497 violentive
1635 1440 1977 1503 concedatis,

399 1544 463 1591 ut
484 1550 611 1592 suas
638 1544 825 1608 partes
870 1544 1018 1606 agat,
1047 1546 1177 1590 tunc
1227 1535 1406 1605 palam
1457 1534 1687 1605 proditis
1720 1532 1979 1588 Ecclesiae

400 1628 653 1685 hostibus
693 1627 997 1698 eiectisque
1026 1668 1040 1693 ,
1080 1629 1171 1698 qui
1200 1627 1404 1682 nullum
1457 1626 1539 1681 vel
1596 1626 1738 1683 exile
1798 1639 1980 1680 sacer-

399 1723 537 1779 dotii
588 1722 880 1793 vestigium
912 1720 1169 1787 all‘erunt,
1206 1736 1271 1777 ac
1318 1719 1546 1789 proinde
1581 1717 1978 1775 ecclesiasticis

400 1815 864 1887 disputationibus
898 1814 1167 1871 interesse
1190 1829 1298 1870 non
1331 1825 1584 1886 possunt,
1609 1828 1734 1869 cum
1763 1811 1979 1868 caeteris

2083 612 2342 686 λυφθήτω
2376 616 2536 685 ὑμῶν
2567 616 2638 670 τὰ
2671 617 2903 686 ὑπόγεια
2951 616 3203 690 βάραθρα
3226 658 3241 684 ,
3273 619 3369 673 καὶ
3399 619 3662 691 ἀναδοθή-

2084 722 2265 761 τωσαν
2311 708 2361 762 οί
2412 707 2578 776 λιμοῦ
2631 711 2970 782 τραυματίαι
3019 710 3116 765 καὶ
3167 709 3333 782 δίψης
3383 712 3663 782 γενόμενοι

2084 799 2336 868 παίγνια,
2372 802 2469 857 καὶ
2496 801 2673 857 νύκτα
2706 804 3012 874 φωτισμὸν,
3037 803 3181 858 κατὰ
3211 803 3272 856 τὺ
3301 804 3584 875 ᾀδόμενον,
3608 809 3663 862 έν

2082 898 2148 966 τῇ
2194 898 2373 968 τρυφῇ
2418 895 2628 950 ἑαυτῶν
2673 896 3053 968 ἐντρυφῶντες
3093 897 3410 968 ὁσημέραι·
3457 896 3666 955 λαϐέτω
3770 896 3777 901 ’

2083 985 2297 1040 παῦλαν
2333 988 2368 1057 ἡ
2428 987 2669 1055 μάστιξ,
2704 987 2773 1041 τὰ
2806 988 2919 1042 τῶν
2973 987 3282 1059 θεοφρόνων
3314 986 3665 1052 ὲπιξαίνουσα

2084 1074 2337 1147 σώματα.
2387 1076 2481 1141 Ὧς
2517 1078 2568 1131 εί
2612 1076 2789 1132 ταῦτα
2817 1079 3036 1147 γένοιτο
3062 1118 3076 1140 ,
3125 1077 3221 1132 καὶ
3262 1076 3340 1148 τῷ
3373 1080 3536 1132 παντὶ⁸
3568 1081 3665 1153 τὴν

2081 1167 2393 1240 ἐλευθερίαν
2422 1169 2779 1239 ὲγγράψυιτε,
2809 1171 2904 1225 καὶ
2930 1172 2997 1241 τῇ
3033 1169 3127 1240 βίᾳ
3171 1169 3246 1240 μὴ
3275 1168 3411 1221 δῶτε
3440 1170 3511 1224 τὰ
3536 1171 3664 1225 ἑαυα-

2080 1264 2179 1332 τῆς
2210 1259 2679 1334 διαπράττεσθαι,
2712 1262 2836 1316 τότε
2877 1262 2989 1317 τῶν
3022 1264 3121 1332 τῆς
3172 1260 3509 1333 Ἐκκλῃσίας
3532 1279 3666 1334 προ-

2077 1355 2254 1427 δήλων
2279 1355 2512 1429 ἐχθρῶν,
2557 1355 2654 1409 καὶ
2696 1357 2806 1409 τῶν
2843 1354 3011 1427 μηδὲν
3066 1352 3375 1430 ίερωσρνης
3408 1354 3667 1426 ἐπιφερο-

2082 1448 2261 1520 μένων
2282 1448 2559 1519 λείψανον,
2590 1449 2683 1503 καὶ
2708 1448 2800 1503 διὰ
2823 1449 2981 1502 τοῦτο
3006 1449 3099 1501 ἐπὶ
3127 1446 3444 1518 ζητήμασιν
3470 1446 3668 1517 ἐκκλη-

2081 1543 2381 1605 σιαστικοῖς
2415 1540 2772 1611 ὲγκρίνεσθαι
2819 1540 2893 1612 μὴ
2937 1539 3283 1609 δυναμένων,
3318 1537 3669 1609 ἀπεληλαμέ-

2079 1650 2206 1696 νων,
2235 1635 2348 1696 τοῖς
2378 1633 2591 1698 λοιποῖς
2631 1635 2717 1703 (εί
2756 1633 2850 1688 καί
2876 1649 2962 1696 τις
2983 1673 2997 1695 ,
3029 1634 3168 1703 ὅπερ
3197 1632 3428 1685 ἀπέστω
3453 1671 3468 1691 .
3498 1630 3671 1684 λελεί-

2077 1724 2277 1795 ψεται)
2321 1726 2404 1789 εἱς
2456 1725 2650 1794 λόγους
2703 1722 2882 1777 ἐλθεῖν
2912 1724 3064 1793 ἡμᾶς
3113 1723 3344 1785 ἑαυτοὺς
3386 1720 3667 1791 πείσομεν.

2079 1818 2153 1872 Οὐ
2186 1817 2298 1889 γὰρ
2332 1816 2575 1887 ἀνιέροις
2617 1816 2781 1886 θέμις
2831 1815 2970 1885 πρὸς
3018 1814 3245 1887 ἔρευναν
3296 1811 3463 1884 ιερῶν
3508 1830 3671 1869 κατα-

398 1910 421 1979 (
443 1910 487 1965 si
519 1910 665 1979 quis,
696 1908 840 1978 quod
870 1907 1031 1974 absit,
1066 1907 1307 1977 reliquus
1338 1907 1465 1977 erit)
1511 1905 1828 1961 conferendi
1860 1918 1979 1959 ser-

2084 1906 2353 1977 λέγεσθαι.
2391 1906 2718 1961 Είπάτωσαν
2745 1908 2854 1978 γὰρ
2875 1908 2925 1960 οἱ
2955 1907 3025 1961 τά
3057 1906 3477 1960 Κωνσταντίνου
3509 1907 3673 1962 πάλαι

398 1998 579 2053 monis
608 2012 775 2053 causa
810 1997 1108 2053 convenire
1143 2012 1249 2051 non
1300 1995 1754 2052 detrectabimus.
1792 1991 1982 2065 Neque

398 2091 543 2147 enim
570 2091 649 2147 fas
669 2100 779 2155 est,
804 2099 864 2146 ut
892 2103 1015 2145 cum
1037 2088 1281 2159 profanis
1312 2103 1661 2145 communem
1701 2088 1767 2141 ad
1821 2100 1981 2141 sacra

397 2181 751 2252 disquirenda
780 2192 1103 2236 conventum
1150 2181 1426 2235 ineamus.
1451 2180 1647 2236 Dicant
1684 2180 1854 2245 enim,
1887 2178 1979 2248 qui

396 2275 528 2331 olim
554 2274 774 2331 silentio
801 2274 1055 2329 damnata
1091 2282 1257 2343 atque
1283 2287 1573 2343 suppressa
1626 2269 1979 2327 Constantini

397 2369 616 2426 decreta
640 2374 942 2431 sectantur,
983 2367 1106 2437 quis
1128 2380 1342 2421 sacram
1379 2365 1488 2419 illis
1519 2363 1839 2431 dignitatem
1869 2361 1979 2416 im-

395 2461 682 2534 posuerit?
727 2459 1016 2516 ostendant
1064 2457 1220 2525 cujus
1273 2455 1640 2512 ordinationis
1689 2455 1761 2518 vi,
1811 2470 1975 2526 quam

397 2557 618 2628 quidem
654 2562 955 2622 agnoscant
989 2551 1137 2621 leges
1178 2549 1587 2612 ecclesiasticae,
1617 2548 1671 2601 in
1724 2546 1980 2602 sacerdo-

397 2659 513 2703 tum
538 2647 764 2718 gradum
792 2641 1162 2700 ascenderint.
1194 2639 1327 2696 Cum
1353 2641 1539 2709 itaque
1563 2637 1978 2694 ecclesiasticus

397 2739 535 2796 ordo
567 2737 821 2808 indignos
844 2749 941 2790 eos
970 2748 1093 2790 esse
1132 2729 1508 2803 testetur,quis
1531 2744 1625 2786 eos
1654 2729 1708 2785 in
1746 2728 1978 2784 ecclesia

394 2831 545 2902 loqui
576 2827 893 2885 sustineat?
914 2826 1039 2882 Haec
1071 2826 1160 2890 iis,
1195 2814 1317 2893 qui'
1338 2824 1627 2889 miserunt,
1675 2822 1925 2878 renuntia
1959 2840 1974 2879 :

394 2925 490 2996 qui
550 2924 596 2981 si
646 2922 851 2979 nostris
882 2919 1231 2976 sermonibus
1260 2916 1486 2986 obsequi
1548 2917 1853 2981 videantur,
1906 2930 1974 2971 en

395 3029 613 3088 tempus
651 3030 716 3071 ac
750 3014 930 3070 locum
980 3011 1338 3083 disputationi
1386 3024 1625 3079 congrua
1680 3010 1976 3079 praestitui-

394 3125 518 3166 mus
549 3128 564 3165 :
591 3116 646 3163 et
680 3106 896 3177 quidem
928 3119 1027 3175 par
1059 3103 1281 3159 edenda:
1308 3100 1674 3157 confessionis
1711 3101 1975 3157 habendi-

2085 1996 2419 2068 σεσιγηκότα
2447 1995 2544 2051 καὶ
2566 1996 2871 2067 κατᾴδοντα
2895 1995 3258 2065 περιέποντες
3283 1993 3558 2063 δόγματα,
3588 1996 3670 2060 τίς

2079 2089 2265 2152 αὐτοῖς
2295 2086 2455 2154 ἀξίαν
2497 2085 3073 2156 ἑπιτέθεικεν.ίεράν;
3118 2085 3183 2138 ὲκ
3231 2083 3381 2148 τίνος
3419 2087 3667 2155 ἱεροφαν-

2078 2180 2237 2250 τικῆς
2281 2178 2619 2251 χειροτονίας
2658 2169 3081 2248 γνωριζομένης
3129 2178 3244 2239 τοῖς
3275 2176 3671 2247 ἐκκλησιαστι-

2079 2276 2197 2337 κοῖς
2241 2272 2431 2343 νόμοις
2478 2271 2890 2342 κατατετάχθαι
2944 2270 3114 2341 φασὶν
3167 2271 3249 2333 εἰς
3301 2270 3517 2341 βαθμὸν
3564 2269 3671 2325 τῶν

2081 2367 2547 2438 ίερουργούντωνς
2591 2365 2655 2418 Ei
2686 2359 2781 2419 οὖν
2811 2364 2972 2431 τάξις
3006 2363 3194 2427 αὐτοῖς
3237 2363 3668 2436 ἐκκλησιαστικὴ

2077 2457 2139 2512 τὸ
2168 2456 2414 2522 ἀναξίοις
2447 2454 2590 2510 εἶναι
2626 2455 3006 2527 μαρτύρεται.
3052 2455 3139 2519 τίς
3194 2454 3404 2520 αὐτοὺς
3450 2456 3541 2509 ἐπ’
3582 2455 3679 2511 ἑκ·-

2080 2550 2311 2621 κλησίας
2368 2549 2551 2618 λέγειν
2610 2548 2905 2613 ἀνέξεται;
2966 2547 3156 2601 Ταῦτα
3221 2550 3337 2611 τοῖς
3402 2548 3669 2604 στείλασιν

2078 2642 2226 2713 ὑμᾶς
2259 2641 2658 2713 γνωρισθήτω,
2700 2642 2796 2695 καὶ
2834 2642 2883 2693 εί
2924 2640 3039 2704 τοῖς
3079 2640 3377 2713 ἡμετέροις
3407 2658 3670 2696 καταπει-

2079 2733 2300 2798 σθέντες
2324 2732 2548 2803 ὀφθεῖεν
2580 2733 2786 2801 λόγοις,
2823 2732 2935 2785 ίδοὺ
2966 2732 3166 2803 καιρὸν
3195 2733 3291 2786 καὶ
3332 2733 3505 2787 τόπον
3536 2733 3667 2797 τοῖς.

2079 2826 2217 2899 πρὸς
2249 2820 2331 2889 οἷς
2360 2824 2620 2896 εὖκαιρόν
2676 2826 2823 2887 ἔστι,
2874 2824 3228 2895 διαλεχθῆναι
3259 2824 3545 2896 ὁρίζομεν·
3578 2824 3670 2880 καὶ

2077 2914 2289 2985 καιρὸς,
2325 2915 2491 2987 ἡνίκα
2517 2915 2583 2969 ἂν
2604 2914 2724 2985 Θεῷ
2755 2914 2931 2982 φίλον,
2956 2915 3025 2968 τὰ
3056 2915 3160 2984 τῆς
3190 2915 3351 2969 νόσου
3387 2918 3520 2987 ἡμῖν
3549 2917 3671 2970 έπε-

2076 3007 2350 3079 λωφῆσαι,
2384 3007 2483 3062 καὶ
2507 3007 2906 3077 ὑπολειφθῆναι
2935 3010 3050 3072 τοῖς
3079 3007 3216 3073 ζῶσι
3247 3007 3323 3078 δῷ
3353 3009 3511 3075 Θεδς,
3549 3027 3675 3064 συν-

2075 3098 2359 3169 ομολογεῖν
2414 3098 2511 3152 καὶ
2568 3096 3032 3167 συμφθέγγεσθαι
3064 3114 3079 3129 ο
3140 3097 3306 3162 τόπος
3357 3098 3418 3152 δὲ
3469 3098 3532 3152 τὺ
3582 3096 3672 3152 τοῦ

393 3219 503 3276 que
529 3200 790 3273 colloquii.
833 3209 1046 3267 tempus
1095 3197 1222 3260 erit,
1246 3195 1337 3251 ubi
1396 3193 1511 3250 Deo
1546 3194 1683 3250 bene
1738 3192 1974 3264 propitio

2084 3190 2223 3244 θείου
2246 3190 2406 3260 λόγου
2434 3188 2707 3261 διώνυμον
2732 3189 2984 3259 τέμενος,
3018 3190 3077 3243 έν
3111 3181 3157 3257 ᾧ
3188 3189 3322 3255 Θεὸς
3356 3189 3670 3262 κάθηταιε,

393 3260 665 3365 tantisper
685 3260 921 3347 .morbus
946 3260 1401 3357 interquieverit,
1424 3283 1649 3352 vitaque
1680 3260 1827 3337 illius
1844 3260 1972 3336 inu-

2084 3281 2150 3336 τά
2200 3284 2267 3353 τῇ
2319 3260 2828 3353 καθολικῇνπίστει
2880 3281 3163 3352 ἀνήκοντα
3207 3260 3676 3354 διεσμιλευμένως

393 3402 529 3446 nere
547 3390 827 3454 superstes
838 3380 1004 3435 fuerit
1024 3396 1039 3435 :
1064 3377 1216 3434 locus
1233 3390 1363 3431 vero
1385 3374 1536 3430 verbi
1561 3373 1752 3439 divini,
1769 3371 1978 3428 famosa

2082 3374 2305 3428 διαιτῶν
2335 3375 2429 3428 καὶ
2455 3371 2675 3446 τρανῶν
2704 3373 3048 3429 δικαιότατα.

395 3497 460 3538 ac
498 3478 854 3539 celeberrima
893 3472 1232 3539 basilica;in
1279 3485 1382 3541 qua
1398 3469 1694 3541 praesidens
1736 3466 1897 3537 Deus,
1930 3483 2051 3541 qua:
2100 3479 2353 3541 spectant
2391 3469 2458 3526 ad
2500 3468 2658 3526 tidem
2690 3469 3015 3527 catholicam
3073 3467 3332 3527 distincte
3368 3471 3680 3553 subtiliter-

394 3589 502 3649 que
529 3575 805 3636 decernet,
836 3577 890 3623 et
911 3581 1073 3637 quam
1099 3564 1403 3636 iustissime
1443 3561 1773 3634 explanabit.

466 3666 558 3721 (ιε.
620 3663 791 3719 Porro
844 3660 933 3715 ubi
972 3658 1193 3713 nuntius
1216 3653 1378 3711 verba
1410 3654 1547 3721 haec,
1575 3655 1716 3726 ejus,
1752 3654 1847 3724 qui
1894 3655 1976 3725 ip-

396 3773 519 3814 sum
552 3755 813 3818 miserat,
836 3751 1062 3806 auribus
1094 3748 1369 3813 insonuit,
1395 3755 1449 3801 et
1479 3746 1526 3803 is
1547 3756 1743 3803 cuncta
1765 3746 1831 3803 ad
1858 3745 1980 3803 illos

394 3847 588 3904 retulit
617 3845 709 3916 qui
754 3842 1047 3899 contraria:
1093 3849 1249 3896 erant
1280 3838 1572 3908 opinionis,
1616 3847 1799 3894 mutos
1856 3850 1978 3892 om-

395 3940 531 3996 nino
574 3946 630 3994 et
666 3950 797 3991 voce
827 3934 1119 3990 destitutos
1163 3929 1437 3995 reddidit;
1475 3929 1743 3998 gravique
1797 3926 1980 3983 cordis

397 4031 585 4088 dolore
608 4027 810 4092 aﬂecit,
844 4035 906 4082 ut
935 4026 1025 4096 qui
1063 4038 1288 4093 prorsus
1309 4020 1660 4091 impossibilia
1686 4020 1816 4088 ipsis
1847 4034 1977 4091 pro-

393 4133 625 4197 poneret
666 4133 721 4178 et
759 4136 880 4190 quae
906 4127 1171 4189 prmstare
1198 4115 1437 4171 nullatus
1465 4111 1977 4179 valerent.“‘Quam-

394 4219 585 4274 obrem
638 4214 743 4283 ipsi
796 4219 987 4268 coacto
1055 4209 1202 4264 inter
1254 4222 1313 4261 se
1371 4205 1647 4270 concilio,
1712 4203 1977 4258 adversus

393 4308 656 4367 Ecclesia
707 4303 1079 4360 firmissimum
1130 4315 1343 4354 murum
1405 4313 1589 4353 coram
1650 4297 1979 4365 imperatore

393 4401 513 4457 haec
545 4397 711 4454 verba
771 4396 1062 4464 deSpttuni.
1098 4391 1529 4467 Haudquaquam
1602 4388 1717 4444 ﬁeri
1780 4393 1979 4456 potest,

396 4493 526 4547 dum
550 4504 640 4546 res
672 4489 746 4544 ita
803 4487 1160 4557 transigatur,
1190 4492 1246 4538 ut
1277 4498 1398 4553 quae
1429 4480 1700 4550 maiestati
1727 4488 1831 4535 tuae
1861 4480 1979 4534 visa

397 4592 552 4648 sunt,
583 4597 647 4637 ac
681 4581 937 4651 praesenti
972 4582 1191 4634 decreta
1226 4575 1459 4647 synodo,
1496 4588 1820 4644 prosperum
1857 4572 1979 4628 exi-

2160 3654 2259 3727 ξβ⁹.
2291 3653 2481 3711 Ταῦτα
2527 3655 2622 3710 τοῦ
2666 3654 3079 3728 ἀγγελιαφόρου
3111 3657 3228 3721 τοῖς
3257 3657 3366 3713 ὠσὶ
3415 3656 3515 3713 τοῦ
3546 3657 3679 3730 πέμ.

2084 3747 2290 3820 ψαντος
2340 3749 2755 3821 ὲνηχήσαντος,
2801 3749 2901 3804 καὶ
2944 3748 3115 3805 αὑτοῦ
3159 3750 3216 3804 δὲ
3259 3753 3383 3814 τοῖς
3423 3750 3685 3806 τάναντία

2085 3841 2463 3913 συμφρονοῦσι
2485 3840 2631 3895 κατά
2655 3841 2825 3912 μηδὲν
2851 3841 3296 3913 ἀποκρύψαντος,
3326 3843 3475 3916 πρὸς
3503 3845 3683 3899 πᾶσαν

2084 3935 2264 3990 αὐτῶν
2294 3934 2532 4003 ἀφασίαν
2557 3934 2655 4006 τὴν
2686 3934 2937 4004 γλῶτταν
2966 3934 3266 4007 διήγειρεν,
3294 3937 3392 3991 καὶ
3418 3937 3521 4008 τὴν
3547 3954 3681 4009 καρο

2082 4029 2203 4083 δίαν
2230 4027 2575 4097 έπάλγωσεν,
2607 4026 2685 4091 ὡς
2719 4026 2851 4098 περὶ
2881 4028 3163 4083 ἀδυνάτων
3188 4027 3282 4083 καὶ
3310 4029 3389 4100 μὴ
3420 4029 3681 4099 τελεσθῆ-

2082 4135 2173 4173 ναι
2215 4119 2418 4174 ἱκανῶς
2464 4119 2700 4190 ἑχόντων
2743 4118 3078 4190 ὑπάρχοντα.
3111 4119 3277 4174 Ὅθεν
3320 4121 3462 4192 πρὸς
3493 4119 3683 4192 βουλὴν

2086 4210 2317 4275 ἑαυτοὺς
2352 4210 2830 4282 συναθροίσαντες,
2861 4209 3090 4265 τοιαῦτα
3143 4211 3221 4282 τῷ
3273 4212 3509 4283 βασιλεῖ,
3550 4210 3688 4267 κατά

2085 4297 2180 4353 τοῦ
2223 4300 2322 4369 τῆς
2375 4298 2705 4370 Ἐκκλησίας
2750 4299 3018 4370 προδόλου
3065 4299 3339 4369 λέγοντες,
3402 4300 3683 4355 ἀπέπτυαν

2088 4390 2336 4461 ῥήματα.
2388 4390 2502 4445 Οὐκ
2554 4390 2673 4444 ἔστι
2722 4391 2866 4446 κατά
2905 4389 3100 4447 τοῦτον
3138 4392 3232 4446 τὸν
3281 4392 3444 4460 λόγον
3490 4393 3561 4446 τά
3608 4390 3684 4462 τῷ

2087 4481 2284 4553 κράτει
2334 4500 2429 4536 σου
2478 4484 2787 4554 δεδογμένα
2837 4484 2933 4539 καὶ
2983 4488 3051 4556 τῇ
3111 4486 3427 4558 ὲνδημούσῃ
3482 4487 3683 4555 συνόδῳ

2088 4574 2391 4645 κεκριμένα
2444 4575 2621 4645 πέρας
2666 4575 2853 4628 λαόεῖν
2897 4576 3239 4646 ἀμφιδέξιον
3286 4580 3336 4630 εἰ
3378 4579 3493 4650 γὰρ
3532 4578 3683 4649 εὖροι

395 4683 515 4743 tum
554 4671 855 4727 obtineant.
890 4666 948 4723 Si
1008 4669 1153 4723 enim
1209 4666 1503 4735 unicuique
1562 4675 1778 4733 tempus
1825 4664 1979 4719 detur

2088 4665 2337 4743 καιρὸνή
2363 4665 2600 4718 ἑκάστου
2628 4668 2794 4737 ῥοπὴ,
2822 4668 2944 4721 ὅποι
2972 4668 3278 4739 τρέπεσθαι
3306 4669 3574 4739 βούλοιτο,
3595 4668 3683 4723 καὶ

393 4778 496 4834 pro
522 4761 687 4818 animi
720 4760 986 4817 sententia
1019 4775 1077 4816 se
1096 4760 1336 4813 vertendi
1370 4774 1479 4828 quo
1506 4756 1655 4823 velit,
1682 4767 1736 4813 et
1764 4757 1856 4821 iis,
1891 4756 1981 4826 qui

397 4856 598 4929 exsilio
625 4854 864 4910 damnati
893 4863 1041 4919 sunt,
1072 4852 1316 4921 obtingat
1373 4853 1681 4907 revertendi
1729 4851 1981 4914 facultas,

402 4960 461 5006 et
513 4946 752 5018 propria
784 4947 1105 5010 voluntatis,
1137 4943 1281 4998 nulla
1325 4945 1373 4996 vi
1438 4944 1728 5006 subeunte,
1777 4943 1985 4996 arbiter

396 5039 579 5108 quivis
602 5037 718 5102 fiat,
746 5036 879 5091 nudi
910 5034 1091 5092 forsan
1125 5050 1189 5089 ac
1222 5032 1320 5087 soli
1375 5032 1747 5102 relinquemur
1783 5048 1797 5085 :
1832 5030 1979 5084 futu-

395 5148 520 5189 rum
552 5139 638 5187 est
664 5130 810 5187 enim
843 5139 902 5183 ut
956 5142 1147 5183 omnes
1173 5126 1322 5180 illum
1364 5132 1557 5194 sponte
1582 5139 1677 5179 sua
1712 5138 1983 5195 propenso

396 5231 718 5294 sequantur,
735 5231 791 5275 et
810 5234 897 5275 res
917 5225 1117 5274 nostrae
1137 5216 1284 5271 omni
1303 5214 1576 5270 destitutae
1602 5228 1703 5285 ope
1726 5214 1978 5282 iaceant;

395 5314 523 5373 ideo
553 5314 695 5383 quod
732 5327 853 5369 cum
890 5309 1211 5382 proceribus
1263 5307 1466 5363 nostris
1514 5307 1566 5361 in
1594 5306 1982 5378 disputationis

353 5443 361 5476 ³
448 5465 491 5496 ³⁸
538 5468 682 5526 Psal.
713 5482 974 5529 cxxxvm,
1015 5464 1103 5518 fl.

335 5600 368 5689 ,ί
490 5635 517 5674 κ
552 5631 652 5688 Ms.
684 5632 976 5685 acutissima.

2084 4756 2134 4807 οἱ
2154 4758 2222 4826 τῇ
2249 4755 2439 4826 ἐξορίᾳ
2460 4757 2893 4829 κατακριθέντες
2920 4760 3259 4832 ἀνακομιδῆς
3275 4762 3680 4828 ὲπιτεὺξαιντο,

2088 4845 2185 4899 καὶ
2219 4847 2327 4908 πᾶς
2356 4863 2442 4911 τις
2487 4849 2587 4919 τῆς
2614 4849 2824 4915 οἰκείας
2858 4851 3163 4923 αἱρέσεως,
3202 4856 3479 4925 μηδεμιᾶς
3511 4854 3682 4909 ὑπού-

2089 4954 2189 5005 σης
2228 4937 2387 5006 βίας,
2430 4941 2642 5008 γένοιτο
2690 4943 2899 5014 κύριος’
2954 4944 3096 5014 τάχα
3139 4946 3338 5015 γυμνοὶ
3385 4948 3483 5000 καὶ
3530 4946 3682 5016 μόνοι

2088 5030 2597 5105 περιλειφθείημεν.
2653 5034 2885 5107 Ἐκείνῳ
2929 5036 3038 5107 γάρ
3071 5039 3223 5091 πᾶσα
3274 5038 3474 5109 γνώμη
3528 5041 3680 5092 ἐκου-

2092 5120 2389 5196 σιαζομένη
2421 5124 2494 5188 ὡς
2526 5126 2690 5196 τάχος
2740 5126 3073 5197 συνέψεται,
3126 5128 3220 5182 καὶ
3264 5127 3335 5182 τὰ
3364 5130 3491 5183 καθ’
3534 5128 3683 5198 ἡμᾶς

2089 5216 2274 5287 πάσης
2318 5216 2575 5291 βοηθείας
2622 5221 2783 5285 ἐκτὸς
2830 5208 3250 5295 περιστήσεται,
3297 5223 3393 5276 καὶ
3446 5221 3679 5293 μάλιστα

2087 5309 2188 5379 τὴν
2244 5311 2381 5381 πρὸς
2441 5315 2570 5379 τοὺς
2618 5316 2954 5388 προκρίτους
3010 5316 3354 5387 ἀναινομένφ
3417 5311 3675 5380 διάλεξιν,

1666 5552 1900 5608 ΥΑΒΙᾹΞ
1952 5553 2245 5612 LECTION
2252 5558 2355 5613 ES.

1917 5693 2153 5751 NOT/E.

483 5795 560 5865 (a)
592 5788 1465 5873 Decrueialjbus‘etygrberibus
1487 5788 1557 5873 _in-
1582 5802 1805 5873 caret-rc
1839 5786 2055 5845 inﬂictis
2083 5792 2262 5861 agitur
2297 5792 2350 5850 in
2384 5792 2504 5852 Vita
2538 5796 2599 5854 S.
2646 5796 2856 5855 Nicolai
2890 5795 3143 5869 Studita,
3201 5815 3324 5873 cap.
3363 5800 3422 5871 «ί,
3454 5800 3544 5858 ubi
3583 5814 3674 5857 va-

394 5857 582 5936 ria'e'x
623 5862 741 5920 Vita
870 5858 1142 5918 Theodori
1178 5857 1407 5916 Studitae
1435 5857 1834 5915 adnotavimus.
