3978 6424
405 384 508 454 121

1827 333 1842 347 ⁸
1934 385 2114 445 VITA

3576 381 3677 445 123

400 504 565 557 τοῦτο
597 499 706 572 γάρ
750 498 811 553 ού
840 496 943 605 ειὴῖ
982 496 1258 569 τυχοῦσαν
1289 495 1605 569 ἀνατροπὴν
1632 498 1765 569 ἡμῖν
1790 497 1989 568 προξε-
2020 548 2023 558 ,

2127 508 2326 550 ιιειιιιιιι
2347 494 2682 552 descendere
2711 501 2929 562 renuat,
2954 494 3097 563 quod
3126 508 3231 563 quo
3263 493 3474 549 facilius
3524 498 3675 565 gravi

2142 602 2185 605 μ
2232 587 2279 605 ,ν
2312 603 2335 605 ,_
2365 602 2411 605 μ-
2879 598 2993 605 η--
3032 587 3162 605 ____.

400 600 643 671 νήσσιεν.
685 593 844 659 ’Δλις
870 586 966 648 οὖν
989 593 1092 663 τῆς
1125 590 1505 663 προκλήσεως·
1532 589 1635 661 ἥδη
1656 587 1767 660 γάρ
1799 588 1992 660 τρίτην

2127 602 2197 644 los
2222 587 2420 643 damno
2448 586 2665 641 alliciat.
2683 584 2828 641 Satis
2872 598 3000 657 ergo
3025 587 3164 656 quod
3191 585 3472 653 hucusque
3515 588 3678 640 obse-

401 686 640 760 ταυτηνὶ⁵
699 683 1023 758 προτροπὴν
1071 681 1428 754 πεποιήμεθα
1472 681 1611 752 πρὸς
1658 679 1845 742 αὐτὸν,
1898 680 1995 733 καὶ

2127 682 2375 737 .ravimus
2423 681 2572 749 :jam
2615 679 2759 734 enim
2800 677 2962 733 tertio
2985 677 3679 743 eumbortatisnmus,uec

401 780 676 851 αὐθαδείᾳ
694 776 1022 846 πειθόμενος
1042 776 1508 846 οὒκ-ἀπήντηκεν.
1547 771 1711 840 Ἀλλ’,
1747 774 1797 825 εί
1825 771 1994 835 δοκεῖ,

2099 773 2189 829 ille
2215 771 2513 827 temeritati
2547 785 2660 825 suae
2685 768 3001 833 obsecutus,
3030 776 3083 820 ut
3120 766 3225 821 sibi
3276 766 3496 820 suaderi
3529 768 3681 822 sine-

405 874 663 944 συνοδικῇ
706 869 971 940 αὐθεντίᾳ
1006 866 1382 939 χρησάμενοι,
1426 864 1495 918 τὰ
1541 866 1655 928 τοῖς
1708 862 1998 917 ἀπειθοῦσι

2127 871 2203 929 et,
2232 861 2519 917 induxit-in
2576 859 2844 913 animum.
2881 855 3062 922 Quare
3094 852 3361 924 synodali,
3389 854 3432 908 si
3482 853 3679 920 placet,

403 961 549 1033 δῆλα
574 963 663 1016 διὰ
694 960 1026 1030 γράμματος
1058 955 1209 1026 αὐτῷ
1234 955 1710 1025 καταστήσαιμεν,
1749 952 1998 1033 ἀπαντῆ-

408 1024 509 1109 σαι
562 1054 660 1107 καὶ
705 1024 1192 1119 ἀπολελογῆσθαι,
1212 1047 1357 1116 ὑπὲρ
1600 1024 1821 1107 σύνοδος
1875 1042 1997 1097 κατ’

406 1144 581 1201 αὐτοῦ
613 1143 962 1214 ὲγκέκληται.
994 1141 1310 1212 Γράφουσιν
1336 1138 1431 1193 οὖν
1463 1155 1587 1192 τινα
1615 1136 1871 1190 ταπεινὸν
1906 1137 2005 1190 καὶ

409 1237 728 1312 χωλεύοντα
755 1236 924 1306 τόμον
952 1234 1093 1305 πρὸς
1116 1232 1210 1286 τὸν
1242 1232 1343 1301 τῆς
1380 1230 1708 1300 Ἐκκλησίας
1736 1229 2002 1301 ἀρχηγὸν,

408 1330 533 1392 τοῖς
556 1325 995 1398 ἀχειροτονὴτοις
1029 1325 1371 1394 παρεστάναι
1398 1320 1717 1384 κελεύοντα,
1745 1320 1844 1372 καὶ
1874 1319 2007 1389 περὶ

412 1417 532 1472 τῶν
561 1414 975 1487 βεϐουλημένων
1006 1414 1190 1476 αὐτοῖς
1220 1411 1619 1465 διευθύνεσθαι.
1654 1411 1750 1465 Ὃν
1786 1412 2010 1478 ἐπιφορ-

412 1508 671 1569 σείσαντες
697 1503 1022 1566 ἐπισκόποις
1052 1503 1163 1556 τισὶ
1190 1501 1286 1556 καὶ
1320 1500 1607 1572 κληρικοῖς
1627 1539 1641 1564 ,
1674 1497 2009 1569 χειροτονίας

415 1600 559 1669 ἄτερ
594 1596 948 1667 τυγχάνουσι,
975 1593 1112 1663 πρὸς
1138 1594 1230 1647 τὸν
1258 1592 1559 1663 λαμπτῆρα
1574 1593 1675 1661 τῆς
1696 1590 2010 1663 όρθοδοξέας

418 1689 806 1759 ἐκπέμπουσι,
853 1686 1218 1753 συζεύξαντες
1283 1686 1469 1747 αὐτοῖς
1511 1682 1669 1754 δχλον
1716 1679 2009 1753 ἀγυρτώδη

420 1782 521 1835 καὶ
549 1782 806 1852 ἀγοραῖον
831 1779 1045 1849 καὶτῆς
1079 1778 1261 1831 αὐτῶν
1296 1776 1580 1848 βδελυρίας
1628 1773 1874 1839 ἐπάξιον.
1920 1772 2010 1837 Ὧς

418 1872 484 1926 δὲ
527 1872 637 1941 πρὸ
664 1871 851 1925 πυλῶν
886 1871 981 1924 τοῦ
1039 1871 1138 1940 τῆς
1179 1869 1598 1940 ἀρχιερωσύνης
1647 1864 2009 1939 σκηνώματπ

422 1965 686 2034 ἔστησαν,
705 1963 978 2035 ἀνηνέχθη
1008 1961 1087 2032 τῷ
1118 1963 1343 2033 μεγάλῳ
1369 1962 1623 2034 ἀρχιερεῖ
1646 1960 1708 2014 τὸ
1733 1959 1836 2030 τῆς
1865 1976 2009 2030 παρ-

424 2055 619 2120 ουσίας
670 2055 853 2110 αὐτῶν
899 2055 1315 2124 φορτικώτατον
1381 2054 1631 2124 μήνυμα.
1690 2051 1751 2105 Ὃ
1803 2051 1863 2105 δὲ
1916 2051 2011 2104 καὶ

433 2147 573 2217 πρὸς
613 2146 778 2217 αὐτὴν
824 2144 923 2217 τὴν
971 2145 1082 2199 τῶν
1133 2144 1493 2216 κακοφρόνων
1543 2144 1675 2198 θέαν
1709 2138 2013 2215 ἀχθόμενος

440 2237 679 2310 (τοιοῦτο
706 2239 815 2309 γὰρ
849 2240 907 2291 αἱ
955 2237 1196 2310 καθαραὶ
1248 2238 1464 2306 φύσεις,
1490 2238 1628 2308 πρὸς
1676 2238 1788 2291 πᾶν
1831 2235 2014 2292 ὁτιοῦν

432 2328 724 2401 ἀλλοτρίως
755 2329 854 2400 τῆς
884 2329 1145 2401 ἀληθείας
1177 2328 1300 2400 ἕχον
1331 2328 1737 2401 ἀηδιζόμεναι),
1767 2328 1869 2382 οὐκ
1898 2322 2013 2398 εἶχε

427 2419 660 2494 γνώμης
685 2421 867 2484 αὐτοῖς
901 2423 981 2484 είς
1025 2421 1245 2492 ὁμιλίαν
1278 2420 1474 2476 ἐλθεῖν.
1518 2421 1873 2492 Ἀκουσίῳυδὲ
1923 2419 2017 2493 βίᾳ.

426 2517 760 2583 νυσσόμενος
793 2511 1017 2567 ὑποντοῦ
1050 2513 1491 2584 πεπιστευμένου
1520 2512 1619 2582 τὴν
1650 2513 1817 2567 αὑτοῦ
1849 2530 2017 2583 φρου-

431 2602 539 2674 ράν
574 2602 890 2675 πατρικίου,
926 2603 1002 2675 μὴ
1032 2603 1384 2674 ἀποπέμπειν
1419 2601 1643 2665 τούτους
1665 2603 1746 2665 εἰς
1774 2600 2018 2655 τούπίσω

424 2695 755 2765 ἀπράκτους
780 2691 1196 2763 καταινοῢντος,
1224 2693 1337 2765 ὀψὲ.
1358 2694 1453 2748 καὶ
1489 2692 1644 2763 μόλις
1699 2692 1895 2755 αὐτοῖς·
1915 2691 2018 2745 έπ-

423 2786 617 2858 αφῆκε
645 2786 746 2858 τὴν
777 2785 1004 2840 εῐσοδον.

506 3055 610 3138 Ex".
645 3055 792 3110 Εῐσω
819 3051 1258 3124 δὲγενομένους,
1291 3051 1415 3105 οὐδὲ
1449 3051 1510 3105 τὸ
1541 3049 1641 3122 τῆς
1692 3047 1852 3103 νόσου
1892 3046 2021 3110 τοὺς

2102 953 2432 1008 auctoritate
2462 951 2569 1017 usi,
2596 965 2716 1018 qua:
2747 947 3126 1016 pervicacibus
3148 945 3455 999 denuntiari
3484 942 3680 1005 solent,

2105 1047 2218 1101 haec
2238 1045 2287 1100 ei
2314 1045 2517 1113 scripto
2543 1053 2668 1097 nota
2702 1041 3004 1105 faciamus;
3029 1047 3088 1092 ut
3115 1044 3435 1103 compareat
3465 1048 3678 1103 nempe,

2105 1146 2160 1191 et
2188 1139 2254 1191 de
2283 1137 2479 1205 quibus
2508 1135 2768 1188 adversus
2802 1148 2922 1186 eum
2972 1129 3215 1200 synodus
3249 1124 3525 1195 querelam
3567 1138 3684 1177 mo-

2106 1237 2214 1293 vet,
2248 1223 2572 1280 satisfaciat.
2595 1222 2857 1277 Scribuut
2897 1235 2998 1291 ego
3036 1218 3197 1271 vilem
3253 1232 3317 1271 ac
3362 1213 3682 1269 claudican-

2110 1328 2216 1374 tem
2256 1326 2459 1373 tomum
2508 1315 2576 1370 ad
2627 1312 2885 1367 Ecclesiae
2931 1310 3439 1379 praesulem,eoqnc
3491 1304 3689 1373 jnbeut

2108 1419 2167 1466 ut
2192 1410 2301 1464 illis
2348 1424 2409 1465 se
2446 1409 2630 1474 sistat,
2656 1406 2750 1477 qui
2790 1404 3078 1459 ordinibus
3105 1400 3301 1455 initiati
3352 1413 3459 1452 non
3496 1406 3676 1457 erant,

2109 1511 2406 1564 eteorum,
2461 1513 2580 1567 quae
2638 1497 2740 1566 ipsi
2800 1493 3112 1561 voluerunt,
3137 1490 3329 1543 reddat
3389 1486 3681 1538 rationem.

2112 1592 2268 1647 Hunc
2325 1590 2565 1646 libellum
2614 1587 2941 1657 quibusdam
2984 1580 3278 1652 episcopis,
3340 1576 3684 1645 clericisquc,

2112 1685 2204 1754 qni
2239 1698 2365 1739 vere
2423 1680 2570 1737 nullo
2613 1677 2851 1733 clericali
2886 1676 3247 1738 charactere,
3278 1680 3370 1723 aut
3399 1664 3690 1737 episcOpali

2114 1775 2282 1830 infula
2343 1773 2526 1828 donati
2581 1781 2789 1835 essent,
2821 1766 3248 1828 committentes,
3299 1759 3577 1815 destinant
3623 1756 3691 1808 ad

2112 1878 2274 1924 rectae
2306 1866 2427 1921 fidei
2481 1863 2874 1919 lucidissimam
2922 1857 3120 1921 facem,
3148 1870 3270 1910 cum
3325 1846 3695 1905 tumultuaria:
3756 1857 3763 1861 '

2110 1976 2173 2016 ac
2207 1955 2659 2013 circumforaneae
2711 1948 3085 2007 multitudinis
3110 1947 3293 2009 turba,
3318 1942 3691 2012 quaeipsornm

2112 2050 2396 2107 dementiae
2429 2046 2701 2117 particeps
2730 2058 2790 2099 se
2822 2043 2902 2098 eis
2954 2038 3299 2106 adiunxerat.
3355 2034 3459 2090 Ubi
3511 2042 3694 2085 autem
3750 2074 3753 2077 .

2113 2157 2211 2213 pro
2241 2138 2564 2209 episcopalis
2614 2132 2952 2191 tabernaculi
3012 2129 3223 2184 foribus
3288 2127 3602 2187 astiterunt,
3643 2128 3699 2173 ct

2115 2234 2383 2288 adventus
2437 2229 2652 2284 illorum
2701 2223 3030 2280 durissimus
3066 2218 3301 2290 nuntius~
3339 2213 3519 2284 magni
3552 2225 3694 2280 pon-

2118 2321 2282 2377 tiﬁcis
2303 2334 2465 2375 aures
2488 2316 2744 2388 pulsavit,
2789 2326 2912 2369 cum
2964 2310 3129 2365 etiam
3181 2307 3356 2377 ipsum
3408 2301 3547 2356 male
3573 2315 3701 2354 sen-

2117 2414 2367 2470 tientium
2427 2417 2706 2480 aspectum
2778 2418 2921 2474 aegre
2982 2400 3153 2456 ferret
3212 2393 3500 2467 (ejusmodi
3553 2390 3695 2445 enim

2118 2515 2244 2564 sunt
2267 2519 2418 2576 pura:
2454 2510 2692 2566 mentes,
2719 2507 2780 2552 ut
2813 2493 3077 2567 quidquid
3121 2490 3359 2546 alienum
3402 2501 3433 2541 a
3468 2482 3703 2538 veritate

2118 2609 2225 2665 est,
2256 2597 2310 2653 id
2358 2595 2516 2667 plane
2556 2593 2843 2648 molestum
2874 2589 2946 2644 sit
2980 2600 3045 2641 ac
3081 2579 3357 2652 insuave),
3389 2580 3705 2635 decreverat

2120 2693 2304 2748 animo
2326 2702 2555 2761 prorsus
2589 2700 2683 2741 eos
2712 2698 2820 2739 non
2872 2678 3096 2747 alloqui.
3119 2676 3362 2746 Cogente
3382 2680 3562 2727 tamen
3603 2682 3704 2737 pa-

2123 2783 2300 2849 tricio,
2335 2776 2683 2835 cuicustodia
2710 2772 2827 2842 ejus
2844 2767 3136 2827 commissa
3161 2774 3303 2827 erat,
3330 2775 3396 2815 ne
3423 2760 3504 2814 sic
3533 2756 3690 2811 missi

2122 2888 2181 2930 re
2206 2873 2403 2928 infecta
2440 2874 2869 2929 reverterentur,
2901 2875 3026 2917 sero
3043 2868 3098 2914 et
3127 2856 3217 2911 vix
3243 2853 3461 2909 tandem
3488 2847 3705 2918 ingredi

2123 2966 2244 3021 illos
2272 2963 2543 3036 permisit.

2194 3030 2289 3112 63:
2316 3050 2588 3124 Ingressis
2645 3056 2854 3112 autem,
2887 3059 2958 3100 ne
2994 3040 3170 3097 morbi
3204 3036 3426 3108 quidem
3451 3030 3707 3089 molestia

430 3124 708 3213 δειλαίους
735 3145 956 3218 κατῄδει
977 3144 1262 3210 δυσαλθὲς,
1292 3142 1428 3197 ἀλλά
1451 3144 1519 3215 τῇ
1549 3140 1835 3212 συντρόφῳ
1863 3139 2022 3194 ἀναι-

2127 3147 2346 3206 miseris
2374 3141 2726 3202 bomuuculis
2751 3138 3014 3211 pudorem
3070 3132 3290 3203 injecit;
3326 3127 3457 3197 quin
3513 3124 3709 3180 inclita

432 3241 561 3313 δείᾳ
589 3241 949 3313 χρησάμενοι,
978 3238 1048 3292 τά
1076 3236 1155 3309 τῷ
1180 3235 1370 3308 ἀτόμῳ
1390 3234 1587 3305 ἐκείνῳ
1611 3232 1765 3304 τόμῳ
1790 3246 2028 3303 κεχαρα-

438 3334 621 3408 γμένα
640 3334 921 3406 τραγικῶς
948 3333 1125 3386 εἰπεῖν
1153 3329 1544 3402 ὑπεκρίναντο.
1585 3326 1745 3381 Κατά
1773 3324 1892 3390 σοῦ,
1924 3341 2031 3395 φη-

436 3429 568 3494 σὶνν
581 3425 858 3490 λιϐέλλους
888 3425 923 3496 ἡ
955 3423 1174 3487 σύνοδος
1210 3421 1506 3493 δεξαμένη,
1545 3418 1685 3491 πρὸς
1714 3416 1874 3472 λύσιν
1901 3416 2029 3471 τού-

435 3535 587 3583 τωνο,
643 3517 825 3587 πάσης
875 3514 1035 3579 έκτδς
1096 3512 1431 3585 ἀμφιλογίας
1454 3553 1480 3580 τ
1528 3509 1873 3582 παρέσεσθαι
1932 3507 2045 3563 καὶ.

438 3607 829 3677 ἀπολογεῖσθαι
864 3606 1077 3679 τρανῶς
1111 3604 1456 3662 ἐδικαίωσεν.
1499 3602 1675 3675 Πρινὴ
1717 3601 1812 3656 οὖν
1852 3601 1887 3671 ἡ
1929 3599 2032 3670 τῆς

441 3700 777 3770 ἀποφάσεως
824 3699 1097 3772 αὐστηρία
1139 3696 1376 3752 διαϐᾶσα
1413 3695 1787 3768 καθαιρέσεως
1837 3693 2033 3764 ὲγκλήο

443 3811 619 3866 μασιν
648 3793 996 3858 ύποὸάλοιτε,
1041 3792 1181 3865 πρὸς
1213 3792 1275 3845 τὸ
1303 3793 1372 3862 τῇ
1407 3789 1614 3860 συνόδῳ
1644 3789 1740 3842 καὶ
1765 3786 1846 3858 τῷ
1873 3786 2031 3858 βασι-

440 3886 534 3941 λεῖ
581 3885 771 3940 δοκοῦν
828 3883 1150 3955 μετατίθεσο
1192 3884 1486 3955 φρόνημα,
1539 3880 2034 3952 συμφθεγξάμενος

440 3979 585 4048 ἡμῖν
603 3977 700 4033 καὶ
726 3977 1195 4048 όμογνωμονήσας
1224 3975 1357 4047 περὶ
1380 3975 1481 4047 τῆς
1502 3972 1614 4027 τῶν
1645 3973 1872 4028 εἰκόνων
1893 3963 2044 4026 ἀπο-’

442 4070 667 4142 τροπῆς.
683 4087 744 4123 τε
766 4069 863 4124 καὶ
894 4070 1283 4142 ἀπαρνήσεως·
1308 4065 1455 4122 οὕτω
1488 4067 1597 4139 γὰρ
1627 4066 1783 4122 ἔσται
1802 4066 1895 4119 τὸν
1922 4065 2034 4119 τῶν

444 4159 708 4214 λιΰέλλων
746 4158 1288 4229 ἀποδιαπομπεῖσθαι
1327 4156 1554 4229 μῶμονο
1594 4156 1629 4229 ἢ
1676 4154 1736 4220 ές
1778 4157 2033 4209 πλεῖστον

444 4252 882 4323 ἀπαναινόμενον
916 4253 1012 4306 καὶ
1050 4248 1544 4323 ὲτεροφρονοῢντα,
1587 4250 1689 4321 τῆς
1727 4249 1836 4303 τῶν
1863 4250 2033 4318 ὲγκα-

444 4345 687 4401 λούντων
716 4346 902 4419 ἔνοχον
930 4343 1070 4401 εἶναι
1099 4345 1290 4416 σαφῶς
1321 4345 1687 4416 ἐπικλήσεως,
1718 4345 1787 4417 ἢν
1812 4346 1913 4400 οὐκ
1942 4344 2036 4401 άλ-

441 4437 561 4502 λως
587 4439 992 4510 ἀποτρίψασθαι
1022 4438 1272 4503 δυνατὸν,
1301 4438 1378 4509 μὴ
1408 4437 1532 4509 οὐχὶ¹
1562 4436 1705 4492 κατά
1736 4437 2035 4507 πρόσωπον

2128 3237 2478 3311 improbitate
2537 3232 2646 3298 usi,
2713 3244 2834 3299 qua:
2907 3223 3097 3280 infami
3130 3220 3222 3288 illo
3280 3228 3427 3274 torno
3483 3222 3709 3269 exarata

2128 3341 2307 3397 erant,
2339 3344 2464 3386 cum
2517 3326 2752 3397 quadam
2797 3311 3292 3376 commiserationis
3320 3307 3504 3379 specie
3546 3301 3702 3371 loqui

2129 3440 2190 3483 se
2230 3392 2829 3494 fingerent,—Acceptis,
2857 3409 3029 3473 aiunt,
3062 3406 3325 3461 adversus
3372 3408 3427 3453 te
3480 3392 3708 3456 libellis,

2130 3485 2395 3589 synodus,
2417 3520 2492 3566 aut
2514 3507 2728 3577 objecta
2751 3500 3045 3563 dissolvas,
3077 3494 3225 3552 omni
3254 3485 3711 3561 tergiversatione

2131 3577 2340 3666 semota
2373 3577 2567 3660 adesse
2593 3609 2646 3655 te
2666 3607 2723 3655 et
2761 3597 2911 3653 clare
2959 3589 3288 3661 respondere
3326 3581 3503 3652 jubet.
3560 3577 3710 3645 Qua-

2130 3707 2354 3774 propter
2381 3697 2701 3766 priusquam
2731 3680 3204 3763 condemnationis
3237 3672 3504 3732 districtio
3543 3669 3712 3737 depo-

2133 3760 2346 3851 sitionis
2367 3760 2421 3845 te
2447 3760 2623 3860 paena:
2643 3780 2921 3852 subjiciat,
2942 3760 3093 3832 tuam.
3115 3789 3147 3829 e
3178 3767 3393 3843 synodi,
3414 3772 3580 3833 atque
3607 3760 3714 3815 im-

2131 3880 2406 3958 peratoris
2439 3855 2710 3935 sententia
2761 3866 3094 3927 sententiam
3130 3871 3302 3926 muta,
3334 3863 3396 3910 ut
3432 3855 3572 3909 idem
3615 3862 3713 3904 no-

2134 3944 2341 4034 biscum
2372 3971 2576 4030 sentias
2622 3975 2786 4035 atque
2810 3963 3044 4024 doceas;
3073 3950 3399 4011 evertendas
3454 3944 3713 4000 nimirum

2134 4084 2257 4128 esse
2286 4065 2551 4136 imagines
2583 4070 2638 4116 et
2672 4056 2986 4117 simulacra,
3024 4059 3327 4116 earumque
3376 4053 3535 4095 usum
3581 4034 3715 4089 abo-

2137 4161 2353 4220 lendum
2389 4176 2403 4212 :
2432 4156 2513 4211 sic
2539 4165 2774 4221 namque
2797 4145 3105 4216 impositum
3129 4154 3226 4210 per
3262 4134 3472 4191 libellos
3508 4130 3717 4185 crimen

2136 4254 2321 4313 licebit
2356 4247 2650 4320 depellere.
2686 4219 2805 4296 'Sin
2864 4247 3040 4294 autem
3094 4227 3492 4289 contentiosius
3532 4219 3718 4277 renuis

2137 4343 2408 4404 contraria
2433 4338 2679 4395 sentiens
2698 4376 2714 4402 ,
2753 4328 3127 4387 accusantium
3149 4316 3499 4394 appellationi
3532 4312 3713 4382 palam

2137 4438 2248 4495 eris
2271 4431 2559 4492 obnoxius,
2587 4441 2751 4499 quam
2772 4423 2887 4478 fieri
2952 4416 3143 4486 nequit
3169 4421 3231 4467 ut
3260 4405 3559 4468 amoliaris,
3601 4401 3711 4469 nisi

447 4531 667 4602 στῆναι,
703 4491 959 4603 καιδπερὶ
991 4525 1035 4600 ᾧ
1065 4534 1114 4585 οἱ
1152 4491 1378 4603 ἔλεγχοι.
1406 4491 1811 4585 διεῦύθύνεσθαι..
1847 4529 2023 4583 Ταῦτα

2141 4540 2194 4588 te
2219 4541 2404 4586 coram
2428 4491 2622 4587 sistas,
2647 4533 2713 4573 ac
2757 4516 2823 4570 de
2847 4509 3073 4580 objectis
3098 4502 3381 4575 judiceris.
3424 4497 3551 4551 llaec
3604 4491 3716 4561 lupi

445 4626 497 4678 οἱ
531 4625 652 4678 ἀντὶ
698 4625 977 4695 ποιμένων
1018 4624 1174 4679 λύκοι
1207 4625 1287 4694 τῷ
1317 4622 1671 4694 ἀρχιποίμενι
1718 4621 1791 4676 τὰ
1831 4620 2036 4690 παλίμ-
2102 4682 2103 4685 η

352 4746 359 4750 ·
447 4733 612 4788 φημα
649 4715 1196 4787 παραφθεγξάμενοι,
1231 4716 1327 4769 καὶ
1364 4716 1456 4768 ὑπ’
1483 4714 1672 4769 ὀδόντα
1704 4730 1822 4776 πως
1855 4713 2034 4783 διαψι-

445 4807 775 4879 θυρίσαντες
828 4807 1057 4878 παίγνια
1110 4807 1224 4879 (οὐ
1277 4807 1389 4879 γάρ
1445 4806 1664 4860 ἔσθενον
1716 4804 1912 4875 ἐκείνῳ
1958 4801 2037 4873 τῷ

377 4905 387 4913 ’
444 4895 827 4970 καθαρωτάτῳ
866 4898 947 4951 νοῒ
976 4898 1116 4969 μετά
1145 4897 1463 4970 παρρησίας
1493 4896 1766 4949 ἀντωπεῖν
1801 4893 1834 4964 ἢ
1863 4908 2035 4963 προσ-

445 4988 854 5060 φθέγγεσθαι),
884 4993 1009 5061 σιγῇ
1060 4990 1120 5044 τὸ
1162 4990 1264 5057 τῆς
1310 4988 1583 5059 ἐντροπῆς
1625 4984 2037 5055 ἐγκαλύψαντες

442 5078 661 5155 αἶσχος,
692 5084 792 5154 τὴν
816 5082 1158 5154 βεϐυσμένην
1179 5081 1418 5154 ἔστησαν
1446 5081 1628 5137 αὐτῶν
1654 5078 1848 5149 ἀκοὴν.
1891 5080 2036 5148 ίμει-

448 5177 694 5247 ρόμενοι,
740 5177 838 5231 καὶ
881 5177 932 5229 εί
963 5175 1250 5247 δυσμενεῖς
1294 5175 1639 5247 τυγχάνοιεν,
1682 5170 2036 5237 εἰσδέξασθαι

440 5266 512 5322 τδ
539 5270 692 5341 παρά
716 5269 818 5339 τῆς
855 5268 1069 5322 ἐκείνου
1118 5267 1367 5337 γλώττης
1405 5265 1638 5338 ἡδυεπὲς
1677 5262 2033 5334 ἐπιφώνημα.

521 5362 619 5431 ξδ’.
662 5363 721 5418 ’0
756 5362 846 5428 δὲ,
883 5362 1063 5416 καίτοι
1094 5364 1160 5434 τῇ
1190 5361 1332 5432 νόσῳ
1362 5359 1721 5432 τρυχόμενος,
1754 5356 1894 5429 πρὸς
1934 5356 2036 5409 αὑ-

442 5457 579 5519 τοὺς
610 5452 964 5521 ὑποφθάσας,
996 5450 1177 5518 ἔλεξεν
1205 5443 1328 5504 ὧδε·
1362 5450 1463 5512 Τίς
1494 5442 1649 5513 οὗτος
1688 5449 1716 5500 ό
1754 5446 2036 5508 λιϐέλλους

448 5547 588 5621 ἠμῖν
622 5546 880 5602 ἐπισείων
915 5544 1009 5599 καὶ
1051 5543 1151 5608 τὰς
1179 5542 1306 5597 καθ’
1338 5542 1498 5613 ἡμῶν
1531 5538 1840 5609 ὲναγωγάς,
1865 5538 2038 5592 εἰσδε-

448 5641 722 5712 χόμενος;
790 5638 961 5704 Ποίας
1018 5636 1429 5709 πατριαρχικῆς
1483 5633 1749 5705 καθέδρας
1814 5631 2035 5702 εὔχεται

452 5724 601 5785 εῖναι
641 5728 936 5802 πρόεδρος;
969 5728 1136 5792 Ποίας
1171 5725 1540 5798 ποιμαντικῆς
1572 5723 1851 5796 φροντίδος
1886 5724 2037 5776 έπει·

448 5820 735 5895 λημμένος
779 5824 1092 5886 κανονικαῖς
1117 5821 1331 5891 ἑνοχαῖς
1362 5820 1510 5890 ἡμᾶς
1534 5816 1908 5887 ύποὸἐϐληκεν
1930 5832 1943 5882 ;
1968 5814 2034 5870 Ei

2138 4632 2414 4696 pastorum
2445 4585 2654 4677 habitu,
2686 4617 2965 4680 pastorum
3003 4597 3236 4671 principi
3267 4590 3588 4649 inconcinne
3633 4585 3721 4640 lo-

2137 4679 2275 4781 cuti,
2305 4720 2359 4766 et
2386 4709 2592 4764 ludicra
2617 4679 2807 4774 qutcda
2822 4714 2871 4752 ιιι
2920 4694 3177 4751 dentibus
3205 4692 3555 4744 susurrantes
3586 4679 3720 4749 (non

2136 4807 2282 4863 enim
2315 4807 2567 4874 poterant
2613 4793 2918 4866 purissimae
2964 4788 3041 4844 illi
3068 4783 3238 4867 menti
3276 4797 3340 4836 ex
3398 4777 3626 4831 adverso
3652 4770 3721 4824 li-

2136 4861 2285 4952 beris
2317 4861 2510 4948 .oculis
2566 4861 2758 4949 obniti,
2814 4887 2907 4936 aut
2938 4878 2989 4933 ei
3038 4864 3216 4947 palam
3280 4865 3450 4937 loqui)
3499 4861 3719 4918 silentio

2138 4985 2467 5056 obtegebant
2492 4995 2605 5036 sua:
2651 4971 2990 5033 confusionis
3018 4969 3301 5037 probrum,
3332 4969 3387 5016 et
3437 4958 3721 5012 obturatas

2138 5076 2495 5135 continebant
2547 5085 2754 5134 aures;
2783 5065 2890 5121 etsi
2936 5059 3140 5129 alioqui
3167 5050 3566 5110 infensissimos
3600 5045 3722 5099 illos

2138 5170 2406 5227 mellilluze
2447 5165 2644 5233 lingua:
2697 5161 2841 5215 illius
2905 5165 3166 5224 responsa
3218 5141 3471 5202 audiendi
3522 5136 3720 5206 cupido

2138 5260 2477 5318 incessisset.

2209 5352 2298 5409 64.
2332 5350 2403 5404 At
2440 5355 2700 5407 sanctus,
2739 5350 3050 5411 quanquam
3106 5323 3444 5402 agritudinis
3484 5320 3537 5375 vi
3562 5328 3721 5374 attn-

2139 5454 2247 5507 tus,
2285 5442 2507 5511 objecta
2548 5433 2837 5504 occupavit
2866 5441 2922 5486 et
2951 5429 3003 5483 in
3045 5428 3189 5480 hunc
3235 5421 3351 5475 fere
3380 5415 3600 5471 modum
3631 5428 3721 5466 ar—

2138 5504 2254 5611 guit
2292 5555 2305 5591 :
2348 5504 2610 5601 Quisnam
2658 5541 2789 5582 vero
2821 5532 2904 5579 est
2936 5521 3025 5590 qui
3078 5516 3237 5572 nobis
3269 5504 3487 5566 libellos
3543 5508 3727 5561 inten-

2139 5599 2273 5686 dens
2333 5599 2536 5680 actoris
2588 5621 2642 5676 in
2704 5633 2804 5673 nos
2866 5622 3052 5685 partes
3112 5602 3381 5674 suscipit?
3424 5599 3721 5669 annsnam

2138 5715 2418 5777 Ecclesia,
2444 5726 2563 5782 qua:
2592 5703 2940 5781 patriarcbali
2973 5697 3235 5771 dignitate
3260 5695 3480 5762 fulgeat,
3511 5689 3755 5758 pra.)an

2140 5811 2244 5867 lem
2305 5824 2366 5863 se
2440 5818 2560 5862 esse
2615 5798 2919 5874 gloriatur?
2976 5795 3092 5862 Qua
3147 5796 3405 5858 suscepta
3461 5778 3727 5854 pastorali
