3986 6450
402 501 421 513 θ

437 406 538 469 123

1432 400 1497 466 S.
1535 396 1959 461 NICEPIIORI
1996 391 2511 456 PATRIARCHE
2550 391 2662 453 (ΞΡ.

3637 381 3737 450 124

431 529 586 578 cura,
624 510 901 567 canonicis
930 523 1031 565 nos
1071 510 1247 581 poenis
1288 508 1623 578 subjicit‘iSi
1672 508 1719 563 is
1757 506 2014 576 appellet,

2136 503 2272 572 ὃτῆς
2296 501 2677 573 πρεσϐυτέρας
2721 498 2940 569 Ῥώμης
2978 496 3367 568 πηδαλιουχῶν
3400 496 3575 561 ὁσίως
3608 499 3736 563 τοὺς

430 606 521 675 qui
549 604 787 659 senioris
820 602 1009 658 Romus
1036 602 1406 676 gubernacula
1454 610 1648 656 sancte
1684 600 2020 663 moderatur,

429 708 629 768 praesto
654 697 872 765 sum;si
918 697 1323 752 Alexandrinus
1356 698 1588 751 antistes
1636 694 1800 748 Marci
1853 707 2023 747 evan-

429 790 643 860 gelistae
686 805 969 845 successor
1011 800 1259 854 accuset,
1325 789 1453 857 quin
1501 797 1752 858 prompte
1798 800 2020 854 sequar,

431 883 566 938 nihil
624 883 916 949 detrecto;
964 883 1008 935 si
1074 881 1442 936 Antiochenns
1500 894 1656 934 sacer
1713 889 1905 948 pastor
1967 878 2021 932 in

427 974 696 1043 judicium
744 973 931 1040 trahit,
957 973 1328 1026 vadimonium
1370 986 1474 1024 non
1516 969 1812 1035 desero;si
1873 970 2026 1023 deni-

432 1082 560 1133 quc,
611 1066 701 1134 qui
746 1064 1247 1135 Hierosolymorum
1287 1063 1473 1117 sedem
1519 1063 1908 1126 administrat,
1956 1062 2026 1115 ad

426 1156 517 1220 jus
564 1157 849 1209 dicendum
892 1158 1087 1210 adesse
1133 1156 1401 1225 prtecipit,
1437 1170 1617 1209 causa:
1655 1170 1789 1208 mete
1835 1155 2026 1210 deesse

434 1262 541 1301 non
571 1246 817 1299 videbor.
848 1245 941 1299 Sin
961 1255 1143 1300 autem
1176 1245 1285 1314 lnpi
1316 1246 1603 1309 immanes,
1639 1260 1872 1315 quorum
1903 1247 2021 1298 ani-

432 1338 537 1390 mis
590 1338 942 1391 constitutum
1005 1339 1080 1392 sit
1142 1337 1363 1393 turbare
1413 1354 1633 1407 gregem
1711 1337 1813 1392 sub
1865 1337 2026 1391 ovina

431 1428 571 1497 pelle
601 1438 655 1480 et
685 1444 785 1482 suo
832 1429 1095 1484 insultare
1137 1430 1369 1496 pastori,
1395 1432 1518 1498 quis
1554 1431 1608 1483 in
1669 1437 2016 1496 conspectum

429 1519 591 1571 etiam
623 1520 833 1573 illorum
860 1521 1046 1574 venire
1067 1520 1584 1591 sustineat?quilms
1617 1520 1779 1575 etiam
1809 1519 2023 1572 divinus

428 1611 721 1675 Apostolus
749 1627 911 1681 grave
952 1612 1135 1682 jntlicii
1182 1615 1389 1682 pomlus
1434 1613 1757 1683 portandum
1807 1611 2027 1666 indixit.

430 1699 693 1754 Caeterum
722 1700 905 1770 ﬁngite
934 1699 1211 1767 me,jnxta
1238 1716 1300 1756 ea
1329 1717 1447 1767 qua!
1474 1698 1748 1783 nugamini
1780 1697 2033 1766 nulloque

430 1806 591 1845 sensu
626 1792 970 1847 deblateratis
992 1794 1043 1847 in
1071 1793 1411 1861 imperatoris
1450 1801 1790 1860 vestramque
1819 1800 2035 1845 senten-

2124 594 2321 659 οἴακας
2354 593 2637 658 ἐπικαλεῖ,
2672 590 2990 661 παρέσομαι
3018 605 3033 619 °
3071 591 3120 643 εί
3151 590 3179 643 ό
3214 591 3319 660 τῆς
3370 589 3735 662 Ἀλεξάνδρου

2127 684 2419 759 ίεροκήρυξ
2451 686 2764 739 ἐπαιτιᾶται
2790 723 2805 748 ,
2837 681 2939 736 οὐκ
2971 681 3282 752 ἀπειθήσας
3326 682 3652 752 ἐφέψομαι*
3685 684 3736 737 εί

2124 782 2153 834 ό
2184 781 2285 849 τῆς
2330 779 2603 848 Ἀντιόχου
2638 775 2961 848 ίεροποίμην
2994 775 3144 829 ἐλκει
3187 776 3327 846 πρὸς
3368 776 3602 847 κρίσιν,
3636 776 3735 831 οὐκ

2126 870 2605 942 ἀπολειφθήσομαι
2627 886 2640 900 ο
2677 870 2725 922 εἰ
2754 871 2782 922 ὁ
2809 870 2876 922 τὰ
2902 868 3253 939 Ἱεροσόλυμα
3284 866 3501 921 διέπων
3534 868 3618 929 είς
3647 867 3735 920 ei»

2127 967 2294 1037 θύνην
2327 967 2480 1037 ἡμᾶς
2519 965 2860 1034 καταστῆναι
2891 961 3324 1035 προσκέκληται,
3359 962 3469 1014 οὐκ
3506 960 3733 1014 ἀπολεί-

2127 1060 2323 1130 ψομαι.
2351 1060 2413 1111 El
2447 1058 2503 1110 δέ
2547 1074 2611 1125 γε
2660 1056 2815 1109 λύκοι
2863 1056 3051 1127 βαρεῖς
3086 1056 3185 1124 τὴν
3212 1054 3461 1124 ποίμνην
3496 1054 3738 1123 ταράξαι

2130 1151 2457 1221 προθέμενοι
2490 1150 2780 1220 προϐάτιον
2803 1148 2968 1219 δορὰν
2997 1146 3417 1217 ὑποκρίνονται,
3463 1146 3565 1199 καὶ⁸
3595 1149 3739 1200 κατὰ

2128 1243 2221 1297 τοῦ
2275 1243 2540 1313 Ποιμένος
2582 1240 2900 1312 ὑϐρίζουσι,
2934 1238 3016 1303 τίς
3060 1239 3248 1301 αὐτοῖς
3289 1238 3397 1291 καὶ
3450 1237 3620 1307 μόνον
3659 1239 3738 1301 εἰς

2130 1336 2257 1390 θέαν
2299 1335 2471 1389 ἐλθείν
2514 1332 2923 1396 κατανεύσειεν,
2952 1329 3034 1395 οἷς
3071 1332 3166 1384 καὶ
3220 1331 3249 1384 ό
3281 1331 3434 1393 θεῖος
3474 1329 3737 1383 Ἀπόστο-

2129 1429 2219 1492 λος
2248 1427 2421 1481 τὸτοῦ
2452 1427 2721 1497 κρίματος
2751 1425 3111 1495 ὲπεφόρτισεν
3141 1423 3305 1495 ἄχθος
3332 1422 3489 1492 (20);
3517 1422 3659 1476 Ἀλλ’
3691 1425 3736 1476 εί

2137 1521 2254 1584 καὶ,
2296 1518 2437 1573 κατὰ
2474 1519 2565 1572 τὸν
2598 1518 2863 1587 ὑμέτερον
2893 1516 3197 1587 φλήναφον,
3228 1512 3308 1582 τῷ
3324 1513 3442 1566 τῶν
3470 1512 3735 1584 κρατούν-

2138 1630 2249 1666 των
2288 1613 2379 1665 καὶ
2416 1612 2571 1683 ὑμῶν
2598 1608 3035 1680 προστεθείημεν
3064 1606 3318 1677 δόγματι,
3347 1606 3445 1659 τὸν
3470 1605 3587 1658 τῶν
3615 1605 3736 1657 καθ’

2132 1707 2292 1778 ἡμῶν
2321 1706 2581 1759 λιϐἐλ).ων
2610 1706 2801 1775 μῶμον
2827 1700 3280 1773 ἁποτριψαίμεθα
3303 1716 3317 1732 ο
3354 1700 3454 1753 καὶ
3483 1699 3617 1752 ποία
3644 1698 3736 1751 τά-

2136 1796 2218 1863 ξις
2244 1798 2373 1867 ἡμῖν
2394 1797 2559 1849 ἀπονε
2571 1796 2899 1866 μηθὴσεται,
2928 1791 3253 1854 ὑπευθύνοις
3268 1790 3454 1854 οὖσιν,
3472 1790 3552 1853 ὣς
3575 1806 3731 1859 φατε,

432 1882 562 1935 tiam
601 1883 847 1937 manilms
878 1883 1206 1953 pedibusque
1235 1883 1530 1937 concedere
1554 1896 1705 1951 :qnae
1734 1880 1870 1933 ratio
1912 1888 2029 1945 est,

2154 1884 2249 1937 καὶ
2307 1885 2610 1944 κανονικοῖς
2655 1883 2955 1935 ἐαλωκόσιν
3007 1880 3352 1951 ἐγκλήμασις
3413 1879 3514 1939 Τίς
3569 1874 3663 1933 οὖν
3706 1880 3733 1932 ό

428 1991 534 2044 qua
571 1975 905 2043 objectornm
961 1975 1114 2030 nobis
1151 1974 1450 2029 libellorum
1502 1975 1709 2029 crimen
1746 1972 2024 2041 depulsuri

429 2069 657 2122 smnus?
686 2069 809 2136 quis
858 2068 1014 2122 nobis
1065 2068 1266 2135 gradus
1320 2068 1664 2130 decernetur,
1717 2066 1808 2131 qui
1840 2072 2023 2117 vestra

428 2161 700 2212 sententia
751 2158 830 2213 rei
864 2168 1025 2226 atque
1068 2158 1286 2213 obnoxii
1322 2157 1674 2212 exsistimus?
1705 2155 1836 2222 Quis
1856 2154 2025 2219 enim,

434 2252 560 2316 quis
603 2250 690 2303 ille
742 2261 824 2303 est
864 2252 1150 2320 potestatis
1194 2262 1375 2314 tantae,
1424 2260 1484 2304 ut
1529 2251 1670 2304 intra
1704 2248 1810 2304 diei
1860 2248 2019 2303 unius

434 2342 722 2410 angustias
754 2342 1062 2410 depositmn
1100 2358 1163 2396 ac
1212 2359 1277 2396 ne
1305 2342 1357 2396 in
1386 2341 1574 2395 inﬁmo
1598 2343 1817 2411 quidem
1852 2342 2026 2411 gradu

430 2434 705 2487 valentem
755 2434 1079 2498 consistere,
1123 2435 1348 2488 extollat
1395 2434 1447 2489 in
1484 2434 1846 2502 supremum?
1890 2432 2025 2488 Num

433 2527 598 2578 rudes
638 2525 783 2580 adeo
840 2541 938 2581 nos
986 2535 1150 2595 atque
1198 2526 1485 2596 imperitos
1536 2526 1864 2581 existimatis
1894 2565 1911 2591 ,
1968 2536 2030 2579 ut

430 2617 515 2671 dit
533 2620 618 2670 ina
652 2617 774 2685 jnra
814 2635 920 2672 non
944 2620 1113 2673 simus
1141 2621 1368 2674 scrutati
1388 2621 1410 2672 ?
1429 2619 1557 2673 Eam
1578 2634 1710 2674 sane
1736 2630 1916 2676 notam
1935 2632 2030 2672 ne-

434 2712 518 2761 fas
554 2719 637 2761 est
685 2710 750 2762 iis
780 2710 1079 2773 ascribere,
1105 2711 1195 2778 qui
1244 2712 1535 2765 sacerdotii
1562 2710 1752 2765 infulis
1800 2712 2023 2782 fulgent.

440 2798 647 2867 Nempe
671 2801 736 2853 ad
761 2801 1065 2869 spernenda
1091 2804 1215 2869 jura
1241 2804 1497 2869 proclivis
1531 2819 1743 2872 semper
1775 2804 2027 2873 impietas

435 2900 541 2954 εει,
574 2893 737 2962 inque
791 2909 953 2946 unam
995 2904 1308 2963 comparata
1371 2896 1891 2965 transgressionem,
1920 2911 2025 2964 qua

435 2982 538 3036 sibi
570 2985 937 3053 obsequentes
978 2986 1029 3038 in
1060 2985 1256 3039 inl‘crni
1313 2986 1565 3055 laqueum
1601 2996 1656 3040 et
1704 2987 2025 3042 barathrum

432 3072 734 3143 pertrahat.
778 3075 1049 3131 Discedite
1071 3091 1200 3147 ergo
1234 3093 1262 3129 a
1294 3078 1470 3142 nobis,
1498 3079 1736 3147 operarii
1764 3078 2027 3146 iniquita-

431 3166 541 3228 tis;
574 3168 639 3218 ad
682 3167 963 3237 proprium
1018 3168 1191 3223 redite
1213 3170 1504 3235 vomitum,
1543 3170 1817 3225 latrocinii
1857 3170 2022 3227 veSIri

431 3272 631 3329 specus
677 3259 961 3327 lustraque
996 3263 1250 3330 repetite.
1299 3261 1410 3316 Nec
1459 3262 1606 3318 enim
1641 3262 1884 3316 futurum
1914 3270 2021 3326 est,

2134 1975 2445 2047 αὐθημερὸν
2476 1974 2760 2044 καθαιρῶν
2795 1974 2891 2028 καὶ
2933 1972 3153 2040 ἀνάγων
3193 1974 3275 2036 είς
3313 1971 3456 2039 ὕψος
3487 1972 3583 2025 τὸν
3616 1970 3733 2024 οὐδὲ

2129 2069 2281 2123 κάτω
2309 2068 2503 2136 στῆναι
2526 2066 2865 2136 δυνάμενον;
2897 2066 2968 2118 Ἢ
2996 2066 3283 2136 ἀμυήτους
3311 2064 3411 2118 καὶ
3435 2064 3733 2133 ἀνεπιστή-

2133 2176 2303 2230 μονας
2326 2159 2457 2229 περὶ
2483 2161 2581 2228 τὴν
2606 2158 2715 2211 τῶν
2738 2157 2900 2212 θείων
2919 2156 3149 2228 ἔρευναν
3178 2155 3729 2227 ἡμᾶςσύπειλήφατες

2132 2252 2400 2322 Τόλμημα
2424 2250 2534 2322 (Ξί)
2553 2253 2609 2304 ἐν
2626 2255 2739 2313 τοῖς
2758 2252 3075 2322 ἱερωμένοις
3105 2244 3215 2302 οἷόν
3247 2249 3368 2303 ἐστι
3394 2250 3571 2319 κρῖμα
3593 2244 3733 2315 λογί-

2133 2343 2357 2409 ζεσθαιο
2450 2342 2588 2397 Ἀλλ’
2629 2343 2796 2405 ὖντως
2827 2342 2962 2407 πρὸς
3006 2343 3107 2413 τὴν
3141 2341 3351 2396 τούτων
3388 2340 3727 2411 παρόρασιν,

2131 2435 2225 2489 καὶ
2277 2434 2416 2506 πρὸς
2452 2434 2623 2504 μόνην
2656 2433 2972 2504 παράϐασιν
3000 2433 3223 2502 ἕτοιμον
3254 2433 3287 2502 ἡ
3329 2431 3584 2494 ἀσέϐεια,
3610 2430 3731 2493 τοὺς

2128 2525 2267 2597 αὐτῇ
2322 2524 2679 2595 πειθομένους
2725 2528 2806 2588 εἱς
2856 2524 2985 2595 ᾅδου
3034 2524 3390 2578 καθέλκουσα
3434 2522 3726 2591 πέταυρον.

2143 2619 2513 2690 Ἀποχωρεῖτε
2542 2613 2635 2671 οὖν
2670 2618 2765 2685 ἀφ’
2806 2617 2968 2688 ἡμῶν
2989 2657 3004 2681 ,
3053 2618 3283 2688 ἐργάται
3314 2617 3420 2687 τῆς
3461 2616 3690 2686 ἀνομίας
3711 2630 3725 2644 ·

2131 2714 2267 2783 πρὸς
2305 2712 2398 2765 τὸν
2447 2712 2579 2764 ἴδιον
2610 2710 2766 2780 ὑμῶν
2799 2708 2998 2778 ἔμετον
3028 2709 3457 2780 ἀποστράφητε,
3503 2707 3640 2778 πρὸς
3665 2704 3727 2758 τὰ

2129 2805 2230 2874 τῆς
2271 2802 2531 2876 λῃστείας
2560 2802 2714 2870 ὑμῶν
2744 2800 3131 2871 ἀναστράφητε
3187 2800 3463 2869 σπήλαια.
3507 2799 3581 2851 οὐ
3625 2796 3727 2866 γὰρ

2130 2896 2390 2967 αἱρήσετε
2435 2895 2563 2958 τοὺς
2604 2893 2699 2945 ἐπὶ
2741 2895 2806 2963 τῇ
2849 2892 3027 2964 πέτρᾳ
3061 2891 3164 2960 τῆς
3219 2890 3392 2961 ὀρθῆς
3438 2888 3727 2958 ὁμολογίας

2128 2987 2221 3039 τὸν
2259 2986 2381 3038 νοῦν
2432 2984 2859 3056 ἀπερείσαντας.
2888 2984 2949 3035 οὐ
2988 2982 3360 3037 καταϐαλεῖτε
3398 2983 3530 3046 τοὺς
3561 2984 3620 3035 ἐν
3656 2980 3727 3050 τῷ

2130 3076 2257 3147 ὕψει
2307 3077 2419 3131 τῶν
2468 3075 2768 3130 συνοδικῶν
2814 3075 2958 3145 ὅρων
3005 3075 3234 3138 ἑαυτοὺς
3280 3076 3723 3146 ἐπιστήσαντας·

2132 3168 2249 3223 ἀλλ’
2288 3172 2347 3223 ἐν
2384 3169 2513 3239 ὑμῖν
2545 3167 2729 3230 αὐτοῖς
2767 3166 3194 3238 συντριϐήσεται
3223 3166 3294 3220 τὰ
3317 3168 3427 3237 τῆς
3469 3166 3729 3239 αἱρέσεως

2133 3260 2392 3330 κύματα,
2446 3259 2720 3330 μηδεμίαν
2775 3261 2842 3331 τῇ
2887 3258 3165 3330 καθολικῇ
3217 3258 3527 3331 Ἐκκλησία
3568 3255 3731 3312 κατά·

434 3360 607 3405 uteos
634 3352 979 3423 expugnetis,
1010 3353 1180 3421 quiin
1228 3362 1392 3407 rectae
1433 3352 1793 3407 confessionis
1856 3361 2009 3420 petra

2151 3351 2250 3406 κλυ
2258 3369 2342 3404 σιν
2370 3351 2851 3421 προσπελάσαντα.

433 3440 674 3493 animum
708 3442 1078 3507 ﬁrmaverunt,
1135 3452 1226 3496 aut
1276 3451 1335 3497 ut
1377 3457 1471 3497 eos
1518 3444 1895 3512 prosternatis,
1945 3442 2037 3513 qui
2073 3445 2127 3499 in
2168 3444 2311 3499 celsa
2364 3444 2701 3515 synodalium
2731 3443 3101 3500 deﬁnitionum
3143 3442 3359 3521 specula
3394 3450 3509 3497 tuto
3537 3438 3731 3497 consti-

438 3541 655 3595 terunt;
697 3534 786 3587 sed
823 3534 875 3588 in
928 3534 1081 3590 vobis
1120 3535 1251 3605 ipsis
1286 3543 1556 3591 tumentes
1585 3535 1806 3592 haeresis
1841 3535 2037 3593 ﬂuctus
2064 3535 2475 3605 confringentur
2506 3577 2523 3604 ,
2566 3535 2883 3607 nullumque
2942 3553 3007 3592 ex
3059 3546 3196 3592 tetra
3245 3535 3517 3603 illuvione
3552 3532 3731 3589 Eccle-

438 3631 534 3683 siae
555 3628 834 3684 catholica:
874 3629 1167 3686 discrimen
1205 3630 1466 3687 inferent.

512 3719 601 3773 65.
629 3717 756 3774 llrec
785 3720 867 3773 vir
888 3721 1081 3775 beatus
1127 3721 1192 3775 ad
1238 3724 1489 3778 homines
1516 3726 1663 3779 omni
1700 3739 1835 3779 sano
1864 3721 2033 3779 desti-

443 3820 591 3866 tutos
615 3825 789 3865 sensu'
816 3820 871 3866 et
892 3827 1146 3883 proceres
1169 3814 1440 3869 dementia
1469 3816 1660 3885 plenos
1682 3818 2026 3886 prolocutus,

444 3905 737 3972 sequentia
761 3919 977 3974 quoque
1013 3904 1261 3977 adjungit
1311 3908 1588 3974 prioribus
1617 3926 1631 3963 :
1658 3908 1921 3972 Tametsi,
1950 3906 2034 3961 in-

442 3995 583 4064 quit,
611 4006 797 4051 nostra
843 3997 958 4052 haec
991 4001 1151 4053 sedes
1193 4009 1411 4069 pastore
1457 4000 1673 4056 viduata
1724 4001 1807 4057 sic
1863 4008 2033 4063 esset.

443 4096 505 4141 ut
569 4087 748 4143 nullus
792 4089 841 4143 ei
887 4105 1075 4144 curam
1138 4091 1527 4161 impenderet,
1596 4102 1781 4148 tamen
1833 4108 1904 4148 ne
1952 4093 2034 4148 sic

445 4178 663 4247 quidem
702 4178 796 4233 ulli
834 4178 1028 4235 liceret
1058 4181 1257 4237 docere
1289 4183 1559 4238 fallaciam
1590 4184 1771 4253 specie
1798 4184 2034 4253 quadam

442 4284 584 4323 vana
633 4270 958 4341 placentem,
999 4274 1116 4330 sive
1153 4286 1481 4331 conventum
1514 4286 1705 4332 contra
1747 4292 2025 4333 canonum

444 4363 763 4432 praescripta
812 4379 1009 4435 cogere
1062 4376 1226 4436 atque
1270 4382 1338 4421 ex
1372 4368 1552 4422 aliena
1613 4370 1896 4439 provincia
1927 4384 2040 4425 ve-

445 4454 690 4509 nientem
725 4456 858 4511 nihil
892 4457 957 4513 ad
1004 4473 1063 4513 se
1105 4469 1419 4527 spectantes
1461 4463 1725 4518 terminos
1762 4462 1904 4533 juris
1955 4463 2040 4517 di-

446 4545 603 4599 cendi
635 4562 799 4601 causa
826 4549 1104 4605 invadere.
1129 4550 1262 4605 Cum
1309 4566 1441 4606 vero
1478 4556 1713 4623 pastoris
1742 4556 1825 4609 sui
1859 4553 2038 4610 adhuc

444 4640 738 4704 prmsentia
795 4639 1092 4709 glorietur,
1151 4658 1250 4697 nee
1312 4614 1494 4707 desit:
1541 4646 1661 4714 qni-
1696 4647 1907 4702 utiliter
1958 4614 2114 4701 illiD

446 4727 798 4798 legitimeqnc
844 4733 1164 4800 praesideat;
1197 4749 1317 4807 quae
1361 4751 1458 4792 vos
1498 4738 1637 4792 ratio
1681 4753 1711 4792 a
1760 4740 2039 4794 canonica:

448 4818 812 4875 districtionis
858 4824 1154 4880 severitate
1184 4828 1412 4890 eximat,
1441 4828 1532 4898 qui
1558 4845 1725 4900 super
1749 4846 1944 4887 aurum
1980 4840 2037 4888 et

436 4920 760 4981 argentum,
787 4930 1056 4985 superque
1105 4917 1317 4987 lapides
1354 4921 1625 4988 pretiosos
1651 4962 1666 4987 ,
1717 4938 1882 4990 super
1909 4924 2035 4978 fun-

449 5001 791 5067 damentum,
831 5004 1077 5074 inquam,
1122 5008 1493 5077 apostolorum
1538 5011 1871 5083 Patrumque
1923 5014 2035 5069 elo-

457 5092 602 5171 quiis
663 5095 815 5151 varie
847 5109 1196 5163 exornatum,
1247 5099 1475 5171 lignum,
1522 5099 1729 5169 lenum,
1783 5105 2037 5175 stipulam

450 5200 722 5254 perversae
758 5187 882 5243 ﬁdei
914 5202 1364 5259 superexstruere
1396 5196 1617 5252 tentatis
1660 5214 1674 5251 :
1707 5205 1766 5251 ut
1805 5198 1888 5253 vel
1920 5200 2039 5255 ideo

449 5277 625 5332 solum
660 5296 759 5348 par
779 5280 1023 5335 videatur
1041 5281 1193 5351 juxta
1215 5300 1401 5340 sacros
1420 5301 1659 5343 canones
1679 5289 1862 5344 violati
1891 5291 2038 5359 ipso-

455 5381 572 5419 rum
601 5368 740 5436 juris
791 5386 914 5425 reos
954 5387 1048 5426 vos
1093 5373 1279 5441 peragi
1331 5376 1424 5444 qui
1454 5388 1643 5432 contra
1683 5380 1819 5436 adeo
1861 5382 2039 5438 claras

456 5471 522 5512 ac
557 5459 875 5515 manifestas
910 5462 1163 5533 pttgnatis
1207 5471 1264 5517 et
1309 5464 1563 5520 insanitis
1610 5465 1776 5536 leges,
1800 5483 2041 5540 congrue

461 5662 657 5733 dicium
685 5662 807 5733 ,ᾔαηὶ
832 5666 955 5720 olim
988 5686 1088 5723 non
1121 5685 1305 5726 cessat.

537 5732 648 5816 (ἐξ)
681 5716 1399 5816 Μείτξᾶ’μήτ-*ιιιιοῖίίἶεῖέιοῑο
1426 5758 1586 5816 quem
1610 5760 1830 5799 sensum
1860 5716 2042 5803 facere

469 5807 637 5874 possit
665 5823 678 5859 :
706 5807 930 5876 supplco
962 5810 1124 5878 igitur
1158 5816 1300 5879 quod
1330 5807 1604 5871 excidisse
1634 5816 1854 5873 librario
1884 5818 2034 5874 vide-

2208 3722 2301 3788 ξέ.
2335 3721 2521 3775 Ταῦτα
2549 3721 2688 3793 πρὸς
2707 3722 2837 3785 τοὺς
2868 3721 3060 3784 κενοὺς
3090 3721 3189 3791 μέν
3216 3721 3439 3792 φρενῶν
3463 3764 3477 3789 ,
3507 3718 3730 3791 πλήρεις

2135 3816 2194 3870 δέ
2232 3814 2551 3887 ἀφροσύνης
2604 3814 2943 3884 δυναμένους
2972 3854 2986 3879 ,
3019 3812 3312 3877 διεξελθὼν
3351 3814 3382 3865 ὁ
3438 3812 3727 3884 μακάριος,

2138 3910 2453 3982 προσετίθει
2483 3910 2580 3963 καὶ
2608 3908 2774 3963 αὐτάο
2802 3908 2865 3961 Ei
2891 3908 2992 3977 μὲν
3022 3908 3231 3978 ἐρημία
3270 3907 3538 3977 ποιμένος
3566 3905 3728 3972 ἀπρο-

2142 4002 2541 4074 μνήστευτοςέό
2587 3999 2778 4072 θρόνος
2818 3998 3020 4051 οὑτωσὶ
3067 3997 3508 4062 καταλέλειπτο,
3561 3994 3730 4050 οὐδενὶ

2138 4094 2248 4147 τῶν
2292 4094 2513 4148 πάντων
2548 4092 2679 4163 ἐξῆν
2728 4091 3091 4163 εὐπρόσωπον
3129 4092 3375 4163 σόφισμα
3434 4089 3730 4162 παραδιδά-

2146 4203 2335 4252 σκειν,
2374 4185 2407 4256 ἢ
2446 4184 2887 4257 παρασυνάγειν,
2937 4185 3033 4237 καὶ
3073 4184 3134 4250 ἐξ
3183 4184 3493 4257 ἀλλοδαπῆς
3537 4184 3629 4238 ἐπὶ
3668 4180 3731 4234 τὰ

2144 4278 2221 4349 μὴ
2259 4278 2615 4347 προσήκοντα
2658 4274 2808 4346 αὐτῷ
2856 4274 3223 4345 μετέρχεσθαι
3262 4276 3389 4347 ὅρια
3418 4293 3433 4307 ν
3464 4274 3648 4342 ἐπειδὴ
3677 4271 3731 4324 δέ

2140 4372 2236 4426 καὶ
2264 4370 2547 4443 παρουσίᾳ
2563 4369 2829 4440 ποιμένος
2857 4368 3219 4441 μεγαλαυχεί,
3246 4371 3340 4423 καὶ
3370 4370 3471 4423 τοῦ
3500 4383 3728 4439 προστα-

2138 4465 2364 4529 τοῦντος
2384 4464 2578 4527 αἰσίως
2603 4464 2663 4516 οὐ
2691 4462 3078 4533 διαμαρτάνει,
3114 4462 3200 4525 τίς
3231 4462 3378 4532 ὑμᾶς
3406 4462 3508 4531 τῆς
3538 4465 3599 4516 ἐκ
3630 4456 3729 4512 τῶν

2141 4556 2385 4612 κανόνων
2415 4555 2701 4625 ἐπιτιμίας
2729 4555 3086 4625 ἐξαιρήσεται
3113 4553 3273 4621 λόγος
3292 4593 3306 4617 ,
3330 4555 3425 4607 ἐπὶ
3457 4566 3728 4623 κεχρυσωο

2143 4649 2291 4720 μένῳ
2317 4649 2415 4702 καὶ
2465 4646 2852 4717 ὴργυρωμένῳ
2881 4645 2975 4698 καὶ
3032 4644 3236 4714 τιμίοις
3267 4642 3437 4708 λίθοις
3456 4684 3470 4706 ,
3505 4643 3726 4695 ἀποστο-

2136 4741 2311 4804 λικοῖς
2343 4741 2441 4794 καὶ
2475 4738 2794 4809 Πατρικοῖς,
2827 4737 2995 4807 φημὶ,
3020 4735 3248 4805 λογίοις,
3289 4736 3526 4807 θεμελίῳ
3542 4747 3727 4785 πεποι-

2137 4833 2383 4905 κιλμένῳ
2403 4875 2418 4898 ,
2448 4831 2657 4903 ξυλώδη
2704 4832 2799 4883 καλ⁸
2834 4826 3085 4900 χορτώδη
3116 4830 3211 4882 καὶ
3240 4829 3554 4901 καλαμίνην
3585 4827 3726 4878 ἐποι-

2136 4926 2389 4997 κοδομεῖν
2442 4923 2809 4980 κακοπιστίαν
2854 4922 3165 4987 ἐθέλοντας;
3197 4922 3361 4975 ’Ὠστε
3402 4922 3610 4975 δίκαιον
3663 4915 3726 4969 ἂν

2132 5020 2218 5089 είη
2244 5018 2339 5072 καὶ
2366 5019 2540 5089 αὐτῆς
2563 5017 2664 5088 τῆς
2688 5014 2799 5070 τῶν
2830 5015 2992 5087 ἱερῶν
3020 5015 3265 5069 κανόνων
3287 5013 3578 5085 ἀκριϐείας
3606 5010 3729 5061 ὑπο·

2144 5108 2332 5172 δίκους
2367 5109 2510 5180 ὑμᾶς
2553 5108 2873 5178 ἀποφῆναι,
2910 5105 3054 5159 οὓτω
3095 5104 3235 5175 πρὸς
3269 5104 3338 5158 τὰ
3385 5100 3591 5173 ἐναργῆ
3643 5096 3728 5150 καὶ

2132 5197 2284 5266 ’δῆλα
2337 5198 2672 5270 μαχομένοις
2724 5198 2823 5251 καὶ
2886 5196 3309 5268 ἀνοηταίνουσι,
3370 5195 3469 5249 καὶ
3518 5188 3729 5260 δεσμοῖς

2144 5291 2334 5354 ἀϊδίοις
2355 5290 2653 5344 ὑποϐαλεῖν
2677 5287 3071 5359 εὐκαιρότατα.
3119 5286 3226 5340 Τὸν
3259 5282 3353 5340 οὖν
3382 5285 3583 5340 κανόνα
3611 5276 3728 5333 τού·

2143 5399 2258 5446 τοις
2283 5383 2654 5451 ὑπαναγνοὺς,
2679 5382 2777 5435 καὶ
2806 5380 3189 5452 καθαιρέσεως
3224 5378 3553 5451 κατακρίσει
3581 5385 3731 5442 περι-

2140 5474 2422 5547 δεσμήσας
2442 5516 2456 5539 ,
2492 5473 2598 5541 ἔξω
2628 5474 2724 5529 τοῦ
2756 5473 2907 5529 θείου
2950 5473 3241 5545 περιϐόλου
3277 5470 3537 5543 γενέσθαι
3559 5478 3723 5536 προσ·

682 5595 1096 5689 δςξρῖξξξξξξτμξιιί
1134 5600 1284 5689 illud
1305 5602 1351 5657 ll
1381 5602 1530 5660 Petr.
1560 5615 1621 5673 ιι,
1648 5606 1719 5661 5:
1750 5605 1936 5675 quibus
1965 5624 2055 5671 μιν
2156 5621 2267 5689 tur,
2311 5625 2366 5669 et
2412 5615 2668 5685 τόλμημα
2720 5614 2808 5689 ἐνη
2833 5612 3016 5689 legens
3068 5615 3476 5689 hunc_se_nsllm
3529 5601 3727 5689 τθίίίίὲξ

2162 5704 2180 5733 ι
2223 5673 2409 5739 Audax
2462 5673 2727 5739 adversus
2774 5673 3174 5740 DCOUSiICI‘MOS
3218 5682 3462 5746 facinus,
3506 5673 3730 5749 qualiter

2156 5764 2329 5825 potest
2356 5754 2620 5824 judicium
2649 5754 2790 5810 dici?
2821 5773 2837 5806 ι
