3986 6480
423 436 526 503 127

1414 436 1475 498 s.
1517 435 1938 499 NICEPHORI
1978 429 2486 493 PATRIARCHE
2513 406 2636 490 ει).

3603 402 3707 491 ιιι

421 547 672 602 standum
702 545 860 600 erat?
884 542 1134 612 Quandiu
1154 543 1485 601 multitudini
1511 544 1881 616 periculorum
1907 543 1991 597 in-

2120 542 2148 594 τί
2172 540 2642 613 διαπράττεσθαι;
2674 535 2852 609 Μέχρι
2872 535 3018 601 τίνος
3034 516 3110 608 ’τῇ
3133 535 3397 608 δαψιλείᾳ
3429 534 3546 592 τῶν
3577 536 3711 592 δνσ-

422 638 713 693 natandum
743 638 823 693 sic
851 646 1049 693 utnon
1097 648 1457 709 mergeretur,
1485 652 1592 693 non
1628 637 1845 693 cederet
1896 650 1997 691 ne-

421 728 609 800 quitiae
659 731 938 799 temporis,
981 744 1089 784 non
1136 729 1308 799 pejori
1342 728 1622 798 potestati,
1645 742 1875 797 eamque
1912 740 2002 783 se-

423 816 717 886 quentibus
749 816 925 871 locum
979 817 1167 872 daret?
1200 816 1481 884 Quomodo
1539 831 1736 873 cavere
1788 825 2003 887 poterat

424 913 487 959 ut
542 920 646 960 non
699 905 1015 961 laberentur
1079 907 1133 961 in
1181 915 1482 977 peccatum,
1533 908 2003 982 qnodoadversus

425 995 605 1066 ipsum
640 997 965 1065 patrabant?
994 995 1131 1051 Nam
1182 1011 1248 1051 ne
1280 1011 1372 1051 eos
1396 996 1616 1067 quidem
1648 1012 1677 1051 a
1715 1011 1812 1051 sua
1845 996 2003 1051 abdi-

426 1087 585 1142 cabat
611 1103 761 1155 cura,
799 1092 887 1158 qui
924 1088 1271 1143 lacessebant
1305 1087 1523 1157 injuriis
1578 1102 1816 1158 eumque
1877 1102 2004 1159 per-

432 1181 826 1248 sequebantur,
883 1181 1088 1250 pietate
1142 1178 1347 1234 Christi
1394 1180 1715 1250 discipulum
1759 1179 2003 1234 imitans.

426 1268 545 1324 Non
588 1271 669 1326 sic
704 1279 882 1325 autem
940 1272 1038 1336 illi,
1106 1287 1340 1341 quorum
1398 1286 1565 1324 unum
1608 1271 1712 1325 hoc
1764 1271 2003 1325 studium

428 1370 547 1415 erat
575 1370 736 1429 atque
777 1377 974 1432 opera,-
999 1374 1055 1418 ut
1115 1363 1395 1419 beneflciis
1444 1362 1577 1418 solis
1626 1371 1840 1418 certare
1892 1372 2008 1417 stn-

429 1452 646 1506 dentem
694 1452 906 1509 insidiis
955 1464 1295 1523 appeterent.
1352 1452 1459 1507 Nec
1506 1454 1650 1507 enim
1705 1453 1884 1507 inania
1950 1451 2003 1507 in

428 1555 551 1596 eum
580 1543 850 1610 meditari,
878 1554 1191 1614 mortesque
1241 1545 1510 1598 intentare
1544 1544 1823 1598 desierunt
1858 1543 2007 1611 prius

430 1648 594 1702 quam
637 1643 791 1688 extra
852 1645 1066 1704 portam
1107 1634 1428 1707 (Ecclesiam
1492 1636 1718 1701 scilicet)
1777 1633 2004 1702 ejectum

431 1724 763 1788 occiderent,
786 1726 941 1797 juxta
999 1728 1233 1784 Domini
1259 1728 1570 1796 parabolam
1616 1726 1758 1781 illam
1790 1727 2007 1780 Iunani-

429 1817 594 1874 miter
655 1820 940 1875 dicentes:
985 1819 1165 1876 Venite
1213 1820 1514 1875 occidamus
1549 1835 1690 1884 eum,
1740 1827 1786 1872 et
1838 1818 2008 1888 possi-

430 1907 649 1964 deamua
696 1911 1051 1979 hereditatem
1091 1911 1207 1981 ejus
1234 1912 1299 1966 "'.
1322 1913 1453 1966 Cum
1495 1911 1679 1981 itaque
1731 1910 2005 1964 illnmina-
2035 1890 2078 1945 Β

429 1998 656 2053 tissime:
684 2001 881 2055 mentis
918 2001 1091 2066 radio,
1125 2001 1211 2055 cui
1238 2001 1538 2070 prophetici
1576 2000 1780 2070 aliquid
1806 1998 2016 2054 amatus

431 2088 636 2145 inesset
682 2090 752 2146 ad
801 2092 1073 2146 anteriora
1098 2092 1499 2162 prospicienda,
1548 2090 1763 2146 illorum
1805 2092 1872 2144 ad
1898 2105 2017 2145 sce-

431 2177 519 2234 lus
562 2192 897 2237 excaecatum
948 2192 1114 2253 atque
1165 2183 1218 2237 in
1268 2183 1469 2238 caedem
1508 2183 1792 2237 incitatum
1825 2182 2015 2250 depre-

432 2268 702 2323 henderet
732 2271 995 2337 animum,
1030 2272 1084 2326 in
1114 2272 1229 2328 haec
1260 2272 1422 2327 verba
1450 2273 1763 2342 imperatori
1793 2272 2012 2327 scribit:

504 2358 594 2415 68.
626 2361 887 2429 Exposcit
941 2373 1178 2433 tempus,
1207 2372 1266 2419 ut
1318 2364 1598 2420 humilitas
1658 2374 1866 2431 nostra,
1897 2379 2019 2433 quae

435 2451 490 2505 in
534 2452 673 2507 hanc
705 2454 1087 2512 necessitatem
1119 2465 1282 2525 atque
1320 2457 1744 2513 invaletudinem
1777 2456 2017 2521 devenit,

435 2545 504 2599 ad
536 2544 665 2613 justi
719 2558 963 2604 tenacem
1001 2550 1335 2617 maiestatem
1362 2559 1598 2607 vestram
1646 2551 1760 2605 haec
1797 2550 2015 2605 referat.

437 2633 711 2691 Hactenus
735 2638 998 2707 provirili
1026 2648 1212 2695 nostra
1241 2639 1495 2696 facultate
1530 2641 1741 2697 tuendas
1774 2640 2021 2696 veritatis

438 2741 503 2779 ac
533 2726 751 2794 pietatis
791 2742 953 2783 causa
1005 2729 1429 2797 decertavimus,
1452 2745 1628 2801 neque
1674 2746 1863 2786 eorum
1902 2745 2021 2801 qua:

438 2819 614 2873 nostri
674 2806 914 2883 muneris
967 2831 1124 2877 erant
1174 2823 1470 2894 quidquam
1508 2823 1755 2879 videmur
1805 2822 2022 2878 subtra-

439 2910 608 2975 xisse,
641 2920 999 2981 procurantes
1029 2922 1087 2968 ut
1118 2928 1293 2983 neque
1311 2915 1620 2985 petentibus
1657 2914 1888 2969 defuerit
1906 2927 2024 2968 ser-

443 2998 623 3053 innuis
646 3000 973 3063 conferendi,
993 3001 1248 3070 facultas,
1279 3017 1456 3073 neque
1479 3003 1727 3058 doctrina
1757 3002 2025 3073 recipien-

2098 632 2276 706 χερῶν
2320 630 2706 704 ὲπινήχεσθαι,
2759 630 2857 685 καὶ
2900 630 3002 684 οὐκ
3030 628 3335 698 ἰνδιδόναι,
3377 629 3446 683 οὐ
3488 628 3570 701 τῷ
3609 646 3708 685 πο-

2097 725 2250 798 νηρῷ
2280 723 2462 796 καιρῷ
2494 721 2935 794 παραχωρῆσαι,
2960 720 3022 774 οὐ
3053 722 3120 792 τῇ
3153 719 3517 793 πονηροτέρα
3547 718 3706 788 ἔξω-

2101 819 2194 890 σία
2214 858 2230 882 ,
2267 818 2363 871 καὶ
2395 818 2508 880 τοῖς
2545 814 2749 888 ταύτην
2782 815 2980 883 ἄγουσι
3014 812 3201 867 δοῦναι
3229 812 3435 880 τόπον,
3471 812 3551 876 ὡς
3585 812 3663 886 μὴ
3684 853 3704 882 ,

2099 911 2226 979 τόγε
2253 912 2334 973 είς
2368 907 2529 964 αὐτὸν
2555 890 2724 979 ἧκον,
2755 905 3001 979 ἁμαρτίᾳ
3036 906 3407 975 περιπεσεῖν;
3446 905 3563 959 Καὶ
3598 904 3709 975 γὰρ

2103 999 2243 1072 ὑπὲρ
2275 998 2384 1053 τῶν
2423 995 2840 1068 ἐπηρεαζόντων
2886 995 2983 1049 καὶ
3022 994 3330 1048 διωκόντων
3371 993 3701 1065 ἐφρόντιζε,

2102 1092 2194 1145 τδν
2223 1089 2547 1145 διδάσκαλον
2579 1087 2817 1159 Χριστὸν
2847 1089 2905 1140 ὲν
2930 1085 3108 1157 τούτῳ
3136 1086 3517 1155 μιμούμενος.
3562 1085 3705 1139 Ἀλλ’

2102 1184 2202 1237 οὐκ
2232 1184 2430 1236 ἐκεῖνοι
2450 1179 2681 1234 τοιοῦτοί
2716 1177 2905 1240 ποθεν,
2930 1178 3050 1245 οἶγε
3074 1177 3219 1231 κατὰ
3248 1176 3347 1231 τοῦ
3383 1179 3708 1247 εὐεργετεῖν

2103 1270 2447 1345 πειρωμένου
2481 1271 2856 1341 ἐπιτιθέμενοι
2889 1271 3130 1341 σπουδὴν
3163 1270 3591 1326 ἀπεδείκνυντο.
3631 1275 3706 1327 Uti

2102 1366 2214 1437 γὰρ
2246 1365 2575 1435 καθυφῆκαν
2608 1364 2728 1418 κατ’
2763 1361 2931 1416 αὐτοῦ
2972 1363 3103 1415 κενά
3148 1360 3391 1432 μελετᾷν
3417 1402 3429 1424 ,
3474 1362 3574 1415 καὶ
3613 1361 3707 1416 θα-

2103 1460 2298 1521 νάτους
2342 1455 2687 1519 ἐπαπειλεῖν,
2729 1454 2842 1507 ἐσθ’
2880 1454 2971 1506 ὅτε
3035 1453 3134 1522 τῆς
3190 1452 3373 1523 πύλης
3419 1452 3532 1520 ἔξω
3571 1453 3705 1523 (τῆς

2117 1546 2446 1617 Ἐκκλησίας
2472 1543 2656 1617 φημὶ)
2694 1542 2899 1609 ἐξῶσαι
2930 1541 3023 1594 καὶ
3060 1541 3463 1595 ἀποκτιννύναι
3496 1541 3704 1611 όμοθυ-
3748 1602 3754 1607 ο

2109 1638 2277 1709 μαδὸν
2298 1679 2312 1701 ,
2357 1639 2476 1690 κατ’
2509 1637 2724 1704 εκείνην
2749 1635 2842 1686 καὶ
2879 1632 3037 1686 αὐτοὶ
3064 1633 3164 1701 τὴν
3197 1632 3497 1702 Κυριακὴν
3527 1648 3705 1702 παρα-

2109 1730 2271 1800 ϐολὴν
2302 1728 2589 1797 λέγοντες,
2621 1726 2816 1791 Δεῦτε,
2852 1726 3302 1791 ἀποκτείνωμεν
3355 1724 3576 1787 αὑτὸν,
3609 1724 3702 1775 καί

2109 1821 2503 1890 κατάσχωμεν
2518 1819 2635 1887 τὴν
2651 1817 3061 1887 κληρονομίαν
3079 1814 3468 1869 αὑτοῦ.”Οθεν
3486 1813 3565 1883 τῷ
3579 1814 3705 1866 ἀθο-

2113 1910 2269 1981 λώτῳ
2293 1908 2372 1965 νοῒ
2399 1908 2737 1981 προφητικός
2764 1925 2848 1972 τις
2876 1907 2955 1961 ὢν
2990 1907 3085 1961 καὶ
3114 1906 3333 1977 βλέπων
3360 1906 3435 1958 τά
3459 1905 3705 1975 ἐμπροσ-

2116 2001 2237 2066 θεν,
2274 2000 2369 2071 τὴν
2410 1999 2835 2070 πεπωρωμένην
2891 1997 3076 2051 αὐτῶν
3113 1996 3345 2065 καρδίαν
3392 1994 3542 2065 ὀρῶν
3572 1994 3705 2065 πρὸς

2116 2091 2327 2161 αἵματα
2365 2089 2552 2159 λοιπὸν
2606 2088 3025 2142 ἀποϐλέπουσαν
3050 2125 3065 2152 ,
3096 2084 3410 2139 ἐπιστέλλει
3453 2082 3535 2155 τῷ
3571 2100 3704 2154 κρα-

2116 2181 2297 2237 τοῦντι
2321 2181 2409 2255 διὰ
2436 2180 2638 2247 λέξεως
2668 2172 2772 2235 ὦδε
2796 2195 2812 2211 ·

2191 2358 2292 2430 ξηθ.
2344 2358 2556 2431 Καιρδς
2602 2358 2824 2413 ἀπαιτεῖ
2871 2357 2972 2431 τὴν
3016 2357 3296 2430 ἡμετέραν
3336 2356 3704 2421 ταπείνωσιν,

2118 2451 2200 2515 είς
2228 2450 2327 2522 τὴν
2360 2451 2682 2521 περίστασιν
2705 2450 2910 2522 ταύτην
2933 2450 3027 2505 καὶ
3049 2448 3151 2521 τὴν
3188 2448 3522 2521 σωματικὴν
3548 2448 3707 2503 ἀσθέ-

2119 2561 2269 2598 νειαν
2320 2543 2618 2610 ἐλθόντας,
2646 2542 2820 2596 ταῦτα
2874 2543 3012 2613 πρὸς
3053 2542 3115 2596 τδ
3159 2542 3506 2611 φιλοδίκαιον
3554 2539 3706 2610 ὑμῶν

2120 2636 2321 2706 κράτος
2359 2635 2680 2703 ἁναγαγεῐν.
2718 2634 2863 2698 Ἕως
2893 2633 2988 2687 τοῦ
3012 2632 3108 2687 νῦν
3135 2633 3537 2704 ἠγωνισάμεθα
3568 2630 3708 2686 κατὰ

2119 2725 2219 2798 τὴν
2249 2725 2482 2795 δύναμιν
2510 2724 2669 2796 ἡμῶν
2703 2722 2846 2793 ὑπὲρ
2868 2722 2970 2791 τῆς
2993 2721 3256 2792 ἀληθείας
3276 2721 3387 2776 καὶ
3414 2721 3521 2790 τῆς
3554 2720 3707 2771 εὐσε-

2121 2816 2276 2880 ϐείας
2300 2834 2313 2845 ·
2350 2817 2465 2883 καὶ,
2506 2816 2583 2879 ὡς
2630 2815 2932 2885 δοκοῦμεν,
2976 2814 3131 2868 οὐδὲν
3169 2813 3564 2882 παρελίπομεν
3606 2809 3708 2864 τῶν

2122 2907 2627 2980 κεχρεωστημένων
2660 2909 2796 2978 ἡμῖν
2818 2948 2832 2973 ,
2875 2906 3014 2977 μήτε
3044 2905 3182 2976 πρὸς
3208 2904 3451 2972 διάλεξιν
3490 2902 3600 2956 τῶν
3630 2902 3710 2955 αί-

2122 2998 2381 3072 τρύντων,
2398 3002 2533 3071 μήτε
2563 2999 2699 3069 πρδς
2725 2996 3077 3052 διδασκαλίαν
3099 2996 3208 3049 τῶν
3236 2994 3553 3067 δεχομένων
3582 2990 3710 3046 καθ-

445 3091 611 3148 tibus.
663 3091 954 3164 Postquam
1011 3108 1142 3150 vero
1199 3109 1265 3151 eo
1323 3095 1546 3151 nomine
1615 3096 2018 3151 tribulationem

2125 3090 2545 3162 υστερήσαντες.
2594 3088 2817 3159 Ἐπειδὴ
2881 3087 2938 3141 δὲ
2972 3085 3061 3141 διὰ
3116 3083 3277 3139 τοῦτο
3314 3087 3505 3139 πᾶσαν
3537 3080 3709 3150 θλίψιν

442 3198 659 3238 omnem
678 3194 732 3239 et
759 3185 1065 3256 angustiam
1086 3185 1564 3257 amictionemque,
1586 3187 1887 3257 infamiam,
1905 3201 2018 3242 car-

2126 3181 2225 3236 καὶ
2254 3179 2619 3252 στενοχωρίαν
2639 3181 2734 3233 καὶ
2762 3178 3008 3233 κάκωσιν
3035 3174 3441 3246 ὑπεμείναμεν,
3464 3170 3708 3243 ἀτιμίας,

443 3293 619 3342 ceres,
650 3278 1098 3349 proscriptiones,
1126 3278 1505 3334 famulantium
1533 3281 1699 3335 etiam
1749 3278 2018 3349 jacturam

2129 3271 2406 3341 φυλακὰς,
2447 3270 2763 3342 δημεύσεις,
2806 3269 2915 3322 τῶν
2961 3266 3389 3338 ὑπηρετούντων
3441 3266 3575 3335 ἡμῖν
3614 3261 3710 3331 τὴν

443 3370 790 3440 pertulimus,
822 3383 889 3423 eo
920 3369 1136 3424 tandem
1167 3380 1535 3440 proruperunt
1561 3370 1805 3442 quidam,
1843 3371 1934 3442 qui
1968 3382 2018 3425 se

2131 3364 2369 3436 βλάϐην·
2403 3363 2466 3417 τδ
2505 3363 2818 3417 τελευταῖον
2847 3356 3003 3435 ἧλον,
3044 3361 3189 3424 τινὲς
3250 3359 3544 3421 δοκοῦντες
3580 3350 3713 3408 εἶναι

445 3439 731 3528 episcopos
764 3455 976 3526 dicunt,
1009 3468 1068 3514 ut
1120 3439 1378 3527 majorem
1422 3439 1703 3530 prioribus
1748 3439 2018 3516 contume-

2129 3455 2423 3510 ἐπίσκοποι
2452 3496 2468 3523 ,
2500 3455 2594 3508 καὶ
2628 3453 2850 3508 πλείονα
2898 3452 3010 3506 τῶν
3043 3450 3434 3523 προλαϐόντων
3466 3447 3565 3519 τὴν
3600 3446 3713 3499 ἀτι-

444 3545 575 3598 liam
599 3546 754 3602 nobis
785 3547 1090 3617 probraque
1121 3548 1451 3619 irrogarent,
1476 3564 1596 3604 cum
1629 3550 1771 3618 vulgi
1795 3551 2018 3606 circum-

2135 3546 2265 3620 μίαν
2315 3549 2448 3618 ἡμῖν
2490 3546 2884 3617 προσήγαγον,
2929 3543 3326 3616 ἐπιφερόμενοι
3359 3541 3520 3611 ὄχλον
3552 3539 3715 3606 ἀγυρ-

451 3634 661 3691 foranei
719 3637 872 3692 turba
908 3637 1214 3709 gladiisque
1265 3653 1329 3694 ac
1372 3639 1535 3710 lignis
1581 3640 1846 3697 instructa
1890 3640 2018 3698 oll‘e-

2130 3639 2277 3709 τώδη
2300 3640 2396 3694 καὶ
2430 3637 2724 3710 δημοτικὸν
2755 3637 2892 3708 μετά
2923 3636 3211 3709 μαχαιρῶν
3236 3633 3564 3707 καὶιξύλων,
3593 3630 3711 3683 επι-

450 3738 635 3784 rentes
661 3744 721 3784 se
748 3730 922 3787 nobis.
953 3731 1133 3800 Atque
1160 3730 1233 3785 illi
1268 3731 1509 3801 quidem,
1539 3732 1781 3804 cujusvis
1810 3732 2018 3804 generis

2135 3735 2432 3805 στήσαντες
2464 3733 2597 3803 ἡμῖν
2626 3727 2845 3793 αὐτούς.
2883 3729 2993 3784 Καὶ
3019 3728 3177 3782 αὐτοὶ
3212 3726 3310 3796 μὲν
3345 3725 3532 3779 πᾶσαν
3562 3719 3712 3790 ὓϐριν

451 3818 698 3875 convicia
723 3812 1426 3891 injuriasquejmpudenter
1455 3821 1928 3894 inverecundequc
1975 3823 2018 3878 in

2134 3824 2512 3896 ἀναισχύντως
2566 3824 2662 3877 καὶ
2698 3820 2936 3885 ἀναιδῶς
2970 3808 3361 3891 προσήνεγκαν
3383 3858 3398 3882 ,
3456 3816 3592 3888 μήτε
3627 3810 3714 3864 τὸν

450 3923 551 3965 nos
591 3908 972 3980 iactaverunt;
1014 3927 1190 3982 neque
1222 3910 1318 3968 Dei
1369 3914 1620 3970 timorem
1663 3914 2018 3984 concipiente:

2137 3917 2303 3987 φόϐον
2334 3914 2428 3970 τοῦ
2462 3914 2600 3969 θεοῦ
2639 3914 2698 3966 ὲν
2760 3911 2835 3983 νῷ
2863 3910 3145 3973 λαϐόντες,
3184 3911 3320 3980 μήτε
3352 3908 3431 3972 ὡς
3461 3901 3715 3978 ἀρχιερέα

450 4003 653 4066 animo,
688 4018 790 4058 nec
833 3995 943 4058 ulla
978 4004 1124 4059 ducti
1159 4007 1460 4060 reverentia
1494 4020 1622 4077 erga
1661 4020 1817 4061 suum
1862 4021 2018 4075 quon-

2137 4009 2316 4065 αὐτῶν
2347 4024 2479 4061 ποτε
2524 4004 2786 4075 γεγονότα
2838 4001 3265 4072 εὐλαϐηθέντες,
3312 3999 3411 4053 καὶ
3458 3996 3634 4051 ταῦτα
3662 3994 3714 4045 ἐν

451 4095 575 4148 dam
608 4094 921 4164 praesulem,
966 4110 1199 4168 eumque
1222 4106 1462 4154 extrema
1511 4098 1923 4155 decumbentem
1943 4111 2018 4152 va-

2138 4101 2346 4172 ἐσχάτῃ
2389 4097 2643 4168 ἀσθενείᾳ
2698 4095 2973 4165 κείμενον,
3026 4094 3122 4147 καὶ
3170 4091 3271 4163 τὴν
3326 4088 3499 4161 πνοὴν
3563 4084 3714 4157 μόνον

454 4184 733 4250 letudine,
790 4201 855 4242 ac
903 4187 1019 4243 solo
1067 4188 1363 4259 languente
1400 4188 1598 4259 spiritu
1648 4187 2018 4259 superstitem:

2140 4191 2362 4263 ἔχοντα’
2406 4191 2455 4243 oi
2483 4187 2541 4242 δὲ
2576 4187 2723 4257 ὄχλοι
2770 4186 2871 4257 ὲμέ
2896 4176 2955 4239 τε
2985 4183 3196 4238 καὶτὸν
3238 4181 3587 4255 προλαϐόντα
3621 4177 3717 4246 ἀρ·

454 4277 608 4331 turba
661 4292 811 4342 vero,
841 4294 961 4349 quae
1014 4280 1136 4337 illos
1193 4280 1593 4347 comitabatur,
1625 4288 1741 4335 tum
1789 4295 1877 4335 me
1925 4288 2018 4334 tun

2140 4280 2333 4353 χιερέα
2385 4282 2498 4342 τοῖς
2534 4277 2873 4348 ἀναθέμασιν
2904 4275 3146 4342 ἔϐαλλον,
3173 4275 3311 4344 ὅπερ
3337 4275 3475 4343 ἡμῖν
3501 4269 3715 4339 γέγονεν

452 4370 793 4426 deoessoretn
817 4373 1114 4428 antistitem
1169 4373 1304 4428 diris
1329 4373 1547 4429 devovit
1577 4393 1590 4428 :
1612 4373 1752 4442 quod
1775 4371 2018 4427 'ambobu:

2144 4373 2391 4445 εὐφημία
2420 4372 2516 4426 καὶ
2546 4368 2825 4440 ἐγκώμιον
2860 4360 3141 4438 μέγιστον.
3171 4363 3328 4420 Μετὰ
3352 4362 3526 4417 ταῦτα
3548 4360 3717 4413 πάντα

450 4461 746 4530 gloriosum
778 4475 862 4520 est
888 4473 943 4518 et
975 4467 1142 4521 decus
1172 4465 1486 4520 maximum.
1517 4464 1832 4534 Superbam
1860 4472 2018 4518 auten

2143 4466 2214 4521 τὰ
2265 4464 2411 4519 κακὰ
2463 4463 2807 4533 ἠκούσαμεν,
2864 4461 2947 4513 ὃτι
3003 4461 3051 4513 oi.
3107 4458 3206 4529 τῆς
3238 4455 3498 4525 ἀληθείας
3540 4447 3715 4522 ἐχθροὶ

452 4554 637 4609 omnia
677 4555 817 4609 mala
851 4565 999 4611 certa
1030 4559 1259 4627 cognovi
1286 4558 1555 4613 relatione
1578 4556 1826 4611 veritatis
1857 4556 2018 4610 hoste:

2145 4557 2336 4628 ἔνεδρα
2378 4553 2499 4609 καθ’
2537 4553 2696 4625 ἡμῶν
2724 4550 3139 4616 συσκευάζουσι,
3187 4546 3501 4618 βουλόμενοι
3544 4538 3716 4596 ἐπιθέ-

456 4643 720 4699 adversus
757 4659 855 4698 nos
881 4644 1110 4701 insidias
1155 4657 1371 4702 struere
1399 4665 1414 4700 :
1454 4647 1616 4716 idque
1644 4646 1751 4700 illis
1780 4646 2043 4701 constitu-

458 4740 575 4784 tum
607 4745 748 4796 esse,
776 4740 838 4785 ut
861 4733 945 4786 vel
969 4733 1242 4803 deponant
1276 4735 1358 4789 vel
1385 4736 1501 4789 neci
1534 4735 1748 4788 tradant
1767 4736 2040 4789 violentae.

461 4819 541 4875 Ne
569 4835 698 4892 ergo
741 4821 919 4876 scelus
953 4832 1161 4876 tantum
1204 4823 1319 4889 ﬁat,
1346 4824 1509 4893 inque
1539 4825 1879 4893 majestatem
1923 4838 2045 4878 ves-

464 4921 604 4966 tram
635 4911 842 4966 crimen
872 4913 1096 4979 recidat,
1122 4928 1244 4967 cum
1281 4914 1452 4981 major
1487 4914 1631 4968 nulla
1673 4915 1727 4968 in
1769 4929 1865 4969 nos
1919 4929 2043 4981 per-

462 5002 671 5058 secutio
720 5002 1018 5072 echgitari
1069 5005 1265 5073 possit,
1295 5020 1519 5060 necesse
1577 5005 1800 5060 omnino
1848 5013 1933 5060 est
1988 5013 2045 5059 ut

2146 4650 2273 4703 σθαι
2320 4650 2474 4716 ἡμῖν,
2526 4645 2619 4697 καὶ
2663 4645 2695 4715 ἢ
2733 4639 3074 4713 ἀναίρεσινῆ
3106 4637 3392 4713 κατένεξιν.
3423 4635 3601 4707 βιαίαν
3629 4628 3716 4684 δια)⁸

2147 4739 2444 4809 θανατικὴν
2479 4734 2809 4806 ποιήσασθαι
2839 4724 2919 4797 εἶς
2955 4734 3124 4803 ἡμᾶς.
3160 4731 3256 4784 ”1ν’
3287 4726 3383 4784 οὖν
3417 4730 3612 4785 ἄτοπον
3646 4720 3713 4792 μὴ

2146 4832 2392 4901 γένηται,
2423 4826 2821 4898 μηδὲάμαρτία
2844 4813 3134 4895 ἀνᾶδράμῃ
3156 4823 3235 4886 είς
3264 4823 3323 4875 τὸ
3344 4821 3546 4893 κράτος
3572 4811 3715 4884 ὑμῶν

2147 4925 2166 4993 (
2185 4922 2373 4991 ἐπειδὴ
2402 4919 2624 4972 πλείονα
2646 4916 2888 4987 διωγμὸν
2910 4915 3265 4985 ἐπινοηθῆναι
3293 4914 3417 4968 καθ’
3450 4909 3603 4982 ἡμῶν
3622 4904 3716 4957 οὐκ

2152 5014 2355 5084 ἔστιν),
2380 5013 2605 5074 ἄκοντες
2653 5012 2747 5064 καὶ
2790 5008 2866 5079 μὴ
2914 5008 3251 5079 βουλόμενοι,
3276 5007 3370 5060 καὶ
3406 5000 3714 5069 διωκόμενοι
3754 5034 3767 5043 ί

464 5092 804 5162 invitiatque
837 5094 1103 5162 nolentes,
1133 5094 1277 5150 velut
1302 5097 1368 5151 ab
1408 5095 1637 5151 infensis
1680 5095 1834 5151 nobis
1881 5096 2047 5150 hosti-

464 5187 570 5243 bus
623 5189 1060 5257 persecutionem
1112 5190 1281 5259 passi,
1322 5198 1506 5245 nostra
1555 5190 1848 5259 migremus
1894 5189 2018 5244 sede

2151 5197 2303 5268 ἡμᾶς
2342 5191 2435 5247 τοῦ
2471 5192 2662 5264 θρόνου
2700 5189 2885 5259 ἡμῶν⁶
2917 5189 3012 5242 καὶ
3040 5188 3114 5253 ὠς
3163 5188 3191 5240 ὁ
3225 5187 3358 5251 Θεὸς
3411 5181 3584 5254 κρινεῖ
3630 5173 3716 5229 καὶ

469 5278 665 5333 divinis
705 5279 849 5334 circa
880 5293 984 5335 nos
1013 5295 1208 5350 resque
1260 5291 1476 5336 nostras
1498 5281 1718 5349 iudiciis
1768 5290 1823 5337 et
1859 5282 2016 5351 dispo

2153 5286 2502 5357 οἰκονομήσει
2554 5282 2622 5335 τά
2651 5280 2775 5334 καθ’
2819 5279 2988 5349 ἡμᾶς,
3038 5276 3339 5347 στέργομεν
3375 5276 3468 5327 καὶ
3500 5271 3717 5338 εὐχαρι-

470 5370 655 5424 sitioni
699 5371 1131 5441 acquiescentes,
1177 5374 1406 5444 ejusque
1451 5373 1771 5444 benignitati
1829 5382 2018 5445 agente

2158 5379 2389 5451 στοῦμεν
2413 5379 2480 5448 τῇ
2509 5374 2811 5444 ὰγαθότητι
2837 5371 3024 5424 αὐτοῦ.

472 5461 693 5527 gratias.

2152 5106 2258 5160 ὑπὸ
2304 5104 2413 5157 τῶν
2466 5089 2904 5172 ἐπηρεαζόντων,
2938 5096 3151 5167 ἀνάγκη
3211 5099 3361 5150 πᾶσα
3396 5089 3715 5166 μεταστῆναι

548 5612 593 5644 ⁸¹
645 5612 837 5669 Matth.
866 5617 1092 5682 131,58.

487 5763 511 5798 c
547 5747 1172 5819 Chrislnmmagistrum
1204 5750 1259 5805 in
1303 5752 1406 5806 hoc
1432 5749 1716 5803 imitatus:
1758 5767 1776 5798 ι
1814 5747 1918 5802 Pro
1945 5763 2014 5819 qu

2163 5746 2273 5800 lum
2309 5741 2533 5819 imitari.
2574 5758 2592 5792 ι
2616 5739 2789 5819 Quod
2821 5746 2970 5794 esset
2996 5736 3062 5819 ad
3094 5744 3340 5819 sanctum
3370 5727 3707 5796 Stephanum:

484 5820 665 5872 nescio
692 5807 1245 5891 qnomodoiexciderit
1271 5861 1287 5891 ,
1323 5841 1342 5876 ι
1378 5820 1578 5890 pietate
1602 5819 1798 5876 Christi
1829 5807 2064 5887 discipu-
2173 5816 2235 5870 de
2273 5831 2377 5883 quo
2415 5812 2588 5867 nullus
2615 5810 2702 5865 hic
2730 5825 2908 5865 sermo
2929 5847 2943 5874 ,
2976 5807 3339 5863 referendum.
