3986 6428
486 382 585 451 I31

1485 381 1549 442 S.
1590 377 2011 440 NICEPIIORI
2047 377 2068 436 ]

2171 377 2560 436 munem;
2599 376 2710 435 cr.
3625 379 3738 448 1.32

482 509 628 558 tura,
661 495 713 548 in
747 507 860 563 quo
891 492 1346 546 iulemcratorum
1381 502 1445 543 ac
1492 487 1882 542 immortalium
1923 501 2067 556 mys-

2175 485 2494 556 μυστηρίων
2536 485 2635 548 τὰς
2683 484 3095 554 ὀλοκαρπώσεις
3128 481 3421 555 δεχόμενος
3447 527 3461 549 ,
3501 487 3737 568 ἁμαρτη-

481 589 745 644 teriorum
805 585 1122 641 holocausta
1199 581 1531 650 suscipiens,
1596 590 1939 648 peccatorum
1987 593 2072 630 re-

482 681 796 734 missionem
826 679 935 743 liis,
967 678 1057 746 qui
1085 677 1246 746 digne
1268 675 1376 729 illis
1396 672 1742 742 impartiendi
1771 669 2067 734 astiterint,

481 768 738 825 conferre
768 768 1036 824 statuisti.
1063 766 1174 822 Hoc
1205 779 1442 834 namque
1466 764 1614 816 onmi
1649 764 1810 814 sorde
1841 760 2072 828 labcque

485 862 849 930 purissimum
884 869 974 913 tua
1006 855 1384 928 potentissima
1421 855 1644 908 dextera
1678 866 1820 905 nunc
1852 867 2072 920 quoque

481 952 880 1023 protegendum
941 949 1294 1014 commendo;
1344 945 1490 1016 quod
1543 961 1642 1014 ego
1699 959 1926 998 nurnere
1979 954 2072 998 tuo

482 1047 618 1100 mihi
667 1043 1068 1105 concreditum,
1100 1059 1196 1112 pro
1231 1039 1371 1094 virili
1422 1054 1542 1094 mea
1594 1046 1780 1092 sancte
1845 1050 2067 1089 conser-

484 1153 636 1200 vans,
672 1137 725 1190 in
760 1151 899 1190 verae
932 1133 1288 1204 philosophia:
1346 1140 1502 1202 petra
1535 1130 1746 1183 firmum
1769 1129 2066 1195 custodivi;

483 1229 743 1296 templum
791 1227 1018 1290 scilicet,
1049 1228 1195 1296 quod
1229 1239 1328 1279 ceu
1381 1223 1532 1276 locus
1561 1239 1624 1276 ac
1657 1219 2067 1276 tabernaculum

479 1322 662 1390 gloria:
699 1332 822 1385 tuae,
860 1319 1290 1389 pulcherrimum
1323 1316 1574 1370 decorem
1605 1331 1759 1369 suum
1791 1313 2065 1378 servavit;

479 1413 622 1466 lilios
659 1412 753 1466 tibi
779 1422 943 1480 atque
971 1411 1216 1464 haeredes
1246 1407 1577 1463 venerabilis
1599 1407 1798 1461 lavacri
1836 1403 2069 1460 fecunda

479 1503 627 1571 prole
687 1501 948 1570 plurimos
995 1499 1185 1565 edidit,
1254 1500 1678 1567 innumerosque
1725 1497 1843 1566 jugi
1895 1497 2068 1565 paeni-

481 1592 646 1642 lentia
694 1590 1226 1643 misericordissima
1306 1598 1412 1643 tua:
1468 1588 1771 1642 clementia:
1823 1586 2070 1640 reconci-

479 1683 652 1736 liavit.
713 1681 859 1747 Tibi,
899 1682 1177 1747 Salvator,
1229 1695 1540 1750 quanquam
1607 1678 1842 1748 indignis
1892 1679 2068 1730 mani-

475 1775 602 1839 bus,
628 1775 932 1843 depositnm
975 1775 1130 1826 trado
1165 1789 1179 1826 :
1216 1771 1550 1840 iudiciorum
1598 1780 1816 1823 tuorum
1844 1769 2062 1838 abysso,

477 1882 585 1933 quo
643 1865 897 1919 malueris
947 1866 1105 1918 modo
1166 1864 1507 1932 disponenda
1569 1862 1832 1915 concedo.
1898 1860 2064 1929 lingit
2100 1843 2140 1897 Β

477 1955 586 2010 Leu
631 1958 894 2011 adversus
932 1955 1104 2010 aedem
1151 1964 1422 2018 sanctam,
1453 1968 1708 2024 qmcrens
1753 1964 1810 2006 ut
1858 1954 2054 2020 rapiat.

477 2050 702 2118 suisque
754 2047 957 2102 catulis
991 2048 1400 2102 accommodam
1444 2045 1609 2100 faciat
1645 2043 2064 2099 habitationem.

476 2137 594 2192 Non
617 2139 872 2193 dormitet
900 2141 1165 2192 adversus
1181 2138 1440 2192 efl‘renem
1459 2138 1602 2192 illius
1619 2138 1901 2190 audaciam
1929 2137 2068 2190 luci-

479 2233 738 2286 tltSbilllllS
771 2247 834 2287 ac
864 2231 1248 2302 insoporabilis
1275 2231 1468 2286 oculus
1501 2239 1644 2286 tuus.
1677 2229 1879 2285 Noscat
1907 2243 2067 2298 quem

479 2325 794 2390 offenderit,
841 2332 897 2380 et
949 2327 1001 2401 in
1032 2339 1200 2394 quem
1238 2336 1410 2378 (nstro
1446 2323 1732 2392 impotenti
1777 2322 2071 2376 bacchatus

481 2420 573 2473 sit.
597 2417 855 2472 Pastorcs
879 2416 1126 2486 luporum
1148 2415 1546 2469 iminanitatem
1571 2410 2068 2468 eonvertit.0vium

480 2511 672 2565 faciles
719 2510 954 2574 animos,
989 2518 1047 2560 ut
1101 2507 1167 2562 iis
1216 2509 1595 2577 obsequantur
1654 2507 1744 2576 qui
1794 2506 1933 2560 bene
1984 2519 2072 2558 re»

479 2615 614 2675 gunt
653 2619 714 2657 ac
779 2611 1070 2672 prmsunt,
1134 2615 1199 2654 ac
1255 2602 1308 2654 in
1369 2599 1748 2656 inobedientite
1801 2599 2066 2653 feritatem

475 2695 764 2762 compulit.
791 2695 874 2748 Ab
899 2695 1016 2764 ejus
1044 2708 1232 2748 errore
1255 2707 1472 2761 gregem
1524 2691 1720 2756 libera,
1759 2691 1849 2760 qni
1881 2704 1940 2744 se
1995 2687 2067 2742 illi

479 2789 712 2842 necdum
763 2786 1038 2856 adiunxit,
1071 2785 1454 2838 remissionem
1519 2799 1548 2836 a
1593 2783 1754 2836 malis
1799 2780 2066 2845 obtineat,

480 2889 707 2932 eruatur
781 2890 813 2928 a
859 2875 1138 2944 periculis.
1180 2873 1430 2928 Dextera:
1485 2885 1586 2926 tua:
1638 2870 1909 2940 possessio
1947 2880 2099 2934 est;'

473 2971 662 3034 neiis,
687 2984 892 3038 quwso,
924 2969 1081 3020 cedat
1118 2967 1171 3020 in
1201 2968 1435 3036 praedam
1463 2965 1554 3033 qui
1604 2965 1776 3032 ipsam
1821 2970 2069 3031 qua-runt

483 3065 773 3118 deiciare.
808 3060 918 3114 N..s
943 3071 1124 3112 autem
1157 3057 1250 3126 qui
1295 3058 1347 3110 in
1387 3065 1476 3108 tua
1517 3069 1618 3108 nos
1654 3053 1856 3124 judicia
1883 3053 2067 3122 proje-

483 3155 676 3216 cimus,
711 3169 872 3207 manu
902 3154 1070 3205 ducas
1093 3167 1156 3204 ac
1186 3151 1391 3221 dirigas
1432 3164 1538 3219 quo
1563 3147 1928 3216 gubernatrici
1965 3157 2068 3198 tua:

483 3246 836 3318 providentiae
871 3245 1046 3299 visunt
1108 3243 1290 3296 fuerit.
1349 3240 1528 3302 Vides,
1583 3239 1834 3302 Domine,
1864 3247 2067 3307 quanta

485 3338 643 3391 nobis
671 3336 931 3389 violentia
971 3334 1292 3386 incumbat:
1329 3346 1416 3394 ne,
1449 3331 1699 3392 ohseCro,
1744 3347 1773 3382 a
1830 3327 2068 3382 retribu-

493 3430 662 3491 tione,
685 3443 807 3496 qua:
839 3441 903 3479 ex
933 3425 1022 3479 illa
1048 3433 1153 3488 est,
1187 3439 1285 3476 nos
1316 3422 1598 3476 excludas.
1631 3420 1708 3474 Ne
1739 3422 1884 3474 velut
1910 3421 2071 3490 impe-

492 3521 626 3573 ritos
651 3519 934 3586 minusque
957 3517 1184 3570 solertes
1216 3525 1464 3584 pastores
1492 3529 1690 3582 arguas
1719 3529 1732 3566 :
1766 3525 1904 3565 unus
1925 3513 2068 3564 enim

489 3611 743 3679 solusque
793 3624 875 3674 es,
905 3609 992 3664 cui
1043 3618 1100 3662 ut
1135 3610 1412 3684 sapienter
1454 3608 1713 3676 omnique
1765 3607 2071 3676 prudentia:

491 3706 648 3757 laude
682 3713 832 3772 regat
868 3718 930 3756 ac
977 3712 1186 3770 pascat,
1223 3715 1541 3754 concessum
1580 3709 1680 3754 est.
1721 3699 1798 3753 Ne
1840 3699 2070 3768 pigritize

483 3797 829 3860 damnentur,
853 3803 1112 3864 tanquam
1144 3794 1224 3847 illi
1247 3793 1415 3847 dediti
1467 3793 1618 3846 utilia
1661 3793 1926 3846 doctrina:
1954 3791 2071 3860 pri-

480 3889 681 3943 mitivai
703 3887 1106 3958 prodiderimus
1129 3899 1144 3951 ;
1169 3895 1432 3953 quanttmi
1463 3883 1606 3938 enim
1635 3899 1730 3954 per
1753 3883 2071 3938 facultatem

477 3982 632 4037 licuit
659 3981 856 4036 collata
887 3993 1078 4049 Opera,
1111 3979 1229 4031 haec
1283 3991 1503 4046 quoque
1544 3975 1664 4041 tibi,
1704 3975 2070 4046 primogenita

473 4075 658 4131 omnis
686 4081 973 4137 creaturae,
1011 4070 1354 4125 serVavimus
1399 4069 1590 4123 ill-.esa.

549 4173 802 4238 71.V'ale
854 4183 1008 4246 mihi,
1043 4180 1268 4250 Sophia,
1299 4179 1456 4236 Verbi
1505 4181 1674 4236 divini
1723 4181 1919 4237 durum
1979 4181 2072 4237 fir-

477 4291 738 4344 mumque
811 4278 1098 4345 perspicue
1171 4274 1498 4341 delubrum;
1553 4287 1716 4330 rectae
1787 4276 1908 4330 fidei
1969 4277 2070 4332 tibi

475 4372 715 4427 elauStra
751 4369 992 4438 impono,
1026 4383 1147 4437 quae
1197 4366 1360 4422 nullis
1407 4383 1646 4437 unquam
1689 4368 2070 4424 ha'reticorum

479 4465 727 4519 vectibus
778 4463 1181 4530 inl‘rangautur.
1237 4459 1356 4514 Tibi
1405 4459 1638 4515 sincerae
1706 4461 2070 4516 confessionis

2177 579 2362 649 μάτων
2392 578 2714 649 ἀπαλλαγὴν
2737 579 2846 641 τοῖς
2873 577 3039 642 ἀξίως
3071 578 3455 649 μετειληχέναι
3481 593 3740 659 παραστη-

2177 690 2330 726 σασιν
2378 675 2590 735 ἑαυτοῖς
2651 675 2908 743 χορηγεῖν
2961 669 3308 736 ὲδικαίωσας.
3370 673 3568 730 Τοῦτον
3621 679 3737 750 γὰρ,

2176 764 2378 828 παντὸς
2432 764 2623 816 σπίλου
2671 765 2763 816 καὶ
2811 763 3008 833 μώμου
3057 765 3248 836 περρω
3296 766 3645 836 τυγχάνοντα,
3681 775 3738 843 τῇ

2173 859 2484 925 παγκρατεῖ
2531 857 2626 909 καὶ
2657 857 2752 910 νῦν
2793 860 2936 928 χειρί
2973 874 3068 909 σου
3109 857 3454 928 παρατίθημι
3477 900 3490 924 ,
3517 859 3588 922 ὡς
3623 865 3740 932 παρ’

2172 949 2341 1019 αὐτῆς
2393 950 2485 1002 καὶ
2525 949 2841 1012 πιστευθεὶς
2867 949 3057 1002 τοῦτον
3089 950 3184 1003 κα)⁵
3224 949 3563 1020 διατηρήσας
3595 954 3741 1019 ὁσίως

2173 1043 2252 1104 είς
2279 1043 2541 1113 δύναμιν,
2579 1041 2674 1095 ἐπὶ
2718 1045 2786 1112 τῇ
2834 1041 3013 1114 πέτρᾳ
3043 1045 3142 1112 τῆς
3165 1040 3398 1112 ἀληθοῦς
3443 1043 3742 1112 φιλοσοφίας

2172 1135 2563 1205 ἐρηρεισμένον
2595 1132 2838 1202 ἐφύλαξα
2863 1149 2876 1162 ’
2911 1132 2986 1196 ὡς
3017 1133 3180 1194 τόπος
3221 1132 3314 1184 καὶ
3368 1133 3632 1204 σκήνωμα
3655 1135 3743 1207 τῆς

2171 1228 2272 1296 σῆς
2299 1225 2458 1296 δόξης
2503 1223 2605 1296 τὴν
2633 1224 2829 1278 ἑαυτοῦ
2876 1224 3168 1293 παγκάλην
3203 1223 3536 1292 εὐπρέπειαν
3564 1224 3742 1278 διεσώ-

2173 1337 2325 1381 σατο,
2364 1319 2515 1382 υἱούς
2560 1335 2643 1372 σοι
2689 1318 2784 1371 καὶ
2836 1317 3209 1388 κληρονόμους
3266 1316 3356 1370 διὰ
3415 1315 3512 1385 τῆς
3556 1319 3742 1388 σεπτῆς

2171 1411 2560 1482 κολυμϐήθρας
2611 1409 2839 1472 πολλοὺς
2898 1409 3251 1477 ὑπηγάγετο,
3317 1408 3406 1461 διὰ
3467 1408 3742 1478 μετανοίας

2169 1501 2463 1555 ἀνενδότου
2513 1503 2580 1570 τῇ
2619 1499 2983 1569 εὐσπλάγχνῳ
3018 1497 3278 1569 εὐμενείᾳ
3329 1514 3424 1550 σου
3483 1498 3742 1567 κρείττους

2169 1593 2410 1664 ἀριθμοῦ
2476 1591 2917 1664 προσῳκείωσεν.
2964 1591 3077 1655 Σοὶ,
3119 1590 3338 1661 Σῶτερ,
3379 1589 3475 1660 τὴν
3507 1607 3743 1660 παρακα-

2169 1684 2440 1764 ταθήκην,
2489 1685 2538 1737 εί
2578 1683 2676 1738 καὶ
2699 1681 2949 1747 ἀναξίαις
2976 1682 3188 1753 χερσὶν,
3231 1680 3546 1750 ἐπιδίδωμι,
3579 1697 3743 1752 παρα-

2171 1777 2336 1848 χωρῶ
2379 1779 2445 1846 τῇ
2481 1779 2548 1848 σῇ
2594 1775 2704 1828 τῶν
2746 1775 3036 1844 χριμάτων
3070 1773 3292 1844 ἁϐὐσσῳ
3323 1773 3390 1826 τὰ
3427 1773 3545 1826 κατ’
3572 1772 3742 1836 αὐτὸν,

2169 1867 2243 1932 ὡς
2264 1867 2506 1930 εὐδοκεῖς
2523 1866 2887 1919 διατίθεσθαι.
2905 1865 3056 1917 Λέων
3075 1865 3194 1917 κατ’
3218 1863 3392 1933 αὐτῆς
3415 1861 3709 1934 ὲπωρύεται
3727 1905 3740 1931 ,

2172 1957 2353 2028 ζητῶν
2379 1957 2649 2028 ἁρπάσαι,
2683 1957 2913 2018 καὶτοῖς
2945 1955 3141 2008 ἑαυτοῦ
3184 1955 3446 2027 σκύμνοις
3478 1956 3743 2025 ἑτοιμάσαι

2171 2047 2392 2118 δαψιλὲς
2421 2049 2740 2118 οἰκητήριον
2758 2062 2772 2074 ·
2811 2047 2888 2116 μὴ
2911 2045 3329 2111 ὲπινυσταξάτω
3362 2045 3503 2099 κατά
3535 2045 3630 2116 τῆς
3653 2045 3743 2097 αὐ-

2170 2142 2264 2196 τοῦ
2291 2141 2595 2214 τολμηρίας
2621 2142 2650 2194 ὁ
2680 2141 2949 2211 παμφαὴς
2979 2155 3074 2192 σου
3107 2139 3201 2192 καὶ
3229 2138 3531 2210 ἀκοίμητος
3560 2136 3744 2208 ὀφθαλ-

2174 2235 2274 2307 μός
2294 2251 2308 2265 ο
2335 2233 2550 2304 γνώτω,
2583 2233 2689 2286 τίνι
2719 2233 3191 2304 προσκέκρουκεν,
3223 2233 3316 2286 καὶ
3347 2231 3486 2304 πρὸς
3509 2231 3566 2284 δν
3587 2232 3743 2297 ἀκρα·

2172 2324 2280 2389 τῶς
2323 2323 2750 2396 πεπαρῴνηκεν.
2793 2325 2887 2387 El;
2927 2323 3117 2378 λύκων
3144 2323 3442 2396 θηριωδίαν
3479 2322 3601 2386 τοὺς
3631 2337 3743 2375 ποι·
3769 2383 3781 2388 ν

2175 2417 2344 2488 μένας
2395 2415 2755 2487 μετὴμειψεν,
2805 2416 2904 2486 τὴν
2955 2417 3092 2486 προς
3139 2416 3268 2480 τούς
3298 2415 3484 2479 καλῶς
3531 2414 3742 2482 ἄγοντας

2170 2508 2279 2562 τῶν
2329 2509 2619 2580 προϐάτων
2668 2509 2983 2563 εὐπείθειαν
3037 2507 3174 2580 πρὸς
3223 2508 3510 2571 ἀπειθείας
3561 2505 3742 2578 ἤλασεν

2170 2599 2502 2671 ἀχρειότητα
2521 2617 2535 2631 ο
2563 2599 2814 2671 ἅρπασον
2837 2599 2940 2669 τῆς
2970 2599 3136 2653 αὐτοῦ
3154 2599 3387 2672 πλάνης,
3406 2599 3468 2652 τὸ
3495 2598 3569 2670 μὴ
3593 2613 3744 2670 προσ-

2169 2690 2323 2744 τεθὲν
2357 2690 2507 2762 αὐτῷ
2537 2692 2821 2763 ποίμνιον·
2872 2691 3120 2763 ἀνεθήτω
3176 2691 3286 2744 τῶν
3348 2691 3558 2755 δεινῶν,
3583 2687 3740 2744 ἀπαλ-

2169 2781 2392 2852 λαγὴτω
2415 2781 2519 2834 τῶν
2553 2782 2854 2853 δυσχερῶν.
2887 2779 2999 2853 Τῆς
3032 2782 3131 2852 σῆς
3172 2783 3359 2853 χειρός
3393 2784 3508 2836 ἐστι
3535 2779 3737 2849 κτῆμα·

2175 2871 2250 2944 μη
2280 2875 2394 2936 τοῖς
2429 2875 2723 2926 καταπιεῖν
2755 2873 2977 2944 ζητοῖσι
3022 2874 3238 2941 γένοιτο
3292 2874 3538 2946 θήραμα.
3585 2871 3742 2943 Ἡμεῖς

2170 2963 2224 3016 δὲ
2264 2965 2376 3028 τοῖς
2421 2966 2534 3027 σοῖς
2572 2964 2799 3028 ἑαυτοὺς
2843 2963 3244 3036 ἐπιρῤίψαντας
3293 2967 3552 3037 κρίμασι,
3609 2978 3742 3033 χειρ-

2173 3057 2455 3126 αγωγοίης
2487 3056 2584 3110 καὶ
2621 3057 2876 3128 ὁδηγοίης
2907 3057 3032 3110 ὅποι
3049 3057 3202 3125 φίλον
3234 3059 3301 3128 τῇ
3335 3060 3404 3129 σῇ
3437 3054 3743 3126 κυΰερνήσει

2095 3189 2140 3247 C
2175 3148 2532 3218 παρίσταται.
2565 3147 2679 3220 Τὴν
2713 3148 2834 3220 βίαν
2862 3150 3018 3220 ὁρᾷς,
3048 3151 3200 3220 ὅσην,
3235 3150 3411 3221 Κύριε
3433 3167 3446 3181 ·
3482 3147 3555 3220 μὴ
3579 3149 3670 3216 τῆς
3693 3143 3744 3210 ἐξ

2175 3241 2346 3312 αὐτῆς
2394 3242 2757 3312 ἐγγινομένης
2799 3241 3123 3308 ἀντιδόσεως
3156 3242 3304 3314 ἡμᾶς
3337 3241 3740 3304 ἀποκλείσειας,

2176 3334 2252 3407 μὴ
2283 3335 2358 3398 ὼς
2385 3334 2652 3406 ἀπείρους
2696 3334 2792 3388 καὶ
2841 3335 3110 3398 ἀσκεύους
3147 3335 3419 3406 ποιμένας
3449 3333 3742 3402 ἐλέγξειας·

2175 3424 2258 3476 σοὶ
2277 3425 2387 3495 γάρ
2419 3425 2565 3495 μόνῳ
2586 3424 2646 3476 τὸ
2663 3418 3120 3496 ’ἐπιστημονικῶς
3149 3425 3304 3494 ἄγειν
3331 3428 3429 3480 καὶ
3453 3423 3745 3494 ποιμαίνειν

2174 3514 2544 3586 κεκλήρωται.
2567 3515 2660 3586 Μὴ
2681 3515 2956 3586 ῥᾳθυμίαν
2977 3516 3472 3588 κατακριθείημεν,
3495 3516 3569 3575 ὼς
3589 3511 3744 3582 ταύτῃ

2174 3608 2464 3680 προδόντες
2509 3609 2578 3662 τά
2619 3610 2720 3680 τῆς
2773 3608 3125 3674 διδασκαλίας
3193 3611 3436 3681 βιωφελῆ
3485 3621 3746 3680 πρωτοτο.

2174 3707 2299 3755 κεῖα
2320 3718 2334 3732 ·
2382 3706 2447 3775 τῇ
2491 3703 2600 3776 γὰρ
2639 3703 2784 3757 κατά
2815 3703 3060 3774 -δύναμιν
3090 3706 3440 3776 ,συνεισφορᾷ
3474 3703 3565 3757 καὶ
3589 3697 3748 3754 ταῦτά

2175 3811 2293 3862 σοι,
2324 3795 2402 3866 τῷ
2454 3796 2790 3868 πρωτοτόκῳ
2831 3797 3014 3866 πάσης
3047 3799 3152 3870 ,τῆς
3195 3799 3458 3864 κτίσεως,
3511 3793 3748 3864 ἀλώῦητα

2173 3886 2584 3958 τετηρήκαμεν.

2245 4187 2342 4236 οα’.
2387 4181 2560 4254 Χαῖρέ
2607 4198 2719 4251 μοι,
2756 4181 2945 4252 Σοφία,
2979 4182 3038 4236 τὸ
3063 4181 3158 4236 τοῦ
3203 4181 3352 4236 θείου
3382 4181 3544 4252 λόγου
3576 4174 3750 4248 σαφῶς

2171 4273 2496 4344 ἀμείλικτον
2528 4275 2775 4344 τέμενος,
2807 4275 2891 4327 σοὶ
2918 4274 2987 4328 τὰ
3011 4275 3112 4346 τῆς
3139 4274 3454 4346 ὁρθοδοξίας
3481 4269 3750 4337 ἐπιτίθημι

2173 4366 2436 4439 κλεῖθρα,
2489 4368 2709 4439 μοχλοῖς
2755 4368 3144 4440 αἰρετιζὸντων
3177 4367 3435 4440 οὐδαμῶς
3479 4361 3749 4435 συντριϐό-

2179 4476 2336 4530 μενα.
2370 4459 2484 4526 Σοὶ,
2524 4464 2592 4532 τῇ
2631 4461 2891 4531 σφραγῖδι
2929 4461 3029 4533 τῆς
3058 4459 3390 4532 είλικρινοῦς
3435 4455 3744 4532 ὁμολογίαςι

463 4553 658 4624 .sigillo
715 4555 975 4616 nmnitaa,
1018 4551 1242 4605 Patrum
1295 4554 1516 4606 decreta
1559 4561 1617 4604 ut
1655 4554 2067 4620 concredere-tn,

2172 4552 2241 4605 τὰ
2270 4551 2378 4605 τῶν
2411 4554 2674 4625 Πατέρων
2707 4553 3149 4624 ἀσφαλισάμενος
3180 4553 3435 4624 δόγματα
3455 4595 3470 4620 ,
3525 4563 3746 4605 καταπι-

462 4659 658 4714 mpera:
698 4646 930 4712 pretium
985 4643 1138 4704 duxi,
1167 4658 1288 4712 quae
1327 4644 1489 4699 nulla:
1540 4659 1781 4716 unquam
1836 4646 2072 4701 violave-

465 4733 590 4785 .rint
613 4732 994 4807 haereticorum
1029 4733 1258 4786 technw.
1295 4729 1454 4799 Vale,
1483 4734 1616 4788 mihi
1645 4735 1844 4790 dilecta
1877 4737 2068 4792 cathe-

464 4825 601 4889 aJra,
632 4837 795 4891 quam
853 4823 956 4876 nisi
1008 4823 1062 4877 vi
1093 4825 1324 4880 adactus
1512 4828 1834 4894 conscendi,
1871 4845 1901 4883 a
1960 4845 2066 4901 qua

465 4932 626 4970 .izuuc
675 4917 808 4971 cedo
851 4917 901 4970 vi
957 4917 1146 4983 majori
1176 4918 1454 4989 depulsus.
1491 4918 1707 4987 Valete,
1757 4932 2062 4995 martyrum

473 5007 719 5061 divinam
763 5007 1018 5062 virtutem
1053 5008 1326 5077 spirantes
1363 5009 1578 5079 tumuli,
1600 5013 1852 5080 uadesquc
1873 5027 2064 5077 sacrae,

459 5097 808 5166 uir-angelicis
877 5099 1066 5164 figuris
1117 5111 1173 5154 et
1225 5102 1626 5167 certaminum,
1682 5102 1880 5172 quibus
1938 5112 2069 5157 sunt

461 5188 774 5256 .defunetis,
823 5191 1072 5245 historiis
1122 5205 1424 5256 exornatae,
1453 5195 1505 5247 in
1557 5208 1696 5262 quas
1747 5195 1926 5248 insani
1963 5195 2064 5249 ho-

467 5281 654 5335 mines
713 5283 974 5351 profanas
1028 5283 1246 5351 quidem
1297 5299 1491 5338 manus
1571 5284 1848 5356 injicienl;
1919 5287 2064 5342 haud

479 5381 659 5427 tamen
692 5375 1094 5444 impcmlentein
1127 5377 1230 5431 sibi
1267 5379 1335 5432 ab
1373 5377 1570 5433 invicta
1603 5379 1694 5433 Dei
1739 5393 1900 5434 manu
1933 5379 2064 5435 sub-

477 5463 771 5534 ter-fugent
808 5468 1091 5522 ultionem.
1130 5469 1258 5524 Vale
1287 5480 1340 5522 et
1383 5481 1460 5534 tu,
1493 5470 1586 5524 Dei
1625 5488 1814 5542 magna
1845 5473 2060 5538 civitas,

469 5567 540 5606 ac
596 5566 863 5625 quotquot
911 5559 963 5610 in
1026 5567 1077 5614 te
1138 5575 1284 5615 sana:
1342 5561 1778 5616 orthodoxorum
1837 5560 2060 5618 Patrum

548 5801 579 5845 ιι
609 5802 692 5859 An
727 5805 1218 5878 ἑγκαλυνδούμενοι
1249 5809 1332 5864 vel
1367 5808 1869 5884 ὲγκαλυπτόμενοι.

2172 4646 2401 4700 στεῦσαι
2433 4646 2616 4711 καλῶς
2659 4646 3113 4718 προτεθύμημαι,
3161 4646 3432 4718 μηδαμῶς
3461 4647 3579 4708 ταῖς
3608 4643 3748 4711 αἶρε’

2165 4739 2350 4800 τικαῖς
2376 4737 2763 4809 ἀντιστροφαῖς
2799 4737 3098 4809 συληθῆναι
3124 4735 3607 4810 δυνάμενα.Χαῖρέ
3643 4747 3746 4804 μοι,

2169 4827 2410 4899 καθέδρα
2430 4869 2444 4892 ,
2477 4829 2561 4898 ἐφ’
2589 4828 2656 4900 ἢν
2708 4829 2810 4884 οὐκ
2837 4829 3119 4894 ἀϐιάστως
3167 4829 3398 4902 ἐπέϐην,
3449 4831 3542 4884 καί
3573 4822 3636 4899 ἦς
3662 4821 3750 4876 νῦν

2167 4921 2439 4992 ὐποχωρῶ
2475 4921 2806 4995 βιαιότερον.
2838 4923 3101 4995 Χαίρετε,
3126 4925 3288 4994 σηκοὶ
3319 4921 3613 4996 μαρτύρων
3643 4914 3752 4972 θεό·

2171 5012 2396 5084 ληπτοι,
2423 5017 2542 5078 τοῖς
2581 5015 2964 5083 εὐαγγελικοῖς
2993 5015 3085 5068 καὶ
3103 5013 3417 5085 ἀθλητικοῖς
3447 5009 3751 5087 χαρακτῆρ-

2167 5123 2252 5160 σιν
2277 5107 2764 5179 ὲγκαλυνόμενοιιι,
2783 5108 2868 5179 ἐφ’
2882 5104 2964 5174 οἷς
2985 5112 3035 5164 oi
3060 5111 3422 5182 ἀφραίνοντες
3445 5103 3750 5161 ὲπιὸαλοῦσι

2171 5202 2273 5272 μὲν
2306 5201 2567 5274 βεδήλους
2619 5207 2842 5277 χεῖρας,
2899 5205 3000 5277 οὐχ
3047 5205 3310 5276 ὐφελοῢσι
3358 5207 3415 5262 δὲ
3441 5205 3541 5275 τὴν
3569 5203 3632 5254 ἐκ
3659 5197 3751 5266 τῆς

2173 5295 2446 5364 ἀηττήτου
2517 5295 2699 5368 χειρὶς
2765 5297 2952 5362 αὐτοῖς
3004 5297 3402 5370 ὲπηρτημένην
3465 5293 3746 5352 ἀντίδοσιν.

2172 5386 2346 5456 Χαῖρε
2409 5389 2502 5440 καὶ
2557 5390 2643 5451 σὺ,
2685 5388 2823 5443 Θεοῦ
2881 5391 3216 5462 μεγαλόπολι
3251 5433 3266 5458 ,
3329 5392 3423 5446 καὶ
3489 5391 3600 5444 ὅσοι
3646 5386 3753 5446 τοῖς

2171 5477 2382 5545 ὐγιέσιν
2437 5481 2495 5532 ἐν
2541 5480 2625 5532 σοὶ
2670 5481 2764 5534 καὶ
2810 5481 3105 5554 Πατρικοῖς
3153 5479 3749 5554 ὲπερείδονταιδόγμα-

2175 5583 2278 5632 σιν,
2312 5567 2406 5632 οὓς
2437 5573 2546 5635 τοῖς
2611 5570 2746 5625 Θεοῦ
2797 5575 2891 5628 καὶ
2935 5578 3046 5640 σοῖς
3092 5575 3446 5648 ὐποδέδληκα
3477 5569 3748 5644 πτέρυξιν»
