3986 6418
278 364 380 429 133

1803 352 2005 411 VITA.

3455 351 3556 414 ιιι

277 477 349 548 μή
388 489 442 531 τι
488 468 684 534 κακίας
742 468 943 539 πτερὸν
998 467 1280 536 ἀπαγάγοι
1331 466 1429 537 τῆς
1476 466 1572 536 σῆς
1610 466 1867 538 περιοὰλτ

1990 484 2230 539 loctrinac
2270 482 2559 548 inhaerent,
2591 479 2687 535 Dei
2743 479 2962 549 tuisque
3022 480 3216 550 pennis
3257 481 3558 551 subjectos,

272 569 437 638 ψεως.

339 742 438 813 οβ’.
475 739 632 794 Οὕτω
661 737 733 792 τά
775 737 880 809 τῆς
925 736 1188 807 εὐκτικῆς
1223 735 1531 807 ίερολογίας
1564 736 1861 805 ἀνενέγκας

273 832 644 906 καρπώματα,
669 830 748 898 τῷ
780 831 988 902 φορείῳ
1030 830 1224 883 ἑαυτὸν
1254 828 1605 894 ἀποδίδωσιν,
1638 828 1733 882 καὶ
1759 830 1860 901 τὴν

271 926 353 994 ἐφ’
376 920 455 988 οἷς
484 922 637 990 ἄγειν
664 919 948 974 ἐϐούλοντο
975 920 1205 991 πορείαν
1230 921 1279 973 οἱ
1300 918 1541 989 βιασταὶ,
1572 918 1670 972 καὶ
1686 918 1858 985 ἄκων,

272 1018 451 1072 ἐστέλ)
463 1014 839 1070 ετο.Θάλασσα
866 1014 924 1067 δὲ
954 1014 1022 1067 τά
1048 1014 1194 1067 νῶτα
1216 1014 1419 1084 ἑαυτῆς
1457 1012 1858 1082 ὑφαπλὼσασα,

273 1111 483 1180 ἀκατίῳ
529 1108 622 1162 τὸν
667 1108 874 1163 δίκαιον
918 1107 1251 1179 ὑπεδέχετο,
1295 1107 1560 1177 καὶπρὸς
1607 1105 1708 1178 τὴν
1762 1108 1854 1160 ὑπ’

274 1203 435 1259 αὑτοῦ
488 1201 823 1274 δομηθείσαν
887 1201 1058 1273 μονὴν
1116 1198 1211 1254 τοῦ
1280 1198 1513 1268 ’Λγαθοῦ
1574 1199 1865 1270 παρεπέμ-

275 1314 421 1352 πετο.
466 1296 557 1352 Ἐν
653 1297 853 1368 μικρόν
880 1313 1003 1349 τινα
1042 1294 1469 1366 προσδιατρίψαι
1500 1293 1695 1366 χρόνον
1726 1310 1861 1363 συγ-

274 1390 563 1462 χωρηθεὶς.
614 1388 772 1451 αὖθις
805 1387 913 1441 ὑπὸ
965 1385 1075 1439 τῶν
1117 1388 1217 1456 τῆς
1280 1385 1402 1456 βίας
1462 1384 1705 1455 εὑρετῶν
1763 1386 1861 1438 ἐπὶ

277 1483 371 1555 τὴν
414 1480 754 1552 πορρωτέρω
793 1478 1055 1549 κειμένην
1082 1479 1178 1531 καὶ
1219 1478 1311 1531 ὑπ’
1356 1477 1524 1530 αὐτοῦ
1555 1477 1865 1547 ἱδρυθεῖσαν

282 1573 431 1645 ἱερὰν
469 1572 639 1643 μονὴν
666 1571 764 1625 τοῦ
804 1571 1044 1640 μεγάλου
1080 1570 1359 1641 μάρτυρος
1410 1568 1690 1639 Θεοδώρου
1727 1568 1855 1639 μεθ-

284 1667 516 1720 ίσταται·
542 1666 603 1717 ού
635 1664 745 1734 γὰρ
774 1663 970 1733 ἔφερον
993 1664 1122 1734 ἄγχι
1154 1679 1230 1732 πη
1259 1663 1503 1734 καθορᾷν
1531 1664 1629 1734 τῆς
1655 1662 1866 1716 ἑαυτῶν

287 1757 559 1829 βδελυρίας
595 1774 823 1827 κατῳκη
834 1756 996 1826 μένον
1040 1756 1135 1809 τὸν
1158 1754 1389 1809 δίκαιον.
1419 1754 1706 1807 Στέλλεται
1736 1752 1867 1822 γοῦν

286 1852 371 1906 ἐπὶ
396 1849 567 1922 τούτῳ
600 1848 837 1920 Βάρδας,
880 1850 908 1900 ὁ
940 1847 1034 1901 τοῦ
1069 1846 1302 1910 Λέοντος
1347 1846 1567 1917 ἀνεψιὸς
1598 1847 1867 1899 οἰκειότα-

288 1959 403 2010 τοςο
426 1944 482 2008 ὃς
508 1916 605 1996 ἐπὶ
631 1916 729 1995 τοῦ
755 1939 926 1993 τόπου
968 1939 1287 2009 γενόμενος,
1331 1939 1428 1992 καὶ
1460 1916 1561 2009 τῆς
1594 1938 1723 2007 vni);
1748 1938 1863 1989 ὲπι-
1894 1916 1907 1932 ’

293 2038 405 2102 ϐὰς,
437 2036 531 2091 καὶ
579 2033 829 2105 καθέδρᾳ
871 2031 1201 2104 ἐφιδρυθεὶς,
1228 2031 1319 2084 τὸν
1369 2031 1543 2102 μέγαν
1601 2028 1867 2100 ἱεράρχην

1976 572 2195 630 custodi
2241 588 2310 628 ne
2361 587 2470 642 qua
2514 571 2756 641 nequitia
2795 570 3021 637 involet,
3057 579 3263 642 eosque
3288 588 3319 627 a
3356 583 3447 630 tua
3480 578 3562 630 fo-

1971 664 2149 719 ventis
2178 678 2310 718 cura
2339 663 2594 718 abducat.

2043 753 2130 808 72.
2166 753 2319 809 llune
2357 754 2412 807 in
2450 754 2668 810 modum
2697 766 2870 808 sacrae
2904 753 3235 822 precationis
3265 755 3557 811 holocaus-

1968 856 2178 902 tontate
2228 846 2432 911 oblato,
2470 861 2590 902 sese
2626 846 2837 902 lecticae
2874 844 3212 902 efferendum
3254 851 3421 903 tradit
3448 850 3551 920 (e);

1963 954 2073 1008 quo
2126 938 2347 992 violenti
2407 938 2647 1007 saevique
2701 939 2961 992 ductores
2988 938 3262 992 voluerint
3314 942 3555 1003 trahere,

1962 1029 2273 1095 eo,invitus
2311 1030 2586 1098 quamvis,
2621 1028 2995 1096 profecturus.
3020 1029 3177 1082 Mare
3215 1044 3348 1084 vero
3394 1031 3558 1084 dorsa

1962 1122 2239 1190 explicans
2264 1121 2316 1174 in
2350 1120 2515 1173 lintre
2548 1121 2761 1188 excepit
2787 1119 3016 1187 justum,
3040 1123 3107 1173 ad
3140 1122 3557 1184 monasterium,

1964 1214 2106 1281 quod
2172 1214 2643 1283 ipseetstt'uxerat
2726 1210 2859 1265 Boni
2920 1211 3183 1275 nomine,
3224 1212 3554 1279 ablegatum.

1965 1304 2079 1358 illic
2112 1305 2306 1359 breves
2342 1317 2528 1358 moras
2581 1302 2884 1372 permissus
2931 1317 3116 1371 agere,
3147 1302 3214 1355 ab
3265 1302 3409 1355 illius
3439 1302 3554 1355 vio-

1965 1396 2147 1451 lentia:
2179 1396 2516 1461 auctoribus,
2547 1396 2599 1449 in
2628 1393 3018 1448 monasterium
3055 1394 3269 1462 longius
3301 1395 3555 1447 dissitum

1965 1497 2020 1541 et
2069 1488 2239 1556 ipsius
2287 1503 2507 1557 quoque
2548 1496 2896 1541 exstructum
2950 1500 3139 1553 opera,
3174 1486 3355 1555 magni
3411 1499 3558 1538 mar-

1965 1580 2103 1651 tyris
2156 1578 2453 1644 Theodori,
2498 1578 2867 1647 transportari
2918 1576 3166 1646 jubetur.
3213 1576 3367 1632 llatid
3413 1578 3558 1631 enim

1968 1671 2252 1727 ferendum
2317 1672 2583 1741 putabant
2640 1679 2699 1725 ut
2742 1671 2922 1725 vicina
2972 1672 3216 1738 ipsorum
3266 1670 3559 1724 dementia:

1968 1764 2085 1819 loca
2119 1763 2302 1834 justus
2344 1764 2594 1817 habitare
2638 1763 3077 1831 conspiceretur.
3112 1763 3321 1816 Bardau
3370 1765 3555 1829 itaque

1967 1855 2167 1910 Leonis
2212 1855 2605 1908 consobrinum
2655 1862 2710 1907 ct
2759 1853 3248 1907 familiarissimum
3301 1852 3367 1905 ad
3405 1850 3566 1905 Nice-

1968 1947 2204 2018 phorum
2243 1947 2546 2012 destinant,
2579 1945 2670 2013 qui
2724 1959 3023 1998 conscensa
3074 1960 3211 1996 nave
3260 1944 3326 1997 ad
3386 1943 3563 1995 Ιυι·ιιιιι

1969 2039 2255 2104 deductus,
2307 2052 2432 2093 cum
2484 2036 2719 2091 sedisset
2770 2035 2825 2090 in
2887 2035 3170 2096 cathedra,
3202 2045 3258 2089 et
3308 2047 3565 2104 maguum

300 2125 421 2194 πρὸς
457 2122 647 2175 ἑαυτὸν
695 2121 1013 2185 ἐξεκαλεῖτο
1036 2162 1050 2188 ,
1112 2121 1208 2174 καὶ
1239 2116 1360 2173 εἶτα
1396 2120 1506 2173 τῶν
1554 2119 1868 2191 δορυφόρων

1990 2128 2267 2182 tntistitem
2292 2141 2477 2181 coram
2523 2141 2587 2180 eo
2611 2126 2693 2180 sui
2727 2126 3009 2180 stetissent
3047 2125 3335 2189 satellites,
3369 2138 3436 2177 ne
3463 2124 3568 2177 nti-

307 2218 382 2270 tn‘
402 2215 572 2286 ωτεσιν
596 2214 769 2267 αὑτοῦ
799 2213 1022 2266 ἑστάναι
1049 2212 1241 2266 τοῦτον
1273 2210 1686 2281 ἁμιλλωμένων,
1713 2210 1865 2262 οὐδὲν

305 2308 449 2369 αὐτὸς
470 2307 595 2377 πρὸς
624 2307 688 2359 τὸ
715 2305 984 2377 ἐράσμιον
1008 2300 1109 2376 τῆς
1134 2306 1288 2376 ἱερᾶς
1316 2303 1619 2374 παρουσίας
1649 2302 1867 2373 ἐκείνης

299 2396 560 2459 εύλαόείας
601 2394 830 2460 διέδειξε
872 2396 1205 2466 πρόσχημα,
1240 2395 1382 2459 οὐδὲ,
1413 2396 1462 2447 εί
1504 2396 1580 2466 μή
1623 2394 1864 2460 τιᾶλλο,

293 2488 385 2558 τὴν
420 2487 798 2558 παροιμιακὴν
829 2486 1160 2558 ἐδυσωπηθη
1189 2488 1541 2558 παραίνεσιν,
1571 2488 1690 2561 τὴν,
1731 2506 1750 2540 ι
1775 2487 1869 2541 Ἐκ

294 2578 570 2651 προσώπου
586 2579 779 2633 πολιοῦ
795 2579 1164 2653 ἐξαναστήσῃ,
1180 2599 1200 2633 ι
1222 2581 1403 2650 σοφῶς
1418 2580 1741 2649 διαγγέλλου
1750 2598 1867 2636 σαν·

291 2671 448 2743 ἀπρὶξ
468 2672 524 2726 δὲ
554 2673 741 2742 εἴχετο
767 2676 868 2742 τῆς
898 2671 1193 2743 καθέδρας.
1235 2673 1295 2725 '0
1316 2673 1374 2726 δὲ
1403 2673 1504 2736 τὰς
1534 2672 1629 2726 τοῦ
1655 2674 1869 2727 νεανίου

287 2762 477 2832 φρένας
513 2761 850 2833 ὲωρημένας
893 2761 1038 2815 κατὰ
1088 2762 1189 2833 τὴν
1225 2762 1448 2833 ποίησιν
1487 2761 1715 2826 ὐπιδὼν,
1743 2763 1873 2817 ἄλλο

289 2853 380 2923 μὲν
420 2854 602 2919 οὐδὲν,
648 2851 809 2908 τοῦτο
854 2852 912 2906 δὲ
950 2852 1087 2923 πρὸς
1145 2852 1311 2905 αὑτὸν
1366 2850 1753 2923 ἐπεφώνησεν·
1802 2848 1875 2905 Ὦ

285 2942 409 2996 καλὲ
454 2943 669 3015 Βάρδα,
705 2942 878 3011 γνῶθι
911 2945 1030 3006 ταῖς
1081 2941 1396 3014 ἀλλοτρίαις
1429 2945 1741 3013 συμφοραῖς
1775 2944 1875 3007 τὰς

288 3035 470 3089 ἑαυτοῦ
521 3034 716 3098 καλῶς
765 3034 1136 3089 διατίθεσθαι·
1195 3036 1292 3088 καὶ
1348 3035 1520 3088 ταῦτα
1573 3034 1744 3089 εἰπὼν
1806 3038 1874 3107 τῇ

288 3123 441 3197 βουλῇ
471 3124 588 3177 τῶν
618 3123 864 3193 ἀγόντων
895 3123 1088 3177 ἑαυτὸν
1114 3124 1445 3179 ἐπιδίδωσιν.
1483 3125 1549 3177 Ὢ
1576 3126 1673 3196 τῆς
1694 3125 1877 3196 διορα-

285 3219 434 3287 τικῆς
477 3215 582 3270 τοῦ
614 3217 886 3284 παναγίου
919 3215 1115 3288 ἀνδρὸς
1147 3215 1544 3287 καθαρότητος,
1581 3217 1650 3270 τὰ
1684 3218 1878 3289 πόρρω

290 3307 597 3380 βλεπούσης
626 3308 939 3377 ἐγγίζοντα,
966 3308 1062 3361 καὶ
1088 3307 1432 3378 συναγούσης
1465 3312 1581 3372 τοῖς
1615 3310 1878 3363 ὲνεστῶσι

230 3396 235 3401 ’
286 3401 350 3455 τὰ
374 3399 681 3472 μέλλονταῑ
714 3399 790 3451 Οὐ
820 3400 931 3469 γὰρ
958 3398 1230 3469 ἀγχίπους
1260 3400 1294 3469 ἡ
1340 3398 1465 3470 δίκη
1499 3400 1579 3470 τῷ
1615 3402 1720 3470 νέῳ
1752 3418 1879 3453 συν-

287 3490 484 3554 είπετο,
508 3490 729 3562 χρόνων
753 3488 811 3542 δὲ
838 3491 1146 3559 τετρακτὺς
1180 3488 1382 3560 μικροῦ
1438 3490 1877 3563 παριππεύσασα

288 3581 429 3652 αὐτῷ
467 3582 577 3651 τὴν
618 3580 907 3652 συμφορὰν
941 3580 1351 3653 ἀπεγέννησεν
1383 3583 1476 3636 καὶ
1519 3582 1573 3635 εἴ
1600 3600 1678 3654 τῳ
1724 3583 1877 3652 φίλον

288 3676 351 3730 τὰ
393 3673 520 3745 περὶ
563 3672 785 3747 τούτου,
812 3671 1012 3737 τελέως
1053 3672 1476 3741 πιστώσασθαι,
1533 3675 1884 3741 ἑντευξάσθω

1973 2221 2119 2272 nitna
2167 2218 2385 2287 quidem
2435 2217 2759 2271 reverentiae
2816 2218 2972 2285 signa
3018 2218 3085 2270 ad
3130 2216 3419 2271 amabilem
3462 2212 3568 2270 viri

1971 2310 2113 2363 sacri
2138 2309 2382 2363 osmndit
2404 2310 2735 2376 adventum;
2768 2312 2862 2365 sed
2893 2308 3256 2378 proverbialis
3295 2308 3436 2362 illius
3467 2308 3566 2361 ad-

1972 2398 2296 2454 monitionis
2350 2397 2551 2454 oblitus
2607 2399 2899 2461 rationem,
2932 2411 3038 2465 qua
3090 2397 3367 2465 sapienter
3414 2395 3572 2465 jube-

1972 2507 2098 2546 mur
2130 2492 2197 2545 ad
2241 2490 2365 2546 caui
2429 2491 2627 2559 capitis
2680 2498 3033 2561 conspectum
3071 2503 3385 2557 assurgere.
3422 2483 3573 2542 velut

1976 2579 2095 2635 sedi
2133 2594 2244 2633 sua:
2271 2580 2411 2634 ﬁxus
2436 2580 2698 2635 haerebat.
2722 2578 2771 2633 ls
2804 2595 2967 2650 porro
3002 2578 3412 2647 elatas-juvenis
3446 2577 3570 2631 aui-

1976 2688 2098 2727 mos
2129 2672 2370 2739 intuens,
2392 2672 2528 2726 nihil
2566 2673 2708 2726 aliud
2736 2673 2837 2727 nisi
2871 2688 3035 2725 unum
3071 2672 3171 2724 hoc
3205 2672 3276 2723 illi
3305 2670 3573 2723 acclama-

1976 2764 2055 2817 vit
2092 2779 2105 2814 :
2143 2763 2187 2818 0
2225 2764 2366 2818 bone
2408 2763 2614 2818 Barda!
2641 2779 2704 2818 ex
2730 2764 2922 2817 alienis
2970 2763 3400 2824 ealatuitatibus,
3450 2774 3573 2816 tuas

1976 2854 2097 2925 ipse
2124 2868 2222 2923 pro
2259 2869 2325 2909 eo
2352 2870 2417 2909 ac
2448 2857 2624 2920 decet,
2657 2855 2801 2910 ferre
2831 2856 3087 2918 noveris;
3122 2869 3298 2922 eoque
3326 2854 3472 2905 dicta
3505 2868 3567 2905 se

1978 2947 2348 3013 trahentibus,
2377 2962 2487 3016 quo
2516 2948 2736 3013 vellent,
2772 2948 2971 3001 ducere
3034 2949 3308 3016 permisit.
3360 2944 3403 2998 0
3448 2960 3572 3012 per-

1976 3040 2402 3109 spicacissimam
2416 3039 2783 3093 sanctissima:
2836 3038 3037 3091 mentis
3062 3037 3420 3091 munditiem?
3452 3050 3574 3105 quae

1981 3127 2143 3196 longe
2168 3141 2351 3183 essent
2375 3145 2543 3198 prope
2566 3130 2972 3193 admoventem,
3011 3146 3075 3185 ac
3109 3130 3287 3183 futura
3332 3145 3572 3197 ρι’ωμειι-

1982 3221 2129 3276 tibus
2175 3230 2616 3276 connectentcm.
2651 3220 2805 3276 llaud
2845 3225 2989 3277 enim
3047 3232 3290 3276 actutum
3318 3223 3571 3289 juvenem

1984 3312 2116 3366 ultio
2148 3313 2353 3383 attigit,
2387 3315 2482 3367 sed
2504 3314 2851 3383 quadriennii
2883 3312 3009 3384 (ι’-9)
3043 3315 3154 3368 fere
3187 3316 3363 3381 spatio
3380 3314 3569 3365 subse-

1985 3415 2113 3458 cuta
2145 3406 2515 3461 calamitatem
2564 3406 2803 3472 invexit;
2832 3423 2993 3476 quam
3027 3410 3071 3460 si
3122 3409 3248 3476 quis
3293 3406 3576 3473 explorate

1983 3513 2148 3553 nosse
2186 3502 2391 3568 cupiat,
2446 3502 2623 3554 virum
2670 3505 2863 3565 adeat;
2913 3500 3215 3569 vidensque
3266 3499 3579 3552 laborantes

1987 3592 2201 3656 oculos,
2233 3596 2468 3657 tristem,
2498 3610 2606 3663 quo
2631 3605 2894 3661 exceptus
2932 3601 3039 3658 est,
3071 3609 3259 3647 casum
3290 3592 3580 3662 palamque

1991 3682 2385 3753 deplorandum
2416 3686 2729 3755 perspiciet.
2756 3683 2958 3741 Verum
3006 3686 3123 3741 hac
3153 3687 3307 3740 satis.

289 3766 377 3821 τοῦ
406 3767 630 3838 ἀνδρὸς.
670 3765 766 3820 καιὶ
799 3765 862 3819 τδ
889 3765 1126 3838 πονηρὸν
1155 3767 1266 3821 τῶν
1303 3768 1483 3839 ὅψεων
1553 3770 1915 3843 ἐποψόμενος,
1955 3778 2056 3849 τὴν
2086 3780 2174 3834 ἐπ’
2203 3780 2355 3852 αὑτῷ
2414 3781 2704 3853 συμϐᾶσαν
2736 3780 3046 3854 τραγῳδίαν
3076 3780 3176 3850 οὐχ
3210 3780 3413 3851 ἣκιστα
3447 3791 3584 3847 τραα

294 3861 627 3933 νωθήσεται.
651 3859 762 3914 Καὶ
788 3859 918 3931 περὶ
947 3860 1052 3951 ¹μὲν
1080 3862 1289 3917 τούτων
1318 3862 1459 3929 ἃλις.

1732 4082 1969 4142 CAPUT
2010 4085 2123 4142 Xil.

711 4267 821 4325 Sub
847 4266 1354 4339 pseudopatriarcha
1404 4265 1820 4321 conciliabulum
1848 4266 2090 4335 impium.
2128 4264 2438 4322 Persecutio
2469 4264 2668 4337 gravis.
2700 4266 2968 4339 Imagines
2993 4287 3182 4327 eram.

367 4455 466 4518 ογ⁹.
505 4448 670 4502 Λέων
710 4446 767 4500 δὲ
806 4444 940 4516 πρὸς
971 4443 1198 4517 ἔρευναν
1240 4442 1411 4495 λύκου
1446 4440 1651 4513 μᾶλλον
1693 4441 1726 4512 ἢ
1771 4456 1893 4494 ποι-

306 4542 460 4622 μένος
485 4538 690 4592 ἑαυτὸν
711 4537 1039 4607 διανίστησι,
1072 4536 1168 4589 καὶ
1196 4532 1386 4588 τοῦτον
1411 4533 1472 4586 οὐ
1506 4531 1676 4585 πολλά
1704 4529 1897 4601 καμὼν

301 4632 691 4698 είσοικίζεται,
728 4628 903 4699 ἄνδρα
936 4628 1199 4698 βιωτικῆς
1266 4626 1545 4697 μερίμνης
1587 4623 1861 4688 ἀπόζοντα
1883 4661 1900 4688 ,

370 4856 439 4930 (ε)
473 4851 1184 4930 Appendix_'l‘heophanis:
1235 4869 1254 4902 ι
1300 4849 1400 4916 Qui
1448 4847 1896 4930 missihiiterant,

302 4918 482 4982 lec‘ti'ta
518 4918 896 4995 patriarcbam
932 4918 1295 4995 abducentes,
1346 4920 1550 4995 medio
1591 4918 1723 4973 Milii
1765 4920 1892 4995 [oro

307 4988 603 5059 steterunt,
635 5003 694 5046 ιιι
722 5008 845 5047 eum
872 4993 1101 5046 militum
1137 4992 1356 5061 quidam
1398 4990 1733 5061 occiderent.
1763 4988 1896 5061 Erat

2075 4439 2169 4494 73.
2196 4439 2307 4496 Leo
2337 4454 2499 4510 porro
2518 4441 2695 4511 potius
2716 4441 2783 4495 ad
2811 4443 3160 4510 quaerendum
3194 4443 3378 4513 lupum
3426 4459 3592 4513 quam

2008 4540 2282 4602 pastorem
2309 4530 2695 4588 inveniendum
2740 4533 3011 4589 adhibens
3038 4535 3279 4590 animum
3311 4537 3386 4607 (It)
3445 4537 3594 4591 facili

2010 4637 2137 4678 eum
2170 4623 2388 4693 negotio
2417 4625 2625 4693 reperit
2656 4624 2870 4679 :virum
2900 4626 3112 4681 scilicet
3140 4628 3269 4684 vitae
3312 4629 3598 4683 saecularis

2079 4848 2158 4919 (Ii)
2198 4847 2256 4904 in
2313 4850 2610 4920 appemlice
2645 4850 2997 4921 TheOphanis
3033 4852 3144 4907 lucc
3172 4853 3294 4907 dein
3334 4856 3401 4907 ab
3431 4855 3603 4919 impee

2006 4929 2192 4991 ratore
2226 4931 2375 4989 gesta
2413 4921 2724 4976 referuntur
2759 4940 2772 4975 :
2818 4942 2838 4974 ι
2881 4924 3036 4977 Mane
3070 4924 3306 4977 comitiis
3362 4926 3557 4978 habilis
3583 4964 3600 4991 ,

2026 4988 2172 5060 titius
2229 4988 2549 5060 perditionis
2585 4993 2650 5046 ad
2696 4995 2949 5060 populum
3003 5008 3312 5047 sermonem
3364 4988 3601 5049 habuit}

307 5082 465 5136 porro
522 5056 793 5134 profunda
838 5056 1307 5136 nox,_souyfoque
1347 5059 1895 5136 cunctis_dcpress_is
1941 5063 1987 5118 D
2021 5056 2264 5136 Videtis,
2293 5059 2545 5136 _fratres,
2596 5072 2654 5114 ut
2696 5056 3027 5136 patriarcha
3080 5064 3306 5136 ecclesia
3345 5066 3602 5136 derelicta

308 5129 483 5192 inultus
525 5129 788 5202 'seipsum
841 5133 1061 5202 movit._
1099 5129 1232 5185 Post
1292 5132 1525 5185 mediam
1576 5129 1773 5202 horam
1839 5132 1892 5183 in

308 5207 473 5269 nullo,
500 5200 738 5273 quorum
776 5211 895 5257 erat
942 5201 1223 5273 molimen,
1251 5203 1619 5273 proﬁcientes,
1659 5200 1905 5273 tulerunt

305 5290 425 5329 eum
460 5269 596 5329 inde
625 5284 677 5327 et
706 5274 759 5325 in
794 5288 976 5326 arcem
1009 5272 1360 5325 abduxerunt
1405 5272 1676 5336 lintreque
1725 5269 1905 5337 impo-

310 5348 467 5398 situm
507 5356 667 5398 trans
695 5346 893 5398 fretum
922 5343 987 5394 ad
1013 5340 1393 5411 Chrysopolim
1430 5340 1725 5411 proiecere.
1765 5357 1784 5389 ι
1843 5338 1905 5392 In

314 5414 429 5468 Vita
462 5416 522 5469 S.
548 5413 756 5468 Nicette
798 5431 812 5467 :
850 5430 869 5464 ι
906 5409 1151 5478 Cumque
1202 5416 1268 5465 ad
1319 5409 1631 5475 At‘rupnlitn
1676 5409 1910 5465 descem

312 5488 497 5549 tlissct,
529 5485 806 5553 navigium
833 5481 1172 5546 cmtscendit,
1197 5492 1249 5534 et
1284 5482 1431 5535 venit
1469 5483 1519 5534 itt
1545 5496 1666 5535 eum
1703 5478 1907 5548 locum,

314 5555 364 5608 i.‘t
395 5571 554 5623 quem
580 5554 734 5607 exsul
762 5553 1140 5623 tltteebatttr._i
1351 5620 1362 5623 _
1497 5621 1507 5623 ῃ
1668 5619 1681 5623 _
1815 5618 1845 5623 __
1920 5561 1931 5572 '

385 5618 501 5695 (f-g)
524 5623 740 5695 Βανά-αι
782 5624 940 5689 hujus
973 5620 1319 5695 molliumcb
1350 5620 1626 5695 illlCl‘iltlltl
1653 5618 1911 5695 describit

318 5689 538 5748 uirium
594 5695 650 5747 itt
686 5693 798 5747 Vita
833 5695 1004 5746 sancti
1049 5689 1319 5744 Theodori
1366 5690 1595 5746 Studin
1624 5691 1765 5759 apud
1802 5689 1903 5744 Ba-

323 5767 524 5818 mnium
565 5767 632 5817 att
658 5781 742 5818 an.
776 5763 901 5828 8'20,
937 5779 1061 5817 nunt
1088 5761 1119 5816 5
1151 5771 1201 5814 et
1232 5776 1384 5830 seqq.

2017 5130 2350 5202 discesserit,
2396 5133 2538 5200 quod
2588 5146 2710 5185 cum
2748 5148 2812 5187 eo
2858 5134 2924 5187 de
2966 5133 3601 5202 imaginibus«fuerimus

2016 5200 2291 5263 collocuti,
2331 5212 2387 5255 et
2418 5203 2832 5267 exposuerimus
2886 5200 3105 5269 propter
3157 5218 3249 5256 eas
3278 5217 3305 5254 a
3336 5204 3604 5257 Gentibus

2015 5285 2115 5343 nos
2147 5270 2327 5341 aﬂligi.
2362 5269 2411 5324 Is
2435 5287 2566 5325 vero
2597 5274 2840 5341 responsi
2865 5272 3089 5343 congrui
3117 5274 3329 5343 penitus
3356 5274 3601 5343 ignarus.

2020 5341 2092 5392 ita
2129 5355 2372 5409 praeceps
2415 5351 2465 5394 et
2499 5342 2653 5395 nobis
2699 5341 2990 5410 neglectis,
3030 5343 3185 5395 abiit.
3228 5342 3404 5395 Alium
3442 5342 3605 5409 igitur

2017 5412 2388 5477 patriarcbam
2434 5411 2641 5464 in~titui
2679 5428 2902 5467 necesse
2936 5422 3038 5465 est.
3076 5410 3153 5464 ita
3188 5414 3446 5466 mentitus
3480 5428 3607 5479 pere

2017 5482 2190 5551 suasit
2218 5481 2411 5551 populo
2433 5483 2713 5535 abdicasse
2734 5498 2793 5535 se
2809 5484 3091 5549 dignitate.
3112 5479 3377 5537 Joannem
3402 5485 3605 5551 quippe

2019 5548 2289 5604 Pancratii
2334 5550 2541 5616 lilium,
2586 5554 2727 5619 quod
2783 5548 2889 5605 sibi
2939 5553 3276 5620 adbzesisset,
3320 5553 3385 5605 ad
3419 5548 3610 5607 ἰμιὶιιεμ

2020 5622 2161 5672 modi
2194 5621 2512 5689 dignitatem
2541 5616 2863 5690 promovere
2888 5622 3164 5687 studebat,
3195 5616 3287 5678 sed
3311 5639 3338 5675 ιι
3367 5616 3618 5690 patriciis

2019 5692 2320 5762 prohibitus
2374 5701 2500 5754 est,
2542 5711 2559 5741 ι
2594 5692 2668 5762 uti
2724 5692 2925 5745 ibidem
2988 5692 3229 5760 pluribus
3284 5694 3482 5762 agitur.
3537 5690 3615 5744 De

2014 5759 2424 5830 Jo.:tiuc,llylila
2456 5777 2549 5815 seu
2580 5760 2947 5818 Grammatico
2972 5765 3118 5819 dieto
3145 5802 3161 5829 ,
3191 5759 3355 5830 supra
3400 5771 3609 5821 actum.
