3978 6432
437 360 542 424 135

1435 357 1491 416 S.
1539 355 1960 418 NICEPHORI
2033 354 2538 414 PATRIARCH.‘E
2574 354 2681 412 CP.

3607 347 3708 414 136

436 484 592 524 curas
622 467 948 522 redolentem
978 465 1038 537 (ἱ)
1071 473 1124 520 et
1147 465 1321 519 securi
1354 466 1569 520 militari
1591 467 1754 522 boum
1778 466 2015 521 voratori

2127 470 2215 522 καὶ
2251 469 2632 539 στρατιωτικῷ
2669 465 2864 518 πέλυκι
2896 462 3250 533 τῷΒουΘοίνᾳ
3282 462 3394 533 (‘27)
3420 463 3706 534 παραϐαλ-

434 560 657 615 llerculi
716 559 1167 628 comparabilem,
1227 559 1327 613 soli
1371 560 1546 612 ventri
1590 559 1888 629 saginando
1943 560 2024 612 in-

432 660 642 705 tentum
678 650 1056 704 etcduliorum
1079 649 1301 703 delicias
1325 657 1767 711 consectantem;
1801 651 2022 718 regendi

433 753 614 796 autem
653 742 850 810 peritia
909 742 1058 795 omni
1109 741 1448 807 destitutum,
1480 757 1575 794 nec
1636 741 1739 795 nisi
1808 743 2023 794 solmcte

437 850 499 889 ac
533 833 783 887 barbarae
827 833 1082 885 dictionis
1143 849 1369 902 gnarum
1401 833 1689 887 artilicem.
1757 831 1932 894 llunc,
1965 840 2023 884 ut

437 941 556 992 quac
582 935 707 976 sunt
765 923 942 976 media
977 925 1138 975 missa
1197 924 1412 987 lat-iam,
1473 926 1631 978 unius
1660 924 1798 977 lucis
1837 923 2023 977 labore

435 1017 719 1082 expoliens
764 1015 1145 1082 erutliensqttc,
1200 1013 1564 1068 sacerdotalis
1617 1016 2023 1083 tremenda'que

437 1109 583 1161 sedis
633 1108 910 1160 constituit
960 1107 1278 1175 pnesidem;
1319 1123 1538 1175 sumque
1595 1107 1764 1176 ipsius
1818 1109 2023 1177 supina:

439 1199 632 1249 animae
672 1197 797 1267 (non
835 1198 978 1250 enim
1006 1198 1209 1250 Christi
1243 1198 1450 1267 ovium)
1494 1199 1762 1252 barbarus
1811 1199 2022 1268 pret-la-

437 1290 606 1342 mavit
637 1299 929 1356 pastorem.
977 1290 1105 1342 lude
1137 1306 1200 1342 ex
1252 1290 1545 1360 episcopis,
1581 1292 1670 1358 qui
1705 1292 1819 1344 sive
1847 1293 2022 1360 pcenis

437 1380 610 1432 adacti
639 1381 752 1432 sive
783 1382 947 1434 etiam
974 1392 1165 1446 sponte
1201 1381 1252 1434 in
1287 1381 1406 1451 ejus
1443 1391 1835 1435 concesserant
1877 1395 2018 1447 vota,

440 1481 603 1540 atque
628 1489 691 1526 ex
732 1475 1082 1528 novatoribus
1109 1475 1463 1550 profanisque
1516 1475 1793 1542 magistris
1834 1491 2024 1544 gracu-

436 1565 609 1618 lorum
639 1567 993 1618 tumultuario
1024 1575 1292 1620 conventu
1336 1567 1592 1627 adamato,
1629 1567 1878 1621 Ecclesia:
1928 1567 2024 1622 ad-

435 1673 652 1710 versum
715 1659 764 1710 itt
840 1657 1078 1711 Ecclesia
1144 1658 1432 1711 concilium
1487 1659 1629 1725 cogit
1661 1659 1768 1729 (j):
1814 1661 1865 1712 in
1917 1674 2022 1728 quo

437 1751 705 1818 quidquid
738 1750 865 1802 olim
903 1751 1092 1802 insano
1123 1749 1302 1802 studio
1329 1758 1644 1803 annotatum
1673 1759 2023 1815 congestum-

2126 559 2385 628 λόμενον,
2419 559 2556 628 πρὸς
2589 558 2758 627 μόνην
2802 555 2900 626 τὴν
2929 556 3175 624 γαστέρα
3213 553 3480 625 βλέποντα
3509 556 3604 608 καὶ
3640 556 3707 609 τὰ

2124 651 2232 703 τῶν
2259 651 2558 719 ζωμαρῐων
2602 647 2863 709 ἐπιεικῶς
2904 645 3327 717 καρυκεύματα,
3369 645 3550 714 πάσης
3586 647 3707 700 ἐπι-

2126 742 2465 812 στημονικῆς
2521 739 2814 808 ἐμπειρίας
2855 737 3174 808 ἀλλότριον,
3211 735 3311 804 τῆς
3357 735 3413 789 δὲ
3463 736 3708 790 σολοίκου

2125 835 2219 887 καὶ
2246 833 2525 904 βαρὸάρου
2558 831 2756 895 λέξεως
2791 831 2885 883 καὶ
2920 829 3038 881 λίαν
3081 827 3449 898 ἐμπείραμον.
3482 826 3706 892 Τοῦτον,

2127 926 2215 979 ἵνα
2246 925 2311 977 τὰ
2365 925 2422 976 ἐν
2471 924 2620 994 μέσῳ
2662 923 2859 992 παρεὶς
2895 919 3109 992 [Sirio],
3155 920 3470 989 αύθήμερον
3504 918 3710 982 πλύνας

2126 1018 2221 1071 καὶ
2255 1016 2513 1080 σοφίσας,
2549 1014 2642 1066 ἐπὶ
2681 1017 2774 1066 τὸν
2822 1012 3098 1082 ἱερατικὸν
3142 1011 3235 1064 καὶ
3265 1009 3494 1080 φρικτὸν
3521 1009 3711 1081 θρόνον

2125 1109 2402 1177 ἐφίστησι,
2443 1107 2539 1160 καὶ
2579 1107 2812 1175 ποιμένα
2856 1107 2953 1173 τῆς
2991 1102 3184 1156 ἑαυτοῦ
3217 1102 3494 1164 λυκώδους
3527 1102 3710 1173 ψυχῆς

2127 1201 2220 1271 (ού
2261 1201 2372 1271 γὰρ
2398 1198 2502 1251 τῶν
2534 1198 2772 1267 Χριστοῦ
2836 1194 3204 1267 Ορεμμάτων)
3238 1196 3266 1247 ὁ
3296 1193 3576 1264 βάρϐαρος
3613 1193 3709 1248 ἁν-

2124 1293 2448 1362 ηγὸρευσεν.
2491 1290 2777 1342 Ἐντεῦθεν
2812 1289 2999 1340 λοιπὸν
3046 1288 3108 1340 ἐκ
3134 1304 3194 1340 τε
3225 1286 3332 1340 τῶν
3376 1284 3709 1338 πεισθέντων

2123 1382 2441 1436 ἐπισκόπων
2477 1382 2534 1445 ἐξ
2567 1378 2842 1448 αίκισμῶν
2899 1377 2931 1446 ἢ
2985 1376 3079 1428 καὶ
3117 1373 3522 1442 ἐκουσιότητος,
3554 1369 3620 1422 ἐκ
3649 1385 3713 1424 τε

2122 1473 2234 1526 τῶν
2257 1472 2692 1543 νεωτεριζόντων
2731 1473 2825 1523 καὶ
2855 1470 3088 1539 ἀνιέρων
3121 1465 3461 1520 διδασκάλων
3495 1479 3708 1532 συμφο-

2128 1565 2296 1635 ρήσας
2322 1561 2588 1631 κολοιῴδη
2617 1562 2728 1632 (28)
2758 1562 2973 1631 λέσχην,
2999 1559 3059 1610 τὸ
3082 1557 3224 1610 κατὰ
3248 1557 3348 1624 τῆς
3381 1552 3708 1624 Ἐκκλησίας

2126 1657 2182 1708 ἐν
2213 1659 2277 1725 τῇ
2321 1655 2622 1724 Ἐκκλησία
2655 1653 2936 1721 συνίστησι
2970 1648 3356 1720 βουλευτήριον
3393 1660 3406 1676 '
3441 1647 3501 1698 ἐν
3602 1644 3708 1696 πᾶ-

2127 1767 2224 1812 σας
2263 1748 2362 1811 τὰς
2397 1745 2897 1818 προμελετηθείσας
2929 1744 3170 1813 ἀνοήτως
3207 1735 3584 1810 παραγραφὰς
3620 1735 3711 1788 καὶ

436 1857 541 1908 que
592 1841 832 1904 fuerant,
889 1842 1157 1904 meditati,
1209 1851 1526 1894 evomcrcnt
1581 1851 1634 1894 et
1677 1842 2015 1894 consarcina-

2128 1838 2436 1910 περικοπὰς
2465 1837 2941 1908 προσεμέσαντες,
2977 1834 3074 1886 καὶ
3107 1831 3204 1901 τὴν
3238 1826 3709 1900 προκαττυθεῖσαν

437 1941 543 1981 tam
573 1930 723 1996 prius
764 1930 814 1982 in
868 1929 1184 1983 Blacheruis
1211 1928 1282 1999 (It)
1329 1929 1670 1983 Constantini
1735 1931 2023 1999 synodum,

433 2022 676 2074 subsidio
730 2033 1098 2084 assumentes,
1156 2021 1296 2075 hanc
1355 2022 1496 2076 illius
1551 2021 2023 2076 ccutirmationem

434 2109 798 2179 appellarunt,
859 2119 1018 2178 atque
1051 2101 1104 2162 id
1137 2124 1400 2176 perquam
1430 2109 1624 2163 merito
1653 2127 1668 2164 :
1704 2125 1824 2163 cum
1875 2111 2021 2164 enim

431 2215 552 2250 eam
587 2215 649 2250 ex
721 2197 946 2250 Patrum
998 2198 1256 2267 sull‘ragio
1302 2215 1463 2254 omne
1527 2203 1691 2256 robur
1743 2203 2022 2267 deﬁceret,

438 2307 636 2358 tit-que,
671 2300 726 2343 ut
788 2292 871 2344 lex
933 2291 1304 2345 ecclesiastica
1365 2301 1541 2356 cavet,
1599 2294 2020 2362 apostolicarurn

434 2385 644 2436 sediuut
697 2384 972 2437 antistites
1033 2384 1168 2437 ullos
1235 2385 1641 2439 consentientes
1689 2387 2020 2452 haberet,“

427 2479 515 2531 sui
573 2478 843 2530 similibus
876 2492 970 2530 sua
1013 2476 1399 2541 confirmabat,
1437 2491 1500 2531 ac
1531 2477 1818 2532 mendacio
1852 2493 2019 2532 cona-

435 2572 593 2623 batur
629 2569 846 2622 veritati
906 2571 1206 2636 imponere.
1237 2567 1332 2623 His
1365 2569 1538 2638 prima
1575 2570 1881 2638 pestilentis
1907 2585 2020 2625 sua:

434 2661 695 2715 sessionis
754 2660 842 2714 die
877 2661 1126 2723 saneitis,
1167 2671 1474 2716 conventus
1524 2661 1738 2716 solutus
1772 2670 1871 2716 est.
1917 2661 2018 2716 Se-

425 2751 621 2819 quenti
685 2758 863 2804 autem
917 2751 969 2802 in
1044 2766 1209 2803 unum
1274 2750 1630 2814 confluentes,
1683 2761 2018 2822 occeperunt

433 2839 568 2893 l‘alsa
597 2843 846 2910 dogmata
875 2856 970 2894 sua
1003 2855 1300 2909 exponere,
1323 2857 1442 2910 qum
1469 2843 1632 2896 etiam
1689 2844 1865 2912 palam
1891 2859 2016 2912 pro-

431 2932 688 2985 diderunt
718 2931 982 2984 saevitiam
1044 2932 1342 3000 pra-fracta:
1400 2948 1512 2988 sure
1549 2935 1784 2987 malitiae.
1823 2933 2016 2998 Qumso

432 3033 647 3096 autem,
711 3022 1054 3076 crudelitatis
1085 3036 1269 3076 eorum
1302 3023 1684 3077 enormitatem
1725 3025 2010 3078 attendite.

501 3138 592 3192 74.
626 3138 758 3192 Cum
809 3147 966 3191 recta:
995 3135 1356 3190 confessionis
1405 3137 1692 3205 episcopos
1743 3138 2008 3205 quosdam
2039 3167 2084 3226 ρ

433 3231 803 3300 delegissent,
861 3243 999 3297 quos
1053 3245 1080 3280 a
1146 3230 1319 3297 prima
1380 3229 1564 3282 statim
1625 3231 2012 3298 congressione

429 3323 712 3375 subactum
749 3321 812 3372 iri
862 3318 1275 3380 existimabant,
1319 3319 1494 3372 sacris
1530 3318 1742 3372 illorum
1771 3321 2014 3374 vestibus

432 3413 486 3465 in
521 3412 758 3465 minutos
811 3425 1015 3479 pannos
1052 3410 1482 3471 conscissis,cos
1510 3425 1610 3478 pro
1653 3409 1876 3476 majoris
1923 3425 2018 3466 ec-

433 3507 615 3562 clesia:
667 3507 877 3560 foribus
927 3516 1125 3572 tentos,
1169 3507 1316 3560 velut
1377 3507 1588 3560 vinctos
1633 3515 1782 3559 stare
1823 3505 2018 3574 praeci-

432 3601 613 3667 piunt,
643 3600 920 3668 multaque
941 3601 1006 3652 ad
1032 3615 1124 3654 eos
1154 3600 1408 3668 imperite
1426 3599 1735 3668 loquentes,
1763 3613 1825 3651 ac
1856 3611 2016 3652 rana-

434 3707 555 3744 rum
583 3706 730 3744 more
767 3692 898 3745 nihil
933 3691 1263 3746 cohazrentia
1300 3701 1461 3760 atque
1496 3692 1752 3745 distincta
1814 3689 2011 3744 tumul-

431 3784 614 3837 tuarie
647 3784 974 3849 ell‘utieutes,
1004 3800 1098 3853 per
1130 3785 1366 3839 medium
1398 3799 1496 3839 eos
1527 3800 1842 3843 consessum
1872 3782 2014 3838 trahi

418 3875 640 3944 jubent.
670 3875 762 3930 llis
794 3892 922 3930 vero
941 3878 1004 3931 ad
1038 3877 1293 3944 nequitiae
1339 3878 1599 3946 praesides
1648 3879 1870 3947 proiiius
1922 3892 2016 3930 ac-

433 3968 747 4022 cedentibus
778 3967 1016 4023 elamore
1045 3969 1256 4022 sublato
1318 3970 1590 4037 imperant
1644 3972 1871 4038 gradum
1911 3970 2018 4024 sis-

429 4068 570 4122 tere,
600 4071 992 4128 perspectaque
1019 4060 1071 4113 in
1109 4060 1174 4113 iis
1208 4055 1486 4114 oliﬁrtiiati
1516 4061 1681 4113 animi
1747 4071 2012 4114 constan-

419 4147 719 4215 .tia,quatn
766 4149 910 4203 nulla
962 4149 1285 4217 injuriarum
1333 4151 1415 4205 vis
1472 4161 1658 4219 posset
1707 4151 2014 4206 convellere

419 4240 611 4308 .(duris
642 4240 784 4294 enim
821 4241 1008 4310 petris,
1054 4241 1270 4312 altaque
1306 4243 1489 4297 radice
1534 4242 1655 4298 lixis
1705 4243 2013 4313 quercubus

2129 1930 2188 1981 ἐν
2247 1928 2582 1998 Βλαχέρναις
2646 1924 3067 1978 Κωνσταντίνου
3140 1921 3362 1974 σύνοδον
3420 1916 3710 1986 ἐπίκουρον

2127 2019 2339 2090 ἔχοντες
2359 2056 2374 2081 ,
2407 2014 2818 2086 ἐπικυρωτικὴν
2871 2012 3076 2083 ταύτην
3125 2010 3342 2080 ἐκείνης
3369 2007 3669 2076 ὠνόμασαν
3693 2045 3706 2069 ,

2125 2115 2222 2166 καὶ
2249 2113 2370 2166 λίαν
2418 2113 2665 2174 εἰκότως.
2701 2111 2796 2164 Ἐκ
2833 2109 2942 2180 γὰρ
2978 2106 3262 2177 Πατρικῆς
3294 2103 3632 2174 συνηγορίας
3650 2100 3709 2154 τὸ

2125 2204 2293 2275 κῦρος
2356 2205 2456 2256 οὐκ
2507 2203 2772 2274 ἔχουσαν,
2807 2201 2934 2256 οὔτε
2978 2203 3036 2268 ἐξ
3085 2197 3464 2255 άποστολικῶν
3500 2195 3708 2264 θρόνων

2125 2295 2434 2366 συνέδρους,
2461 2295 2536 2357 ὡς
2570 2295 2733 2365 νόμος
2775 2295 2922 2347 ἐστὶν
2954 2290 3426 2364 ὲκκλησιαστικὸς,
3469 2286 3707 2358 εὐπορή·

2125 2403 2318 2449 σασαν,
2353 2387 2419 2440 ἐκ
2452 2387 2509 2439 δὲ
2538 2387 2647 2439 τῶν
2685 2375 3054 2456 όμοίων¹αύτῇ
3092 2384 3162 2438 τά
3193 2383 3393 2452 ἑαυτῆς
3429 2382 3705 2449 ἐπικυροί,

2123 2479 2217 2532 καὶ
2260 2477 2339 2548 τῷ
2381 2477 2571 2548 ψεύδει
2618 2480 2878 2550 πειρᾶται
2932 2473 3398 2546 παραλογίζεσθαι
3439 2473 3543 2542 τὴν
3581 2471 3708 2541 ἀλήο

2123 2568 2296 2623 θειαν.
2317 2569 2505 2624 Ταῦτα
2536 2573 2602 2642 τῇ
2647 2571 2840 2642 πρώτῃ
2877 2571 2978 2640 τῆς
3027 2567 3309 2639 λυμὼδους
3351 2563 3537 2621 αὐτῶν
3574 2565 3702 2617 καθ·

2122 2659 2284 2730 έδρας
2360 2661 2547 2732 ἡμέρᾳ
2601 2662 2960 2724 θεσπίσαντες
3008 2659 3312 2714 διελύοντο·
3360 2659 3426 2728 τῇ
3456 2655 3515 2709 δὲ
3573 2651 3708 2725 μετὰ

2118 2750 2326 2821 ταύτην
2353 2752 2444 2803 ἐπὶ
2470 2751 2531 2803 τὸ
2563 2751 2696 2804 αὐτὸ
2722 2751 3038 2823 συνέρρεον,
3080 2750 3176 2803 καὶ
3202 2746 3312 2802 τῶν
3341 2746 3438 2800 τοῦ
3473 2743 3706 2816 ψεύδους

2117 2843 2409 2913 δογμάτων
2440 2845 2776 2914 ἀπήρχοντο,
2807 2845 2863 2898 ἐν
2952 2843 3048 2897 καὶ
3074 2843 3137 2895 τὸ
3165 2841 3375 2913 ἀπηνὲς
3401 2839 3503 2910 τῆς
3529 2834 3707 2892 αὐτῶν

2117 2937 2458 3008 άτεράμονος
2491 2937 2796 3008 κακότητος
2829 2939 3210 2993 διεδείκνυντο.

2177 3141 2278 3195 -οδ’.
2305 3141 2417 3194 Καὶ
2439 3142 2602 3212 ὁρᾶτε
2624 3141 2722 3213 τὴν
2749 3142 3058 3214 ὑπερϐολὴν
3082 3143 3182 3212 τῆς
3208 3143 3518 3216 ὠμότητος.
3547 3147 3708 3202 Ἀπο·

2118 3230 2408 3303 λεξάμενοι
2443 3232 2554 3286 τῶν
2585 3233 2685 3303 τῆς
2715 3234 2884 3305 ὀρθῆς
2915 3235 3210 3305 ὁμολογίας
3267 3237 3592 3292 ἐπισκόπων
3633 3256 3714 3292 τι·-

2121 3325 2259 3390 νὰς,
2318 3323 2412 3388 οὒς
2463 3324 2734 3391 ἐτόπαζον
2789 3327 2894 3380 ὑπὸ
2936 3330 3127 3398 χεῖρας
3169 3328 3318 3398 σφῶν
3368 3332 3432 3383 ἐκ
3487 3331 3709 3402 πρώτης

2124 3415 2386 3484 ἐπιὸολῆς
2439 3416 2627 3484 ἄγειν,
2682 3412 2803 3470 εἶτα
2839 3419 2938 3482 τὰς
2972 3419 3124 3490 ἱερὰς
3172 3421 3494 3490 ἀμπεχόνας
3528 3421 3711 3476 αὐτῶν

2127 3507 2209 3569 είς
2240 3507 2407 3576 ράκια
2441 3507 2615 3578 μικρὰ
2645 3507 3098 3580 περιρρήξαντες,
3134 3510 3241 3582 πρὸ
3262 3511 3369 3564 τῶν
3399 3512 3590 3566 πυλῶν
3617 3511 3708 3568 τοῦ

2129 3597 2388 3669 μεγίστου
2435 3598 2541 3651 νεὼ
2577 3601 2976 3671 κατεχομένους
3021 3602 3098 3664 ὡς
3145 3601 3435 3671 δεσμώτας
3485 3605 3708 3660 ἑστάναι

2125 3689 2529 3762 προσέταττον,
2567 3693 2661 3745 καὶ
2689 3693 2755 3764 δὴ
2787 3693 2957 3747 πολλὰ
2983 3695 3106 3746 κατ’
3130 3694 3311 3748 αὐτῶν
3346 3695 3710 3768 βατταρίσαν-

2121 3799 2246 3846 τες,
2291 3783 2387 3836 καὶ
2437 3782 2728 3855 βατράχων
2773 3783 2929 3857 δίκην
2971 3785 3264 3856 ἀσύμϐατα
3313 3787 3408 3840 καὶ
3458 3787 3708 3862 ἄναρθρα

2122 3875 2548 3946 Θορυὸήσαντες,
2579 3877 2670 3930 διὰ
2696 3878 2867 3949 μέσης
2889 3879 2986 3948 τῆς
3015 3879 3223 3934 ἑαυτῶν
3241 3880 3511 3951 καθέδρας
3537 3899 3707 3953 προσ-

2120 3969 2408 4022 τάττουσιν
2433 3967 2710 4024 ἓλκεσθαι.
2752 3969 2841 4022 Ἑν
2866 3961 2911 4036 ᾧ
2951 3969 3006 4023 δὲ
3033 3974 3147 4033 τοῖς
3189 3969 3288 4038 τῆς
3315 3971 3515 4033 κακίας
3544 3971 3708 4041 ἐξάρ-

2121 4075 2240 4128 χοις
2273 4060 2679 4128 προσήγγιζον,
2719 4063 2910 4130 στῆναι
2940 4061 3030 4115 διά
3063 4061 3192 4132 βοῆς
3229 4061 3571 4116 ἐπεκέλευον.
3621 4063 3706 4124 Ὠς

2120 4149 2176 4202 δὲ
2207 4149 2266 4201 τὸ
2322 4149 2532 4220 ἑδραῖον
2581 4151 2761 4203 αὐτῶν
2799 4153 2935 4222 πρὸς
2969 4154 3068 4216 τὰς
3112 4154 3378 4225 ἐπηρείας
3414 4155 3706 4208 ἀτίνακτον

2122 4241 2350 4296 ἔύλεπον
2381 4242 2399 4313 (
2419 4243 2647 4314 πέτραις
2677 4245 2785 4317 γὰρ
2818 4247 3072 4318 στερραῖς
3106 4248 3137 4317 ἦ
3171 4247 3325 4319 δρυσὶ
3357 4247 3703 4319 βαθυρρίζοις

1005 4515 1338 4608 I(Passi-terant}?
1405 4515 2012 4608 Leplni‘Grlamma‘tico,
2049 4525 2094 4580 D
2130 4523 2295 4608 lebat.
2340 4523 2628 4608 ibinrisus',
2672 4526 2856 4608 lusus,
2900 4525 3091 4591 Iuctaz,
3148 4525 3474 4608 turpiloquia
3512 4526 3699 4582 haberi
3745 4553 3751 4557 -

426 4582 1128 4660 astuauctorinAppendieis
1167 4601 1179 4636 :
1217 4605 1235 4638 ι
1269 4587 1433 4660 ﬁlium
1481 4587 1762 4660 Michaelis
1802 4582 2011 4660 patricii

428 4651 713 4715 Melissini,
745 4650 1084 4707 Constantini
1118 4657 1460 4721 imperatoris
1508 4658 1771 4711 Caballiui
1802 4650 1875 4714 ob
1905 4673 2014 4714 ter-

435 4721 703 4796 tiatttcjus
730 4737 948 4796 uxorem
983 4724 1344 4796 leviri.|stnm
1381 4725 1716 4780 Theodotum
1745 4729 2012 4796 Spatharo

430 4790 813 4853 candidatum,
853 4795 1087 4859 opinatis
1126 4795 1241 4859 ejus
1284 4797 1736 4859 consentientem,
1775 4790 2008 4855 maritali

427 4860 744 4938 nuptiarum
797 4875 997 4915 corona
1050 4873 1312 4938 notaAtu‘tu,
1376 4867 1583 4918 tonderi
1631 4867 1792 4932 jussit
1828 4882 1882 4922 et
1917 4886 2014 4938 pa-

433 4927 729 5008 '_"‘mrcba_'u
752 4935 1107 5008 consecrari-
1149 4932 1550 5008 Cel‘.‘"l"'"l.es'
1581 4927 1854 5008 ⁰ί⁴³ί¹¹²¹¹ί⁰
1889 4927 2008 5008 eius

422 4999 720 5074 1’ascha1is
750 4999 1053 5074 festojergo
1071 5003 1198 5074 ipsis
1222 5001 1478 5056 Kalendis
1507 5007 1722 5073 Aprilis)
1748 4999 2000 5074 howiriis,

426 5070 674 5137 inquam.
705 5070 818 5147 qui_
839 5071 971 5124 nihil
1031 5073 1314 5147 spirituale
1349 5070 1590 5147 calleret.
1637 5078 1782 5130 nulla
1815 5070 2003 5147 Scrin

420 5149 565 5218 aurae
607 5149 762 5207 parte
797 5139 934 5218 foret
963 5139 1233 5218 eruditus,
1268 5143 1369 5195 nisi
1393 5141 1537 5199 forte
1566 5147 1838 5200 levissima
1866 5165 1882 5202 :
1909 5139 2003 5218 q'ui

425 5209 629 5264 nullam
655 5224 780 5285 erga
812 5208 977 5262 Deum
998 5213 1251 5278 pietatem
1277 5222 1595 5285 ostentaret.
1631 5226 1838 5269 tantum
1862 5208 2006 5285 qu'od

429 5281 845 5332 mansuetudine
879 5293 1246 5355 praestaretel
1279 5283 1450 5338 bonus
1493 5286 1800 5341 hominibus
1835 5281 2004 5355 appa-

430 5360 576 5402 reret
597 5353 1100 5426 commendabatur.
1129 5352 1225 5406 llic
1249 5368 1368 5406 cum
1385 5355 1806 5426 patriarchalem
1831 5352 2005 5426 digni-

430 5427 604 5494 lateor
653 5419 949 5494 subiisset,
1008 5422 1224 5490 opipara
1293 5419 1600 5494 meridiana
1661 5419 2002 5494 serotiua'que

425 5486 690 5540 carnibus
721 5492 982 5556 appositis
1017 5486 1182 5559 ehipit
1220 5493 1424 5560 agitare
1450 5495 1720 5559 convivia,
1749 5486 2003 5551 clericos-

424 5572 536 5623 que
567 5572 628 5631 ac
657 5561 951 5613 monachos
980 5577 1077 5615 nec
1114 5576 1218 5614 non
1249 5565 1554 5630 episcopos,
1581 5566 1801 5631 juvenili
1843 5577 2003 5620 aetate

421 5627 673 5704 carnium
705 5643 807 5704 ‘esu
847 5630 1200 5694 abstinentes,
1237 5627 1620 5704 continentiam
1655 5642 1999 5704 abrumpere,

425 5706 487 5772 et
509 5699 575 5749 ad
611 5697 898 5772 ingluriem
930 5704 1213 5772 comedere
1238 5702 1494 5770 compulit
1529 5720 1542 5756 :
1573 5715 1625 5758 et
1650 5708 1735 5760 ubi
1766 5697 1995 5772 primum

423 5766 602 5836 pictas
626 5767 887 5838 plurima,
929 5771 1204 5838 honestas,
1243 5766 1566 5826 continentia
1600 5786 1650 5828 et
1679 5766 1846 5830 virtus
1880 5778 1992 5830 eni-

2121 4593 2326 4666 absque
2366 4596 2690 4666 disciplina:
2740 4598 3118 4666 cujuscunque
3163 4593 3293 4665 jugo
3367 4593 3622 4653 iridisses.
3677 4616 3697 4649 ι

2118 4662 2326 4716 Similia
2363 4665 2616 4729 leguntur
2651 4666 2704 4718 in
2739 4662 2856 4722 Vita
2889 4668 2946 4720 ε.
2981 4662 3204 4720 Νῐιιθιαξ.

2188 4733 2254 4803 {j)
2287 4731 2382 4787 Est
2435 4734 2538 4788 hoc
2571 4737 2988 4790 conciliabulum
3047 4738 3205 4790 tomis
3235 4735 3600 4790 Conciliorum
3629 4737 3702 4790 iu-

2116 4816 2342 4868 sertum,
2378 4805 2470 4857 sed
2504 4805 2572 4857 ad
2617 4820 2814 4860 annum
2847 4805 2972 4871 814,
3006 4822 3128 4861 cum
3166 4805 3406 4860 habitum
3448 4806 3520 4861 sit
3557 4821 3699 4862 anno

2115 4872 2242 4936 8l5,
2283 4889 2467 4927 mense
2490 4875 2684 4941 Aprili.

2189 4941 2262 5012 ('k)
2298 4941 2351 4996 In
2379 4945 2566 4997 eadem
2617 4945 2929 5014 Appendice
2964 4963 2985 4998 ο
3030 4945 3307 5014 Legerunt
3337 4955 3544 5000 tomum
3583 4945 3700 5000 edi.

2117 5019 2231 5065 tum
2275 5027 2316 5086 7a
2353 5014 2730 5086 defensoribus
2762 5016 3176 5086 pseudosynodi,
3214 5024 3268 5070 et
3299 5021 3578 5086 «leg-etum
3620 5029 3696 5070 νη

2115 5082 2306 5151 synodi
2345 5085 2411 5135 ad
2443 5081 2779 5138 Blacheruas
2834 5081 3182 5139 vocaverunt.
3229 5105 3249 5138 ι
3278 5086 3336 5140 S.
3364 5083 3694 5139 Theodorus

2115 5149 2327 5204 Studita
2361 5153 2452 5206 lih.
2480 5167 2540 5214 tt,
2574 5169 2659 5221 ep.
2688 5154 2754 5210 1‘5
2775 5157 2840 5207 ad
2857 5154 3235 5210 ‘Patriarcham
3271 5156 3692 5210 Antiochenam:

2120 5238 2138 5272 I
2188 5221 2459 5296 Synodus,
2493 5223 2688 5290 inquit,
2721 5223 2863 5279 facta
2891 5236 3251 5296 estgteterein
3296 5227 3439 5279 illam
3470 5227 3694 5296 impiam

2115 5293 2470 5357 coulirmans,
2495 5303 2546 5345 et
2573 5298 2953 5360 orthodoxam,
2996 5295 3272 5350 Nicamatn
3297 5297 3530 5360 scilicet,
3553 5293 3691 5348 'anaa

2118 5361 2358 5414 themate
2385 5364 2670 5417 damnans.
2717 5383 2736 5415 ι

2181 5429 2618 5507 (27).Βουθ·οίνας
2649 5450 2744 5488 seu
2790 5434 3078 5507 Βουθοίνης
3141 5435 3346 5490 Graecis
3381 5436 3564 5507 dictus
3605 5440 3694 5486 est.

2109 5499 2373 5577 Hercules
2405 5505 2549 5570 quod
2602 5506 2807 5570 boves,
2856 5499 3096 5577 intcgros
3119 5522 3226 5560 uno
3274 5505 3432 5576 epulo
3475 5507 3691 5559 absum-

2107 5573 2282 5638 psisse
2312 5573 2628 5640 ﬁngeretur.

2175 5640 2286 5714 (28)
2317 5640 2540 5697 Videtur
2556 5645 2868 5714 adelymou
2903 5645 3135 5700 nominis
3168 5647 3394 5712 κολοιός,
3418 5645 3687 5714 graculus,

2101 5711 2287 5774 alludi,
2321 5713 2462 5779 quod
2508 5730 2536 5765 a
2571 5711 2817 5768 κολεύειν
2882 5717 3257 5771 tumultuando
3293 5711 3511 5771 ductum
3559 5729 3686 5770 ceu-

2100 5784 2199 5834 sui:
2239 5782 2430 5838 (Lirhus
2472 5781 2842 5855 Rhodiginus,
2883 5787 2972 5840 lib.
3011 5803 3128 5850 xm,
3164 5805 3279 5858 sap.
3315 5788 3369 5844 4.
