3978 6462
267 394 359 459 137

1759 388 1959 447 VITA.

3403 392 3506 456 138

264 499 526 575 ἐῴκεσαν)
571 497 800 552 τοιαῦτα
835 496 973 567 πρὸς
1012 496 1214 559 αὐτοὺς
1257 494 1602 549 άπεδούπουν
1638 497 1828 564 νηπιό-

1952 493 2137 548 ιῑηιίιεε
2171 494 2492 563 enitebant),
2524 494 2898 566 hujuscemodi
2926 501 3222 571 puerilibus
3250 513 3304 557 et
3336 506 3504 558 rutili-

263 597 419 648 λεκτα
454 591 544 644 καὶ
597 588 887 655 ὑπόσαθρα
927 581 1173 658 ῥήματα·
1213 588 1358 650 ’Έως
1396 587 1541 650 τίνος
1573 585 1826 656 ἀπειθείᾳ

265 686 474 746 ἑαυτοὺς
517 681 891 752 ἐπερείδοντες
937 679 1077 749 πρὸς
1124 679 1185 732 τὸ
1224 678 1324 748 τῆς
1371 675 1631 746 ἀληθείας
1661 676 1829 731 καλὸν

263 772 532 841 διαϐλέψαι
569 770 910 834 ἀπείπασθε,
956 771 1049 822 καὶ
1089 768 1152 821 τὸ
1185 767 1279 820 τοῦ
1324 767 1486 838 ὀρθοῦ
1525 767 1685 834 λόγου
1731 784 1829 837 με-

263 865 514 937 ταμαθεῖν
549 863 851 932 σεϐάσμιον
909 859 1325 926 ἀπαναίνεσθε;
1371 857 1487 911 Νῦν
1518 855 1640 922 οὖν,
1689 859 1743 910 εί
1774 875 1826 911 τι

265 958 502 1028 λείψανον
518 953 954 1025 σκληροκαρδίας
985 953 1272 1024 πρόσεστιν
1310 952 1461 1021 ὑμῖν,
1486 949 1828 1022 ἀπορρίψαν-

264 1068 378 1114 τες,
414 1047 640 1118 πρόσιτε
676 1048 809 1115 ἡμῖν
844 1045 940 1130 κα).
967 1047 1034 1115 τῇ
1075 1041 1199 1096 καθ’
1238 1043 1388 1112 ἡμᾶς
1428 1043 1550 1112 ἱερᾷ
1585 1042 1825 1110 συνόδῳ·

265 1143 350 1196 καὶ
395 1141 492 1208 τῆς
533 1137 809 1208 καθέδρας
847 1137 943 1189 καὶ
981 1135 1138 1200 ἀξίας
1183 1133 1338 1204 ὑμῶν
1375 1133 1450 1204 μὴ
1493 1132 1721 1202 πρόδοτε
1760 1133 1826 1185 δι’

266 1231 515 1302 ἑλαφρίαν
550 1229 644 1283 καὶ
667 1229 781 1299 ἔριν
815 1229 874 1281 τὸ
905 1227 1135 1281 δίκαιον.

326 1331 412 1377 os’.
455 1322 521 1375 Οί
561 1321 619 1374 δὲ
649 1319 1004 1389 κατακρίτων
1032 1319 1198 1372 τόπον
1229 1318 1539 1388 ἐπέχοντες,
1585 1315 1680 1370 καὶ
1725 1317 1831 1370 ὑπὸ

265 1416 354 1484 τῆς
383 1412 603 1467 πάντων
639 1411 887 1482 γλώττης
918 1410 1259 1481 βλασφήμως
1291 1407 1632 1477 βαλλόμενοι,
1681 1407 1830 1476 ὅμως

265 1510 304 1563 δ’
331 1505 420 1564 οὖν
445 1507 632 1560 πᾶσαν
697 1503 1044 1576 ὑπεριδόντες
1075 1500 1263 1554 αἰκίαν
1312 1500 1407 1554 καὶ
1433 1499 1705 1562 κάκωσιν,
1728 1492 1831 1552 ὧδέ

269 1620 376 1664 πως
423 1600 564 1669 πρὸς
589 1598 788 1660 αὐτοὺς
821 1594 1268 1664 ἀπεφθέγγοντο*
1316 1593 1392 1646 Τὸ
1441 1592 1538 1662 μὲν
1573 1593 1656 1655 εἰς
1689 1592 1832 1661 ὑμᾶς

269 1691 412 1764 ἡμῶν
441 1688 669 1751 ἀπειθὲς
715 1684 916 1756 πολλὴν
948 1684 1085 1767 πρδς
1132 1682 1231 1753 τὴν
1265 1681 1526 1751 ἀλήθειαν
1555 1679 1832 1744 ἀποσώζει

271 1783 604 1839 εὐπείθειαν·
650 1779 713 1834 τὸ
748 1777 859 1857 γάρ
907 1777 1038 1848 ὑμῖν
1085 1774 1395 1839 πείθεσθαι,
1427 1773 1526 1844 τῆς
1575 1772 1834 1842 ἀληθείας

1934 587 2035 642 bus
2059 585 2240 640 verbis
2269 600 2364 640 eos
2395 589 2790 656 aggrediuntur
2823 610 2837 646 :
2875 591 3125 658 Quandiu
3174 609 3271 649 vos
3323 597 3510 651 inobe-

1933 676 2134 731 dientia
2165 678 2423 746 nitentes,
2454 681 2704 743 veritatis
2760 683 2960 738 bonum
3006 685 3232 741 renuitis
3256 702 3506 744 cernere.

1935 769 2178 836 rectique
2254 771 2526 827 sermonis
2588 774 2927 830 boneStatem
3000 779 3265 832 recusatis
3314 783 3512 835 nosse?

1937 856 2089 912 Nunc
2112 873 2268 927 ergo,
2297 860 2509 929 abjecta
2533 863 2734 918 duritia
2763 867 2968 931 cordis,
3003 869 3073 921 ad
3109 883 3206 923 nos
3233 881 3512 925 sanctam-

1934 961 2038 1015 que
2067 958 2311 1004 nostram
2335 967 2391 1021 sy
2405 953 2603 1008 nodum
2618 958 2867 1025 propensi
2901 959 3164 1023 accedite,
3197 976 3293 1014 nec
3315 971 3512 1016 vestrae

1935 1039 2080 1094 sedis
2099 1055 2164 1095 ac
2189 1040 2476 1111 dignitatis
2498 1043 2590 1110 jus
2615 1048 2780 1101 animi
2813 1048 3033 1104 levitate
3054 1058 3110 1103 et
3136 1055 3512 1106 contentionis

1936 1129 2121 1186 studio
2151 1133 2385 1200 prodite.

2013 1305 2099 1362 75.
2125 1309 2223 1363 Ast
2268 1307 2362 1375 illi,
2396 1325 2708 1381 quanquam
2734 1328 2952 1370 reorum
3011 1317 3130 1373 loco
3178 1320 3518 1376 habebantur

1937 1400 2288 1470 omniumque
2345 1404 2398 1456 in
2449 1418 2510 1459 se
2536 1405 2926 1462 oblatrantium
2969 1409 3374 1479 impetebantur
3409 1431 3520 1468 ma-

1939 1492 2170 1558 ledictis,
2195 1496 2344 1549 omni
2397 1505 2577 1553 tamen
2617 1499 2908 1556 vexatione
2963 1503 3273 1574 injuriaque
3309 1519 3516 1575 spreta.

1939 1585 2013 1640 ita
2045 1589 2433 1656 pr0pemodum
2487 1592 2928 1660 responderunt:
2985 1594 3041 1649 In
3071 1609 3139 1650 eo
3167 1599 3309 1665 quod
3367 1602 3521 1653 vobis

1941 1679 2322 1735 inobedientes
2355 1681 2549 1748 simus,
2592 1699 2922 1754 propensum
2969 1687 3212 1741 animum
3274 1701 3520 1746 nostrum

1940 1769 2245 1826 luculenter
2299 1783 2672 1831 monstramus
2715 1775 2782 1830 ad
2839 1777 3204 1834 obediendum
3266 1784 3517 1850 veritati;

269 1877 403 1946 ἡμᾶς
431 1874 623 1945 πόρρω
645 1869 956 1942 καθίστησι,
990 1868 1084 1920 καὶ
1102 1866 1393 1934 ,ἀλλοτριοῖ
1415 1864 1512 1933 τῆς
1542 1865 1680 1934 πρὸς
1703 1862 1836 1917 Θεὸν

1952 1861 2089 1917 vobis
2112 1863 2261 1918 enim
2311 1867 2532 1936 obsequi
2560 1866 2701 1920 idem
2725 1877 2810 1922 est
2849 1872 2995 1938 quod
3035 1871 3194 1941 longe
3219 1889 3248 1927 a
3283 1875 3516 1929 veritate

272 1965 606 2027 οίκειὼσεως.
646 1962 721 2016 Τὸ
759 1961 817 2014 δέ
853 1977 918 2026 γε
962 1961 1058 2013 καὶ
1092 1961 1159 2029 τῇ
1195 1959 1315 2011 καθ’
1349 1959 1494 2026 ὑμᾶς
1529 1955 1733 2024 συνόδῳ
1759 1955 1838 2007 τί-

277 2057 462 2118 θεσθαι,
494 2053 780 2120 ἀσυνθέτῳ
813 2049 1049 2121 μενούσῃ
1085 2048 1214 2118 περὶ
1235 2049 1334 2116 τὴν
1362 2047 1472 2101 τῶν
1505 2047 1678 2115 ἁγίων
1711 2063 1836 2098 συν-ο

280 2149 398 2202 όδων
418 2144 758 2216 ἀκρίϐειαν..
784 2142 882 2196 καὶ
911 2143 1011 2211 τὴν
1045 2141 1208 2208 ἁγίαν
1241 2139 1427 2192 εἰκόνα
1469 2138 1708 2209 Χριστοῦ
1740 2137 1836 2190 καὶ

283 2241 379 2293 τῶν
426 2237 586 2306 ἁγίων
634 2235 802 2290 αὐτοῦ
834 2232 1268 2302 καθυϐριζούσῃ,
1310 2231 1510 2300 καὶτῷ
1533 2231 1840 2303 ἀναθέματι

283 2337 385 2398 τοῖς
421 2332 593 2396 ποσῶς
649 2327 1086 2402 προσανέχουσιν
1145 2327 1284 2397 αὐτῇ
1343 2325 1835 2396 παραπεμπούσῃ,

278 2429 555 2498 ἀπείρηται
585 2428 722 2496 ἡμῖν
749 2425 845 2478 καὶ
879 2425 994 2485 τοῖς
1021 2423 1138 2474 ὅσοι
1169 2421 1240 2473 τὰ
1280 2420 1404 2472 καθ’
1433 2421 1582 2489 ἡμᾶς
1617 2417 1841 2489 φρονοῦ-

276 2536 352 2574 σιν
390 2519 420 2590 ἢ
457 2519 895 2588 πεφρονῄκασιν.
943 2513 1135 2582 Ἡμεῖς
1186 2512 1293 2580 γὰρ
1332 2510 1444 2571 τοῖς
1482 2508 1840 2578 ἀμεταθέτοις

272 2613 358 2666 καὶ
389 2610 606 2672 ἀσύλοις
637 2609 786 2678 ὅροις
827 2604 934 2657 τῶν
984 2602 1292 2656 καθολικῶν
1353 2600 1589 2654 συνόδων
1643 2601 1844 2652 ἐπακο-

269 2701 577 2762 λουθοῦντες
597 2739 613 2763 ,
649 2699 746 2752 καὶ
770 2698 894 2759 ταῖς
927 2696 1101 2765 ἱεραῖς
1129 2694 1238 2748 τῶν
1275 2692 1553 2760 θεοφόρων
1583 2690 1842 2760 Πατέρων

267 2795 561 2866 προτάσεσί
605 2809 665 2845 τε
697 2791 792 2845 καὶ
824 2787 1259 2858 συμπεράσμασι
1304 2783 1707 2855 βεϐαιούμενοι,
1740 2785 1841 2848 τὰς

265 2888 457 2950 σεπτάς
486 2886 714 2947 εἰκόνας
747 2879 1130 2951 ἀποδεχόμεθα
1176 2880 1270 2932 καὶ
1320 2876 1712 2946 ἀσπαζόμεθα,
1748 2877 1843 2930 καὶ

262 2980 380 3042 τοὺς
424 2977 499 3048 μὴ
551 2973 725 3038 οὕτως
759 2971 984 3042 ἔχοντας
1016 2971 1128 3032 τοῖς
1175 2966 1480 3035 ἀναθέμασι
1532 2967 1836 3037 βάλλομενο

261 3073 378 3134 τοὺς
407 3071 464 3125 δὲ
492 3069 600 3137 τῆς
629 3066 904 3135 ὑμετέρας
938 3063 1252 3132 συμμορίας
1283 3061 1441 3129 ὅρους
1473 3077 1532 3112 τε
1567 3060 1661 3112 καὶ
1702 3075 1840 3129 προσ-

261 3164 474 3224 τάσεις,
532 3159 633 3212 καὶ
688 3155 1074 3224 γεωμετρικῆς
1133 3151 1381 3220 ἀνάγκης
1441 3149 1842 3220 ἐμϐριθέστερα

263 3253 744 3324 συμπεράσματα,
798 3223 895 3300 καὶ
932 3245 1030 3314 τὴν
1075 3244 1335 3317 ὑπεράνω
1386 3241 1495 3294 τῶν
1554 3240 1844 3310 κροτάφων
1871 3223 1912 3277 C

260 3345 570 3415 τεταμένην
605 3340 760 3412 ὑμῶν
818 3337 1202 3399 διδασκαλίαν,
1229 3365 1232 3368 ι
1257 3335 1334 3396 ὡς
1377 3333 1842 3403 ἐκκλησιαστικῆς

259 3439 592 3501 ἀκολουθίας
635 3435 894 3504 ἀλλότρια
927 3428 1318 3504 παρῃτὴμεθα.
1353 3429 1508 3498 Ἔχει
1545 3427 1652 3498 γὰρ
1687 3427 1848 3497 ὅρους

265 3532 357 3598 μὲν
388 3530 489 3592 τὰς
523 3527 740 3597 ὕϐρεις,
771 3524 1063 3594 προτάσεις
1083 3521 1142 3574 δὲ
1171 3521 1277 3591 τὴν.
1298 3519 1462 3572 ποιὰν
1489 3518 1694 3572 τούτων
1720 3517 1848 3571 σύν-

259 3621 444 3685 θεσιν,
483 3617 940 3688 συμπεράσματα
975 3614 1032 3667 δὲ
1069 3613 1168 3674 τὰς
1202 3611 1454 3674 ἀπειλάς
1493 3611 1638 3690 ἅπερ
1666 3613 1715 3662 εἰ
1754 3609 1850 3680 λη-

261 3715 421 3784 φθείη
449 3715 537 3775 είς
570 3712 761 3780 ἐτέρου
792 3706 1158 3777 συλλογισμοῦ
1185 3705 1472 3775 λήμματα,
1505 3705 1606 3756 οὐκ
1627 3703 1708 3756 ἔτι
1738 3701 1850 3767 ἕξει

258 3806 354 3876 τὴν
398 3803 683 3874 ἐπιφορὰν
706 3801 962 3864 ἀπειλὰς,
1005 3799 1120 3852 ἀλλ’
1152 3796 1480 3862 επιϐουλὰς,
1511 3797 1607 3848 καὶ
1633 3795 1702 3847 τά
1728 3794 1853 3848 ταύ-

259 3915 377 3962 ταις
425 3899 705 3967 ὲπόμενα.
755 3895 872 3964 ῐΙρὸ
896 3894 1008 3963 γὰρ
1065 3890 1364 3961 συντριϐῆς
1398 3891 1611 3960 ἡγεῖται
1656 3886 1849 3958 ὕϐρις·

261 3993 324 4062 ἢν
358 3992 494 4062 ἡμῖν
547 3987 694 4058 μετὰ
735 3983 1030 4054 συντριϐῆς
1081 3981 1398 4044 ἐπιθέντες,
1435 3981 1531 4032 καὶ
1562 3979 1633 4032 τά
1667 3978 1852 4034 λειπό-

265 4098 422 4154 μενα,
448 4078 597 4134 Θεοῦ
629 4074 1122 4145 συνεπαμύνοντος,
1148 4073 1332 4143 ζητεῖν
1357 4069 1743 4142 προῃρήμεθα.

325 4381 439 4441 (ις’.
481 4365 694 4432 Οὗτως.
718 4358 886 4430 οὗτοι,
912 4363 974 4416 τὸ
1013 4361 1108 4416 τοῦ
1153 4360 1332 4430 ὄφεως
1373 4355 1856 4428 ἐνστερνισάμενοι

260 4471 580 4542 φρόνιμον,
629 4466 688 4516 ὲν
735 4460 886 4531 μέσῳ
933 4455 1044 4508 τῶν
1075 4452 1330 4523 ἀφρόνων
1381 4448 1856 4542 τρανῶςμάποφήε

263 4538 456 4619 σαντες
510 4555 757 4622 ἔστησαν
780 4565 794 4578 ·
834 4549 885 4600 oi
913 4547 1002 4610 δὲ,
1039 4545 1116 4607 ὼς
1155 4543 1250 4596 ἐπὶ
1281 4541 1541 4609 Στεφάνῳ
1570 4538 1648 4607 τῷ
1677 4554 1860 4607 πρωτ-

260 4652 409 4720 άθλῳ
451 4650 520 4701 τὸ
554 4642 863 4713 συνέδριον,
895 4637 1188 4707 συσχόντες
1209 4634 1277 4688 τὰ
1305 4627 1443 4695 ὣτα,
1466 4631 1596 4701 πρὶν
1625 4631 1707 4691 είς
1730 4629 1859 4690 τοὺς

261 4747 452 4813 ἁγίους
529 4736 846 4813 ῥιπτεῖσθαι
894 4733 996 4786 καὶ·
1041 4727 1445 4799 συμπατεῖσθαι
1489 4724 1596 4777 ὑπὸ
1623 4722 1734 4774 τῶν
1763 4738 1859 4773 τυ⁶

259 4841 470 4908 χόντων
511 4832 665 4888 κατά
707 4830 814 4884 τῶν
848 4826 1095 4896 αὐχένων
1136 4820 1529 4890 προσέταττον.
1560 4814 1860 4908 Παίξαντες

260 4899 313 4981 δὲ
350 4929 450 4982 καὶ
495 4924 666 4978 τοῦτο
693 4922 756 4974 τὸ
784 4919 1000 4990 δρᾶμα,
1050 4915 1126 4976 ὡς
1159 4913 1252 4964 ἐπὶ
1285 4908 1492 4980 σκηνῆς
1520 4908 1570 4960 οἱ
1609 4906 1861 4977 σκηνικοὶ

1939 1953 2155 2018 abduci,
2197 1965 2360 2024 atque
2384 1959 2451 2010 ab
2499 1958 2649 2011 omni
2676 1974 2799 2012 cum
2825 1962 2934 2016 Deo
2960 1963 3346 2032 conjunctione
3392 1969 3524 2021 alie-

1939 2061 2036 2100 nos
2063 2045 2222 2102 effici.
2283 2047 2487 2104 Vestrae
2539 2059 2726 2106 autem
2799 2057 3012 2124 synodo
3064 2072 3344 2113 assensum
3383 2077 3522 2130 prae-

1939 2138 2104 2206 bcre,
2151 2141 2390 2208 quandiu
2425 2141 2515 2196 illa
2559 2159 2590 2196 a
2639 2158 2922 2199 sacrarum
2952 2151 3285 2217 synodorum
3345 2150 3517 2205 forma

1939 2238 1993 2284 et
2055 2231 2389 2297 perfectione
2462 2236 2714 2290 destituta
2778 2251 3110 2306 permanet,
3171 2251 3225 2296 et
3308 2258 3522 2298 sacram

1939 2321 2151 2376 Christi
2171 2339 2235 2378 ac
2268 2335 2584 2380 sanctorum
2613 2329 2735 2395 ejus
2787 2330 3079 2398 imaginem
3107 2334 3307 2399 probro
3335 2336 3519 2402 allicit,

1940 2425 2241 2481 omnesque
2275 2414 2454 2468 eidem
2479 2431 2808 2486 quacunque
2849 2421 3062 2474 ratione
3088 2423 3354 2478 haerentes
3387 2441 3524 2480 ana-

1945 2502 2168 2556 themati
2223 2504 2449 2569 addicit,
2490 2506 2840 2562 interdictum
2871 2519 2957 2564 est
2992 2510 3155 2566 nobis
3193 2524 3249 2567 et
3303 2521 3518 2570 cunctis

1941 2597 2189 2652 eamdem
2245 2597 2528 2654 nobiscum
2606 2600 2766 2656 [idem
2849 2605 3182 2659 tenentibus.
3240 2606 3517 2677 Quotqum

1942 2688 2087 2743 enim
2117 2690 2511 2744 catholicarum
2537 2693 2868 2762 synodorum
2903 2699 3120 2766 regulas
3163 2713 3227 2754 ac
3270 2702 3518 2766 decreta,

1943 2797 2066 2852 quas
2117 2785 2311 2838 mutari
2356 2799 2467 2840 non
2522 2797 2749 2855 possunt
2796 2803 2895 2844 nec
2950 2790 3159 2856 violari,
3219 2797 3521 2863 sequi-mur,

1944 2875 2227 2944 sacrisque
2294 2877 2602 2934 divinorum
2653 2879 2876 2942 Patrum
2933 2887 3400 2956 propositionibus
3457 2907 3521 2945 ac

1943 2962 2386 3018 conclusionibus
2415 2966 2647 3022 ﬁrmiter
2670 2971 2922 3036 nitimur,
2951 2976 3294 3032 venerabiles
3326 2980 3521 3050 imagi-

1947 3069 2042 3109 nes
2074 3057 2368 3124 reeipimus
2398 3071 2453 3112 et
2479 3061 2885 3130 amplexamur;
2918 3075 2973 3120 et
3001 3068 3331 3126 devovemus
3363 3074 3525 3128 aliter

1945 3149 2242 3204 sentientes
2274 3165 2288 3202 :
2321 3165 2536 3206 vesanae
2570 3164 2752 3210 autem
2799 3158 3053 3213 coitionis
3100 3172 3296 3216 vestrae
3339 3170 3529 3220 termi-

1951 3254 2051 3293 nos
2123 3242 2656 3314 propositionesque,
2701 3257 2759 3301 et
2805 3263 2945 3316 quas
2992 3251 3142 3306 velut
3195 3257 3538 3322 geometrica-

1951 3330 2227 3386 evidentia
2278 3333 2546 3390 clariores
2607 3337 2832 3406 jactatis
2887 3343 3299 3410 conclusiones,
3330 3362 3529 3417 magno

1950 3426 2243 3494 supercilio
2279 3427 2571 3485 eﬂ'erentcs
2605 3434 2912 3488 doctrinam
2943 3450 2972 3489 a
3015 3438 3309 3495 traditione
3351 3447 3529 3500 eccle-

1951 3519 2172 3574 siastica
2233 3521 2490 3588 alienam,
2518 3525 2886 3581 confutamus.
2918 3528 3095 3584 Habet
3147 3547 3386 3603 namque
3434 3537 3526 3590 illa

1953 3613 2311 3668 terminorum
2367 3614 2506 3680 loco,
2562 3617 2826 3686 injurias;
2861 3624 3312 3692 propositionum,
3338 3643 3534 3697 quam-

1953 3703 2076 3757 dam
2117 3709 2432 3764 earumdem
2501 3713 3017 3780 constructionem;
3088 3719 3531 3789 conclusionum,

1955 3794 2150 3849 minas.
2195 3794 2326 3861 Quae
2380 3799 2426 3852 si
2480 3799 2534 3852 in
2588 3803 2711 3855 novi
2753 3803 3059 3872 syllogismi
3127 3811 3533 3877 assumptiones

1957 3890 2394 3964 vertantur,jam
2441 3905 2547 3947 non
2609 3894 2785 3950 minas
2831 3897 3089 3962 inferent,
3125 3900 3222 3953 sed
3282 3901 3526 3964 insidias,

1957 3988 2123 4048 atque
2173 3983 2324 4038 hisce
2383 3993 2775 4039 consectanea.
2811 3987 3138 4042 Contritioni
3185 3993 3332 4044 enim
3381 3995 3536 4062 praeit

1964 4073 2190 4143 injuria,
2219 4089 2382 4142 quam
2411 4077 2504 4131 ubi
2535 4093 2658 4131 cum
2683 4080 3019 4135 contritione
3043 4082 3354 4147 intuleritis.
3375 4092 3536 4140 etiam

1959 4182 2080 4234 qum
2110 4178 2236 4220 sunt
2271 4169 2478 4238 reliqua
2531 4169 2640 4224 Deo
2678 4171 2986 4240 opitulante
3045 4189 3290 4243 quaerere
3337 4181 3540 4232 consti-

1961 4259 2184 4314 luimus.

2032 4348 2122 4403 76.
2157 4351 2248 4406 Sic
2269 4352 2355 4407 isti
2383 4354 2694 4421 serpentiua
2736 4359 3029 4426 prudentia
3062 4357 3338 4424 instructi,
3376 4361 3427 4416 in
3458 4366 3543 4414 in-

1962 4443 2273 4511 sipientium
2295 4445 2467 4499 choro
2499 4448 2677 4500 medio
2703 4447 2906 4502 diserte
2932 4452 3350 4515 pronuntiantes
3430 4463 3544 4506 ste-

1966 4543 2184 4600 terunt;
2207 4534 2281 4587 illi
2301 4548 2428 4589 vero
2453 4537 2594 4590 haud
2621 4551 2784 4591 secus
2806 4553 2872 4592 ac
2897 4539 3315 4608 malignantium
3349 4555 3540 4595 cutura

1890 4594 1935 4651 υ
1969 4623 2306 4692 Stephanum
2401 4636 2859 4700 protomartyrem
2915 4635 3163 4686 coactum
3221 4635 3543 4700 concilium,

1967 4718 2360 4772 continuerunt
2414 4735 2577 4774 aures
2629 4735 2781 4783 suas,
2815 4731 2871 4776 et
2893 4734 3187 4792 antequam
3213 4725 3268 4778 in
3321 4736 3542 4781 sanctos

1968 4810 2261 4869 irruerent,
2293 4811 2361 4862 ab
2393 4810 2507 4878 ipsa
2539 4812 2684 4881 vulgi
2710 4810 2841 4868 faece
2867 4827 3054 4867 eorum
3073 4817 3316 4871 cervices
3343 4819 3545 4872 calcari

1963 4902 2159 4970 jubent
2187 4902 2270 4971 (ι).
2301 4900 2452 4958 Hanc
2479 4904 2686 4971 itaque,
2715 4904 2864 4960 velut
2890 4907 2941 4958 in
2989 4911 3418 4970 scena,'scenici
3461 4920 3548 4964 at--

263 5021 357 5072 καὶ
399 5014 811 5087 ἐμϐρόντητοι,
858 5003 1225 5072 ἐξαναστῆναι
1258 4999 1489 5060 τούτους
1520 4997 1615 5051 καὶ
1669 4995 1845 5048 παλίνη

1969 5006 2077 5062 que
2105 4992 2332 5048 fanatici
2361 4993 2616 5050 homines
2669 5000 2790 5048 cum
2833 4996 3102 5051 lusissent
3159 4997 3418 5064 fabulam,
3452 5001 3551 5055 bu-

331 5221 394 5290 (Ι)
422 5219 488 5272 ln
522 5214 651 5290 Vita
779 5209 985 5290 Nicetae
1017 5223 1031 5260 :
1069 5225 1086 5257 ι
1119 5196 1858 5290 Jludaieumquoddamfon:

264 5265 671 5344 ριιξὶἷιτῗιιίιέηι
715 5285 769 5335 in
816 5279 1010 5352 Magna
1046 5272 1278 5352 ecclesia
1311 5265 1858 5352 coegeruntaetisub

265 5365 634 5415 anathemate
679 5365 897 5406 sanctos
945 5347 1139 5419 Patres
1183 5347 1524 5419 ejecerunt...
1558 5348 1859 5419 episcopos

267 5413 418 5491 vero,
457 5427 560 5494 qui
599 5422 666 5476 ab
704 5423 819 5485 ipso
851 5417 1262 5494 diSsentiebant,
1312 5413 1852 5494 partimhiu‘terraui

267 5483 514 5566 deiectos
549 5483 778 5563 pedibus
800 5487 1212 5548 couculcarunt,
1245 5483 1855 5566 parumper-postianm

265 5545 980 5631 Eﬁ’cviveu'ilogveconcessu
1032 5545 1315 5631 curarunt.
1377 5549 1498 5631 ’,ΙΙΙ
1557 5545 1856 5631 τψρςιρξηξεξ

266 5589 580 5624 etrtenuos
626 5589 655 5616 υ
699 5589 961 5616 Cltlwcnau
1032 5589 1315 5631 uua-um...
1377 5589 1392 5599 .
1445 5589 1498 5601 ...
1558 5589 1852 5623 ..,,r-.....-:

266 5589 636 5707 'llbeophanis
669 5651 738 5707 :AI
775 5627 1123 5707 Ortbodoxos
1161 5619 1758 5707 patriarchas“

270 5693 653 5764 anatb'ematis
691 5701 933 5758 baeredes
980 5695 1325 5770 anathemate
1369 5693 1772 5770 percusserunt3
1801 5693 1856 5770 et

273 5756 756 5846 I.i8¥é'i§}a'niiaeo
812 5765 1193 5844 metropolitas
1243 5769 1300 5846 et
1333 5756 1855 5846 episcoEiosJortbo;

273 5825 446 5904 3610's
466 5825 746 5915 ᾗὲῖνῶ
795 5825 1018 5900 tractos,
1049 5845 1103 5889 et
1139 5835 1194 5888 in
1229 5825 1463 5886 medium
1513 5825 1856 5897 predatoriaa

693 5937 965 5996 PATBOL.
1000 5928 1118 5990 Gn.
1151 5926 1223 5990 αι

1966 5193 2124 5248 istius
2184 5194 2372 5263 synodi
2437 5193 2712 5263 proiectos
2785 5195 3240 5251 conculcaveruut
3323 5198 3547 5263 pedibus

1969 5264 2150 5337 (quasi
2193 5263 2420 5337 pietatis
2449 5279 2584 5337 opus
2601 5265 2844 5337 ministri
2880 5268 3175 5337 impietatis
3212 5277 3457 5337 agerent)
3491 5281 3546 5321 et

1970 5335 2189 5404 proprio
2233 5334 2498 5402 sanguine
2536 5333 2785 5399 infectos,
2833 5335 3196 5404 militibusque
3229 5333 3458 5390 traditos
3492 5344 3541 5391 in

1970 5403 2246 5456 (tllSlOdlas
2291 5413 2344 5456 et
2389 5419 2639 5457 carceres
2679 5408 3027 5459 detruserunt
3060 5424 3073 5458 :
3105 5403 3286 5474 ibique
3351 5409 3542 5461 tlielms

1963 5474 2166 5539 aliquot
2221 5475 2498 5535 delentos,
2557 5489 2770 5527 rursum
2810 5478 3033 5528 eductos
3075 5486 3129 5528 et
3173 5477 3539 5539 examinatus,

1964 5557 2169 5596 morem
2195 5543 2494 5614 (lictisisuis
2526 5546 2757 5609 gessisse
2780 5560 2885 5597 non
2922 5546 3274 5610 reperientes,
3307 5548 3541 5614 impera-

1965 5623 2079 5665 tore
2127 5613 2395 5665 mendacii
2440 5624 2661 5667 auctore
2709 5614 2776 5666 de
2808 5615 2873 5667 iis
2909 5616 3150 5679 monito,
3201 5618 3250 5669 in
3291 5613 3540 5672 exsilium

1965 5683 2231 5756 miserunt
2265 5699 2278 5735 :
2319 5699 2454 5756 quos
2495 5684 2721 5756 insuper
2759 5685 3053 5756 inﬂexsilio
3105 5689 3312 5756 positos
3362 5687 3542 5740 missis

1963 5755 2258 5808 tortoribus
2285 5754 2452 5806 variis
2477 5754 2754 5822 suppliciis
2781 5753 2979 5809 all‘ecit.
3020 5775 3040 5806 ι

3136 5913 3174 5977 5
