3986 6446
444 356 549 424 139

1441 368 1498 427 s.
1542 368 1962 428 NICEPHORI
2002 367 2507 428 PATRIARCHIE
2544 349 2651 428 cr.

3608 363 3702 435 140

444 475 519 530 mi
547 483 746 530 stratos
769 475 961 544 jubent
991 493 1236 551 surgere,
1264 489 1319 536 et
1357 496 1467 550 qua
1520 489 1783 536 venerant
1828 482 2011 550 postli-

2126 496 2287 551 ορσον
2311 480 2410 552 τὴν
2441 481 2666 551 πορείαν
2691 477 2985 543 ποιεῖσθαι,
3007 477 3109 545 πὺξ
3133 476 3274 532 κατά
3309 477 3514 551 κόρρης
3541 480 3702 554 πλητ.

447 567 619 622 minio
663 569 868 638 redire,
900 580 959 624 ut
1005 587 1295 642 porcorum
1327 575 1502 629 instar
1535 575 1676 645 abigi
1708 575 2025 628 viderentur

443 658 641 728 pugnis
671 659 723 714 in
757 674 930 731 genas
962 663 1198 719 incussis
1248 673 1471 736 totnque
1514 680 1746 735 corpore
1776 666 2020 722 calcibus

441 753 821 820 conquassati.
855 755 968 811 Hac
1004 759 1318 825 perturbata
1349 760 1685 828 prolanaque
1713 762 1922 815 saevitia
1967 761 2020 815 in

441 855 666 900 sanctos
706 846 1027 902 debacchati
1058 865 1182 904 cum
1230 861 1416 906 essent
1445 861 1501 906 et
1533 866 1629 906 eos
1653 852 1764 920 jam
1791 853 1924 907 hora
1953 855 2019 906 ad

443 951 689 992 mensam
733 953 980 1005 vocaret,
1015 940 1186 995 [luridi
1237 943 1436 1009 eloquii
1470 944 1725 1010 clericus,
1755 945 2018 1000 sodalium

441 1029 669 1083 nomine
726 1029 1112 1099 imperatorem
1167 1032 1456 1097 allocutus,
1514 1035 1775 1090 laudavit.
1835 1035 2022 1104 Itaque

441 1128 606 1174 recta:
646 1119 768 1176 ﬁdei
801 1123 1143 1190 praesidibus,
1177 1127 1525 1180 anathemate
1560 1135 1618 1179 ut
1670 1128 1887 1196 quidem
1939 1130 2020 1182 vi-

442 1211 694 1279 debatur,
732 1215 800 1268 ad
843 1224 1151 1271 extremum
1193 1218 1428 1283 devotis,
1456 1218 1740 1274 solverunt
1784 1235 2020 1276 conven-

443 1311 577 1358 tum.

515 1397 602 1450 77.
642 1396 779 1464 Quia
813 1413 945 1456 vero
975 1402 1224 1455 insanum
1263 1401 1496 1457 furorem
1546 1418 1700 1458 suum
1735 1403 1789 1458 in
1837 1404 2021 1459 Eccle-

439 1485 575 1540 siam
608 1488 982 1559 expleverant,
1013 1493 1251 1564 regulam
1286 1503 1623 1562 componunt
1652 1509 1717 1549 ac
1746 1493 2019 1549 definitio-

441 1597 564 1634 nem
597 1596 626 1634 a
659 1583 909 1639 veritatis
957 1587 1204 1641 terminis
1237 1587 1390 1658 longe
1430 1589 1852 1644 remotissimam
1883 1608 1896 1642 :
1931 1590 2016 1644 cui

439 1681 492 1725 ut
527 1671 896 1728 subscriberet
945 1675 1264 1746 imperator,
1298 1678 1446 1746 pium
1479 1693 1599 1734 esse
1628 1678 1936 1732 monebant.
1970 1676 2019 1733 ls

438 1779 608 1831 porro
649 1765 790 1834 (erat
819 1769 989 1834 enim,
1026 1769 1072 1822 si
1104 1769 1226 1836 quis
1263 1771 1404 1825 alius
1455 1771 1509 1824 in
1541 1785 1705 1825 causa
1742 1770 2018 1839 religionis

438 1859 710 1913 versatilis
751 1859 944 1931 animi)
979 1875 1183 1916 morem
1218 1863 1282 1918 iis
1310 1874 1562 1932 gesturus
1613 1863 1774 1917 indici
1825 1877 2016 1917 rursus

436 1958 760 2004 conventum
785 1951 938 2020 jubet
965 1967 981 2004 :
1015 1951 1068 2004 in
1098 1967 1204 2020 quo
1239 1969 1360 2007 cum
1393 1956 1597 2018 sedem,
1627 1953 1771 2007 velut
1805 1952 1857 2006 in
1882 1969 2017 2022 quo-

435 2040 560 2091 dam
607 2040 841 2096 amboue
896 2041 1115 2095 sublimi
1170 2041 1400 2096 locatam
1465 2041 1913 2104 conscendisset,
1961 2049 2016 2095 et

438 2131 706 2186 mendacii
745 2133 957 2200 patroni
994 2148 1125 2189 suas
1169 2147 1386 2202 quoque
1430 2139 1790 2202 occupassent
1836 2132 2012 2198 sedes,

435 2224 683 2276 omnium
735 2224 961 2278 auribus
1017 2224 1269 2279 intimata
1313 2232 1398 2279 est
1436 2223 1728 2279 falsissima
1776 2222 2011 2292 regula:

434 2329 556 2383 qnze
587 2329 708 2368 cum
757 2314 1032 2386 plerisque
1086 2315 1406 2381 astantium,
1456 2315 1559 2370 etsi
1600 2330 1703 2369 non
1737 2315 2012 2382 omnibus,

434 2403 764 2473 placuisset;
816 2407 1080 2476 rogabant
1126 2417 1184 2461 nt
1227 2407 1458 2477 quisque
1508 2422 1626 2461 eam
1671 2422 1863 2462 manus
1902 2421 2014 2462 sua:

433 2499 837 2570 subscriptione
867 2504 1130 2557 ﬁrmaret.
1161 2502 1256 2558 His
1286 2511 1466 2558 autem
1497 2503 1575 2558 sic
1604 2503 1863 2573 peractis,
1888 2515 2011 2556 cum

435 2593 652 2647 nomina
691 2607 789 2648 sua
841 2601 1006 2662 atque
1049 2593 1297 2665 fortunas
1340 2603 1650 2648 atramento
1697 2605 2012 2648 commacu-

434 2685 661 2752 lassent,
709 2683 888 2739 solitis
935 2699 1063 2754 erga
1106 2685 1468 2756 imperatores
1521 2681 2011 2738 acclamationibus

432 2785 486 2831 et
515 2775 780 2830 adversus
821 2772 1076 2829 Ecclesiae
1111 2773 1315 2827 lumina
1361 2771 1728 2826 anathematis
1772 2767 2010 2824 defuncti

433 2867 826 2938 (prmioquente
873 2865 1080 2922 scilicet
1131 2881 1232 2932 eo,
1282 2880 1441 2935 quem
1495 2863 1740 2919 dicebam
1787 2861 2008 2932 clerico)

432 2960 663 3028 dispersi
697 2967 838 3014 sunt.

2121 572 2387 642 τομένους
2433 573 2530 625 καὶ
2575 558 2779 633 σιάλοις
2845 569 2989 623 κατὰ
3042 568 3243 634 παντὸς
3299 570 3561 641 ὑομένους
3610 573 3701 628 τοῦ

2123 659 2397 732 σώματος,
2419 660 2842 714 ἀπελαύνεσθαι.
2865 659 3054 724 Οῦτως
3075 661 3327 725 ἀτάκτως
3343 664 3438 715 καὶ
3459 663 3701 733 ἀνάγνως

2119 755 2180 806 ἐν
2210 756 2325 817 τοῖς
2367 753 2569 822 Ἀγίοις
2605 753 2748 808 κατὰ
2777 753 2886 808 τῶν
2945 754 3117 822 ἁγίων
3163 757 3700 826 ἐμπαροινήσαντες,

2119 847 2220 919 ἤδη
2267 849 2368 918 τῆς
2419 847 2568 920 ὥρας
2623 847 2900 917 καλούσης
2957 848 3092 917 πρὸς
3131 849 3446 918 τράπεζαν,
3476 849 3547 902 δι’
3588 852 3703 916 ἑνὸς

2118 939 2505 1009 ἁνθηροφὼνου
2557 940 2822 1010 κληρικοῦ
2875 941 3322 1011 προλογίζοντος,
3379 945 3509 1006 τοὺς
3563 962 3699 1013 κρα-

2117 1028 2478 1102 105Vtac(29)
2507 1033 3022 1102 ἐπευφημήσαντες,
3047 1031 3175 1094 τούς
3203 1049 3262 1084 τε
3287 1032 3387 1102 τῆς
3409 1032 3700 1103 ὀρθοτόμου

2117 1121 2357 1186 πίστεως
2411 1124 2688 1194 ἀρχηγοὺς
2747 1126 2863 1188 τοῖς
2924 1123 3302 1195 ἀναθέμασιν.
3362 1124 3438 1188 ὠς
3497 1124 3699 1194 ᾤοντο,

2121 1215 2587 1286 παραπέμψαντες
2620 1215 2916 1270 διελύοντο.

2187 1388 2282 1452 οῖ’.
2328 1390 2468 1442 Ἀλλ’
2501 1391 2624 1445 ἐπεὶ
2652 1392 2714 1445 τὺ
2745 1395 2843 1463 τῆς
2872 1393 3061 1453 ἀνοίας
3087 1391 3272 1446 αὐτῶν
3299 1391 3538 1462 θυμικὸν
3564 1395 3703 1448 κατᾶ

2115 1479 2214 1549 τῆς
2247 1481 2576 1550 Ἐκκλησίας
2599 1483 2927 1554 ἐξέπλησαν,
2954 1484 3081 1554 ὃρον
3103 1484 3482 1546 συντάττουσι,
3518 1487 3704 1558 πόρρω

2115 1571 2223 1624 τῶν
2242 1573 2340 1641 τῆς
2365 1572 2627 1652 ἀληθείας
2656 1574 2820 1646 ὁρίων
2844 1573 3162 1644 ἱστάμενον,
3194 1576 3254 1628 ἐν
3276 1569 3321 1642 ᾧ
3346 1575 3600 1644 καθυπογ
3611 1578 3702 1647 ρά-

2117 1682 2239 1734 φειν
2274 1666 2473 1733 εὐαγές
2517 1662 2660 1721 εἶναι
2705 1667 2797 1720 τὸν
2840 1667 3149 1738 κρατοῦντα
3202 1669 3502 1739 παρῄνουν.
3558 1669 3618 1722 Ὀ
3645 1670 3704 1724 δὲ

2125 1759 2216 1809 καὶ
2250 1753 2350 1828 (ἦν
2391 1759 2501 1829 γὰρ
2553 1760 2623 1813 τὰ
2657 1760 2795 1830 πρὸς
2838 1761 2972 1814 Θεὸν
3021 1760 3491 1830 ἀλλοπρόσαλλος,
3526 1764 3574 1815 εί
3613 1763 3704 1815 καί

2124 1865 2207 1911 τις
2251 1848 2446 1918 ἄλλος)
2491 1850 2742 1906 πείθεται
2795 1851 3040 1914 τούτοις,
3083 1855 3176 1906 καὶ
3233 1852 3599 1916 συνελεύσεως
3648 1856 3704 1916 ἐς

2118 1934 2276 2001 αὖθις
2327 1941 2732 2010 κηρυχθείσης,
2767 1943 2843 2004 ὡς
2881 1943 2973 1995 ἐπί
3017 1961 3164 2006 τινος
3205 1945 3565 2014 ὑκρίϐαντος,
3615 1946 3704 1998 τὸν

2119 2028 2308 2100 θρόνον
2334 2031 2502 2084 αὐτοῦ
2531 2033 2894 2104 μετεωρίσας,
2928 2035 3220 2106 ἀνέτρεχεν
3243 2051 3256 2066 ·
3283 2037 3418 2089 οἵτε
3445 2037 3541 2089 τοῦ
3565 2036 3703 2106 ψεύ-

2114 2121 2238 2186 δους
2267 2124 2607 2179 ὑπασπισταὶ
2639 2125 2738 2187 τάς
2767 2127 2977 2180 ἑαυτῶν
3016 2128 3290 2198 καθέδρας
3328 2128 3530 2200 σπουδῇ
3569 2147 3705 2183 κατ-

2115 2212 2420 2286 ελάμϐανον
2440 2230 2453 2244 °
2489 2216 2583 2269 τοῦ
2605 2215 2660 2269 δέ
2673 2216 3046 2285 πολυσφαλοῦς
3072 2220 3195 2282 ταῖς
3240 2218 3497 2273 ἁπάντων
3512 2221 3705 2284 ἀκοαῖς

2114 2307 2476 2379 ἐνηχηθέντος
2499 2309 2652 2378 ὅρου,
2685 2309 2920 2372 καὶτοῖς
2951 2309 3246 2381 παροῦσιν,
3284 2311 3334 2363 εί
3368 2311 3464 2364 καὶ⁵
3499 2310 3574 2382 μὴ
3611 2312 3706 2365 πᾶ·

2117 2414 2222 2463 σιν,
2263 2398 2608 2469 ἀρέσαντος,
2642 2403 3032 2466 ωγκαταινεῖν
3064 2401 3298 2455 ἕκαστον
3327 2403 3510 2474 οίκεία
3555 2406 3705 2476 χειρὶ

2114 2489 2182 2542 τὰ
2224 2491 2283 2542 ἐν
2323 2490 2476 2560 αὐτῷ
2522 2491 2921 2561 σεσημασμένα
2966 2492 3329 2564 προέτρεπον.
3367 2495 3564 2548 Τοίνυν
3612 2497 3706 2551 καὶ

2111 2579 2272 2642 τοῦτο
2315 2582 2676 2647 τελέσαντες,
2718 2583 2815 2635 καὶ
2863 2581 2961 2646 τὰς
2992 2584 3204 2637 ἑαυτῶν
3238 2587 3620 2658 προσηγορίας
3645 2604 3710 2640 το-

2113 2673 2209 2727 atat
2238 2669 2410 2745 τύχας
2437 2674 2514 2746 τῷ
2542 2676 2732 2744 μέλανι
2764 2674 3232 2745 συμμολύναντες,
3264 2681 3388 2741 ταῖς
3415 2679 3706 2742 είωθυίαις

2114 2767 2416 2837 εὐφημίαις
2469 2768 2607 2839 πρὸς
2650 2769 2777 2832 τοὺς
2828 2768 3199 2838 κρατοῦντας,
3238 2773 3353 2833 τοῖς
3389 2787 3448 2823 τε
3504 2771 3704 2825 ἀναθε-

2115 2865 2413 2934 ματισμοῖς
2461 2862 2601 2934 πρὸς
2650 2863 2778 2927 τοὺς
2828 2865 2928 2934 τῆς
2974 2862 3305 2934 Ἐκκλησίας
3370 2865 3705 2937 λαμπτῆρας

2111 2955 2482 3027 χρησάμενοι,
2517 2944 2722 3026 δηλαδὴ
2771 2951 2866 3006 τοῦ
2900 2952 3069 3006 αὑτοῦ
3135 2953 3402 3025 κληρικοῦ
3444 2955 3704 3025 προλογί-

2111 3046 2298 3110 ζοντος
2317 3086 2334 3112 ,
2369 3046 2780 3100 ἐσκεδέιννυντο.

506 3143 597 3198 78.
632 3140 910 3197 Scelerum
958 3153 1123 3211 porro
1155 3137 1321 3192 ultrix
1359 3136 1452 3192 Dei
1508 3135 1746 3204 iustitia,
1777 3134 1855 3190 sic
1883 3133 2005 3189 illu-

2183 3100 2294 3209 oq':
2320 3100 2468 3206 ’Ἐφ’
2607 3137 2718 3192 οὐκ
2758 3137 2953 3207 ἔμελλε
3000 3139 3101 3209 τῆς
3153 3139 3543 3210 μακροθυμίας
3593 3145 3704 3202 τοῖς

429 3251 524 3293 sos
542 3246 778 3293 sanctos
810 3249 907 3304 pro
940 3247 1037 3288 sua
1069 3229 1485 3303 longanimitate
1531 3229 1673 3284 haud
1721 3229 1810 3284 diu
1852 3228 2010 3282 dissi-

431 3330 722 3392 mulatura,
749 3326 997 3382 .celerem
1057 3325 1201 3379 haud
1244 3325 1361 3379 sine
1406 3322 1666 3376 miraculo
1714 3321 2008 3376 vindictam

430 3419 617 3476 intulit
647 3437 660 3474 :
691 3418 844 3474 brevi
881 3431 1114 3486 namque
1147 3426 1391 3485 tempore
1429 3415 1716 3481 interfecto
1744 3411 2006 3482 praelocu-

429 3525 606 3568 torem
680 3510 944 3566 clericum
1002 3523 1168 3578 poena
1239 3507 1541 3576 corripuit,
1601 3507 2010 3560 obmutescente

431 3603 636 3674 lingua,
665 3616 729 3658 ac
750 3599 1134 3655 fatiscentibus
1167 3598 1442 3653 vocalibus
1467 3597 1707 3667 organis.
1732 3597 2011 3651 Advortite

432 3704 614 3747 autem
651 3690 830 3762 qualis
861 3705 924 3744 ac
953 3697 1158 3758 quanta
1196 3704 1210 3740 :
1244 3687 1289 3742 si
1331 3688 1453 3755 quis
1481 3687 1626 3740 enim
1670 3685 2007 3740 Psalmorum

430 3785 647 3838 oracula
680 3784 798 3838 viro
830 3792 1169 3852 suggereret,
1203 3781 1376 3848 lingua
1405 3778 1581 3834 soluta
1616 3787 1734 3832 erat
1756 3779 1820 3832 ad
1845 3777 2008 3832 verba

431 3877 787 3931 tniuislranda
817 3889 832 3928 :
865 3874 950 3928 sin
981 3873 1254 3929 sermonis
1281 3871 1490 3940 aliquid
1515 3883 1640 3922 cum
1673 3871 1853 3938 aliquo
1879 3884 2011 3923 cons

430 3972 620 4036 ferret,
664 3968 904 4036 undique
952 3966 1215 4021 dissoluta
1253 3980 1318 4020 ac
1353 3962 1611 4031 impedita
1659 3977 2006 4032 permanens,

430 4060 986 4131 maleque-aniculam
1021 4058 1228 4113 incerta
1275 4072 1340 4112 ac
1368 4056 1601 4112 sublaesa
1647 4055 2006 4125 obganniens,

429 4154 667 4208 sonitum
705 4151 848 4206 nullo
896 4157 1239 4207 constantem
1277 4163 1441 4205 sensu
1476 4148 1528 4202 in
1553 4148 1817 4202 auditoris
1845 4162 2009 4200 aures

430 4245 853 4302 trausmittebat.
891 4242 1027 4298 Eum
1056 4243 1108 4298 in
1142 4242 1360 4296 modum
1406 4240 1702 4308 castigatur
1739 4238 1920 4308 lingua
1955 4239 2006 4289 in

427 4356 524 4398 eos
558 4337 974 4412 procacissima,
1012 4335 1102 4404 qui
1135 4349 1232 4389 ore
1259 4332 1580 4403 sapientiam
1619 4331 2006 4398 loquebantur,

424 4449 490 4488 ac
549 4433 730 4488 cordis
797 4428 1152 4484 meditatione
1232 4423 1556 4480 eructabant
1638 4423 2004 4490 prudentiam.

2111 3230 2222 3283 τῶν
2291 3230 2463 3298 ἁγίων
2524 3229 2840 3298 τωθασμοῖς
2911 3231 3182 3299 ἐπιμῦσαι
3235 3233 3266 3302 ἡ
3332 3233 3705 3303 μισοπόνηρος

2110 3324 2264 3393 δίκη,
2308 3321 2634 3392 ἐπιταχῦναι
2701 3321 2759 3374 δέ
2808 3322 2904 3376 καὶ
2955 3322 3056 3392 τὴν
3107 3323 3390 3394 ἐκδίκησιν
3438 3323 3528 3376 δια
3571 3324 3707 3376 θαυ-

2117 3414 2477 3484 ματουργίας.
2527 3412 2902 3478 ἐνδείξεσθαι’
2979 3413 3180 3484 μικρὸν
3236 3413 3346 3484 γὰρ
3389 3415 3447 3466 ἐν
3510 3414 3704 3484 μέσῳ,

2113 3509 2207 3561 καὶ
2271 3509 2366 3560 τὸν
2423 3505 2789 3577 προλογιστὴν
2847 3508 3059 3560 ἐκεῖνον
3128 3499 3396 3578 κληρικὸν
3446 3509 3543 3559 ἐπὶ
3604 3509 3706 3577 τῆς

2109 3601 2362 3671 γλώσσης
2391 3599 2773 3670 κατελάμϐανε
2807 3601 3053 3664 κόλασις,
3110 3601 3281 3672 ἀργία
3347 3601 3442 3653 καὶ
3479 3602 3704 3672 νάρκω-

2113 3709 2197 3756 σις
2249 3691 2358 3745 τῶν
2407 3691 2742 3762 φωνητικῶν
2801 3693 3051 3762 ὁργάνων
3109 3691 3262 3764 αὕτῷ
3319 3693 3701 3764 ἐπισκήψασα.

2111 3783 2222 3836 Καὶ
2250 3783 2415 3854 ὁρᾶτε
2442 3783 2518 3847 ὡς
2549 3783 2759 3854 χαλεπή
2783 3799 2799 3816 ο
2829 3784 2994 3854 ἡνίκα
3023 3783 3134 3853 γὰρ
3163 3784 3314 3853 αὐτῷ
3345 3783 3415 3837 τὰ
3441 3784 3700 3855 ψαλμικά

2108 3891 2192 3937 τις
2221 3876 2607 3946 ὑπεμίμνησκε
2629 3875 2805 3944 λόγια,
2840 3877 2938 3948 τὴν
2963 3876 3210 3944 γλῶτταν
3239 3872 3385 3947 εἶχεν
3407 3879 3706 3947 ἀνειμένην

2111 3968 2206 4020 καὶ
2244 3967 2611 4022 διακονοῦσαν
2648 3970 2760 4031 τοῖς
2805 3969 3048 4038 ῥήμασιν
3073 3983 3085 3994 ·
3125 3971 3174 4021 εἰ
3207 3968 3263 4021 δέ
3292 3987 3345 4022 τι
3392 3971 3529 4041 πρός
3575 3988 3704 4024 τινα

2110 4057 2548 4126 κοινολογεῖσθαι
2593 4058 2906 4121 συνέϐαινε,
2950 4062 3180 4128 παρεῖτο
3234 4061 3502 4114 πάντοθεν
3555 4063 3703 4132 αῦτη

2110 4151 2205 4202 καὶ
2237 4150 2530 4220 πεπέδητο,
2558 4149 2654 4202 καὶ
2680 4149 2930 4221 ἄναρθρά
2955 4168 3072 4214 πως
3107 4154 3202 4205 καὶ
3229 4153 3419 4224 ἄσημα
3441 4153 3534 4206 καὶ
3569 4154 3703 4208 ὑπό-

2107 4239 2317 4310 τραυλα
2383 4239 2766 4309 μινυρίζουσα,
2797 4240 3116 4310 ἀδιανόητον
3151 4240 3288 4312 πρὸς
3327 4243 3418 4295 τὸν
3468 4244 3705 4296 ἀκούον-

2107 4347 2178 4381 τα
2246 4330 2337 4382 τὸν
2407 4331 2645 4398 φθόγγον
2696 4331 3085 4401 παρέπεμπεν.
3124 4331 3313 4395 Οὕτως
3348 4334 3380 4400 ἡ
3411 4334 3557 4394 κατά
3587 4335 3702 4387 τῶν

2108 4420 2413 4474 λαλούντων
2464 4421 2659 4489 σοφίαν
2707 4421 2785 4491 τῷ
2827 4423 3080 4490 στόματι,
3129 4423 3224 4475 καὶ
3251 4426 3315 4493 τῇ
3355 4423 3554 4494 μελέτῃ
3595 4426 3702 4494 τῆς

423 4527 682 4594 Adeoque
732 4531 1036 4592 Opportune
1085 4518 1252 4574 divini
1308 4517 1438 4572 illud
1481 4517 1687 4587 eloquii
1739 4516 2003 4569 dicatur:

2116 4508 2340 4582 καρδίας
2375 4509 2592 4564 σύνεσιν
2621 4511 3006 4582 ἐρευγομένων
3041 4512 3423 4583 προαλεστάτη
3466 4514 3699 4582 γλῶσσα

427 4617 572 4671 Mors
603 4625 652 4670 et
680 4615 790 4670 vita
831 4614 884 4666 in
910 4628 1072 4666 manu
1103 4610 1334 4680 linguae;
1383 4609 1477 4678 qui
1524 4619 1698 4662 autem
1734 4607 2002 4660 continent

423 4727 563 4776 eam,
593 4707 862 4762 comedent
894 4705 1104 4774 [ructus
1135 4703 1249 4769 eius
1283 4703 1350 4755 ³³.

493 4887 584 4942 79.
617 4886 820 4946 Verum
845 4885 967 4940 hac
999 4882 1167 4937 missa
1201 4879 1364 4943 facio,
1401 4877 1589 4946 utique
1613 4873 1908 4932 suﬂ'octura
1937 4888 1997 4930 ut

423 4991 479 5038 et
513 4981 725 5038 illorum
750 4977 1018 5047 malignus
1044 4979 1304 5044 arguatur
1333 4971 1567 5033 animus,
1602 4977 1658 5024 et
1683 4978 1999 5024 sanctorum

423 5091 544 5132 cum
595 5072 706 5127 Deo
749 5068 1058 5140 conjunctio
1104 5064 1438 5120 ostendatur.
1503 5061 1688 5129 Itaque
1738 5057 1862 5114 ﬁnis
1915 5059 2004 5113 hic

422 5178 543 5224 esto
564 5181 753 5222 eorum
781 5179 899 5234 quae
924 5162 988 5217 ad
1012 5159 1276 5233 synodum
1302 5163 1551 5225 spectant
1577 5152 2002 5217 narrandorum;

425 5270 612 5329 utpote
658 5273 778 5328 quae
831 5255 1123 5310 molestum
1184 5250 1409 5306 auribus
1466 5245 1683 5300 ttedium
1733 5244 2018 5314 ingerant.‘

425 5353 553 5419 Qua:
578 5361 757 5405 autem
792 5346 988 5404 exinde
1024 5345 1205 5399 noctis
1240 5352 1371 5396 atrae
1401 5338 1574 5406 caligo
1621 5336 1866 5392 incubuit
1894 5336 2002 5393 Ec-

500 5510 540 5540 ”
574 5507 732 5560 Pruv.
758 5520 912 5567 xvrn,
938 5504 1029 5556 “ll.

499 5663 608 5736 (29)
640 5660 869 5736 Pluralis
891 5669 1160 5736 Iun-merus
1187 5661 1241 5707 et
1265 5649 1533 5736 opppsilio
1560 5651 1625 5702 ad
1643 5651 2005 5736 .Ol'liIOtIOPXO§,

428 5736 478 5788 in
506 5721 768 5797 ‘sequenti
791 5728 996 5797 periodi
1031 5725 1192 5794 hujus
1226 5726 1469 5797 membro
1509 5721 1845 5797 nominatos.
1877 5721 2009 5773 facit

425 5815 483 5860 ut
516 5792 642 5865 τους
679 5792 1019 5872 κρατοῦντας
1054 5792 1140 5851 hic
1170 5803 1225 5850 et
1263 5792 1402 5849 infra
1441 5806 1544 5847 non
1580 5799 1790 5846 tantum
1832 5792 2007 5861 impe-

2113 4603 2450 4656 παιδεύεται.
2485 4600 2650 4654 Ὅθεν
2676 4603 2769 4654 ἐπὶ
2796 4602 2994 4673 καιροῦ
3029 4605 3090 4656 τὸ
3114 4603 3256 4658 θεῖον
3283 4605 3431 4674 ἐρεῖν
3455 4605 3570 4659 ἔστι
3612 4608 3704 4660 λό-

2120 4708 2232 4762 γιον
2258 4735 2272 4759 ,
2311 4695 2396 4746 ὃτι
2419 4693 2686 4759 Θάνατος
2713 4693 2810 4747 καὶ
2838 4693 2949 4760 ζωὴ
2961 4695 3032 4748 ἐν
3049 4696 3200 4764 χειρί
3218 4697 3526 4766 γλώσσης,
3551 4703 3609 4753 οι
3629 4699 3703 4754 δέ

2112 4783 2482 4852 κρατοῦντες
2506 4782 2696 4851 αὐτῆς
2726 4784 2965 4838 ἔδονται
2994 4787 3137 4853 τοὺς
3166 4788 3438 4856 καρποὺς
3477 4790 3698 4858 αὐτῆς.

2174 4873 2272 4927 σθ’.
2320 4872 2458 4926 Ἀλλ’
2493 4873 2713 4945 ἀπόχρη
2751 4872 2928 4928 ταῦτα
2965 4876 3061 4928 καὶ
3091 4875 3189 4947 τὴν
3214 4877 3440 4931 ἐκείνων
3471 4877 3700 4947 ἐλέγξαι

2107 4966 2421 5031 κακόνοιαν,
2450 4966 2550 5020 καὶ
2593 4967 2694 5038 τὴν
2725 4966 2834 5022 τῶν
2867 4967 3042 5036 ἁγίων
3075 4968 3336 5034 διαδεῖξαι
3388 4973 3525 5044 πρὸς
3557 4972 3702 5025 Θεὸν

2106 5062 2437 5135 οἰκειότητα.
2487 5063 2601 5117 Καὶ
2634 5063 2703 5116 τὰ
2755 5061 2855 5133 μὲν
2883 5062 3012 5131 περὶ
3038 5063 3137 5132 τῆς
3167 5062 3409 5125 συνόδου,
3458 5063 3554 5116 καὶ
3584 5062 3702 5130 τῶν

2104 5155 2204 5209 ὅσα
2236 5157 2366 5226 περὶ
2405 5155 2599 5225 αὐτὴν,
2643 5155 2720 5216 ὡς
2751 5155 2913 5225 κόρον
2950 5153 3090 5223 ἀγ,δῆ
3121 5156 3244 5217 ταῖς
3274 5155 3465 5219 ἀκοαῖς
3501 5157 3704 5206 ἐπεισ-

2110 5249 2314 5315 άγοντα
2340 5286 2355 5312 ,
2387 5246 2710 5301 πεπαύσθω.
2744 5247 2857 5315 Τὴν
2881 5244 2942 5309 ἐξ
2969 5246 3180 5300 ἐκείνου
3206 5245 3264 5300 δέ
3291 5249 3412 5309 ταῖς
3464 5245 3704 5316 Ἐκκλη-

2115 5339 2259 5402 σίαις
2279 5339 2758 5395 ἐπεισπολάσασαν
2775 5336 2991 5408 ζοφώδη
3023 5339 3396 5410 σκοτόμαιναν
3423 5340 3482 5392 εὑ
3514 5338 3704 5410 χρεὼν

2118 5657 2352 5702 ratorem
2401 5647 2494 5702 sed
2525 5657 2579 5701 et
2623 5645 3202 5716 pseutlopatriarcham
3247 5658 3302 5703 et
3335 5651 3467 5705 alios
3508 5649 3705 5704 conci—

2116 5719 2298 5789 liabuli
2333 5719 2588 5789 praesides
2618 5718 2926 5789 existimem
2982 5719 3089 5772 dici
3131 5737 3143 5773 :
3181 5736 3303 5776 nam
3353 5722 3436 5777 bis
3473 5732 3705 5789 Quoque

2119 5786 2406 5844 acclamari
2439 5788 2494 5842 in
2519 5786 2739 5858 synodis
2769 5788 2999 5844 solebat.
