3978 6440
293 374 381 439 141

1780 302 1967 427 ‘VITA
1980 412 1994 427 .

3464 363 3568 430 142

294 486 433 561 βυθῷ
474 484 802 558 διαρρυῆναι
835 483 1036 552 diﬁc;
1089 482 1279 536 Πᾶσαν
1337 479 1445 553 γὰρ
1500 480 1869 551 εύαγγελικὴν

1986 478 2179 545 clesiis,
2216 493 2400 533 nonne
2424 492 2542 531 eam
2578 477 2749 548 magis
2780 476 3037 533 convenit
3069 479 3267 534 silentii
3298 479 3566 550 profundo

291 585 382 638 καὶ
430 576 770 651 μαρτυρικὴν
798 576 1067 631 ἀνέκαθεν
1101 576 1499 647 ἱστορουμένην
1530 572 1870 645 εὐπρέπειαν

290 672 714 745 κατορύξαντες,
768 671 974 742 τιτάνῳ
1019 669 1299 741 διαϐρόχῳ
1353 668 1733 723 καταλεαίνειν
1772 669 1871 722 οὐκ

289 770 514 823 ἔδεισαν.
536 764 581 816 Τ
583 763 628 835 ᾧ
653 763 713 816 δὲ
742 763 933 835 τρόπῳ
958 762 1251 833 πειρατέον
1281 762 1459 814 εἰπεῖν
1489 759 1589 830 τῆς
1622 762 1871 814 ἐπινοού-

292 860 456 931 μένης
491 855 636 919 ἰδέας
673 857 743 927 τῇ
782 855 996 926 αἱρέσει
1031 855 1220 917 κακῶς
1247 852 1588 928 ὑποκύψασι,
1621 852 1714 906 τὸν
1742 852 1875 926 ὑγιᾶ

288 952 343 1006 δὲ
384 951 539 1019 λόγον
580 946 976 1020 ἀπαράτρωτον
1024 947 1082 1000 ἐν
1107 946 1186 1016 τῷ
1231 946 1333 1016 τῆς
1365 946 1725 1018 συνειδήσεως
1752 962 1871 1017 κρι-

286 1044 453 1115 τηρίῳ
505 1041 790 1112 συνέχουσι
822 1082 838 1107 ,
877 1038 1038 1093 τοῦτο
1089 1038 1155 1110 δὴ
1217 1038 1579 1107 κακοτρόπως
1630 1037 1873 1108 ἐγχειρίο

287 1139 433 1203 ζουσι
459 1135 523 1187 τὸ
554 1134 847 1203 ἀτόπημας
889 1131 953 1186 Οἳ
982 1131 1048 1201 δὴ
1091 1131 1195 1185 καὶ
1215 1130 1458 1202 δάκρυον
1498 1128 1760 1193 πολλάκις
1794 1128 1874 1199 τῷ

290 1233 352 1285 ἐκ
375 1228 592 1282 τιτάνου
630 1226 867 1296 μίγματι
919 1225 1388 1298 συγκατέῤῥαναν,
1420 1223 1484 1277 τὸ
1520 1222 1617 1277 τοῦ
1668 1220 1875 1292 μύσους

289 1318 347 1373 ού
376 1318 639 1388 φέροντες
666 1315 919 1386 ἄλγημα.
952 1314 1125 1371 Παντὶ
1146 1315 1255 1385 γὰρ
1286 1312 1598 1384 βουλομένῳ
1636 1315 1706 1364 ’τὸ
1732 1311 1876 1365 κατὰ

287 1411 392 1466 τῶν
425 1392 589 1479 ἱερῶν
626 1407 1051 1478 ἐκτυπωμάτων
1077 1407 1260 1461 ἀνεῖτο
1290 1406 1495 1477 θράσος
1515 1421 1528 1435 ·
1565 1405 1616 1457 οἱ
1643 1404 1743 1472 μὲν
1763 1404 1874 1474 γάρ

289 1505 352 1557 τὰ
388 1502 500 1556 τῶν
556 1499 861 1573 κειμηλίων
910 1498 1191 1555 συνέκλων
1232 1498 1543 1569 σεϐάσμια,
1592 1498 1642 1551 οἱ
1675 1497 1733 1550 δέ
1765 1497 1875 1557 τῶν

294 1593 446 1664 ἱερῶν
487 1592 819 1663 ἐσθημάτων
846 1592 917 1646 τὰ
951 1591 1108 1661 τίμια
1146 1593 1229 1654 είς
1258 1588 1629 1662 ῥάκιανλεπτὰ
1666 1589 1874 1658 καταρ-

297 1682 611 1754 ῥηγνύντες.
651 1680 729 1751 τῷ
754 1680 943 1749 ἐδάφει
994 1680 1430 1752 προσέρῥιπτον·
1472 1678 1652 1749 ἕτεροι
1688 1679 1787 1740 τὰς
1816 1679 1874 1730 ἐν

296 1775 466 1840 πίναξι
494 1775 718 1845 γραφάς
744 1773 1004 1827 πελέκεσι
1043 1771 1494 1843 διαθρύπτοντες,
1528 1769 1671 1824 κατὰ
1700 1768 1874 1839 μέσης

1973 570 2289 626 occultare?
2316 569 2526 624 Etenim
2573 583 2790 624 omnem
2820 584 2888 623 ex
2911 571 3053 639 picta
3090 569 3367 642 Evangelii
3395 575 3567 629 bistoo

1975 664 2077 729 ria,
2113 672 2524 734 martyrumque
2548 661 2943 715 certaminibus
2968 663 3249 718 abolentes
3281 667 3562 731 decorem,

1974 772 2096 813 eum
2130 757 2281 811 calce
2325 756 2551 811 subacta
2599 755 2849 810 oblinere
2883 757 3026 810 haud
3069 768 3197 812 sunt
3230 760 3412 814 veriti.
3446 762 3565 828 Qun

1978 835 2160 903 autem
2202 847 2364 903 modo
2407 861 2503 904 eos
2537 845 2762 903 allectos
2805 846 2976 901 fuisse
3014 848 3219 914 dicam,
3265 852 3355 917 qui
3393 852 3567 906 haere-

1976 955 2100 996 seos
2173 941 2395 1022 inyento
2468 942 2893 995 succumbentes
2957 956 3149 996 sanam
3212 943 3568 1000 nihilominus

1978 1033 2244 1107 rationem
2283 1034 2336 1087 in
2366 1034 2714 1089 conscientiae
2760 1032 2967 1101 judicio
2997 1035 3397 1091 invulneralam
3452 1054 3570 1094 ser-

1978 1136 2191 1189 vantes,
2225 1141 2337 1179 rem
2373 1125 2667 1180 absurdam
2716 1126 2954 1196 maligne
2980 1125 3303 1193 iubentibus
3342 1129 3570 1185 addixe-

1979 1229 2106 1273 runt
2135 1230 2379 1288 operam.
2413 1217 2477 1273 Hi
2510 1233 2643 1274 sane
2689 1233 2795 1275 non
2837 1236 2964 1275 raro
3001 1236 3142 1291 aqua
3184 1222 3403 1277 mistam
3451 1225 3569 1277 cal-

1979 1325 2096 1367 cem
2129 1310 2496 1380 perfuderuut
2528 1311 2807 1382 lacrymis,
2836 1314 2963 1382 quia
2991 1328 3102 1382 pra:
3130 1315 3355 1368 sceleris
3382 1317 3572 1370 imma-

1982 1406 2157 1458 nitate
2227 1404 2472 1458 dolorem
2515 1418 2621 1458 non
2669 1414 2919 1474 poterant
2957 1406 3324 1463 dissimulare.
3363 1408 3570 1478 Cuique
3612 1429 3637 1440 ι

1978 1497 2122 1551 enim
2153 1497 2371 1567 quidvis
2403 1497 2634 1551 audendi
2662 1498 2716 1550 in
2748 1513 2936 1554 sacras
2971 1499 3238 1571 imagines
3268 1501 3363 1571 (m)
3397 1502 3566 1557 Iiht-ra

1979 1598 2096 1642 erat
2120 1597 2362 1657 p0testas
2379 1596 2532 1657 ';cum
2553 1589 2647 1642 alii
2668 1591 2910 1660 pretiosa
2927 1605 2993 1646 ac
3016 1601 3326 1647 veneranda
3350 1595 3569 1649 cimcIia

1979 1679 2411 1749 confringerent,
2465 1679 2556 1733 alii
2619 1695 2807 1735 sacras
2853 1683 3036 1750 magni
3087 1682 3246 1751 pretii
3301 1694 3479 1740 vestes
3516 1687 3569 1739 iu

1981 1773 2220 1828 minutas
2262 1772 2506 1829 lacinias
2556 1784 2877 1842 pannosque
2938 1774 3279 1830 dissecarent
3318 1786 3375 1831 et
3421 1778 3567 1830 humi

296 1837 492 1937 ἀγοράς
509 1837 810 1934 μπρων
826 1861 1105 1932 ὠμότατα*
1132 1837 1284 1916 ἄλλοι
1305 1850 1581 1929 βαλσίτοις
1607 1837 1867 1910 καὶ-ἀλοι-

1986 1854 2310 1935 projicerent
2323 1881 2337 1931 ;
2351 1863 2445 1919 alii
2462 1864 2634 1934 pictas
2648 1864 2870 1920 tabellas
2887 1867 3175 1922 securibus
3190 1868 3574 1923 exscindeutes

296 1962 410 2031 qui;
439 1957 537 2012 καὶ
559 1957 757 2026 ὀδμαῖς
775 1953 1130 2024 ἀηδιζούσαις
1147 1956 1272 2009 ἀντὶ
1300 1953 1408 2006 τῶν
1432 1951 1638 2022 πρόσθε
1662 1949 1866 2017 θυμια-

304 2049 467 2118 μάτων
503 2045 882 2116 κατέχραινον.
926 2045 1036 2107 Καὶ
1067 2040 1136 2116 ἦν
1190 2045 1342 2108 ἰδεῖν,
1380 2043 1457 2108 ὡς
1491 2044 1550 2096 ἓν
1577 2043 1874 2112 ἀπαγωγῇ,

306 2139 725 2212 συμπατούμενα
775 2138 843 2190 τά
886 2136 996 2189 τῶν
1026 2135 1189 2189 θείων
1238 2135 1377 2188 νεῶν
1412 2134 1769 2205 ἀναθήματα·
1808 2130 1879 2204 ἧν

313 2235 427 2290 ἰδεῖν
452 2233 522 2287 τὰ
559 2231 782 2294 πολλοῖς
826 2230 1084 2301 ἄψαυστα
1119 2230 1216 2282 καὶ
1262 2229 1493 2291 ἀθέατα,
1530 2227 1684 2297 χερσὶ
1714 2225 1877 2297 βεδή-
1908 2262 1913 2265 λ

310 2328 411 2391 λοις
434 2325 721 2395 ἑλκόμενα;
752 2323 847 2376 καὶ
900 2320 1432 2392 παντὶσπροκείμενα
1461 2319 1720 2389 θέατρον·
1754 2334 1878 2372 ποι-

304 2420 459 2491 μένας
512 2418 627 2473 τῶν
688 2414 1031 2486 Ἐκκλησιῶν
1068 2412 1509 2481 ἐξωθουμένους,
1542 2412 1637 2465 καὶ
1681 2409 1879 2472 λύκους

299 2512 719 2582 πιστευομένους
770 2510 835 2570 τὸ
859 2509 1141 2579 ποίμνιον,
1196 2506 1329 2570 τοὺς
1362 2507 1470 2559 στὸν
1518 2505 1678 2576 ὀρθὸν
1721 2504 1879 2572 λόγον

295 2603 703 2677 πρεσϐεύοντας
745 2599 1223 2672 ἀπεληλαμένους,
1274 2599 1372 2653 καὶ
1426 2599 1556 2661 τοὺς
1602 2596 1697 2649 τὸν
1732 2596 1879 2649 ὅσιον

291 2697 440 2766 λόγον
503 2694 1000 2768 βδελυσσομένους,
1027 2694 1163 2757 ’τοὺς
1187 2691 1516 2754 ἀνευθύνους
1552 2691 1629 2755 ὡς
1658 2690 1878 2760 ἐνόχους

287 2791 706 2862 εύθυνομέκδους,
745 2788 841 2842 καὶ
881 2788 1012 2850 τοῦς
1044 2785 1340 2856 μαστιγίας
1371 2786 1467 2837 ἐπὶ
1500 2783 1709 2855 θρόνων
1731 2783 1879 2835 ἀντι⁸

284 2880 716 2951 καθεζομένους,
749 2877 1051 2947 κληρικοὺς
1094 2874 1434 2946 ἐμπαιγμῶν
1465 2874 1563 2928 καὶ
1595 2871 1880 2943 μαστίγων

284 2974 471 3044 πεῖραν
504 2956 915 3042 λαμϐάνοντας,
956 2969 1054 3023 καὶ
1086 2970 1332 3043 εἱρκταῖς
1362 2967 1657 3034 ἀδιεξόδοις
1701 2964 1884 3036 ἐμμέ-

281 3082 525 3129 νοντας,
573 3063 704 3127 τοὺς
746 3062 869 3117 καθ’
908 3063 1061 3132 ἡμᾶς
1108 3059 1461 3133 Ναζηραίους
1521 3058 1733 3124 αἰκίαις
1783 3058 1879 3112 καὶ

279 3156 420 3227 λιμῷ
460 3154 568 3210 καὶ
609 3155 754 3225 δίψει
797 3153 894 3208 καὶ
948 3154 1188 3225 μακραῖς
1243 3154 1513 3224 φρουραῖς
1558 3151 1654 3206 καὶ
1691 3152 1879 3214 πόνοις
1908 3177 1955 3240 c

281 3248 676 3321 πιεζομένους,
709 3245 804 3300 καὶ
838 3246 1033 3317 μέχρις
1060 3245 1308 3316 ἐσχάτων
1326 3244 1589 3298 κινδύνων
1610 3244 1878 3314 ἐγκαρτε-

284 3338 509 3411 ροῦντας
564 3339 677 3399 τοῖς
722 3336 975 3399 πάθεσιν,
1005 3336 1134 3400 τοὺς
1168 3335 1268 3405 μέν
1306 3335 1368 3388 τὸ
1414 3333 1515 3407 ζῇν
1550 3333 1657 3388 διά-
1690 3332 1878 3404 ξίφους

278 3429 724 3502 ζημιουμένους,
766 3428 893 3491 τοὺς
928 3428 986 3482 δέ
1020 3427 1252 3491 σάκκοις
1284 3425 1754 3498 ἐνδεσμουμένους
1782 3425 1879 3478 καὶ

279 3521 438 3593 δίκην
482 3522 658 3575 λίθων
696 3521 1141 3593 καταδυομένους
1185 3523 1301 3584 τοῖς
1353 3518 1565 3581 ὕδασιν.
1606 3521 1877 3587 γυναῖκας

278 3614 367 3670 ἐπ’
395 3613 522 3685 ὕψει
571 3614 960 3685 γυμνουμὲνας
991 3613 1261 3685 ἀρῤένων,
1283 3612 1380 3665 καὶ
1423 3610 1739 3675 καταδίκοις
1785 3611 1877 3663 ίσα

276 3709 631 3778 τεινομένας,
663 3708 760 3761 καὶ
811 3706 1245 3777 μαστιζομένας,
1275 3705 1373 3759 καὶ⁹
1420 3705 1602 3759 πάντα
1628 3705 1717 3759 διὰ
1746 3705 1884 3779 Χριέ

279 3795 401 3851 στδν
431 3795 717 3869 φερούσας
742 3797 1127 3869 ἠνδρειωμένῳ
1166 3798 1498 3869 φρονήματι.

1980 1955 2161 2009 medio
2187 1952 2391 2009 infero
2432 1954 2816 2009 crudelissime
2852 1954 3247 2020 incenderent;
3297 1954 3387 2009 alii
3432 1964 3576 2009 ster-

1981 2059 2128 2111 core,
2160 2046 2515 2116 uncturisque
2543 2059 2609 2100 ac
2633 2045 2791 2100 tetris
2828 2046 3090 2101 odoribus
3126 2047 3371 2116 priorum
3418 2048 3570 2101 stilli-

1982 2144 2133 2191 tuum
2168 2138 2290 2192 loco
2328 2137 2715 2193 obiinirent‘ac
2747 2136 2892 2192 foede
2922 2139 3294 2207 deturparent.
3324 2138 3572 2195 Vidisses

1981 2229 2130 2283 velut
2152 2230 2204 2285 in
2235 2231 2556 2300 captivitate
2583 2230 2770 2285 hbstili
2805 2245 3086 2285 sacrarum
3118 2230 3315 2286 zrdinm
3343 2234 3572 2287 concul-

1983 2319 2097 2375 cari
2146 2320 2398 2387 dnnaria,
2431 2325 2497 2375 et‘
2535 2336 2653 2390 quae
2695 2320 2854 2390 vulgo
2900 2320 3100 2375 intacta
3148 2322 3366 2378 fuerant
3411 2335 3574 2394 atque

1982 2411 2286 2482 inaspecta.
2318 2412 2563 2481 profanis
2613 2413 2754 2466 trahi
2810 2413 3099 2480 manibus,
3150 2429 3214 2469 ac
3252 2417 3575 2485 promiscuae

1983 2504 2153 2573 plebis
2179 2506 2375 2575 exponi
2423 2505 2736 2573 spectaculo
2764 2507 2882 2561 τοι)
2913 2505 3176 2562 Ecclesiis
3211 2508 3409 2577 expelli
3444 2523 3573 2579 pas-

1984 2605 2152 2664 tores,
2187 2608 2243 2651 et
2272 2598 2426 2666 lupos
2452 2598 2710 2668 gregibus
2737 2598 2942 2667 pratici
2980 2617 2994 2654 :
3029 2600 3203 2671 fugari
3234 2600 3329 2670 qui
3363 2612 3569 2658 rectam

1983 2689 2286 2743 doctrinam
2320 2688 2748 2757 proﬁtebantur,
2790 2690 2988 2760 quibus
3019 2705 3156 2746 vero
3205 2680 3573 2750 exsecratioui

1985 2782 2075 2836 illa
2112 2791 2253 2846 erat,
2278 2795 2373 2836 eos
2395 2780 2450 2835 in
2472 2782 2805 2838 domesticos
2832 2793 2888 2838 et
2912 2785 3252 2841 necessarios
3272 2786 3439 2856 recipi
3465 2786 3569 2858 (η).

1984 2872 2145 2929 Viros
2168 2872 2417 2927 innoxios
2440 2888 2537 2929 ceu
2557 2888 2681 2928 reos
2703 2875 3575 2948 tribunalibussisti,vicissimque

1982 2963 2273 3035 flagriones
2294 2966 2590 3034 praesidere
2608 2966 2860 3035 iudiciis;
2884 2968 3118 3025 clericos
3155 2969 3386 3025 ludibria
3408 2981 3572 3043 atque

1984 3057 2212 3113 verbera
2239 3067 2521 3127 expertos,
2552 3056 2887 3114 ﬁrmissimis
2930 3062 3293 3133 undequaque
3319 3076 3574 3136 ergastu-

1988 3148 2067 3202 Iis.
2089 3147 2362 3216 detineri;
2414 3148 2704 3206 Nazaracos
2743 3160 2964 3207 nostros
3016 3155 3356 3221 verberibus,
3407 3156 3571 3227 fame,

1985 3242 2100 3310 siti,
2141 3241 2420 3298 diuturnis
2459 3243 2775 3298 carceribus
2818 3258 2885 3299 ac
2915 3245 3198 3301 laboribus
3241 3259 3571 3309 maceratos.

1986 3333 2056 3389 ad
2086 3340 2332 3389 extrema
2369 3348 2542 3403 usque
2588 3336 2830 3405 pericula
2868 3337 3011 3392 inter
3058 3340 3335 3395 cruciatus
3384 3356 3574 3410 perseo

1985 3439 2181 3481 verare
2207 3444 2223 3481 :
2250 3434 2306 3481 et
2342 3426 2535 3483 horum
2568 3428 2790 3497 quidem
2818 3428 2955 3485 alios
2981 3430 3163 3501 gladio
3192 3433 3363 3486 vitam
3410 3437 3576 3488 amit-~

1989 3529 2133 3586 tere;
2177 3518 2317 3575 alios
2352 3520 2524 3575 culeis
2592 3521 2875 3586 inclusos,
2928 3524 3252 3594 vinctosque
3315 3541 3572 3582 saxorum

1992 3628 2144 3668 more
2168 3615 2281 3669 alto
2316 3613 2512 3684 pelago
2538 3614 2802 3686 demergi.
2834 3615 3091 3673 Fetninas
3115 3634 3244 3674 vero
3272 3619 3409 3675 viris
3432 3634 3579 3690 spec-

1993 3706 2236 3762 tantibus
2265 3707 2552 3771 denudari,
2580 3723 2643 3764 ac
2670 3709 2818 3763 velut
2845 3723 2968 3766 reas
2991 3711 3222 3780 equuleo
3250 3712 3480 3767 distendi
3512 3729 3574 3767 ac

1990 3798 2145 3865 caedi,
2180 3799 2360 3853 omnia
2398 3799 2536 3853 virili
2578 3812 2741 3854 sensu
2774 3800 2981 3857 Christi
3020 3818 3184 3859 causa
3216 3804 3575 3874 perferentes.

1726 4001 1959 4062 CAPUT
1998 4002 2138 4059 XIII.

279 4135 544 4212 Impietas
576 4147 624 4192 et
662 4139 834 4193 ardes
873 4112 1060 4193 Leonis
1118 4138 1355 4195 Armeni.
1389 4141 1666 4196 Successio
1717 4141 2002 4268 Μκεζιαείὲε
2034 4144 2195 4225 βείω
2242 4144 2407 4198 etiam
2451 4145 2842 4210 Iconoclastrc;
2876 4149 2951 4203 ad
2979 4164 3098 4202 eum
3153 4152 3374 4215 epistola
3408 4154 3580 4206 sancti

1828 4231 1941 4268 scen
1983 4232 2088 4268 ori.
2166 4264 2173 4268 .

1828 4231 2088 4283 icepuort.
2166 4264 2173 4269 .

344 4356 424 4405 π’.
457 4350 579 4404 Καὶ
609 4350 787 4405 ταῦτα
821 4352 921 4421 μέν
952 4352 1083 4423 περὶ
1114 4352 1184 4405 τὰ
1213 4351 1354 4417 θεῖα,
1396 4353 1494 4406 καὶ
1524 4354 1654 4417 τοὺς
1682 4353 1770 4407 διὰ
1798 4371 1884 4407 τι-

280 4443 393 4513 μῆς
417 4444 667 4512 ἄγοντας
687 4442 885 4507 ταῦτα,
915 4444 945 4496 ὀ
975 4443 1281 4515 μισαλὴθης
1308 4444 1664 4500 ἐπεδείκνυτο
1690 4444 1844 4500 Λέων
1862 4459 1879 4477 ο

277 4535 375 4599 τὰς
405 4535 467 4590 δὲ
506 4535 833 4605 φιλοτησίας
862 4535 984 4607 ἦτοι
1015 4534 1270 4601 σπονδάς,
1288 4535 1371 4599 ἃς
1399 4536 1535 4607 πρὸς
1562 4538 1689 4600 τοὺς
1721 4538 1881 4609 ἀγχι-

2060 4354 2153 4410 80.
2193 4354 2259 4410 Et
2283 4355 2398 4409 haec
2430 4356 2653 4425 quidem
2707 4356 2856 4411 circa
2882 4357 3094 4424 divina,
3125 4372 3189 4412 ac
3222 4374 3316 4414 eos
3368 4360 3459 4428 qui
3493 4362 3580 4430 pia

1993 4446 2258 4517 religione
2308 4446 2416 4502 illis
2461 4461 2523 4501 se
2579 4449 2959 4518 impenderent
3007 4462 3038 4503 a
3075 4449 3258 4506 Leone
3322 4454 3571 4506 veritatis

1991 4553 2152 4594 osore
2175 4549 2385 4609 patrata
2418 4539 2662 4593 facinora
2700 4550 2847 4595 sunt.
2879 4540 3012 4607 Quis
3056 4552 3239 4598 autem
3295 4545 3572 4599 amicitias

276 4627 564 4699 τέρμονας
585 4627 822 4691 Οὔννους
850 4606 1149 4683 ἐσπείσατο
1165 4627 1347 4691 οὕτως
1358 4628 1598 4703 αἰσχρῶς
1623 4629 1720 4684 καὶ

1989 4606 2415 4700 οιᾳιιο-ίωιίοτο
2475 4632 2711 4700 turpiter
2767 4647 2831 4688 ac
2891 4634 3150 4690 indecore
3215 4650 3337 4691 cum
3387 4639 3581 4693 vicinis

280 4736 443 4793 σμως
469 4720 984 4793 ἀποπερανθείσας,
1013 4721 1097 4785 τίς
1135 4722 1237 4775 οὐκ
1266 4721 1334 4776 ἂν
1361 4719 1723 4794 ἐπιδακρύσοι
1756 4721 1884 4794 θερ-

345 4900 449 4972 (m)
487 4903 556 4954 In
581 4900 774 4955 eadem
805 4901 1102 4972 appendice
1140 4917 1155 4957 :
1194 4921 1214 4954 ι
1248 4903 1522 4970 imagines
1552 4918 1650 4972 per
1688 4902 1882 4959 Eccle-

280 4970 392 5024 aias
432 4973 625 5042 ubivis
653 4971 1153 5042 erectasrtleposnit
1174 4981 1227 5026 et
1256 4970 1583 5032 combussit.
1617 4990 1885 5042 sacraque

282 5056 408 5112 vasa
468 5041 683 5112 cst-latis
733 5041 1060 5112 imaginibus
1109 5043 1339 5112 insignia
1392 5046 1674 5098 contrivit.
1718 5064 1736 5096 ι
1773 5041 1884 5100 Leo

281 5107 698 5164 Grammaticus
731 5128 744 5164 :
782 5122 811 5159 ι
836 5107 1075 5165 Primum
1114 5107 1327 5168 sacram
1367 5129 1583 5166 omnem
1609 5130 1673 5168 ex
1702 5115 1882 5170 eccle-

277 5182 375 5232 siis
401 5181 636 5249 deponit
671 5181 899 5246 ﬁguram
930 5198 944 5234 :
972 5183 1169 5237 exinde
1215 5184 1419 5237 Christi
1450 5185 1529 5236 vel
1562 5186 1737 5238 sancti
1776 5185 1878 5239 ali-

279 5249 436 5316 cujus
471 5253 744 5318 imagines
775 5252 977 5304 habere
1022 5263 1287 5320 repertos,
1333 5253 1485 5308 duris
1516 5254 1796 5322 suppliciis
1824 5265 1880 5309 et

279 5329 466 5392 morte
491 5322 831 5392 damnabat;
865 5322 941 5375 ita
965 5332 1023 5375 ut
1046 5324 1255 5377 nobiles
1280 5323 1545 5392 plurimos
1568 5333 1622 5377 et
1640 5326 1876 5379 illustres

278 5390 426 5443 viros
459 5388 820 5444 interfecerit.
864 5409 885 5441 ›

352 5461 436 5531 (η)
470 5459 535 5514 In
577 5462 720 5533 dicta
750 5460 1047 5530 appendice
1083 5478 1097 5516 :
1134 5481 1156 5513 ι
1182 5461 1466 5516 Olunutire
1489 5466 1637 5517 ausis
1670 5463 1877 5533 linguas

278 5532 546 5600 abscidit,
583 5531 720 5584 istos
753 5534 1001 5585 contudit
1041 5534 1380 5600 verberibus,
1428 5534 1566 5587 alios
1613 5531 1865 5587 delatori.

280 5599 383 5671 bus
410 5612 470 5653 et
504 5603 688 5669 impiis
731 5603 1039 5657 hominibus
1083 5604 1369 5669 institutis,
1399 5604 1706 5671 ubicunque
1741 5606 1875 5660 alios

283 5670 386 5722 sibi
422 5686 537 5742 non
576 5673 1042 5728 communicantes
1084 5674 1411 5742 reperirent,
1462 5670 1707 5729 accusari
1747 5690 1871 5742 per-

283 5742 454 5810 misit.
487 5739 762 5810 Repertns
791 5752 971 5796 autem
1004 5739 1322 5798 verberibus
1353 5744 1707 5799 intolerandis
1743 5739 1872 5797 Sub-

280 5807 533 5877 jiciebat,
571 5807 851 5868 facultates
874 5812 1093 5883 publico
1119 5813 1425 5882 addicebat,
1452 5824 1506 5871 et
1534 5815 1584 5867 in
1602 5815 1867 5870 exsilium

1994 4721 2206 4778 Hunnis
2234 4723 2305 4779 ab
2332 4723 2426 4778 illo
2461 4724 2622 4791 inita,
2659 4724 3043 4782 fervidissimis
3068 4727 3327 4801 lacrymis
3351 4747 3460 4786 non
3484 4734 3581 4786 de-

1993 4902 2249 4974 pellcbat,
2268 4920 2375 4961 non
2404 4906 2556 4963 viros
2578 4906 2776 4973 solum,
2811 4909 2907 4965 sed
2939 4919 2994 4965 et
3019 4912 3340 4967 mulieres...
3370 4915 3423 4968 In
3452 4916 3584 4969 alie-

1994 4992 2094 5030 nas
2122 4979 2376 5044 regiones
2416 4980 2615 5032 missos
2645 4995 2673 5031 a
2708 4979 2950 5035 lci-orum
2979 4982 3237 5046 dominis,
3278 4986 3583 5044 gentilitate

1993 5049 2251 5109 detentis,
2300 5050 2691 5117 comprehendi
2747 5064 2919 5105 novus
2974 5052 3348 5107 Autichristus
3405 5054 3582 5108 lactus

1991 5119 2223 5190 curabat
2257 5135 2271 5169 :
2305 5132 2371 5171 ex
2443 5132 2551 5190 quo
2602 5121 2888 5189 episcopos
2942 5130 2995 5174 et
3046 5125 3343 5176 monachos
3400 5125 3582 5190 plures

1991 5186 2216 5259 occidit,
2248 5196 2303 5240 et
2328 5188 2523 5243 exsilio
2567 5186 2824 5244 multatos
2858 5191 3144 5259 episcopos
3193 5195 3358 5245 maris
3388 5186 3583 5249 insulis

1993 5256 2234 5317 inclusit,
2289 5261 2587 5313 monachus
2640 5256 2933 5314 revocavit.
2972 5278 2992 5311 ι
3037 5256 3244 5325 Quibus
3290 5263 3475 5317 verbis
3514 5279 3583 5318 ea

1987 5326 2271 5400 Appendix
2299 5328 2483 5400 linitur
2501 5332 2815 5383 alrauctore
2841 5331 3151 5400 synchrouo
3186 5333 3411 5400 scripta.
3432 5333 3583 5389 Inter

1988 5399 2288 5472 inopachos
2318 5398 2415 5452 fuit
2442 5398 2924 5472 sanctusNicetas,
2952 5402 3002 5472 iu
3027 5400 3182 5468 cujus
3203 5398 3322 5455 Vita
3345 5405 3580 5472 legitur:

1994 5483 2013 5516 ι
2056 5466 2280 5541 Talibus
2335 5483 2428 5522 eos
2486 5466 3121 5541 tortncntisJaﬂ'ecisse,
3178 5466 3428 5541 qualibus
3480 5491 3582 5529 nec

1986 5537 2230 5615 gentiles
2261 5550 2530 5609 martyres
2564 5541 2709 5615 ipsos
2742 5538 3115 5615 amiserant...
3151 5537 3349 5611 quibus
3390 5546 3583 5615 singu-

1985 5605 2054 5660 lis
2084 5622 2180 5676 per
2204 5605 2449 5683 foramen
2485 5605 2752 5683 quoddam
2780 5605 3226 5678 angustissiuuun
3252 5617 3406 5681 panis
3434 5605 3585 5683 eius.

1985 5680 2289 5752 qneputidi
2325 5679 2563 5752 unciam,
2599 5682 2744 5752 velut
2775 5683 3028 5752 canibus,
3064 5679 3495 5752 projiciebant...
3525 5695 3583 5741 et

1985 5749 2257 5817 paululum
2289 5749 2487 5818 putidee
2518 5763 2670 5818 aqua:
2697 5750 2952 5806 dabatur.
2983 5771 3001 5805 ι
