3978 6422
289 416 392 482 M5

1811 428 2015 491 VlTA.

3467 433 3571 496 HG

280 533 375 589 καὶ
400 527 620 604 χρόνους
669 529 952 603 βασιλείας
994 532 1376 603 ὲγκυμονῆσαι
1410 531 1611 606 ζητῶν,
1648 535 1865 607 ὡκυμό·

1974 540 2377 611 persecutionis
2406 540 2704 605 fabricans,
2732 542 2908 609 atque
2932 541 3193 597 adversus
3239 545 3379 611 pios,
3416 548 3567 595 velut

282 643 376 699 pou
418 623 563 694 ζωῆς
596 624 868 689 ἀπέτεκες
918 624 1337 698 ἀμϐλωθρίδια;
1380 626 1507 691 Πῶς
1534 628 1586 683 οἱ
1613 630 1722 684 ἀπὺ
1752 647 1867 685 κοι-

279 718 399 781 λίας
421 716 731 787 φωνοῦντες
773 718 1180 789 γραμματικοὶ,
1224 717 1420 788 μισθοῦ
1451 719 1552 792 τὴν
1592 721 1869 791 βασιλείαν

278 812 406 881 ὑμῖν
454 808 875 881 καθορίζοντες,
936 809 1033 863 καὶ
1097 810 1323 881 μακρὰν
1379 812 1673 884 εὐετηρίαν
1735 815 1867 886 ὑμῖν

277 901 653 973 ἐρευγόμενοι,
682 901 779 971 τὴν
809 902 952 971 κατά
981 902 1077 955 σοῦ
1110 903 1206 956 τοῦ
1239 903 1430 973 ξίφους
1472 903 1634 976 βολὴν
1673 922 1867 975 μαντι-

276 995 386 1058 κῶς
419 995 482 1049 οὐ
513 992 889 1064 προέσλεψανς
918 994 1044 1059 Πῶς
1073 995 1125 1048 oi
1155 996 1358 1051 πεκταὶ
1386 996 1482 1050 κα)⁸
1536 996 1868 1067 ἀ-μαξασπαὶ

278 1086 390 1158 (50)
426 1088 497 1140 τὰ
515 1087 618 1157 τῆς
655 1087 756 1158 σῆς
792 1086 1028 1158 ἀπειλῆς
1068 1087 1379 1160 ἀκροθίνια,
1432 1088 1536 1159 τὴν
1583 1089 1869 1161 ὁρωμένην

275 1181 561 1251 ἀσχήμονα
584 1179 740 1246 θέαν,
773 1181 871 1236 καὶ
904 1180 1015 1236 τῶν
1048 1182 1305 1252 ὑφαίμων
1344 1181 1568 1252 ἀτίμων
1601 1184 1671 1238 τὰ
1700 1182 1865 1256 αῑσχη

277 1272 656 1344 Μρέὅλεψανς
684 1273 797 1328 Ποῦ
820 1273 881 1327 τὸ
902 1275 1005 1344 τῆς
1026 1274 1156 1329 ἁλου
1166 1276 1347 1347 ργίδος
1371 1276 1633 1349 διάδημα,
1655 1277 1685 1330 ὃ
1714 1279 1866 1349 παρά

276 1363 370 1433 τῆς
403 1363 735 1433 Ἑκκλησίας
762 1363 952 1418 λαὸὼν
985 1364 1277 1435 τδυταύτης
1305 1366 1502 1436 στέφος
1529 1368 1865 1440 ἀπέκειρας;

276 1455 398 1518 Πῶς
440 1456 690 1526 σήμερον
723 1457 940 1528 νεκρὸς,
961 1460 991 1511 ὁ
1015 1457 1142 1527 χθὲς
1163 1459 1429 1530 σοϐαρόςς
1465 1460 1590 1524 Πῶς
1622 1461 1867 1533 πληγαῖς

277 1547 655 1616 κατάστικτος,
679 1549 710 1600 ό
760 1548 931 1603 πάλαι
968 1551 1112 1605 κατὰ
1157 1550 1266 1604 τῶν
1306 1551 1481 1620 ἁγίων
1529 1552 1866 1617 ἁκάθεκτος;

280 1638 386 1693 ΙΙοῦ
418 1639 487 1693 τὰ
525 1639 674 1694 κατά
697 1640 794 1695 τοῦ
830 1642 1072 1711 μεγάλου
1117 1641 1379 1713 ποιμένος
1418 1644 1746 1715 τυρεύματα
1774 1643 1867 1698 καὶ

279 1730 585 1802 όνειρώδεις
637 1732 737 1786 καὶ
797 1734 1141 1807 ἀνύπαρκτοι
1193 1734 1453 1805 ἔρευναι,
1495 1735 1564 1798 ἃς
1620 1735 1869 1802 ὲξέλιπες

281 1819 572 1890 ἐξερευνῶν
609 1821 1022 1894 ἀκατάληπτα;
1058 1826 1135 1879 Οὐ
1173 1825 1282 1898 γὰρ
1314 1825 1600 1897 ἐξίσχυσεν
1637 1826 1671 1897 ἡ
1701 1827 1865 1898 ζητη-

1976 626 2125 686 alter
2149 646 2217 686 ex
2249 630 2419 702 Cyrse
2454 629 2783 686 Salmoneus
2806 629 2878 701 (r)
2902 671 2916 696 ,
2954 629 3320 689 furiosissime
3340 633 3571 687 tonans?

1974 720 2092 788 Quo
2134 723 2422 792 praestigia:
2470 722 2747 788 abierunt,
2783 721 2981 791 quibus
3014 723 3264 779 initiatus
3312 739 3379 779 ac
3431 739 3559 779 con-

1972 824 2297 880 summates,
2330 815 2522 885 longos
2569 814 2781 884 imperii
2820 829 2994 870 annos
3044 804 3295 885 quaerens
3346 831 3565 885 parere,

1974 910 2097 965 vitae
2130 910 2398 965 brevioris
2418 911 2680 965 aborsum
2706 909 2970 964 edidisti?
2997 909 3229 976 Quinam
3263 911 3315 964 id
3336 909 3560 971 factum.

1972 1010 2033 1056 ut
2069 1001 2161 1073 qui
2195 1016 2262 1058 ex
2293 1013 2448 1058 utero
2466 1016 2655 1057 vocem
2673 1002 2874 1058 dabant
2902 1003 3267 1071 grammatici,
3290 1004 3558 1059 mercedis

1972 1095 2093 1152 loco
2125 1097 2409 1166 imperium
2430 1095 2524 1152 tibi
2548 1095 2896 1159 deﬁnientes,
2922 1095 3154 1164 vitaeque
3185 1096 3444 1168 longioris
3467 1112 3564 1149 au-

1974 1202 2075 1243 nos
2098 1189 2288 1244 beatos
2307 1196 2642 1253 eructantes,
2677 1187 2864 1259 gladii,
2911 1200 3022 1257 quo
3055 1187 3398 1256 hnpetendus
3416 1203 3564 1247 eras.

1972 1282 2141 1336 ictum
2186 1294 2467 1350 nunquam
2500 1278 2891 1344 divinaverint,
2918 1274 3291 1348 vaticinioque
3315 1280 3565 1347 provide-

1973 1372 2120 1426 rint?
2141 1370 2422 1438 Quomodo
2444 1370 2647 1441 compti
2680 1370 2755 1425 illi
2785 1369 3045 1440 fetusque
3068 1370 3219 1436 elati,
3253 1370 3454 1431 excidii
3487 1374 3562 1424 tui

1973 1463 2266 1535 primitias,
2289 1463 2712 1532 expositumque
2733 1462 2907 1518 oculis
2933 1460 3137 1519 infame
3162 1462 3560 1530 spectaculum.

1972 1568 2030 1613 et
2054 1566 2376 1627 agnatorum
2406 1556 2706 1613 honoribus
2725 1556 3085 1627 spoliatorem
3113 1557 3313 1622 probra
3343 1556 3563 1626 obliquo

1973 1648 2318 1718 aspicientes,
2350 1648 2405 1703 in
2447 1648 2516 1703 iis
2543 1647 2861 1705 hallucinati
2887 1645 3051 1702 sunt?
3092 1645 3192 1702 Ubi
3219 1660 3552 1717 purpureum

1971 1742 2244 1807 diadema,
2289 1740 2434 1811 quod
2465 1741 2535 1796 ab
2565 1739 2812 1797 Ecclesia
2850 1750 3065 1805 nactus,
3097 1737 3270 1806 ipsius
3297 1751 3557 1793 coronam

1972 1827 2307 1885 detondisti?
2338 1828 2625 1895 Quomodo
2668 1829 2832 1884 hodie
2875 1836 3147 1894 mortuus,
3177 1828 3269 1897 qui
3307 1827 3423 1882 heri
3458 1842 3554 1881 ar-

283 1913 398 1983 τική
428 1928 520 1965 σου
557 1913 775 1969 ἐπίνοια
795 1955 811 1981 ,
840 1915 1015 1969 πολλὰ
1045 1916 1306 1987 καμοῦσα
1346 1919 1442 1972 καὶ
1485 1912 1661 1973 πολλὰ
1700 1918 1856 1989 μελε-

1974 1936 2158 1991 rogans
2189 1929 2355 1990 atque
2378 1921 2688 1988 superbus?
2720 1918 3011 1989 Quomodo
3043 1918 3138 1988 qui
3172 1919 3460 1989 impotenti
3502 1918 3554 1970 in

284 2008 504 2076 τήσασι,
535 2006 831 2074 ἐφικέσθαι
861 2008 1001 2078 πρὸς
1035 2008 1207 2079 μόνην
1233 2010 1405 2081 ἀκοὴν
1435 2010 1713 2082 φέρουσαν
1733 2010 1857 2065 κατ’

291 2095 439 2149 αὑτοῦ
486 2095 846 2167 μολύσματος
891 2100 1065 2159 αίτιον
1103 2097 1277 2164 ἄξιον.
1326 2100 1548 2173 Ἐπειδὴ
1593 2102 1652 2155 δὲ
1695 2103 1857 2171 ἀμοι-

298 2187 405 2258 ροίη
448 2186 535 2242 τοῦ
584 2189 725 2260 πρὸς
787 2191 1084 2264 ἀπόκρισιν
1140 2193 1335 2262 λόγου,
1386 2193 1576 2248 τοῦτον
1626 2194 1859 2265 ἀφέντες

294 2278 497 2347 ἄπνουν,
539 2281 621 2351 τῷ
666 2282 863 2338 ἑαυτοῦ
912 2285 1406 2357 συμμολυνόμενον
1455 2285 1748 2357 πτώματι,
1788 2289 1854 2357 τῇ

289 2371 373 2424 τοῦ
400 2372 627 2444 αἵματος
667 2376 976 2449 ραθὰμιγγι
1007 2377 1320 2449 βάλλεσθαι,
1368 2380 1462 2433 ἐπὶ
1488 2379 1558 2433 τὰ
1603 2380 1732 2450 ἑξῆς
1756 2378 1853 2433 τοῦ

283 2462 427 2532 λόγου
463 2469 772 2539 προΐωμεν.

1966 2022 2187 2068 sanctos
2224 2023 2395 2069 (nstro
2444 2012 2736 2079 ferebaris,
2772 2028 2918 2071 nunc
2954 2010 3127 2083 plagis
3156 2012 3562 2083 compunctus?

1968 2097 2071 2160 Ubi
2104 2105 2211 2161 ilhc
2234 2107 2497 2162 adversus
2523 2120 2780 2177 magnum
2804 2114 3079 2175 pastorem
3115 2103 3328 2159 insidiae
3359 2103 3558 2158 insom-

1967 2196 2181 2266 niisque
2217 2197 2427 2254 similes
2456 2212 2523 2254 ac
2561 2213 2714 2251 vanat
2761 2196 3073 2267 indagines,
3121 2210 3258 2264 quas
3301 2193 3553 2249 defecisti

1966 2302 2074 2342 non
2104 2288 2966 2371 cornprehendenda‘scrutatus7
3001 2285 3149 2365 Non‘
3177 2286 3323 2341 enim
3381 2286 3558 2357 potuit

1966 2379 2182 2435 subtilis
2212 2380 2495 2450 inquisitio
2542 2390 2657 2446 tua,
2689 2380 2863 2435 multo
2891 2380 3059 2435 etiam
3090 2379 3278 2436 labore
3331 2393 3395 2432 ac
3429 2390 3552 2433 me-

1964 2469 2234 2524 ditatione
2268 2484 2393 2537 usa,
2428 2471 2512 2526 vel
2541 2472 2731 2526 auditu
2764 2471 2879 2525 solo
2908 2469 3148 2541 assequi,
3181 2468 3331 2543 quod
3366 2469 3443 2526 illi
3475 2468 3559 2523 la~

278 2554 354 2609 bis
376 2558 581 2613 crimen
605 2557 864 2616 inferres.
904 2562 1107 2617 Verum
1144 2563 1271 2633 quia
1319 2563 1553 2618 facultas
1578 2562 1851 2618 sermonis
1892 2561 2070 2639 ipsum
2104 2560 2308 2627 deficit,
2334 2561 2429 2618 ilio
2453 2563 2572 2617 sine
2631 2563 2825 2632 spiritu
2888 2562 3110 2635 vitaque
3175 2565 3391 2631 relicto,
3420 2563 3556 2617 dum

274 2662 363 2705 sua
381 2664 495 2705 com
508 2652 818 2709 rnacnlatus
839 2653 995 2709 ruina
1015 2655 1072 2709 in
1098 2658 1317 2735 proprio
1340 2657 1616 2712 volutatur
1637 2671 1859 2722 cruore,
1899 2656 1966 2710 ad
1988 2669 2053 2709 ea
2083 2668 2206 2722 quae
2235 2654 2507 2710 sermonis
2567 2666 2696 2711 sunt
2727 2656 2932 2726 reliqua
2958 2656 3338 2728 procedamus.

338 2741 442 2815 πβ’.
487 2745 922 2819 Ἐπικοσμεῖται
949 2748 1132 2804 τοίνυν
1152 2750 1232 2822 τῷ
1264 2751 1366 2822 τῆς
1401 2751 1682 2823 βασιλείας
1710 2752 1739 2805 ὀ
1773 2752 1861 2808 δε-

273 2832 483 2905 σμώτης
525 2838 647 2906 μετ’
672 2838 838 2892 αὐτὸν
871 2839 1191 2912 διαδήματι,
1220 2841 1280 2907 ὃς
1309 2844 1369 2896 ὲν
1401 2842 1618 2897 ἐλπίσιν
1647 2842 1723 2897 ὣν
1761 2843 1861 2897 σὺν

268 2929 329 2997 τῇ
363 2927 460 2999 τῆς
492 2927 686 3003 ζώνης
723 2931 968 3005 ἀποϐολῇ
1024 2935 1119 2988 καὶ
1165 2934 1339 3005 αὐτῆς
1388 2935 1489 3005 τῆς
1530 2934 1675 3007 ζωῆς
1725 2936 1862 2989 ὑπο-

272 3023 443 3091 guivat
471 3023 587 3093 τὴν
618 3027 882 3096 στέρησιν
901 3067 916 3091 ,
947 3027 1027 3091 ὡς
1049 3028 1116 3082 ὲκ
1140 3025 1307 3098 βυθοῦ
1336 3027 1447 3082 τῶν
1475 3027 1693 3098 δεσμῶν
1725 3029 1860 3082 ἀνα-

269 3109 613 3182 νηξάμενος,
651 3116 996 3189 στεφηφόρος
1043 3118 1170 3171 ἀντὶ
1212 3118 1557 3190 δεσμοφόρου
1597 3119 1859 3173 καθίστα-

2035 2749 2127 2805 82.
2175 2747 2417 2807 Ornatur
2447 2752 2655 2822 itaque,
2706 2752 2799 2821 qui
2853 2751 2907 2806 in
2943 2751 3176 2806 vinculis
3224 2759 3364 2813 erat,
3412 2748 3557 2803 illius

1965 2859 2275 2910 successor,
2306 2844 2613 2899 diademate
2647 2843 2798 2912 regio
2834 2860 2848 2896 :
2884 2843 2977 2914 qui
3018 2858 3155 2897 zona
3203 2844 3400 2912 posita,
3435 2840 3555 2893 vita-

1964 2947 2182 3004 quoque
2207 2932 2479 3003 iacturam
2504 2941 2657 2987 certo
2676 2932 3053 3001 exspectabat,
3089 2932 3199 2985 imo
3233 2931 3396 2985 veluti
3423 2944 3551 2998 gnr-

1965 3028 2078 3095 gite
2104 3024 2347 3079 carceris
2371 3037 2657 3095 emergens
2686 3023 2901 3078 vincula
2933 3024 2985 3078 in
3006 3033 3286 3093 sceptrum
3313 3037 3554 3076 commu-

1969 3130 2068 3185 tat,
2108 3117 2523 3186 alternantequc
2557 3116 2808 3176 victoria,
2855 3118 3113 3183 superior
3159 3114 3343 3169 evadit
3396 3114 3554 3166 hoste

267 3229 386 3275 ται,
416 3211 512 3265 καὶ
564 3207 866 3279 ἑτεραλκέα
898 3207 999 3281 τὴν
1030 3208 1189 3280 νίκην
1223 3202 1479 3280 ποιήσας,
1512 3207 1608 3262 τοῦ
1639 3212 1860 3280 κρατεῖν

1974 3208 2072 3276 iam
2102 3222 2298 3263 securo
2348 3215 2399 3261 et
2452 3205 3020 3276 adversariijnguhnn
3058 3215 3358 3274 premente.
3402 3203 3556 3257 "utut

268 3302 595 3366 ἐλπίσαντος
637 3300 1104 3373 ἑπικρατέστερος
1144 3301 1355 3370 γίνεται
1378 3317 1395 3331 ο
1435 3301 1533 3355 καὶ
1555 3302 1657 3373 τὴν
1701 3299 1859 3372 βασι-

267 3393 415 3447 λείαν
444 3392 539 3463 ἐφ’

269 3482 769 3555 προκατασχούσης
822 3483 1025 3547 κακίας
1075 3480 1342 3546 ὐπενδοὺς
1366 3522 1382 3547 ,
1438 3482 1565 3536 ὅσον
1617 3483 1747 3547 τοὺς
1803 3484 1861 3535 ὲν

265 3578 509 3649 εἱρκταῖς
570 3577 665 3630 καὶ
700 3575 886 3640 πόνοις
922 3574 1257 3646 ἐλευθερίαν
1284 3570 1547 3647 ὀνειρώδη
1590 3574 1861 3644 φαντάζε-

271 3671 422 3736 σθαι,
453 3671 517 3726 τὸ
570 3668 666 3723 τοῦ
715 3668 969 3733 θανόντος
1011 3668 1295 3722 ὖπέθαλπε
1326 3668 1618 3739 φρόνημα,
1658 3668 1756 3722 καὶ
1786 3666 1863 3738 τῷ

269 3763 681 3835 ἀμφιϐλήστρῳ
738 3763 1078 3832 περιπαρεὶς
1134 3760 1239 3829 τῆς
1301 3761 1609 3832 αἱρέσεως,
1680 3760 1863 3837 ἰχθύος

268 3854 421 3924 δίκην
445 3857 571 3916 τοῖς
598 3849 709 3905 τῶν
737 3850 1029 3921 δογμάτων
1055 3850 1277 3923 σαθροῖς
1303 3851 1665 3905 ἐναπέθανεν.

338 3953 448 4017 πγ¹.
480 3944 682 4000 Ταῦτα
709 3946 739 3997 ὁ
761 3942 1306 4012 διαγνωστικώτατος
1336 3942 1461 4005 νοῦς
1488 3942 1585 3995 τοῦ
1622 3941 1861 4012 μεγάλου

271 4037 597 4109 Νικηφόρον
632 4036 909 4104 διαγνοὺς,
951 4035 1050 4089 καὶ
1078 4035 1156 4100 ὡς
1185 4034 1356 4104 οὑοτῷ
1386 4033 1532 4105 ὁλκῷ
1558 4034 1655 4087 τοῦ
1684 4034 1865 4105 ὄφεως

272 4125 660 4198 συνενεκρὼθη
692 4124 755 4179 τὸ
793 4126 893 4194 τῆς
933 4123 1204 4195 αἱρέσεως
1240 4122 1493 4202 οὐραςίον,
1543 4120 1762 4191 σκαίρει
1807 4120 1864 4175 δὲ

271 4220 361 4274 καὶ
408 4218 624 4290 νεκρὰν
655 4216 850 4285 ὥσπερ
889 4215 991 4287 τὴν
1026 4215 1173 4286 ζωὴν
1222 4213 1616 4285 ὑποκρίνεται⁸
1658 4216 1723 4283 τῇ
1771 4211 1864 4267 τοῦ

269 4313 594 4385 πνεύματος
631 4309 859 4381 γραφίδι
895 4309 965 4363 τὰ
1025 4309 1126 4378 τῆς
1161 4306 1477 4379 όρθοδοξίας
1545 4306 1863 4378 ὲνσημηνά-

272 4423 429 4476 μενος
455 4405 714 4475 δόγματα
733 4443 749 4466 ,
782 4402 920 4475 πρὸς
948 4402 1039 4456 τον
1094 4402 1357 4473 νεοστεφῆ
1390 4395 1630 4470 βασιλέα
1658 4398 1866 4453 στεῖλαι

268 4498 534 4570 προέθετο
556 4536 574 4561 ,
613 4496 702 4548 ἐπ’
733 4495 1039 4565 ὀφθαλμοῖς
1072 4493 1223 4563 ἄγων
1256 4493 1409 4564 αὐτῷ
1440 4492 1507 4546 τὰ
1549 4491 1725 4562 δεσμὰ
1770 4494 1867 4545 καὶ

593 3391 789 3446 ἑαυτὸν
842 3391 1233 3461 μεταστήσας,
1283 3389 1379 3445 καὶ
1434 3391 1630 3463 μικρόν
1676 3407 1727 3442 τι
1761 3389 1862 3459 τῆς
1903 3467 1909 3476 Ι

1965 3299 2021 3353 in
2052 3298 2269 3353 modum
2306 3297 2532 3364 adeptus
2575 3295 2887 3364 imperium,
2929 3297 3140 3349 remisit
3164 3296 3431 3363 tantiSper
3472 3295 3556 3345 in-

1964 3396 2265 3445 veteratam
2290 3387 2570 3454 malitiam,
2607 3387 2785 3457 quoad
2824 3387 2856 3440 ii
2890 3386 2986 3456 qui
3044 3386 3097 3439 in
3125 3384 3355 3439 vinculis
3377 3399 3440 3436 ac
3474 3382 3554 3433 la-

1965 3481 2191 3538 boribus
2215 3482 2379 3535 vitam
2403 3481 2659 3549 agebant,
2696 3480 2841 3534 inani
2868 3480 3138 3535 libertatis
3166 3479 3374 3548 specie,
3401 3479 3548 3535 velut

1964 3574 2177 3643 objecta
2207 3573 2261 3629 in
2290 3574 2499 3629 somnis
2529 3572 2765 3643 imagine
2814 3588 2879 3627 ac
2918 3580 3161 3643 spectro,
3190 3572 3513 3627 inderentur
3540 3586 3554 3624 :

1964 3667 2215 3736 quamvis
2247 3665 2464 3720 interim
2502 3665 2746 3721 defuncti
2796 3680 3023 3722 sensum
3061 3664 3382 3720 subocculte
3409 3662 3559 3716 fove-

1967 3770 2070 3825 ret,
2105 3759 2442 3828 haeresisque
2469 3759 2766 3815 transﬁxus
2799 3759 2998 3823 hamo,
3049 3758 3199 3814 velut
3232 3757 3420 3827 piscis,
3459 3768 3559 3826 pu-

1966 3855 2120 3910 trida:
2145 3852 2411 3907 doctrinae
2437 3866 2596 3907 cauo
2619 3852 3028 3906 immoreretur.

2036 3946 2124 4001 85.
2141 3944 2436 4013 ilisitaque
2457 3959 2683 4015 magmts
2708 3944 3052 4013 Nicephorus
3074 3940 3556 4012 perspicacissima

1968 4037 2166 4092 mentis
2189 4039 2310 4093 acie
2335 4037 2616 4107 dispectis,
2650 4046 2914 4104 ratusque
2969 4035 3111 4090 haud
3142 4049 3246 4087 uua
3280 4047 3404 4086 cum
3441 4046 3557 4083 ser-

1962 4128 2145 4198 pentis
2171 4136 2347 4183 tractu
2373 4129 2602 4184 haeresis
2632 4130 2963 4183 exstinctam
2997 4112 3255 4189 caudam,
3295 4124 3388 4179 sed
3437 4139 3558 4178 eam

1968 4222 2232 4276 hactenus
2276 4220 2578 4290 palpitare,
2658 4220 2940 4290 vitamque
3003 4218 3352 4274 dissimulare
3413 4216 3559 4270 velut

1969 4323 2314 4378 emortuam;
2349 4312 2518 4366 divini
2551 4313 2778 4382 spiritus
2804 4311 2947 4382 stylo
2990 4320 3155 4366 recta:
3194 4310 3317 4363 iidei
3351 4308 3561 4362 doctri-

1973 4420 2094 4457 nam
2136 4406 2490 4473 consignatis,
2535 4404 2601 4455 ad
2648 4403 3035 4473 imperatorem
3087 4415 3277 4454 recens
3322 4414 3557 4467 purpura

1972 4506 2188 4550 auctum
2220 4512 2283 4549 ac
2306 4503 2628 4548 coronatum
2654 4495 2899 4549 scribere
2930 4492 3174 4548 destinat
3202 4506 3217 4545 :
3248 4489 3323 4543 ita
3352 4490 3563 4544 scilicet

267 4592 355 4645 τὸν
378 4591 639 4645 σώσαντα
662 4631 677 4655 ,
706 4590 804 4643 καὶ
826 4589 924 4658 τὴν
947 4586 1044 4641 τοῦ
1069 4587 1340 4659 τυράννου
1371 4587 1627 4655 διακενῆς
1655 4587 1865 4657 ἀνομή-

1975 4600 2035 4640 ιιι
2058 4590 2105 4641 ei
2141 4586 2210 4642 ob
2234 4586 2421 4642 oeulos
2451 4586 2667 4641 vincula
2709 4601 2806 4642 sua
2834 4600 3048 4657 ponens
3072 4594 3127 4639 et
3155 4585 3250 4653 qui
3286 4583 3461 4653 ipsum
3496 4598 3559 4635 ex

272 4697 461 4745 σαντος
489 4680 765 4751 αἰσχύνην
796 4695 860 4732 τε
890 4679 989 4731 καὶ⁵
1029 4679 1353 4749 καθαίρεσιν
1374 4717 1389 4743 ,
1433 4678 1531 4732 καλ⁸
1554 4679 1664 4749 ’τὴν
1700 4679 1760 4730 ὲν
1785 4671 1866 4741 οἷς

270 4775 550 4845 ἐξήμαρτε
579 4774 771 4837 τόποις
808 4772 1141 4827 κατάλυσιν·
1180 4772 1548 4845 σκιαγραφῶν
1587 4771 1737 4843 αὐτῷ
1772 4772 1872 4841 τὴν
1912 4769 1918 4775 '

271 4868 443 4940 ἀληθῆ
472 4869 575 4922 καὶ
605 4867 1102 4936 πατροπαράδοτον
1122 4865 1253 4918 ’τῶν
1286 4865 1449 4936 ἱερῶν
1489 4865 1876 4936 μορφωμάτων

273 4960 627 5025 ὲκτύπωσιν,
667 4959 744 5022 ὡς
785 4960 848 5013 οὗ
884 4958 1048 5030 χθιζῇ
1091 4975 1199 5011 τινι
1234 4960 1329 5011 καὶ
1361 4958 1605 5029 νεωτέρα
1636 4956 1868 5028 ὲφευρέ-

276 5069 353 5106 σει
380 5054 443 5107 τὸ
477 5052 707 5123 βέϐαιον
750 5051 1081 5124 ἐπιφέρεται
1104 5092 1120 5120 ,
1150 5052 1212 5118 ἐξ
1238 5047 1301 5108 οὗ
1326 5051 1384 5106 δὲ
1429 5051 1492 5106 τδ
1516 5051 1614 5105 τοῦ
1657 5051 1867 5123 κηρύγ-

343 5227 462 5300 (30)
500 5227 652 5300 Alibi
684 5226 913 5283 necdum
943 5228 1077 5283 mihi
1106 5235 1320 5295 reperta
1349 5227 1570 5282 nomina
1592 5236 1881 5300 ,_comp!os

276 5297 526 5369 [astuque
558 5298 728 5353 elatos
761 5300 928 5353 vertit
968 5300 1276 5367 interpres,
1307 5312 1376 5369 ex
1410 5297 1755 5369 nonnullam
1793 5298 1869 5369 vi-

278 5365 443 5423 detur
458 5369 828 5448 etymologica
857 5371 1071 5448 ratione
1097 5365 1263 5448 {cum
1283 5366 1652 5448 assicmpecto,
1682 5365 1870 5448 ἅμαξα

277 5454 504 5494 currum
522 5438 831 5509 'siguiii‘cet.
858 5438 1059 5495 Verum
1088 5438 1131 5493 si
1165 5439 1294 5505 quid
1331 5438 1417 5493 hic
1444 5440 1659 5500 divino,
1695 5438 1866 5501 sieui-

284 5511 517 5565 licautur
542 5510 630 5564 vel
661 5511 815 5564 arioli
845 5526 914 5567 ex
943 5509 1211 5579 strigilum
1240 5509 1565 5577 equinos-um
1601 5510 1869 5579 plaustro-

283 5594 515 5649 rumque
535 5583 864 5636 tractatione
882 5580 1266 5649 superstitiosa
1301 5589 1480 5634 sortes
1523 5579 1725 5634 assueti
1773 5595 1867 5632 ca-

287 5664 451 5721 pere;
485 5650 571 5705 vel
605 5651 926 5720 simpliciter
962 5654 1075 5721 ipsa
1104 5649 1366 5718 equiliqu
1405 5651 1682 5718 regiorum
1708 5666 1859 5703 man-

289 5719 424 5785 cipia
482 5721 555 5775 ab
599 5719 755 5791 equis
814 5719 1100 5791 peetendis
1147 5724 1559 5789 tractandisque
1607 5720 1864 5788 plaustris

292 5791 551 5856 (tttztxlmc
606 5792 651 5845 si
704 5794 1029 5863 ἀμαξάπται
1064 5793 1379 5863 lcgantur)
1446 5809 1642 5844 ιιυιιιυη
1703 5791 1862 5860 vulgo

293 5863 482 5929 adepta
521 5879 535 5915 :
593 5862 922 5935 interquic,
962 5862 1126 5917 tariis
1182 5863 1345 5916 etiam
1390 5863 1866 5931 suprrstitionilum

1971 4680 2058 4735 his
2081 4691 2301 4735 eruerat
2338 4680 2530 4744 Deum,
2569 4689 2993 4752 reprtesentaret
3018 4682 3183 4732 etiam
3214 4678 3427 4749 tyranni
3459 4675 3566 4729 frn-

1972 4783 2084 4826 stra
2132 4773 2480 4842 ntalignantis
2531 4773 2793 4841 probrum
2850 4772 3061 4843 pariter
3108 4784 3273 4840 atque
3325 4769 3562 4829 ruiimm,

1977 4866 2239 4935 quodque
2272 4865 2424 4920 iisin
2466 4866 2626 4932 locis,
2664 4867 2718 4919 in
2749 4865 2949 4934 quibus
2999 4863 3327 4932 deliquerat,
3392 4861 3566 4913 ullum

1978 4956 2089 5023 Deo
2119 4956 2430 5026 peremptus
2460 4956 2530 5011 sit
2563 4974 2578 5010 :
2616 4969 2729 5012 tum
2758 4971 2943 5011 veram
2971 4955 3044 5009 illi
3071 4964 3237 5023 atque
3262 4966 3290 5004 a
3318 4948 3566 5003 Pati-ibus

1979 5047 2238 5103 traditam
2263 5060 2544 5102 sacrarum
2569 5046 2871 5115 imaginum
2901 5042 3217 5114 religionem
3252 5038 3566 5092 delineahat

1978 5225 2128 5281 circa
2169 5236 2342 5293 equos
2389 5221 2630 5293 utentia,
2673 5218 3000 5293 faruiliarins
3054 5210 3567 5293 forteversahatur

1979 5296 2114 5367 Leo,
2142 5285 2287 5367 sicut
2317 5292 2773 5367 tie_(_lotistatt_t_iuo
2803 5290 3150 5359 Copronymo
3179 5285 3429 5367 legimus.

2051 5355 2123 5436 (ί)
2170 5364 2280 5419 [lex
2327 5362 2498 5436 Elidis
2531 5355 2909 5431 impiissiums,
2940 5355 3077 5414 satis
3102 5372 3168 5411 ex
3198 5355 3429 5435 Virgilio
3459 5370 3558 5408 no-

1979 5427 2069 5492 tus
2084 5427 2234 5503 {non
2274 5436 2401 5487 item
2425 5427 2638 5503 Cyrse':
2659 5447 2821 5505 quam
2844 5441 2970 5505 puta
3007 5427 3565 5505 concamerationcm,

1980 5497 2309 5562 testudinem
2362 5497 2709 5571 seu'pontetu
2737 5497 2885 5555 illum
2921 5500 3235 5571 signiﬁcare
3266 5497 3407 5571 unde
3451 5497 3567 5571 ipse

1975 5576 2123 5633 lovis
2154 5575 2384 5630 fulmina
2429 5566 2781 5641 tohitruaque
2808 5586 2968 5637 supra
2988 5566 3276 5623 civitati-tn
3308 5566 3565 5641 imitaba-

1977 5661 2064 5703 tur
2096 5664 2110 5703 :
2146 5645 2346 5717 κυρτὸς
2387 5645 2530 5698 enim
2579 5636 2854 5717 convexus
2879 5636 3021 5717 est,
3051 5642 3192 5717 unde
3244 5636 3460 5711 κυρτόω
3512 5640 3568 5689 in

1973 5710 2261 5775 convexum
2300 5717 2443 5783 erige
2488 5723 2563 5776 et,
2595 5714 2889 5783 κύρτωμα,
2923 5712 2975 5763 in
3005 5710 3188 5777 turnia:
3212 5710 3444 5783 J‘llUllllli
3488 5718 3569 5759 est

1975 5800 2156 5842 autem
2183 5788 2324 5856 qnoJ
2364 5780 2511 5851 apud
2543 5780 2766 5856 tinctus
2794 5799 2819 5832 τ
2853 5791 2906 5834 ct
2937 5799 3094 5856 apro
3133 5780 3278 5832 varia
3332 5780 3568 5833 dl.thClU

1976 5853 2267 5921 illlCl‘tJ‘llL
2299 5862 2353 5909 ιιι
2389 5859 2456 5908 Sll
2490 5854 2668 5924 213.531".
2702 5870 2795 5922 Pili
2823 5872 2852 5905 >;
2878 5853 3018 5919 ιρῖῄ,
