3978 6442
425 426 526 491 147

1421 430 1481 490 S.
1526 432 1947 496 NICEPHORI
1987 437 2496 502 PATRLARCHAE
2528 440 2635 504 (ΖΡ.

3587 441 3680 509 148

422 553 486 593 ac
511 535 855 593 describebat
881 552 1005 595 esse
1025 537 1316 609 ejusmodi,
1348 552 1408 596 ut
1430 559 1539 599 non
1568 546 1998 612 nudiustertius,

2124 569 2281 616 ιατος
2345 554 2641 623 μεγαλεῖον
2699 554 2769 625 τῇ
2833 551 3171 624 άποστολικῇ
3255 552 3515 623 σάλπιγγι
3589 559 3681 629 τὴν

423 644 722 698 recensque
760 629 983 685 inventa
1027 632 1348 699 obtinuerit,
1392 636 1487 690 sed
1520 651 1585 691 ex
1634 653 1743 708 quo
1769 641 2002 708 primum

422 723 831 790 praedicationis
854 723 1119 794 majestas
1165 727 1460 796 apostolica
1500 729 1628 784 tuba
1679 730 1883 786 clarius
1917 732 2003 785 in-

418 825 675 881 sonante,
709 816 898 872 orbem
925 818 1189 887 pervasit,
1215 820 1556 876 venerationi
1580 823 1652 876 sit
1685 823 1894 879 habita.

488 906 580 964 84.
620 905 672 964 ls
706 922 870 978 porro
900 907 1161 965 solertem
1178 910 1280 964 viri
1298 911 1538 966 animum
1557 912 1886 981 admiratus,
1908 916 2006 970 do-

418 999 718 1070 ctrinaque
745 1010 800 1055 et
829 1000 1031 1071 eloquii
1074 1002 1183 1055 vim
1231 1002 1532 1068 maximam
1569 1015 1855 1075 reputans,
1901 1008 2004 1067 etsi

420 1090 611 1148 talium
638 1092 883 1148 omnium
914 1092 1150 1147 maxime
1173 1093 1326 1149 rudis
1369 1105 1511 1160 erat,
1556 1098 1894 1167 imperitiam
1937 1115 2005 1156 ex

418 1194 644 1253 paterna
677 1183 895 1240 inscitia
919 1185 1068 1239 velut
1093 1185 1447 1245 suﬁicientem
1488 1188 1720 1259 adeptus
1747 1190 2006 1246 substan-

419 1275 573 1339 tiam,
611 1274 665 1328 in
703 1273 848 1329 hunc
890 1272 1010 1333 fere
1038 1277 1257 1334 modum
1304 1279 1549 1346 nuntiis,
1595 1281 1687 1350 qui
1721 1283 2004 1352 epistolam

416 1362 748 1431 aﬂ‘erebant,
791 1364 965 1421 fertur
1006 1368 1360 1439 respondisse
1403 1386 1418 1423 :
1466 1369 1565 1438 Qui
1615 1372 1774 1428 nobis
1797 1374 2007 1444 priores

414 1455 793 1513 ecclesiastica
841 1457 1096 1527 dogmata
1144 1460 1381 1515 scrutari
1438 1460 1823 1528 instituerunt,
1877 1481 2004 1519 num

418 1549 557 1603 bene
589 1561 658 1603 an
689 1563 847 1605 secus
875 1561 1202 1617 sanxerunt,
1236 1552 1500 1607 rationem
1540 1553 1652 1608 Deo
1688 1553 1860 1623 judici
1884 1555 2006 1611 red-

414 1636 581 1692 dituri
610 1648 758 1694 sunt.
788 1638 898 1695 Nos
935 1651 1117 1697 autem
1153 1643 1206 1695 in
1258 1656 1370 1712 quo
1418 1642 1760 1701 incedentem
1815 1644 2006 1700 Eccle-

417 1728 553 1785 siam
580 1729 921 1796 invenimus,
956 1731 1010 1785 in
1049 1747 1115 1787 eo
1157 1748 1378 1803 quoque
1403 1727 1732 1790 conservare
1759 1736 2006 1791 decrevi-

417 1828 562 1883 mus.
594 1821 736 1890 Quid
767 1830 930 1894 perro
954 1824 1043 1879 hic
1067 1824 1237 1880 animi
1270 1827 1378 1890 sit,
1418 1825 1623 1887 clarius
1663 1829 2006 1898 explicantes

2106 643 2435 714 οἰκουμένην
2468 641 2684 715 τρανῶς
2722 642 3095 715 περιήχησεν,
3125 639 3204 714 τῷ
3236 639 3516 712 σεϐασμίῳ
3543 646 3678 697 τετί-

2110 749 2300 804 μηται.

2181 909 2284 963 πδ’.
2339 911 2435 961 ’⁸ον
2479 909 2581 979 τῆς
2628 907 2913 979 νουνεχίας
2956 905 3285 976 θαυμάσας,
3319 904 3416 958 καὶ
3448 905 3541 975 τῆς
3576 905 3678 960 τῶν

2107 1004 2281 1071 λόγων
2309 1002 2598 1074 ἀκριϐείας
2641 1000 3066 1072 ὑπεραγάμενος
3091 1038 3106 1062 ,
3140 1001 3189 1054 εἰ
3224 999 3319 1051 καὶ
3349 997 3461 1050 τῶν
3513 999 3682 1069 ἀμυή.

2106 1113 2216 1150 των
2244 1095 2374 1166 περὶ
2403 1094 2473 1149 τὰ
2502 1093 2731 1149 τοιαῦτα
2755 1092 2971 1165 πρῶτος
3007 1090 3328 1160 ἐτύγχανεν,
3358 1091 3596 1161 ἀμαθίαν
3624 1093 3684 1145 ἐκ

2108 1188 2370 1260 πατρῴας
2401 1186 2764 1249 ἀπαιδευσίας
2794 1184 2872 1247 ὡς
2901 1183 3224 1255 περιουσίαν
3254 1183 3447 1251 ἱκανὴν
3479 1182 3686 1253 κληρω-

2110 1280 2369 1350 σάμενος,
2399 1277 2600 1332 οὑτωσί
2623 1294 2742 1339 πως
2765 1275 2903 1347 πρὸς
2932 1275 3060 1337 τοὺς
3090 1274 3152 1327 τὸ
3177 1274 3415 1344 γράμμα
3446 1273 3686 1343 διακομι-

2110 1372 2380 1442 σαμένους
2406 1370 2623 1439 λέγεται
2656 1369 2845 1438 φάναιο
2878 1368 3036 1421 Ὅσοι
3070 1366 3182 1420 τῶν
3221 1366 3686 1436 ὲκκλησιαστικῶν

2109 1461 2217 1531 πρὸ
2247 1461 2406 1532 ἡμῶν
2437 1461 2494 1513 ὲν
2526 1459 2725 1533 ἐρεύνῃ
2758 1457 3048 1528 δογμάτων
3075 1458 3388 1526 γενόμενοι,
3415 1456 3571 1509 αὐτοὶ
3602 1456 3687 1508 τὸν

2108 1553 2238 1623 περὶ
2287 1551 2468 1606 αὐτῶν
2496 1551 2658 1619 λόγον
2698 1549 2853 1621 παρά
2889 1548 3011 1620 Θεῷ
3049 1546 3553 1617 είσπραχθήσονται
3577 1585 3591 1611 ,
3642 1545 3687 1596 εί

2108 1644 2169 1699 εὖ
2194 1646 2229 1716 ἢ
2264 1646 2356 1699 καὶ
2394 1645 2599 1715 ἑτέρως
2630 1642 2927 1697 ὲθέσπισαν
2947 1658 2962 1673 °
2995 1643 3160 1713 ἡμεῖς
3186 1639 3245 1692 δὲ
3266 1641 3323 1694 ὲν
3354 1631 3400 1707 ᾧ
3426 1636 3524 1707 τὴν
3568 1637 3686 1689 Ἔκ-

2108 1735 2338 1805 κλησίαν
2370 1732 2698 1805 βαδίζουσαν
2739 1732 3014 1803 εὕρομεν,
3055 1731 3115 1783 ἐν
3143 1728 3322 1796 τούτῳ
3363 1729 3459 1781 καὶ
3503 1728 3687 1793 διαφυ-

2108 1827 2327 1881 λάττειν
2361 1826 2749 1898 προκρίνομεν.
2797 1823 2970 1877 Τοῦτο
2997 1823 3056 1877 δὲ
3100 1819 3534 1893 ἑπακριϐοὖντες
3571 1819 3682 1872 δια-

415 1911 706 1981 edicimus,
744 1930 817 1969 ne
835 1915 960 1985 quis
1006 1916 1272 1985 deinceps
1300 1927 1395 1972 aut
1424 1919 1686 1975 adversus
1711 1917 2003 1990 imagines,

2124 1920 2474 1990 Ξεόαιοῦμεν,
2521 1919 2597 1983 ὡς
2634 1918 2710 1989 μὴ
2768 1917 2995 1989 θαρρεῖν
3035 1931 3160 1969 τινα
3215 1913 3340 1967 κατ’
3378 1911 3606 1965 εἰκόνων
3658 1912 3688 1982 ἢ

418 2012 516 2057 aut
552 2019 652 2074 pro
678 2005 747 2060 iis
784 2006 1027 2062 tutandis
1051 2017 1241 2080 aperte
1284 2008 1525 2081 linguam
1551 2025 1769 2067 movere
1801 2027 2008 2080 praesu-

418 2103 587 2151 mat:
630 2097 725 2150 sed
796 2094 1076 2157 facessunt
1126 2099 1593 2171 eliminenturque
1638 2113 1748 2157 tam
1794 2103 2006 2159 Tarasii

419 2185 682 2254 synodus,
712 2201 876 2254 quam
905 2203 1026 2257 quae
1047 2189 1258 2258 pridem
1276 2191 1781 2261 subConstantino,
1809 2210 2007 2265 nuper-

422 2288 533 2342 que
552 2275 657 2332 sub
687 2275 872 2334 Leone
913 2280 1160 2350 Augusto
1192 2292 1397 2338 coactae
1424 2293 1581 2352 sunt;
1632 2284 2011 2357 profundoque

421 2362 641 2421 silentio
695 2368 971 2438 sepultum
1023 2382 1246 2427 maneat
1287 2381 1481 2438 totum,
1530 2389 1643 2444 quo
1704 2376 2007 2446 imaginum

423 2457 720 2523 memoria,
748 2459 1082 2525 invidiosum
1123 2464 1312 2535 utique
1355 2454 1656 2537 negotium,
1692 2469 2007 2524 ventilatur.

423 2548 475 2603 Is
517 2562 702 2606 autem
736 2554 855 2623 qui,
898 2564 960 2610 ut
990 2557 1107 2612 ltzec
1134 2556 1453 2627 loqueretur
1512 2575 1575 2614 ac
1624 2560 2007 2631 perscriberet,

425 2639 510 2695 sui
537 2646 776 2699 muneris
799 2661 920 2702 esse
940 2650 1171 2717 putavit,
1196 2650 1468 2720 siquidem
1500 2652 1640 2707 hanc
1670 2660 1861 2709 tenens
1890 2655 2010 2724 opi-

427 2733 645 2790 nionem
676 2737 933 2812 Ecclesiae
958 2757 1197 2811 prazesse
1232 2743 1386 2808 velit,
1431 2745 1499 2800 de
1531 2745 1829 2816 imaginum
1866 2749 2010 2802 veri-

429 2835 542 2883 tate
564 2830 999 2903 adorationeque
1046 2835 1257 2891 nullum
1285 2838 1546 2907 deinceps
1566 2838 1866 2895 collaturus
1891 2855 2011 2896 ser—

2111 2013 2254 2084 ὐπὲρ
2307 2011 2534 2065 εἰκόνων
2569 2009 2854 2081 παρρησίᾳ
2891 2007 2993 2077 τὴν
3032 2006 3285 2076 γλῶτταν
3313 2007 3491 2057 κινεῖν
3514 2017 3530 2033 ·
3580 1998 3692 2055 ἀλλ’

2110 2105 2357 2161 ἐκποδὼν
2429 2102 2573 2156 ἔστω
2607 2103 2702 2155 καὶ
2752 2100 2984 2172 οἰχέσθω
3024 2099 3123 2155 καὶ
3167 2100 3201 2169 ὴ
3258 2096 3543 2167 Ταρασίου
3577 2095 3693 2149 σύν-

2112 2196 2234 2258 οδος
2266 2200 2363 2249 καὶ
2394 2197 2427 2265 ἡ
2458 2193 2873 2247 Κωνσταντίνου
2915 2191 3012 2246 τοῦ
3045 2192 3218 2247 πάλαι
3257 2191 3355 2245 καὶ
3383 2193 3416 2261 ή
3452 2190 3571 2244 νυνὶ
3607 2190 3692 2242 ἐπὶ

2110 2285 2340 2348 Λέοντος
2372 2283 2724 2355 κροτηθεῖσα,
2766 2284 2860 2336 καὶ
2886 2284 3014 2353 σιγῇ
3048 2281 3243 2355 βαθείᾳ
3269 2285 3375 2353 τῆς
3411 2280 3524 2334 τῶν
3551 2280 3693 2334 εἰκός

2112 2394 2217 2432 νων
2285 2377 2509 2448 μνήμης
2569 2374 2757 2435 ἕνεκεν
2816 2371 3269 2445 ἑμπολιτευέσθω
3318 2372 3388 2427 τὸ
3454 2371 3692 2429 σύνολον.

2111 2470 2286 2534 Αὐτὸς
2309 2470 2368 2524 δὲ
2393 2470 2421 2523 ό
2446 2467 2621 2521 ταῦτα
2658 2467 2842 2535 λέγειν
2872 2465 2969 2519 καὶ
2996 2466 3237 2537 γράφειν
3271 2465 3519 2534 σπουδὴν
3553 2462 3695 2516 τιθὲο

2116 2580 2308 2635 μενος,
2349 2564 2400 2615 εἰ
2453 2562 2547 2614 ἐπὶ
2584 2559 2711 2631 δόξῃ
2768 2559 2948 2633 ταύτῃ
3001 2558 3105 2630 τῆς
3172 2557 3512 2627 Ἐκκλησίας
3567 2555 3697 2609 καθ-

2112 2655 2367 2729 τιγείσθαι
2398 2653 2626 2725 βούλοιο,
2650 2655 2832 2707 πᾶσαν
2844 2652 2974 2723 περὶ
3000 2651 3101 2722 τῆς
3130 2649 3241 2704 τῶν
3261 2650 3499 2704 εἰκόνων
3529 2648 3697 2718 ὑπάρ-

2115 2750 2252 2819 ξεώς
2282 2767 2343 2802 τε
2392 2751 2487 2801 καὶ
2534 2747 2967 2819 προσκυνήσεως.
2991 2743 3369 2815 ὲπισιὼπησιν
3408 2743 3475 2798 τὸ
3519 2741 3702 2798 λοιπὸν

2115 2841 2528 2912 ἐνδεικνύμενος
2547 2882 2561 2907 ,
2598 2839 2831 2911 πάρεσο.

428 2930 666 2985 monent,
696 2923 991 2994 omniaque
1024 2924 1245 2981 silentio
1286 2942 1597 2995 pressurus,
1638 2930 1893 2985 adveniat
1915 2933 2007 3002 (ε).
2102 2967 2111 2973 ο

496 3011 589 3068 85.
626 3010 737 3069 Has
762 3013 983 3071 absona:
1013 3018 1277 3074 orationis
1304 3019 1688 3088 imperatorias
1723 3037 1895 3090 nugas
1924 3023 2012 3078 ubi

426 3104 654 3162 auribus
706 3111 920 3180 accepit
980 3112 1175 3168 beatus
1238 3111 1418 3180 Pater,
1464 3113 1834 3171 ﬂoccil‘aciens
1867 3116 2010 3171 dicta

423 3214 598 3268 eaque
619 3200 689 3255 ad
713 3203 958 3257 animum
988 3205 1178 3260 subire
1206 3219 1313 3259 non
1345 3207 1581 3277 patiens,
1614 3208 1783 3278 priori
1811 3211 2011 3263 verita-

426 3292 496 3347 tis
560 3292 903 3351 solidissima:
965 3295 1302 3353 confessioni
1391 3298 1625 3354 inhaesit.
1698 3299 2013 3357 Diale’cticis

425 3382 626 3441 deinde
659 3388 1002 3457 argumentis
1051 3404 1115 3443 ac
1155 3390 1720 3448 detnonstrationibus
1749 3395 2010 3449 adversa-

426 3475 636 3535 riorum
672 3476 904 3534 fabellas
949 3478 1266 3548 eonfutans,
1321 3481 1720 3539 demonstravit
1771 3485 2011 3550 unicam,

427 3585 663 3643 eamque
692 3573 834 3629 inter
863 3577 1234 3631 oecumenicas
1253 3578 1540 3644 septimam
1571 3581 1859 3651 synodum,
1892 3596 2015 3636 esse

429 3667 744 3729 tenendam,
766 3667 831 3721 ad
862 3683 1028 3738 quam
1059 3670 1163 3724 sub
1186 3667 1414 3725 Tarasio
1443 3671 1646 3742 inclyto
1673 3682 1890 3742 pastore
1920 3687 2013 3728 ce-

429 3756 706 3812 leberrimi
735 3755 931 3815 Patres
961 3773 1342 3817 convenerunt
1373 3780 1386 3815 :
1422 3763 1797 3834 scelestasqne
1818 3774 1874 3818 et
1896 3764 2015 3818 ina-

427 3862 530 3903 nes
557 3850 854 3906 ostendens
883 3866 1009 3908 esse
1038 3854 1326 3923 opiniones
1342 3852 1695 3910 Constantini
1735 3855 2002 3911 adversus

426 3939 693 4011 imagines
720 3956 929 4008 sacras,
955 3943 1530 4015 detnentiamquequa
1552 3944 1665 4002 Leo
1692 3960 1789 4001 eas
1810 3948 2007 4002 contir-

430 4045 582 4085 mare
630 4032 787 4089 nisus
852 4040 960 4100 est,
1017 4037 1305 4106 ipsumque
1354 4038 1559 4107 pariter
1622 4038 2014 4108 triumphatum

431 4122 674 4179 traduxit
696 4140 878 4182 coram
906 4129 1198 4196 universis,
1231 4130 1429 4200 quibus
1454 4131 1713 4201 inculpati
1737 4131 1913 4187 cultus
1935 4140 2019 4187 at-

428 4225 535 4280 que
580 4213 706 4269 ﬁdei
741 4230 871 4271 cura
911 4217 1089 4273 adhuc
1115 4218 1293 4289 aliqua
1321 4221 1658 4292 suppetebat.

2185 3022 2290 3077 πε¹.
2337 3022 2490 3077 Ἐπεὶ
2521 3019 2616 3075 οὖν
2642 3022 2671 3074 ό
2696 3020 2806 3073 τῶν
2839 3017 3136 3089 βασιλικῶν
3166 3015 3548 3087 ἀτοπημάτων
3569 3011 3699 3068 ἀπό·

2115 3117 2275 3185 λογος
2304 3115 2399 3169 κιιι)⁸
2431 3114 2622 3185 μέχρις
2653 3112 2808 3167 ὢτων
2842 3109 2939 3163 τοῦ
2974 3109 3249 3180 μακαρίου
3275 3108 3435 3179 διέϐη
3469 3107 3702 3177 Πατρὺς,

2117 3208 2197 3270 εἰς
2228 3204 2384 3258 οὐδὲν
2417 3204 2608 3257 τοῦτον
2649 3202 2901 3273 θέμενος,
2963 3200 3086 3253 οὐδὲ
3131 3201 3226 3253 ἐπὶ
3267 3199 3398 3253 νοῦν
3446 3198 3705 3277 βαλέσθαι

2118 3296 2487 3369 προθέμενος,
2519 3294 2618 3365 τῆς
2649 3295 2924 3366 προτέρας
2955 3292 3232 3364 ἀσφαλοῦς
3261 3278 3555 3363 ἀκριϐείας
3585 3294 3707 3344 ἀντν

2118 3390 2330 3461 είχετο,
2384 3387 2630 3456 λογικαϊς
2673 3385 2927 3457 μεθόδοις
2967 3386 3064 3438 καὶ
3116 3384 3438 3449 ἀποδείξεσι
3493 3384 3563 3438 τὰ
3603 3381 3708 3436 τῶν

2122 3478 2433 3535 ἀντιπάλων
2482 3477 2878 3551 άνασκευάςων
2910 3474 3172 3550 λογύδρια
3223 3477 3381 3545 (ὅί),
3440 3475 3575 3545 μίαν
3619 3474 3709 3526 καὶ

2124 3573 2363 3643 ἑϐδόμην
2388 3569 2655 3624 συνιστῶν
2671 3569 2779 3623 τῶν
2805 3569 3206 3640 οἱκουμενικῶν
3226 3566 3476 3634 σύνοδον,
3498 3568 3599 3639 τὴν
3620 3566 3710 3619 ἐπὶ

2121 3666 2398 3736 Ταρασίου
2437 3661 2532 3717 τοῦ
2577 3662 2829 3733 ἀοιδίμου
2863 3662 2975 3716 τῶν
3017 3661 3401 3731 πανευφήμων
3449 3660 3709 3730 Πατέρων

2125 3754 2472 3818 συνέλευσιν,
2512 3752 2611 3815 τάς
2647 3768 2707 3805 τε
2755 3751 3160 3821 παλιμφήμους
3200 3749 3363 3815 δόξας
3422 3755 3524 3813 τὰς
3573 3747 3712 3801 κατὰ

2121 3845 2230 3899 τῶν
2261 3843 2421 3914 ἱερῶν
2448 3842 2674 3896 εἰκόνων
2702 3841 3119 3894 Κωνσταντίνου
3158 3840 3431 3911 φρούδους
3495 3839 3710 3893 ἀποδει-

2122 3940 2256 4001 κνὺς
2283 3937 2384 4001 τάς
2413 3952 2472 3989 τε
2489 3935 2719 3998 Λέοντος
2751 3933 3197 4006 ὲπικυρωτικάς,
3246 3932 3346 3987 καὶ
3376 3933 3545 3987 αὐτὸν
3580 3933 3712 3985 πᾶσι

2123 4030 2396 4103 θρίαμϐον
2425 4026 2742 4100 προτιθεὶς,
2782 4027 2965 4096 πάσης
3000 4026 3338 4097 ἐπίπροσθεν
3372 4026 3530 4096 ἄγων
3564 4023 3714 4097 αἱρέ-

2124 4141 2262 4187 σεως
2294 4123 2394 4193 τὴν
2423 4120 2535 4175 τῶν
2564 4120 3190 4195 Χριστιανοκατηγόρων
3224 4120 3490 4175 ἀπόνοιαν
3509 4160 3524 4185 ,
3554 4113 3643 4181 οἷς.
3663 4132 3714 4169 τι

2129 4219 2292 4292 μέλον
2326 4217 2459 4290 περὶ
2487 4216 2591 4289 τῆς
2616 4219 2923 4289 ἀμωμήτου
2955 4217 3215 4287 λατρείας
3248 4217 3347 4271 καὶ
3380 4217 3650 4280 πίστεως.

1862 4333 2095 4391 CAPUT
2136 4331 2271 4388 XIV.

799 4444 1145 4516 Comparatio
1175 4449 1351 4503 sancti
1383 4445 1681 4519 Nicepltort'
1720 4466 1844 4505 cum
1893 4450 2095 4505 sanctis
2117 4449 2304 4504 variis.
2349 4446 2485 4517 Ejus
2519 4447 2709 4502 obitus.
2744 4446 3030 4518 Scriptoris
3057 4445 3341 4517 peroratio.

504 4556 595 4618 86.
640 4557 717 4613 Ea
745 4558 868 4626 ﬁde,
915 4561 1106 4631 sicque
1133 4561 1364 4629 docens,
1414 4579 1480 4619 ac
1510 4575 1795 4625 strenuam
1821 4565 2013 4621 divinam

2194 4572 2313 4629 πς¹.
2355 4563 2513 4619 Οὕτω
2562 4564 2777 4635 φρονῶν
2810 4565 2904 4617 καὶ
2941 4564 3211 4618 διδάσκων
3238 4564 3334 4618 καὶ
3384 4567 3504 4628 τοῖς
3555 4563 3721 4624 θείοις

435 4652 700 4708 doctrinae
712 4667 932 4724 operam
951 4671 1159 4726 ponens
1176 4697 1193 4722 ,
1215 4657 1399 4711 mundi
1419 4659 1734 4715 universum
1753 4660 2017 4714 ambitum

434 4745 649 4801 sincera
672 4744 740 4800 de
768 4743 881 4800 Deo
921 4748 1179 4817 opinione
1207 4748 1475 4818 implevit,
1505 4751 1739 4807 eximios
1770 4765 2017 4822 quosque

434 4838 656 4894 Veteris
682 4854 747 4894 ac
794 4838 928 4895 Novi
985 4840 1324 4901 Testamenti
1367 4843 1535 4910 viros,
1587 4845 1770 4912 quoad
1805 4843 2021 4914 assequi

435 4940 674 4998 poterat,
725 4932 952 5005 vestigio
986 4949 1260 5003 premens.
1327 4934 1517 5004 Neque
1565 4934 1799 4993 Abraha:
1849 4951 2022 4989 annu-

431 5022 579 5077 latus
629 5021 815 5090 ﬁdem,
873 5038 1047 5093 eaque
1099 5024 1358 5080 incensus
1408 5025 1688 5093 animum,
1729 5024 1871 5078 sicut
1912 5024 2023 5089 ille,

435 5115 762 5170 vernaculos
798 5131 926 5172 suos
949 5117 1216 5172 doctrinae
1249 5116 1300 5171 vi
1348 5132 1590 5183 armans,
1625 5116 2024 5172 insanientibus

434 5202 697 5261 adversus
721 5203 1025 5261 Ecclesiam
1050 5207 1274 5276 regibus
1297 5204 1540 5263 detraxit
1559 5206 1758 5277 spolia,
1797 5207 2020 5261 eosdem

510 5383 770 5454 (3l)Quia
793 5400 980 5440 vocem
1006 5384 1292 5457 λογύδριον
1325 5400 1592 5457 nusquam
1621 5385 2033 5457 legissememi-

438 5468 653 5520 ueram,
682 5457 941 5510 mendum
969 5467 1121 5510 ratus
1144 5457 1272 5509 alibi
1314 5456 1549 5523 λογίδιον
1578 5456 1860 5515 substitui,
1886 5458 2030 5525 quod

439 5539 507 5580 ex
532 5526 776 5596 omnium
828 5540 1103 5581 consensu
1157 5526 1410 5594 fabellam
1444 5527 1758 5596 signiﬁcat:
1804 5541 1947 5580 nunc
1974 5540 2034 5580 ea

443 5595 689 5650 crebrius
722 5607 1043 5651 recurreute
1066 5637 1081 5661 ,
1115 5597 1361 5665 suspicio
1386 5595 1562 5650 oritur
1602 5596 1844 5661 ejusdem
1871 5597 2034 5664 signi-

445 5666 720 5721 ﬁcationis
749 5682 939 5721 vocem
967 5681 1113 5731 esse,
1158 5668 1253 5721 sed
1295 5680 1447 5721 novae
1476 5677 1531 5719 et
1570 5668 1770 5722 saeculo
1806 5668 1896 5722 illo
1928 5668 2035 5721 usi-

445 5744 572 5808 tata;
598 5738 1034 5808 compositionis,
1066 5750 1133 5789 ex
1159 5736 1320 5804 λόγος
1353 5747 1409 5808 et
1429 5735 1614 5808 ὓδριον
1633 5755 1648 5771 ο
1691 5739 1846 5808 quasi
1875 5738 2035 5793 dimi—

444 5805 692 5880 nutivum
724 5805 793 5862 ex
838 5806 1102 5880 λογύδρρς
1137 5805 1731 5880 εει-ρειιιίιιυεδθιιῐιο,
1776 5810 1889 5865 sive
1941 5809 2035 5880 qui

446 5874 620 5932 instar
650 5893 806 5949 aquae
838 5874 1105 5933 instabilis
1131 5876 1225 5931 sit.

2125 4656 2596 4727 ὲνασχολούμενος
2623 4656 2881 4727 δόγμασι,
2915 4656 3020 4727 τῆς
3054 4656 3391 4726 εἰλικρινοῦς
3424 4658 3611 4711 πάντα
3635 4654 3725 4706 τὸν

2125 4750 2331 4818 κόσμον
2357 4748 2486 4815 περὶ
2507 4746 2569 4800 τὸ
2590 4747 2744 4801 Θεῖον
2769 4748 3093 4821 ἐπλήρωσεν
3121 4747 3478 4818 ὑπολήψεως,
3509 4748 3729 4800 πάντων

2128 4841 2238 4894 τῶν
2268 4841 2326 4892 ὲν
2359 4839 2575 4911 Παλαιᾷ
2612 4839 2710 4897 καὶ
2747 4842 2925 4913 Καινῇ
2955 4841 3201 4912 Διαθήκῃ
3231 4840 3610 4911 μεγαλοφυῶν
3638 4841 3731 4909 ῥιν-

2130 4929 2294 5000 δρῶν,
2325 4929 2451 4981 ὅσον
2485 4929 2733 4999 ἐφικτὸν,
2775 4930 2919 4983 κατά
2969 4929 3137 4993 πόδας
3173 4933 3289 4983 ἰών.
3333 4929 3607 5001 Ἀϐραὰμ
3635 4928 3732 4998 τὴν

2132 5022 2316 5077 πίστιν
2344 5020 2542 5093 ζηλῶν,
2570 5022 2667 5083 καὶ
2699 5023 2877 5097 ταύτῃ
2910 5021 3292 5094 πυρποληθεὶς
3316 5022 3421 5094 τὴν
3450 5022 3695 5076 διάνοιαν
3714 5033 3728 5049 ’

2133 5116 2228 5168 καὶ
2254 5117 2320 5186 τῇ
2355 5115 2468 5167 τῶν
2509 5114 2685 5182 λόγων
2719 5115 2951 5186 δυνάμει
2983 5116 3058 5179 ὼς
3084 5114 3280 5178 ἄλλους
3313 5114 3541 5168 ἐκείνου
3592 5116 3735 5168 οἱκο-

2131 5209 2307 5274 γενεῖς
2335 5207 2706 5278 ὁπλισάμενος
2748 5207 2877 5271 τοὺς
2914 5206 3056 5261 κατὰ
3100 5206 3201 5277 τῆς
3250 5205 3602 5278 Ἐκκλησίας
3644 5220 3740 5274 μα·

2220 5385 2286 5461 (s)
2314 5384 2592 5461 Baronius
2626 5387 2692 5440 ad
2713 5402 2813 5461 an.
2840 5385 2966 5461 82],
2990 5401 3153 5443 nun];
3171 5384 3262 5461 _36,
3303 5389 3626 5461 arbitratur
3650 5400 3741 5461 ρτιτ

2142 5454 2437 5515 triareham
2492 5471 2597 5509 non
2630 5458 2860 5510 rediisse
2895 5456 3462 5525 Constantinopolim,
3499 5474 3567 5511 co
3596 5454 3738 5526 quod

2144 5532 2327 5599 adhuc
2356 5527 2650 5599 haireticus
2708 5526 2956 5582 intrusus
3007 5528 3550 5599 pscudolmtriarclm
3584 5527 3741 5599 sede:

2140 5610 2245 5655 ret.
2292 5598 2357 5652 Et
2385 5596 2615 5667 σφάλμα
2654 5608 2741 5652 est
2801 5596 3046 5651 auctoris
3100 5596 3238 5651 Vitae
3292 5598 3476 5651 sancti
3530 5596 3737 5652 Nicolai

2141 5670 2392 5729 Studitas,
2438 5668 2565 5721 dum
2625 5683 2773 5723 num.
2833 5667 2905 5723 26
2956 5667 3169 5732 scribit,
3229 5682 3331 5721 una
3399 5682 3533 5722 Cum
3572 5684 3641 5722 eo
3687 5675 3742 5720 et

2139 5750 2327 5796 sancto
2356 5738 2644 5794 Theodoro
2675 5739 2891 5795 Studita
2922 5738 3151 5808 aliisque
3183 5739 3394 5793 adiisse
3443 5739 3742 5810 imperato-

2142 5824 2276 5867 rem.
