3978 6424
418 378 530 451 149

1945 399 2148 461 νΙΤΑ.

3584 391 3691 459 150

413 498 610 558 νέντας
642 496 883 568 βασιλεῖς
901 498 1395 571 λαφυραγωγήσας,
1418 502 1630 574 τρανῶς
1652 504 2007 574 ἔχιιρὼσατο,

2124 504 2272 570 plane
2308 503 2622 574 proﬂigatis,
2660 504 2829 573 ipsam
2865 503 3006 559 velut
3033 503 3264 560 alterum
3291 503 3392 558 Lot
3427 504 3495 560 ab
3520 505 3693 560 Inete-

413 593 514 647 καὶ
544 591 773 662 ταύτην,
806 591 885 653 ὼς
914 591 1104 663 ἕτερον
1153 593 1316 662 Λὼτ,
1359 596 1460 667 τῆς
1511 597 1593 659 είς
1637 597 1854 668 αἵρεσιν
1900 599 2009 649 άπ-

418 684 653 752 αγωγῆς
690 682 1062 755 ὲλυτρὼσατο.
1115 683 1300 740 Ἰσαάκ
1326 686 1385 739 δὲ
1408 688 1507 757 τὴν
1548 688 1739 758 μέχρις
1775 689 2009 758 αἵματος

412 773 671 845 ὑπακοὴν
695 774 837 845 πρὸς
869 775 963 828 τὸν
991 775 1101 829 τῶν
1134 777 1275 831 ὅλων
1303 778 1527 849 Πατέρα
1566 778 1700 831 Θεὸν
1733 795 2009 849 προσκτη-

411 865 699 935 σάμενος,
739 865 838 918 καὶ
880 864 1065 930 τυθεὶς
1114 865 1217 937 μὲν
1258 866 1491 938 πλήθεσι
1544 867 1906 938 πειρασμῶν,
1946 868 2008 920 ού

410 957 745 1028 πειρασθεὶς
772 958 836 1011 δὲ
874 959 977 1026 τῆς
1021 958 1091 1012 δι’
1121 959 1356 1030 αἵματος
1383 959 1810 1023 ὁλοκαυτώσεως
1835 975 1848 989 ·
1890 959 2010 1012 ἀλλ’

413 1051 611 1119 ἱερεὺς
673 1050 766 1104 καὶ
799 1050 969 1122 θύτης
998 1050 1099 1120 τῆς
1127 1052 1398 1124 ἀληθινῆς
1426 1055 1522 1107 καὶ
1545 1052 1782 1123 ἁναίμου
1817 1050 2009 1116 θυσίας

409 1142 739 1212 γενόμενος,
766 1143 917 1204 υἱοὺς
942 1141 1079 1195 Θεοῦ
1107 1143 1205 1197 καὶ
1227 1142 1605 1214 κληρονόμους
1630 1144 1696 1196 ὲκ
1714 1146 1814 1214 τῆς
1839 1143 2011 1213 άρμο-

412 1235 648 1304 αθείστις
675 1234 827 1305 αὐτῷ
853 1237 1259 1307 πνευματικῆς,
1292 1236 1369 1298 ὡς
1394 1235 1455 1302 ἐξ
1482 1236 1650 1308 άλλης
1689 1234 2010 1298 Ῥεϐέκκας,

410 1327 524 1397 τῆς
597 1326 925 1396 Ἐκκλησίας
972 1327 1158 1398 σαφῶς
1212 1328 1326 1398 (52)
1375 1327 1769 1399 ἀπεγέννησεν.
1820 1326 2012 1381 Ἰακὼϐ

410 1420 485 1473 τὸ
511 1421 570 1471 ὲν
598 1419 857 1488 ποιμέσιν
885 1419 1175 1491 εὐδόκιμον
1201 1420 1617 1491 ἐμμαξάμενος,
1646 1421 1748 1473 οὐκ
1778 1420 1839 1486 ἐξ
1870 1419 2010 1491 ἀσή-

415 1529 569 1580 μων,
604 1512 721 1567 ἀλλ’
767 1513 1060 1584 ἐπισήμων
1095 1514 1190 1567 καὶ
1226 1511 1466 1581 λογικῶν
1526 1512 1860 1584 θρεμμάτων
1912 1514 2013 1584 τὴν

413 1604 668 1674 ποίμνην
714 1603 1050 1675 ἐπλήθυνεν,
1093 1608 1160 1677 ἢν
1204 1606 1300 1660 καὶ
1350 1606 1772 1674 ἐπευλογείσθαι
1815 1605 1908 1658 ἐπὶ
1936 1605 2013 1675 τῷ

412 1696 596 1750 αὑτοῦ
627 1696 749 1749 ποδὶ
772 1698 928 1768 παρὰ
958 1699 1169 1768 Κυρίου
1191 1697 1557 1769 κεκαύχηται.
1604 1699 1806 1769 Ἰωσὴφ
1836 1699 1893 1752 δὲ
1913 1699 2013 1751 ούκ

415 1787 522 1839 ἐπὶ
556 1786 886 1858 σωφροσύνῃ
927 1788 1091 1857 μόνον
1123 1788 1590 1859 ὲχαρακτήρισεν.
1622 1788 1739 1842 ἀλλ’
1776 1788 1876 1860 ἥδη
1915 1789 2011 1842 σὺν

2112 609 2236 650 seos
2264 594 2575 665 captivitate
2609 596 2857 650 redemit.
2897 593 3067 650 lsaaci
3097 606 3276 650 autem
3313 597 3682 650 obedientiam

2112 687 2491 739 universorum
2532 684 2680 739 Patri
2711 685 2820 739 Deo
2852 686 2915 739 ad
2954 687 3272 754 sanguinem
3313 701 3486 756 usque
3551 702 3694 755 pne-

2122 777 2375 830 standam
2402 786 2714 840 assecutus,
2753 786 2805 829 et
2833 775 3114 844 multiplici
3143 778 3450 831 tentatione
3483 790 3692 830 macta-

2115 877 2221 930 tus,
2272 883 2583 936 quanquam
2608 866 2914 921 holocausti
2940 868 3466 922 consummationem
3499 883 3694 922 cruore

2116 959 2236 1015 fuso
2267 974 2375 1014 non
2417 961 2720 1029 promeruit
2745 977 2760 1026 ;
2789 960 3054 1016 sacerdos
3082 970 3262 1014 tamen
3292 970 3350 1014 et
3381 958 3696 1017 immolator

2114 1050 2226 1105 veri
2258 1061 2312 1107 et
2350 1050 2618 1105 incruenti
2667 1052 2923 1106 sacrificii
2976 1052 3171 1117 iactus,
3207 1053 3302 1107 Dei
3345 1052 3485 1108 ﬁlios
3530 1063 3696 1123 atque

2114 1143 2357 1197 haeredes
2380 1158 2447 1198 ex
2480 1142 2711 1211 Spiritaii
2739 1159 2833 1197 sua
2892 1159 3091 1213 sponsa
3121 1144 3386 1211 Ecclesia,
3447 1161 3545 1199 ceu
3577 1144 3683 1198 alia

2117 1233 2386 1299 Rebecca,
2418 1234 2695 1303 sapienter
2722 1236 2982 1306 suscepit.
3008 1235 3196 1291 Jacobi
3226 1235 3557 1306 pastoralem
3603 1251 3695 1291 so-

2116 1325 2326 1380 lertiam
2368 1322 2634 1392 referens,
2692 1340 2796 1380 non
2834 1340 2898 1379 ex
2959 1327 3232 1393 obscuris,
3266 1328 3361 1383 sed
3416 1325 3695 1398 praeclaris

2117 1414 2580 1483 rationalibusque
2634 1406 3026 1470 ovibus‘auait
3079 1432 3341 1488 gregem,
3392 1420 3482 1473 cui
3529 1418 3697 1478 etiam

2117 1505 2657 1563 Deumbenedixisse
2685 1509 2751 1563 ad
2796 1511 2988 1578 pedem
3027 1525 3186 1564 suum
3222 1509 3511 1580 gloriatur.
3538 1507 3698 1565 lose-

2116 1597 2280 1665 pbum
2331 1611 2440 1650 non
2470 1596 2647 1650 solum
2692 1599 2979 1666 prudentia
3037 1597 3332 1668 expressit,
3383 1597 3701 1657 sedetiam

2118 1687 2527 1756 repraesentavit
2561 1696 2669 1741 tam
2705 1688 3090 1759 ani-unequam
3122 1689 3370 1757 corporis
3392 1687 3698 1758 pulchritu-

2117 1779 2276 1844 dine;
2330 1780 2531 1848 quippe
2576 1780 2666 1847 qui
2722 1793 2913 1837 amore
2943 1780 3114 1850 ipsius.
3156 1792 3372 1850 captam
3401 1794 3547 1844 eam,
3579 1794 3699 1849 quae

416 1877 504 1947 τῷ
526 1877 744 1949 ψυχικῷ
772 1879 869 1932 καὶ
898 1879 976 1948 τῷ
1006 1879 1102 1932 τοῦ
1135 1878 1393 1950 σώματος
1416 1880 1603 1934 κάλλει
1636 1881 2006 1951 παρήμειψεν,

2124 1885 2255 1925 nunc
2287 1880 2395 1934 est,
2416 1870 2747 1940 Egyptiam,
2784 1871 3115 1939 nefandam,
3137 1872 3383 1941 inquam,
3414 1872 3690 1932 haeresim,

416 1967 502 2029 ὠς
536 1966 859 2037 ἐρασθεῖσαν
907 1967 1074 2022 αὑτοῦ
1107 1971 1219 2038 τὴν
1234 1971 1352 2022 νυνὶ
1395 1969 1729 2038 Αἰγυπτίαν,
1774 1969 1918 2040 φημὶ
1948 1969 2012 2041 δὴ

417 2055 526 2126 τὴν
557 2058 910 2128 κακέμφατον
941 2059 1178 2130 αἵρεσιν,
1203 2063 1298 2115 καὶ
1335 2062 1429 2114 ἐπὶ
1457 2062 1715 2132 κοινωνίᾳ
1746 2062 1857 2116 τῶν
1886 2064 2013 2117 ἀθε-

432 2144 610 2213 μίτων
635 2145 923 2216 δογμάτων
962 2147 1359 2216 ἀνθέλκουσαν,
1407 2149 1887 2205 συναποδύσασθαι
1937 2153 2012 2223 μὴ

432 2237 498 2290 τὸ
535 2238 739 2306 ἱμάτιον
785 2240 984 2308 μόνον,
1019 2241 1293 2295 ἀλλὰκαὶ
1339 2242 1438 2313 τὴν
1488 2243 1643 2315 ἱερὰν
1693 2243 2012 2316 ἀμπεχόνην

431 2329 711 2401 ⁴ᾑρέτισεν.
763 2329 884 2386 Ἰὼϐ
919 2331 979 2384 δὲ
1011 2333 1072 2384 τὸ
1105 2333 1384 2401 τληπαθὲς
1419 2335 1516 2388 καὶ
1550 2335 1690 2405 πρὸς
1723 2335 1825 2388 τὸν
1852 2336 1859 2343 “
1882 2335 2013 2389 άντ-

419 2422 740 2492 αγωνιστὴν,
765 2425 1094 2494 καρτερικὸν
1112 2425 1460 2490 ἐπεδείξατο,
1479 2426 1787 2496 φιλοσοφῶν
1817 2428 1874 2480 ὲν
1897 2428 2013 2491 τοῖς

418 2511 744 2584 δυσχερέσι,
777 2516 874 2568 καὶ
914 2516 1053 2582 ξέων
1080 2519 1182 2572 οὐκ
1216 2518 1471 2590 ὀστράκῳ
1497 2518 1566 2571 τὰ
1603 2518 1703 2588 τῆς
1744 2518 2013 2589 ἐπηρείας

418 2600 600 2675 ἕλκη,
652 2606 720 2657 τά
768 2605 831 2669 δὲ⁴
877 2604 987 2659 τῶν
1042 2607 1357 2661 ἀντιπάλων
1412 2605 1819 2680 ἑξοστρακίζων
1876 2608 2015 2680 πρὸς

417 2695 740 2766 ἀφροσύνην
769 2698 1076 2765 ὲφέλκοντα
1108 2701 1351 2771 ῥήματα.

496 2786 608 2850 πξ.
643 2788 924 2852 Μωῦσέως
955 2789 1034 2860 τῷ
1065 2788 1449 2861 δημαγωγικῴ
1491 2792 1679 2845 κανόνι
1704 2790 2013 2863 ἐπηκολού-

414 2875 615 2947 Θησεν,
646 2878 776 2931 λαδν
807 2880 865 2946 ἐξ
910 2881 1291 2949 Αἰγυπτιακοῦ
1334 2883 1563 2946 σκότους
1591 2883 1690 2953 τῆς
1732 2883 2016 2955 αἱρετικῆς

414 2970 798 3037 κενοφωνίας,
848 2972 1097 3042 σκόρδοις
1125 2972 1220 3026 καὶ
1253 2974 1592 3044 κρομμύοις,
1631 2977 1746 3035 τοῖς
1769 2975 2013 3040 ὁδωδόσι,

417 3061 598 3130 φημὶ,
623 3050 944 3132 διδάγμασι,
970 3063 1099 3127 τοὺς
1134 3063 1498 3134 πειθομένους
1531 3065 1669 3137 αὐτῇ
1698 3065 2014 3139 τρεφούσῃ,

418 3150 665 3219 ἐξάγων,
697 3152 792 3205 καὶ
819 3153 886 3207 δι’
918 3153 1099 3225 ἅλμης
1136 3154 1428 3227 Ἐρυθρᾶς,
1464 3157 1798 3228 στυφούσης,
1837 3156 2008 3226 λέγω,

2116 1962 2284 2031 inque
2333 1962 2688 2016 exsecrandae
2713 1962 2977 2018 doctrinae
3025 1964 3342 2018 societatem
3375 1963 3595 2018 trahere
3621 1962 3701 2016 ni-

2116 2064 2319 2109 tentem
2366 2054 2588 2124 repulit,
2630 2071 2737 2111 non
2773 2066 2985 2111 tantum
3022 2067 3230 2113 vestem
3266 2056 3567 2125 vulgarem,
3597 2057 3695 2111 sed

2119 2155 2174 2201 et
2200 2146 2400 2201 stolam
2436 2161 2649 2202 sacram
2683 2149 2957 2203 dimittere
2989 2156 3318 2218 przeoptans.
3359 2148 3479 2204 .lobi
3514 2156 3698 2203 autem

2116 2238 2433 2307 patientiam
2474 2251 2539 2296 ac
2583 2240 2900 2295 tolerantem
2949 2254 3079 2311 erga
3115 2240 3490 2295 adversarium
3517 2248 3703 2294 osten-

2115 2328 2195 2384 dit
2223 2329 2491 2395 animum,
2519 2332 2800 2401 egregium
2831 2332 3051 2388 virtutis
3083 2332 3360 2401 specimen
3394 2331 3555 2386 rebus
3596 2331 3699 2386 tri-

2114 2418 2289 2475 stibus
2308 2430 2474 2490 atque
2507 2423 2756 2478 molestis
2793 2422 2988 2487 edens,
3022 2436 3198 2493 neque
3245 2430 3380 2477 testa
3434 2422 3704 2477 abradens

2115 2511 2264 2566 illata
2297 2527 2393 2582 per
2441 2511 2699 2583 iniuriam
2740 2514 2951 2578 ulcera,
3010 2513 3105 2568 sed
3152 2511 3596 2568 adversariorum
3629 2513 3697 2564 ad

2116 2604 2406 2660 stultitiam
2451 2607 2721 2662 trahentia
2757 2609 2918 2664 verba
2950 2606 3277 2663 ostracismo
3316 2605 3584 2661 (ieiunans
3616 2612 3701 2658 at-

2114 2710 2223 2767 que
2261 2696 2531 2768 relegans.

2189 2788 2281 2845 87.
2329 2788 2494 2845 Musis
2526 2791 2780 2862 populum
2811 2792 3050 2861 regentis
3100 2806 3349 2848 normam
3395 2797 3704 2847 assectatus

2117 2891 2224 2946 est,
2253 2883 2492 2939 educens
2520 2883 2692 2953 ipsum
2726 2898 2793 2939 ex
2849 2883 3192 2954 Egyptiacis
3239 2885 3483 2939 tenebris
3526 2882 3708 2937 hatre-

2121 2973 2240 3029 lica
2262 2975 2541 3040 vanitatis,
2558 2973 2856 3032 fetentibus
2878 2977 3115 3033 decretis
3142 2991 3240 3031 ceu
3266 2976 3409 3031 alliis
3437 2977 3708 3046 cepisque

2119 3063 2222 3120 sibi
2269 3067 2555 3122 credentes
2593 3069 2867 3136 pascentis
2902 3078 2958 3123 et
2999 3069 3170 3124 maris
3200 3068 3370 3123 Rubri
3404 3067 3700 3129 salscdine,

2124 3156 2177 3212 id
2204 3167 2323 3223 est,
2350 3158 2598 3213 doctrina
2633 3160 2971 3231 astringente
3021 3176 3086 3215 ac
3121 3160 3441 3225 subamara,
3480 3161 3709 3213 insuave

418 3210 814 3310 διδασκαλίας,
867 3210 1324 3319 ἀποκλυσάμενος
1373 3210 1665 3304 άύτῶνυτὸ
1710 3210 1877 3321 άηδὲς

2124 3258 2180 3304 et
2205 3249 2485 3321 multiplex
2510 3250 2729 3305 illorum
2758 3210 2896 3307 udus
2917 3252 3310 3324 submergens;
3343 3250 3711 3319 transferensv

419 3337 797 3409 πολύσρωμον
828 3339 1017 3410 ἄχθος,
1050 3341 1190 3412 πρὸς
1211 3342 1268 3394 δὲ
1301 3343 1403 3412 γῆν
1437 3342 1710 3413 βρύουσαν
1747 3342 1891 3411 γάλα
1927 3345 2017 3397 καὶ

2124 3356 2230 3413 que
2264 3343 2331 3397 ad
2360 3352 2562 3398 terram
2615 3352 2930 3399 manantem
2979 3345 3121 3401 lacte
3150 3360 3216 3399 ac
3261 3345 3443 3410 melle,
3475 3342 3710 3400 candida

419 3433 581 3506 μέλι,
618 3434 716 3506 τὴν
748 3434 949 3508 λευκὴν
973 3436 1070 3490 καὶ
1106 3437 1293 3491 ἄδολον
1331 3439 1425 3491 καὶ
1454 3438 1648 3509 ἡδονῆς
1675 3440 1856 3511 πλήρη
1887 3457 2017 3511 μετ-

2126 3433 2387 3489 nimirum
2431 3443 2488 3489 et
2533 3434 2658 3490 sine
2684 3435 2813 3491 dolo
2865 3435 3179 3492 dulcissima
3216 3438 3416 3492 divinae
3445 3435 3710 3492 doctrinm

417 3526 726 3597 οχετεύσας
766 3526 875 3581 τῶν
923 3526 1087 3581 θείων
1111 3528 1405 3598 δογμάτων
1425 3529 1764 3598 γλυκύτητα.
1810 3529 2017 3600 Ἀαρὼν

2124 3528 2419 3583 suavitate.
2451 3528 2687 3586 Aaronis
2718 3531 3030 3586 sacerdotio
3052 3531 3379 3586 venerabilis
3422 3530 3711 3586 hmredita—

418 3620 493 3672 τὸ
549 3621 607 3671 ὲν
659 3618 868 3691 ἱερεῦσι
902 3620 1199 3690 σεϐάσμιον
1237 3620 1626 3691 ἐκληρώσατο,
1673 3621 1736 3679 ού
1777 3621 2017 3690 Μωῦσῆν

2128 3628 2235 3675 tem
2273 3619 2504 3689 adeptus
2529 3632 2633 3690 est,
2657 3636 2766 3676 non
2800 3620 2988 3678 Mosen
3022 3624 3318 3694 quemdam
3353 3622 3408 3678 in
3440 3623 3551 3689 bis,
3590 3637 3711 3692 quae

418 3728 554 3766 τινα
604 3710 673 3765 τά
704 3710 842 3782 πρὸς
883 3708 1017 3766 Θεδν
1051 3711 1422 3783 ἐξηγούμενον
1468 3711 1646 3782 ἔχων,
1681 3710 1915 3775 ὲνώπιος
1963 3711 2021 3767 δὲ

421 3804 654 3875 ὲνωπίῳ
713 3805 838 3868 ταῖς
893 3805 1177 3868 εύκτικαῖς
1237 3803 1564 3877 ίερολογίαις
1623 3804 1710 3858 ἀεὶ
1767 3804 2023 3873 συγγινό-

425 3914 596 3966 μενος
619 3937 635 3962 ,
666 3897 788 3950 οὐδὲ
819 3897 1032 3969 κιδάρει
1060 3898 1156 3952 καὶ
1188 3897 1424 3968 ἐπωμίδι
1454 3896 1550 3952 καὶ
1573 3895 1825 3955 κώδωσιν
1848 3896 2023 3951 ὲνιαύ-

425 4005 528 4040 σια
559 3988 961 4060 φθεγγομένοις
1012 3990 1092 4054 είς
1126 3989 1198 4043 τά
1237 3987 1408 4042 ἄδυτα
1431 3987 1655 4055 εἰσιὼν,
1704 3990 1775 4059 τῇ
1811 3987 1870 4041 δὲ
1913 3987 2022 4049 τῶν

423 4080 752 4136 ἀποστόλων
808 4081 1203 4153 δωδεκαχόρδῳ
1285 4080 1430 4153 λύρᾳ.
1468 4060 2023 4149 ⁴πληττὸμενοςιείς

432 4172 513 4225 τά
544 4171 655 4224 τῶν
710 4171 884 4241 ἁγίων
910 4172 1080 4241 ’Ἅγια
1117 4171 1492 4244 θαμινώτερον
1525 4170 1893 4243 εὶσδυόμενος,
1924 4173 2023 4244 τὴν

421 4262 544 4316 τῶν
584 4263 744 4319 θείων
778 4264 976 4334 λογίων
1004 4264 1239 4336 δήλωσιν
1268 4265 1437 4327 πᾶσιν
1479 4246 1819 4324 ἀνέπτυσσεν
1856 4265 2026 4336 εὐση-

426 4356 670 4427 μότατα.
715 4358 895 4428 Ἰησοῦ
927 4358 987 4412 τὸ
1022 4359 1392 4430 στρατηγικὸν
1426 4359 1525 4412 καὶ
1580 4357 1720 4429 πρὸς
1755 4357 2023 4427 πολεμίας

422 4449 673 4520 ἔμϐολάς
726 4451 1156 4525 ἀπαράτρεπτον
1206 4450 1555 4522 ἀνεμάξατο,
1607 4452 1669 4504 οὐ
1724 4454 2024 4523 φωστῆρας

424 4633 623 4705 ἡμέρᾳ.
669 4635 725 4688 δὲ
765 4636 862 4689 καὶ
909 4636 1069 4689 νυκτὶ
1120 4634 1221 4700 τὰς
1271 4634 1412 4707 πρὸς
1451 4633 1586 4689 Θεὸν
1634 4632 1906 4699 ἐντεύξεις
1947 4633 2025 4699 ὼς

427 4726 778 4797 παρατάξεις
843 4726 1206 4798 ποιούμενος,
1265 4728 1374 4792 ἕως
1425 4726 1554 4791 τοὺς
1609 4727 1712 4796 τῆς
1761 4725 2024 4796 ἀληθείας

426 4820 668 4891 ὶχθροὺς
742 4822 858 4883 τοῖς
924 4819 1135 4874 ἑαυτῶν
1210 4819 1576 4891 λελουμένους
1646 4816 2025 4891 κατῴκτειρεν

430 4912 658 4979 αἵμασι.
716 4911 872 4965 Μετά
918 4912 1105 4976 Φινεὲς
1170 4911 1266 4965 ἐπὶ
1326 4910 1690 4981 πορνοκτονίᾳ
1745 4911 2024 4981 ἀνακηρυ-

429 5002 757 5074 χθήσεταιῇ
797 5003 892 5055 καὶ
940 4993 1098 5065 οὗτος
1143 5002 1253 5072 γάρ
1309 5002 1436 5064 τοὺς
1487 5000 1598 5054 ἀπὸ
1630 4998 1859 5053 ὄπισθεν
1914 5002 2029 5053 Κυ-

431 5094 596 5164 ρίου,
645 5091 790 5146 κατὰ
827 5094 889 5146 τὸ
944 5092 1305 5165 προφητικῶς
1347 5093 1781 5162 ἀπειλούμενον,
1834 5093 2033 5164 ἐκπορ-

2122 3712 2192 3765 ad
2234 3710 2413 3777 Deum,
2443 3725 2592 3780 sunt,
2631 3714 2823 3769 ducem
2858 3715 3090 3783 habens,
3149 3722 3243 3773 sed
3299 3716 3417 3786 ipse
3465 3713 3610 3773 facie
3641 3715 3711 3770 ad

2126 3800 2344 3868 faciem,
2362 3818 2656 3873 coramque
2695 3806 2869 3862 sacris
2890 3823 3119 3878 precum
3146 3809 3490 3865 orationibus
3511 3806 3717 3877 iugiter

2127 3894 2202 3949 illi
2231 3908 2632 3963 consuescens;
2658 3911 2838 3967 neque
2858 3900 3029 3954 cidari
3073 3909 3167 3954 aut
3188 3898 3621 3969 superbumerali
3649 3909 3713 3950 ac

2130 3986 2509 4047 tintinnabulis
2570 3992 2861 4058 quotannis
2922 3991 3292 4063 strepentibus
3323 3992 3484 4061 adyta
3540 4002 3712 4058 pene-

2131 4086 2299 4144 trans,
2340 4081 2433 4135 sed
2461 4082 2810 4151 apostolicam
2839 4083 3168 4139 chordarum
3205 4083 3490 4140 duodecim
3540 4081 3713 4150 lyram

2118 4177 2380 4238 tangens,
2409 4171 2465 4227 in
2496 4171 2695 4228 Sancta
2737 4184 3049 4231 sanctorum
3080 4175 3298 4231 subibat
3338 4174 3610 4239 crebrius,
3648 4181 3723 4228 et,

2129 4258 2437 4320 divinorum
2469 4265 2732 4320 scitorum
2780 4265 2985 4320 claram
3033 4267 3250 4322 cunctis
3306 4266 3575 4320 rationem
3627 4264 3717 4318 di-

2129 4348 2490 4406 stinctissime
2544 4354 2850 4423 promebat.
2904 4354 3032 4411 Jesu
3070 4356 3365 4410 militarem
3419 4353 3721 4409 scientiam

2131 4439 2489 4511 animumque
2538 4445 2704 4500 nullis
2748 4446 2987 4502 hostium
3019 4448 3462 4518 egressionibus
3493 4459 3720 4515 supera-z

317 4532 327 4543 “
424 4542 679 4611 πεδήσας
743 4543 881 4614 πρὸς
944 4544 1047 4616 τὴν
1106 4543 1217 4598 τῶν
1268 4542 1586 4599 ἀντιπάλων
1644 4542 1899 4614 ἄμυναν,
1966 4544 2017 4597 ὲν

2134 4528 2297 4593 bilem
2327 4534 2684 4602 expressit“,
2709 4552 2815 4592 non
2842 4538 3027 4593 mundi
3068 4538 3360 4597 luminaria
3394 4545 3722 4604 ulciscendis

2132 4626 2391 4683 hostibus
2440 4630 2711 4697 vinciens,
2763 4635 2860 4688 sed
2917 4632 3143 4688 diurnas
3194 4646 3604 4711 nocturnasque
3651 4644 3719 4698 d

2134 4727 2302 4782 Deum
2331 4738 2523 4796 preces
2548 4724 2696 4779 velut
2717 4724 2893 4779 aciem
2936 4724 3261 4793 instruens;
3294 4727 3469 4788 donec
3502 4733 3549 4789 is
3573 4735 3723 4791 veri-

2135 4820 2267 4875 tatis
2288 4820 2475 4876 hostes
2503 4818 2863 4873 miseraretur
2888 4816 3004 4872 suis
3044 4817 3288 4885 ipsorum
3317 4820 3533 4878 ablutos
3586 4839 3720 4881 san-

2134 4911 2413 4983 guinibus.
2458 4907 2596 4964 Cum
2653 4907 2887 4964 Phineas
2938 4910 3006 4965 de
3039 4918 3226 4964 scorto
3261 4910 3448 4967 occiso
3473 4914 3729 4982 pra-.clari

2142 5002 2354 5056 Iaudem
2410 4999 2667 5070 praeconii
2719 4998 2882 5054 habet
2925 5000 2969 5031 ’¹
3026 5018 3041 5055 :
3081 5014 3209 5055 nam
3258 4998 3357 5056 hie
3400 5016 3619 5072 quoque
3659 5004 3728 5058 de

2137 5102 2260 5164 post
2279 5093 2560 5148 dominum
2582 5088 2956 5146 exfornicatos
2971 5131 2987 5157 ,
3012 5099 3070 5145 ut
3097 5092 3417 5162 prophetica
3435 5091 3548 5147 fert
3573 5108 3726 5149 com-

428 5185 773 5249 νεύσαντας,
839 5186 936 5240 καὶ
996 5186 1222 5258 σπέρμα
1280 5184 1592 5241 Χαλδαῖκὸν
1654 5187 1713 5239 ὲν
1769 5186 1885 5247 τοῖς
1932 5185 2017 5253 τῆς

2140 5183 2474 5250 minatio“,
2522 5183 2723 5253 quibus
2768 5184 3126 5238 constitutum
3172 5198 3298 5239 esse
3344 5184 3721 5241 Chaldaeorum

443 5268 781 5347 Ἐκκλησίας
811 5276 1195 5349 ἀποστολικοῖς
1239 5276 1518 5347 νεώμασιν
1553 5275 1835 5346 ἐγκρύψαι
1874 5275 2036 5346 θελήο

432 5386 677 5431 σαντας,
708 5371 818 5432 τοῖς
864 5368 974 5421 τῶν
1025 5368 1257 5422 δικαίων
1287 5369 1530 5437 λογικοῖς
1573 5367 1928 5438 βουκέντροις
1957 5366 2036 5430 ὡς

2140 5292 2327 5331 semen
2358 5276 2410 5331 in
2463 5273 2760 5344 apostolica
2791 5272 3051 5329 Ecclesiae
3081 5274 3292 5329 novalia
3325 5276 3582 5340 condere,
3636 5293 3728 5331 ra-

2146 5368 2439 5425 tionalibus
2471 5376 2789 5422 sanctorum
2813 5365 3039 5421 Patrum
3074 5367 3334 5431 stimulis,
3362 5382 3460 5423 ceu
3494 5370 3729 5440 pugione

432 5461 754 5533 σιρομάστῃ
789 5461 1164 5532 χρησάμενος,
1219 5460 1598 5531 ἐξεκέντησεν.
1644 5458 1810 5514 Δαυϊδ
1841 5459 1905 5512 τὸ
1933 5459 2017 5529 πρί

2144 5474 2274 5514 usus
2306 5458 2511 5529 pupigit
2551 5468 2714 5526 atque
2770 5456 3033 5512 confodit.
3088 5457 3303 5511 Davi-lis
3359 5461 3585 5515 necdum
3628 5475 3724 5529 per

515 5663 758 5720 “105.1
791 5677 840 5719 nt
868 5681 930 5722 ιι.
996 5662 1480 5726 "Num.uv,5-8.
1559 5664 1606 5695 "
1636 5661 1792 5718 Oscae
1858 5678 1896 5730 ι,
1931 5662 1987 5716 2.

515 5819 629 5892 (32)
668 5821 721 5877 ιιι
752 5833 854 5889 est,
894 5821 1189 5889 Evidenter,
1226 5822 1422 5891 palam.
1459 5822 1731 5892 interpres
1762 5819 1974 5875 videtur

2124 5817 2195 5881 ὡς
2229 5814 2445 5887 legisse.
