3978 6472
392 400 499 463 151

1386 404 1445 461 S.
1488 402 1908 465 NlCEPIlDRl
1950 401 2457 460 PATRIABCILE
2496 402 2605 463 (ΖΡ.

3586 401 3688 466 152

390 517 703 570 unctionem
742 518 1059 585 consecrati,
1101 517 1346 585 juvenile
1395 517 1564 572 robur
1592 528 1757 587 atque
1799 516 1978 569 auda-

2101 515 2181 583 τῆς
2206 514 2440 584 χρίσεως
2473 514 2725 567 νεανικὸν
2755 514 2892 585 πρὸς
2930 517 3304 588 ποιμαντικὴν
3346 514 3682 587 ἐξιχνίασεν,

388 609 532 662 ciam
559 606 863 677 adjungens
879 610 946 675 “,
981 610 1175 664 ovibus
1221 611 1433 663 ratione
1473 594 1749 662 utentibus
1775 624 1974 676 praeses

391 701 490 762 dit,
525 710 580 755 et
608 700 823 755 leonum
857 714 1021 771 atque
1061 718 1314 759 ursorum
1342 703 1514 755 molas
1543 700 1847 768 confregit;
1875 700 1978 752 lin-

391 808 527 860 guas
551 792 766 849 scilicet
794 796 1176 850 haereticorum
1207 797 1472 849 adversus
1504 794 1710 847 Clu-imi
1758 809 1980 862 gregem

392 885 727 955 rugientium
761 887 1021 957 omnique
1050 886 1397 940 frementium
1424 885 1742 938 insolentia.
1776 884 1983 941 Solitu-

398 976 542 1031 dinis
566 992 629 1031 ac
660 978 974 1037 monasticae
1009 977 1132 1031 vitae
1161 992 1428 1045 amorem,
1482 974 1682 1044 quibus
1730 972 1875 1028 Elias
1929 984 1985 1026 ct

397 1065 638 1123 Joannes
680 1068 1049 1132 celebrantur,
1104 1078 1215 1120 tum
1267 1077 1398 1120 ante
1449 1052 1559 1119 tum
1597 1076 1717 1133 post
1767 1080 1983 1119 sacram

399 1160 769 1214 ostensionem
815 1156 968 1213 suam
999 1158 1285 1228 amplexus
1310 1166 1429 1224 est,
1463 1167 1516 1212 et
1539 1171 1831 1226 perparum
1861 1172 1983 1208 ver-

400 1255 553 1303 satus
585 1248 640 1301 in
670 1247 919 1312 urbibus,
950 1247 1214 1316 temporis
1264 1255 1476 1316 partem
1528 1245 1816 1315 plurimam
1867 1259 1985 1298 mo-

402 1340 625 1395 nasticae
676 1338 1063 1415 exercitationi
1112 1337 1484 1407 impendebat.
1549 1335 1762 1404 Quippe
1822 1349 1985 1405 quem

400 1446 508 1486 non
535 1429 732 1486 lateret
758 1446 822 1486 eo
845 1428 993 1485 cultu
1017 1430 1236 1500 purgari
1266 1430 1508 1483 animum
1541 1436 1706 1497 atque
1741 1426 1809 1481 ab
1833 1426 1984 1480 onmi
2018 1442 2023 1453 ·

401 1533 626 1578 terreno
667 1522 910 1593 cogitatu
934 1520 1154 1576 liberari
1178 1538 1196 1574 :
1225 1521 1367 1576 unde
1401 1520 1568 1574 etiam
1594 1518 1853 1590 arguendi
1877 1517 1987 1573 vim

401 1614 636 1671 liberam
668 1626 832 1685 atque
863 1615 1179 1685 expeditam
1217 1624 1408 1669 nactus
1441 1621 1549 1676 est,
1585 1623 1643 1666 ut
1666 1612 1984 1682 loqueretur

2083 608 2376 676 προϐάτων
2428 606 2667 674 λογικῶν
2729 609 3065 672 ἐπιστατῶν,
3129 610 3227 667 καὶ
3282 610 3529 665 λεόντων
3593 613 3687 663 καὶ

2082 698 2303 768 ἄρκτων
2356 698 2530 767 μύλας
2586 697 2852 764 συνθλῶν,
2907 699 3017 753 τῶν
3070 701 3215 755 κατὰ
3267 702 3375 771 τῆς
3439 701 3684 771 Χριστοῦ

2086 788 2327 858 ποίμνης
2369 787 2705 857 ὠρυομένων
2750 788 2850 841 καὶ
2898 790 3339 859 φρυαττομένων
3385 789 3687 859 αἱρετικῶν

2087 877 2350 946 γλωσσῶν
2383 877 2718 946 ἀταμίευτα.
2768 877 2953 932 Ἠλιοῦ
3002 882 3099 932 καὶ
3142 877 3407 933 Ἰωάννου
3462 879 3528 932 τὸ
3566 879 3689 948 φιλ-

2088 969 2297 1039 έρημον
2345 968 2438 1021 καὶ
2482 967 2730 1039 ἡσύχιον,
2781 968 2879 1022 καὶ
2914 970 3022 1038 πρὸ
3055 972 3156 1039 τῆς
3205 966 3546 1034 ἀναδείξεως
3596 971 3689 1024 καὶ

2092 1060 2233 1129 μετά
2260 1059 2359 1130 τὴν
2406 1059 2558 1130 ίεράν
2588 1059 2864 1125 ἀνάδειξιν
2915 1063 3337 1132 κατησπάσατο,
3376 1065 3476 1116 καὶ
3511 1066 3691 1134 μικρὰ

2088 1154 2207 1215 ταίς
2236 1153 2455 1206 πόλεσιν
2485 1153 2710 1223 ὁμιλῶν,
2745 1154 2961 1219 τούτοις
2988 1155 3053 1208 τὸ
3081 1155 3271 1210 πλεῖον
3289 1156 3519 1227 ἔνεμεν,
3555 1157 3690 1210 καθ-

2088 1243 2323 1321 αρτικὴν
2350 1243 2532 1316 ψυχῆς
2575 1246 2675 1315 τὴν
2716 1246 2861 1301 κατὰ
2886 1246 3023 1301 Θεὸν
3057 1249 3297 1317 μόνωσιν
3331 1246 3524 1311 εἰδὼς,
3597 1248 3692 1301 καὶ

2093 1333 2297 1398 παντὸς
2335 1335 2791 1392 ἀπαλλάττουσιν
2834 1338 3120 1410 περιγείου
3151 1340 3543 1410 φρονήματος,
3566 1340 3692 1393 ὅθεν

2092 1426 2189 1479 καὶ
2218 1425 2282 1480 τὸ
2314 1428 2452 1499 πρὸς
2493 1427 2719 1500 ἔλεγχον
2747 1429 2933 1495 καλῶς
2962 1430 3276 1505 ἐξήσκησεν
3307 1432 3561 1502 ἕτοιμον,
3596 1432 3693 1486 λα-

2091 1516 2202 1572 λῶν
2260 1519 2506 1574 ἐναντίον
2565 1519 2859 1591 βασιλέων,
2914 1524 3011 1577 καὶ
3063 1524 3139 1593 μὴ
3194 1525 3263 1579 δι’
3298 1524 3579 1596 αἰσχύνην
3638 1542 3692 1579 τι

2093 1608 2285 1677 ποιῶν,
2313 1612 2348 1681 ἦ
2378 1611 2518 1684 πρὸς
2542 1614 2705 1685 χάριν
2729 1616 3234 1686 ἐγκαλυπτόμενος.

406 1711 460 1762 in
485 1670 782 1778 conspectu
813 1670 1025 1793 rego-nt,
1053 1721 1232 1777 neque
1266 1722 1362 1785 per
1396 1670 1780 1767 verecundiam
1814 1718 1982 1775 agens
2013 1702 2221 1776 aliquid
2257 1670 2437 1781 neque
2493 1670 2687 1775 gratiae
2730 1670 2982 1765 ineunda:
3022 1670 3210 1765 (laus;
3232 1710 3561 1780 quidquam.
3600 1670 3707 1770 oce

404 1802 638 1858 cultans.

473 1895 564 1949 88.
599 1895 731 1963 Quis
772 1911 896 1950 vero
927 1896 1084 1958 donis
1117 1896 1304 1966 gratia:
1336 1896 1621 1965 magniﬁce
1647 1906 1843 1950 auctus
1864 1895 1988 1950 eni-

2164 1894 2280 1968 σπη’.
2320 1896 2457 1951 Τίνα
2490 1898 2548 1952 δέ
2596 1898 2707 1954 τῶν
2745 1901 2805 1953 ἐν
2841 1900 3033 1972 χάριτι
3086 1903 3550 1973 μεγαλυνθέντων
3597 1907 3697 1963 οὐκ

404 1990 527 2052 tuit,
554 1987 706 2055 cujus
730 1988 819 2042 ille
847 1989 1106 2043 virtutem
1134 1988 1421 2054 imitando,
1442 1988 1675 2057 vestigia
1704 2002 1811 2042 non
1841 2001 1992 2057 prcs-

403 2079 580 2134 serit?
603 2094 796 2148 nempe
824 2080 1195 2151 apostolorum
1218 2082 1271 2133 in
1297 2077 1546 2134 Ecclesia
1566 2079 1818 2149 praesidis
1844 2078 1990 2146 Petri

405 2171 835 2242 magnitudinem
878 2171 1073 2235 animi,
1124 2171 1512 2242 fervoremque
1546 2172 1793 2231 ostendit
1819 2172 1943 2229 ﬁdei
1971 2191 1989 2239 ;

408 2252 621 2323 necnon
681 2264 826 2320 illam
874 2264 1023 2321 Pauli
1093 2264 1478 2321 universorum
1539 2265 1991 2332 sollicitudinem,

405 2359 845 2428 quotidianaeque
878 2359 1152 2413 instantia}
1214 2358 1475 2423 labores;
1524 2358 1781 2414 solatium
1827 2373 1993 2414 omne

404 2466 562 2504 suum
594 2461 924 2530 postponens
954 2452 1021 2508 iis
1072 2450 1458 2506 alllictiouibus'
1509 2460 1673 2521 atque
1698 2451 1983 2518 aerumnis,

405 2560 526 2613 qua:
564 2545 650 2619 pie
689 2546 854 2599 vitam
914 2545 1265 2601 instituentes
1307 2554 1362 2599 ut
1407 2544 1684 2613 excipiant
1751 2543 1995 2613 proclive

407 2638 763 2700 ust,niolesta
790 2639 972 2691 omnia
1020 2653 1087 2692 ac
1135 2630 1310 2693 tristia
1347 2636 1714 2693 libentissime
1752 2637 1991 2704 excepit.

409 2728 669 2782 Carceris
711 2729 1044 2783 abundantia
1098 2730 1267 2783 etiam
1324 2729 1490 2783 Paulo
1548 2729 1800 2797 superior
1851 2727 1992 2790 fuit;

408 2822 629 2894 quando
682 2823 809 2880 huic
854 2839 918 2877 et
969 2823 1093 2880 aliis
1145 2825 1254 2879 alia
1297 2825 1531 2885 mutanti
1594 2823 1735 2887 loca,
1777 2823 1997 2892 vimque

409 2929 577 2973 totam
603 2915 875 2988 Evangelii
901 2917 1195 2985 explicanti
1229 2918 1429 2972 crebra
1457 2914 1706 2972 carceris
1732 2913 1983 2983 quadam

406 3012 758 3067 successione
794 3011 1025 3077 mutatio
1086 3010 1285 3078 obtigit
1335 3027 1350 3063 :
1403 3009 1583 3078 ipsum
1616 3016 1799 3080 autem
1857 3021 1999 3061 unus

409 3107 663 3175 idemque
695 3119 890 3160 carcer
924 3103 1136 3170 habuit,
1179 3119 1248 3161 ex
1280 3118 1394 3172 quo
1432 3101 1631 3156 throno
1652 3114 1754 3155 suo
1774 3107 1998 3155 coactus

407 3208 492 3257 est
526 3201 740 3266 cedere,
779 3212 951 3268 usque
979 3199 1106 3253 dum
1130 3210 1388 3267 suprema
1420 3195 1538 3249 dies
1562 3193 1816 3265 gloriosae
1842 3192 1995 3249 clau—

406 3291 481 3351 sit
535 3291 929 3358 captivitatem.
992 3288 1350 3359 Reliquorum
1404 3286 1564 3343 Verbi
1603 3285 1995 3356 discipulorum

409 3386 462 3438 in
504 3384 811 3459 apostolatu
841 3383 1183 3451 diligentiam
1236 3381 1290 3435 in
1340 3395 1401 3434 se
1429 3378 1803 3443 confirmavit,
1851 3378 2000 3433 clare

411 3477 752 3545 patefaciens
785 3477 1059 3532 universis
1089 3474 1398 3532 arcanioris
1450 3472 1877 3541 sacratiorisque
1902 3485 1998 3527 eo-

412 3584 531 3622 rum
573 3568 837 3623 doctrina:
876 3568 1090 3622 viviﬁca
1113 3581 1178 3622 ac
1204 3567 1471 3623 divinitus
1514 3565 1714 3621 tradita
1754 3563 1997 3620 oracula.

409 3661 486 3716 Ea
519 3662 889 3729 periculorum
914 3660 1079 3727 mole,
1099 3675 1222 3730 qua
1243 3658 1493 3717 veritatis
1515 3672 1683 3714 causa
1712 3656 1996 3720 sustinuit,

410 3756 748 3826 martyribus
798 3752 1168 3817 confessionis
1217 3753 1402 3809 socius
1451 3751 1720 3819 accessit;
1778 3762 1998 3805 omnem

412 3846 698 3909 infamiam
742 3845 888 3907 ferre
941 3846 1126 3917 potius
1172 3845 1402 3916 eligens,
1457 3860 1624 3916 quam
1673 3853 1735 3905 ut
1766 3840 1996 3913 aliquid,

411 3944 554 4012 quod
585 3956 617 3997 e
646 3941 894 3998 veritatis
939 3940 1249 3996 rationibus
1277 3940 1421 3995 haud
1464 3939 1602 3995 satis
1627 3952 1750 3994 esse
1788 3937 2000 3992 videre-

413 4049 522 4099 tur.
567 4035 906 4101 admitteret.
970 4034 1246 4100 Patribus,
1300 4032 1394 4102 qui
1446 4030 1711 4101 probatas
1762 4030 2003 4102 synodos

410 4136 571 4186 atate
600 4136 1023 4197 praecesserunt,
1046 4137 1103 4183 et
1126 4126 1223 4197 qui
1250 4123 1584 4180 intertnedio
1622 4122 1840 4177 illarum
1855 4130 2003 4174 tem-

414 4238 551 4295 pore
587 4223 948 4289 enituerunt,
989 4217 1239 4290 νεικείειιί
1265 4218 1321 4273 in
1347 4214 1628 4278 omnibus,
1668 4212 1873 4284 quibus
1897 4209 2005 4266 Eos

413 4317 581 4373 rlesia
621 4315 911 4386 iiiagnilica
940 4314 1013 4375 de
1058 4313 1168 4369 Deo
1216 4311 1477 4383 opinione
1520 4308 1674 4364 dives
1710 4302 2001 4377 praefulsit,

413 4409 580 4465 nullis
615 4409 870 4479 partibus
915 4405 1156 4463 inferior
1187 4414 1384 4461 omnes
1438 4402 1494 4457 in
1520 4398 2005 4469 omnibus,quoail

413 4502 533 4571 ejus
554 4498 730 4566 limit,
774 4500 958 4555 divina
983 4498 1220 4569 quadam
1247 4506 1306 4552 et
1354 4507 1597 4564 congrua
1627 4506 1786 4549 sacro
1809 4490 2002 4563 gradui

416 4596 630 4651 ratione
664 4604 749 4650 est
780 4593 1061 4660 imitatus;
1100 4589 1353 4646 sollicitis
1399 4588 1658 4658 precibus
1678 4585 1909 4657 jugique
1949 4592 2005 4638 et

415 4696 689 4743 contentae
719 4684 1062 4740 meditationi
1079 4683 1339 4738 insistens
1360 4680 1668 4748 :nihiloque
1699 4680 1878 4733 minus
1904 4677 2007 4731 im-

416 4781 622 4851 polluta
654 4778 946 4835 sacerdotii
975 4778 1097 4832 luee
1128 4776 1463 4831 illustratum
1502 4772 1712 4826 habens
1750 4770 2006 4826 intellec—

418 4889 557 4940 tum,
584 4874 814 4929 curabat
831 4872 1013 4936 enixe,
1041 4878 1096 4924 ut
1118 4870 1297 4940 primo
1314 4867 1390 4921 illi
1426 4878 1732 4934 magnoque
1756 4860 2005 4933 pontiﬁci

415 4985 571 5024 suam
607 4969 724 5036 ipse
769 4978 1043 5035 propenso
1078 4962 1319 5016 animam
1350 4957 1680 5028 applicaret.

486 5062 578 5118 89.
623 5060 824 5116 Verum
874 5057 1004 5128 quia
1043 5056 1206 5110 homo
1236 5067 1358 5109 cum
1404 5059 1570 5118 esset,
1608 5041 2004 5117 indeprecabili

415 5168 627 5213 naturae
678 5154 863 5211 debito
933 5160 992 5205 ut
1038 5144 1412 5207 satisfaceret
1475 5141 1701 5197 cumino
1780 5149 2009 5192 necesse

415 5251 618 5317 fuerat,
650 5263 806 5304 suam
838 5262 868 5300 a
896 5257 1130 5315 corpore
1157 5238 1544 5297 resolutionem
1576 5232 1706 5289 [coit
1732 5246 1833 5301 per
1861 5243 2006 5284 mor-

415 5351 566 5409 tem;
595 5352 913 5411 quanquam
947 5321 1012 5392 ea
1045 5349 1153 5389 non
1183 5330 1429 5401 vulgaris
1460 5339 1609 5382 mors
1649 5323 1878 5380 dicenda
1906 5323 2002 5385 sit,

416 5435 511 5490 sed
544 5432 813 5491 transitus
847 5431 915 5486 ad
966 5426 1245 5483 meliorem
1295 5422 1461 5476 vitam
1493 5421 1815 5488 beatamque
1854 5414 2003 5469 illam

485 5593 530 5625 "‘
569 5593 585 5645 Ι
622 5590 758 5673 Reg.
791 5604 931 5654 χιιι,
962 5587 1054 5641 54.

496 5754 608 5823 (33)
663 5751 745 5823 Si,
777 5748 1004 5818 scriptio
1057 5746 1270 5823 sincera
1305 5753 1422 5801 est,
1460 5756 1613 5822 novat
1659 5735 2001 5823 l‘OI'IIIftIlltilllS

421 5809 535 5877 isci-
566 5809 669 5879 v'ox
707 5822 778 5877 sit
809 5809 1046 5889 oportet,
1081 5815 1432 5889 ob!alum_per_
1455 5813 1621 5881 ignem
1676 5809 1999 5889 sacri/irim):

421 5878 758 5965 δλῧιιὶίῖέειηει
808 5878 875 5948 οἱ
910 5878 1049 5944 καίω
1089 5902 1187 5943 tll'o
1234 5895 1288 5943 et
1321 5878 1489 5956 ξἐράω
1535 5880 1838 5939 sacerdotio
1876 5878 1997 5934 fun-

2094 1990 2181 2042 ἐπ⁹
2207 1991 2376 2062 ἀρετῇ
2417 1992 2738 2062 μιμητικῶς
2774 1994 3169 2065 ίχνηλάτησεν;
3202 1997 3425 2068 Πέτρου
3456 1998 3555 2052 τοῦ
3585 1998 3693 2054 τῶν

2089 2082 2411 2135 ἀποστόλων
2462 2083 2688 2154 καὶτῆς
2731 2085 3062 2158 Ἐκκλησίας
3091 2087 3368 2157 προϐόλου
3410 2089 3476 2143 τὸ
3516 2108 3692 2160 μεγα-

2091 2173 2291 2243 λοφυὲς
2325 2175 2422 2229 καὶ
2466 2176 2670 2248 θερμὸν
2703 2178 2836 2248 περὶ
2870 2178 2971 2248 τὴν
3011 2179 3197 2233 πίστιν
3246 2180 3691 2253 ἐπιδειξάμενος,

2093 2266 2312 2324 Παύλου
2337 2267 2401 2322 τὸ
2430 2269 2573 2341 ὑπὲρ
2603 2270 2826 2325 πάντων
2851 2271 3272 2343 μεριμνητικὸν,
3307 2274 3408 2328 καὶ
3432 2276 3543 2330 τῶν
3570 2276 3691 2329 καθ’

2092 2361 2309 2435 ἡμέραν
2338 2362 2758 2416 ἐπισυστάσεων
2783 2363 2846 2417 τὸ
2876 2364 3141 2419 ἐπίπονον
3178 2366 3561 2437 λογιζόμενος.
3589 2372 3690 2422 πᾶ-

2094 2471 2196 2517 σαν
2240 2455 2425 2517 ἄνεσιν
2469 2452 2704 2513 κατόπιν
2750 2458 2922 2511 ἐτίθει
2951 2457 3063 2512 τῶν
3103 2460 3247 2515 κατά
3290 2461 3429 2515 Θεὸν
3460 2463 3691 2532 ἐπερχοη

2099 2550 2280 2620 μένων
2301 2548 2623 2617 κακώσεων,
2645 2550 2827 2607 πάντα
2843 2551 3079 2606 εύδοκῶν
3101 2554 3203 2608 ὅσα
3220 2553 3406 2624 θλίψιν
3428 2554 3690 2609 ἐντίκτειν

2095 2638 2234 2699 οἶδεν
2254 2642 2330 2706 ὡς
2362 2642 2621 2712 μάλιστα.
2646 2644 2722 2697 Τὸ
2739 2644 2797 2698 δὲ
2824 2646 2880 2698 ἐν
2897 2645 3112 2716 φυλακῇ
3141 2646 3367 2716 δαψιλὲς
3396 2650 3494 2701 καὶ
3513 2647 3691 2702 πλεῖον

2098 2733 2223 2804 ἔσχε
2250 2735 2467 2789 Παύλου
2484 2753 2500 2767 ’
2526 2736 2638 2807 ὅσῳ
2669 2736 2871 2808 Παύλῳ
2899 2739 3019 2807 μὲν,
3042 2740 3211 2792 τόπον
3230 2740 3296 2793 ἐκ
3318 2740 3495 2794 τόπου
3527 2740 3689 2811 ἀμεί-

2099 2822 2272 2891 ϐοντι,
2291 2826 2387 2878 καὶ
2412 2827 2513 2898 τὴν
2538 2827 2632 2881 τοῦ
2662 2828 3004 2897 Εὐαγγελίου
3032 2832 3217 2883 πᾶσαν
3242 2831 3692 2887 ἀποκαλύπτοντι

2097 2916 2353 2984 δύναμιν,
2378 2919 2444 2972 ἐκ
2471 2918 2739 2990 διαδοχῆς
2758 2922 3120 2993 φρουρεῖσθαι
3151 2923 3496 2991 συνέϐαινεν,
3521 2922 3693 2994 τούτῳ

2099 3008 2157 3061 δὲ
2192 3009 2292 3080 μία
2319 3012 2413 3063 καὶ
2439 3011 2724 3082 ἀδιάδοχος
2755 3012 2971 3085 εἱρκτὴ,
3006 3014 3065 3083 ἐξ
3096 3010 3157 3071 οὗ
3185 3015 3278 3071 τὸν
3315 3016 3512 3087 θρόνον
3543 3014 3690 3086 αὐτῷ

2102 3106 2638 3185 παρακεχωρηκέναι
2682 3102 3012 3179 συνηνέχθη,
3069 3109 3265 3180 μέχρις
3314 3110 3349 3179 ἡ
3400 3108 3692 3164 τελευταία

2100 3192 2311 3264 ταύτην
2354 3194 2595 3260 εὐκλεῶς
2642 3196 2941 3262 διεδέξατο.
2991 3199 3113 3251 Τῶν
3156 3200 3366 3253 λοιπῶν
3392 3201 3489 3255 τοῦ
3521 3202 3691 3271 Λόγου

2106 3286 2386 3356 μαθητῶν,
2414 3288 2474 3342 τὸ
2517 3290 2655 3359 πρὸς
2707 3292 3075 3363 ἀποστολικὴν
3127 3290 3514 3366 [κηρυκείαν]
3541 3295 3693 3363 ἀκρι-

2102 3378 2193 3442 ϐὲς
2219 3380 2281 3433 ἐν
2301 3379 2485 3452 ἐαυτῷ
2505 3381 2861 3448 ἐϐεϐαίωσεν,
2886 3385 3021 3437 πᾶσι
3042 3385 3258 3453 τρανῶς
3285 3386 3693 3439 ἀποκαλύπτων

2100 3471 2173 3525 τά
2197 3473 2300 3542 τῆς
2341 3472 2527 3531 αὐτῶν
2556 3475 2974 3545 κρυφιομύστου
3014 3476 3376 3540 διδασκαλίας
3410 3476 3694 3550 ζωαρχικά

2102 3562 2195 3625 καὶ
2235 3562 2611 3635 θεοπαράδοτα
2655 3566 2833 3634 λόγια.
2859 3567 2985 3630 Τοῖς
3027 3568 3169 3638 ὑπὲρ
3203 3568 3471 3638 ἀληθείας
3517 3567 3694 3622 κινδύι-

2102 3673 2225 3720 νους
2255 3657 2522 3711 ἀνατλᾶσι
2552 3659 3013 3732 συνωμολόγησεν
3056 3648 3317 3733 μάρτυσι,
3353 3664 3535 3717 πάντα
3561 3661 3692 3732 πρό-

2101 3764 2261 3820 τερον
2308 3752 2556 3817 ἐνεγκεῖν
2601 3750 2672 3804 τά
2716 3751 2797 3815 είς
2832 3750 3062 3819 ἀτιμίαν
3091 3751 3382 3824 ἐλόμενος,
3428 3753 3570 3824 ὑπὲρ
3600 3750 3691 3805 τοῦ

2107 3842 2184 3911 μή
2222 3858 2277 3895 τι
2324 3841 2522 3897 παθεῖν
2546 3844 2661 3914 ’τῆς
2698 3843 2959 3914 ἀληθείας
2987 3844 3228 3911 ἀνάξιον.
3266 3847 3396 3912 Τοῖς
3446 3848 3554 3918 πρὸ
3589 3845 3694 3899 τῶν

2102 3932 2378 4005 ἐγκρίτων
2403 3935 2660 4000 συνόδων,
2689 3936 2788 3990 καὶ
2812 3938 2926 4001 τοῖς
2955 3940 3013 3991 ἐν
3042 3939 3236 4002 αὑταῖς
3264 3940 3361 3992 καὶ
3395 3938 3539 4010 μετὰ
3568 3936 3695 3992 ταύ-

2102 4043 2204 4091 τας
2249 4026 2537 4097 διαφανέσι
2574 4028 2858 4099 Πατράσι,
2914 4029 3011 4082 καὶ
3065 4032 3160 4083 ἐπὶ
3209 4031 3524 4100 πᾶσιν·ἐςρ’
3551 4024 3687 4098 οἷςὴ

2119 4119 2420 4191 Ἐκκλησία
2455 4119 2556 4191 τὴν
2600 4121 2804 4176 εὐκλεᾶ
2846 4123 2979 4191 περὶ
3025 4121 3088 4176 τὸ
3119 4122 3278 4177 Θεῖον
3310 4121 3472 4189 δόξαν
3500 4119 3684 4174 ἐπλούο

2104 4227 2243 4281 τησε
2267 4211 2637 4282 διαλάμψασι,
2687 4211 2812 4266 κατ’
2840 4212 2992 4267 οὐδὲν
3026 4214 3359 4267 ὑπελίπετοο
3393 4214 3602 4277 πάντας
3638 4213 3692 4262 ἐν

2108 4305 2243 4361 πᾶσι
2264 4344 2279 4369 ,
2328 4304 2451 4358 καθ’
2478 4304 2604 4358 ὅσον
2649 4299 2764 4359 οἷόν
2804 4322 2865 4360 τε
2907 4305 3072 4371 θείως
3102 4308 3198 4361 καὶ
3232 4305 3581 4378 ἱεροπρεπῶς
3609 4320 3693 4373 μι-

2111 4397 2459 4475 μησάμενος,
2511 4398 2580 4452 δι’
2614 4398 2888 4470 ἐμμελοῦς
2932 4385 3247 4472 προσευχῆς
3297 4402 3393 4455 καὶ
3443 4397 3690 4453 συντόνου

2106 4491 2221 4545 τῶν
2255 4492 2417 4546 θείων
2447 4492 2703 4565 μελέτης,
2736 4495 2804 4565 τῇ
2835 4510 2895 4546 τε
2926 4493 3247 4565 ἀκηλιδώτῳ
3271 4494 3372 4566 τῆς
3397 4491 3691 4562 ἱερωσύνης

2111 4584 2277 4657 αἴγλη
2313 4583 2749 4655 φωταγωγηθεὶς
2786 4583 2888 4656 τὴν
2940 4584 3203 4650 διάνοιαν,
3246 4585 3327 4656 τῷ
3364 4583 3569 4657 πρώτῳ
3600 4578 3691 4633 καὶ

2115 4679 2338 4750 μεγάλω
2371 4678 2623 4749 ἀρχιερεῖ
2656 4677 2756 4751 τὴν
2807 4677 3002 4732 ἑαυτοῦ
3052 4676 3231 4750 ψυχὴν
3264 4679 3504 4749 ἀνέθηκε
3534 4671 3694 4731 καιιέ-

2117 4787 2269 4843 ρημα
2303 4770 2437 4843 (55).

2185 5040 2296 5095 πθ’.
2345 5041 2484 5095 Ἀλλ’
2513 5041 2705 5112 ἐπειδὴ
2729 5040 2809 5113 τῷ
2830 5041 2928 5112 τῆς
2949 5041 3168 5110 φύσεως
3201 5036 3568 5109 ἀπαραιτήτῳ
3599 5031 3689 5085 ἄν·

2112 5134 2335 5206 θρωπον
2379 5134 2510 5187 ὅντα
2550 5134 2943 5207 λειτουργῆσαι
2987 5132 3186 5205 χρεὼν,
3217 5132 3428 5186 οἰκείαν
3456 5125 3574 5198 Θεῷ
3597 5123 3691 5198 τὴν

2113 5231 2179 5282 ἐκ
2206 5226 2302 5281 τοῦ
2357 5226 2617 5298 σώματος
2641 5226 2731 5280 διὰ
2762 5225 3007 5282 θανάτου
3031 5228 3267 5279 ποιεῖται
3309 5221 3590 5277 ἀνάλυσιν.
3627 5213 3690 5284 ἥν

2113 5322 2174 5374 οὐ
2200 5320 2454 5385 θάνατον,
2483 5319 2620 5374 ἀλλά
2652 5318 2789 5390 πρὸς
2823 5319 3063 5390 κρείττω
3093 5305 3241 5388 ζωὴν
3269 5313 3521 5368 διάϐασιν
3562 5307 3689 5361 ono-

2112 5413 2346 5482 ληπτέον
2374 5412 2469 5466 καὶ
2496 5411 2672 5482 λῆξιν,
2698 5413 2756 5464 ἐν
2842 5407 2952 5463 τῶν
2974 5409 3338 5480 πρωτοτόκων
3365 5409 3423 5460 ἐν
3449 5398 3690 5475 οὐρανοῖς

2113 5745 2210 5798 gor
2248 5747 2259 5783 :
2306 5742 2372 5781 ex
2423 5740 2532 5795 quo
2583 5734 2764 5780 tamen
2803 5722 3009 5795 ίέραμα
3056 5722 3238 5792 potius
3290 5731 3451 5792 quam
3488 5711 3683 5785 ίέρημα

2110 5802 2461 5854 lormarctur.
