3978 6478
482 416 588 484 Ϊ55
1473 419 1532 479 S.
1573 416 1995 481 NICEPHORI
2034 412 2543 477 PATRIARCHB
2580 412 2692 474 CP.
3641 403 3739 471 156

477 528 667 600 grandi
694 525 901 584 scelere
932 526 987 584 in
1021 540 1146 583 eum
1182 535 1585 599 perpetrarent,
1634 537 1747 582 tum
1779 526 1921 596 quod
1951 542 2049 581 sae-

2180 523 2332 593 ucpi’lc
2361 520 2705 576 καταλέλυκε
2731 515 3031 589 σκήνωσιν,
3064 514 3163 570 καὶ
3203 517 3329 586 σιγῇ
3362 513 3436 569 τά
3463 513 3565 584 τῆς
3596 514 3740 587 ἱερᾶς

477 614 600 683 pius
632 612 746 682 ipsa
778 612 995 671 vindice
1019 613 1274 683 veritate,
1310 615 1585 670 rationum
1611 613 1729 682 ejus
1758 615 1807 670 vi
1836 614 2053 669 fuerant

2181 614 2366 683 κείνης
2411 609 2661 680 γλώττης
2703 606 2977 672 διεδέξατο
3023 605 3204 674 λόγια,
3236 603 3313 668 ὡς
3357 604 3453 657 ἐπί
3482 618 3538 657 τι
3563 605 3733 674 χαρᾶς

479 702 773 769 conlutati;
804 717 872 756 ne
899 704 1002 758 boc
1027 702 1246 773 quidem
1280 701 1387 769 sibi
1420 700 1580 756 facile
1611 700 1962 769 indulgebant
1996 708 2053 753 ut

2180 705 2461 776 ινέδραμον
2496 699 2919 770 σκοπευτήριον,
2952 698 3049 751 καὶ
3089 699 3276 750 πᾶσαν
3309 695 3615 765 ὑπόκρισιν
3657 694 3741 749 διὰ

475 808 541 847 ex
575 795 830 864 nequitiae
862 810 976 851 suae
1020 795 1244 851 latebris
1291 794 1590 864 prodirent.
1627 793 1707 848 Ex
1732 808 1840 863 quo
1871 802 2058 848 autem.

2180 793 2429 865 Γοφὼδους
2468 791 2671 863 ἀχλύος
2716 788 3121 860 ἀπονιψάμενοι
3142 827 3158 853 ,
3189 788 3375 857 γυμνῇ
3407 789 3479 858 τῇ
3508 786 3736 857 κεφαλῇ,

477 883 723 938 divinum
757 884 891 938 illud
938 884 1347 940 tabernaculum
1384 883 1592 939 tumulo
1625 884 1904 939 conditum
1948 895 2053 948 est,

2180 889 2214 941 ’δ
2263 888 2328 959 δὴ
2357 887 2674 955 λεγόμενον,
2713 883 2787 938 τὰ
2823 882 2924 953 τῆς
2966 878 3260 953 τερθρείας
3311 878 3498 932 αὐτῶν
3542 881 3741 933 ἀνακα-

475 976 543 1029 ad
581 976 825 1031 melioris
864 979 1028 1040 sortis
1070 979 1252 1035 sedem
1312 977 1493 1029 anima
1551 976 1966 1046 commigrante,
2002 987 2057 1030 et

2180 979 2422 1035 ιῠπτουσι
2474 976 2693 1049 ῥαψῳδή
2704 991 2871 1046 ματα,
2915 974 3062 1045 άπερ
3087 974 3207 1035 ταῖς
3237 968 3589 1040 πολυφὼτοις
3616 969 3739 1039 τηλ-

475 1067 751 1122 silentiutn
774 1084 942 1124 sacrae
965 1068 1113 1123 illius
1142 1068 1338 1137 linguae
1360 1067 1573 1135 eloquia
1602 1068 1783 1122 divina
1811 1077 2052 1131 tenuere,

2180 1072 2388 1139 ιυγίαις
2418 1070 2528 1123 τῶν
2582 1069 2756 1145 λόγων
2786 1066 2886 1133 (εὖ
2910 1062 3058 1137 οῖδα)
3084 1062 3182 1118 τοῦ
3211 1064 3429 1134 Πατρὶς
3453 1062 3742 1132 σκεδασθῆ-

476 1174 755 1214 emersere
801 1160 1150 1216 tenebriones
1188 1159 1262 1215 illi
1291 1159 1437 1214 velut
1460 1150 1531 1214 ad
1565 1159 1743 1214 laetum
1784 1160 2052 1227 quoddam

2180 1180 2337 1226 ιεται,
2368 1164 2461 1216 καὶ
2506 1164 2587 1226 εἰς
2638 1159 2984 1232 άνυπαρξίαν
3034 1154 3286 1231 χωρήσει
3319 1158 3425 1211 καὶ
3480 1160 3740 1229 περιστή-

477 1251 841 1319 spectaculum
873 1270 887 1306 :
923 1260 979 1306 et
1017 1252 1282 1321 quidquid
1318 1250 1686 1307 simulationis
1734 1259 1874 1315 erat,
1922 1252 2057 1304 cali-
2160 1271 2338 1308 σεται.

475 1346 662 1413 ginosa
703 1345 1048 1415 detergentes
1077 1346 1344 1410 caecitate,
1378 1346 1543 1412 nudo,
1570 1355 1628 1399 ut
1654 1344 1828 1412 aiunt,
1871 1345 2049 1413 capite
2088 1349 2487 1418 praestigiarum
2562 1363 2782 1403 suarum
2831 1361 3003 1417 nugas
3065 1343 3400 1416 producunt,
3450 1355 3591 1410 quas
3612 1339 3749 1395 nihil

477 1442 664 1498 dubito
687 1441 1041 1498 lucidissimis
1072 1442 1400 1512 scriptorum
1429 1442 1573 1498 beati
1608 1442 1709 1496 viri
1739 1441 2125 1511 splendoribus
2154 1443 2500 1513 dissipandas
2527 1444 2961 1514 redigendasque
2988 1442 3041 1496 in
3073 1440 3326 1495 nihilum.

546 1534 638 1591 9i.
674 1533 938 1603 Equidem
968 1536 1108 1603 quod
1145 1538 1324 1591 victus
1346 1546 1509 1604 atque
1532 1536 1817 1607 certamini
1850 1550 2057 1591 causae-

2234 1543 2344 1606 ιιαθ.
2396 1539 2538 1608 Ἐγὼ
2561 1539 2618 1593 δὲ
2649 1537 2840 1591 λοιπὸν
2863 1537 2965 1590 τὸν
2985 1536 3086 1606 τῆς
3110 1536 3253 1605 ἐμῆς
3283 1535 3462 1605 ἣττης
3487 1530 3579 1584 καὶ
3610 1531 3748 1583 πτώο

478 1643 584 1695 que
608 1627 783 1695 impar
809 1628 1134 1693 exstiterim,
1164 1628 1370 1683 invicto
1396 1629 1469 1683 illi
1494 1629 1636 1684 inter
1667 1627 2054 1698 perorandum,

2180 1646 2303 1694 ιεως
2327 1629 2420 1683 διὰ
2451 1630 2547 1683 τοῦ
2580 1628 2838 1698 ἑπιλόγου
2866 1628 3069 1682 άνοίσω
3100 1626 3239 1698 πρὸς
3266 1624 3325 1678 σὲ
3348 1625 3445 1678 τὸν
3467 1624 3744 1693 ἀήττητον,

480 1718 772 1783 ascribam,
813 1719 860 1774 si
893 1722 1163 1789 quomodo
1203 1730 1557 1790 paternorum
1600 1720 1870 1776 viscerum
1904 1735 2059 1775 amo-

2180 1722 2339 1785 εῐπως
2387 1722 2500 1775 τῶν
2525 1721 2814 1792 πατρικῶν
2861 1737 2962 1774 σου
3008 1719 3342 1787 σπλάγχνων
3383 1717 3487 1784 τὴν
3525 1714 3745 1785 στοργήν

481 1824 596 1863 rem
638 1809 911 1865 inllectam
943 1812 1009 1864 ad
1033 1810 1424 1876 miserendum,
1466 1812 1867 1881 sollicitamque
1898 1811 2059 1867 inter-

2180 1813 2377 1880 ιινήσω
2417 1813 2556 1883 πρὸς
2594 1812 2767 1876 ἔλεον,
2810 1814 2904 1865 καὶ
2932 1810 3032 1880 τὴν
3060 1812 3143 1869 είς
3190 1808 3327 1862 Θεὸν
3363 1804 3747 1876 μεσιτεύουσαν

481 1900 784 1954 cessionem
844 1907 991 1953 tuam
1057 1901 1188 1955 mibi
1240 1902 1379 1971 apud
1446 1901 1615 1957 Deum
1658 1903 2059 1958 meditatricem

2180 1903 2197 1955 5
2205 1904 2321 1973 μῶν
2338 1903 2705 1975 κηδεμονικὴν
2723 1902 3025 1973 πρεσϐείαν
3051 1898 3281 1953 ἑλκύσαι
3289 1914 3375 1969 μι.
3401 1896 3476 1951 Σὺ
3496 1894 3576 1959 δὲ,
3599 1888 3641 1948 ὦ
3656 1895 3747 1964 τῆς

479 1990 778 2046 obtineam.
829 1990 908 2045 Tu
953 2006 1103 2057 vero,
1132 1993 1297 2047 divini
1354 1993 1627 2063 inspector
1658 1994 2017 2049 4abernaculi
2043 2034 2061 2061 ,

481 2081 780 2152 ductorque
827 2097 895 2138 ac
935 2091 1110 2155 mysta
1159 2083 1539 2152 disertissime,
1592 2085 1687 2153 qui
1723 2085 1776 2140 in
1812 2084 2065 2155 supernis

479 2188 763 2229 sacrorum
801 2174 1204 2243 principatuum
1240 2176 1399 2231 atriis
1444 2176 1716 2241 ambulas,
1745 2192 1810 2231 ac
1836 2192 2064 2246 corrup-

482 2267 649 2322 tionis
687 2270 929 2321 nesciam
961 2278 1188 2331 sortem,
1237 2269 1502 2337 sedesque
1548 2268 1890 2326 immortales
1931 2283 2063 2338 pro-

481 2356 606 2426 pius
637 2356 791 2411 adire
832 2357 1103 2424 meruisti,
1153 2358 1293 2413 bona
1331 2358 1440 2414 illis
1472 2369 1657 2427 parata
1687 2361 1936 2429 adeptus,
1969 2363 2062 2431 qui

481 2446 704 2503 actione
746 2448 947 2503 exculti
1016 2448 1589 2519 contemplatiOneque
1642 2452 1860 2507 virtutis
1906 2451 2065 2507 fasti-

480 2540 632 2609 gium
653 2541 932 2596 consecuti
957 2548 1103 2604 sunt,
1132 2540 1289 2610 plena
1316 2556 1504 2596 eorum
1527 2543 1781 2598 satietate
1805 2544 2061 2613 repleris;

482 2629 756 2699 abiectum
793 2639 960 2699 atque
1008 2630 1273 2686 incultum
1308 2645 1669 2700 crassumque
1692 2634 1835 2696 ,vitae
1865 2641 2067 2689 nostra:

483 2721 661 2775 solum
690 2735 789 2776 nec
826 2720 932 2776 nisi
976 2721 1159 2776 fenum
1202 2722 1507 2790 proterens,
1543 2723 1950 2791 diligentissima
1978 2735 2066 2779 tua

487 2814 557 2867 ad
588 2813 764 2868 solum
799 2813 951 2869 illum
1002 2814 1314 2875 animorum
1344 2814 1608 2870 cultorem
1654 2816 2067 2883 intercessiOne,

489 2905 709 2977 frugum
765 2905 918 2961 ferax
970 2906 1191 2971 eilicito,
1230 2915 1287 2961 et
1319 2907 1583 2976 quidquid
1639 2907 1714 2961 illi
1770 2908 2066 2962 diliicilimn

488 2998 767 3067 spinarum
804 2997 1065 3067 boumque
1107 2997 1394 3054 adversum
1443 2999 1743 3054 babitudiui
1777 3001 1920 3056 inest
1946 3000 2072 3055 imis

490 3105 521 3142 a
550 3089 822 3144 radicibus
843 3090 1034 3145 evelle.
1061 3090 1133 3145 lis
1163 3090 1253 3160 qui
1280 3091 1513 3154 seducti,
1532 3100 1587 3145 et
1615 3099 1903 3146 exsecrata
1922 3106 2072 3147 com-

491 3181 750 3236 numione
794 3182 1011 3251 polluti,
1052 3183 1405 3239 conscientiae
1454 3193 1632 3237 tamen
1660 3183 1927 3253 judicium
1964 3199 2070 3238 non

488 3287 643 3339 aeque
672 3268 1003 3328 faetiaverunt
1052 3273 1289 3342 indulge,
1350 3284 1409 3327 ut
1444 3287 1585 3327 vera:
1629 3274 1962 3345 pmnitentia:
1996 3274 2073 3327 la.-

489 3364 695 3434 t-rymis
740 3363 917 3419 labem
951 3365 1263 3434 detergunt,
1314 3366 1625 3434 iterumque
1672 3366 1812 3419 viam
1857 3374 2078 3421 teneant

494 3457 764 3520 veritatis,
804 3456 1003 3526 quibus
1050 3458 1332 3514 conversio
1380 3458 1496 3513 sola
1537 3458 1755 3525 sulIicit,
1812 3458 2076 3515 doctrinae

493 3548 808 3601 nullatenus
842 3548 1044 3618 indigis
1077 3567 1091 3603 :
1120 3550 1339 3617 subtilis
1371 3551 1515 3604 enim
1543 3550 1802 3605 doctrina:
1829 3559 1937 3605 tuae
1962 3551 2077 3607 ine-

492 3639 844 3694 luctabilibus
884 3640 1225 3697 documentis
1265 3656 1329 3696 ac
1358 3641 1839 3699 inlormationibus
1868 3642 2078 3699 llrmius

497 3730 548 3782 in
578 3733 997 3798 apostolicarnm
1032 3739 1493 3803 paternarumqne
1525 3733 1868 3788 sanctionum
1894 3733 2077 3804 crepi-

494 3824 622 3876 dine
672 3822 851 3878 deﬁxo
889 3823 1095 3891 animo,
1158 3826 1560 3891 inconcussam,
1619 3824 1767 3881 velut
1817 3825 1920 3881 sub
1966 3823 2078 3881 Deo

497 3925 656 3978 teste.
688 3916 957 3971 servaturi
991 3931 1179 3972 sumus
1204 3915 1329 3972 fidei
1355 3917 1753 3982 sinceritatem,
1780 3932 1944 3988 quam
1970 3916 2081 3973 ins-

498 4015 586 4058 lar
613 4008 843 4062 seminis
877 4007 1163 4076 cujusdam
1202 4009 1254 4063 in
1282 4009 1543 4066 cordibus
1580 4019 1852 4065 servatam
1896 4007 2083 4065 fovea-

498 4114 642 4155 mus.
676 4098 867 4170 Neque
899 4094 1034 4157 vero
1060 4098 1396 4158 defensionis
1425 4101 1540 4171 ipsa
1570 4101 1809 4166 exilitas,
1838 4110 2082 4157 assenta—

496 4190 577 4246 tio
604 4193 850 4260 quaedam
883 4192 1193 4264 frigidaque
1224 4209 1497 4265 nugarum
1526 4193 1804 4249 ventilatio
1835 4193 2083 4248 videatur

499 4283 674 4350 vobis,
710 4284 1007 4355 plurimum
1041 4287 1182 4357 apud
1208 4285 1379 4343 Deum
1413 4284 1718 4341 valentibus
1743 4305 1758 4340 ;
1783 4289 1879 4341 sed
1901 4285 2084 4342 cordis

500 4377 681 4448 reipss
715 4380 951 4442 dolentis
985 4380 1251 4451 germina,
1281 4395 1346 4436 ac
1379 4378 1705 4436 aﬂlictioues
1738 4380 1907 4435 animi
1954 4394 2084 4435 con-

498 4467 640 4524 triti.
682 4469 958 4527 Inveniam
1006 4473 1183 4528 locum
1239 4474 1569 4544 modumque
1620 4473 1892 4543 reliquum
1941 4472 2084 4542 apud

2166 1996 2317 2060 θείας
2368 1996 2577 2066 σκηνῆς
2628 1997 2843 2050 ἑπόπτα
2910 1996 3008 2049 καὶ
3056 1991 3396 2066 μυσταγωγὲ
3441 1990 3540 2044 καί
3583 1989 3747 2059 μύστα

2163 2087 2466 2159 τρανότατε
2491 2128 2505 2151 ,
2525 2088 2554 2140 ό
2582 2089 2702 2151 ταῖς
2729 2087 3212 2158 άνωίεραρχικαίς
3233 2083 3457 2145 αὐλίαις
3492 2097 3744 2152 συμπερι-

2167 2178 2371 2243 πολῶν,
2409 2179 2507 2231 καὶ
2552 2181 2621 2249 τῇ
2655 2178 2953 2249 άνωλέθρῳ
2993 2175 3148 2247 λήξει
3180 2174 3279 2229 καὶ
3307 2177 3434 2235 ταῖς
3462 2171 3744 2243 ἀκηράτοις

2170 2271 2363 2340 μοναίς
2392 2269 2777 2339 προσπελάσαι
2819 2267 3099 2333 ἀξιωθεὶς,
3135 2266 3234 2321 καὶ
3271 2265 3385 2320 τῶν
3418 2263 3743 2336 ἡτοιμασμέ-

2166 2378 2274 2415 νων
2302 2360 2716 2432 ἐμφορούμενος
2743 2359 2989 2428 άγαθῶν,
3011 2361 3127 2422 τοῖς
3150 2357 3242 2412 διὰ
3280 2356 3539 2428 πράξεώς
3572 2373 3630 2408 τε
3657 2357 3743 2408 καὶ

2169 2452 2404 2524 θεωρίας
2431 2453 2492 2506 τὸ
2522 2456 2624 2522 τῆς
2659 2453 2864 2523 ἀρετῆς
2905 2450 3207 2522 κεφάλαιον
3251 2450 3628 2520 εὐπορήσασιν
3647 2464 3660 2479 ο
3691 2446 3744 2499 τὸ

2168 2545 2261 2599 τοῦ
2293 2545 2409 2616 βίου
2437 2545 2724 2615 χαμερπὲς
2764 2542 2924 2614 ἡμῶν
2969 2543 3066 2598 καὶ
3104 2541 3526 2613 κεχερσωμένον
3555 2539 3646 2593 καὶ
3672 2538 3746 2590 ἒν-

2171 2635 2315 2696 υλον,
2339 2637 2407 2705 τῇ
2453 2635 2591 2702 πρὸς
2620 2634 2712 2687 τὸν
2743 2633 2906 2704 μόνον
2939 2633 3194 2703 γεωργὸν
3220 2633 3335 2685 τῶν
3364 2631 3557 2702 ψυχῶν
3583 2632 3743 2699 ἐμμε-

2167 2728 2402 2798 λεστάτη
2456 2726 2726 2797 πρεσὸεία
2765 2741 2859 2778 σου
2891 2723 3180 2794 σιτοφόρον
3231 2723 3358 2777 ἀντὶ
3408 2719 3744 2793 σχοινοφόρου

2169 2823 2366 2887 δεῖξον,
2403 2825 2583 2876 πᾶσαν
2619 2821 2905 2892 μοχθηράν
2938 2819 3037 2873 καὶ
3085 2819 3227 2890 πρὸς
3276 2818 3502 2885 εὐεξίαν
3543 2812 3742 2870 ἀντιτύο

2174 2933 2291 2978 πως
2316 2916 2547 2985 ἔχουσαν
2580 2912 2964 2985 προθέλυμνον
2998 2912 3338 2983 ὑφελόμενος
3363 2909 3630 2968 ἄκανθαν.
3662 2908 3744 2961 καὶ

2174 3007 2318 3078 χειρὶ
2364 3004 2674 3067 κλαπέντας
2704 3005 2800 3057 καὶ
2848 3002 3108 3074 κοινωνίᾳ
3143 3002 3507 3073 χρανθέντας,
3551 3000 3662 3055 ἀλλ’
3690 2998 3743 3051 οὐ

2174 3098 2236 3149 τὸ
2258 3098 2358 3164 τῆς
2382 3097 2745 3167 συνειδήσεως
2793 3092 3276 3165 συμμολυνθίντας
3308 3095 3611 3165 κριτήριον,
3640 3092 3740 3150 τοῖς

2174 3174 2288 3241 διά
2318 3186 2612 3256 μετανοίας
2651 3187 2747 3238 καὶ
2802 3184 3023 3254 πικρᾶς,
3058 3182 3348 3253 ἐπιτιμίας
3396 3177 3748 3251 ἀπονίψασθαι

2177 3280 2515 3336 κατάνευσον
2558 3277 2825 3347 δάκρυσι,
2853 3278 3075 3346 τέμνειν
3104 3293 3165 3329 τε
3216 3277 3314 3329 καὶ
3345 3271 3502 3338 αὖθις
3537 3275 3633 3344 τὴν
3662 3273 3750 3339 τῆς

2137 3445 2142 3451 ι
2176 3372 2436 3444 ἀληθείας
2477 3370 2595 3423 ὁδὸν
2617 3370 2981 3434 καταξίωσον,
3032 3368 3204 3439 μόνης
3233 3368 3597 3438 ἐπιστροφῆς,
3646 3363 3749 3417 ἀλλ’

2177 3465 2238 3515 οὐ
2273 3460 2496 3531 διδαχῆς
2523 3458 2817 3530 δεομένους
2845 3458 2906 3512 τὸ
2931 3457 3176 3511 σύνολον.
3210 3457 3347 3520 Ταῖς
3381 3456 3493 3528 γὰρ
3515 3454 3750 3524 ἀναντίρ-

2181 3555 2364 3623 ρήτοις
2398 3549 2701 3621 ὑποθήκαις
2748 3549 2840 3603 καὶ
2902 3547 3293 3602 ὑποτυπώσεσι
3334 3548 3445 3602 τῶν
3487 3546 3748 3617 ὑμετέρων

2178 3646 2394 3715 εὑήχων
2415 3643 2590 3711 λόγων
2612 3640 2711 3713 τὴν
2744 3640 2921 3712 φρένα
2952 3640 3167 3708 παγίως
3194 3640 3287 3692 ἐπὶ
3309 3641 3380 3710 τῇ
3407 3637 3630 3710 κρηπῖδι
3652 3633 3749 3686 τῶν

2179 3734 2556 3789 ἀποστολικῶν
2583 3736 2678 3786 καὶ
2713 3731 3002 3803 πατρικῶν
3028 3730 3425 3801 θεσπισμάτων
3451 3728 3748 3798 ἐρείσαντες

2179 3827 2513 3897 ἀκλόνητον,
2549 3826 2627 3890 ῶς
2668 3824 2763 3878 ἐπὶ
2801 3825 3044 3897 μάρτυρι
3086 3822 3207 3893 θεῷ
3230 3863 3245 3889 ,
3286 3823 3669 3893 τετηρήκαμιν
3697 3814 3750 3868 τὸ

2180 3921 2277 3975 τοῦ
2310 3920 2587 3991 δόγματος
2632 3919 2964 3989 εἰλικρινὲς,
2998 3912 3089 3972 οἷά
3136 3933 3190 3970 τι
3241 3914 3471 3985 σπέρμα
3515 3915 3625 3975 τοῖς
3661 3909 3750 3978 τῆς

2182 4012 2412 4084 καρδίας
2440 4009 2817 4081 αἰσθητηρίοις
2849 4007 3063 4079 τρανῶς
3117 4006 3522 4068 διασώσαντες.
3552 4002 3657 4056 Καὶ
3681 3999 3750 4070 μὴ

2181 4104 2244 4157 τὸ
2285 4105 2384 4175 τῆς
2421 4100 2722 4169 ἀπολογίας
2766 4098 3022 4166 ἀνάξιον,
3057 4097 3269 4152 θωπεία
3311 4114 3399 4159 τις
3434 4096 3527 4149 καὶ
3559 4089 3750 4158 ὑπόψυ-

2183 4211 2314 4267 χρος
2342 4192 2613 4262 φλυαρία,
2641 4190 2791 4246 αἰτία
2826 4190 3025 4261 φανείη
3064 4191 3179 4252 τοῖς
3214 4188 3447 4243 πλεῖστα
3469 4183 3617 4255 παρὰ
3645 4177 3751 4248 Θεῷ

2183 4286 2505 4358 δυναμένοις
2536 4285 2668 4355 ὖμῖν
2687 4300 2701 4314 ·
2739 4284 2855 4338 ἀλλ’
2897 4283 2974 4347 ὡς
3001 4282 3233 4354 καρδίας
3260 4278 3607 4351 ὀδυνωμένης
3633 4288 3748 4342 γενι-

2185 4374 2436 4444 νήματα,
2512 4375 2606 4429 καὶ
2667 4373 2849 4442 ψυχῆς
2919 4369 3298 4441 ἀλγυνομένης
3356 4366 3745 4439 συντρίμματα.

2187 4465 2367 4518 Τόπον
2413 4466 2508 4518 καὶ
2539 4464 2741 4538 τρόπον
2783 4464 3250 4534 ὑπολελειμμένον
3291 4463 3425 4531 παρ’
3473 4461 3602 4529 ὑμῖν
3656 4456 3750 4522 se.

500 4575 599 4619 vos
649 4564 935 4634 expianda:
993 4566 1284 4634 haereseos,
1337 4580 1407 4622 ne
1452 4567 1678 4624 omnino
1734 4564 2078 4623 succumbam

2187 4557 2363 4621 ἐσεως
2411 4557 2714 4629 εὕροιμεν,
2763 4558 2841 4620 ὡς
2901 4557 2968 4610 άν
3027 4555 3103 4627 μὴ
3157 4554 3420 4611 παντελεί
3451 4550 3749 4637 πιεζόμενος

501 4669 818 4724 oppressus,
854 4672 924 4712 ne
952 4657 1339 4714 irremediabili
1386 4659 1767 4730 desperatione
1799 4658 2083 4725 coniiciar,

504 4757 569 4800 ac
608 4746 754 4802 velut
787 4747 835 4803 is
864 4749 959 4818 qui
1002 4750 1213 4821 exiguae
1259 4749 1556 4820 voluptatis
1594 4751 1770 4818 pretio
1811 4749 2087 4821 primitiva

504 4833 711 4900 vendit,
746 4851 812 4892 eo
841 4838 987 4907 quod
1021 4848 1579 4908 congruas‘paterme
1608 4854 1812 4896 mensae
1844 4840 2089 4895 victimas

508 4939 616 4979 non
670 4928 949 4995 obtulerit,
1000 4932 1250 5003 abjiciar.
1300 4931 1496 4989 Certus
1538 4932 1685 4987 enim
1734 4947 1853 4986 sum
1883 4929 2003 4986 fore
2033 4937 2091 4983 ut

504 5029 725 5087 propter
762 5022 907 5079 hunc
949 5024 1161 5096 lapsum
1208 5042 1312 5082 non
1364 5026 1587 5080 minima
1629 5026 1835 5095 patiar;
1862 5023 1959 5079 sed
1999 5039 2088 5077 va-

504 5108 683 5179 pulem
711 5113 900 5168 multis
925 5132 939 5169 :
958 5117 1159 5186 quippe
1181 5117 1270 5181 qui
1294 5117 1504 5172 Domini
1524 5117 1861 5172 voluntatem
1881 5115 2087 5179 sciens,

502 5216 626 5257 eam
676 5219 783 5261 non
837 5204 1099 5274 fecerim,
1168 5211 1415 5280 adeoque
1480 5208 1719 5264 formido
1765 5222 1833 5263 ne
1886 5218 2092 5262 aeterno

508 5297 731 5366 planctu
762 5300 1013 5371 lugeam;
1054 5317 1301 5373 quaerens
1335 5304 1430 5358 sed
1461 5318 1568 5357 non
1601 5302 1884 5358 inveniens
1919 5301 2091 5372 paeni-

510 5394 693 5449 tentia:
731 5393 932 5451 locum.
971 5393 1126 5450 Nunc
1163 5411 1295 5466 ergo
1344 5395 1662 5466 adjutricem
1696 5410 1916 5449 manum
1964 5410 2091 5464 por-

512 5483 658 5553 rige,
697 5501 762 5540 ac
805 5502 966 5555 quem
1021 5488 1414 5544 incredulitatis
1468 5486 1680 5542 .iluctus
1749 5487 2086 5555 involverat,

510 5578 757 5633 extrahe.
779 5577 897 5633 Non
930 5594 1018 5634 me
1043 5580 1326 5651 demergat
1357 5589 1651 5650 tempestas
1685 5594 1948 5649 aquarum
1971 5595 2093 5650 pra-

511 5670 701 5726 vitatis
769 5671 1072 5737 bmreticre,
1133 5688 1310 5742 neque
1373 5673 1660 5730 absorbeat
1711 5687 1797 5728 me
1849 5672 2010 5728 alieni
2063 5690 2090 5727 a

515 5761 747 5816 veritate
782 5775 975 5815 sensus
1013 5762 1360 5832 profundum,
1394 5777 1569 5832 neque
1602 5770 1789 5832 urgeat
1814 5775 1979 5831 super
2011 5777 2093 5816 me

515 5865 578 5906 os
604 5867 762 5908 suum
792 5861 1008 5921 puteus,
1048 5852 1317 5911 turbidam
1354 5867 1516 5927 atque
1568 5853 1820 5911 lcthalem
1855 5856 2095 5911 eversio-

2191 4649 2508 4705 ὑποπτῶσει
2565 4648 2909 4721 άνιατρεύτῳ
2960 4646 3222 4719 βληθείην
3282 4645 3621 4714 ὑπογνώσει.
3668 4636 3751 4691 καὶ

2189 4743 2559 4815 ὰποῤῥιφείην
2593 4743 2670 4807 ὡς
2706 4746 2735 4797 ό
2767 4743 2937 4797 πάλαι
2968 4743 3174 4812 μικρᾶς
3204 4740 3400 4812 ἡδονῆς
3425 4734 3664 4795 ἀντιδοὺς
3692 4728 3753 4782 τά

2191 4836 2389 4891 ἑαυτοῦ
2420 4837 2792 4907 πρωτοτόκια,
2823 4836 2948 4890 ἐπεὶ
2980 4835 3057 4907 μὴ
3083 4837 3332 4906 πατρικῇ
3363 4829 3608 4902 τραπέζῃ
3634 4823 3751 4879 άνάο

2191 4929 2327 4997 λογα
2376 4931 2724 5000 προσαγήοχε
2764 4927 3006 4999 θύματα.
3045 4929 3362 4998 [Ιέπεισμαι
3407 4925 3513 4995 γὰρ
3554 4921 3626 4984 ὡς
3664 4917 3753 4970 οὐκ

2193 5020 2452 5090 ἐλάχιστα
2491 5020 2588 5075 τοῦ
2636 5019 2848 5075 τοιοῦδε
2904 5019 3069 5092 χάριν
3120 5019 3420 5090 πτώματος
3468 5014 3750 5080 πείσομαι,

2193 5110 2330 5165 ἀλλὰ
2367 5111 2606 5178 πολλάς,
2639 5111 2717 5175 ὡς
2749 5111 3086 5182 ἐπεγνωκὼς
3123 5112 3184 5165 τὸ
3225 5112 3324 5165 τοῦ
3367 5106 3633 5164 Δεσπότου
3675 5099 3752 5153 θί-

2193 5204 2344 5275 λημα
2399 5206 2495 5259 καὶ
2546 5204 2621 5277 μὴ
2674 5204 2947 5274 ποιήσας,
3001 5204 3318 5275 δαρήσομαι
3354 5202 3448 5257 καὶ
3492 5197 3754 5267 ἀπέραντα

2198 5294 2685 5367 μετακλαύσομαι,
2725 5295 2801 5358 ὡς
2849 5295 2951 5366 οὐχ
2976 5293 3231 5367 εὑρηκὼς
3276 5294 3482 5363 καίπερ
3528 5285 3753 5358 ζητήσας

2198 5389 2526 5459 μετάμελον.
2572 5387 2690 5449 Νῦν
2726 5383 2820 5441 οὖν
2849 5388 3010 5458 χεῖρά
3060 5404 3153 5458 μοι
3185 5386 3441 5458 βοηθείας
3478 5374 3748 5451 ἐπόρεξον.

2196 5481 2291 5535 καὶ
2314 5481 2392 5553 τῷ
2409 5481 2641 5536 κλύδωνι
2658 5479 3186 5534 κατασαπτισθέντα
3213 5480 3311 5550 τῆς
3336 5473 3593 5534 ἀπιστίας
3612 5464 3751 5522 ανέλ-

2198 5589 2363 5627 κυσον
2384 5589 2397 5602 ·
2424 5574 2499 5646 μή
2529 5590 2598 5644 με
2626 5573 3087 5627 καταποντισάτω
3114 5572 3372 5641 καταιγὶς
3402 5569 3604 5623 ὑδάτων
3622 5562 3751 5630 dips-

2197 5666 2388 5731 τικῶν,
2429 5667 2566 5738 μηδὲ
2603 5665 2925 5721 καταπιέτω
2952 5683 3019 5736 με
3059 5665 3220 5737 βυθὸς
3256 5663 3459 5737 ἀχανὴς
3491 5653 3751 5738 ἀλλοτρίαν

2198 5762 2296 5831 τῆς
2328 5737 2587 5830 ἀληθείας
2620 5760 3011 5829 φρονήματος,
3069 5759 3205 5830 μηδὲ
3247 5756 3490 5828 συσχέτω
3545 5747 3628 5803 ἐπ’
3666 5737 3753 5831 ἐμὲ

2202 5830 2381 5925 φρέαρ
2425 5851 2486 5905 τὸ
2523 5851 2698 5923 στόμα
2722 5891 2738 5919 ν
2781 5850 3031 5922 πηγάζον
3064 5852 3379 5925 ἀνατροπὴν
3419 5840 3636 5912 δολερὰν
3667 5830 3752 5886 καλ
