3978 6460
205 427 301 496 15⁸1

1729 440 1903 501 νΙΤΑ
1920 490 1931 501 .

3368 434 3477 502 158

201 544 500 614 θανάσιμον
521 560 534 573 ·
569 543 687 598 ἀλλ’
724 544 948 600 ίλέωσαί
972 564 1064 617 μοι
1092 547 1182 601 τὸν
1211 547 1426 621 κριτὴν,
1464 549 1554 603 τὸν
1586 551 1671 619 ἐφ’
1702 550 1778 603 ἐνὶ

1891 574 2011 611 nent
2055 552 2361 611 scaturiens
2393 570 2407 606 :
2441 552 2536 608 sed
2568 552 2777 615 enitere
2825 550 3076 623 precibus
3108 559 3168 606 ut
3202 550 3474 621 propitius

200 634 517 706 κατακρίτῳ
569 636 927 705 μετανοοῦντι
966 638 1209 708 μᾶλλον,
1260 640 1295 710 ἢ
1353 640 1787 707 πολλαπλασίοις

198 727 429 790 δικαίοις
467 729 590 790 ταῖς
616 728 882 783 ἀνωτάτω
921 731 1188 802 δυνάμεσι
1222 733 1611 804 συνηδόμενον.
1659 735 1784 803 Ἐγ-

199 820 410 890 γυητὴς
455 819 617 886 γενοῦ
654 819 762 889 τῆς
798 821 938 890 ὲμῆς
988 823 1187 893 φρενὸς
1231 823 1370 893 πρὸς
1404 825 1499 878 τὸν
1541 824 1782 895 Κύριον,

204 914 300 967 καὶ
337 904 686 983 διασάφησον
718 913 797 984 τῷ
828 914 1010 966 πάντα
1036 915 1201 969 εἰδότι
1236 917 1332 970 καὶ
1362 917 1469 987 πρὸ
1492 917 1781 986 γενέσεως,

202 1006 269 1066 ὡς
299 1006 399 1075 οὐχ
437 1005 786 1075 ἑκουσιότητι
817 1006 1045 1076 γνώμης
1079 1006 1156 1077 τῷ
1194 1007 1294 1076 τῆς
1324 1009 1592 1078 αἱρέσεως
1650 1008 1786 1062 Ἰτα-

203 1098 370 1169 6υρίῳ
405 1097 819 1169 προσέδραμον,
857 1099 889 1168 ἢ
922 1101 1045 1162 ταῖς
1074 1101 1131 1153 ἐν
1161 1098 1312 1170 αὐτῷ
1343 1102 1576 1168 παγίσιν
1606 1101 1783 1154 ἑάλων

198 1192 288 1247 καὶ
320 1189 688 1256 δυσδιεξόδοις
721 1189 1074 1259 θηράμασιν,
1110 1192 1247 1245 ἀλλὰ
1276 1192 1552 1263 δριμείαις
1594 1196 1643 1247 εἰ
1691 1196 1785 1248 καὶ

201 1279 403 1336 ὑποσὲιθ
415 1297 531 1351 ροις
556 1278 672 1350 (54)
701 1278 981 1342 ἀπειλαῖς,
1013 1280 1110 1333 καὶ
1145 1282 1329 1336 πᾶσαν
1357 1283 1662 1353 ἀτραπιτόν
1693 1300 1784 1354 μοι

199 1372 367 1443 φυγῆς
412 1370 968 1441 προκαταλαϐοὐσαις
1006 1373 1250 1442 εἱρχθεὶς
1273 1414 1291 1438 ,
1320 1377 1434 1437 τοῖς
1468 1375 1638 1439 λίνοις
1673 1376 1784 1430 τῶν

200 1464 370 1535 ψυχὰς
392 1462 746 1533 ἅγρευόντων
774 1463 1135 1534 κακοτρόπως
1158 1464 1380 1537 ὲζώγρη
1391 1484 1509 1536 μαι,
1537 1468 1702 1521 Ὅθεν
1723 1468 1784 1520 τὸ

200 1554 288 1610 τοῦ
341 1552 615 1624 μώλωπος
645 1553 747 1623 τῆς
796 1554 965 1625 εὐχῆς
1012 1555 1289 1625 αὐστηρὸν
1320 1558 1593 1629 περιαλγῆ
1636 1560 1786 1611 ποιεῖ

206 1664 267 1718 με
308 1648 402 1699 καὶ
436 1644 814 1711 πολυὼδυνον,
860 1647 955 1699 καὶ
986 1650 1046 1700 ἐν
1081 1648 1249 1719 μοίρᾳ
1278 1647 1387 1701 τῶν
1430 1649 1782 1721 κατακρίτων

202 1738 507 1806 συνίστησιν
532 1752 546 1765 ·
575 1736 713 1790 ἀλλὰ
736 1740 802 1807 τῇ
829 1737 1130 1810 ὑγιαζοὺσῃ
1159 1739 1258 1809 τῆς
1283 1741 1599 1811 προσευχῆς
1624 1743 1653 1794 ὑ
1664 1741 1782 1812 μῶν

207 1830 426 1903 μοτῶσει
468 1830 532 1883 τὸ
573 1828 837 1894 δυσαλθὲς
870 1832 978 1884 ,καὶ
1026 1831 1422 1901 δυσανάγωγον
1484 1833 1625 1903 πρὸς
1682 1834 1783 1905 τήν

1890 650 2019 703 mihi
2071 648 2329 702 reddatur
2371 644 2559 713 iudex,
2618 646 2792 715 magis
2847 643 3087 715 gaudens
3146 657 3311 712 super
3355 657 3472 696 uno

1888 752 2174 811 peccatore
2226 737 2600 808 paenitentiam
2656 747 2854 806 agente
2886 751 3051 805 quam
3098 750 3265 806 super
3299 733 3473 788 multo

1887 834 2070 903 plures
2119 832 2315 900 iustos,
2367 845 2634 900 supernas
2683 842 2880 897 nempe
2912 828 3171 883 calorum
3212 827 3472 881 virtutes.

1887 925 2016 981 Esto
2046 926 2209 979 animi
2243 925 2347 978 mei
2397 938 2631 993 Sponsor
2676 921 2815 992 apud
2850 920 3157 979 Dominum.
3189 918 3347 986 eique
3381 918 3476 986 qui

1885 1017 1990 1070 scit
2019 1018 2224 1079 nuntia,
2273 1016 2435 1068 etiam
2484 1023 2775 1083 antequam
2820 1011 2977 1075 ﬁant,
3021 1010 3194 1078 aperi,
3242 1023 3326 1062 me
3369 1023 3476 1061 non

1885 1118 2183 1177 spontaneo
2254 1118 2437 1162 mente
2483 1107 2549 1160 ad
2597 1108 2867 1161 haereseos
2927 1103 3222 1174 ltabyrium
3281 1116 3477 1155 accur-

1888 1201 2023 1254 risse
2048 1201 2151 1268 (α),
2188 1201 2352 1270 inque
2379 1215 2445 1256 eo
2476 1199 2666 1268 positis
2713 1198 2920 1267 laqueis
2958 1206 3175 1266 captum
3208 1206 3259 1248 et
3298 1194 3473 1247 inevi-

1885 1290 2125 1345 tabiliter
2172 1290 2511 1360 implicatum
2556 1289 2730 1355 fuisse
2763 1307 2778 1343 :
2810 1290 2905 1343 sed
2942 1289 3115 1351 duris,
3166 1300 3475 1355 quanquam

1886 1384 2090 1451 putidis
2142 1397 2207 1436 ac
2250 1382 2562 1441 simulatis.
2622 1381 2784 1435 minis
2839 1393 3167 1447 omnemque
3211 1375 3475 1430 evadendi

1884 1476 2341 1546 prtecludcntibus
2366 1475 2573 1529 aditum
2597 1475 2648 1528 in
2669 1466 2961 1542 angustum
2989 1481 3237 1526 coactum
3258 1469 3311 1522 in
3339 1468 3475 1522 retia

1884 1568 2199 1622 venantium
2236 1569 2449 1622 animas
2478 1567 2765 1633 cecidisse,
2811 1566 3002 1635 eisque
3043 1564 3279 1633 praedam
3309 1558 3475 1617 cﬂec-

1885 1670 1996 1715 tum
2028 1675 2152 1715 esse
2185 1678 2200 1715 :
2234 1659 2584 1728 quamobrem
2618 1658 2853 1713 difficilis
2893 1657 3116 1729 quidem
3162 1654 3480 1724 deprecatio

1884 1751 2053 1821 plagae
2080 1752 2415 1808 commerita
2461 1753 2671 1807 tristem
2698 1749 2862 1806 eﬂlcit
2899 1760 3064 1820 atque
3096 1748 3375 1810 amictum,
3422 1756 3478 1799 et

1884 1843 1939 1897 in
1976 1859 2190 1898 reorum
2238 1853 2440 1899 sortem
2478 1843 2718 1898 adducit.
2761 1842 2841 1897 Tu
2866 1851 3070 1908 tamen,
3108 1839 3313 1895 salubri
3348 1852 3475 1908 pre—

206 1902 390 1980 εὐκλεᾶ
416 1924 513 1978 καὶ
549 1923 704 1977 λείαν
740 1924 842 1994 τῆς
876 1925 1120 1989 πίστεως
1163 1924 1352 1997 τρίϐον
1396 1902 1777 1993 συνοὺλωσον,

1884 1950 2004 1989 cum
2062 1944 2276 1988 tuarum
2333 1934 2651 2000 linamento,
2702 1933 2756 1988 id
2806 1933 2951 2002 quod
3005 1932 3305 1988 remedium
3360 1927 3478 1982 fere

207 2016 275 2080 ὡς
314 2015 375 2071 ἂν
404 2016 477 2087 μὴ
516 2019 584 2088 τῇ
640 2018 829 2087 μακρᾷ
874 2017 1187 2088 παροράσει
1231 2020 1332 2086 τῆς
1373 2017 1782 2091 θεραπευτικῆς

213 2106 351 2178 ὑμῶν
385 2106 693 2175 ἐπισκοπῆς
719 2106 782 2160 τὸ
835 2106 1174 2178 φλεγμαῖνον
1206 2107 1311 2176 τῆς
1343 2106 1565 2179 πληγῆς
1598 2111 1784 2180 ἐντρε-

217 2201 453 2270 φόμενον,
480 2181 737 2254 δυσίατον
775 2198 808 2271 ἢ
840 2201 937 2253 καὶ
976 2200 1263 2263 παντελῶς
1296 2199 1584 2272 διαφανείη
1624 2200 1783 2254 ἀνία-

215 2309 316 2348 τον.
370 2291 452 2363 Μὴ
508 2291 688 2346 τοίνυν
743 2292 844 2363 τῆς
896 2292 1175 2363 σωστικῆς
1231 2292 1565 2364 ἐπικουρίας
1624 2292 1782 2363 ὑμῶν

212 2386 383 2456 πόρρω
426 2401 530 2437 που
586 2384 820 2458 σταίην,
885 2383 1023 2456 μηδὲ
1067 2384 1170 2454 τῆς
1227 2384 1434 2455 σεπτῆς
1485 2385 1783 2456 ὁμολογίας

207 2478 347 2548 ὑμῶν
390 2476 643 2548 κριθείην
693 2477 999 2547 ἀμέτοχος,
1052 2476 1190 2550 μηδὲ
1231 2476 1490 2549 βληθείην
1536 2476 1642 2545 ἔξω
1680 2478 1781 2548 τῆς

201 2570 454 2642 ὑμετέρας
498 2570 850 2643 ψυχοτρόφου
881 2570 1130 2642 διδαχῆς,
1162 2570 1424 2641 πεδηθεὶς
1458 2573 1651 2644 χεῖρας
1685 2573 1781 2626 καὶ

200 2666 377 2729 πόδας,
416 2665 495 2728 ὡς
538 2665 753 2728 ἐκεῖνος
778 2665 805 2718 ὁ
840 2664 981 2735 πρὸς
1010 2664 1257 2736 γαμικὴν
1289 2664 1528 2736 εὐωχίαν
1570 2663 1780 2718 ἐνδεδυ-

201 2755 351 2825 μένος
372 2754 578 2821 ἀνάξια
599 2772 614 2786 ·
668 2753 806 2825 μηδὲ
837 2753 984 2825 λιμῷ
1016 2751 1367 2824 πιεζόμενος,
1397 2753 1499 2807 οὐκ
1525 2752 1583 2820 ἐξ
1613 2753 1779 2825 ἄρτου

203 2861 280 2913 μοι
306 2844 636 2917 γεωργηθὲν
672 2844 766 2898 καὶ¹
804 2843 1021 2909 ὓδατος,
1053 2842 1194 2898 ἀλλά
1221 2843 1317 2898 τοῦ
1344 2843 1580 2898 ἀκοῦσαι
1622 2843 1780 2912 λόγον

198 2933 476 3004 ὀρθοτόμου
543 2934 646 3003 τῆς
719 2931 1052 3004 Ἐκκλησίας
1107 2934 1540 3005 προσρήματος,
1633 2949 1780 3004 παρο

197 3024 403 3097 οφθείην
434 3025 520 3088 ὡς
555 3027 589 3098 ή
631 3025 822 3098 μακρᾷ
864 3024 1008 3096 νόσῳ
1040 3024 1324 3079 Χαναναία
1366 3023 1777 3093 συγκύπτουσα,

195 3119 277 3170 καὶ
303 3117 565 3189 δεηθείην
605 3117 679 3181 ὡς
713 3116 901 3187 ἐκείνη
932 3115 1159 3170 ὄπισθεν
1198 3115 1461 3187 ἄπρακτα
1496 3116 1780 3188 κρὰζουσα

190 3208 280 3279 τῆς
309 3208 414 3263 τῶν
460 3208 838 3279 ὲφεπομένων
870 3207 1096 3279 Χριστῷ
1130 3208 1558 3280 παρακλήσεως.
1618 3209 1779 3264 Ἀλλὰ

191 3302 294 3363 τοῖς
320 3301 418 3367 τῆς
458 3302 627 3371 ἱερᾶς
656 3299 813 3372 ὑμῶν
843 3298 940 3354 τοῦ
973 3299 1139 3371 λόγου
1171 3301 1458 3372 τραπέζης
1499 3301 1778 3372 λειψάνοις

194 3389 260 3455 ὣς
298 3410 350 3451 τι
394 3392 683 3463 λιμῶττον
727 3392 1025 3465 διάθρεψόν
1078 3410 1145 3462 με
1193 3392 1490 3464 κυνάριον,
1541 3394 1636 3448 καὶ
1680 3393 1777 3447 τοῦ

195 3482 377 3553 δεσμοῦ
423 3485 535 3553 τῆς
587 3486 670 3548 εἰς
731 3484 995 3539 ἀπιστίαν
1050 3483 1306 3538 διάλυσον
1352 3484 1776 3549 κατανεύσεωςο

193 3576 345 3641 είπως
369 3576 508 3647 όρθά
549 3575 768 3647 βλέπειν
795 3577 1118 3648 δυνήσομαι,
1143 3577 1236 3632 καὶ
1262 3575 1342 3642 τὸ,
1378 3578 1443 3630 Ἡ
1470 3578 1656 3641 πίστις
1683 3594 1777 3630 σου

193 3669 419 3724 σέσωκέν
457 3687 525 3722 σε
566 3670 704 3741 πρὸς
747 3670 921 3735 Θεὸν,
963 3671 1193 3740 καὶτῆς
1223 3669 1499 3743 ὑμετέρας
1548 3671 1781 3730 ἀκούσο-

194 3780 284 3833 μαι
314 3761 593 3833 μειλιχίας
625 3763 720 3815 καὶ
762 3762 1025 3826 εὐκταίας
1056 3763 1181 3832 ἐμοὶ
1213 3764 1597 3835 προρρήσεως.
1644 3762 1778 3817 Ἰδοὺ

191 3854 290 3924 γὰρ
321 3854 379 3906 τὸ
418 3854 741 3916 Χαναναῖος
765 3846 907 3908 εἶναι
937 3857 1291 3927 κατήργηκα,
1334 3854 1425 3908 καί¹
1457 3855 1558 3908 ὅσα
1589 3855 1779 3908 Χανα-

191 3945 375 4009 νίτιδος
413 3944 622 4017 φρενὸς
673 3945 1032 4017 ἀποϐέϐληκα
1067 3946 1339 4017 δόγματα,
1370 3947 1654 4019 τιθέμενος
1686 3947 1781 4002 καὶ

193 4042 407 4112 στοιχῶν
434 4044 558 4104 τοῖς
585 4038 883 4110 ὑμετέροις
917 4038 1210 4110 βιωφελέσι
1240 4040 1575 4110 διδάγμασιν
1594 4082 1609 4105 ,
1644 4043 1780 4095 ἀπο-

192 4132 391 4200 στυγῶν
410 4132 468 4187 δὲ
495 4131 602 4187 καὶ
625 4131 1077 4202 ἀποτρεπόμενος
1103 4130 1250 4187 ἅπαν
1276 4132 1429 4200 ξένον
1452 4134 1547 4187 καὶ
1573 4132 1780 4188 ὀθνεῖον

191 4224 277 4281 καὶ
327 4222 421 4278 τοῦ
497 4222 970 4293 ὲκκλησιαστικοῦ
1034 4224 1325 4295 διεστηκὸς
1381 4223 1782 4296 ὲναυλίσματος

192 4314 377 4388 σαθρὸν
419 4315 729 4386 ὲπινόημα.
775 4315 850 4369 Τὸ
891 4316 1001 4387 γὰρ
1060 4316 1188 4384 ὑμῖν
1225 4318 1596 4387 συμφρονεῖν,
1643 4333 1780 4388 φρο-

192 4410 290 4462 νεῖν
313 4411 462 4463 ὲστιν
493 4411 581 4471 εἰς
613 4408 672 4461 τὸ
711 4410 1015 4479 σωφρονεῖν
1035 4423 1050 4439 ο
1083 4410 1178 4462 καὶ
1206 4409 1269 4461 τὸ
1288 4404 1295 4409 ’
1316 4409 1417 4462 σὺν
1456 4409 1589 4480 ὑμῖν
1617 4410 1780 4465 τετά-

193 4501 327 4573 χθαι,
361 4500 573 4573 πολλὴν
603 4486 920 4570 οἰκειότητα
950 4500 1047 4570 τὴν
1076 4500 1214 4571 πρὸς
1245 4500 1380 4554 Θεὸν
1413 4492 1777 4574 ἀποφέρεται.

1886 2039 2151 2095 respuens
2197 2024 2598 2093 quodammodo
2636 2023 2976 2094 deploratum
3023 2030 3126 2084 est,
3159 2021 3225 2075 ad
3262 2030 3471 2074 rectam

1883 2133 2183 2186 sanamque
2243 2116 2366 2171 ﬁdei
2436 2117 2703 2171 rationem
2780 2130 3049 2185 compone
3085 2134 3101 2169 :
3136 2129 3203 2169 ne
3252 2113 3475 2181 longius

1883 2208 2052 2264 dilata
2107 2209 2445 2278 inspectione
2477 2217 2683 2273 vestra,
2724 2207 2894 2278 plaga
2924 2217 3104 2261 tumor
3143 2220 3472 2273 augescens.

1884 2301 1953 2353 ad
1983 2315 2172 2354 curam
2201 2297 2455 2365 difﬁcilis,
2491 2298 2602 2353 imo
2635 2298 2854 2369 penitus
2894 2296 3319 2352 immedicabilis
3347 2312 3476 2350 eva-

1884 2389 2000 2444 dat.
2037 2386 2116 2444 Ne
2149 2388 2315 2457 igitur
2344 2404 2373 2442 a
2403 2387 2631 2443 salutari
2659 2387 2865 2444 auxilio
2893 2399 3077 2443 vestro
3117 2386 3307 2457 procul
3348 2400 3485 2442 con-

1883 2483 2100 2546 sistam,
2141 2496 2244 2535 nec
2278 2481 2598 2536 veneranda:
2635 2490 2831 2536 vestrae
2871 2479 3239 2535 confessionis
3282 2492 3475 2533 exsors

1883 2576 2031 2639 fiam,
2083 2583 2138 2629 et
2186 2571 2376 2639 ejiciar
2429 2581 2585 2628 extra
2644 2571 2845 2626 almam
2893 2571 3198 2626 dOt-trlnam
3237 2580 3472 2624 vestram

1883 2681 2080 2719 manus
2127 2666 2401 2735 pedesque
2451 2665 2684 2741 ligatus,
2740 2662 2888 2719 velut
2935 2662 3026 2717 ille
3070 2662 3166 2732 qui
3220 2661 3477 2717 indecore

1884 2757 2131 2822 indutus,
2179 2756 2408 2828 nuptiali
2442 2756 2694 2812 convivio
2719 2756 3065 2825 importunus
3100 2755 3368 2819 irruerat;
3406 2769 3477 2809 ne

1883 2864 2106 2918 pressus
2128 2845 2295 2917 fame,
2319 2864 2485 2919 quam
2512 2863 2618 2903 non
2642 2847 2797 2918 panis
2823 2855 2880 2901 et
2897 2861 3052 2916 aquae
3068 2844 3297 2916 penuria
3321 2843 3474 2911 facit,

1883 2941 1978 2994 sed
2004 2940 2258 2994 audiendi
2297 2940 2524 2994 verbum
2556 2949 2718 2995 rectae
2748 2940 2801 2994 in
2825 2937 3065 2994 Ecclesia
3093 2937 3474 3008 professionis,

1882 3029 2027 3085 velut
2063 3030 2375 3085 Cbananma
2412 3030 2687 3097 despiciar
2736 3046 2801 3085 ex
2849 3033 3007 3097 longa
3053 3029 3274 3083 incurva
3313 3029 3477 3095 egri-

1884 3121 2093 3187 tudine,
2117 3135 2381 3191 oremque
2408 3130 2464 3175 ut
2488 3119 2576 3174 illa
2605 3119 2810 3174 frustra
2829 3119 3073 3173 clamans
3096 3129 3218 3187 pOSt
3244 3118 3473 3188 vestigia

1881 3214 2227 3283 sequentium
2261 3212 2538 3267 Christum
2569 3222 2626 3269 et
2648 3213 3041 3282 intercessores
3069 3208 3305 3280 fatigans
3332 3225 3347 3273 ;
3379 3212 3474 3263 sed

1881 3319 2051 3359 sacra:
2095 3303 2366 3358 sermonis
2411 3303 2576 3358 vestri
2628 3317 2832 3357 mensae
2886 3302 3130 3370 reliquiis
3176 3315 3273 3354 ceu
3328 3298 3474 3351 fame

1881 3395 2246 3452 tabescentem
2269 3394 2520 3449 catellum
2547 3408 2732 3464 pasce,
2763 3403 2927 3462 atque
2952 3393 3171 3447 absolve
3194 3406 3223 3444 a
3255 3389 3474 3443 vinculo

1879 3488 2156 3558 vergentis
2195 3484 2263 3541 ad
2306 3486 2753 3565 incredulitatem
2802 3484 3011 3550 animi;
3055 3484 3099 3537 si
3155 3498 3262 3553 quo
3316 3481 3476 3535 modo

1881 3589 2029 3637 recte
2080 3580 2267 3635 videre
2310 3593 2531 3648 queam,
2585 3578 2911 3648 audiamque
2952 3593 2981 3631 a
3024 3576 3134 3631 Deo
3180 3592 3247 3630 ac
3294 3586 3472 3628 vestra

1880 3671 2302 3728 mansuetudine
2361 3669 2656 3740 Optabilem
2702 3668 2851 3723 illam
2900 3665 3226 3722 sententiam
3264 3682 3277 3719 :
3312 3663 3478 3718 Fidus

1883 3773 1972 3819 tua
1998 3774 2050 3820 te
2082 3764 2293 3819 salvum
2322 3762 2470 3818 fecit.
2498 3760 2646 3816 Ecce
2684 3761 2828 3816 enim
2857 3758 3198 3815 Chananaeus
3230 3771 3353 3812 esse
3377 3760 3473 3810 de-

1882 3856 2055 3923 sii,et
2099 3868 2437 3925 quaecunque
2484 3862 2614 3908 sunt
2659 3866 2854 3908 sensus
2906 3849 3204 3905 Chananzei
3257 3850 3478 3902 decreta

1881 3946 2373 4018 abjeci,assensum
2394 3944 2509 4000 utili
2530 3954 2722 3999 vestra:
2743 3943 3003 3998 doctrinzc
3019 3941 3473 3996 accommodans:

1881 4055 2044 4112 quam
2085 4048 2329 4106 secutus,
2361 4037 2626 4108 quidquid
2660 4036 2861 4107 putidas
2908 4032 3245 4090 inventionis
3284 4040 3472 4086 extra-

1883 4148 2045 4189 neum
2074 4140 2240 4200 atque
2291 4128 2639 4201 peregrinum
2670 4136 2756 4183 est
2784 4127 2855 4182 ab
2899 4125 3270 4182 ecclesiastica
3317 4122 3475 4178 caula

1884 4237 2111 4280 aversor.
2133 4232 2188 4279 et
2211 4222 2320 4276 odi.
2368 4218 2485 4276 Una
2526 4219 2673 4274 enim
2707 4219 2988 4274 vobiscum
3022 4233 3237 4289 sapere,
3272 4228 3354 4272 est
3383 4230 3477 4271 sa-

1882 4330 2014 4385 pere
2059 4316 2124 4371 ad
2167 4314 2554 4379 sobrietatem;
2611 4312 2877 4381 vobisque
2929 4312 3279 4380 coniunctum
3331 4324 3475 4372 esse,

1886 4407 2112 4462 multam
2158 4408 2300 4476 apud
2353 4404 2523 4459 Deum
2574 4402 2833 4458 conciliat
2893 4403 3147 4472 gratiam.
3189 4398 3315 4453 Haec
3348 4409 3478 4453 sunt

1886 4480 2174 4571 inculpata:
2209 4498 2331 4552 vita:
2366 4507 2471 4551 tua:
2494 4494 2663 4550 veluti
2691 4493 2894 4549 cursim
2923 4492 3162 4547 delibata
3201 4488 3471 4559 insignia;

194 4592 365 4648 Ταῦτα
404 4595 505 4664 τῆς
543 4593 645 4671 σῆς
684 4591 931 4662 ἀλήπτου
968 4591 1152 4663 βιοτῆς
1183 4592 1257 4656 ὡς
1289 4593 1346 4646 ὲν
1393 4592 1668 4665 ἐπιδρομῇ
1708 4594 1776 4649 τὰ

1885 4594 2000 4649 hac
2047 4602 2225 4647 vestra
2255 4593 2320 4645 ad
2346 4589 2665 4661 sanguinem
2705 4602 2880 4658 usque
2928 4601 3070 4641 vera;
3105 4581 3473 4640 confessionis

194 4685 584 4763 γνωρίσματα,
639 4683 816 4737 ταῦτα
852 4687 952 4754 τῆς
996 4686 1190 4756 μέχρις
1221 4685 1457 4756 αἵματος
1488 4686 1631 4758 ὑπὲρ
1674 4687 1773 4758 τῆς

193 4775 413 4846 ἀληθοῦς
461 4775 771 4849 ὁμολογίας
809 4777 964 4847 ὑμῶν
1017 4779 1414 4850 ἀγωνίσματα,
1461 4779 1636 4834 ταῦτα
1672 4780 1775 4852 τῆς

197 4868 321 4937 πρὸς
344 4869 482 4923 Θεὸν
514 4869 607 4924 διὰ
639 4869 800 4923 τοῦτο
833 4870 1152 4942 παρρησίας
1182 4868 1336 4941 ὑμῶν
1364 4870 1435 4924 τὰ
1454 4871 1770 4943 αὐχήματα.

196 4958 261 5013 Συ
296 4959 353 5013 δὲ
385 4964 526 5032 ἡμῖν
548 5002 564 5029 ,
597 4960 644 5015 ὦ
678 4960 837 5039 τιμία
864 4960 1012 5034 ψυχή
1061 4962 1156 5015 καὶ
1207 4960 1496 5031 ίσάγγελε,
1543 4962 1641 5033 τῆς
1676 4963 1775 5033 μὲν

198 5051 496 5123 προθυμίας
540 5052 839 5121 ἀπόδεξαι,
872 5052 962 5107 διὰ
997 5051 1099 5124 τὴν
1144 5052 1242 5123 τῆς
1279 5053 1377 5124 σῆς
1421 5053 1775 5117 διδασκαλίας

205 5144 519 5213 πεποίθησιν
551 5146 665 5207 τοῖς
697 5144 838 5217 ὑπὲρ
867 5130 1585 5217 δύναμινέγχειρήσαντας,
1620 5148 1688 5217 τῇ
1716 5145 1772 5197 δὲ

203 5231 425 5308 ἰδιωτείᾳ
455 5235 554 5290 τοῦ
578 5234 741 5303 λόγου
778 5237 1114 5307 συγγνώμην
1139 5235 1392 5307 πάρασχε
1417 5239 1510 5291 καὶ
1547 5240 1769 5306 συμπά-

267 5506 376 5579 (54)
407 5505 813 5579 Atldebaturiu
843 5522 948 5579 ms.
977 5508 1010 5579 ῄ
1049 5505 1249 5579 σκῆψις
1276 5506 1441 5574 ﬁctio,
1471 5505 1771 5579 simulatio,

204 5577 338 5646 unde
367 5578 421 5629 in
452 5576 649 5632 Latino
701 5576 1160 5631 simulalw'inina:
1206 5579 1502 5646 leguntur:
1537 5577 1632 5631 sed
1667 5595 1772 5631 non

206 5645 356 5724 vitice
376 5648 793 5724 quomodohoe
814 5648 1218 5724 substantivum
1246 5645 1454 5724 servire
1485 5648 1568 5701 hic
1599 5650 1773 5724 possit

208 5716 358 5770 simili
389 5727 485 5771 aut
510 5717 667 5772 alteri
725 5717 887 5772 alicui
933 5733 1068 5773 satio
1100 5719 1282 5772 sensui
1307 5760 1320 5783 ,
1355 5719 1455 5771 nisi
1491 5719 1765 5783 repositis,

212 5798 319 5850 quae
344 5787 481 5842 forte
506 5789 855 5845 exciderunt.
892 5787 1205 5845 nonnullis:
1239 5804 1407 5858 quare
1438 5790 1606 5857 ipsum
1629 5831 1643 5853 ,
1679 5790 1764 5842 h£c

217 5863 271 5911 ut
299 5858 620 5929 superﬂuum
641 5899 657 5925 ,
702 5858 883 5915 omisi.

1881 4698 2011 4753 ergo
2041 4682 2303 4736 exhausta
2335 4680 2673 4745 certamina;
2707 4678 2825 4733 haec
2843 4687 2926 4732 est
2957 4684 3152 4731 vestrm
3186 4673 3397 4728 ﬁduciae
3419 4672 3476 4726 in

1884 4774 2052 4830 Deum
2075 4789 2142 4829 ex
2172 4774 2238 4828 iis
2265 4772 2535 4843 gloriatio.
2558 4769 2640 4825 Tu
2669 4784 2821 4836 vero,
2854 4784 2887 4825 0
2913 4768 3079 4823 chara
3106 4767 3266 4823 nobis
3291 4764 3474 4819 anima

1883 4876 2046 4937 atque
2077 4866 2287 4935 angelis
2317 4866 2708 4936 comparanda,
2743 4863 2885 4919 hanc
2912 4877 3039 4934 erga
3067 4870 3119 4916 te
3150 4872 3473 4930 propensam

1882 4963 2216 5015 voluntatem
2247 4974 2423 5013 meam
2451 4967 2731 5028 acceptam
2762 4957 2925 5021 habe,
2959 4957 3052 5026 qui
3082 4953 3340 5009 videlicet
3366 4960 3475 5006 tua:

1883 5051 2078 5107 fiducia
2131 5051 2396 5108 doctrina:
2447 5051 2655 5107 viribus
2711 5050 2921 5120 majora
2956 5047 3138 5105 conati
3171 5061 3386 5110 sumus,
3418 5054 3476 5099 et

1883 5145 2172 5201 rusticitati
2205 5145 2475 5200 sermonis
2518 5145 2732 5198 veniam
2762 5141 2943 5213 przebe
2974 5140 3218 5211 mihique
3250 5151 3474 5207 compa-

1882 5247 2054 5292 tere:
2105 5237 2412 5307 intelligens
2487 5238 2632 5304 quod
2694 5236 2770 5290 uti
2846 5248 3076 5302 sc0pum
3144 5238 3472 5293 assecutus,

1958 5510 2035 5580 (η)
2070 5508 2308 5564 Ortclins
2344 5509 2394 5562 itt
2427 5507 2705 5563 Thesauro
2732 5515 2970 5580 montem
2997 5503 3240 5580 Thabor.
3264 5503 3468 5580 Christi

1886 5574 2364 5649 transiigtnatiune
2446 5580 2704 5649 nobilem,
2771 5575 2980 5649 Latinis
3044 5576 3150 5649 ait_
3189 5574 3473 5649 (tubirt’um

1881 5650 1983 5705 dici
2019 5668 2033 5704 :
2065 5646 2202 5719 apud
2233 5650 2532 5717 .losephum
2554 5659 2607 5702 et
2635 5647 2999 5716 llegesippnnt
3029 5646 3308 5715 Ambyrioa
3339 5654 3422 5698 est
3455 5662 3470 5698 :

1879 5726 1973 5774 sed
2001 5739 2099 5774 cur
2130 5724 2214 5775 hic
2254 5737 2348 5791 pro
2383 5726 2584 5774 throno
2634 5721 2904 5774 haereseos
2959 5730 3188 5787 ponztlut'
3235 5734 3336 5770 non
3374 5732 3466 5769 ca-

1878 5809 2069 5860 pimus.

3519 5378 3527 5411 i
