3978 6420
579 348 683 418 159

575 554 788 608 veniam
819 573 916 626 pro
952 560 1118 616 animi
1159 567 1394 620 candore
1431 585 1729 629 mereatur.

1566 371 1626 431 S.
1671 372 2089 437 NICEPllORI
2132 380 2641 445 PATRIAHCIIE
2683 389 2793 449 CP.

576 464 1009 533 inexspectatam
1063 468 1228 525 habet
1276 472 1487 532 laudent
1516 498 1530 545 ;
1563 483 1645 537 sic
1677 486 1744 541 ab
1786 504 1854 542 eo
1896 490 2159 548 aberrans

3735 400 3824 472 160

2188 505 2233 556 Α
2264 495 2423 566 Θησιν
2450 514 2465 528 ο
2500 499 2791 565 γινώσκων
2831 501 2914 554 ὄτι
2947 504 3007 558 τὸ
3053 504 3153 574 μὲν
3187 506 3468 579 ἐπιτυχεῖν
3504 513 3821 590 ἀπροσὸὀχη.

2263 602 2355 637 τον
2387 585 2500 657 ἔχει
2530 590 2621 643 τὸν
2651 590 2875 645 ἔπαινον
2896 634 2919 658 ,,
2946 595 3009 648 τὸ
3034 596 3093 649 δὲ
3134 597 3467 667 σφάλλεσθαι
3509 585 3818 681 συγγνώμη-ν

2259 676 2599 749 εὐγνώμονα.
2760 723 2777 748 ,

584 857 3792 933 -_________________________________

836 1222 945 1282 DE
974 1223 1302 1289 EXSILIO
1342 1230 1628 1294 SANCTI
1676 1234 2138 1314 NICEPHOBI,
2173 1242 2279 1304 ET
2325 1245 2953 1317 TRANSLATIONE
2987 1258 3584 1343 RELIQUIARUM,

1491 1397 1730 1456 Auctore
1768 1399 2102 1475 Theophane
2136 1408 2458 1481 presbytero
2489 1423 2546 1469 et
2578 1420 2897 1487 praposito.

1186 1551 1416 1608 CAPUT
1455 1554 1497 1610 1.

592 1656 780 1713 Sancti
811 1657 1100 1731 Niccpltori
1141 1667 1560 1735 patriarchatus,
1597 1673 1864 1740 exsilium,
1901 1677 2095 1733 obitus.

621 1795 676 1848 1.
709 1794 945 1851 Plurima
985 1799 1231 1868 profecto
1263 1803 1503 1861 diversis
1542 1810 1941 1870 occasionibus
1968 1824 2136 1885 atque

550 1886 911 1956 temporibus,
934 1889 986 1942 in
1013 1892 1269 1960 gentibus
1289 1904 1346 1949 et
1364 1897 1685 1956 civitatibus
1709 1904 1973 1971 praeclara
1996 1908 2135 1965 faci-

546 1990 705 2039 nora,
727 1978 794 2029 ad
818 1979 1048 2034 eximias
1064 1980 1158 2037 Dei
1174 1985 1652 2060 maximarumque
1674 2010 1859 2051 rerum
1877 1999 2133 2058 demons-

523 2069 809 2123 trationes
828 2069 974 2125 facta
1006 2077 1369 2146 sunt,quibus
1393 2094 1520 2135 vera
1556 2084 1728 2153 ipsius
1756 2091 1994 2159 cognitio
2007 2108 2131 2159 per-

544 2160 732 2226 spicue
767 2161 873 2216 fuit
893 2165 1217 2224 conﬁrmata
1256 2188 1270 2225 :
1300 2177 1761 2242 quemadmodum
1794 2182 1854 2237 in
1898 2184 2129 2244 Psalmis

543 2252 761 2303 canitur
785 2270 799 2306 :
824 2252 947 2308 Dies
966 2256 1076 2310 diei
1094 2268 1300 2314 eructat
1315 2265 1547 2334 verbum,
1565 2276 1615 2321 et
1639 2286 1744 2324 non:
1765 2277 1909 2328 nocti
1924 2276 2129 2334 indicat

541 2342 817 2395 scientiam
848 2344 914 2398 ³⁸.
947 2344 1159 2413 Quibus
1183 2350 1372 2407 verbis
1430 2356 1535 2410 etsi
1586 2372 1846 2431 perpetua
1905 2366 1996 2421 illa
2030 2369 2125 2426 Dei

541 2433 739 2499 virtus,
769 2449 954 2491 rerum
987 2440 1233 2496 omnium
1292 2453 1457 2515 atque
1506 2450 1752 2509 universi
1801 2457 1955 2513 orbis
1995 2476 2131 2518 con-

540 2525 816 2580 servatrix
846 2543 912 2584 ac
966 2532 1300 2589 moderatrix
1342 2536 1638 2607 indicatur,
1683 2561 1788 2602 non
1826 2550 2006 2609 minus
2045 2564 2127 2609 ta-

540 2631 686 2682 men,
733 2618 842 2672 imo
883 2636 1016 2676 vero
1051 2627 1223 2695 magis
1247 2629 1414 2684 etiam
1469 2633 1852 2703 significantur
1880 2657 1967 2708 ea,
2003 2661 2124 2714 quas

538 2710 742 2763 nostris
781 2714 1118 2783 temporibus
1142 2718 1197 2772 in
1246 2721 1439 2789 primis
1464 2727 1793 2785 excellentia
1825 2740 2122 2805 atquead-

514 2800 812 2856 mirabilia
842 2817 994 2874 gesta
1025 2819 1156 2864 sunt
1181 2812 1250 2867 ab
1274 2814 1466 2871 eadem
1525 2818 1640 2889 ipsa
1674 2822 1859 2881 divina
1891 2800 2119 2897 virtute,

534 2910 655 2961 quae
693 2896 895 2952 eximia
922 2903 1168 2971 potentia
1194 2920 1292 2961 sua
1323 2918 1522 2966 cuncta
1549 2915 1820 2983 gubernat
1849 2936 1915 2975 ac
1958 2925 2117 2993 regit.

533 2987 818 3056 Siquidem
847 3006 954 3046 non
989 2992 1043 3048 in
1067 3011 1171 3051 una
1198 3008 1376 3068 parte,
1418 3017 1595 3074 neque
1620 3007 1672 3061 in
1700 3021 1862 3079 gente
1896 2987 2118 3073 minima

530 3086 1059 3141 autcontenmenda
1087 3088 1353 3157 ejusmodi
1412 3097 1682 3156 bonorum
1737 3092 1965 3164 munera
2032 3113 2115 3167 vi-

526 3184 765 3241 guerunt
793 3193 807 3230 :
840 3180 936 3233 sed
981 3182 1196 3252 publice
1224 3196 1279 3241 et
1304 3190 1529 3256 passim,
1565 3190 1629 3249 et'
1659 3196 1711 3251 in
1752 3203 1974 3269 proprio
2027 3216 2114 3261 at-

527 3281 638 3335 que
664 3267 844 3325 electo
875 3272 1079 3329 Christi
1116 3276 1289 3345 clero,
1324 3281 1418 3350 qui
1456 3287 1691 3354 apostoli
1740 3267 1887 3348 Deiri
1931 3298 2115 3355 verbis

525 3358 725 3414 merito
774 3375 1008 3418 vocatur
1046 3368 1230 3437 regale
1273 3375 1671 3444 sacerdotium,
1699 3397 1834 3451 gens
1898 3399 2112 3457 sancta,

523 3452 758 3519 populus
819 3456 1203 3526 acquisitionis
1229 3463 1298 3519 ‘7.
1336 3462 1535 3523 Verum
1590 3476 1853 3542 quoniam
1919 3495 2105 3537 rerum

518 3813 1070 3893 imminuatunego,
1134 3829 1225 3900 qui
1290 3835 1563 3895 orationis
1618 3840 1811 3900 laboro
1872 3863 2111 3921 pauper-

516 3916 667 3974 tate,
727 3913 1086 3972 vehementer
1139 3934 1169 3975 a
1225 3925 1518 3985 scribendo
1580 3913 1902 3993 deterrebor
1956 3913 2109 3998 :‘sed

514 4010 699 4056 tamen
750 4007 986 4063 assiduis
1042 4027 1128 4068 me
1168 4014 1265 4070 ad‘
1304 4034 1503 4077 munus
1537 4023 1641 4081 hoc
1697 4031 2105 4101 suscipiendum

513 4093 925 4153 adhortantium
951 4105 1207 4170 precibus
1238 4124 1342 4165 non
1368 4115 1520 4182 potui
1552 4131 1657 4172 non
1700 4121 2102 4193 obtemperare.

514 4182 609 4237 Dei
669 4186 852 4256 igitur,
893 4193 986 4261 qui
1020 4195 1238 4253 dicendi
1294 4204 1613 4261 facultatem
1637 4182 1922 4283 elargitur,
1951 4217 2105 4271 beni-

496 4275 724 4344 gnitate
762 4284 1025 4349 conlisus,
1068 4289 1136 4342 ad
1167 4292 1518 4351 scribendum
1550 4298 1776 4368 accedo,
1812 4305 2103 4376 adjuvante

512 4382 599 4419 me
653 4371 937 4457 precibus.
973 4376 1089 4433 suis
1118 4384 1534 4457 orationemque
1570 4392 1881 4450 moderante
1913 4397 2101 4455 divino

508 4450 671 4514 Patre
727 4451 1055 4534 Nicepb'oro,
1087 4471 1177 4539 qui
1211 4486 1269 4527 se
1303 4450 1462 4532 nobis
1485 4481 1781 4538 maximum
1818 4486 1886 4540 ad
1910 4450 2098 4546 dicen:
2130 4486 2179 4544 ι)

510 4549 638 4603 dum
679 4566 1058 4624 argumentum
1091 4564 1343 4632 praebuit.

492 4664 497 4669 ο
580 4640 637 4697 2.
658 4642 795 4698 Cum
830 4650 1091 4715 prreclare
1123 4669 1210 4712 res
1235 4667 1437 4714 nostrae
1457 4675 1578 4718 sese
1616 4664 1902 4740 baberent,
1935 4687 1992 4730 et
2027 4693 2094 4733 ex

509 4735 748 4793 utilitate
801 4752 866 4797 ac
922 4743 1186 4816 dignitate
1243 4765 1589 4823 gererentur,
1631 4770 1759 4818 tunc
1805 4765 2087 4835 nimirum,

504 4842 633 4884 cum
664 4844 804 4889 unus
837 4833 889 4890 in
942 4833 1187 4895 Ecclesia
1253 4857 1451 4901 sensus
1512 4849 1752 4921 vigebat,
1803 4864 1861 4910 et
1923 4859 2091 4929 impia

503 4933 699 4977 cuncta
731 4939 795 4980 ac
826 4930 1115 5000 peregrina
1146 4933 1421 5005 dogmata,
1458 4942 1715 5010 tanquam
1751 4948 1961 5004 scelera
2002 4964 2089 5007 at-

503 5028 613 5079 que
642 5014 850 5083 piacula
885 5020 1203 5078 detestanda
1238 5024 1519 5095 rejiciens,
1552 5048 1745 5090 omnes
1803 5037 2092 5099 ἣξει-θηρο-

502 5118 621 5159 rum
648 5123 821 5179 nugas
857 5112 923 5164 ad
983 5113 1213 5169 nihilum
1258 5118 1567 5190 redigebat;
1596 5122 1935 5196 Niccpltorus
1990 5133 2092 5188 im-

577 5283 626 5315 "
670 5281 815 5339 Psal.
866 5301 1018 5356 xvnt,
1055 5289 1109 5344 5.
1188 5293 1265 5347 "l
1291 5294 1436 5351 Pctr.
1466 5315 1525 5363 ll,
1552 5298 1607 5353 9.

569 5423 642 5503 (vi
672 5422 1011 5503 l\_'it:t-|tltortts
1058 5428 1237 5503 factus
1282 5442 1367 5486 est
1418 5435 1715 5503 imperator
1766 5456 1911 5496 anno
1948 5444 2072 5499 802.

572 5494 960 5571 (az)_i\'tc;etm_t_u
988 5515 1023 5551 ιι
1064 5499 1305 5555 habitum
1357 5494 1509 5559 ειιιιιιί
1541 5505 1667 5571 787,
1699 5510 1782 5564 cui
1828 5514 2079 5571 interluc-

502 5575 629 5614 rttut-
648 5561 836 5619 Patres
865 5566 989 5621 530.

494 5692 524 5722 .r
575 5635 1256 5722 (312‘Nicephorusoccisus
1288 5642 1358 5696 26
1397 5641 1521 5722 ξιιμιῖί
1554 5648 1681 5722 anni
1734 5650 1857 5717 811,
1883 5668 2076 5722 super-

502 5700 611 5755 ιω(
634 5700 953 5791 Βιιιιιιεεξςίιιξ
988 5712 1133 5791 filius
1163 5725 1333 5791 usque
1354 5717 1419 5767 ad
1450 5717 1507 5791 il
1547 5715 1792 5774 Januarit
1822 5700 2076 5791 proximi.

576 5776 657 5842 (ι)
708 5773 939 5831 Michael
986 5773 1341 5849 Curopala'tcs
1396 5788 1726 5844 acclanmlus

2248 1568 2385 1638 perii
2404 1581 2622 1643 sceptra
2642 1574 2714 1647 (υ)
2745 1580 3150 1650 moderabatur,
3171 1596 3227 1640 et
3252 1585 3597 1658 Nicephorus
3617 1609 3810 1651 sacram

2246 1662 2479 1719 excelsae
2501 1674 2665 1736 atque
2693 1670 2910 1726 urbium
2945 1675 3146 1744 regina:
3178 1680 3419 1737 civitatis
3453 1683 3637 1739 sedem
3673 1685 3806 1741 obti-

2172 1783 2216 1837 Β
2247 1757 2430 1825 nebat,
2463 1761 2554 1830 qui
2579 1761 2802 1820 luminis
2848 1766 3022 1822 instar
3073 1785 3336 1840 perpetuo
3384 1774 3667 1846 fulgentis,
3700 1782 3809 1834 uni-

2244 1866 2463 1906 versum
2515 1855 2702 1909 orbem
2760 1865 3032 1914 terrarum
3086 1863 3350 1920 virtutum
3408 1869 3581 1924 radiis
3636 1869 3811 1927 illumi-

2239 1942 2425 1998 nabat.
2456 1942 2578 1998 Jam
2613 1955 2668 2001 et
2700 1947 2753 2002 in
2791 1949 3038 2021 principe
3077 1968 3142 2007 ac
3185 1955 3343 2010 beata
3395 1956 3671 2016 Trinitate
3711 1977 3806 2017 una

2240 2041 2295 2087 et
2316 2035 2504 2089 eadem
2518 2039 2782 2103 essentia,
2802 2047 2859 2093 et
2887 2040 2940 2094 in
2965 2057 3070 2096 una
3099 2040 3195 2098 Dei
3218 2042 3378 2101 Verbi
3401 2064 3628 2106 carnem
3652 2051 3806 2110 induti

2235 2139 2471 2195 persona
2507 2129 2627 2183 dua:
2657 2141 2886 2198 naturae,
2913 2142 2970 2188 et
3016 2135 3136 2191 dua:
3177 2137 3491 2198 voluntates
3524 2142 3807 2207 clarissime

2236 2217 2455 2275 fuerant
2475 2223 2799 2289 opportunis
2835 2224 3087 2282 conciliis
3107 2231 3422 2286 constitutae
3438 2241 3499 2288 et
3515 2233 3809 2299 declaratis,

2232 2311 2529 2366 contrariis
2580 2313 2933 2382 opinionibus
2972 2316 3192 2387 reje‘cﬁs
3243 2331 3411 2393 atque
3470 2324 3809 2395 improbatis,

2231 2412 2287 2456 et
2332 2402 2485 2457 utilis
2535 2418 2825 2460 sacrarum
2886 2400 3186 2481 imaginum
3228 2427 3362 2469 usus
3405 2414 3525 2485 jam
3568 2417 3692 2472 inde
3747 2416 3803 2471 ab

2232 2494 2391 2551 initio
2411 2495 2697 2552 institutus
2720 2507 2776 2554 et
2800 2514 2898 2568 per
2928 2517 3125 2558 manus
3157 2506 3413 2573 traditus,
3444 2506 3501 2561 in
3561 2510 3794 2563 omnibus

2233 2584 2496 2643 Ecclesiis
2512 2597 2708 2643 ornate
2732 2588 3043 2663 decoreque
3070 2595 3588 2653 demonstrabatur:
3616 2614 3791 2670 quent-

2228 2677 2521 2734 admodum
2572 2680 2840 2749 proximis
2888 2685 3264 2754 temporibus,
3319 2698 3638 2744 sanctorum
3714 2690 3799 2745 Pa-

2228 2779 2370 2823 trum
2400 2770 2691 2826 concilium
2721 2773 3121 2833 celebrantium
3171 2777 3449 2852 suﬂragiis
3487 2782 3569 2854 (π)
3614 2782 3790 2837 divini-

2227 2869 2312 2914 tus
2334 2857 2513 2915 fuerat
2541 2862 2957 2932 comprobatus.

2295 2950 2348 3005 '5.
2386 2950 2587 3006 Verum
2615 2962 2977 3025 posteaquam
3026 2955 3368 3030 Nicephorus
3397 2958 3475 3033 (υ)
3525 2962 3797 3034 imperator

2225 3059 2331 3098 una
2365 3060 2490 3099 cum
2525 3044 2637 3099 filio
2660 3045 2822 3115 hujus
2850 3049 2980 3103 vitae
3030 3050 3196 3106 finem
3247 3055 3480 3108 sortitus
3513 3067 3617 3124 est,
3644 3066 3695 3110 et
3742 3056 3796 3108 ad

2146 3132 2188 3188 Ο
2218 3132 2545 3190 Michaelcm
2565 3136 2640 3207 (ι)
2665 3137 2786 3206 ejus
2808 3154 3067 3210 generum
3098 3143 3315 3213 imperii
3345 3145 3671 3215 gubernatio
3696 3160 3799 3216 per-

2220 3224 2391 3290 venit,
2421 3227 2525 3282 sub
2549 3226 2769 3283 leonino
2807 3230 3029 3286 nomine
3071 3234 3372 3290 crudeliter
3418 3235 3700 3302 frendens,
3733 3237 3797 3290 iu-

2217 3317 2362 3371 vasit
2410 3318 2558 3373 hunc
2582 3320 2739 3375 valde
2778 3335 2959 3378 saevus
3010 3324 3376 3396 immanisque
3406 3326 3545 3397 Leo,
3583 3346 3649 3384 ex
3700 3331 3793 3383 Ar-

2219 3408 2401 3463 menia
2431 3424 2603 3480 genus
2635 3411 2841 3468 ducens
2870 3433 2882 3469 :
2914 3414 3006 3485 qui
3037 3426 3093 3471 et
3123 3416 3493 3474 defectionem
3532 3438 3563 3487 a
3598 3420 3723 3488 Deo,
3748 3430 3792 3475 et

2214 3501 2479 3557 adversus
2517 3502 2925 3573 imperatorem,
2962 3507 3104 3575 apud
3136 3524 3297 3578 quem
3334 3510 3387 3565 in
3416 3513 3628 3568 honore
3657 3524 3784 3577 erat,

2216 3591 2440 3647 minime
2472 3593 2763 3651 obscuram
2795 3607 2890 3651 aut
2938 3609 3139 3654 tectam
3193 3603 3543 3672 tyrannidem
3593 3604 3785 3659 machi-

2213 3682 2468 3739 nabatur.
2498 3685 2650 3752 Quod
2693 3689 2913 3758 Quidem
2974 3691 3048 3746 illi
3082 3707 3113 3746 e
3174 3694 3450 3748 sententia
3479 3696 3775 3751 successit:

2211 3790 2336 3828 nam
2367 3792 2464 3846 per
2490 3779 2597 3832 vim
2621 3779 2724 3833 sibi
2754 3780 3043 3852 imperium
3072 3785 3372 3841 vindicavit
3402 3785 3508 3859 (a).
3535 3787 3788 3845 Caeterum

2211 3864 2356 3921 haud
2384 3867 2547 3923 aliter
2581 3870 2732 3927 duxit
2760 3875 3059 3942 potentiam
3107 3891 3264 3932 suam
3308 3878 3426 3934 fore
3460 3880 3788 3943 diuturnam.

2209 3950 2311 4012 nisi
2343 3967 2535 4015 contra
2571 3978 2667 4018 nos
2696 3966 2961 4020 audacter
3026 3967 3225 4024 bellum
3257 3969 3587 4041 susciperet,
3614 3980 3670 4028 et
3709 3985 3791 4026 ve-

2208 4049 2529 4106 nerabilium
2568 4053 2865 4127 imaginum
2898 4058 3181 4115 interitum
3215 4062 3364 4117 omni
3406 4066 3593 4119 studio
3636 4074 3789 4134 atque

2206 4152 2322 4196 arte
2359 4144 2666 4203 moliretur.
2696 4149 2776 4203 Ad
2824 4150 2969 4206 hunc
3016 4152 3159 4206 enim
3196 4152 3438 4209 furorem
3470 4166 3638 4226 atque
3698 4155 3784 4210 de-

2206 4233 2464 4287 mentiam
2505 4250 2534 4288 a
2568 4239 2928 4305 daemonibus,
2956 4257 2985 4296 a
3043 4242 3243 4312 quibus
3296 4244 3699 4310 instruebatur,
3731 4254 3782 4299 et

2203 4322 2360 4380 falsis
2390 4339 2576 4383 vatum
2620 4332 2966 4388 mendacium
3018 4335 3250 4391 somniis
3276 4345 3330 4390 et
3366 4337 3592 4395 incertis
3658 4348 3783 4393 tent-

2201 4428 2394 4484 porum
2427 4419 2714 4486 promissis
2745 4421 2952 4477 misere
2981 4425 3297 4496 compulsus
3330 4437 3473 4484 erat.

2274 4506 2329 4571 4,
2361 4508 2591 4580 lmpium
2622 4523 2804 4567 autem
2843 4523 3008 4584 atque
3027 4498 3207 4572 audax
3234 4515 3453 4574 facinus
3477 4519 3547 4575 ad
3577 4527 3780 4590 optatos

2207 4599 2385 4654 exitus
2405 4615 2467 4656 se
2493 4604 2879 4671 perducturum
2905 4622 3013 4661 non
3044 4609 3307 4677 speravit,
3328 4609 3432 4665 nisi
3461 4611 3774 4680 praclarum

2209 4689 2471 4747 Ecclesiae
2498 4694 2715 4761 ducem,
2752 4705 2807 4751 et
2834 4696 2904 4751 ab
2934 4699 3083 4752 omni
3143 4702 3575 4769 reprehensione
3605 4716 3777 4757 remo-

2199 4788 2347 4847 tum,
2367 4793 2530 4839 recta:
2552 4787 2816 4843 doctrinae
2858 4788 3124 4860 regulam,
3170 4792 3538 4864 Nicephorum
3566 4810 3597 4850 e
3625 4809 3775 4849 sacra

2195 4873 2325 4928 sede
2355 4877 2696 4947 exturbaret,
2720 4870 2778 4937 ut
2838 4884 3071 4952 propria
3115 4886 3338 4941 malitiae
3397 4901 3775 4958 prepugnacu-

2195 4959 2305 5015 lum
2345 4962 2643 5022 Ecelesiam
2682 4972 3064 5040 constitueret,
3090 4983 3146 5030 et
3204 4977 3417 5032 nemine
3485 4978 3770 5033 conatibus

2194 5053 2309 5108 Suis
2340 5070 2697 5128 repugnante,
2733 5064 2919 5118 omnia
2955 5056 3022 5119 ei
3048 5068 3323 5124 sententia
3348 5084 3445 5124 sua
3475 5079 3533 5124 et
3558 5083 3769 5130 eorum,

2195 5146 2286 5212 qui
2349 5148 2450 5203 sibi
2507 5149 2808 5222 favebant,
2869 5165 2985 5211 tuto
3054 5159 3455 5215 moderaretur.
3535 5158 3770 5214 Primqu

2183 5452 2219 5505 2
2243 5456 2426 5511 octob.
2457 5458 2581 5511 anni
2609 5460 2734 5515 8H.

2255 5524 2330 5594 (α)
2363 5528 2470 5581 Leo
2499 5542 2791 5604 coronatur
2834 5532 2893 5587 11
2920 5534 3040 5604 julii
3076 5540 3204 5595 anni
3235 5540 3343 5595 8l5
3376 5559 3388 5595 :
3429 5543 3766 5597 correximus

2181 5599 2532 5679 autemquod
2575 5599 2843 5680 interpres
2874 5599 2965 5680 hic
3004 5605 3214 5663 Leontii
3255 5626 3452 5666 nonnen
3515 5628 3615 5680 pro
3658 5613 3764 5664 leo-

2184 5664 2313 5788 :titltlo
2330 5664 2547 5748 nontine
2576 5664 2871 5742 scripserat
2893 5676 2947 5731 in
2974 5664 3313 5748 amphibolia
3328 5664 3470 5739 vocis
3500 5664 3763 5745 ὶῖεὸντειος

2203 5750 2248 5787 tu
2299 5747 2571 5788 urtnaltts‘-

2203 5747 2571 5796 talluctttattts.
