3978 6428
201 361 293 431 liii

1714 358 1915 419 VITA.

3345 354 3450 420 162

192 480 356 550 igitur
406 482 618 541 tempus
657 469 1006 532 observabat,
1038 478 1095 523 ut
1146 483 1270 523 cum
1318 470 1530 525 artibus
1571 485 1633 525 ac
1671 471 1767 525 do-
1801 487 1844 540 Α
1877 488 1982 541 que
2027 472 2311 544 suppliciis
2342 472 2634 529 alliciebat.
2666 472 2770 527 Alii
2807 473 2950 528 enim
2986 473 3229 543 ipsorum
3278 474 3450 544 plagis

194 573 263 626 lis
312 571 363 623 in
393 566 718 622 sententiam
759 577 913 618 suam
945 562 1259 626 adduceret,
1303 561 1513 634 ﬁngens
1540 577 1663 619 sese
1711 564 1767 618 in

206 672 352 718 recta
409 662 722 727 dogmatum
795 655 1196 710 exercitatione
1260 657 1494 725 versari.
1556 653 1762 709 Verum

194 768 311 812 cum
345 752 427 806 vir
459 751 551 803 ille
595 748 906 803 divinarum
943 758 1129 801 rerum
1166 746 1534 815 peritissimus
1563 755 1619 800 et
1640 760 1769 816 pru-

188 842 703 905 dentissimus,tum
770 837 960 892 multis
986 834 1378 901 ~sermonibus',
1427 844 1539 889 tum
1582 835 1770 904 Scrip-

203 949 437 994 turarum
469 929 823 996 testimoniis,
851 936 963 984 tum
1000 926 1308 999 longissimi
1338 927 1603 997 temporis
1628 942 1766 982 con-

195 1026 474 1086 suetudine
527 1021 948 1092 comprobatum
987 1022 1286 1088 imaginum
1342 1034 1501 1076 usum
1550 1021 1772 1076 demon-

194 1124 513 1174 straretaec
534 1122 720 1167 tamen
754 1112 1079 1166 insolentem
1133 1110 1463 1165 hominema
1493 1110 1772 1180 proposito

194 1215 376 1278 posset
419 1203 727 1268 dimovere,
762 1211 893 1257 tunc
937 1202 1117 1265 dolus,
1148 1201 1241 1273 qui
1298 1211 1460 1256 antea
1512 1201 1768 1268 latuerat,

200 1303 248 1354 in
275 1306 522 1368 apertum
566 1293 755 1364 erupit
795 1311 812 1350 :
867 1308 1048 1351 mores
1107 1295 1253 1350 enim
1308 1295 1516 1349 ferinos
1564 1294 1770 1350 nomini

200 1398 565 1460 congruentes
606 1389 855 1457 gerebat.
880 1386 1074 1457 Itaque
1123 1394 1383 1456 tanquam
1431 1386 1774 1457 perniciosus

200 1484 409 1552 quidam
438 1494 595 1551 aper,
611 1489 705 1549 aut
728 1479 1075 1536 saevissimus
1103 1478 1212 1544 leo,
1242 1478 1604 1548 immanisque
1632 1477 1772 1543 fera,

194 1572 526 1630 salutaribus
555 1570 800 1645 Magistri
849 1570 1195 1625 documentis
1242 1570 1326 1625 sic
1379 1582 1544 1626 aures
1589 1570 1772 1624 occlu-

204 1666 348 1729 dens,
397 1673 459 1717 ut
506 1663 658 1733 aspis
698 1661 1187 1728 incantationibus,
1240 1654 1771 1731 nihillmovebatur,

201 1754 293 1809 sed
319 1753 648 1807 obstinatius
666 1750 1003 1807 insaniebat.
1150 1786 1155 1791 -
1219 1746 1225 1751 ’

268 1862 319 1917 5.
356 1860 553 1915 Statim
587 1860 754 1931 igitur
783 1869 839 1915 et
871 1859 1091 1931 pietatis
1123 1862 1242 1918 zelo
1281 1872 1338 1919 et
1396 1826 1764 1934 praestantiori
1801 1851 1845 1907 Β

209 1955 397 2010 auxilio
424 1954 786 2009 conﬁrmatus
815 1954 917 2020 vir,
945 1954 1087 2010 cuia
1111 1957 1341 2011 victoria
1374 1972 1573 2012 nomen
1621 1969 1762 2024 erat,

211 2059 263 2103 et
288 2058 563 2117 propterea
596 2047 940 2116 Nicephorus
959 2050 1282 2115 vocabatur,
1315 2058 1541 2107 strenue
1568 2052 1766 2107 adver-

215 2156 305 2195 sus
327 2140 661 2210 impietatem.
686 2150 741 2195 et
774 2150 1062 2212 tyrannum
1094 2140 1391 2211 impietatis
1417 2143 1757 2199 defensorem

219 2234 505 2294 instruitur,
533 2232 852 2301 coactisque
895 2234 1173 2303 primariis
1203 2236 1600 2302 sacerdotibus,
1626 2237 1761 2293 viris

220 2335 323 2377 tum
374 2325 474 2377 vita
530 2336 642 2377 tum
707 2326 953 2379 doctrina
1002 2327 1265 2395 probatis,
1310 2328 1403 2397 qui
1458 2328 1620 2383 simul
1669 2344 1766 2399 pro

212 2417 393 2483 pietate
419 2430 663 2484 pugnare
689 2417 863 2486 parati
914 2426 1094 2481 erant,
1122 2420 1188 2472 de
1213 2420 1490 2474 communi
1540 2429 1766 2475 senten-

211 2508 275 2560 tia
300 2507 477 2576 inique
502 2522 562 2561 se
594 2517 876 2575 gerentem
908 2498 1319 2577 imperatorem,
1356 2510 1484 2565 licet
1537 2513 1765 2572 frustra.

204 2610 575 2668 eoarguerunt,
614 2609 670 2654 ct
725 2609 986 2670 tanquam
1028 2602 1483 2657 contumeliosum
1537 2604 1632 2658 Dei
1676 2619 1764 2658 re-

203 2706 415 2759 rumque
439 2691 754 2746 divinarum
786 2694 997 2748 hostem
1024 2693 1367 2761 iudicarunt.
1394 2694 1763 2761 Quamobrem

203 2797 447 2854 arrogans
464 2794 525 2838 et
554 2786 823 2854 superbus
848 2786 938 2839 ille
958 2785 1247 2840 confestim
1280 2798 1336 2841 et
1363 2788 1764 2842 simulationem

202 2886 345 2938 quam
404 2872 745 2935 occultabat,
806 2876 1041 2942 aperire,
1067 2883 1122 2928 et
1152 2876 1485 2929 reconditam
1546 2877 1768 2931 malitiae

202 2961 477 3025 rationem,
532 2970 790 3029 tauquam
848 2963 1243 3015 redundantem
1308 2964 1598 3031 quamdam
1647 2981 1767 3020 cur-

200 3059 472 3119 ruptorum
508 3052 795 3106 humerum
830 3066 897 3106 ex
919 3053 1190 3107 cruditate
1213 3058 1448 3123 copiam,
1480 3070 1762 3120 evomere,

196 3148 278 3192 aut
305 3139 588 3195 deformes
638 3151 696 3195 et
742 3141 1099 3211 imperfectos
1143 3157 1209 3195 ex
1276 3143 1472 3195 abortu
1527 3143 1669 3197 fetus
1713 3146 1765 3197 in

1872 576 1938 617 ac
1970 563 2271 618 tormentis
2297 563 2616 617 crudelibus
2639 563 3094 618 excruciabantur
3122 579 3138 618 :
3169 564 3262 617 alii
3309 566 3452 617 fame

1871 660 1927 708 et
1979 652 2068 708 siti
2139 653 2192 707 in
2248 666 2468 707 carcere
2514 652 2605 707 diu
2661 652 3093 722 premebantur:
3126 653 3277 707 multi
3331 655 3451 709 sine

1872 743 1979 798 ulla
2045 743 2218 798 veniat
2257 758 2354 812 spe
2408 743 2769 797 mittebantur
2824 742 2880 797 in
2945 744 3199 798 exsilium
3259 761 3274 797 :
3339 759 3446 798 non

1872 832 2030 904 pauci
2092 833 2471 903 spoliabantur
2522 816 2763 887 fortunis
2818 832 2888 886 ob
2935 831 2986 886 id
3032 832 3246 896 solum,
3303 834 3449 901 quod

1871 934 2032 980 erant
2056 925 2278 995 pietatis
2312 924 2541 980 studiosi
2570 941 2585 978 :
2615 924 2837 994 quidam
2870 925 3059 988 etiam,
3085 933 3144 977 ut
3173 924 3316 977 fama
3342 934 3449 986 est,

1869 1016 2009 1074 clam
2069 1018 2429 1075 necabantur.
2490 1015 2743 1071 Nonnulli
2784 1016 2951 1086 igitur
2996 1017 3350 1086 inagistratus
3394 1024 3452 1069 et

1870 1111 1926 1164 in
1955 1110 2251 1181 dignitates
2277 1108 2582 1172 constituti,
2613 1118 2669 1163 et
2699 1110 3035 1173 sacerdotes,
3065 1117 3122 1163 et
3170 1109 3450 1174 monachi,

1870 1208 1927 1255 et
1959 1214 2029 1254 ex
2075 1198 2281 1269 reliqua
2331 1198 2704 1264 multitudine,
2752 1198 2951 1278 partim
3004 1198 3348 1267 impetrantis
3397 1198 3449 1252 vi

1870 1292 2152 1363 pertracti,
2171 1291 2249 1346 illi
2269 1291 2617 1346 adhaerebant
2637 1307 2652 1356 ;
2674 1290 2871 1358 partim
2889 1299 3057 1350 metu.
3077 1290 3273 1358 partim
3301 1289 3452 1359 igna-

1870 1384 1979 1448 via,
2013 1382 2210 1453 partim
2243 1382 2429 1453 gloria:
2457 1381 2759 1452 cupiditate
2785 1381 3273 1451 corrumpebantur
3306 1396 3321 1434 :
3353 1379 3448 1433 sed

1873 1477 2115 1531 maxima
2147 1491 2275 1546 pars
2295 1475 2520 1532 stabiles
2563 1484 2620 1530 et
2654 1483 2977 1530 constantes
3009 1475 3066 1528 in
3097 1474 3208 1528 {ide
3237 1473 3450 1528 animos

1871 1569 2255 1623 conservabat.
3042 1576 3045 1579 ‘

1940 1685 1993 1738 7.
2019 1680 2174 1739 Tunc
2217 1696 2375 1738 sacra
2421 1681 2477 1737 in
2525 1682 2688 1752 regia:
2719 1680 2960 1738 civitatis
3014 1680 3142 1735 sede
3191 1691 3301 1734 tres
3332 1678 3452 1734 veri

1875 1758 2110 1845 pastoris
2143 1773 2466 1837 adversarii,
2491 1773 2683 1827 ordine
2733 1787 2872 1827 unus
2923 1779 3044 1840 post
3062 1770 3249 1834 alium,
3288 1771 3452 1840 impie

1871 1867 2255 1931 consederunt,
2288 1864 2599 1920 Theodotus
2633 1862 2728 1936 (c),
2754 1864 3043 1928 Antonius,
3067 1873 3121 1917 et
3159 1861 3398 1917 Joannes
3431 1879 3447 1917 :

1873 1958 1964 2025 qui
1992 1966 2245 2026 tanquam
2274 1969 2468 2024 graves
2501 1955 2722 2024 quidam
2759 1954 2895 2023 lupi,
2924 1955 3122 2023 passim
3152 1953 3450 2007 Ecclesiam

1873 2048 2251 2103 laceraverunt
2277 2060 2340 2101 ac
2365 2049 2716 2101 devorarunt.
2753 2043 2819 2123 Et
2852 2045 2974 2098 aliis
3011 2045 3067 2098 in
3111 2035 3245 2099 locis
3292 2053 3348 2098 et
3379 2044 3454 2099 ci-

1873 2141 2164 2205 vitatibus,
2212 2138 2452 2209 ejusdem
2481 2137 2756 2206 opinionis
2803 2137 3120 2191 sacerdotes
3178 2151 3241 2190 ac
3281 2136 3453 2190 duces

1875 2232 2143 2301 imperiti,
2180 2243 2237 2286 et
2263 2230 2464 2284 nullius
2508 2229 2669 2299 pretii
2716 2228 2969 2282 homines
2999 2227 3258 2281 Ecclesiis
3317 2242 3453 2295 prce-

1873 2322 2002 2377 l‘ecti
2036 2331 2163 2376 sunt
2195 2335 2211 2374 :
2249 2321 2342 2390 qui
2378 2319 2714 2376 exsecrabile
2747 2332 2813 2374 ac
2861 2317 3241 2377 detestandum
3292 2329 3456 2372 sectae

1875 2425 1985 2464 sum
2023 2410 2302 2464 decretum
2351 2409 2516 2479 impie
2548 2415 2604 2463 et
2646 2407 2809 2461 stulte
2842 2408 3249 2469 conlirmanles,
3286 2408 3454 2462 variis

1878 2502 2054 2555 modis
2081 2503 2154 2555 ita
2180 2501 2361 2556 conati
2385 2510 2513 2555 sunt
2546 2500 2844 2575 imaginum
2874 2514 3029 2553 usum
3057 2502 3340 2569 abrogare,
3372 2511 3451 2563 ut,

1887 2602 2153 2664 quantum
2195 2595 2249 2647 in
2280 2593 2414 2658 ipsis
2443 2591 2568 2657 fuit,
2605 2592 2808 2646 nullutn
2847 2608 3030 2647 earum
3054 2593 3336 2661 vestigium
3370 2607 3455 2647 re-

1880 2684 2244 2754 linqueretur,
2277 2686 2422 2754 quod
2448 2684 2534 2741 vel
2567 2684 2659 2739 Dei
2690 2684 2852 2740 Verbi
2886 2700 3104 2741 carnem
3132 2685 3333 2749 induti,
3365 2684 3453 2739 vel

1874 2774 2235 2829 sanctissimae
2272 2774 2362 2830 Dei
2402 2773 2718 2835 Geuitricis,
2761 2776 2843 2829 vel
2877 2774 3181 2829 caelestium
3220 2777 3440 2844 angelo-

1880 2882 2017 2931 rum,
2052 2876 2145 2920 aut
2189 2867 2352 2921 totius
2391 2866 2584 2936 reliqui
2633 2877 2944 2921 sanctorum
2979 2876 3142 2935 atque
3182 2866 3452 2936 jlllet‘tlm

1875 2957 2083 3013 ordinis
2106 2958 2343 3027 speciem
2370 2973 2481 3026 prae
2513 2972 2571 3012 se
2587 2956 2777 3011 ferret.
2811 2958 2939 3011 Erat
2961 2969 3139 3012 autem
3163 2958 3453 3010 admodum

1875 3046 2170 3101 absurdum
2223 3059 2277 3100 et
2334 3061 2539 3116 grave,
2591 3047 2777 3100 videre
2843 3034 3067 3114 passim.
3101 3056 3453 3101 sacrosancta

1878 3140 2073 3209 templa
2103 3140 2170 3193 ab
2204 3139 2453 3194 obscuris
2493 3145 2549 3191 et
2588 3138 2942 3191 exsecrandis
2977 3137 3308 3201 hominibus,
3332 3136 3452 3206 put-

195 3231 357 3285 lucem
386 3232 568 3286 edere
588 3245 814 3288 coactus
840 3241 944 3287 est.
978 3232 1285 3302 Tyrannica
1332 3234 1497 3302 igitur
1544 3236 1767 3289 audacia
1798 3218 1841 3275 ο
1874 3230 2186 3286 claritudine
2218 3244 2315 3282 sua
2349 3237 2406 3282 et
2439 3224 2709 3283 veteribus
2745 3228 3080 3281 ornamentis
3109 3227 3355 3296 spoliari.

193 3321 604 3378 celeberrimum
662 3325 1053 3393 patriarcltam,
1085 3340 1117 3380 e
1169 3326 1299 3401 sede
1331 3341 1429 3380 sua
1485 3327 1768 3391 depulsum

195 3414 241 3467 in
264 3416 476 3470 exsilio
500 3415 681 3470 vivere
710 3416 975 3485 compulit
1001 3417 1077 3488 (ὁ)
1112 3434 1127 3471 :
1162 3431 1232 3470 ne
1262 3416 1391 3472 illud
1419 3416 1638 3485 quidem
1680 3433 1772 3471 ve-

194 3504 340 3567 ritus,
373 3504 421 3558 si
471 3504 607 3558 nihil
654 3504 820 3571 aliud,
843 3505 988 3574 quod
1033 3505 1387 3574 impositione
1414 3514 1469 3561 et
1517 3506 1772 3576 obsigna-

197 3597 331 3650 tione
358 3590 633 3669 ntanitam
654 3596 834 3666 ipsius
859 3596 1026 3667 (quod
1049 3597 1167 3652 ﬁeri
1185 3612 1290 3650 non
1320 3596 1529 3667 debuit)
1550 3597 1766 3667 imperii

191 3698 437 3740 coronam
487 3700 797 3756 acceperat.
824 3687 1025 3744 Verum
1049 3698 1109 3743 ut
1135 3687 1430 3745 verisimile
1461 3699 1566 3754 est,
1588 3689 1771 3743 defec-

195 3776 347 3830 tionis
395 3787 469 3832 el
548 3778 855 3846 tyrannidis
913 3778 1123 3833 lubrico
1180 3778 1383 3851 lapsus,
1435 3779 1599 3835 simul
1645 3793 1768 3834 cum

192 3863 385 3931 pietate
408 3867 768 3935 prudentiam
792 3868 1133 3922 et‘rationem
1151 3881 1217 3922 ac
1235 3876 1470 3922 utentem
1489 3869 1768 3923 amiserat.

191 3950 369 4024 itaque
414 3955 662 4012 nefantm
707 3958 1008 4026 impietatis
1041 3969 1209 4030 atque
1249 3960 1489 4014 audaciae
1529 3960 1769 4015 facinora

194 4050 519 4119 aggredieba
528 4060 638 4103 tur.

260 4161 313 4216 6.
348 4164 673 4217 Patriarcba
699 4177 852 4227 vero,
887 4172 944 4217 ut
978 4165 1187 4233 paciﬁci
1232 4164 1477 4236 magistri
1534 4156 1771 4236 discipni

197 4249 295 4317 lus,
334 4252 405 4306 ab
428 4236 681 4307 Ecclesia
716 4252 974 4308 discessit
1009 4255 1180 4308 tristis
1204 4264 1259 4307 et
1294 4256 1768 4324 laciymabundus,

194 4353 248 4394 ut
274 4343 363 4410 qui
393 4356 657 4412 sponsam
691 4343 1119 4409 immaculatum,
1147 4346 1248 4399 sibi
1284 4359 1314 4399 a
1351 4347 1461 4402 Deo
1491 4348 1769 4415 traditam,

196 4436 427 4493 discessu
460 4452 566 4491 suo
621 4446 942 4493 maerentem
995 4439 1552 4509 ingemiscentemque
1605 4440 1771 4495 relin-

195 4532 398 4596 queret.
435 4528 705 4599 Populum
740 4538 920 4584 autem
953 4539 1008 4585 et
1031 4544 1248 4601 gregem
1275 4547 1433 4587 suum
1449 4534 1769 4602 opportunis

196 4621 537 4675 sermonibus
569 4622 874 4676 instruebat
902 4632 957 4678 et
984 4625 1391 4689 cohortabatur,
1410 4635 1478 4679 ut
1499 4627 1766 4693 integram

195 4710 241 4763 in
273 4712 496 4767 vinculo
528 4714 678 4781 pacis
723 4700 881 4768 ﬁdem
912 4715 1254 4770 observaret.
1285 4717 1466 4771 Atille
1494 4716 1771 4773 insaniens

192 4801 457 4858 etlurore
508 4805 776 4872 percitus,
806 4805 1064 4873 pietatem
1123 4820 1220 4875 pro
1246 4808 1456 4862 viribus
1512 4808 1771 4878 pergebat

194 4895 441 4949 insectari
475 4914 491 4947 :
524 4911 637 4973 nec
688 4907 976 4952 contentus
1019 4899 1109 4963 iis,
1135 4913 1260 4967 quae
1295 4898 1352 4953 in
1399 4900 1771 4969 patriarcbam

194 4985 430 5039 divinum
482 4987 858 5054 commiserat,
883 4989 1063 5044 adhuc
1125 4989 1347 5045 malitia:
1395 5004 1507 5046 suae
1550 5003 1766 5061 specta-

193 5078 326 5145 cula,
359 5080 849 5137 lamentatimtibus
872 5089 927 5137 et
957 5083 1248 5153 gemitibus
1270 5085 1453 5154 digna,
1478 5086 1543 5137 in
1586 5084 1768 5154 plures

193 5170 400 5225 edebat.
446 5170 677 5235 Omnes,
703 5173 797 5241 qui
850 5182 998 5229 recta
1046 5176 1291 5231 veritatis
1333 5177 1581 5245 dogmata
1621 5190 1770 5230 com-

196 5259 326 5326 pleri
359 5278 493 5317 cum
527 5265 790 5334 magistro
830 5277 1242 5333 consenserant,
1274 5269 1538 5338 primario
1581 5282 1767 5322 sacer-

194 5352 359 5418 dotes,
385 5358 796 5435 monachosque
852 5370 906 5413 et
948 5367 1270 5431 praestantes
1309 5361 1361 5414 in
1412 5360 1628 5431 populo,
1653 5371 1765 5414 tum

193 5445 333 5502 viros
375 5460 492 5502 tum
538 5449 701 5503 etiam
734 5451 987 5515 feminas,
1020 5468 1124 5505 non
1170 5452 1407 5508 ferendis
1447 5458 1623 5522 pmnis
1680 5465 1763 5505 at-

252 5624 324 5692 ib)
351 5624 580 5693 Erectus
608 5637 695 5684 est
717 5629 782 5685 Η
804 5630 1078 5685 Februarii
1117 5631 1244 5685 anni
1281 5629 1400 5684 διδ.

252 5696 319 5764 (σ)
364 5696 690 5768 Theodotus
708 5699 1028 5761 Cassiteras,
1057 5701 1325 5755 Antonius
1348 5715 1418 5754 ex
1459 5698 1672 5768 Syilaen,
1693 5708 1752 5754 et

185 5759 417 5822 Joannes
447 5766 568 5823 sive
594 5766 797 5823 Janncs
827 5759 1116 5840 Syncellus
1138 5785 1282 5825 anno
1322 5770 1425 5826 849.
1450 5759 1746 5839 depositus.

1944 3318 1998 3374 8.
2031 3320 2208 3386 Atque
2236 3318 2339 3371 ista
2364 3317 2582 3386 quidem
2607 3317 2735 3371 mali
2762 3316 3061 3371 dominatio
3101 3317 3451 3386 gravissimas

1873 3411 2214 3475 calamitates
2254 3411 2480 3475 invexit,
2527 3421 2582 3463 et
2625 3420 2821 3464 cuncta
2876 3409 3195 3483 permiscuit
3232 3425 3296 3463 ac
3327 3424 3451 3476 per-

1876 3502 2135 3566 turbavit,
2168 3517 2274 3555 nun
2307 3503 2505 3570 exiguo
2556 3511 2647 3554 aut
2676 3500 2830 3556 brevi
2869 3502 3129 3570 temporis
3160 3501 3446 3554 intervallo

1870 3592 2219 3659 imperatoris
2250 3596 2444 3649 robore
2485 3595 2719 3661 munita,
2742 3594 2840 3649 sed
2873 3593 3092 3659 triginta
3135 3593 3215 3662 (ἀ)
3279 3607 3449 3661 prope

1872 3700 2138 3739 annorum
2198 3686 2397 3755 spatio.
2447 3684 2690 3750 Quorum
2717 3699 2844 3741 cum
2859 3685 3360 3755 quatuordecim(e)
3391 3688 3448 3739 itt

1871 3775 2065 3831 exsilio
2086 3775 2244 3829 dirus
2273 3775 2434 3830 Pater
2447 3775 2789 3844 Nicephorus
2834 3780 3206 3844 transegisset,
3230 3777 3299 3829 ab
3345 3777 3450 3830 hac

1873 3869 2091 3924 mortali
2122 3869 2230 3924 vita
2255 3870 2512 3940 migravit
2537 3870 2603 3924 ad
2645 3869 3013 3923 immortalem
3050 3885 3065 3921 :
3105 3878 3161 3923 et
3200 3870 3449 3938 sepultus

1871 3972 1959 4019 est
2004 3962 2158 4033 juxta
2205 3963 2462 4032 templum
2512 3962 2686 4016 sancti
2720 3963 2977 4031 martyris
3021 3960 3293 4016 Theodori
3332 4004 3348 4028 ,
3385 3963 3439 4015 in

1872 4054 2208 4111 monasterio
2263 4057 2408 4124 quod
2438 4054 2553 4124 ipse
2579 4069 2608 4105 a
2640 4052 3007 4109 futidantentis
3040 4060 3444 4106 construxerat.

1872 4143 1931 4200 In
1960 4145 2063 4200 hoc
2101 4144 2271 4208 enim,
2303 4128 2427 4199 cum
2469 4154 2622 4198 esset
2654 4128 2913 4197 multatus
2958 4141 3170 4207 exsilio,
3197 4141 3341 4211 piam
3391 4151 3449 4193 et

1872 4249 2085 4290 sacram
2120 4236 2287 4289 vitam
2317 4233 2577 4296 traduxit,
2602 4243 2665 4289 .et
2687 4234 2953 4287 virtutum
2997 4235 3182 4287 studio
3211 4241 3445 4301 mentem

1872 4337 2025 4376 suam
2071 4322 2364 4392 diligenter
2409 4322 2649 4376 excoluit
2690 4333 2855 4391 atque
2897 4324 3247 4391 expurgavit,
3280 4336 3448 4389 seque

1873 4430 2066 4484 purum
2096 4414 2191 4469 Dei
2222 4427 2516 4483 rerumque
2535 4414 2842 4469 divinarum
2870 4414 3133 4479 templum
3173 4413 3443 4477 exhibuit,

1873 4521 1995 4560 cum
2021 4506 2216 4562 similis
2244 4515 2393 4560 esset
2420 4508 2757 4577 angelorum,
2786 4514 2841 4560 et
2872 4504 3033 4559 simul
3091 4513 3200 4558 tum
3242 4520 3443 4569 mona-

1872 4601 2023 4655 sticae
2048 4610 2160 4653 tum
2191 4591 2479 4668 pontiﬁ'cize
2508 4600 2628 4655 vita:
2648 4599 2966 4669 dignitatem
3000 4600 3294 4655 virtutibus
3326 4600 3444 4654 suis

1869 4693 2175 4753 exornavit.

1940 4804 1995 4860 9.
2031 4803 2305 4859 Hactenus
2362 4805 2931 4870 commemoravimus,
2988 4805 3445 4875 quemadmodum

1870 4896 2218 4952 beatissimus
2280 4895 2638 4967 Nlcephorus,
2687 4906 2747 4950 ut
2800 4897 3038 4967 optimus
3092 4900 3444 4967 gubernator,

1875 5006 2072 5044 munus
2104 4990 2538 5044 eclcesiasticum
2597 4990 2873 5060 sapienter
2905 4991 3304 5045 administrarit
3344 5009 3359 5045 :
3392 4999 3446 5045 et

1879 5092 1985 5135 tant
2016 5082 2137 5136 vitm
2160 5082 2445 5138 honestate
2475 5097 2637 5152 quam
2670 5083 2997 5151 cognitionis
3038 5083 3362 5138 excellentia
3390 5094 3445 5139 et
3476 5130 3491 5137 -

1872 5191 2067 5231 sensus
2101 5190 2291 5231 omnes
2311 5176 2373 5230 et
2399 5175 2641 5229 animum
2689 5184 2837 5230 recte
2867 5178 2932 5229 ad
2993 5177 3253 5245 pietatem
3289 5178 3443 5230 insti-

1873 5269 2078 5323 tuerit:
2116 5278 2173 5323 et
2214 5267 2355 5338 quod
2387 5268 2452 5322 ad
2481 5267 2639 5321 [idem
2692 5268 2945 5336 pertinet,
2975 5268 3261 5337 tranquille
3307 5284 3451 5323 sem-

1871 5376 1965 5429 per
1988 5375 2206 5414 cnrsum
2253 5362 2485 5414 tenuerit
2514 5371 2569 5415 et
2620 5361 2893 5430 legitimas
2925 5364 3047 5415 vitae
3078 5361 3252 5415 civilis
3285 5362 3440 5416 insti-

1869 5454 2105 5507 tutiones
2126 5453 2429 5505 obscrvarit
2462 5466 2476 5505 :
2509 5461 2563 5506 et
2582 5455 3029 5523 quemadmodum
3058 5453 3279 5519 invidia,
3323 5470 3428 5524 qua

1937 5628 2017 5693 id)
2045 5627 2126 5681 Ab
2157 5643 2302 5682 anno
2340 5628 2465 5689 815,
2503 5627 2568 5681 ad
2598 5641 2798 5679 annum
2819 5624 2943 5679 84‘2.

1932 5698 2003 5760 le)
2054 5696 2168 5752 lmo
2204 5712 2330 5751 cum
2362 5697 2428 5751 M
2480 5696 2654 5750 exsilii
2699 5711 2902 5748 annum
2953 5701 3170 5765 ageret,
3234 5693 3451 5765 scilicet,

1860 5787 1890 5826 a
1921 5769 1985 5823 l3
2017 5766 2193 5823 Martii
2221 5783 2308 5823 an.
2332 5767 2437 5822 815
2456 5781 2625 5835 usque
2645 5767 2710 5821 ad
2735 5781 2824 5819 an.
2848 5765 2973 5832 828,
2993 5763 3057 5820 et
3086 5765 3234 5819 diem
3254 5766 3288 5819 2
3308 5763 3434 5818 Jun.
