3978 6426
555 332 656 399 163

1575 335 1633 393 S.
1673 333 2091 394 NlCEPHOIlI
2132 333 2636 394 PATRIARCH/E
2673 334 2779 394 CP.
3679 337 3766 402 liii

550 459 697 504 recte
751 447 892 502 facta
949 461 1177 518 carpere
1225 449 1544 512 consuevit,
1602 449 1776 503 livore
1836 459 2125 514 commota,
2159 468 2201 520 Α
2232 451 2500 520 proponit.
2530 449 2774 518 Cumque
2795 448 2938 501 idem
2963 459 3152 501 omnes
3177 445 3470 513 sentientes
3501 455 3766 518 comperis-

550 553 671 592 cum
704 538 903 592 Christi
927 552 1148 609 gregem
1178 539 1396 608 Optimis
1442 541 1751 608 quibusque
1781 549 1997 593 auctum
2040 553 2124 594 at-

547 644 654 699 que
691 639 946 683 ornatum
976 630 1238 684 institutis
1276 629 1474 683 intueri
1508 645 1614 684 non
1665 637 1868 697 posset,
1891 629 2124 684 Leonem

549 720 964 788 imperatorem,
994 721 1362 790 perniciosum
1418 722 1612 773 animas
1671 721 1902 788 prOpria:
1943 721 2126 775 inimi-

556 827 702 879 cum,
732 812 1028 882 impulerit,
1059 823 1396 867 utnovarum
1422 828 1600 866 rerqu
1638 812 1692 865 in
1728 813 1989 882 religione
2010 824 2127 868 stu-

553 905 645 960 dio
677 907 939 960 adversus
965 907 1130 959 Deum
1178 905 1506 973 insurgeret,
1542 913 1597 958 et
1644 918 1742 970 pro
1783 904 1986 958 viribus
2041 920 2126 959 res

554 1011 772 1053 sanctas
803 1007 965 1067 atque
989 999 1202 1052 divinas
1233 999 1576 1052 contumeliis
1603 997 1842 1051 alliceret
1892 1007 1947 1052 et
1993 1013 2125 1052 con-

555 1091 870 1154 taminaret,
905 1098 961 1144 et
989 1089 1056 1144 ad
1083 1097 1392 1143 extremum
1441 1103 1473 1144 e
1509 1104 1666 1145 sacra
1721 1092 1848 1145 sede
1881 1091 2123 1143 divinum

552 1184 694 1236 hunc
724 1183 896 1235 virum
925 1182 1238 1236 exturbaret
1272 1191 1434 1250 atque
1465 1181 1519 1236 in
1573 1181 1820 1236 exsilium
1859 1182 2080 1249 ejiceret
2107 1199 2122 1234 :

550 1273 639 1325 ubi
675 1271 963 1325 virtutibus
992 1281 1048 1325 et
1077 1271 1634 1342 contemplationibus
1676 1274 1914 1325 animum
1965 1286 2126 1326 exco-

550 1361 666 1416 lens
689 1371 742 1414 et
769 1377 894 1415 cum
921 1363 1031 1416 Deo
1057 1377 1306 1427 versans,
1340 1363 1477 1416 bene
1503 1364 1768 1432 beateque
1797 1367 1965 1416 vitam
2013 1372 2120 1414 tra-

549 1452 726 1506 duxit.
757 1451 909 1507 Nunc
944 1462 1128 1512 autem
1158 1463 1368 1521 tempus
1393 1462 1477 1508 est
1508 1463 1586 1518 ut,
1619 1467 1738 1508 cum
1786 1453 2124 1523 providentia

549 1544 644 1598 Dei
678 1545 767 1612 qui
796 1544 986 1598 mortis
1009 1543 1257 1598 umbram
1278 1545 1330 1600 in
1357 1545 1685 1598 matutinum
1707 1545 2048 1614 splendorem
2070 1553 2126 1596 et

553 1633 806 1687 tenebras
833 1632 887 1686 in
922 1631 1095 1686 lucem
1155 1632 1445 1695 convertit,
1478 1648 1765 1688 mmrorem
1819 1643 1981 1700 atque
2017 1632 2122 1686 tri-

549 1721 755 1774 stitiam
788 1721 839 1774 in
867 1721 1121 1790 gaudium
1146 1720 1493 1789 laetitiamque
1519 1721 1895 1786 commutavit,
1921 1722 1973 1774 in
1995 1721 2123 1776 reli-

2225 553 2332 607 set,
2369 543 2669 610 diurnoque
2730 540 2848 608 ejus
2921 538 2998 594 rei
3064 537 3334 592 desiderio
3399 541 3584 601 teneri.
3621 553 3766 612 atque

2227 635 2408 687 animo
2430 631 2731 687 excruciari
2769 638 2986 700 propter
3016 628 3289 697 religionis
3323 629 3376 683 in
3413 645 3474 683 ea
3508 645 3562 685 re
3613 647 3767 688 muta-

2228 725 2520 788 tationem;
2553 723 2866 792 postulavit,
2900 734 2960 776 ut
3002 737 3060 776 se
3104 721 3324 775 Patrum
3358 723 3519 776 etiam
3561 728 3769 781 auctori.

2229 816 2435 871 tatibus
2476 817 2543 871 ad
2581 816 2869 870 veritatem
2916 815 3323 879 conﬁrmarent,
3353 829 3484 883 quas
3528 817 3682 871 variis
3723 821 3767 876 in

2227 908 2380 963 libris
2413 908 2748 962 invenissent
2779 924 2792 959 :
2831 906 3214 974 mandavitque
3239 919 3345 974 quo
3388 906 3437 958 in
3467 905 3579 959 loco
3607 908 3767 975 palatii

2228 1001 2524 1071 praeﬁnitus
2553 1009 2729 1054 cattus
2753 998 3125 1053 ecclesiaticus
3171 996 3454 1052 universus
3491 1010 3768 1068 cogeretur,

2225 1100 2281 1144 et
2309 1092 2374 1144 ad
2414 1091 2668 1160 populum
2705 1105 2766 1144 ea
2821 1090 2888 1142 de
2945 1105 3003 1143 re
3047 1103 3206 1157 quam
3255 1087 3589 1157 apertissime
3629 1093 3770 1145 verba

2227 1182 2454 1237 faceret.
2517 1183 2689 1235 Tanta
2766 1190 2947 1235 autem
3038 1180 3332 1234 multitudo
3391 1178 3672 1244 conﬁnxit,
3725 1192 3772 1236 ut

2228 1285 2458 1328 numero
2471 1273 2854 1341 comprehendi
2883 1287 2987 1326 non
3011 1279 3218 1340 posset.
3240 1269 3621 1325 Couveueruut
3640 1272 3765 1326 enim

2228 1381 2333 1420 non
2358 1365 2529 1419 solum
2557 1365 2654 1431 illi,
2676 1365 2766 1433 qui
2799 1375 3033 1419 mentem
3063 1379 3251 1420 sanam
3275 1364 3568 1434 impietatis
3591 1373 3770 1432 tempos

2230 1457 2380 1510 ribus
2415 1466 2826 1521 conservaram,
2855 1471 3045 1510 verum
3089 1455 3255 1509 etiam
3283 1454 3585 1524 complures
3607 1469 3668 1508 ex
3696 1455 3768 1519 iis,

2227 1546 2319 1612 qui
2374 1558 2497 1598 cum
2541 1543 2762 1613 pietatis
2818 1544 3068 1598 hostibus
3123 1550 3534 1606 consenserant,
3595 1543 3770 1610 quique

2227 1635 2550 1690 sacerdotiis
2569 1643 2624 1686 et
2657 1633 2914 1688 Ecclesiis
2941 1632 3192 1702 regendis
3228 1633 3296 1686 ab
3325 1632 3636 1701 ipsis’electi
3661 1631 3770 1701 fue-

2230 1737 2356 1781 rant
2401 1747 2414 1781 :
2467 1742 2499 1782 e
2543 1725 2878 1796 vestigioque
2927 1734 3136 1780 mutata
3197 1725 3494 1789 sententia,
3535 1738 3644 1790 eos,
3691 1723 3769 1793 qui

549 1826 652 1881 qua
680 1810 939 1864 orationis
973 1821 1126 1880 parte
1156 1811 1398 1864 breviter
1447 1811 1908 1875 demonstremus,
1937 1827 2126 1880 quem~
2159 1815 2200 1871 Β
2227 1809 2445 1873 sanctas
2502 1819 2763 1887 imagines
2802 1825 3199 1887 oppugnarent,
3237 1815 3574 1872 anathemati
3608 1815 3769 1886 subje-

548 1902 837 1955 admodnm
873 1915 1090 1955 sacrum
1141 1899 1285 1954 illius
1343 1914 1540 1969 corpus
1589 1901 1641 1954 in
1682 1901 1882 1970 regiam
1937 1902 2124 1955 urbem

474 2009 478 2012 '
550 1991 874 2046 translatum
911 1991 982 2044 sit
1013 2009 1027 2045 :
1057 1991 1157 2044 hoc
1188 1990 1335 2045 enim
1363 1991 1520 2044 nobis
1551 1991 1894 2060 potissimum
1931 2007 2125 2060 propo-

551 2097 835 2137 sueramus
875 2082 1051 2148 ;licet
1101 2082 1152 2135 in
1203 2081 1324 2136 aliis
1368 2082 1528 2136 rebus
1568 2083 1918 2136 recensendis
1952 2084 2124 2137 simus

547 2173 841 2228 immorati.

1167 2310 1397 2366 CAPUT
1437 2311 1503 2365 11.

546 2421 744 2495 Corpus
792 2425 960 2478 sancti
1027 2422 1318 2494 Nicen/tori
1363 2443 1555 2494 magna
1606 2427 1934 2481 solemnitate
1982 2425 2117 2482 Con-

940 2498 1334 2565 stantinoiiotim
1367 2502 1708 2551 translatum.

618 2673 704 2730 10.
736 2673 1096 2743 Posteaquam
1145 2677 1311 2738 enim,
1349 2675 1606 2728 defuncto
1658 2676 1964 2747 Theophilo
2025 2681 2116 2750 (Γ),

546 2769 831 2837 imperium
862 2769 929 2821 ad
955 2769 1070 2837 ejus
1101 2784 1322 2822 uxorem
1356 2768 1697 2823 Theodoram
1737 2770 1836 2839 (g),
1867 2780 1923 2824 et
1952 2772 2118 2826 ﬁlium

545 2874 734 2913 eorum
769 2858 1083 2913 Michaelem
1123 2861 1410 2912 admodum
1447 2860 1844 2915 adolescentem
1875 2865 2116 2919 delatum

543 2961 644 3012 est,
704 2951 756 3003 in
808 2950 1027 3020 pietatis
1076 2951 1317 3003 studium
1347 2965 1640 3020 curamque
1673 2955 1907 3007 maxime
1966 2958 2121 3011 incu-

545 3041 662 3094 buit
711 3041 948 3105 femina;
989 3056 1113 3095 vere
1147 3041 1238 3095 Dei
1266 3057 1494 3096 munere
1523 3044 1602 3112 (ut
1636 3060 1828 3100 nomen
1871 3046 1988 3114 ejus
2033 3049 2118 3100 in-

546 3131 709 3200 dicat)
741 3132 891 3196 data,
927 3147 990 3184 ex
1027 3132 1279 3185 omnibus
1311 3134 1588 3202 prteclaris
1619 3146 1674 3190 et
1727 3139 1943 3204 magnis
1985 3137 2118 3193 faci-

546 3221 792 3283 noribus,
849 3221 1048 3288 quibus
1102 3222 1376 3290 principes
1419 3224 1634 3291 probari
1686 3225 2118 3289 aolcnt,nul|um

544 3312 892 3379 praestantius
947 3311 1288 3375 existimans,
1320 3328 1428 3382 quo
1461 3317 1626 3369 tutius
1678 3317 1780 3370 sibi
1834 3318 2118 3387 imperium

543 3404 908 3465 conﬁrmaret,
955 3413 1050 3456 aut
1084 3404 1294 3456 virilem
1335 3407 1386 3458 in
1426 3403 1658 3459 feminea
1696 3423 1924 3476 persona
1969 3410 2122 3464 forti-

545 3493 787 3546 tudinem
835 3500 1327 3562 exerceret,qnam
1385 3494 1432 3548 si
1487 3496 1704 3563 pietatis
1735 3507 1790 3552 et
1846 3500 2121 3570 religionis

544 3580 694 3634 cultu
721 3579 888 3634 Deum
920 3581 1022 3633 sibi
1052 3582 1347 3650 propitium
1379 3583 1652 3639 redderet.
1679 3586 1733 3640 ld
1769 3597 1948 3641 autem
1975 3592 2121 3644 nullo

545 3681 704 3736 pacto
755 3668 968 3722 facilius
1006 3679 1100 3722 aut
1142 3669 1484 3724 commodius
1541 3687 1703 3740 posse
1759 3677 2115 3745 contingere,

543 3775 704 3827 quam
750 3759 795 3812 si
831 3758 1294 3826 perturbationem
1329 3761 1383 3814 in
1434 3761 1675 3816 Ecclesia
1721 3761 1928 3830 jamdiu
1973 3769 2120 3818 exci-

543 3863 706 3904 tatam
727 3855 964 3916 sedaret,
997 3861 1052 3906 et
1077 3860 1286 3919 partem
1323 3853 1376 3906 in
1409 3853 1501 3907 illa
1546 3856 1742 3909 morbo
1775 3855 2116 3911 laborantem

541 3947 825 3998 reduceret
877 3943 946 3998 ad
989 3944 1273 3999 sanitatem
1318 3962 1334 3999 :
1380 3955 1461 4013 ut,
1492 3948 1584 4015 qui
1629 3948 1772 4002 inter
1819 3963 1879 4003 se
1925 3951 2120 4004 animis

541 4045 721 4088 essem
750 4033 1064 4097 abalienati,
1085 4035 1508 4090 conciliarentur
1524 4047 1687 4106 atque
1731 4039 1872 4093 idem
1897 4043 2119 4094 omnino

542 4126 812 4178 sentirent
847 4143 861 4180 :
896 4127 976 4181 sic
1001 4127 1146 4180 enim
1173 4126 1309 4193 fore,
1343 4138 1404 4183 ut
1435 4145 1558 4185 cum
1584 4146 1689 4184 una
1709 4142 1852 4186 esset
1875 4146 2116 4186 omnium

541 4219 808 4286 sententia
829 4228 996 4286 atque
1024 4219 1163 4274 idem
1189 4235 1406 4284 sensus,
1440 4236 1569 4276 vera
1601 4223 1925 4292 sinceraque
1959 4223 2114 4290 ﬁdes,

539 4310 906 4377 apostolorum
947 4310 1276 4383 Patrumque
1320 4313 1583 4369 institutis
1625 4323 1882 4384 tanquam
1927 4315 2117 4370 solidis

542 4401 911 4456 fundamentis
943 4403 1234 4470 inhaerens,
1266 4405 1420 4458 ﬁrma
1453 4415 1616 4474 atque
1664 4407 1958 4462 immobilis
1987 4421 2117 4462 con-

540 4506 855 4549 servaretur
882 4512 895 4547 :
927 4504 983 4550 et
1010 4496 1114 4551 sibi
1155 4498 1414 4564 deinceps
1438 4497 1645 4570 imperii
1678 4500 2001 4570 gubernatio
2028 4499 2108 4553 fa-

542 4586 662 4641 cilis
698 4601 762 4640 ac
790 4588 1093 4642 tolerabilis
1131 4603 1472 4656 permanere.

617 4675 703 4727 ll.
743 4675 864 4729 Haec
891 4676 1056 4744 igitur
1091 4692 1214 4731 cum
1241 4678 1331 4731 illa
1358 4695 1482 4734 vere
1514 4681 1696 4733 animo
1737 4682 2010 4736 excellens
2047 4697 2113 4737 ae

541 4777 720 4822 mente
760 4769 912 4822 fortis
960 4769 1160 4839 Regina
1210 4771 1426 4839 ingenio
1462 4787 1561 4826 suo
1623 4776 2014 4842 excogitasset,
2058 4781 2114 4826 et

542 4859 824 4926 prudentia
868 4860 1301 4929 considerasset;
1355 4878 1414 4915 re
1472 4878 1593 4916 cum
1660 4863 1786 4926 illis,
1819 4865 1908 4932 qui
1954 4872 2116 4918 erant

542 4951 594 5002 in
629 4950 944 5016 magistratu
979 4963 1030 5006 et
1071 4954 1333 5023 dignitate
1362 4954 1660 5018 constituti,
1691 4956 2110 5020 communicata,

540 5045 774 5097 accersit
801 5060 918 5096 cum
962 5044 1090 5114 ipsis
1121 5061 1212 5099 eos
1248 5047 1337 5115 qui
1381 5047 1522 5099 inter
1561 5047 1853 5100 monachos
1885 5056 2111 5113 praesta-

541 5138 663 5188 bant
696 5176 710 5200 ,
777 5144 831 5190 et
887 5139 951 5190 de
991 5139 1283 5208 imaginum
1323 5137 1711 5191 instauratione
1758 5137 2110 5204 quaestionem

609 5405 671 5473 (1)
695 5404 821 5458 Post
837 5403 1075 5457 Leonem
1103 5407 1400 5473 Armenum
1427 5408 1487 5473 _et
1521 5399 1839 5455 Michaelem
1861 5398 2107 5460 Balbum,

540 5470 644 5527 sub
694 5491 801 5543 quo
844 5474 1184 5540 Nirephorus
1245 5472 1353 5527 vita
1420 5470 1641 5543 fuitetus
1700 5480 1816 5543 est,”
1864 5483 2113 5543 regnarat

539 5541 876 5612 'l'hcophilus
912 5543 1058 5596 Balbi
1098 5543 1262 5604 ﬁlius,
1295 5542 1595 5596 exstinctus
1647 5541 1749 5594 sub
1791 5541 1952 5593 finem
1985 5541 2112 5592 anni

537 5615 631 5667 841
670 5627 762 5669 aut
795 5615 1010 5668 initium
1045 5614 1348 5682 sequentis.

608 5687 680 5753 (gl
721 5687 778 5739 S.
821 5680 1514 5752 Theatiiirminiperatricis
1552 5683 1723 5736 Vitam
1760 5680 2028 5753 dedimus
2062 5697 2116 5734 xl

535 5751 850 5810 Februarii:
897 5758 948 5809 in
983 5769 1088 5824 qua
1143 5751 1424 5823 sequentia
1470 5755 1573 5809 late
1627 5751 1988 5823 explicantur,
2039 5755 2114 5806 uti

2139 4543 2187 4602 ι)

2227 1926 2392 1966 CCI‘UII
2404 1921 2415 1960 1
2427 1949 2440 1962 .

2296 2025 2383 2079 12.
2414 2026 2528 2092 Qua
2561 2025 2776 2095 quidem
2821 2025 2983 2078 celeri
3005 2033 3061 2077 et
3101 2023 3378 2092 insperata
3413 2038 3588 2078 rerum
3630 2038 3763 2078 com-

2227 2119 2546 2180 mutatione,
2579 2116 2837 2180 Joannes,
2861 2117 2952 2184 qui
2988 2126 3115 2169 tunc
3142 2117 3306 2183 impie
3337 2131 3530 2170 munus
3575 2115 3769 2184 pontifi-

2226 2212 2368 2264 cium
2389 2210 2830 2270 administrahat,
2863 2219 3085 2277 stupore
3107 2221 3161 2262 et
3190 2209 3386 2262 mentis
3413 2208 3634 2277 caligine
3658 2221 3768 2275 cap-

2226 2315 2332 2366 tus,
2355 2316 2546 2367 parum
2594 2300 2788 2365 abfuit,
2826 2299 2958 2368 quin
3007 2300 3110 2353 sibi
3151 2301 3266 2368 ipse
3317 2315 3508 2352 manus
3558 2297 3767 2359 aﬁerret,

2226 2408 2563 2462 mortemque
2614 2393 3001 2446 conscisceret.
3038 2390 3135 2444 llic
3169 2391 3312 2442 enim
3361 2390 3580 2443 sceleris
3633 2397 3770 2456 caput

2221 2500 2276 2542 ct
2309 2503 2516 2543 summa
2555 2485 2732 2539 fuerat
2771 2501 2784 2540 :
2825 2483 2917 2554 qui
2952 2499 3072 2538 cum
3113 2483 3274 2552 impie
3303 2481 3547 2547 sentiret,
3571 2491 3623 2534 et
3649 2480 3770 2548 apud

2225 2585 2602 2650 imperatorem
2659 2581 2984 2633 auctoritate
3026 2585 3210 2646 posset
3259 2586 3421 2630 antea
3471 2575 3769 2644 pluriumm,

2222 2684 2344 2721 eum
2389 2668 2684 2720 mendaciis
2715 2678 2771 2720 et
2838 2666 2978 2720 dolis
3029 2666 3373 2733 impudenter
3429 2664 3770 2718 inconsidera-

2224 2768 2381 2825 teqne
2403 2759 2674 2819 confictis,
2705 2757 2759 2809 in
2795 2755 3429 2823 impietatisbarathrum
3468 2752 3765 2822 impellebat.

2223 2847 2298 2901 Eo
2340 2850 2502 2911 igitur
2529 2859 2748 2916 propter
2787 2846 3010 2914 ﬁagitia,
3039 2861 3159 2914 quae
3201 2846 3251 2898 in
3281 2845 3452 2900 Deum
3484 2845 3766 2902 admiserat,

2223 2956 2328 2993 uno
2370 2940 2612 2994 omnium
2654 2954 2922 2993 consensu
2960 2948 3014 2992 et
3066 2938 3278 2992 cunctis
3315 2948 3428 2991 tum
3472 2941 3768 3004 magnorqu

2223 3034 2658 3099 imperatorum,
2719 3039 2832 3084 tum
2902 3031 3144 3083 universi
3210 3039 3390 3085 coetus
3445 3026 3771 3084 ecclesiastici

2221 3125 2517 3194 suffragiis,
2575 3140 2604 3176 a
2663 3139 2816 3177 sacra
2871 3125 3002 3176 sede
3056 3137 3180 3176 cum
3248 3123 3548 3192 ignominia
3599 3123 3769 3188 eiecto,

2145 3179 2189 3236 ο
2223 3179 2625 3283 Μυιιιουιιὶυέυο)
2659 3217 2741 3268 vir
2763 3223 2817 3267 et
2846 3214 2953 3268 vita
2987 3224 3042 3267 et
3067 3179 3312 3268 doctrinva
3342 3214 3498 3269 valde
3521 3179 3771 3283 probatus,

2218 3320 2274 3362 et
2310 3308 2404 3377 qui
2461 3321 2558 3377 pro
2602 3308 2835 3360 veritate
2878 3316 2935 3360 et
2982 3305 3242 3376 religione
3299 3307 3568 3375 permulta
3614 3313 3772 3360 certa-

2221 3401 2365 3454 mina
2419 3412 2475 3453 et
2513 3398 2732 3467 longum
2780 3397 3034 3452 cxsilimn
3095 3396 3417 3465 pertulerat,
3463 3405 3624 3468 atque
3667 3396 3774 3450 inde

2218 3487 2392 3556 plagis
2425 3495 2482 3540 et
2530 3499 2756 3540 carcere
2797 3486 2888 3538 ditt
2929 3486 3208 3539 cruciatus
3255 3486 3516 3550 redierat,
3545 3485 3772 3542 omnibus

2219 3579 2273 3631 in
2331 3578 2596 3647 dignitate
2651 3577 2963 3631 constitutis
3037 3576 3520 3645 approbantibus,
3589 3577 3772 3632 electus

2218 3680 2338 3732 est,
2395 3671 2486 3740 qui
2539 3684 2750 3725 sacram
2803 3669 3004 3737 reginae
3065 3669 3280 3724 urbium
3323 3670 3568 3726 civitatis
3611 3668 3770 3724 sedem

2218 3763 2514 3818 obtineret.

2293 3854 2380 3908 15.
2403 3852 2554 3906 Tunc
2579 3852 2773 3908 Nicaeae
2805 3848 3101 3906 secundum
3127 3852 3394 3910 divinitus
3421 3855 3646 3910 electum
3669 3865 3772 3906 san-

2227 3956 2373 3999 ctum
2403 3944 2798 3999 oecumenicum
2828 3945 3145 4010 concilium,
3172 3947 3316 4014 quod
3344 3945 3515 4002 lrenae
3535 3946 3593 4016 (ὅ)
3624 3945 3773 4012 impe-

2219 4036 2457 4102 ratricis,
2477 4050 2664 4090 verum
2686 4037 2754 4090 ab
2778 4039 2893 4105 ipsa
2923 4052 3058 4104 pace
3085 4051 3282 4093 nomen
3303 4040 3578 4103 habentis,
3610 4049 3662 4091 et
3682 4034 3771 4088 Ta-

2220 4128 2346 4181 rasii
2381 4127 2598 4181 maximi
2631 4127 3041 4196 beatissimique
3063 4130 3392 4196 patriarcha:
3445 4131 3623 4184 studio
3640 4127 3765 4180 σειρ-

2218 4221 2558 4285 bratumest,
2586 4220 2782 4274 merito
2810 4221 3024 4274 ﬁrmam
3049 4222 3289 4275 obtinuit
3316 4223 3687 4277 auctoritatem
3717 4229 3772 4268 ac

2219 4312 2416 4376 robur;
2449 4327 2577 4376 cum
2626 4327 2838 4376 onmes,
2873 4327 3016 4381 quae,
3057 4313 3165 4367 Deo
3223 4313 3528 4380 aspirante,
3573 4314 3625 4365 in
3671 4311 3772 4378 ipso

2217 4404 2436 4458 decreta
2493 4402 2727 4468 fuerant,
2761 4404 3199 4470 comprobarent.
3248 4401 3404 4459 Tunc
3447 4419 3634 4459 omnes
3687 4401 3772 4452 Ec-

2216 4496 2395 4550 clesiae
2426 4510 2582 4549 suum
2618 4495 2817 4564 ubique
2859 4495 3024 4549 decus
3057 4507 3404 4564 receperunt,
3434 4505 3488 4549 ct
3515 4491 3772 4554 venerabi-

2220 4588 2348 4642 lium
2398 4587 2691 4656 imaginum
2738 4587 3022 4655 splendore
3057 4585 3275 4640 fuerunt
3317 4584 3774 4648 'illustratnncjc-

2221 4682 2433 4748 ctisque
2460 4678 2590 4742 illis,
2618 4678 2713 4747 qui
2763 4692 2859 4732 eas
2893 4677 3104 4732 nefarie
3139 4679 3569 4742 insectabantur,
3609 4688 3774 4732 sacer-

2221 4773 2376 4828 dotes
2410 4773 2462 4826 in
2491 4773 2572 4827 eis
2604 4786 2666 4825 ac
2695 4771 2882 4838 duces,
2920 4771 3050 4826 recti
3085 4771 3356 4841 dogmatis
3381 4771 3630 4836 studiosi,
3663 4774 3776 4822 sunt

2220 4863 2521 4919 constituti.

2291 4954 2383 5010 14.
2415 4953 2783 5020 Quadriennio
2809 4955 2971 5026 igitur
3003 4964 3126 5025 post
3201 4951 3604 5007 sacratissimus
3673 4947 3774 5000 Me-

2220 5047 2456 5108 thodius,
2501 5047 2683 5100 divino
2733 5049 2892 5115 plane
2950 5047 3143 5116 spiritu
3189 5046 3474 5115 impulsus,
3496 5050 3776 5114 opportune

2224 5138 2614 5206 sapienterque
2692 5139 2932 5193 divinam
2990 5137 3393 5208 imperatricem
3453 5137 3774 5191 Theodoram

2218 5411 2272 5454 et
2303 5404 2512 5457 scelera
2551 5402 2742 5457 Jaunis
2774 5418 2870 5459 seu
2892 5403 3119 5460 Joannis
3151 5403 3503 5474 patriarchae.

2293 5473 2365 5540 (In
2434 5474 2668 5526 Sanctus
2695 5475 3000 5529 Methodius
3048 5471 3244 5530 colitur
3279 5475 3344 5530 14
3373 5471 3544 5539 Junii,
3585 5476 3782 5528 creatus

2223 5545 2530 5609 patriarcha
2560 5560 2706 5597 anno
2733 5547 2859 5600 842.

2295 5614 2356 5680 (i)
2387 5615 2653 5668 Coluntur
2674 5625 2859 5668 sancta
2897 5614 3050 5671 Irene
3090 5615 3406 5685 imperatrix
3437 5616 3504 5671 13
3550 5606 3782 5683 Augusti,

2223 5691 2277 5737 et
2304 5694 2525 5739 sanctus
2550 5685 2805 5740 Tarasius
2826 5687 2897 5739 25
2926 5687 3229 5742 Februarii.

2479 5877 2496 5882 ,
2519 5864 2563 5886 έν,
3189 5876 3196 5880 .
3275 5865 3368 5880 .3..-
3405 5873 3410 5876 ι
