3978 6452
513 342 610 407 167
1501 337 1561 393 S.
1602 332 2026 394 NICEPI—IORI
2068 331 2612 392 PATRIARCILE-
2633 331 2735 389 CP.
3654 327 3770 392 169.

511 463 695 522 pector
730 457 781 501 ct
841 445 1271 513 contemplator;
1330 457 1363 496 ο
1395 443 1564 496 divini
1611 453 1872 509 aspectus
1925 453 2083 512 atque
2117 447 2160 500 Α
2191 451 2296 493 tem
2331 440 2599 498 instituta,
2635 437 2802 488 variis
2830 436 2881 487 iu
2907 435 3056 488 libris
3107 449 3134 487 a
3184 445 3235 487 te
3296 435 3484 489 relicta
3531 437 3744 508 perlegi-

509 537 813 608 spleudoris
846 536 1015 604 gloria
1043 536 1258 588 abunde
1303 543 1521 602 prapter
1557 534 1754 586 utentis
1788 533 2082 600 puritatem

512 630 806 694 illustrate;
836 641 868 680 ο
894 626 1337 694 patriarcharum
1365 635 1527 694 atque
1550 625 1862 693 pontiﬁcum
1907 625 2084 677 socie-

509 718 634 770 tatis
696 714 988 784 particeps,
1016 713 1108 783 qui
1163 722 1218 768 et.
1269 714 1483 768 nomine
1520 723 1574 767 et
1632 727 1697 766 re
1752 711 1912 766 simul
1959 728 2082 766 cum

509 804 617 858 illis
645 803 893 857 victoriae
924 802 1198 872 prazconia
1233 811 1288 857 et
1315 801 1560 872 praemia,
1589 803 1848 856 :erumnis
1877 809 1932 856 ct
1984 817 2077 868 pe-

508 892 699 948 riculis
723 891 1020 960 superatis,
1063 891 1356 960 percepisti
1388 905 1404 943 :
1432 889 1648 958 suscipe
1682 891 1910 960 benigne
1967 891 2081 943 siu-

509 988 620 1043 ceri
643 987 823 1043 cordis
852 1001 980 1056 erga
1034 994 1086 1039 te
1145 985 1300 1038 [idem
1329 993 1385 1039 et
1409 982 1774 1047 aﬁectiouem,
1811 980 2082 1035 vicissim-

509 1094 614 1146 que
641 1087 763 1132 tuas
787 1091 887 1146 pro
915 1076 1074 1131 nobis
1101 1075 1167 1129 ad
1227 1074 1394 1128 Deum
1423 1088 1589 1142 puras
1622 1083 1907 1140 castasque
1950 1085 2080 1139 preo

509 1183 600 1222 ces
625 1169 822 1222 exhibe
871 1184 886 1220 :
927 1174 987 1220 ut
1045 1164 1291 1220 Ecclesia
1344 1172 1540 1218 sancta
1589 1165 1640 1216 iu
1693 1161 2082 1230 tranquillitate

506 1269 776 1324 versetur,
807 1270 862 1313 et
893 1257 1257 1327 ﬁdesinlegra
1287 1256 1647 1311 custodiatur.
1675 1254 1730 1308 In
1755 1261 2080 1323 perpetuum

509 1351 665 1405 nobis
709 1350 882 1404 Deum
917 1349 1215 1420 propitium
1261 1348 1452 1413 redde,
1481 1355 1536 1402 et
1571 1361 1691 1410 nos,
1738 1347 1831 1416 qui
1886 1346 2082 1416 jucun-

507 1441 732 1497 dissima
768 1450 856 1497 tua
893 1447 1272 1508 monumenta,
1303 1441 1394 1510 qui
1444 1438 1808 1510 pulcherrima
1843 1437 1912 1494 ad
1943 1436 2084 1494 salu-

2190 545 2334 593 mtts,
2378 528 2431 581 in
2479 537 2624 582 recta
2661 527 2975 596 dogmatum
3017 525 3260 579 doctrina
3298 529 3484 580 lirmos
3517 529 3744 582 immobi-

2191 618 2379 684 lesque
2417 631 2686 671 conserva
2744 625 2798 668 et
2846 616 2897 667 in
2928 617 3074 668 omni
3136 625 3446 685 temporum
3498 618 3743 673 varietate

2188 718 2544 764 constantes:
2593 716 2651 762 ut
2694 721 2912 761 omnem
2971 707 3236 774 reliquam
3289 709 3457 760 vitam
3517 711 3747 778 exetuplo

2190 813 2281 856 tuo
2307 811 2496 856 sancte
2558 800 2948 868 transigamus,
3007 809 3065 852 ut
3108 800 3217 854 Deo
3276 800 3429 854 cbari
3489 801 3672 866 simus,
3700 813 3748 857 et

2189 893 2484 962 quaejustis
2514 893 2775 960 promissa
2809 901 2957 956 sunt,
2983 892 3122 945 bona
3148 907 3576 959 consequamur,
3620 894 3748 948 illius

2191 984 2568 1038 misericordia
2621 998 2687 1037 ac
2738 999 2984 1048 munere,
3032 983 3122 1052 qui
3179 993 3404 1053 propter
3452 999 3548 1037 nos
3598 984 3746 1039 lmmo

2193 1075 2333 1138 ﬁeri,
2363 1083 2417 1129 et
2445 1090 2612 1133 carne
2661 1075 2884 1130 indutus
2915 1076 3088 1129 videri
3136 1091 3240 1128 non
3283 1083 3368 1130 est
3426 1075 3746 1145 dedignatus,

2189 1165 2436 1221 Christus
2467 1165 2606 1220 Deus
2643 1177 2828 1220 uoster
2859 1183 2872 1221 :
2922 1166 3015 1236 qui
3051 1167 3318 1222 colendus
3359 1174 3415 1222 et
3456 1167 3748 1221 adorandus

2188 1267 2274 1312 est
2301 1273 2423 1312 cum
2456 1257 2638 1323 Patre,
2668 1259 2760 1327 qui
2794 1265 2878 1313 est
2925 1267 3052 1314 ante
3097 1258 3448 1328 principium,
3480 1267 3536 1313 et
3581 1258 3747 1312 divino

2192 1345 2423 1416 Spiritu,
2449 1347 2543 1414 qui
2566 1356 2650 1402 est
2680 1347 2924 1417 ejusdem
2949 1362 3073 1403 cum
3111 1347 3220 1402 illis
3247 1348 3523 1417 essentia,
3549 1357 3747 1403 auctor-

2191 1453 2298 1512 que
2334 1439 2458 1496 vittn
2495 1440 2547 1495 in
2584 1439 2778 1498 saecula
2807 1439 3149 1498 saeculorum.
3177 1439 3374 1496 Amen.
