3978 6424
457 295 553 364 1'71

449 503 871 573 dispensareque
895 501 1129 566 valeam,
1157 501 1252 555 sed
1276 500 1367 568 qui
1398 500 1626 553 aliorum
1651 498 2014 554 moderamine

447 599 613 662 atque
643 582 937 645 directione
966 590 1122 660 plane
1154 590 1457 659 indigeam;
1498 603 1625 643 sum
1650 589 1794 642 enim
1825 589 2013 642 admo-

447 683 575 737 dum
616 681 874 750 exiguus,
922 695 1049 734 vere
1085 680 1323 734 omnium
1369 679 1621 742 inﬁmus,
1665 686 1719 731 et
1761 679 1863 731 hac
1901 685 2012 732 tam

445 775 704 842 prmelara
735 784 881 829 sorte
906 781 1163 842 tantaque
1190 771 1465 825 iunctione
1492 771 1706 839 penitus
1738 771 2008 840 indignus,

444 877 500 921 c‘t
524 866 751 937 proinde
779 864 1043 928 Ecclesia,
1066 878 1183 931 quae
1210 863 1398 916 domus
1428 860 1522 913 Dei
1551 861 1617 913 ah
1640 859 1896 928 Apostolo
1922 861 2014 916 de-

445 957 650 1022 ﬁnitur,
674 955 878 1011 homini
908 963 1111 1008 naturae
1137 966 1307 1019 usque
1336 952 1470 1004 adeo
1496 949 1723 1003 infirmae
1752 965 1815 1004 ac
1844 951 2013 1005 imbe-

444 1046 602 1112 cillis,
628 1046 1038 1112 divinarumque
1064 1042 1439 1113 purgationum
1465 1040 1729 1095 beneﬁcio
1754 1040 2010 1109 majorem

442 1136 500 1190 in
546 1142 754 1204 partem
801 1133 974 1187 adhuc
1025 1133 1277 1187 destituto
1308 1129 1398 1201 (ne
1438 1131 1567 1199 quid
1610 1130 1752 1185 aliud
1794 1133 2011 1199 gravius

442 1223 641 1297 dicam)
677 1224 820 1278 nulla
864 1224 1071 1277 ratione
1116 1222 1379 1278 committi
1425 1221 1721 1286 debuerat;
1772 1222 1865 1276 sed
1910 1237 2010 1277 nec

441 1331 540 1388 ego
568 1330 801 1385 quoque,
832 1328 956 1370 cum
985 1312 1360 1380 memetipsum
1392 1325 1577 1381 regere
1605 1317 1834 1381 apteque
1863 1327 2010 1366 com-

437 1419 639 1477 ponere
677 1406 906 1461 necdum
944 1403 1077 1457 satis
1106 1401 1421 1467 didicerim,
1467 1415 1641 1469 neque
1670 1401 1793 1454 vilia
1834 1401 1923 1455 illa
1956 1409 2011 1456 et

438 1502 656 1547 terrena
700 1492 831 1547 satis
869 1490 1048 1544 adhuc
1075 1488 1445 1557 despexerim,
1489 1489 1789 1542 animarum
1822 1503 2007 1542 curam

436 1584 987 1653 gubernationemque
1038 1581 1315 1650 suscipere
1365 1579 1636 1635 ullatenus
1684 1581 2003 1645 debueram,

1470 308 1533 369 S.
1573 308 1993 370 NICEPHORI
2035 309 2541 377 PATRIARCILE
2575 312 2685 373 CP.

517 414 590 485 At
614 426 744 470 vero
777 428 877 484 ego
901 420 1012 466 non
1045 411 1094 467 is
1129 426 1246 466 sum
1275 410 1365 479 qui
1396 410 1583 465 isthtec
1611 412 1710 465 rite
1738 412 2003 465 moderari
2031 418 2085 473 Α

2177 412 2298 485 ἐγὼ
2341 414 2395 468 δὲ
2434 416 2615 472 ού’τῶν
2643 424 2918 494 οἰκονομεῖν
2944 427 3024 480 καὶ
3060 427 3235 482 ἰθύνειν
3263 435 3425 486 ταῦτα
3466 430 3667 499 διδυη-

2112 507 2287 573 μένων,
2328 514 2427 563 τῶν
2474 506 2527 562 δέ
2567 512 2921 581 οἰκονομεῖσθαι
2966 518 3051 567 καὶ
3094 513 3308 588 ἄγεσθαι
3350 517 3666 593 δεδεημάνων,

2111 601 2491 671 μεμοιραμένος⁶
2539 601 2711 660 ἐπειδή
2751 607 2964 678 σμικρός
3005 604 3167 678 ἄγαν,
3211 612 3291 663 και
3329 618 3428 665 τῶν
3474 613 3667 671 πάντων

2111 688 2404 776 ἆλὸιχιστος,
2437 694 2529 776 καὶ⁴
2568 692 2867 753 τηλικαύτης
2907 697 3161 769 εὐμοιρίας
3206 699 3421 767 πάμπαν
3462 702 3545 756 καὶ
3588 706 3668 758 εύ-

2110 775 2309 851 κληρὶας
2346 780 2758 850 ἀπολειπόμενος,
2801 787 2880 837 καὶ
2923 783 3006 839 διὰ
3046 793 3207 842 ταῦτα
3250 786 3361 843 οὐδέ
3390 790 3666 848 Ἐκκλησίαν

2108 870 2461 935 πιστεύεσθαι,
2504 872 2616 930 ἥτις
2660 872 2792 926 ἐστὶν
2838 874 3183 934 ἀποστολικῶς
3234 872 3550 942 οἶκος’Θεοῦ,
3589 882 3668 956 βι-

2112 955 2432 1027 ϐουλημὲνος,
2476 967 2548 1031 τῷ
2594 959 2868 1043 ἁνισχύρῳ
2907 965 2993 1017 καὶ
3034 965 3326 1036 νωθεστέρῳ
3361 955 3664 1042 [νοθεστὲρῳ]

2109 1056 2201 1108 τῆς
2242 1052 2461 1120 φύσεως.
2490 1056 2672 1126 καὶτῷ
2723 1054 2935 1111 ἐνδέοντι
2974 1066 3067 1117 τῆς
3104 1066 3205 1113 τῶν
3244 1061 3503 1137 θειοτέρων
3550 1071 3666 1135 μυή-

2109 1161 2259 1200 σεως.
2285 1139 2414 1214 ᾗπερ
2450 1146 2612 1197 εἰπεῖν
2651 1146 3039 1220 ἀναγκαιότερον
3070 1149 3153 1221 [ἧς
3193 1170 3290 1223 περ
3333 1156 3494 1207 εἰπεῖν
3526 1157 3667 1212 obm-

2099 1228 2314 1303 ότερον]⁶
2378 1230 2456 1289 ότι
2485 1241 2555 1306 μὴ
2583 1237 2649 1290 τά
2675 1236 2855 1291 ἑαυτοῦ
2896 1232 2950 1291 εὖ
2977 1240 3200 1307 θέμενος,
3223 1240 3349 1312 μηδὲ
3376 1249 3471 1296 τῶν
3491 1264 3662 1301 ταπει-

2105 1329 2201 1374 νῶν
2230 1327 2327 1379 καὶ
2354 1326 2687 1394 χαμαιζήλων
2715 1326 3040 1400 ὑπερκύψας,
3068 1328 3179 1384 ούδὲ
3227 1329 3417 1401 ψυχῶν
3444 1353 3664 1406 προστα-

2108 1413 2223 1466 σίαν
2248 1417 2334 1468 καὶ
2370 1415 2647 1484 ἐπιμέλειαν
2697 1415 2894 1486 εἱλόμην
2937 1412 2998 1469 ἄν
3041 1418 3416 1494 ἐγχειρίζεσθαι
3448 1425 3664 1480 πώποτε·

2107 1508 2136 1539 ⁸
2161 1499 2233 1563 οἷς
2261 1505 2361 1578 γὰρ
2393 1511 2485 1564 τῆς
2523 1511 2623 1560 τῶν
2661 1506 2850 1560 οἰκείων
2880 1506 3113 1567 σπουδῆς
3148 1510 3204 1560 ού
3251 1511 3523 1577 μεθέστηκε
3557 1512 3666 1580 βελ-

2104 1595 2352 1656 τιώσεως,
2389 1595 2558 1669 σχολῇ
2585 1592 2632 1667 γ’
2647 1590 2704 1648 ἂν
2731 1591 2871 1649 οὗτοι
2899 1598 2964 1651 τὰ
2992 1604 3091 1651 τῶν
3134 1599 3290 1657 πέλας
3318 1592 3372 1651 εὖ
3415 1599 3666 1658 διαθέσθαι

435 1689 562 1729 cum
591 1673 670 1728 illi
699 1688 944 1743 quoque,
986 1671 1077 1741 qui
1115 1669 1467 1740 amplioribus
1508 1678 1564 1724 et
1602 1670 1766 1724 animi
1800 1678 1854 1728 et
1887 1685 2006 1724 cor-

2106 1683 2516 1743 εγανωθήσονται.
2546 1691 2635 1741 Καὶ
2664 1687 2769 1758 ἅμα
2795 1699 2886 1750 τῆς
2914 1689 3107 1765 δωρεᾶς
3136 1693 3321 1752 ἐκείνης
3347 1698 3429 1746 καὶ
3458 1697 3668 1766 χάριτος

441 1765 582 1828 poris
622 1740 781 1819 bonis
820 1740 1076 1817 cumulati
1121 1768 1284 1825 sunt,
1333 1762 1813 1815 administrationis
1843 1760 2002 1829 hujus

2304 1740 2311 1741 κ
2484 1740 2496 1743 -
2590 1740 2631 1741 η
2698 1740 2768 1758 Γ--
2804 1740 2879 1750 --..
2920 1740 3102 1765 νην--.
3138 1740 3313 1752 "mw.
3458 1740 3660 1766 κτ---υ

2107 1771 2301 1834 ἀνάξιον
2343 1773 2521 1828 ἔαυτόν
2566 1779 2744 1849 κρίνων
2786 1783 2870 1832 καὶ
2912 1780 3254 1852 λογιζόμενος,
3298 1786 3382 1837 καὶ
3423 1781 3584 1856 ὄφελόν
3611 1806 3666 1857 γε

436 1851 599 1905 ﬁnem
628 1866 768 1920 aegre
796 1851 1082 1905 admodum
1122 1850 1381 1917 consequi
1408 1849 1638 1903 valeant.
1687 1850 1759 1903 At
1795 1858 2006 1917 postea-

432 1956 593 2010 quam
623 1940 789 1995 semel
832 1942 899 1995 ad
942 1956 1137 1995 munus
1166 1942 1300 2005 hoc,
1349 1955 1454 2009 quo
1482 1955 1696 2008 semper
1726 1941 2001 2010 indignum

431 2045 520 2087 me
564 2029 799 2099 iudicavi
854 2038 910 2085 et
961 2030 1258 2085 etiamnum
1306 2029 1533 2098 judico,
1581 2038 1800 2084 evectus
1843 2045 2001 2092 sum.

431 2119 671 2187 utinam,
722 2120 947 2176 si.illud
973 2120 1327 2175 beatitudinis
1358 2120 1590 2187 elogium
1637 2133 1745 2173 non
1785 2120 2004 2179 omnino

429 2227 762 2281 promerear,
811 2226 877 2266 eo
923 2211 1110 2265 saltem
1151 2210 1515 2264 calamitatum
1555 2208 2004 2277 miseriarumque

428 2316 543 2357 non
566 2303 866 2368 deveniam,
888 2312 948 2355 ut
968 2315 1222 2371 perverso
1244 2301 1625 2369 obstinatoque
1651 2300 1816 2355 animi
1842 2306 2003 2355 sensu

432 2408 464 2448 a
504 2393 829 2448 rectitudine
868 2394 1209 2457 abstractus,
1263 2393 1564 2462 oppositam
1607 2402 1812 2447 sortem
1836 2432 1851 2458 ,
1899 2391 2003 2449 hoc

428 2490 517 2538 est
543 2483 763 2552 maligni
808 2483 952 2539 illius
998 2484 1141 2539 servi
1182 2482 1389 2537 cladem
1431 2481 1809 2552 fortunamque
1841 2493 2020 2552 expe-i

430 2573 545 2627 riar
583 2573 603 2645 (
632 2574 722 2628 hic
748 2573 891 2628 enim
922 2588 1043 2629 cum
1077 2574 1302 2643 ignaviae
1332 2574 1862 2643 intemperantiasque
1883 2570 2006 2639 plu-

429 2662 630 2718 rimum
672 2663 950 2732 indulgens
988 2663 1192 2717 domini
1236 2663 1525 2716 adventum
1557 2661 1891 2732 negligeret,
1942 2666 2001 2713 et

429 2764 650 2821 gravem
696 2758 959 2819 prazterea
1005 2749 1505 2820 intolerabilemque
1548 2750 1661 2804 suis
1706 2764 1825 2803 sese
1873 2764 2002 2803 con-

412 2839 608 2899 .servis
653 2841 967 2905 exhiberet,
997 2847 1051 2896 et
1079 2855 1204 2895 cum
1248 2839 1474 2895 ebriosis
1503 2838 1885 2895 commercium
1913 2853 2002 2893 so-

428 2934 792 3003 cietatemque
816 2933 1074 2998 haberet,
1113 2933 1397 3001 repentino
1426 2930 1628 2986 domini
1656 2932 1739 2985 sui
1768 2931 1999 2985 adventu

429 3025 661 3092 divisus,
702 3026 1055 3096 eamdemque
1081 3040 1202 3080 cum
1236 3023 1534 3093 hypocritis
1559 3032 1768 3091 partem
1798 3021 1852 3075 in
1885 3020 1995 3076 sul-

428 3118 638 3185 phureo
665 3123 856 3185 stagno
885 3115 1112 3169 sortitus
1143 3110 1383 3184 legitur),
1410 3119 1505 3165 aut
1528 3119 1677 3165 certe
1706 3109 1881 3174 illius,
1908 3109 1998 3177 qui

428 3219 550 3258 cum
583 3194 1154 3272 talentumacceptum
1185 3200 1491 3264 defodisset,
1523 3208 1579 3254 et
1607 3199 1707 3254 sub
1738 3207 1884 3253 terra
1911 3213 2003 3254 oc-

426 3293 706 3359 culuisset,
735 3291 927 3348 acerbe
958 3292 1308 3363 graviterque
1335 3298 1619 3345 accusatus
1639 3324 1655 3354 ,
1690 3304 1799 3344 non
1828 3288 2001 3343 solum

430 3391 611 3450 lenus,
634 3391 691 3439 et
716 3382 846 3437 illud
873 3381 1290 3450 multiplicatum
1319 3378 1642 3451 postulatur,
1670 3389 1855 3431 verum
1886 3376 2002 3446 ipso

426 3487 643 3545 quoque
668 3473 885 3544 capitali
921 3470 1284 3542 despoliatus,
1328 3470 1382 3524 in
1420 3470 1673 3524 tenebras
1707 3466 2003 3521 exteriores

428 3562 684 3632 abjicitur
714 3561 930 3636 (Matth.
964 3560 1113 3632 xxv).
1165 3559 1385 3616 Utinam
1430 3558 1486 3613 in
1535 3558 1731 3612 horum
1777 3570 2002 3614 numero

431 3666 539 3707 non
569 3650 836 3717 inveniar,
862 3664 1037 3720 neque
1067 3651 1122 3702 in
1151 3647 1456 3717 exemplum
1486 3645 1922 3714 derisionemque
1948 3652 2004 3699 et

431 3740 626 3812 capitis
670 3741 963 3795 motionem
995 3737 1245 3793 omnibus
1296 3735 1630 3790 intuentibus
1674 3734 1999 3802 propositus,

430 3830 501 3887 ab
528 3826 701 3900 eoque
737 3828 829 3899 qui
858 3828 1041 3884 omnia
1075 3835 1258 3881 nostra
1308 3825 1461 3879 novit
1505 3831 1560 3879 et
1603 3831 1878 3878 scrutatur
1918 3836 2004 3879 re-

431 3922 689 3992 dargutus
717 3928 773 3975 et
800 3916 1212 3979 condemnatus,
1240 3916 1459 3973 meritas
1498 3914 1804 3982 iniquarum
1834 3911 2003 3972 actio-

431 4024 562 4067 num
590 4025 780 4082 ptenas
804 4010 932 4066 olim
956 4007 1234 4063 exsolvere
1263 4004 1569 4074 compellar,
1608 4000 1689 4058 ita
1726 4012 1785 4056 ut
1831 4001 1867 4056 ii
1909 4002 2003 4070 qui

431 4103 492 4157 in
523 4103 730 4157 similes
757 4101 897 4157 forte
936 4114 1105 4155 noxas
1139 4097 1340 4167 lapsuri
1381 4102 1568 4160 erant,
1608 4108 1729 4148 meo
1756 4091 2002 4161 exemplo

432 4193 801 4263 supplicioque
831 4190 1088 4245 admoniti
1132 4204 1163 4242 a
1205 4187 1406 4242 scelere
1441 4201 1498 4241 se
1535 4186 1885 4248 contineant,
1920 4182 1999 4234 vi-

437 4295 650 4351 tamque
675 4282 969 4351 corrigant.
1870 4287 1876 4294 ·

503 4373 766 4441 Quoniam
794 4386 925 4441 ergo
953 4370 1062 4423 Deo
1086 4367 1432 4437 permittente
1468 4372 1523 4419 et
1560 4361 1881 4417 connivente
1914 4358 2002 4428 ju-

435 4478 562 4535 gum
586 4462 730 4517 istud
756 4461 927 4526 subii,
966 4472 1316 4529 praesensque
1362 4454 1721 4510 ministerium
1749 4458 1805 4505 et
1831 4450 2001 4504 famu-

435 4555 602 4609 latum
631 4553 796 4608 invite
812 4567 886 4637 ρο
909 4558 1121 4605 tantum
1158 4564 1263 4602 non
1294 4563 1391 4617 per
1415 4547 1524 4600 vim
1556 4542 1798 4611 suscepi,
1829 4539 2002 4609 qualis

438 4644 572 4700 mihi
596 4644 750 4697 annis
778 4630 925 4696 retro
960 4641 1095 4695 actis
1123 4638 1326 4693 functio
1353 4637 1583 4705 vitaeque
1611 4633 1749 4687 ratio
1776 4630 2000 4685 exstite-

438 4735 539 4797 rit,
583 4729 1031 4802 quemadmodum
1066 4728 1321 4783 omnibus,
1342 4722 1726 4795 propemodum
1761 4734 2004 4787 comper-

441 4831 555 4878 tum
590 4828 703 4885 est,
751 4810 990 4875 breviter
1015 4810 1314 4885 expediam.
1366 4814 1552 4881 Itaque
1590 4810 1710 4864 aliis
1741 4808 1884 4862 aliud
1922 4814 2007 4865 est

440 4912 675 4968 studium
702 4922 941 4979 Opusque
970 4905 1144 4975 majus
1177 4903 1263 4958 vel
1303 4901 1479 4956 minus
1501 4940 1516 4966 ,
1563 4905 1723 4967 prout
1753 4896 2003 4950 uniuscu-

435 5003 630 5073 jusque
649 4999 755 5055 fert
778 4997 964 5064 libido,
987 5004 1041 5051 et
1067 4995 1241 5065 quivis
1263 4992 1405 5063 quod
1430 4988 1772 5059 profuturum
1800 4993 2000 5053 sperat,

442 5103 630 5163 suopte
673 5090 939 5146 arbitratu
986 5087 1089 5143 sibi
1134 5085 1301 5156 eligit.
1361 5077 1818 5163 Quemadmodum
1859 5076 2003 5129 enim

441 5158 606 5241 variae
634 5181 909 5238 hominum
944 5185 1070 5236 sunt
1108 5173 1387 5231 sententiae
1407 5212 1422 5237 ,
1460 5158 1715 5245 variaque
1744 5163 1965 5219 consilia
1985 5202 2001 5227 ,

445 5278 667 5331 diversae
709 5272 777 5327 ad
822 5272 938 5327 haec
973 5261 1385 5324 consuetudines
1428 5268 1484 5316 et
1507 5273 1706 5322 mores,
1739 5256 1813 5309 ita
1842 5254 2005 5308 etiam

444 5365 732 5419 electiones
758 5361 1002 5430 ritusque
1028 5355 1244 5419 vivendi
1270 5351 1439 5406 variis
1475 5348 1647 5403 modis
1674 5346 1817 5399 inter
1839 5357 1897 5397 se
1923 5355 2009 5396 se-

447 5461 760 5519 cernuntur,
784 5460 841 5508 et
864 5446 1258 5522 quodammodo
1286 5444 1354 5499 ad
1379 5440 1696 5497 inﬁnitatem
1720 5435 2005 5506 quamdam

520 5641 546 5671 ι
567 5629 646 5685 Ex
669 5629 850 5686 codice
871 5621 1099 5693 Siguieri
1110 5636 1211 5678 ano
1228 5616 1595 5689 supplevimus
1619 5626 1738 5683 qua;
1761 5611 2003 5665 deerant.

2106 1862 2174 1920 ὡς
2216 1854 2273 1913 ού
2298 1866 2384 1915 τοῦ
2423 1871 2750 1937 μακαρισμοῦ
2799 1869 2984 1922 ἐκείνου
3028 1868 3187 1934 ἄξιος,
3217 1854 3477 1942 μηδϊτού
3514 1854 3668 1935 ἅθλιος

2104 1946 2227 2005 εἶναι
2253 1956 2334 2007 καί
2367 1955 2712 2018 ταλανίζεσθειι
2747 1955 2955 2021 δίκαιος,
2988 1957 3115 2028 μηδέ
3158 1969 3248 2022 τῆς
3280 1962 3533 2015 ἅντιθέτου
3560 1967 3667 2032 μοίο

2103 2064 2216 2119 ρας,
2246 2048 2329 2100 καὶ
2351 2054 2440 2101 τοῦ
2466 2048 2763 2103 ύπεναντίου
2792 2055 3099 2123 φρονήματος
3128 2054 3312 2107 ἐκείνου
3336 2061 3427 2109 τοῦ
3452 2061 3664 2128 πονηροῦ

2102 2139 2183 2188 καὶ
2212 2138 2495 2213 κακούργιου
2537 2137 2738 2204 δούλου,
2771 2136 2826 2199 ὃς
2850 2138 2934 2195 διὰ
2976 2141 3158 2200 πολλὴν
3206 2144 3451 2219 ρᾳθυμίαν
3495 2165 3547 2198 τε
3588 2150 3667 2201 καὶ

2101 2226 2350 2299 ἀκρασίαν
2415 2233 2504 2286 τήν
2550 2235 2643 2282 τοῦ
2689 2227 2942 2284 δεσπότου
2995 2232 3320 2306 ὑπερτίθεται
3368 2232 3562 2306 ἔφοδον,
3590 2237 3667 2289 και

2100 2317 2265 2392 βοιρύζ⁵
2305 2326 2411 2378 τοῖς
2440 2317 2727 2381 συνδούλοις
2751 2324 2835 2375 καὶ
2877 2320 3187 2393 δυσφόρητος
3226 2327 3437 2395 γίνεται,
3466 2328 3546 2381 καὶ
3571 2346 3665 2381 κοι-

2099 2416 2248 2462 νωνεῖ
2285 2412 2583 2479 μεθύουσιν’
2628 2409 2696 2484 ἐφ’
2714 2409 2778 2465 ὧν
2824 2413 3039 2472 ἐπιστὰς
3083 2416 3139 2467 ού
3180 2414 3598 2489 προσδοκώμενος
3637 2413 3664 2472 ὃ

2101 2500 2271 2571 κύριος
2296 2503 2377 2554 καὶ
2399 2497 2526 2574 διχῇ
2569 2498 2741 2554 διελὼν
2767 2509 2874 2562 τοῖς
2921 2508 3220 2577 ὑποκριταῖς
3262 2508 3661 2578 συναριθμήσειε,

2098 2585 2224 2655 μηδᾶ
2250 2594 2343 2642 τοῦ
2371 2589 2725 2649 πιστευθέντος
2754 2592 2812 2645 τὸ
2842 2591 3082 2647 τάλαντον
3110 2595 3195 2647 καὶ
3222 2595 3322 2648 ύπὸ
3345 2604 3441 2666 γῆν
3468 2595 3662 2663 θεμένου
3751 2651 3756 2655 ,

2098 2677 2186 2730 και
2208 2675 2652 2751 κατακρύψαντος·
2677 2682 2759 2732 καὶ
2779 2677 2862 2734 διὰ
2885 2687 3035 2735 τοῦτο
3064 2688 3255 2754 πικρῶς
3282 2683 3660 2753 ἔγκαλουμενου,

2103 2768 2192 2819 καί
2218 2765 2276 2819 ού
2304 2766 2386 2820 τὸν
2425 2767 2571 2822 τόκον
2601 2768 2746 2838 μόνον
2773 2772 2857 2823 καὶ
2881 2769 2942 2823 τὸ
2968 2770 3311 2825 πολυπλάσιον
3363 2775 3665 2849 εἰσπραττο-

2100 2857 2271 2925 μένου,
2315 2858 2439 2911 ἀλλὰ
2482 2859 2813 2929 ζημιουμεῆιου
2850 2863 2936 2914 καὶ
2969 2860 3026 2915 τό
3062 2862 3341 2933 κεφάλαιον,
3379 2866 3463 2918 καὶ
3502 2863 3661 2933 σκότῳ

2099 2950 2560 3020 παραπεμπομένου
2582 2947 2655 3020 τῷ
2690 2952 2935 3025 όξωτέρῳ.
2963 2950 3072 3006 Εἴθε
3093 2957 3162 3022 μὴ
3192 2954 3243 3006 ἓν
3266 2955 3475 3013 τούτοις
3499 2953 3660 3016 exosa.

2100 3039 2421 3113 παράδειγμα
2466 3048 2570 3102 τοῖς
2614 3042 2818 3103 πολλοῖς
2866 3044 3195 3117 προτεθεὲην,
3238 3047 3321 3099 καὶ
3366 3047 3441 3104 εἰς
3484 3047 3662 3103 κίνησεν

2100 3133 2310 3203 κεφαλῆς
2355 3140 2462 3193 τοῖς
2508 3136 2758 3206 καθορῶσι
2802 3134 3079 3206 λογισθείην
3122 3136 3382 3205 ἐλεγχθεὶς
3422 3155 3545 3189 ποτε
3580 3135 3662 3188 καὶ

2100 3223 2411 3297 κατακριθεὶς
2460 3221 2564 3275 ύπὸ
2620 3228 2710 3276 τοῦ
2755 3225 2925 3277 πάντα
2975 3221 3166 3283 εἰδότος
3209 3226 3297 3276 καὶ
3349 3222 3660 3287 ἐξετάζοντος

2097 3313 2166 3367 τὰ
2213 3313 2451 3385 ἡμέτερα,
2484 3315 2567 3366 καὶ
2611 3315 2794 3384 ἀχθεὶς
2835 3315 2936 3369 ύπὸ
2990 3316 3247 3384 μάστιγας
3293 3315 3525 3387 πράξεων
3561 3311 3659 3382 ούχ

2099 3405 2252 3462 ὁσίων
2303 3405 2443 3467 δίκας
2488 3408 2671 3466 ἱκανῶς
2708 3409 3192 3482 εἰσπραχθήσομαι,
3223 3408 3304 3461 ἵνα
3348 3408 3395 3462 οἱ
3441 3407 3525 3461 hri
3557 3411 3662 3465 τοῖς

2101 3496 2291 3566 ὁμοίοις
2315 3494 2543 3550 ὑπόδικοι
2571 3497 2872 3573 φωραθέντες
2899 3504 2971 3568 τῷ
2997 3494 3086 3551 ἀπ’
3104 3497 3224 3565 ἐμοῦ
3245 3497 3396 3555 πάθει
3426 3492 3662 3570 σωφρονί-

2101 3589 2287 3650 ζοιντο,
2317 3588 2405 3641 καὶ
2430 3590 2519 3645 τήν
2540 3583 2807 3661 διόρθωσιν
2845 3583 3188 3658 ἂπιδέχοιντο.

2174 4355 2314 4410 Ἐπιὶ
2339 4356 2504 4409 τοίνυν
2542 4356 2876 4426 συγχωρήσει
2894 4371 2950 4406 τε
2976 4352 3059 4405 καὶ
3095 4345 3532 4423 παροράσειθεοῧ
3561 4337 3662 4396 ύπὸ

2101 4447 2184 4502 τόν
2211 4448 2374 4501 αὑτοῦ
2416 4446 2659 4513 εἰσήχθην
2698 4443 2868 4512 ζυγὸν,
2900 4444 2977 4494 καὶ
3025 4442 3211 4495 ταύτην
3256 4443 3345 4496 τὴν
3386 4433 3662 4507 ὑπηρεσίαν

2100 4541 2182 4593 καὶ
2222 4510 2468 4591 διακονίαν
2511 4510 2597 4588 ούκ
2642 4510 2892 4591 ἐθελοντής
2945 4527 3275 4598 ἀναδεδεγμαι
3299 4568 3312 4587 ,
3373 4525 3449 4581 ὅτι
3493 4521 3660 4597 τρόπῳ

2102 4629 2420 4701 βιαζόμενος,
2450 4623 2532 4679 οἷά
2575 4645 2661 4695 μοι
2692 4625 2757 4678 τά
2784 4624 2883 4696 πρὸ
2929 4620 3100 4685 τοῦδε,
3140 4622 3220 4671 καὶ
3257 4619 3328 4676 εἰς
3365 4613 3470 4671 οἷον
3499 4632 3663 4680 κεχω-

2102 4723 2283 4791 ρήκασι
2336 4716 2720 4776 καταστάσεως,
2772 4714 2839 4771 ὡς
2888 4711 3075 4770 πάντες
3132 4705 3324 4776 σχεδὸν
3368 4704 3416 4759 οἱ
3458 4700 3665 4755 ενταῦθα

2099 4788 2274 4870 ῗσασιν
2298 4807 2422 4877 ἐρῶν
2444 4802 2690 4877 ἔρχομαι.
2723 4799 2881 4869 Ἀλλῳ
2910 4803 2997 4870 μὲν
3026 4795 3114 4852 οὖν
3142 4795 3257 4851 ὖλλο
3280 4817 3332 4851 τι
3359 4788 3667 4858 ἐπιτήδευμά

2106 4916 2161 4952 τε
2191 4899 2276 4950 καὶ
2298 4897 2556 4964 τέχνημα,
2583 4892 2614 4951 ἦ
2640 4892 2813 4961 μικρὸν
2839 4890 2868 4949 ἣ
2898 4894 3081 4961 μεῖζον,
3107 4890 3174 4946 ὡς
3198 4882 3257 4939 ἂν
3284 4885 3434 4943 αύτός
3459 4882 3665 4937 ἕκαστος

2106 4993 2180 5058 τῷ
2218 4984 2520 5053 αὐτεξουσὺρ
2567 4981 2876 5055 ὁρμώμενος,
2918 4981 3003 5030 καὶ
3038 4982 3126 5035 τήν
3172 4977 3367 5048 αἵρεσιν
3400 4977 3501 5025 τῶν
3528 4986 3664 5038 πρα·

2107 5079 2259 5132 κτέων
2303 5077 2372 5147 ἐφ’
2406 5075 2572 5143 ἑαυτῷ
2612 5075 2772 5146 φέρων
2820 5069 3102 5144 προίλοιτοι
3147 5064 3348 5124 Ἐπειδῆ
3401 5064 3523 5135 γὰρ,
3578 5076 3666 5110 κα·

2107 5169 2267 5241 θὰπερ
2344 5162 2619 5222 πολυειδεῖς
2676 5167 2775 5216 τῶν
2842 5162 3112 5232 ἀνθρώπων
3173 5156 3227 5211 αἱ
3291 5161 3491 5227 γνῶμαι
3515 5188 3530 5212 .
3584 5147 3664 5200 καὶ

2107 5260 2171 5313 τὰ
2215 5256 2497 5317 διαϐούλια,
2530 5253 2739 5327 διάφορὰ
2785 5271 2839 5306 τε
2880 5250 2943 5305 τὰ
2984 5246 3077 5306 ἤθη
3119 5250 3206 5300 καὶ
3243 5245 3268 5300 ό
3302 5245 3499 5319 τρόπος.
3525 5258 3662 5306 παμ-

2108 5349 2358 5412 ποὶκιλος,
2417 5346 2551 5401 οὕτω
2596 5342 2656 5403 δὴ
2710 5346 2790 5397 καὶ
2851 5342 2904 5397 αἱ
2952 5343 3080 5395 κατὰ
3143 5341 3229 5392 τὸν
3289 5337 3396 5409 βίον
3451 5332 3666 5408 αὲρίσεκ

2109 5440 2457 5511 διατέμνονται
2497 5433 2827 5506 πολυτρόπως
2882 5432 2967 5489 καὶ
3010 5427 3367 5496 διασχίζονται
3389 5463 3406 5491 ,
3461 5419 3541 5476 καὶ
3595 5413 3664 5475 εἰς
