3978 6436
416 346 444 412 J
465 355 525 415 7.5

1403 350 1462 408 S.
1505 348 1926 414 NICEPI-IORI
1969 349 2475 411 PATRIARCILE
2516 352 2628 412 ΟΡ.

3544 354 3638 418 176

421 488 629 530 omnem
657 473 911 526 honorem
939 484 1254 538 omnemque
1282 468 1658 523 auctoritatem
1686 466 1893 529 abdico,
1917 471 1969 517 et

2084 465 2214 519 ιὲνου
2260 489 2363 535 μοι,
2393 474 2535 521 τοῦτε
2568 470 2843 538 ἀξιώματος
2888 469 3177 541 ὑπερόπτης
3219 473 3524 549 nedum,
3550 485 3633 534 καὶ

420 567 486 620 ab
518 562 639 619 aula
676 563 820 635 regia
851 561 1200 629 civilibusque
1234 559 1551 615 tumultibus
1588 575 1672 612 me
1707 556 1972 620 avellens,

420 670 690 712 recessum
717 654 999 723 quemdam
1025 666 1315 722 rupemque
1337 667 1580 722 asperam
1605 659 1658 703 ct
1678 665 1813 720 pene
1834 649 1976 702 inac-

416 761 622 800 cessam
644 751 955 813 occupatus,
981 743 1168 798 stadiis
1193 758 1300 795 non
1324 742 1509 810 paucis
1533 741 1675 794 circa
1692 737 1975 806 Proponti-

417 839 498 892 dis
524 837 801 906 regionem
831 851 862 889 a
888 834 1034 905 regia
1062 833 1277 887 civitate
1301 828 1536 893 discedo,
1562 831 1740 899 ibique
1763 836 1975 882 (etatem

416 946 577 999 agerc
598 930 829 997 vitzeque
851 927 1102 982 solitariae
1119 923 1293 994 (cujus
1314 921 1610 977 incredibili
1633 921 1863 988 quodam
1886 921 1977 973 de-

412 1019 616 1073 siderio
645 1018 957 1086 jamdudum
985 1023 1108 1067 ante
1138 1010 1377 1082 tenebar)
1424 1010 1722 1079 periculum
1766 1008 1974 1073 facere,

418 1126 592 1177 neque
621 1108 744 1161 alibi
776 1120 933 1175 quam
965 1104 1055 1159 illo
1094 1104 1147 1157 in
1190 1102 1309 1155 loco
1337 1108 1636 1154 extremum
1661 1098 1786 1151 vita:
1814 1099 1976 1167 spiri-

410 1209 527 1251 tum
553 1198 733 1260 edere,
757 1195 984 1247 firmiter
1003 1192 1141 1260 apud
1169 1205 1253 1252 me
1276 1189 1560 1243 constituo.
1591 1188 1699 1241 Sed
1724 1188 1976 1255 quoniam

416 1289 528 1341 fieri
566 1287 751 1354 nequit
777 1292 835 1338 ut
875 1284 1055 1338 omnia
1096 1281 1343 1335 omnibus
1390 1296 1452 1333 ex
1503 1278 1664 1342 animi
1715 1278 1977 1331 sententia

414 1378 700 1433 succedant
740 1374 826 1447 (in
878 1374 1060 1427 multis
1087 1386 1318 1439 namque
1347 1370 1498 1438 quasi
1530 1368 1706 1422 fatalis
1735 1366 1977 1436 quaedam

410 1468 709 1524 necessitas
736 1465 1064 1527 dominatur,
1108 1460 1438 1529 humanique
1482 1466 1706 1513 conatus
1737 1457 1936 1511 exitum
1958 1494 1975 1518 ,

414 1571 518 1610 non
550 1555 763 1624 qualem
791 1554 974 1615 homo,
1006 1551 1099 1605 sed
1127 1548 1339 1618 qualem
1370 1549 1509 1601 Deus
1536 1546 1677 1610 vult,
1721 1560 1826 1600 non
1855 1559 1978 1597 raro

410 1642 766 1713 sortiuntur),
794 1640 1004 1695 accedit
1048 1638 1153 1693 hoc
1201 1637 1417 1708 ipsum,
1463 1650 1656 1704 nempe
1707 1641 1767 1686 ut
1813 1631 1977 1686 animi

411 1736 778 1805 propositique
820 1732 925 1787 mei
961 1747 1053 1800 spe
1097 1729 1411 1792 frustrarer,
1460 1735 1515 1781 et
1562 1727 1693 1781 mihi
1740 1739 1970 1794 quoque.

410 1826 624 1879 Etenim
655 1838 683 1876 a
717 1829 868 1892 grata
899 1820 987 1874 illa
1013 1819 1293 1887 amicaque
1325 1815 1629 1878 solitudine,
1660 1812 1840 1866 nescio
1870 1827 1977 1881 quo

404 1913 607 1982 judicio
638 1909 821 1983 (Deus,
856 1910 944 1979 qui
980 1907 1244 1979 permisit,
1274 1914 1367 1960 aut
1397 1907 1468 1958 ita
1499 1904 1661 1959 etiam
1690 1903 1976 1967 ordinavit,

413 1997 604 2069 novit),
628 1999 692 2051 ad
722 1997 928 2066 regium
954 1995 1211 2065 palatium
1242 1994 1568 2054 abstractus,
1596 1998 1741 2045 certe
1767 1989 1978 2044 illorum

410 2090 681 2142 voluntate
706 2088 796 2157 qui
830 2103 926 2158 per
956 2088 1007 2142 id
1039 2095 1248 2155 tempus
1282 2083 1433 2153 regni
1463 2083 1596 2137 solia
1625 2082 1976 2145 obtinebant,

409 2175 796 2244 rommunique
842 2175 1005 2227 totius
1047 2172 1176 2226 cleri
1219 2186 1282 2225 ac
1322 2178 1574 2237 senatus,
1615 2167 1981 2222 inexcusabile

413 2265 682 2334 quoddam
708 2274 762 2317 et
789 2260 1096 2317 inevitabile
1121 2259 1330 2314 facinus
1361 2257 1785 2311 machinantium
1807 2296 1822 2321 ,
1866 2254 1979 2311 suf-

414 2357 585 2425 fragio
617 2354 779 2426 (quod
805 2353 967 2423 regiae
986 2350 1229 2406 civitatis
1259 2348 1456 2418 praesul
1485 2348 1596 2402 vita
1626 2346 1977 2413 excessisset,

413 2458 468 2503 et
505 2455 565 2502 ut
601 2448 763 2502 homo
797 2445 1036 2499 debitum
1081 2439 1434 2511 exsolvisset)
1481 2440 1549 2495 ad
1594 2440 1737 2494 hanc
1778 2440 1984 2508 episco-

413 2542 586 2612 palem
619 2541 802 2596 sedem
829 2538 1029 2593 invitus
1050 2577 1065 2603 ,
1106 2535 1444 2604 multumque
1475 2534 1776 2589 reclamans
1806 2533 1982 2605 (testis

415 2642 499 2687 cst
525 2633 657 2688 mihi
686 2629 847 2701 Deus)
876 2637 1162 2699 provectus
1181 2667 1195 2693 ,
1232 2634 1286 2681 et
1314 2626 1591 2696 tyrannide
1616 2625 1795 2693 potius
1819 2636 1981 2692 quam

415 2722 677 2787 consulto,
711 2728 804 2775 aut
830 2720 938 2774 ulla
969 2716 1596 2787 omninopersuasione,
1639 2714 1757 2769 aliis
1782 2711 1978 2782 guber-

416 2819 608 2873 nandis
631 2815 914 2887 praefectus
940 2828 1080 2869 sum.

488 2984 622 3051 Quia
666 2999 813 3055 ergo,
854 2981 982 3037 licet
1026 2979 1240 3042 invitus,
1287 2977 1422 3033 colla
1462 2975 1589 3045 jugo
1633 2972 1979 3037 submittere,

419 3076 828 3142 animarumque
865 3087 1051 3127 curam
1092 3083 1264 3138 neque
1293 3067 1481 3137 digne,
1527 3078 1701 3133 neque
1734 3062 1980 3117 charitati

2073 564 2165 617 τῆς
2190 556 2447 627 βασιλείου
2474 558 2625 616 αὐλῆς
2669 562 2750 611 καί
2784 566 2881 613 τῶν
2933 562 3153 614 ἀστικῶν
3197 563 3421 638 θορύϐων
3458 568 3628 640 πόρβω

2071 667 2171 703 που
2204 648 2524 718 ἀπαγόμενος
2554 648 2907 720 διεσκήνωμαι,
2951 652 3198 722 ἐσχατιάν
3235 659 3360 723 γοῦν
3400 678 3512 712 τινα
3538 681 3628 715 κα·-

2071 738 2377 809 ταλαμϐάνω
2415 742 2499 792 καί
2536 742 2845 812 ἀκρώρειαν,
2873 745 3127 816 τραχεῖάν
3161 765 3214 797 τε
3249 739 3410 799 οὖσαν
3450 750 3530 801 καί
3548 747 3632 803 δυ·-

2075 830 2384 906 σπρόσοδον’
2415 831 2637 892 σταδίοις
2678 830 2826 894 οὗτος
2856 835 3034 905 ὀλίγοις
3065 838 3183 909 περί
3226 841 3314 894 τήν
3343 838 3631 909 Προπόντιον

2073 926 2271 994 χώραν,
2302 931 2389 977 τοῦ
2420 924 2677 993 βασιλείου
2706 924 2993 997 διειργόμην
3029 924 3407 1000 Ιδιειργεμένην]
3432 925 3629 999 ἄστεος,

2071 1009 2328 1067 κάνταῦθα
2411 1016 2504 1074 τὰς
2559 1013 2823 1088 διατριϐάς
2876 1017 3126 1070 ποιεῖσθαι
3182 1015 3521 1085 ἐσπούδαζον,
3567 1022 3631 1079 ὡς

2074 1100 2174 1175 ἆρα
2207 1107 2249 1157 εἰ
2290 1103 2560 1175 δυναίμην,
2587 1113 2676 1158 τοῦ
2715 1110 2965 1180 μονήρους
3000 1107 3113 1176 βίου
3157 1107 3508 1178 ἐφαπτόμενος,
3555 1112 3632 1163 καί

2073 1202 2224 1249 τοῦτο
2265 1197 2361 1266 γάρ
2410 1197 2684 1266 ἠπειγόμην
2730 1199 2782 1250 ἐκ
2822 1198 3079 1260 πλείονος,
3115 1198 3195 1250 καί
3238 1219 3315 1257 τις
3356 1197 3484 1271 ἥρως
3523 1195 3632 1270 εἶχε

2073 1291 2163 1342 τῆς
2200 1285 2404 1359 ἐρημίας
2446 1289 2527 1339 καὶ
2572 1288 2803 1354 ἡτυχίας
2859 1284 3174 1351 δεινότατος,
3228 1292 3350 1359 μήτε
3394 1289 3636 1358 ἀλλαχόθι

2073 1392 2162 1425 ποι
2189 1374 2248 1426 τό
2288 1374 2447 1450 τέρμα
2474 1383 2563 1432 τῆς
2594 1378 2742 1437 ζωῆς,
2782 1371 2813 1433 ἦ
2840 1376 3048 1429 ἐνταῦθα
3096 1376 3465 1444 ἀπολήψεσθαι.
3512 1374 3636 1433 Ἀλλ’

2074 1459 2247 1518 ἐπειδή
2300 1483 2354 1531 γε
2399 1466 2454 1515 οὗ
2512 1468 2668 1518 πᾶσιν
2718 1463 2921 1519 ἅπαντα
2979 1466 3109 1521 κατά
3155 1469 3353 1539 γνώμην
3402 1469 3638 1524 ἐκϐαίνειν

2102 1545 2143 1569 νο
2358 1553 2371 1570 ν
2437 1550 2449 1565 ιι
2476 1550 2502 1570 ν
2708 1553 2723 1569 ο
2772 1550 2796 1573 γ
2838 1540 2845 1543 ’
3031 1556 3041 1570 ι
3213 1559 3223 1574 ο
3478 1557 3488 1571 ν

2075 1569 2176 1602 οιον
2220 1571 2307 1612 τε,
2347 1552 2437 1605 αλλ
2470 1572 2605 1605 εστιν
2642 1555 2707 1623 ’ἐφ
2745 1574 2817 1629 οις
2865 1556 2951 1607 καί
2991 1576 3048 1607 το
3090 1576 3262 1625 χρεων
3304 1557 3638 1629 ἐπρυτανευσε

2075 1638 2158 1689 καί
2197 1638 2266 1697 ὡς
2302 1632 2359 1691 ἂν
2393 1638 2622 1709 βούλοιτο
2666 1642 2822 1703 Θεός,
2854 1641 2911 1696 τό
2954 1642 3115 1715 πέρας
3157 1649 3255 1696 τῶν
3300 1644 3638 1714 ἐγχειρήσεων

2076 1725 2348 1783 ἐπιτίθησι⁶
2375 1728 2658 1791 συμϐέϐηκε
2691 1735 2842 1784 τοῦτο
2865 1733 3031 1783 τοίνυν
3053 1734 3135 1785 καί
3173 1733 3249 1784 ἐπ’
3270 1732 3405 1801 ἐμοί.
3434 1734 3522 1784 lati
3545 1740 3639 1786 τῶν

2004 1798 2051 1856 Β
2078 1817 2206 1868 κατά
2265 1820 2379 1869 νοῦν
2425 1813 2758 1891 διημάρτηκα,
2806 1820 2887 1871 καί
2931 1820 3021 1871 οὐκ
3057 1815 3169 1874 οἶδα
3215 1816 3285 1879 οἷς
3340 1821 3638 1892 κρίμασινό

2077 1907 2244 1956 ταῦτα
2295 1907 2672 1981 συγχωρήσας,
2722 1909 2807 1960 καί
2855 1905 3082 1980 παριδών
3123 1907 3244 1967 Θεός
3299 1909 3636 1975 ἐξεπίσταται,

2078 1990 2417 2050 ἀπεσπάσθην
2456 2000 2557 2052 τῆς
2580 1994 2720 2062 φίλης
2754 1996 2983 2069 ἐρημίας,
3028 1999 3112 2049 καί
3151 1997 3236 2051 ἐπί
3269 2001 3358 2055 τήν
3400 1996 3643 2068 βασίλειον

2080 2080 2269 2153 [πάλιν]
2295 2082 2485 2152 ἦχθην,
2518 2086 2587 2142 ὡς
2616 2085 2717 2138 ὑπὸ
2754 2092 2861 2154 Θεῷ
2888 2089 3142 2161 μάρτυρι,
3177 2086 3325 2158 ψήφῳ
3363 2091 3451 2141 καί
3484 2091 3643 2161 κρίσει

2079 2180 2177 2228 τῶν
2221 2181 2492 2232 τηνικαῦτα
2532 2176 2580 2227 ἐν
2615 2176 2722 2235 τοῖς
2762 2177 3034 2247 βασιλείοις
3076 2176 3406 2251 ίνιδρυμίνων
3451 2180 3639 2241 θώκοις,

2079 2271 2165 2318 τοῦ
2208 2285 2263 2318 τε
2300 2262 2462 2319 κοινοῦ
2513 2271 2603 2325 τῆς
2641 2264 2940 2325 Ἐκκλησίας
2999 2268 3138 2340 ἱεροῦ
3189 2273 3519 2337 συστήματος
3562 2270 3643 2321 καί

2079 2362 2169 2413 τῆς
2201 2356 2481 2424 συγκλήτου
2520 2354 2725 2425 βουλῆς,
2754 2356 3213 2426 συμϐραϐευόντων
3235 2359 3565 2430 άπαραίτητά
3590 2376 3640 2409 τε

2079 2445 2159 2495 καί
2205 2444 2579 2515 ἀσυγχώρητα,
2631 2444 2837 2516 ἐπείπερ
2894 2443 2988 2503 ἤδη
3026 2454 3117 2504 τῆς
3156 2443 3421 2515 βασιλίδος
3456 2445 3480 2498 ό
3519 2445 3641 2521 πρόσ

2081 2531 2226 2607 εδρος
2281 2535 2363 2589 τόν
2416 2535 2525 2605 βίον
2574 2536 2902 2606 μετήλλαξεν,
2944 2528 3039 2590 οἷά
3084 2557 3181 2609 περ
3238 2534 3504 2612 ἅνθρωπος
3562 2538 3644 2591 τόν

2080 2623 2403 2696 ἀνθρώπινον,
2436 2623 2538 2695 οἶγε
2574 2625 2734 2677 καίτοι
2765 2624 2921 2679 πολλά
2956 2627 3337 2696 ὑπερτιθέμενον
3364 2628 3451 2680 καί
3478 2627 3643 2679 ἀπαυ-

2082 2710 2461 2781 θαδειαζόμενον
2498 2713 2581 2766 ἐπὶ
2627 2714 2708 2766 τόν
2748 2714 2997 2785 ἱερατικὸν
3032 2719 3227 2771 τουτονί
3269 2715 3445 2786 θρόνον
3489 2718 3643 2791 προή-

2081 2828 2231 2878 γαγον
2258 2848 2272 2873 ,
2322 2808 2613 2883 τυραννίδος
2692 2812 2877 2882 μᾶλλον
2944 2810 2973 2870 ἦ
3033 2808 3237 2873 πειθοῦς
3298 2810 3449 2886 ἔργον
3514 2812 3645 2883 γινό-

2082 2917 2245 2965 μενον.

2151 2986 2283 3044 Ἐπεί
2327 2983 2413 3042 οὖν
2457 2994 2539 3044 καί
2576 2996 2644 3060 μή
2689 2992 2989 3062 βουλόμενος
3032 2994 3116 3047 τόν
3157 2993 3306 3066 ζυγόν
3350 2991 3499 3049 τόνδε
3534 2991 3650 3045 ὑπί-

2088 3077 2292 3153 δραμον,
2325 3083 2407 3135 καί
2436 3083 2530 3141 τάς
2553 3082 2813 3156 φροντίδας
2846 3083 3180 3157 ἀναδέδεγμαι
3213 3087 3301 3139 οὐκ
3338 3086 3511 3150 ἀξίως,
3542 3082 3647 3140 oud}

417 3182 629 3235 quoque
682 3165 814 3217 satis
863 3169 1225 3216 conscntanee
1278 3156 1555 3225 suscipere
1602 3160 1821 3207 coactus
1866 3150 1939 3204 fui
1969 3190 1983 3215 ,

2090 3166 2159 3231 ὡς’
2206 3181 2426 3246 προσῆκε
2571 3175 2780 3250 χάριτι,
2818 3172 3015 3229 δέδοικα
3050 3178 3140 3245 μὲν
3177 3183 3382 3250 πρῶτον
3413 3162 3505 3238 τάς
3537 3197 3645 3232 ποι-

418 3257 567 3310 varia
600 3255 946 3325 apprimeque
991 3250 1245 3320 perplexa
1295 3248 1459 3302 totius
1501 3245 1717 3300 malitia:
1753 3241 1989 3297 auctoris

418 3347 850 3404 machinamenta
881 3360 945 3397 ac
978 3342 1223 3409 laqueos,
1263 3326 1725 3407 malignorumque
1773 3349 1837 3388 ae
1876 3333 1990 3385 ina-

420 3436 796 3509 srvpectabilium
820 3434 1106 3505 spirituum
1130 3430 1378 3491 insultas,
1406 3428 1751 3495 innatamque
1774 3438 1989 3478 eorum-

422 3528 546 3582 (ἰείη
577 3525 836 3580 saevitiem
877 3539 981 3576 non
1020 3536 1206 3590 parum
1237 3527 1436 3581 metuo,
1470 3532 1537 3571 ne
1564 3514 1814 3569 videlicet
1844 3513 1991 3567 inco-

421 3617 681 3687 gitantem
728 3613 1085 3679 omnibusque
1120 3609 1375 3663 virtutum
1425 3603 1757 3660 ornamentis
1803 3599 1989 3669 praesi—

425 3684 641 3774 diisque:
669 3703 982 3759 destitutum
1020 3707 1240 3768 repente
1279 3697 1529 3763 invadant
1576 3694 1794 3766 (norunt
1847 3684 1988 3745 enim

423 3812 515 3854 me
539 3798 595 3852 in
623 3794 991 3864 spiritualibus
1020 3791 1321 3859 divinisque
1350 3784 1828 3842 exercitationibus
1867 3797 1991 3836 ncc-

428 3889 554 3942 dum
593 3886 726 3943 satis
764 3884 1106 3947 institutum,
1155 3881 1249 3935 sed
1281 3892 1458 3948 neque
1502 3878 1753 3946 ignorant
1780 3887 1992 3943 quoque

429 3976 560 4030 artis
586 3974 860 4044 pugnandi
888 3973 1145 4027 adversus
1175 3969 1319 4038 ipsos
1355 3968 1613 4020 hactenus
1650 3979 1736 4017 me
1775 3963 1993 4016 minime

422 4070 661 4139 peritum
690 4064 853 4137 esse),
871 4079 970 4118 nec
998 4079 1101 4116 non
1132 4069 1474 4129 peccatorum
1489 4054 1681 4124 jaculis
1710 4052 1994 4108 convulne-

431 4167 577 4225 rent,
596 4171 765 4225 eaque
789 4156 999 4210 ratione
1025 4152 1442 4207 ecclesiasticum
1472 4162 1685 4217 gregem
1711 4145 1991 4213 dissipent,

433 4265 498 4304 ac
529 4248 697 4303 aciem
728 4247 864 4302 bene
894 4246 1195 4299 ordinatam
1225 4242 1566 4303 conturbent,
1600 4247 1655 4291 et
1683 4236 1849 4289 ruinae
1881 4243 1993 4288 tan-

434 4341 555 4394 dem
596 4337 809 4419 indocte
852 4334 1204 4404 impcriteque
1249 4329 1489 4399 praelium
1532 4326 1811 4396 dirigentis
1839 4333 1993 4393 petu-

431 4430 645 4485 lantius.
675 4427 950 4497 insultent.
1002 4424 1083 4479 Ad
1122 4425 1235 4478 haec
1273 4438 1393 4476 cum
1422 4420 1630 4474 videam
1667 4418 1993 4473 dominatum

435 4498 649 4577 omnem
685 4500 897 4573 invidiae
935 4515 1247 4585 plerumque
1274 4509 1833 4577 obtrectationumque
1877 4506 1996 4560 telis

437 4608 731 4664 obnoxium
775 4620 895 4661 esse
921 4645 935 4670 ,
986 4601 1333 4657 invidentium
1382 4599 1529 4654 dolos
1580 4596 1997 4670 eorumdcmque

438 4696 759 4768 pravitatem
809 4710 916 4748 non
964 4690 1308 4745 mediocriter
1338 4694 1638 4756 suspectam
1687 4686 1894 4749 habeo,
1939 4668 1999 4739 ut

440 4786 533 4855 qui
562 4800 650 4840 res
678 4795 889 4839 nostras
915 4784 1025 4837 sive
1059 4783 1214 4845 bene,
1248 4779 1361 4832 sive
1393 4792 1548 4831 secus
1576 4776 1868 4840 habentes,
1908 4791 1999 4829 cu-

442 4876 739 4931 riosissimc
785 4874 1074 4930 observare
1117 4870 1307 4926 solent.
1360 4868 1493 4922 Nam
1544 4867 1669 4920 dum
1716 4868 1897 4919 trabes
1943 4866 1997 4919 in

445 4965 615 5020 oculis
646 4964 756 5018 suis
786 4978 893 5017 non
922 4962 1387 5025 animadvertunt,
1428 4971 1602 5026 neque
1631 4956 2001 5026 lippitudinem

447 5059 559 5112 suis
587 5055 880 5110 luminibus
906 5054 1143 5108 adimere
1177 5057 1456 5122 satagunt,
1504 5048 1730 5103 aliorum
1771 5044 2002 5099 festucas

445 5149 657 5202 curiose
686 5144 993 5214 inquirunt,
1024 5156 1315 5211 rerumque
1343 5137 1631 5194 admodum
1663 5135 1901 5193 tenuium
1926 5134 2004 5187 vi-

449 5240 688 5309 liumquc
714 5242 770 5291 et
794 5234 991 5289 nullius
1018 5247 1153 5302 pene
1181 5231 1436 5285 momenti
1461 5244 1621 5283 causa
1648 5226 1858 5295 linguas
1882 5239 2006 5278 suas

447 5338 636 5386 contra
681 5328 943 5399 primates
988 5323 1154 5395 impie
1199 5322 1598 5388 virulenterque
1645 5323 1906 5380 exerunt,
1952 5322 2008 5368 et

449 5421 701 5488 utrinque
726 5415 1089 5473 amarulenter
1112 5412 1477 5479 scelerateque
1498 5407 1821 5479 iaculantur.

525 5513 723 5567 Verum
765 5507 1059 5565 certamine
1105 5506 1208 5560 hoc
1256 5517 1377 5556 cum
1424 5500 1508 5553 his
1554 5505 1718 5552 tantae
1759 5494 2008 5566 potentize

456 5599 703 5658 hostibus
732 5607 1003 5668 suscepto,
1045 5594 1196 5664 cujus
1237 5592 1460 5647 alterius
1500 5605 1655 5660 opem
1684 5603 1749 5641 ac
1776 5587 2010 5657 patroci-

461 5695 607 5750 nium
637 5689 912 5762 implerem
944 5685 1313 5749 commodius,
1365 5696 1524 5762 quam
1573 5679 1713 5734 illius
1759 5677 1849 5747 qui
1896 5678 2009 5731 hzec

2086 3263 2223 3321 κί).ας
2276 3266 2361 3315 καί
2411 3261 2758 3323 πολυπλόκους
2824 3266 3209 3341 μηχανουργίας
3262 3263 3353 3320 τοῦ
3411 3270 3644 3337 σοφιστοῦ

2086 3359 2176 3412 τῆς
2212 3353 2410 3415 κακίας,
2434 3354 2518 3407 καί
2554 3359 2653 3407 τῶν
2698 3361 2924 3427 πονηρῶν
2964 3358 3045 3408 καί
3093 3356 3321 3429 ἀοράτων
3351 3344 3653 3427 πνευμάτων

2086 3449 2174 3501 τήν
2226 3445 2600 3510 ίπανάστασιν,
2633 3450 2826 3515 μήποτε
2871 3447 3058 3517 γυμνόν
3092 3449 3171 3501 καί
3221 3438 3414 3501 ἄοπλον
3459 3455 3557 3503 τῶν
3595 3448 3647 3501 ἐκ

2087 3542 2177 3593 τῆς
2234 3536 2418 3604 ἀρετῆς
2467 3536 2861 3607 κατορθωμάτων
2928 3536 3279 3606 ἐπειλημμένα.
3330 3535 3490 3591 Οὔπω
3552 3541 3648 3609 γάρ

2088 3642 2149 3692 με
2181 3630 2284 3681 τοῖς
2314 3630 2670 3693 πνευματικοῖς
2696 3624 2775 3676 καί
2801 3624 2946 3683 θείοις
2982 3621 3468 3696 παιδοτριϐούμενον
3497 3621 3646 3693 ἔγνω-

2089 3737 2211 3778 σαν,
2243 3715 2272 3773 ἧ
2305 3724 2366 3788 τῇ
2402 3716 2515 3770 κατ’
2536 3716 2698 3769 αὐτῶν
2746 3716 3207 3788 ἐγγεγυμνασμίνον
3232 3714 3262 3774 ἣ
3291 3711 3649 3787 διαγωνισάμεο

2089 3826 2169 3858 νον
2194 3805 2327 3878 πάλῃ
2354 3803 2729 3876 προσέϐλεψαν,
2756 3812 2863 3864 τοῖς
2893 3811 2982 3863 τῆς
3011 3803 3271 3876 ἁμαρτίας
3295 3806 3650 3883 τιτρώσκοντες

2091 3895 2259 3965 βέλεσι
2292 3896 2348 3949 τὸ
2388 3894 2678 3953 Ἐκκλησίας
2721 3893 2969 3949 θεόλεκτον
2996 3894 3320 3969 ύπορῥήξωσι
3352 3913 3543 3967 σι.φος,
3573 3894 3651 3945 καί

2090 3991 2179 4042 τήν
2209 3984 2448 4039 εὔτακτον
2472 3988 2659 4044 ταύτης
2688 3988 3011 4057 παράστασιν
3037 3983 3441 4055 διαλυμήνωνται
3468 3992 3538 4055 τῷ
3564 3988 3645 4039 τοῦ

2094 4075 2321 4134 ἀϐούλως
2373 4079 2456 4127 καί
2505 4076 2705 4144 ἀμαθῶς
2758 4076 3156 4149 ταξιαρχοῦντος
3210 4074 3650 4145 ἐπικαγχάσαντες

2094 4169 2350 4235 πτώματι.
2371 4162 2582 4221 Ἐπιιτα
2617 4164 2669 4219 δέ
2704 4163 2819 4218 ἰδών
2847 4167 2931 4219 καί
2957 4173 3048 4224 τῆς
3082 4166 3253 4237 ἀρχῆς
3285 4165 3342 4219 τό
3369 4166 3651 4219 ἐπείσακτον

2094 4261 2179 4311 καί
2209 4259 2457 4328 ἐπίφθονον
2492 4263 2590 4311 τῶν
2633 4257 3005 4326 βασκαινόντων
3052 4254 3319 4313 ύπείδομαι
3356 4255 3417 4309 τό
3460 4254 3653 4326 δολερὸν

2095 4348 2178 4399 καί
2217 4346 2451 4405 κακόηθες
2474 4343 2518 4398 οἳ
2546 4348 2705 4416 πάντῃ
2749 4345 3000 4415 ἐπιτηρεῖν
3048 4340 3395 4405 σπουδάζουσι
3440 4345 3505 4396 τὰ
3541 4342 3656 4411 ήμίο

2097 4457 2219 4511 τερα
2265 4432 2320 4490 εὖ
2360 4454 2414 4490 τε
2445 4438 2524 4488 καί
2556 4436 2622 4493 ὡς
2648 4434 2828 4503 ἐτέρως
2859 4431 3068 4502 ἔχοντα.
3102 4435 3202 4491 Τάς
3232 4435 3321 4501 μὲν
3352 4429 3528 4489 δοκούς
3555 4436 3655 4488 τοῖς

2101 4528 2290 4582 ἑαυτῶν
2378 4526 2691 4596 ἐπικειμένας
2728 4526 2784 4579 ού
2823 4525 3082 4594 βλέποντες
3119 4519 3359 4593 ὄμμασιν,
3408 4520 3523 4575 ούδέ
3567 4523 3654 4577 τήν

2098 4619 2255 4693 λήμην
2284 4620 2384 4672 ἀπὸ
2408 4624 2509 4672 τῶν
2531 4616 2787 4687 ὀφθαλμῶν
2807 4616 3154 4690 προκαθαίρειν
3181 4613 3491 4685 αἱρούμενοι,
3519 4609 3658 4669 ἀλλόσ

2101 4732 2220 4785 τρια
2265 4708 2316 4763 δέ
2362 4709 2523 4781 κάρφη
2563 4707 3014 4781 περιεργαζόμενοι,
3042 4708 3129 4759 καί
3172 4711 3396 4778 σμικρῶν
3426 4700 3552 4773 ἄγαν
3579 4702 3658 4753 καί

2104 4801 2306 4855 εὐτελῶν
2330 4794 2515 4862 ἕνεκεν,
2543 4802 2628 4852 καί
2658 4805 2742 4852 τοῦ
2772 4797 2981 4869 μηδενός
3016 4794 3165 4866 λόγου
3210 4797 3357 4858 ἀξίων
3382 4797 3477 4853 τὰς
3504 4794 3658 4862 γλώσ·

2107 4911 2205 4949 σας
2243 4884 2334 4948 τὰς
2363 4889 2552 4942 ἑαυτῶν
2589 4882 2717 4941 κατά
2759 4893 2855 4941 τῶν
2897 4884 3484 4961 προεχόντων“ἀνοσίὼς
3524 4879 3656 4934 ὁπλί-

2103 4983 2272 5045 ζουσι,
2312 4981 2391 5034 καί
2445 4978 2783 5051 ἀμφοτέρωθεν
2832 4983 3022 5049 πικρῶς
3070 4978 3155 5030 καί
3204 4973 3490 5029 ἀδικώτατα
3539 4969 3658 5043 βάλ-

2098 5071 2263 5125 λουσι.

2171 5492 2310 5548 ’Λλλά
2346 5493 2544 5547 τουτονί
2585 5488 2974 5562 ἀναδεδέγμενος
3013 5488 3096 5543 τόν
3131 5488 3328 5560 ἀγῶνα,
3359 5489 3458 5541 τίνι
3499 5480 3662 5536 λοιπόν

2107 5587 2288 5660 ἀρωγῷ
2319 5587 2404 5638 και
2449 5583 2754 5656 συλλήπτορι
2796 5586 3083 5652 χρήσομαι,
3110 5579 3141 5639 ἦ
3187 5587 3257 5650 τῷ
3294 5584 3456 5632 ταῦτα
3499 5594 3661 5644 παρα·

2110 5682 2368 5749 χωροῦντι
2432 5670 2709 5746 Θεῷ;ῐ]αρ’
2740 5669 2795 5725 οὗ
2846 5673 3022 5735 ἐξιιτῶ
3076 5672 3253 5748 ῥοπήν,
3286 5671 3366 5722 καί
3406 5668 3655 5737 βοήθτιαν,
