3978 6432
500 429 599 498 I77

1483 432 1848 492 EPISTULA
1885 432 1985 491 AD
2025 431 2337 490 LEONEM
2375 432 2468 492 LI
2507 431 2779 492 ΡΑΡΑΜ.
2851 463 2854 468 -

3649 437 3750 501 ἓῗὸ

503 554 840 626 εὗσπλάγχνῳ
864 556 951 607 καί
977 558 1171 624 εὗμενεῐ
1197 547 1386 625 ὄμματι
1429 556 1515 610 ἐπί
1545 562 1634 616 τήν
1661 558 1777 627 ἐμήν
1804 554 2062 626 ἐπιϐλέψαι

2172 552 2438 620 permisit,
2469 552 2572 606 hoc
2599 561 2680 608 cst
2711 551 2844 607 Dei?
2893 554 3020 624 Ejus
3052 555 3275 624 proinde
3300 556 3557 610 virtutem
3586 560 3746 610 auxi-

503 643 852 718 μετριότητα,
886 648 1136 718 κρατῆσαί
1179 665 1234 700 τε
1275 655 1365 707 τῆς
1419 649 1596 721 χειρὸς
1634 655 1724 706 τῆς
1769 645 1958 710 δεξιᾶς,
1991 647 2076 700 καί

501 733 750 806 ὁδηγῆσαι
775 735 908 809 πρὸς
931 757 986 790 τε
1010 735 1068 791 τό
1093 739 1248 792 αὐτοῦ
1273 739 1459 800 θέλημα
1487 741 1570 796 καί
1603 735 1702 792 τῶν
1738 739 2076 815 ἐγχειρισθένο

498 847 601 881 των
626 828 756 900 πρός
789 829 1042 901 σωτηρίαν
1071 829 1386 904 κυϐέρνησιν.
1429 827 1524 892 ’ος
1549 853 1606 904 γε
1634 835 1715 884 καί
1743 830 2076 885 ἀναϐάλλεται

496 915 584 970 ἐπὶ
602 921 708 973 τοῖς
735 911 1022 988 δυσχερέσι
1057 919 1260 978 τούτοις
1288 922 1372 973 καί
1394 921 1616 974 ὰνιῶσιν⁹
1657 919 1687 979 ἦ
1718 919 1803 976 διά
1833 925 1922 979 τήν
1952 921 2076 992 ἡμε-

495 1005 652 1078 τέραν
687 1005 860 1057 κακίαν
895 1009 981 1058 καί
1017 1005 1281 1076 βελτίωσιν
1329 1009 1589 1080 ἐπανάγων
1625 1011 1776 1079 ἡμᾶς,
1806 1009 1836 1070 ἧ
1863 1010 1990 1087 πρὸς
2015 1010 2076 1064 τό

498 1093 702 1148 ἕκείνων
730 1095 802 1154 είς
848 1094 982 1163 ἡμᾶς
1021 1100 1484 1170 παραγυμνοῦσοαι
1525 1101 1614 1156 τὸν
1666 1107 1951 1176 κακοῦργον
1992 1103 2076 1155 καὶ

494 1180 808 1257 δύστροπον,
841 1185 909 1241 ὡς
944 1178 1004 1236 ἂν
1029 1189 1100 1254 μή
1124 1187 1328 1260 λανθάνῃ
1354 1189 1534 1262 πικρία
1576 1189 1816 1252 ὕπουλος,
1843 1193 1892 1242 ἐν
1917 1189 2073 1263 ψυχῇ

493 1271 718 1346 δολιρῶς
778 1275 1168 1345 ἐμφωλεύουσα,
1218 1279 1416 1343 ἀλλἐίς
1466 1277 1726 1357 προῦπτον
1773 1283 1954 1346 ἐξέλθοι
1987 1285 2073 1337 καί

493 1363 710 1432 ἐμφανές
731 1363 790 1418 τό
818 1365 1183 1437 κρυπτόμενον.

2177 641 2415 713 liumque
2451 643 2652 714 jugiter
2699 645 2908 710 invoco,
2956 647 3335 717 eamdemque,
3387 655 3446 702 ut
3488 647 3751 704 benevolo

2177 734 2618 804 misericordique
2643 735 2800 790 oculo
2829 737 2896 790 ad
2926 752 3103 792 meam
3129 740 3448 793 tenuitatem
3477 739 3752 810 rcSpiciat,

2175 824 2475 895 dextraque
2502 840 2665 880 manu
2696 841 2783 880 me
2811 825 3027 893 fuiciat,
3063 836 3119 882 et
3148 829 3212 882 ad
3241 844 3393 883 suam
3422 830 3754 884 voluntatem

2176 913 2576 986 salutarcmque
2632 917 2972 972 subditorum
3033 919 3479 988 gubernationem
3540 933 3756 989 semper

2175 1005 2400 1075 dirigat,
2431 1007 2594 1060 etiam
2627 1015 2794 1075 atque
2820 1007 2984 1061 etiam
3012 1022 3164 1078 rogo.
3210 1008 3312 1075 Qui
3356 1009 3573 1078 quidem
3613 1008 3670 1062 si
3700 1009 3755 1061 in

2171 1097 2531 1164 praesentibus
2559 1096 2964 1152 diﬁicultatibus
3005 1111 3071 1152 ac
3109 1098 3374 1154 molestiis
3402 1113 3559 1168 opem
3599 1101 3756 1152 suam

2173 1185 2456 1246 obscurius
2481 1187 2756 1254 declarat,
2794 1189 2848 1243 id
2881 1197 3105 1259 propter
3131 1198 3374 1244 nostram
3407 1189 3604 1243 accidit
3644 1205 3756 1242 ma-

2173 1277 2344 1332 litiam
2373 1293 2482 1348 quo
2509 1279 2770 1334 nimirum
2800 1280 2901 1334 hac
2929 1295 3027 1335 nos
3054 1281 3265 1335 ratione
3303 1281 3370 1334 ad
3404 1280 3529 1334 vitae
3567 1295 3756 1335 emen—

2171 1367 2445 1424 dationem
2486 1370 2724 1436 alliciat;
2783 1371 2868 1426 vel
2916 1371 3039 1426 ideo
3087 1387 3237 1436 sane,
3287 1387 3394 1442 quo
3439 1371 3653 1426 illorum
3701 1370 3756 1424 in

2171 1473 2272 1513 nos
2300 1459 2690 1528 malignitatem
2720 1476 2785 1515 ac
2812 1461 3224 1531 perversitatem
3249 1462 3430 1531 palam
3459 1461 3654 1526 faciat,
3686 1476 3756 1515 ne

2171 1547 2524 1604 subdolorum
2553 1551 2842 1606 virulentia
2886 1552 3083 1608 callide
3125 1553 3180 1607 in
3225 1553 3410 1609 animo
3447 1554 3716 1608 occultata
3739 1595 3752 1616 ,

2169 1647 2388 1694 maneat
2415 1641 2724 1710 incognita,
2773 1642 2870 1698 sed
2909 1642 3268 1712 quodcunque
3295 1643 3567 1699 occultum
3599 1645 3756 1698 abdi-

2169 1737 2392 1800 tumque
2417 1731 2470 1785 in
2503 1731 2718 1786 illorum
2751 1732 2950 1788 animis
2980 1733 3270 1799 delitescit,
3301 1733 3356 1790 id
3387 1741 3561 1788 totum
3590 1734 3646 1788 in
3676 1733 3747 1788 lu-

2168 1835 2286 1874 cem
2314 1821 2646 1891 proferatur.

565 1917 626 1970 Εί
655 1909 712 1971 δέ
753 1913 963 1990 ἀδελφός
1009 1920 1112 1976 ύπὸ
1158 1920 1366 1994 ἀδελφοῦ
1415 1920 1780 1994 βοηθούμενος,
1823 1923 1892 1982 ὡς
1923 1922 2062 1983 πόλις

2242 1909 2378 1976 Quia
2407 1927 2537 1980 ergo
2562 1911 2735 1968 frater
2774 1930 2804 1968 a
2848 1913 3022 1970 fratre
3062 1913 3311 1984 adjutus,
3356 1925 3442 1972 est
3468 1917 3634 1972 veluti
3670 1919 3751 1973 ci-

493 2009 694 2082 ὀχυροὶ,
743 2013 824 2062 καί
866 2013 1278 2084 μεμοχλευμένον
1319 2015 1604 2084 βασίλειον,
1657 2017 1792 2070 κατὰ
1833 2015 2072 2072 τόνΣολο-

495 2101 771 2167 μῶντειον,
821 2103 952 2171 ἡμᾶς
983 2105 1350 2168 ,νενουθέτηκε,
1395 2105 1572 2175 δέομαι
1628 2108 1717 2176 μέν
1777 2109 1864 2160 καί
1915 2102 2072 2160 ἄλλων

497 2187 730 2242 πλειόνων
762 2192 941 2262 εὐχῶν
982 2197 1054 2254 εἷς
1087 2194 1337 2265 βοήθειαν,
1369 2195 1594 2266 μάλιστα
1633 2195 1688 2251 δέ
1729 2199 1931 2252 πάντων
1979 2206 2072 2259 τῆς

501 2275 638 2344 ὑμῶν
678 2277 727 2330 ἐν
758 2281 1012 2349 πνεύματι
1049 2283 1404 2344 ποθεινοτάτης
1443 2287 1524 2338 καί
1569 2287 1708 2358 ἱερᾶς
1738 2284 2072 2358 άδελφότητος

494 2367 663 2442 ἱεραῖς
710 2371 893 2442 εὐχαῖς
933 2376 1020 2426 καί
1065 2377 1193 2449 πρός
1239 2376 1362 2430 Θεὸν
1403 2379 1684 2446 μεσιτείαις
1722 2383 2067 2452 κεχρήσομαι,

491 2457 566 2515 ὡς
597 2458 844 2528 μεγίστην
881 2462 998 2530 ήμῦθ
1036 2463 1306 2535 φερούσαις
1321 2460 1490 2521 ὄνησίν
1521 2485 1576 2520 τε
1606 2469 1689 2520 καί
1723 2467 2068 2540 ἐπικούρησιν,

489 2541 574 2600 οἷα
603 2555 713 2622 θεῷ
749 2549 1190 2620 πλησιαζούσαις,
1235 2557 1318 2609 καί
1356 2555 1484 2628 πρὸς
1529 2557 1587 2610 τό
1624 2553 1728 2610 ἄνω
1765 2560 1854 2612 καί
1901 2561 2071 2632 νοερόν

488 2637 880 2714 ἀναφερομέναις
923 2642 1303 2716 θυσιαστήριον,
1358 2645 1590 2719 καθαρῶς
1628 2647 2072 2720 προσομιλούντων

486 2725 632 2798 ὑμῶν
661 2732 746 2782 καί
779 2731 1143 2803 ἀκροωμένων,
1176 2738 1432 2804 σιγώντων
1469 2755 1523 2790 τε
1565 2739 1654 2790 καί
1700 2737 2068 2808 ἐπιϐοωμένων,

481 2818 716 2893 καθάπερ
760 2819 808 2874 οἱ
850 2823 972 2890 περί
1010 2823 1234 2876 Μωυσέα
1282 2826 1364 2877 καί
1409 2826 1636 2896 Σαμουὴλ
1679 2829 1952 2892 ἠκούοντο,
1987 2835 2072 2886 καί

485 2905 544 2961 εἴ
564 2928 642 2968 τις
671 2905 817 2968 ἄλλος
859 2910 971 2965 κατ’
987 2911 1176 2972 αύτούς
1214 2917 1330 2986 περὶ
1373 2921 1446 2984 τῷ
1477 2919 1746 2986 πνεύματι.
1791 2919 1880 2972 Διά
1919 2927 2070 2975 τοῦτο

483 2998 896 3071 συλλαμϐάνεσθὲ
941 3022 1038 3072 μου
1068 3010 1132 3076 τῇ
1173 3005 1424 3080 ἀσθενείᾳ,
1461 3009 1544 3060 καί
1581 3015 1773 3084 χεῖρας
1811 3009 1952 3070 όσάις
1995 3015 2070 3073 είς

483 3084 626 3155 ὕψος
651 3085 882 3162 διάρατε.
915 3094 1236 3164 Πεπείσμεθα
1265 3096 1366 3168 γάρ
1394 3096 1596 3150 ύπεῐναι
1628 3099 1729 3152 ἀπὸ
1749 3107 1841 3160 τῆς
1868 3103 2068 3180 παρρη-

480 3183 606 3238 σίας
629 3185 720 3238 τήν
753 3179 986 3252 δύναμιν,
1021 3181 1204 3238 ἄνωθεν
1231 3187 1352 3254 ἡμῖν
1397 3189 1482 3242 τὸν
1529 3185 1668 3242 ἔλεον
1701 3190 1946 3254 ἕλκοντες,
1983 3195 2067 3248 καί

480 3269 634 3325 ἵλεων
657 3273 744 3328 τόν
765 3275 888 3328 Θεὸν
909 3277 1031 3347 ἡμῖν
1053 3278 1394 3351 ἐργαζόμενοι,
1418 3277 1715 3350 δυναμῶσαι
1738 3286 1820 3336 καί
1845 3285 2067 3358 ἔπιρρῶ·

489 3382 588 3415 σαι
612 3363 670 3416 τὸ
698 3365 902 3425 ἀσθενές
937 3385 993 3422 τε
1015 3372 1100 3421 καὶ
1121 3365 1315 3433 ἄτονον,
1343 3373 1423 3423 καὶ
1449 3371 1533 3425 τὸν
1557 3373 1767 3444 θώρακα
1795 3377 2070 3446 ἠμφιεσμέ-

480 3472 606 3513 νους
642 3462 734 3515 τῆς
771 3459 998 3518 πίστεως
1025 3463 1105 3514 καί
1141 3465 1232 3520 τήν
1275 3462 1661 3536 περικεφαλαίαν
1705 3466 2068 3538 περιϐαλλομέ-

481 3566 626 3612 νους,
653 3556 830 3607 στῆναι
853 3553 1092 3622 γενναίως
1114 3553 1243 3627 πρός
1266 3555 1360 3614 τάς
1388 3555 1564 3628 ἀρχάς
1585 3558 1669 3609 καὶ
1695 3558 1787 3617 τὰς
1813 3559 2063 3624 ἐξουσίας,

481 3641 571 3692 καί
595 3642 712 3701 τοὺς
741 3644 1153 3722 κοσμοκράτορας
1174 3652 1267 3700 τοῦ
1311 3645 1528 3708 σκότους
1550 3654 1638 3704 τοῦ
1671 3650 1850 3708 αἰῶνος
1879 3651 2064 3706 τούτου

482 3732 618 3800 πρὸς
661 3734 729 3787 τά
770 3739 1088 3804 πνευματικά
1129 3746 1223 3798 τῆς
1269 3741 1550 3810 πονηρίας,
1591 3742 1722 3815 πρὸς
1765 3741 1826 3802 ἃς
1880 3745 2002 3815 ἡμῖν
2034 3745 2065 3802 ἡ

481 3823 622 3882 πάλη
666 3826 988 3891 καθέστηκεν,
1021 3827 1223 3902 ἔδραῖόν
1254 3850 1310 3885 τε
1346 3834 1432 3886 καί
1469 3833 1815 3892 ἀκατάϐλητον
1840 3843 1931 3894 τῆς
1958 3835 2062 3907 ψυ·

481 3919 591 3981 χῆς
626 3914 945 3986 φυλαχθῆναι
987 3915 1430 3990 [διαφυλαχθῆναι]
1475 3922 1533 3976 τό
1570 3922 1832 3989 σύντονον,
1863 3923 1938 3980 ἔτι
1978 3929 2066 3980 καί

477 4005 614 4078 πρὸς
647 4007 977 4070 ἀπειθοῦντας
1003 4013 1088 4064 καί
1131 4011 1517 4079 ἀντιτείνοντας,
1553 4017 1735 4076 αἰσίως
1774 4020 1856 4071 καί
1891 4016 2064 4083 δεξιῶς

476 4095 735 4168 φέρεσθαι,
776 4101 860 4152 καί
915 4104 984 4160 ὡς
1025 4102 1176 4157 τέκνα
1221 4105 1441 4166 τούτους
1489 4112 1582 4164 τῆς
1625 4105 1909 4169 Ἐκκλησίας
1950 4110 2062 4164 υἱο-

472 4189 754 4255 ποεεῖσθαι,
784 4192 867 4244 καί
914 4191 1152 4266 πρόϐατα
1201 4194 1401 4266 λογικῆς
1443 4195 1654 4270 [λογικά]
1697 4209 1790 4262 τῆς
1831 4203 2062 4265 ἐκλεκτῆς

470 4282 570 4332 τοῦ
594 4286 814 4354 Χριστοῦ
844 4283 1061 4353 ποίμνης
1091 4284 1500 4360 καταρτίζοντες,
1529 4291 1616 4343 καί
1637 4298 1699 4364 τῇ
1727 4292 1834 4366 θεία
1859 4291 2061 4368 μάνδρᾳ

466 4373 573 4427 fi:
594 4367 881 4432 ἐκκλησίας
925 4373 1265 4439 ἐναυλίζεσθαι
1309 4382 1805 4452 παρασκευάζοντες,
1829 4385 2060 4444 ἀνάλωτα

467 4466 584 4520 τοῖς
617 4458 832 4524 ἀνηλεῶς
867 4466 1246 4540 σπαράσσουσι
1289 4469 1456 4533 λύκοις
1507 4475 1732 4546 γίνεσθαι
1762 4484 1893 4538 ’τοῖς
1941 4477 2057 4550 ὀμο-

464 4549 609 4606 νοίας
633 4553 716 4603 καὶ
739 4554 1025 4622 συμπνοίας
1058 4557 1366 4632 σημάντροις
1403 4561 1854 4634 ἐσφραγισμένους,
1881 4549 2055 4624 ἀνεπισ

471 4640 780 4706 ϐουλεύτους
829 4649 912 4701 καί
965 4649 1223 4725 ἀτρώτους
1272 4649 1602 4726 ἐπάρχοντας
1648 4654 2049 4732 [διαμένοντας],

461 4731 557 4785 ἵνα
604 4742 665 4806 τῇ
709 4735 910 4792 πάντων
954 4739 1094 4808 ἡμῶν
1145 4742 1328 4816 κεφαλῇ
1372 4753 1579 4820 Χριστῷ
1615 4754 1686 4816 τῷ
1727 4750 2052 4825 ἀρχιποίμενι

464 4822 848 4883 ὖποτάσσοιντο
903 4833 990 4884 καί
1045 4832 1230 4891 εὐήνιον
1279 4835 1420 4906 αὐτῷ
1475 4837 1560 4890 τόν
1605 4839 1809 4910 αὐχένα
1860 4845 2050 4914 ύποφέ·

463 4930 604 4984 ροιεν
611 4954 622 4966 .

541 5155 851 5249 μαθαρθῆναι
884 5157 940 5216 δὲ
973 5165 1106 5237 ἡμᾶς
1134 5171 1216 5222 καί
1256 5169 1630 5247 λαμπρυνοῶαι
1649 5213 1663 5236 ,
1697 5180 1780 5231 καί
1817 5179 2051 5249 γενέσθαι

461 5238 632 5326 τέλεια
673 5245 864 5301 τελείου
908 5255 1068 5323 φωτὸς
1116 5261 1402 5326 ’γεννήματα
1424 5299 1440 5326 ,
1479 5263 1611 5316 ὥστε
1666 5261 1912 5322 δύνασθαι
1961 5273 2050 5325 καί

458 5325 635 5428 ξλλοις
663 5334 987 5428 μεταδιδόναι
1012 5325 1370 5420 λαμπρότητος
1395 5354 1475 5406 καί
1501 5353 1815 5428 καθάρσεως,
1849 5355 2047 5418 δοθῆναι

460 5417 522 5474 δὲ
567 5424 687 5495 ἡμῖν
729 5425 871 5500 λόγον
905 5428 956 5484 ἕν
1001 5435 1182 5498 ἀνοίξει
1208 5445 1299 5492 τοῦ
1331 5441 1589 5512 στόματος
1619 5447 1692 5506 είς
1723 5449 1780 5501 τό
1823 5449 2044 5527 πληροῦν

459 5512 584 5572 τούς
602 5515 950 5588 ἀκροωμένους
968 5525 1278 5595 πνεύματος,
1307 5533 1387 5584 καί
1413 5530 1696 5608 κηρύσσειν
1745 5512 1934 5603 ἆόκνωέ
1959 5549 2041 5599 καὶ

459 5607 860 5668 συντονωτάτως
899 5618 998 5666 τῶν
1042 5613 1148 5668 καθ’
1167 5619 1302 5690 ἡμᾶς
1343 5627 1642 5694 μυστηρίων
1676 5632 1767 5687 τήν
1807 5628 2036 5700 δύναμιν,

461 5693 768 5796 χαίρει-ι’·τοῦ
797 5709 1092 5772 τρανοῦντος
1118 5705 1354 5777 γλῶσσαν
1374 5693 1672 5784 μογμλιίλον
1689 5693 2034 5796 [μογιλάλωνῄ

463 5781 552 5834 καί
582 5781 744 5846 πόδας
791 5788 963 5861 ὀρθοῦν
1002 5791 1280 5866 δυναμένου
1330 5781 1673 5872 χωλεύοντας,
1711 5781 1800 5865 ’καί
1835 5781 2036 5887 τρέχείν

2095 3245 2136 3302 C

2079 4612 2134 4672 D

2171 2001 2312 2056 vitas
2353 2003 2594 2070 munita,
2639 2005 3010 2075 palatiumque
3054 2009 3324 2078 repagulis
3367 2010 3752 2076 obﬁrmatum,

2171 2092 2620 2160 quemadmodum
2636 2094 2890 2149 Salomon
2909 2096 3106 2152 alicubi
3127 2106 3359 2154 testatur
3376 2097 3557 2172 (Prov.
3572 2101 3751 2174 xvnr),

2169 2181 2464 2252 plurimum
2498 2186 2719 2255 quidem
2755 2187 3019 2243 orationis
3049 2189 3301 2260 imploro,
3349 2193 3492 2245 sicut
3517 2191 3754 2262 plurium

2171 2292 2384 2347 quoque
2420 2279 2657 2348 prsesidii
2697 2279 2952 2351 indigeo:
2987 2289 3045 2336 at
3079 2283 3322 2337 omnium
3353 2298 3483 2338 vero
3521 2285 3756 2340 maxime

2171 2373 2388 2422 sanctas
2409 2376 2613 2423 sancta:
2646 2377 2701 2423 et
2735 2369 2793 2424 in
2828 2371 3022 2440 spiritu
3055 2373 3532 2429 desideratissimm
3561 2375 3754 2431 frater-

2170 2459 2358 2515 nitatis
2389 2469 2800 2532 vestrmpreces
2840 2473 2896 2518 et
2935 2465 3002 2520 ad
3040 2465 3208 2520 Deum
3238 2466 3655 2524 intercessiones
3698 2469 3755 2524 in

2169 2555 2456 2622 praesentia
2484 2563 2699 2624 exopto,
2731 2557 3060 2628 easdemque
3096 2575 3441 2630 summopere
3470 2561 3750 2626 desidero;

2149 2647 2297 2698 “eum
2333 2645 2480 2698 enim
2512 2654 2616 2699 ture
2645 2662 2837 2715 preces
2874 2649 3018 2704 haud
3063 2665 3221 2706 secus
3263 2659 3425 2722 atque
3457 2652 3656 2724 Moysis
3701 2663 3756 2707 et

2173 2733 2472 2804 Samuelis,
2509 2746 2603 2793 aut
2633 2739 2681 2794 si
2709 2741 2980 2810 quispiam
3009 2743 3147 2799 alius
3174 2760 3417 2814 unquam
3447 2747 3534 2801 bis
3560 2747 3756 2801 similis

2169 2826 2409 2892 exstitit,
2454 2830 2526 2884 ob
2566 2831 2648 2884 sui
2689 2833 2983 2901 puritatem
3022 2835 3258 2890 maxime
3302 2837 3415 2892 Deo
3461 2837 3753 2906 appropin—

2169 2925 2366 2986 quent,
2396 2927 2650 2990 rectaque
2681 2923 2748 2977 ad
2775 2924 2998 2980 cmleste
3026 2925 3157 2982 illud
3185 2935 3241 2981 et
3271 2927 3552 2996 spirituale
3581 2928 3755 2983 altare

2169 3007 2430 3075 ferantur,
2461 3026 2566 3066 non
2602 3012 2912 3069 dubitamus
2945 3017 3076 3084 quin
3107 3018 3402 3073 maximam
3449 3019 3552 3075 illa:
3594 3021 3754 3075 nobis

2169 3113 2325 3168 opem
2373 3101 2767 3172 utilitatemque
2811 3105 3054 3161 allatura:
3107 3108 3236 3163 sint.
3301 3109 3469 3180 Opem
3521 3113 3749 3181 proinde

2169 3205 2304 3245 mere
2331 3190 2471 3246 ferte
2499 3193 2834 3261 inﬁrmitati,
2870 3207 3196 3270 sanctasque
3225 3211 3435 3258 vestras
3468 3219 3661 3262 manus
3696 3205 3750 3261 in

2170 3281 2340 3335 altum
2369 3285 2654 3340 sustollite.
2696 3286 3030 3345 Conﬁdimus
3057 3292 3201 3346 enim
3233 3293 3528 3349 elﬁcaciam
3557 3305 3752 3353 vestrae

2167 3371 2380 3428 ﬁduciae
2410 3391 2516 3430 non
2549 3377 2852 3434 defuturam
2876 3423 2891 3448 ,
2933 3385 3030 3438 sed
3062 3384 3158 3439 Dei
3196 3386 3622 3444 misericordiam
3658 3393 3752 3447 bc-

2167 3463 2612 3535 nignitatemque,
2644 3484 2741 3538 per
2769 3471 2909 3526 hanc
2937 3482 3284 3541 provocatam
3305 3517 3318 3544 ,
3347 3489 3568 3550 repente
3595 3483 3752 3537 nobis

2167 3550 2494 3620 adfuturam,
2525 3565 2878 3630 nostramque
2906 3561 3300 3634 inﬁrmitatem,
3325 3584 3388 3624 ac
3411 3571 3748 3628 debilitatem

2166 3643 2608 3701 conﬁrmaturam
2631 3651 3233 3726 corroboraturamqu'e,
3251 3673 3359 3727 quo
3381 3660 3504 3714 ﬁdei
3523 3661 3746 3718 loricam

2165 3732 2360 3800 induti,
2386 3744 2440 3790 et
2465 3738 2579 3807 spei
2607 3739 2757 3810 galea
2785 3742 3122 3801 circumtecti
3145 3745 3362 3818 (ΕρΙιεε.
3386 3767 3472 3818 vr;
3507 3753 3537 3806 Ι
3563 3753 3746 3810 Thess.

2161 3823 2218 3897 v)
2273 3826 2540 3898 intrepide
2573 3833 2966 3901 potestatibus,
3005 3837 3376 3908 principibus,
3410 3852 3462 3896 et
3499 3843 3751 3900 tenebra-

2163 3931 2284 3972 rum
2323 3921 2504 3974 sreculi
2543 3921 2704 3991 hujus
2737 3929 3126 3998 potentatibus,
3156 3934 3366 4002 spiritui
3395 3951 3609 4007 quoque
3633 3952 3748 3995 ma-

2163 4005 2327 4071 litiae,
2379 4011 2698 4079 quibuscum
2739 4027 3001 4087 perpetua
3043 4022 3199 4078 nobis
3241 4024 3384 4080 lucta
3426 4005 3746 4098 intercedit,

2161 4099 2510 4168 obsistamus,
2538 4111 2595 4158 et
2621 4106 2870 4162 stabilem
2901 4109 3392 4186 inconcussamque
3419 4119 3584 4174 animi
3615 4138 3748 4177 con-

2161 4190 2416 4244 stantiam
2446 4193 2814 4263 retineamus;
2873 4200 3102 4257 rebelles
3151 4215 3416 4274 praeterea
3463 4210 3742 4282 hucusque

2163 4281 2530 4350 adversantes,
2575 4285 2767 4344 dextre
2795 4289 3160 4362 decenterque
3189 4295 3408 4353 Christo
3433 4281 3743 4356 lucrifacia-

2159 4383 2314 4436 mus,
2345 4379 2400 4426 et
2426 4373 2590 4428 veluti
2622 4377 2926 4446 adoptionis
2954 4381 3094 4438 ﬁlios
3121 4394 3322 4441 sanctae
3359 4388 3452 4443 Dei
3489 4389 3743 4447 Ecclesia:

2159 4462 2526 4530 restituamus,
2556 4481 2684 4523 oves
2712 4469 2781 4524 ad
2807 4471 2926 4527 haec
2954 4474 3236 4532 rationalis
3265 4479 3534 4552 eiectique
3563 4488 3740 4555 gregis

2160 4550 2377 4610 Christo
2405 4557 2768 4628 perﬁciamus,
2819 4571 2875 4618 et
2916 4565 2970 4618 in
3012 4581 3196 4625 sacras
3231 4550 3486 4628 Ecclesia:
3531 4550 3736 4640 caulas,

2157 4655 2226 4695 ne
2269 4657 2300 4696 a
2345 4643 2486 4714 lupis
2528 4646 2838 4704 immaniter
2874 4653 3172 4712 dilacerare
3215 4659 3389 4716 solitis
3431 4665 3736 4734 capiantur,

2155 4729 2510 4800 inducamus,
2559 4751 2666 4806 quo
2706 4755 2894 4798 omnes
2934 4746 3150 4802 tandem
3189 4754 3564 4811 consensionis
3606 4773 3737 4812 con-

2155 4821 2460 4892 cordiaeque
2487 4825 2778 4898 signaculis
2803 4834 3018 4900 muniti,
3041 4835 3202 4894 nullis
3226 4840 3479 4912 deinceps
3505 4836 3734 4911 insidiis,

2154 4913 2314 4968 nullis
2344 4915 2720 4988 discerpuntur
2753 4927 3054 4994 morsibus,
3103 4931 3198 4986 sed
3231 4931 3449 4992 Christo
3490 4940 3732 4995 omnium

2153 5016 2395 5062 nostrum
2423 5011 2584 5079 capiti
2616 5013 2990 5088 subiiciantur,
3015 5023 3298 5096 eidemque
3322 5043 3493 5099 prona
3520 5037 3577 5088 et
3603 5033 3733 5089 obe—

2151 5095 2353 5152 dientia
2381 5101 2518 5155 colla
2543 5105 2880 5163 submittant.

2219 5187 2402 5255 Orate,
2433 5191 2678 5260 obsecro,
2706 5195 3082 5270 instanterque
3117 5216 3322 5278 rogate,
3352 5215 3408 5264 ut
3437 5209 3579 5266 idem
3612 5212 3731 5284 ipse

2149 5293 2248 5332 nos
2304 5280 2608 5339 illuminare
2659 5301 2723 5342 ac
2772 5293 3069 5351 emundare
3123 5297 3406 5370 dignetur,
3469 5317 3578 5373 quo
3631 5280 3727 5360 filii

2145 5367 2400 5437 perfecta:
2446 5371 2583 5429 lucis
2628 5375 2846 5446 effecti,
2900 5383 3036 5439 alios
3068 5367 3282 5456 quoque
3331 5367 3637 5452 illuminare
3674 5406 3730 5452 et

2145 5458 2439 5515 emundare
2459 5462 2764 5534 valeamus;
2793 5484 3095 5529 sermonem
3117 5477 3466 5538 nihilominus
3490 5481 3546 5538 in
3570 5500 3727 5556 aper-

2149 5549 2296 5604 tione
2320 5553 2432 5608 oris
2457 5555 2845 5627 subministret,
2872 5578 2976 5632 quo
2997 5567 3272 5626 auditores
3292 5581 3509 5629 nostros
3531 5579 3726 5647 spiritu

2147 5640 2568 5713 adimpleamus,
2613 5657 2668 5705 et
2707 5656 3087 5724 mysteriorum
3132 5671 3436 5721 nostrorum
3467 5669 3721 5727 virtutem

2145 5729 2371 5804 impigre
2415 5753 2715 5810 magnaque
2759 5759 2880 5800 cum
2923 5753 3268 5810 contentione
3301 5757 3726 5826 depr'ndicemus

2145 5822 2284 5880 illius
2328 5843 2540 5898 semper
2573 5831 2742 5902 gratia
2911 5840 2952 5881 ει
2980 5826 3126 5886 ὺτιίλί
3153 5871 3171 5899 ›
3270 5822 3380 5904 (ιυῖ
3528 5854 3718 5908 balbu-
