3978 6432
407 387 509 456 1⁵19

1435 388 1499 451 S.
1534 387 1953 453 NICEPHORI
1996 392 2502 459 PATRIARCHIE
2538 395 2647 463 (ΞΡ.

3565 408 3656 476 180

415 513 662 571 tiemium
696 511 905 584 linguas
930 511 1060 568 facit
1090 512 1341 580 disertas,
1375 520 1433 570 et
1459 514 1857 570 claudicantum
1897 529 1986 585 pe-

2090 516 2251 578 καλῶς
2277 518 2409 591 πρός
2427 522 2514 576 τήν
2539 523 2631 573 τοῦ
2666 519 2966 591 Εὐαγγελέου
3004 523 3307 591 ἑτοιμασίαν
3332 544 3645 600 κρατυνοντος

410 608 528 670 des,
552 612 611 660 ut
633 605 701 659 ad
715 604 988 675 Evangelii
1011 605 1446 682 praedicationem
1467 606 1719 661 alacriter
1737 615 1977 672 currant,

406 695 696 752 conﬁrmat
723 695 1161 766 consolidatque;
1192 697 1450 762 talentum
1476 707 1736 767 praeterea
1762 713 1981 752 concre-

332 790 337 817 :
407 789 577 843 duum
607 787 959 857 multiplica,
1002 794 1063 842 ut
1100 795 1340 856 tempore
1375 796 1698 855 opportuno,
1744 787 1798 841 id
1840 787 1984 857 quod

405 878 787 947 patrifamilias
836 879 1091 947 debetur,
1142 894 1249 933 non
1297 879 1498 947 absque
1542 875 1727 932 fenore
1773 879 1983 932 restitui

406 967 716 1037 contingat;
764 980 937 1034 neque
970 966 1024 1020 id
1054 966 1224 1020 solum
1255 965 1408 1020 nobis
1438 965 1800 1035 impertiatur,
1834 974 1895 1020 ut
1927 967 1983 1021 in

405 1056 574 1112 fertili
625 1057 712 1113 illa
757 1058 912 1111 vinea
957 1070 1257 1125 operemur,
1310 1055 1405 1109 sed
1445 1055 1688 1110 laborum
1718 1057 1983 1126 gravitate

406 1148 760 1217 molestiaque
807 1160 961 1215 :equo
1009 1146 1190 1199 animo
1241 1145 1525 1210 toleratis,
1585 1155 1827 1217 testuque
1873 1148 1981 1202 diei

405 1238 697 1298 exantlato,
739 1235 1068 1306 Operationis
1099 1249 1312 1304 quoque
1348 1236 1625 1303 prtemium
1659 1236 1978 1303 referamus,

401 1335 463 1381 et
500 1326 584 1380 his
619 1324 711 1394 qui
747 1328 886 1379 citra
921 1323 1228 1393 pactionem
1261 1325 1360 1377 sub
1391 1325 1727 1379 undecimam
1759 1312 1983 1380 introie-

400 1404 554 1480 rant,-
576 1416 630 1470 in
654 1416 905 1471 mercede
929 1414 1304 1485 consequenda
1330 1432 1604 1486 aequentur
1628 1408 1841 1489 (Matth.
1862 1416 1975 1488 xx);

408 1506 642 1577 denique
671 1508 869 1564 mentis
900 1517 1097 1563 nostrai
1124 1507 1335 1562 oculum
1368 1508 1630 1574 illustret,
1662 1518 1721 1562 ut
1750 1510 1981 1578 spiritali

404 1601 526 1657 luce
551 1602 827 1668 illustrati,
849 1603 1167 1672 sublatoque
1192 1612 1246 1657 et
1268 1603 1414 1657 eluto
1437 1604 1579 1673 quod
1600 1604 1791 1658 animas
1811 1605 1981 1659 aciem

406 1680 763 1745 conturbabat
820 1699 875 1747 et
929 1692 1262 1747 intellectum
1317 1702 1559 1746 nostrum
1618 1692 1976 1759 obfuscabat,

402 1782 841 1852 propheticarum
868 1799 1058 1838 vocum
1096 1799 1311 1838 sensum
1352 1785 1606 1853 liquidius
1642 1786 1976 1850 hauriamus,

405 1872 817 1941 divinorumque
836 1881 1225 1941 praeceptorum
1250 1874 1545 1929 ministeria
1572 1874 1803 1929 alacrius
1823 1877 1980 1929 obea—
2007 1858 2054 1916 Β

403 1975 553 2022 mus,
603 1968 660 2015 et
704 1976 772 2015 ne
815 1961 885 2015 ab
923 1960 1357 2016 adversariorum
1393 1961 1589 2030 jaculis
1632 1964 1975 2032 impetamur,

402 2051 699 2109 studiosius
742 2067 1065 2118 caveamus,
1122 2067 1326 2122 nosque
1375 2054 1741 2108 custodiamus
1776 2062 1839 2107 et
1883 2053 1980 2108 ira:

404 2144 601 2198 divinm
643 2144 881 2215 gladium
927 2143 1302 2213 peccatoribus
1348 2144 1720 2198 imminentem
1765 2126 1979 2199 cautius

401 2234 812 2305 prmvideamus,
846 2242 906 2287 ut
936 2234 980 2288 si
1008 2234 1223 2302 quidem
1251 2233 1365 2288 fieri
1394 2241 1604 2303 potest,
1632 2234 1873 2305 periculo
1903 2235 1982 2288 in-

402 2325 641 2391 tellecto,
671 2326 995 2395 numineque
1025 2326 1259 2395 placato,
1305 2333 1413 2379 tam
1453 2326 1555 2396 ipsi
1593 2341 1755 2395 quam
1785 2326 1979 2396 reliqui

403 2433 634 2489 quorum
688 2419 852 2474 duces
900 2418 1180 2477 constituti
1235 2433 1459 2483 sumus,
1508 2426 1791 2472 venturam
1843 2418 1979 2472 iram

402 2509 721 2582 eﬂ'ugiamus
765 2529 777 2564 :
829 2512 971 2580 quod
1019 2512 1064 2566 si
1110 2522 1398 2580 utrumque
1442 2510 1700 2580 consequi
1748 2525 1982 2579 nequea-

404 2618 559 2666 mus,
595 2602 785 2657 saltem
824 2604 1057 2658 animam
1096 2618 1305 2667 meam,
1348 2602 1501 2672 juxta
1536 2599 1666 2669 justi
1702 2600 1846 2655 illius
1879 2600 1980 2655 Lot

404 2696 743 2767 exemplum,
778 2696 868 2765 qui
905 2696 1139 2749 animam
1178 2710 1329 2749 suam
1360 2694 1427 2748 ab
1457 2694 1706 2748 incendio
1748 2692 1981 2747 liberare

402 2789 684 2859 satagebat
698 2786 849 2858 (Gen.
868 2804 982 2851 xu,
998 2788 1108 2857 22),
1126 2787 1324 2842 salvam
1346 2785 1557 2840 faciam.
1577 2787 1780 2840 Vestrae
1802 2786 1981 2855 itaque

401 2892 618 2948 preces,
660 2878 1060 2949 spiritualisque
1087 2878 1317 2948 praesidii
1346 2884 1571 2931 conatus
1601 2877 1706 2933 huc
1737 2879 1977 2929 tendant.

401 2966 477 3021 At
515 2968 641 3036 quia
684 2968 897 3023 occasio
940 2968 1011 3020 ita
1057 2967 1206 3030 tulit,
1251 2968 1397 3021 lubet
1430 2967 1531 3021 hoc
1572 2966 1691 3020 loco
1729 2981 1980 3035 magnam

406 3057 553 3111 illam
576 3073 931 3128 souoramque
952 3059 1255 3122 buccinam,
1275 3058 1796 3127 disertissimumque
1812 3056 1985 3111 Evan-

2085 608 2167 661 καί
2215 608 2540 681 στηρίζοντος
2558 624 2571 638 ⁶
2625 608 3073 666 πολλαπλασιάσαι
3115 610 3171 667 δέ
3212 614 3273 669 τό
3324 621 3649 691 συγχωρηθὲν

2082 698 2324 754 τάλαντον
2355 702 2434 753 καί
2467 699 2516 752 έν
2558 707 2716 773 καιρῷ
2752 699 3035 757 ἀποδοῦναι
3060 706 3155 758 σύν
3181 702 3310 777 τόκῳ
3330 713 3404 775 τῷ
3431 706 3645 784 δεσπότῃ

2081 791 2141 845 τό
2180 790 2510 861 ὀφειλόμενον*
2538 791 2838 865 έργάζεσθαι
2876 790 2930 847 δέ
2965 794 3037 854 είς
3073 794 3161 849 τόν
3187 795 3332 850 καλὸν
3361 794 3647 867 ἀμπελῶνα,

2082 885 2166 937 καί
2191 884 2251 938 τό
2281 881 2489 953 δόκιμον
2513 890 2603 942 τῆς
2633 884 2878 954 ἐργασίας
2902 885 3292 955 ἀπενέγκασθαι,
3324 885 3651 960 διενεγκόντας

2082 975 2172 1043 μέν
2200 980 2299 1028 τῶν
2322 973 2488 1028 πόνων
2530 972 2917 1043 μεγαλοψύχως
2943 974 3002 1028 τὸ
3035 975 3173 1049 βαρύ
3204 996 3259 1031 τε
3290 980 3374 1031 καί
3400 977 3653 1049 δυσαχθε..

2080 1081 2269 1116 στατον
2298 1063 2379 1115 καί
2422 1061 2793 1131 βαστάσαντας
2822 1065 3056 1132 γενναίως
3084 1073 3174 1123 τῆς
3202 1066 3390 1139 ἡμέρας
3409 1070 3495 1121 τόν
3526 1072 3650 1123 καύ-

2103 1166 2244 1213 σονα.
2268 1153 2354 1205 καί
2382 1160 2487 1211 τοῖς
2509 1154 2629 1223 περί
2656 1157 2745 1210 τὴν
2771 1149 3035 1212 ἑνδεκάτην
3056 1158 3298 1209 εἰσιοῦσιν
3326 1158 3653 1227 ἀσυμφώνους

2082 1245 2141 1299 έν.
2165 1252 2228 1319 τῇ
2262 1242 2470 1316 διανομῇ
2496 1251 2590 1302 τῆς
2623 1241 3027 1312 μισθαποδοσίας
3058 1245 3650 1315 συγκαταλεχθήσεσθαυ

2083 1334 2389 1403 αὐγασθὼαι
2430 1330 2484 1386 δέ
2530 1329 2671 1401 ἡμῶν
2706 1341 2796 1391 τῆς
2847 1331 3067 1392 διανοίας
3110 1335 3166 1387 τὸ
3208 1336 3434 1397 όπτικόν,
3469 1340 3554 1391 καί
3599 1348 3656 1408 τῇ

2082 1421 2299 1498 διόπτρᾳ
2339 1418 2717 1483 δνατενίζοντας
2745 1428 2807 1491 τῇ
2833 1426 2923 1474 τοῦ
2954 1423 3241 1492 πνεύματος
3258 1461 3273 1485 ,
3305 1426 3438 1478 ὥστε
3463 1445 3656 1499 προφη-

2081 1521 2232 1569 τικῶν
2262 1520 2432 1582 φωνῶν
2464 1512 2721 1586 ἀκροατάς
2761 1513 3012 1583 γίνεσθαι,
3062 1513 3202 1565 θείων
3236 1532 3292 1567 τε
3328 1518 3655 1587 προσταγμάσ

2082 1625 2180 1660 των
2221 1600 2517 1676 προθύμους
2578 1602 2838 1673 ὑπηρέτας
2882 1605 2969 1655 καί
2998 1603 3183 1657 τούτου
3231 1602 3661 1677 ὐποδεδεγμένους

2081 1702 2171 1754 τήν
2212 1693 2425 1766 δωρεάν,
2450 1695 2507 1747 τὸ
2546 1692 2712 1746 θολοῦν
2739 1694 2824 1747 τόν
2863 1701 2955 1753 τῆς
2990 1692 3173 1763 ψυχῆς
3216 1695 3461 1766 ὀφθαλμόν
3494 1699 3582 1752 καὶ
3603 1707 3659 1754 τὸ

2085 1788 2134 1842 ἐν
2163 1790 2280 1857 ὑμῖν
2312 1790 2483 1855 νοιρίν
2512 1786 2801 1849 έπισκιοὶζον
2845 1785 3228 1859 έκκαθαίρεσθαι
3257 1790 3344 1840 καί
3386 1790 3660 1842 ἀπονίπτε-

2082 1879 2222 1935 σθαι.
2253 1875 2575 1945 πανταχόθεν
2615 1877 2706 1944 μέν
2742 1874 2958 1935 έαυτούς
3004 1882 3384 1950 περιφρουρεῖν,
3425 1879 3515 1930 καί
3550 1897 3662 1931 συν-

2079 1975 2251 2042 τηρεῖν
2286 1973 2399 2026 ταῖς
2440 1972 2540 2020 τῶν
2583 1962 2816 2020 έναντίων
2841 1964 3011 2035 βολέσι
3038 1966 3202 2034 μένειν
3251 1966 3661 2039 ἀπροσϐλήτους,

2079 2055 2390 2129 προϐλέπειν
2416 2051 2467 2113 δέ
2491 2059 2581 2111 την
2610 2053 2877 2126 ῥομφαίαν,
2907 2052 3051 2108 ηνίκα
3072 2053 3156 2105 έπί
3182 2061 3290 2113 τοῖς
3316 2052 3661 2128 ἁμαρτάνουσι

2080 2144 2320 2205 θεήλατος
2347 2143 2702 2217 παραγίνεται,
2722 2140 2803 2195 ἶνα
2829 2142 2872 2193 εί
2896 2142 2987 2211 μέν
3016 2136 3121 2195 οἶόν
3149 2161 3203 2195 τε
3229 2141 3504 2215 παράσχῃ
3524 2143 3661 2208 Θεὸς,

2082 2231 2186 2297 ὅτε,
2216 2233 2472 2303 σημαίνων
2512 2236 2603 2290 τήν
2642 2229 2809 2303 ἔφοδον
2833 2231 2892 2287 τὸ
2936 2231 3067 2285 θεῖον
3108 2231 3481 2304 ἆξιλεούμενος,
3517 2231 3664 2292 αὐτὸς

2080 2342 2136 2377 τε
2171 2325 2248 2378 καί
2278 2321 2329 2376 οί
2355 2321 2729 2401 κηρυσσόμενοι
2767 2321 2821 2374 ίκ
2858 2327 2949 2381 τῆς
2986 2319 3139 2393 ὀργῆς
3181 2318 3472 2395 διαφύγοιεν
3492 2337 3507 2353 ⁶
3538 2325 3583 2378 εί
3609 2321 3660 2377 δέ

2079 2420 2151 2486 μή
2196 2421 2377 2480 τοῦτο,
2414 2418 2504 2473 τήν
2545 2420 2663 2485 γοῦν
2714 2412 2936 2481 ἐμαυτοῦ
2989 2409 3326 2478 διασώσωμαι
3423 2406 3601 2478 ψυχήν
3624 2424 3639 2439 ⁸

2080 2510 2213 2564 κατά
2237 2509 2325 2564 τόν
2347 2510 2465 2562 Λὼτ
2492 2506 2690 2569 έκεῖνον,
2712 2505 2795 2559 τόν
2820 2501 3034 2566 δίκαιον,
3071 2498 3131 2563 ός
3156 2510 3327 2559 σῶσαι
3356 2509 3449 2563 τήν
3477 2504 3665 2559 έαυτοῦ

2081 2602 2264 2675 ψυχήν
2292 2607 2381 2658 τοῦ
2416 2603 2717 2677 έμπρησμοῦ
2759 2594 3298 2673 διεπραγματεύσατο.
3337 2597 3437 2649 lati
3474 2597 3543 2650 τά
3577 2595 3667 2664 μέν

2081 2702 2177 2754 τῆς
2224 2694 2476 2763 ὑμετέρας
2525 2692 2687 2761 εὐχῆς
2712 2710 2767 2745 τε
2810 2692 2893 2743 καί
2941 2695 3284 2758 πνευματικῆς
3354 2686 3670 2757 συμμαχίας

2081 2785 2299 2841 ἐνταῦθα
2331 2784 2532 2837 κείσθω.
2578 2784 2753 2854 ιαιρός
2794 2778 2848 2835 δέ
2889 2780 3057 2834 λοιπὸν
3091 2779 3306 2854 πάρεστι
3332 2780 3431 2835 τήν
3458 2775 3673 2847 μεγάλην

2080 2887 2173 2938 τῆς
2208 2878 2437 2938 ἀληθείας
2464 2876 2745 2946 σάλπιγγα,
2776 2876 2863 2929 τὸν
2896 2873 3372 2945 μεγαλοφωνότατου
3399 2876 3489 2926 τοῦ
3514 2871 3673 2942 Εὐαγ-

2082 2969 2248 3041 γε).ίου
2298 2970 2527 3038 κήρυκα,
2579 2965 2771 3019 Παῦλον
2818 2966 3136 3037 καταθρῆσαι
3176 2962 3261 3016 τὸν
3303 2958 3538 3031 ἀοίδιμον
3591 2959 3675 3017 ιπι

2082 3065 2191 3117 τοῖς
2222 3057 2375 3112 πάλαι
2414 3063 2618 3115 πιστοῖς
2645 3058 2903 3124 Ῥωμαίοις
2927 3050 3055 3123 ἄγαν
3087 3051 3560 3126 παρακαλούμενον,
3591 3052 3676 3107 καί

405 3148 530 3219 gelii
557 3164 856 3219 praeconem
873 3189 888 3213 ,
916 3149 1219 3219 apostolum
1246 3148 1468 3203 Paulum
1496 3148 1707 3203 audire.
1751 3147 1852 3203 Hic
1878 3147 1981 3202 ita-

2087 3151 2190 3209 οἴον
2228 3161 2512 3227 σκιρτῶντα
2546 3158 2617 3221 τῷ
2649 3152 2923 3221 πνεύματι,
2954 3148 3194 3224 καὶπρὸς
3222 3147 3281 3202 τὸ
3315 3156 3414 3208 τῆς
3447 3150 3671 3205 πίστεως

2130 3249 2142 3259 ι
2193 3254 2214 3259 ..
2441 3244 2465 3259 ι
2505 3253 2525 3259 -
2680 3247 2690 3259 I
2723 3244 2747 3259 Α
2854 3242 2866 3259 1
3245 3244 3268 3255 ι-
3490 3242 3501 3259 I
3580 3237 3633 3259 λ-

404 3258 510 3313 que
537 3242 603 3296 de
633 3251 873 3297 veterum
901 3241 1266 3296 Romanorum
1296 3240 1528 3309 fervore,
1557 3239 1982 3309 eorumdemque

2085 3249 2249 3303 αὐτῶν
2294 3244 2575 3309 σπουδαῖον
2608 3247 2693 3297 καί
2722 3242 2924 3316 θερμὸν,
2956 3244 3369 3312 μεγαφρονοῦντα
3416 3242 3504 3294 καί
3532 3237 3666 3311 φιλο·

404 3332 462 3386 in
501 3331 604 3386 ﬁde
641 3339 696 3387 et
733 3330 990 3401 religione
1025 3331 1329 3386 constantia
1366 3330 1623 3399 majorem
1664 3330 1719 3385 in
1758 3330 1981 3384 modum

406 3422 462 3475 in
495 3421 685 3490 spiritu
722 3421 1022 3485 exsultans,
1060 3421 1300 3490 adeoque
1339 3421 1391 3474 in
1428 3420 1669 3490 Epistola
1712 3436 1872 3489 quam
1915 3418 1983 3474 ad

405 3512 554 3580 ipsos
582 3510 789 3575 scribit,
812 3525 919 3565 non
945 3510 1147 3579 absque
1172 3518 1357 3564 saneta
1380 3510 1611 3578 quadam
1634 3509 1976 3579 gloriatione,

405 3602 730 3671 illorumque
774 3600 1029 3670 pietatem
1073 3611 1129 3653 et
1169 3598 1328 3653 fidem
1382 3607 1494 3657 toto
1540 3606 1809 3654 terrarum
1852 3597 1984 3653 orbe

408 3691 672 3762 divulgari
699 3698 754 3746 et
777 3690 1038 3746 celebrari
1061 3690 1295 3760 jactans,
1322 3687 1643 3758 publiceque
1672 3696 1986 3744 contestans

408 3785 552 3839 inter
590 3792 782 3839 czetera
822 3783 896 3837 ita
926 3783 1162 3837 scribit:
1201 3779 1413 3835 Gratias
1441 3797 1538 3850 ago
1567 3779 1677 3833 Deo
1712 3796 1847 3846 nteo,
1893 3795 1985 3849 per

407 3875 591 3931 Iesum
621 3873 886 3929 Christum
913 3890 1006 3945 pro
1041 3872 1280 3928 omnibus
1305 3872 1470 3936 vobis,
1496 3871 1621 3942 quia
1647 3870 1779 3939 ﬁdes
1812 3879 1985 3925 vestra

410 3967 760 4020 ummntiatur
780 3965 835 4019 in
860 3965 1099 4033 universo
1129 3962 1322 4017 mundo
1346 3960 1523 4034 (Rom.
1548 3977 1586 4027 ι,
1609 3960 1685 4032 8).
1721 3960 1828 4016 Sed
1852 3976 1986 4015 nun-

413 4057 540 4128 quid
572 4071 707 4125 pura
737 4056 826 4110 illa
856 4056 1176 4123 sinceraque
1198 4053 1472 4124 Evangelii
1505 4053 1671 4119 nostri
1700 4051 1853 4119 fides,
1894 4068 1993 4107 ex-

412 4156 497 4201 tra
525 4162 684 4215 quam
722 4146 825 4200 alia
863 4145 1005 4199 nulla
1033 4155 1117 4199 est
1139 4184 1156 4209 ,
1206 4144 1347 4199 inter
1376 4144 1745 4198 Romanorum
1776 4151 1988 4197 tantum

412 4238 551 4293 ﬁnes
574 4236 829 4292 conclusa
854 4237 1107 4291 tenetur?
1136 4233 1506 4305 Nequaquam.
1540 4232 1694 4287 Nulla
1724 4236 1869 4287 enim
1896 4232 1988 4286 illa

411 4338 548 4395 certi
593 4335 890 4407 cuiuspiam
920 4334 1024 4389 loci
1071 4332 1317 4388 terminis
1361 4328 1844 4393 circumscribitur,
1892 4341 1988 4382 ve-

410 4445 533 4485 rum
567 4436 673 4483 tam
703 4427 812 4482 late
839 4424 1178 4489 diffunditur,
1215 4422 1515 4491 diffusaque
1539 4426 1894 4490 propagatur,
1929 4425 1991 4472 ut

412 4517 742 4588 prophetiae
799 4513 1214 4585 apostolicaaque
1264 4526 1427 4566 voces
1479 4517 1827 4578 erumpentes
1853 4548 1869 4573 ,
1928 4508 1984 4561 in
2010 4532 2063 4591 D

414 4621 631 4662 omnem
661 4615 859 4659 terram
878 4603 1071 4658 divina:
1090 4600 1491 4671 praedicationis
1510 4613 1701 4654 sonum
1726 4598 1979 4661 exivisse,

415 4704 473 4753 et
508 4696 562 4749 in
601 4694 734 4748 fines
769 4693 917 4747 orbis
952 4700 1111 4746 terra:
1148 4690 1450 4745 caelestium
1487 4703 1795 4758 praeconum
1822 4688 1988 4741 verba

408 4780 760 4861 personuisse
780 4775 957 4851 (Rom.
976 4792 1035 4843 ις
1055 4780 1203 4833 Ρεαι.
1224 4776 1403 4847 xviii),
1420 4774 1690 4831 amrmare
1706 4788 1815 4830 uon
1838 4771 2000 4828 dubi-

414 4884 552 4928 tent.
585 4864 705 4927 lmo~
730 4886 881 4935 vero,
912 4880 973 4926 ut
1002 4871 1235 4942 amplius
1274 4871 1532 4941 quiddam
1570 4868 1772 4931 dicam,
1806 4865 1898 4920 illa
1936 4881 2003 4919 ne

411 4964 482 5020 ab
511 4964 643 5032 ipsis
671 4965 889 5035 quidem
922 4964 1101 5030 cmlis,
1127 4964 1510 5034 supremisque
1531 4971 1587 5017 et
1616 4956 1998 5015 intellectuali-

410 5056 519 5113 lrus
538 5057 832 5112 virtutibus
858 5055 1160 5111 secluditur
1186 5071 1203 5119 ;
1225 5070 1350 5109 nam
1376 5054 1480 5111 etsi
1505 5052 1755 5123 superior
1776 5049 1866 5103 illa
1898 5048 2001 5103 Ec-

412 5148 580 5205 clesia
605 5149 1090 5221 primogenitorum
1115 5148 1170 5203 in
1195 5148 1348 5203 caelis
1365 5146 1685 5218 jusliﬂcata,
1702 5143 1893 5198 civitas
1908 5156 2000 5196 eo-

413 5258 533 5296 rum
567 5241 661 5311 qui
694 5256 790 5311 per
816 5240 973 5296 fidem
1002 5241 1285 5308 justificati
1313 5248 1441 5294 sunt
1464 5236 1641 5306 (Rom.
1661 5237 1741 5305 ν),
1762 5232 2003 5290 caelestis

421 5319 786 5385 Hierusalem,
874 5318 1032 5390 cujus
1115 5318 1366 5373 conditor
1404 5323 1462 5371 et
1498 5315 1679 5387 opifex
1711 5323 1794 5371 est
1830 5316 1995 5383 Deus,

416 5410 515 5481 qui
539 5420 751 5467 terrena
776 5409 1088 5487 ctelestibus
1113 5406 1442 5472 conciliavit,
1464 5414 1520 5462 et
1540 5405 1830 5460 maceriem
1854 5405 1998 5476 scpis

423 5501 625 5568 diruit,
669 5511 723 5556 et
761 5514 919 5555 ovem
959 5498 1223 5569 perditam
1255 5496 1310 5551 in
1340 5497 1566 5552 humero
1595 5496 1865 5552 sublatam
1902 5512 2000 5567 per

2082 3336 2402 3408 τιμούμενον,
2430 3336 2515 3388 καί
2549 3338 2933 3407 μαρτυροῦντα,
2966 3326 3181 3401 έφ’ὄλοις
3227 3348 3282 3384 τε
3333 3334 3426 3384 τοῦ
3476 3328 3669 3397 κόσμου

2083 3434 2197 3486 τοῖς
2253 3427 2446 3498 πέρασι
2505 3419 2912 3498 περιηχούμενον
2960 3421 3043 3474 καί
3096 3416 3543 3491 διαγγελλόμενον,
3592 3418 3673 3471 καί

2085 3518 2524 3589 μεγαλαυχοῦντα
2568 3515 2748 3586 λέγειν’
2802 3511 2866 3567 δι’
2888 3509 2955 3565 ὧν
3002 3513 3177 3572 αὐτοῖς
3213 3512 3528 3565 ἐπιστέλλων
3569 3510 3675 3581 φαί-

2082 3628 2222 3663 νεται
2252 3621 2267 3637 ⁸
2303 3623 2322 3656 ε
2354 3607 2664 3680 Εὐχαριστῶ
2713 3610 2787 3675 τῷ
2851 3597 2960 3656 Oro;
3009 3622 3107 3673 μου
3149 3599 3280 3671 [διά
3328 3601 3499 3659 Ἰησοῦ
3550 3609 3672 3672 Χρι-

2082 3705 2211 3755 στοῦ
2246 3699 2378 3770 ὑπέρ
2429 3698 2632 3751 πάντων
2696 3690 2903 3767 ὐμῶν],
2956 3690 3033 3747 ὅτι
3079 3694 3109 3749 ti
3172 3694 3351 3751 πίστις
3394 3694 3539 3762 ὐμῶν
3585 3710 3675 3744 κα-

2082 3787 2408 3859 ταγγέλλεται
2466 3784 2514 3838 έν
2557 3781 2656 3855 ὅλῳ
2701 3789 2775 3855 τῷ
2821 3782 3024 3852 κόσμῳ.
3070 3799 3089 3832 ι
3129 3783 3217 3835 ἰαί
3273 3778 3454 3839 έπειδή
3510 3780 3543 3838 ἦ
3577 3778 3683 3833 καθ’

2083 3878 2218 3949 ἡμᾶς
2244 3883 2332 3931 τοῦ
2358 3874 2662 3947 Εὐαγγελίου
2700 3873 2894 3942 καθαρά
2922 3874 3004 3926 καί
3032 3869 3301 3930 ἆκίϐδηλος
3337 3873 3548 3935 πίστις,
3581 3870 3669 3923 καί

2084 3964 2217 4039 ὐπέρ
2243 3966 2299 4023 ἣν
2329 3966 2414 4017 οὐκ
2441 3961 2471 4017 ἒ
2475 3982 2587 4018 στιν
2618 3962 2784 4038 έτέρα.
2805 3953 2921 4015 οὔτε
2953 3967 3244 4030 Ῥωμαϊκοῖς
3275 3956 3424 4030 ὅροις
3457 3955 3678 4014 συστελο

2084 4058 2264 4131 λομένη
2319 4055 2705 4129 περιγράφεται,
2749 4049 2866 4107 οὐτε
2918 4052 3111 4126 πέρασι
3163 4053 3523 4121 περικοσμίοις
3572 4046 3678 4120 όρί-

2087 4150 2246 4211 ζεται,
2276 4148 2363 4200 ίπί
2397 4150 2643 4199 τοσοῦτον
2692 4140 2746 4197 δέ
2783 4142 2970 4213 μᾶλλον
2998 4141 3366 4215 ὑπερήπλωται
3402 4144 3489 4196 καί
3515 4145 3673 4215 ὑπερ·-

2087 4237 2305 4305 κέχυται
2327 4274 2343 4299 ,
2394 4237 2480 4287 καί
2530 4240 2859 4307 προφητικαῖς
2923 4235 3009 4287 καί
3067 4232 3433 4293 άποστολικαῖς
3497 4236 3679 4305 φωναῖς

2085 4325 2485 4400 παρορμῶμενος
2539 4324 2723 4395 φάναι·
2771 4338 2791 4371 ε
2843 4324 2932 4382 Εἰς
2993 4325 3172 4376 πᾶσαν
3225 4325 3317 4380 τήν
3371 4314 3535 4391 γῆνό
3584 4314 3677 4383 τού

2087 4415 2218 4469 θείου
2265 4411 2588 4486 κηρύγματος
2640 4412 2847 4485 φθόγγος
2904 4411 3157 4475 ἐξελήλυθε
3210 4412 3298 4464 καί
3351 4412 3429 4471 είς
3473 4412 3541 4469 τά
3586 4408 3678 4465 πίε-

2086 4523 2220 4578 ρατα
2265 4510 2357 4563 τῆς
2403 4503 2699 4572 οἰκουμένης
2734 4508 2831 4557 τῶν
2885 4500 3240 4577 κηρυσσόντων
3280 4502 3346 4555 τά
3392 4501 3624 4578 ῥήματα.
3655 4515 3673 4547 ι

2090 4572 2150 4650 τε
2204 4593 2257 4649 δέ
2310 4592 2389 4648 δεῖ
2429 4597 2513 4648 καὶ
2561 4596 2752 4647 τούτων
2800 4572 2962 4647 εἰπεῖν
3022 4572 3560 4663 ὑψηλότερονςαύτη
3602 4591 3682 4645 καί

2093 4686 2144 4740 έν
2188 4685 2383 4756 οὐρανῷ
2432 4691 2549 4742 ταῖς
2594 4684 2838 4737 ἀνωτάτω
2892 4685 2980 4736 καί
3016 4688 3216 4757 νοεραῖς
3253 4679 3504 4749 δυνάμεσι
3553 4678 3682 4747 παρσ

2095 4775 2410 4849 ῥησιάζεταε,
2462 4775 2508 4828 εί
2551 4774 2650 4848 γὰρ
2695 4776 2779 4828 καί
2819 4776 2914 4843 μία
2951 4772 3211 4830 Ἐκκλησία
3260 4772 3309 4824 έν
3354 4773 3563 4843 οὐρανῷ
3599 4769 3684 4822 καί

2098 4864 2183 4918 έπί
2247 4871 2341 4934 γῆς
2360 4901 2375 4926 ,
2427 4865 2513 4917 καί
2568 4862 2858 4941 Ἐκκλησίαν
2927 4862 3263 4935 πρωτοτόκων
3329 4863 3384 4916 έν
3448 4863 3683 4934 οὐρανοῖς

2098 4951 2487 5023 δεδικαιωμένην
2533 4954 2711 5008 έκείθεν
2754 4952 3004 5025 ἀκούομεν
3029 4991 3047 5019 ,
3105 4954 3189 5007 καί
3251 4952 3401 5011 πόλις
3471 4959 3575 5006 τῶν
3634 4950 3686 5004 έν

2101 5045 2275 5099 πίστει
2301 5040 2696 5114 δεδικαιωμένων
2739 5044 2771 5100 ἦ
2813 5039 2916 5096 ἄνω
2948 5040 3305 5117 Ἰερουσαλήμ*
3336 5038 3399 5101 ἧς
3441 5041 3685 5110 τεχνίτης

2099 5136 2179 5191 καί
2219 5130 2525 5207 δημιουργός
2562 5131 2589 5187 ό
2629 5132 2771 5193 Θεὸς,
2805 5128 2955 5186 όςκαί
2996 5132 3267 5194 κατήλλαξε
3297 5132 3365 5186 τά
3403 5132 3687 5203 έπουράνια

2098 5231 2209 5285 τοῖς
2257 5226 2497 5295 έπεγείοις
2528 5225 2613 5279 καί
2636 5225 2693 5277 τὸ
2728 5223 3041 5293 μεσότοιχον
3087 5228 3180 5279 τοῦ
3209 5228 3447 5297 φραγμώ
3489 5221 3683 5283 λέλυκε,

2099 5320 2186 5373 καί
2237 5318 2296 5374 τό
2348 5316 2604 5377 ἀπολωλός
2649 5317 2733 5370 ἐπί
2788 5324 2889 5372 τῶν
2925 5316 3074 5388 ὧμων
3126 5317 3380 5390 ἀράμενος
3436 5313 3503 5371 δι’
3526 5317 3687 5389 ἀφρά-

2098 5428 2222 5464 στου
2289 5408 2723 5479 συγκαταϐάσεως
2790 5413 2896 5468 τοῖς
2952 5407 3259 5475 σωζομένοις
3316 5408 3402 5459 καί
3451 5407 3688 5477 μένουσιν

2096 5498 2388 5571 έγκατέμιξε
2415 5514 2427 5527 ⁸
2466 5498 2630 5570 ταύτῃ
2679 5517 2760 5551 τοι
2806 5498 2892 5551 καί
2934 5496 3071 5558 μάλα
3109 5494 3309 5556 δικαίως
3356 5497 3421 5551 τό
3507 5494 3688 5550 ένιαῖον

423 5592 801 5652 admirabilem
850 5592 1168 5647 descensum
1216 5589 1755 5659 inexplicabilemque
1796 5589 1986 5644 demis«

2099 5593 2181 5644 καί
2229 5588 2537 5643 ἀδιάστατον
2581 5586 2801 5659 ἔχομεν·
2835 5592 2998 5647 Ἧνίκα
3024 5588 3227 5642 σύνεσιν
3272 5586 3362 5639 καί
3394 5585 3687 5653 σύμπνοιαν

425 5683 633 5739 sionem
662 5680 990 5752 salvat,etiis
1002 5679 1087 5749 qui
1113 5679 1460 5747 perstiterant
1489 5680 1746 5746 inseruit,
1776 5680 1986 5748 aliisque

2100 5681 2131 5736 ἡ
2169 5678 2335 5737 κτίσις
2379 5685 2440 5750 τῇ
2487 5679 2663 5733 πίστει
2700 5682 2939 5731 συνοῖσεν
2977 5674 3276 5753 [σύνεισινὶο
3311 5675 3372 5729 οὐ
3539 5673 3596 5731 ἐν
3623 5675 3688 5744 τί

424 5772 482 5830 id
511 5787 679 5845 genus
705 5769 1015 5828 nominibus
1043 5767 1365 5839 appellatur,
1404 5778 1487 5825 est
1515 5777 1693 5827 tamen
1724 5784 1829 5826 non
1862 5768 1986 5836 alia1

2102 5770 2327 5842 Ἰουδαίᾳ
2354 5770 2500 5840 μόνον
2533 5769 2756 5840 γνωστὸς
2784 5769 2809 5825 ὅ
2839 5766 2982 5829 Θεός.
3562 5773 3569 5777 “
