3978 6420
457 428 557 497 161
607 438 620 449 '

525 1093 630 1148 Καὶ
656 1089 706 1147 οἱ
738 1090 798 1147 τὸ
820 1088 928 1145 νίον
959 1094 1058 1144 τῶν
1086 1088 1335 1158 Ῥωμαίων
1368 1083 1523 1158 ὄνομα
1552 1087 1953 1162 κληρωσάμενοι,
1987 1086 2021 1142 ἆ

451 1203 511 1239 τι
545 1178 609 1241 δή
651 1178 735 1233 ἕπε
784 1178 890 1239 ἐνὸς
930 1180 1009 1231 καί
1047 1182 1136 1232 τοῦ
1185 1177 1337 1231 αὐτοῦ
1383 1176 1606 1247 θεμελίου
1651 1174 2021 1249 ᾠκοδομημένοι

449 1279 551 1330 τῆς
578 1264 825 1329 πίστεως,
863 1269 1019 1337 φαμὲν
1063 1265 1124 1324 δὴ
1164 1273 1260 1320 τῶν
1302 1267 1594 1319 ἀποστόλων
1635 1269 1719 1320 καί
1756 1272 2020 1341 προφητῶν

449 1354 727 1430 πανσόφων
763 1356 1192 1427 τεχνιτευμάτων,
1222 1357 1443 1415 τεθέντος
1492 1357 1846 1429 ἀκρογωνιαίου
1883 1355 2018 1409 λίθου

449 1458 553 1505 τοῦ
615 1450 815 1505 πάντων
859 1449 998 1516 ἡμῶν
1048 1453 1271 1519 Σωτῆρος
1330 1451 1553 1518 Χριστοῦ
1605 1447 1691 1498 καί
1736 1449 1881 1505 Θεοῦ,
1914 1440 2023 1496 κατ’

448 1538 595 1594 οὐδὲν
644 1539 693 1592 ἔν
739 1541 911 1592 πίστει
963 1538 1027 1590 τά
1069 1532 1281 1608 δεύτερα
1338 1531 1435 1587 τῶν
1492 1533 1852 1606 πίεσϐυτέρων
1896 1534 2029 1585 ἀπο-’

448 1631 721 1706 φερόμεθα.
769 1629 845 1682 Ἐν
876 1629 973 1702 γάρ
1021 1633 1083 1701 τῇ
1112 1627 1375 1699 Ἐκκλησία
1412 1632 1500 1681 τοῦ
1534 1632 1662 1680 Θεοῦ
1702 1626 1786 1678 οὐκ
1825 1623 1936 1679 ἐστι
1965 1624 2023 1677 τὸ

449 1722 953 1797 προαριθμούμενον,
1006 1720 1229 1792 καθάπερ
1271 1715 1359 1771 οῦκ
1409 1715 1546 1772 ἔστιν
1590 1714 1875 1781 Ἰουδαῖος,
1919 1717 2021 1786 οὐχ

439 1809 646 1879 Ἐλλην,
680 1814 737 1868 ού
769 1812 1021 1888 βάρϐαρος
1061 1810 1135 1881 [οὐ
1163 1805 1398 1878 Eaedem],
1431 1810 1488 1864 οὗ
1528 1807 1724 1870 δοῦλος.
1755 1811 1841 1863 ούκ
1880 1806 2017 1862 ἐλεύ-

1444 430 1809 494 ιΡιεΤοιΑ
1850 432 1949 492 AD
1986 404 2297 492 LEONEM
2332 431 2427 493 III
2454 432 2736 497 ,PAPAM.

2048 560 2095 616 Α
2123 564 2178 610 et
2206 554 2329 619 alia,
2370 553 2463 609 sed
2494 566 2600 607 una
2630 549 2925 620 eademque
2963 548 3087 605 coeli
3123 546 3694 617 terraequeEcclesia;

3592 435 3691 500 182

2118 660 2285 713 quare
2322 659 2421 698 nec
2459 642 2731 697 immerito
2773 654 2935 694 unam
2974 640 3173 708 ubique
3203 653 3430 708 eamque
3459 638 3694 693 iudivul«

2119 750 2231 789 sam
2281 748 2378 802 per
2419 731 2542 787 ﬁdei
2587 731 2929 787 concordiam
2973 729 3288 784 societatem
3333 729 3677 792 obtinemus;

2119 838 2291 893 neque
2327 824 2469 878 enim
2508 824 2561 877 in
2599 821 2780 876 Iudaea
2810 828 3016 877 tantum
3046 826 3205 877 notus
3241 828 3324 898 est
3359 819 3502 874 Deus
3524 860 3538 884 ,
3583 820 3681 874 sed

2118 915 2263 968 omni
2302 916 2353 968 in
2390 913 2538 979 loco,
2579 928 2898 983 quocunque
2936 927 3089 967 mens
3126 926 3383 967 seususve
3412 911 3677 981 attingere

2122 1009 2318 1071 potest.
3754 1014 3775 1075 ί

2190 1092 2340 1147 Unde
2388 1101 2441 1147 et
2486 1108 2584 1147 nos
2627 1107 2873 1163 quoque,
2923 1093 3013 1163 qui
3064 1108 3216 1147 novae
3259 1091 3444 1147 Romae
3488 1106 3682 1145 nomen
3778 1084 3785 1090 ’

2120 1184 2294 1239 sortiti
2330 1199 2546 1250 sumus,
2592 1192 2848 1253 tanquam
2887 1200 3048 1254 super
3085 1200 3193 1240 uno
3231 1184 3529 1252 eodemque
3568 1182 3690 1237 ﬁdei

2120 1274 2490 1340 fundamento,
2522 1276 2895 1344 apostolorum
2916 1277 3169 1330 nimirum
3199 1284 3255 1330 et
3282 1276 3688 1347 prophetarum,

2122 1366 2641 1434 sapientissimorum
2668 1366 2856 1435 utique
2883 1367 3298 1420 architectorum
3317 1406 3330 1431 ,
3367 1365 3583 1419 Christo
3612 1364 3695 1417 ia—

2123 1455 2280 1508 terim
2328 1463 2381 1509 et
2426 1455 2555 1519 Deo,
2585 1455 2825 1509 omnium
2854 1463 3099 1509 nostrum
3133 1454 3412 1508 Salvatore
3449 1467 3548 1523 pro
3597 1469 3694 1507 an-

2122 1545 2293 1616 gulari
2340 1544 2519 1613 lapide
2567 1553 2621 1599 et
2672 1545 3022 1599 fundamento
3059 1545 3362 1608 substrato,
3405 1543 3693 1607 mdificati,

2122 1636 2265 1708 quod
2290 1637 2504 1706 quidem
2535 1636 2601 1691 ad
2629 1635 2755 1690 lidei
2780 1635 3147 1705 integritatem
3176 1634 3387 1697 attinet,
3415 1633 3689 1688 veteribus

2122 1726 2380 1781 Romanis
2409 1741 2748 1796 nequaquam
2806 1726 3067 1797 cedimus.
3118 1723 3253 1777 Nam
3282 1724 3335 1776 in
3364 1723 3563 1778 sanctis
3598 1723 3693 1777 Dei

2123 1816 2379 1871 Ecclesiis
2410 1831 2514 1870 non
2553 1824 2635 1870 est
2669 1815 2867 1884 prioris
2897 1822 2990 1869 aut
3016 1814 3334 1885 posterioris
3363 1813 3535 1878 ratio;
3555 1813 3696 1867 sicut

450 1906 621 1977 θερος,
658 1903 779 1959 ἀλλά
807 1905 991 1961 πάντες
1024 1903 1075 1955 ἄν
1098 1907 1304 1975 Χριστῷ
1341 1894 1396 1951 ἓν
1427 1899 1592 1971 ἐσμεν.
1640 1894 1905 1972 Τοιγάρτοι
1937 1901 2019 1951 καί

2122 1924 2296 1977 neque
2324 1906 2491 1962 Judzei
2527 1922 2741 1976 quoque
2776 1915 2830 1961 ct
2856 1906 3066 1972 Graeci,
3111 1906 3253 1960 servi
3303 1888 3366 1960 et.
3403 1905 3591 1967 liberi,
3640 1913 3697 1958 et

455 1997 511 2049 ἐν
542 1998 657 2065 ἡμῖν
697 1992 722 2047 ὃ
768 1995 901 2053 θεῖος
939 1992 1127 2052 Παῦλος
1159 1993 1458 2062 κομπαζέτω
1486 1992 1569 2042 καί
1602 1986 1838 2058 αῦχείτω
1868 1989 2018 2058 μέγα,

458 2089 544 2140 καί
567 2084 880 2154 σεμνυνὼθω
901 2083 1168 2137 συνάπτων
1194 2087 1305 2141 τοῖς
1331 2079 1560 2139 παλαιοῖς
1576 2079 1646 2132 τά
1666 2079 1771 2137 νέα.
1800 2079 1878 2130 καί
1902 2097 2023 2147 συγ-

465 2178 641 2247 κρίνων
679 2175 739 2227 ἲν.
778 2193 832 2227 τε
882 2171 1102 2243 δόγμασι
1134 2173 1217 2225 καί
1248 2171 1583 2243 κηρύγμασιν.
1619 2164 1691 2220 Ού
1749 2170 1828 2221 καὶ
1879 2168 2022 2237 ἡμεῖς

466 2271 581 2325 ταῖς
638 2262 988 2322 διδασκαλίαις
1067 2265 1151 2316 καί
1220 2261 1495 2319 ὑποθήκαις
1563 2259 1797 2328 ἑπόμενοι
1854 2256 2022 2330 ἔφάἷς

460 2354 766 2425 ἔρβιζώμεθα
833 2353 1211 2424 κραταιούμενοι
1257 2358 1319 2423 τῇ
1368 2350 1601 2424 ὁμολογίᾳ
1661 2357 1753 2410 τῆς
1800 2353 2022 2410 πίστεως

456 2447 622 2515 ἡμῶν,
666 2439 716 2498 ἔν
761 2440 1100 2517 ᾖέστήκαμεν
1147 2442 1233 2495 καί
1274 2440 1607 2512 καυχώμεθα,
1641 2442 1720 2494 καί
1766 2441 1860 2498 τάς
1904 2442 2023 2509 ἡμε-

455 2538 615 2609 τέρας
656 2533 952 2604 ὑπολήψεις,
996 2533 1210 2591 αἵτινές
1250 2529 1379 2586 ποτέ
1422 2533 1523 2584 εἰσι
1567 2532 1684 2604 περὶ
1723 2534 1812 2588 τὴν
1859 2528 2021 2589 οὕτως

455 2626 638 2680 εὐκλεᾶ
678 2627 763 2678 καὶ
806 2614 1072 2694 ἀμώμητον
1094 2625 1223 2693 ’ἡμῖν
1266 2622 1533 2692 θρησκείαν
1573 2620 2019 2692 ἀνακεκαλυμμένῳ

454 2719 724 2793 προσώπῳ
770 2714 1083 2788 διαπρυσίως
1140 2713 1496 2789 κηρύσσομεν,
1539 2711 1716 2784 μεθ’ἧς
1771 2721 1844 2785 τῷ
1911 2720 2020 2785 Θεῷ

453 2808 781 2880 λατρεύομεν,
808 2808 889 2859 καὶ
917 2806 974 2863 ἣν
1014 2805 1246 2859 ἀναπνεῖν
1271 2802 1559 2864 διαπαντὸς.
1583 2802 1614 2861 ἦ
1640 2801 1835 2874 [Haut
1863 2801 2017 2870 forte,

453 2893 512 2972 ᾖ]
547 2900 636 2951 τὸν
680 2897 840 2971 ἀέρα,
871 2896 1076 2954 ἀκλινῶς
1130 2893 1349 2966 ἔχομεν’
1404 2892 1436 2968 ᾖ
1474 2896 1556 2948 καί
1599 2893 2020 2964 συναπέρχεσθαι

452 2992 551 3045 τῆς
578 2983 757 3038 ἐνθίνδε
793 2987 923 3048 ζωῆς
961 2983 1449 3058 κατισχυριζὸμιθα,
1493 2990 1554 3056 τῇ
1609 2979 1789 3036 ἀνωθεν
1838 2983 2019 3055 χάριτι

455 3072 827 3145 δυναμούμενοι
870 3077 956 3127 καί
998 3074 1381 3148 φρουρούμενοι,
1430 3075 1498 3132 ὡς
1546 3073 1634 3125 οὐκ
1680 3069 1822 3125 ἔστιν
1871 3067 2019 3128 ἄλλην

455 3164 670 3221 ὁδεῦσαι
702 3164 733 3224 ἦ
780 3165 1009 3224 ἐπιϐῆναι
1034 3164 1065 3224 ἢ
1099 3167 1165 3220 τά
1201 3172 1292 3234 τῆς
1321 3164 1582 3237 παρούσης
1613 3166 1741 3227 ζωῆς
1768 3158 1821 3215 εὖ
1849 3148 2018 3216 θέσθαι

2119 1998 2336 2055 barbari
2367 2006 2422 2052 et
2450 1996 2665 2067 Scythae
2683 2036 2698 2060 ,
2730 1996 2824 2051 sed
2854 2011 3045 2050 omnes
3070 2010 3236 2051 unum
3275 1996 3327 2049 in
3356 1993 3575 2050 Christo
3602 2009 3695 2048 su—

2121 2106 2242 2146 mus
2270 2088 2492 2160 (Coloss.
2521 2088 2630 2157 ιιι).
2683 2087 3024 2156 Quapmpter
3068 2093 3121 2140 ct
3171 2086 3237 2140 de
3285 2085 3441 2139 nobis
3480 2097 3693 2154 quoque

2121 2181 2273 2236 divus
2292 2178 2489 2233 Paulus
2515 2175 2792 2248 glorietur,
2815 2174 3206 2243 magniﬁceque
3231 2174 3451 2238 sentiat,
3476 2181 3530 2226 et
3556 2186 3694 2227 nova

2121 2269 2356 2339 antiquis
2383 2269 2737 2337 coniungens,
2764 2266 3064 2335 dogmaque
3091 2264 3366 2334 dogmati,
3412 2272 3467 2319 et
3501 2263 3696 2333 praedi-

2121 2362 2386 2416 cationem
2434 2357 2805 2429 przedicationi
2858 2355 3238 2421 committens,
3302 2369 3368 2410 ex
3420 2367 3576 2422 aequo
3623 2355 3690 2407 de

2119 2451 2362 2518 utrisque
2387 2449 2605 2519 gestiat.
2661 2445 2938 2515 Siquidem
2970 2460 3070 2501 nos
3096 2459 3250 2515 aeque
3286 2458 3350 2500 ac
3386 2442 3462 2498 illi
3485 2483 3501 2510 ,
3548 2442 3694 2499 illius

2110 2540 2420 2595 doctrinam
2455 2548 2511 2594 et
2538 2538 2934 2594 institutionem
2963 2537 3195 2592 assecuti
3224 2550 3430 2601 sumus,
3471 2534 3527 2589 in
3563 2533 3693 2589 illis-

2118 2647 2224 2702 que
2253 2631 2599 2686 consistimus
2627 2631 2854 2685 radicati
2872 2671 2887 2695 ,
2928 2638 2984 2685 et
3012 2630 3065 2684 in
3096 2628 3220 2685 ﬁdei
3249 2636 3451 2684 nostrae
3480 2628 3691 2683 confes-

2119 2721 2269 2776 sione
2293 2719 2596 2775 conﬁrmati
2624 2739 2637 2774 :
2673 2721 2725 2774 in
2752 2733 2860 2791 qua
2887 2720 3051 2775 etiam
3080 2727 3285 2774 stamus
3313 2726 3369 2774 et
3396 2718 3691 2789 gloriamur

2118 2822 2467 2882 nostramque
2495 2827 2657 2882 quam
2690 2813 2757 2867 de
2787 2813 3045 2883 religione
3082 2826 3254 2880 usque
3290 2811 3423 2865 adeo
3456 2810 3705 2881 gloriosa-

2117 2912 2173 2958 et
2200 2903 2472 2973 inculpata
2503 2894 2765 2959 habemus
2793 2901 3114 2957 sententiam
3141 2910 3326 2971 aperta
3348 2900 3692 2967 revelataque

2117 2990 2254 3047 facie
2282 2993 2638 3062 praedicamus
2662 3009 2676 3059 ;
2705 2993 2759 3046 in
2785 3007 2893 3063 qua
2932 3000 2987 3047 et
3022 2992 3132 3046 Deo
3158 2992 3372 3061 q'uoque
3402 2989 3689 3052 servimus,

2116 3091 2172 3137 et
2207 3084 2332 3137 dum
2367 3082 2690 3150 spirabimus
2729 3082 3009 3137 indefense
3044 3094 3395 3152 perseverare
3416 3120 3431 3145 ,
3481 3079 3699 3135 cmlesti

2121 3172 2295 3244 gratia
2321 3173 2656 3249 corroborati
2683 3172 3140 3241 constabilitique,
3168 3186 3234 3224 ex
3258 3170 3361 3225 hac
3381 3170 3490 3224 vita
3517 3170 3697 3224 disce--~

450 3254 489 3314 ἦ
532 3260 632 3310 τῶν
656 3253 712 3313 ἕν,
724 3260 786 3323 τῇ
804 3253 1053 3328 μελλούσῃ
1097 3240 1431 3325 ἀποκειμένων
1477 3251 1780 3347 τοῐςοάξίοις
1823 3243 2019 3323 ἀγαθῶν

2121 3263 2248 3317 dere
2276 3236 2652 3331 pemptamus;
2687 3277 2786 3316 nec
2815 3261 2957 3317 enim
2988 3261 3094 3315 alia
3122 3271 3205 3315 est
3231 3260 3343 3325 via,
3369 3267 3430 3314 ut
3451 3274 3688 3328 praesen-

459 3344 837 3409 ἕπιτεύξασθαι.

530 3603 785 3679 ὀμολογῶ
817 3608 983 3663 τοίνυν
1017 3604 1277 3662 πιστεύειν
1306 3609 1374 3667 εἰς
1412 3607 1498 3660 ἕνα
1525 3607 1646 3661 Θεὸν
1673 3606 1867 3678 Πατέρα
1894 3626 2022 3660 παν-

451 3700 776 3776 τοκράτορα,
804 3702 891 3754 τὸν
938 3700 1137 3753 πάντων
1176 3703 1385 3756 ποιητήν
1420 3700 1499 3752 καί
1536 3695 1783 3753 δισπότην
1813 3702 1897 3753 καί
1928 3692 2021 3747 κύ-

454 3806 589 3865 ριον
618 3793 702 3846 καί
726 3791 922 3851 εἰς’τὸν
960 3791 1072 3844 Υἱὸν
1101 3793 1257 3846 αὐτοῦ
1301 3790 1384 3846 τὸν
1435 3797 1674 3861 μονογενῆ
1725 3791 1812 3845 τὸν
1851 3789 2023 3858 κύριον

452 3884 601 3951 ἡμῶν
638 3883 829 3939 Ἰησοῦν
868 3883 1102 3955 Χριστὸν,
1131 3883 1216 3936 τὸν
1258 3881 1478 3939 ἀληθινὸν
1520 3882 1660 3947 Θεὸν,
1688 3882 1773 3934 τὸν
1801 3882 2023 3952 προαιὼ-

450 3991 559 4024 νιον
595 3971 765 4042 Λόγον,
794 3971 875 4024 τὸν
909 3972 1153 4043 ἀνάρχως
1196 3974 1283 4025 καί
1316 3971 1586 4044 ἀφράστως
1623 3970 1671 4033 ἐξ
1706 3971 1860 4023 αὐτοῦ
1880 3985 1887 3991 ‘
1907 3988 2022 4041 7w-

451 4061 694 4123 νοηθέντα,
743 4060 979 4121 ἀλήπτως
1030 4063 1112 4112 καί
1163 4060 1502 4133 ἀπιρινοὴτως
1552 4061 1699 4132 πάσῃ
1747 4065 1895 4132 νοητῇ
1943 4058 2026 4110 καί

453 4151 672 4221 aio-0111i}
718 4153 897 4205 κτίσιι⁶
950 4152 1034 4203 καὶ
1075 4151 1145 4208 εἰς
1186 4151 1244 4204 τὸ
1295 4155 1491 4219 Πνεῦμα
1530 4155 1623 4208 τῆς
1665 4148 1915 4211 ἀληθείας,
1966 4148 2025 4203 τὸ

454 4239 749 4312 ζωαρχικὸν
772 4242 859 4293 καί
880 4241 1138 4310 πανάγιον⁸
1163 4235 1357 4311 Τριάδα
1383 4236 1665 4307 ὅμοούσιςν,
1696 4232 2021 4307 ύπερούσιον,

452 4331 696 4407 ἀόρατον,
740 4331 1108 4394 ἀκατάληπτον,
1148 4331 1459 4400 ἀχώριστον,
1491 4325 1836 4387 ἀναλλοίωτον,
1866 4325 2025 4384 ἀπλῆν

453 4424 547 4476 καὶ
590 4422 750 4495 ἀμιρῆ
789 4423 876 4485 καί
920 4421 1203 4482 ἀσύνθετον,
1241 4416 1576 4477 ἀδιάστατον.
1605 4415 1785 4479 ἀΐδιον,
1816 4416 2026 4483 ἀσώμαο

2118 3360 2227 3408 tem
2258 3353 2399 3407 hanc
2422 3353 2585 3405 vitam
2614 3361 2761 3407 recte
2790 3358 3084 3421 sancteque
3114 3350 3484 3414 instituamus,
3518 3350 3685 3404 bona—

2119 3456 2223 3512 que
2248 3457 2368 3512 qute
2391 3442 2565 3510 dignis
2595 3442 2650 3495 in
2677 3440 2857 3496 futuro
2885 3439 3080 3495 saeculo
3106 3439 3342 3510 reposita
3369 3445 3514 3504 sunt,
3539 3443 3690 3493 certo

2120 3547 2482 3602 consequamu
2491 3547 2533 3585 r.
2622 3594 2625 3599 _

2186 3620 2384 3676 Fateor
2403 3621 2629 3690 proinde
2655 3636 2742 3676 me
2767 3621 2986 3676 credere
3014 3621 3068 3675 in
3096 3636 3260 3676 unum
3283 3620 3450 3675 Deum
3471 3619 3690 3703 Patrem

2119 3709 2572 3778 omnipotentem,
2618 3709 2859 3763 omnium
2890 3708 3147 3764 factorem
3169 3748 3184 3775 ,
3225 3708 3467 3763 omnium
3498 3708 3688 3762 herum

2120 3810 2175 3856 et
2199 3800 2505 3865 dominum;
2531 3808 2583 3854 et
2607 3800 2660 3853 in
2679 3799 2871 3853 Filium
2900 3800 3016 3870 ejus
3044 3800 3376 3869 unigenitum
3406 3798 3686 3852 Dominum

2120 3897 2367 3944 nostrum
2413 3886 2596 3943 Jesum
2641 3887 2948 3952 Christum,
2993 3901 3179 3941 verum
3210 3888 3413 3951 Deum,
3445 3883 3684 3939 Verbum

2121 3988 2381 4034 aeternum
2400 4018 2415 4042 ,
2451 3976 2519 4032 ab
2544 3985 2746 4032 aeterno
2772 3975 3138 4041 inetl‘abiliter,
3166 3973 3688 4044 incomprehensibi-

2122 4066 2267 4132 liter,
2298 4065 2565 4135 modoque
2592 4079 2752 4134 quem
2782 4063 2922 4119 nulla
2942 4104 2957 4129 ,
2999 4078 3173 4133 neque
3206 4062 3483 4133 spiritalis,
3513 4075 3689 4129 neque

2123 4157 2394 4214 sensibilis
2416 4166 2665 4212 creatura
2695 4156 2907 4226 assequi
2936 4164 3143 4227 potest,
3172 4171 3241 4212 ex
3268 4155 3431 4209 Patre
3460 4160 3679 4219 natum;

2123 4255 2178 4302 et
2207 4247 2261 4301 in
2288 4246 2549 4315 Spiritum
2585 4254 2831 4301 sanetum
2857 4246 3130 4300 viviﬁcum
3164 4260 3229 4300 ac
3261 4243 3683 4299 sanctissimum.

2122 4335 2295 4391 Credo
2332 4336 2385 4390 in
2427 4337 2765 4391 homousiam
2803 4335 3157 4400 Trinitatem,
3197 4332 3686 4404 supersubstantia-

2122 4426 2225 4481 lem
2243 4466 2258 4491 ,
2289 4410 2726 4495 inaspectabilem
2741 4466 2756 4491 ,
2784 4424 3381 4496 incomprehensibilem
3400 4462 3417 4489 ,
3443 4423 3685 4492 imparti-

450 4531 569 4575 τον,
604 4506 800 4574 ἆπιιον,
841 4507 1057 4573 ἄποσον,
1105 4509 1360 4579 ίμότιμον,
1408 4505 1639 4577 ὁμόδοξον
1678 4509 1758 4560 καί
1803 4504 2018 4575 ὁμόθσον

2120 4516 2305 4579 bilem,
2319 4513 2730 4580 inalterabilem,
2744 4522 3021 4578 aeternam,
3041 4513 3345 4577 indivisam,
3360 4510 3681 4580 simplicem,

450 4605 623 4674 ἀναφῆ
649 4621 703 4658 τε
739 4603 822 4655 καὶ
851 4601 1187 4673 ἀφηλάηρητον,
1229 4604 1315 4655 καί
1359 4594 1762 4670 ἀσχημάτιστον,
1807 4599 2019 4670 ἀπειρά-

450 4693 638 4765 γαθον,
695 4699 797 4764 φῶς
850 4692 1158 4762 ἀειλαμπές,
1219 4692 1523 4762 τριλαμπὲς,
1578 4691 1890 4765 ύπέρφωτον,
1942 4689 2021 4743 ἀεὶ

453 4784 714 4843 ὡσαύτως
747 4785 832 4835 καί
868 4783 999 4836 κατά
1044 4784 1109 4836 τά
1165 4783 1292 4836 αὐτὰ
1335 4780 1592 4852 ἔχουσαν·
1637 4782 1839 4835 πάντων
1902 4784 2018 4832 irro-

457 4878 644 4930 πτικήν
690 4875 775 4929 καί
812 4872 1119 4931 τελειωτικὴν
1149 4870 1380 4942 δύναμιν,
1416 4876 1548 4925 πᾶσι
1578 4878 1685 4926 τοῖς
1721 4869 1933 4941 λογικοῖς
1963 4886 2018 4921 τε

454 4966 545 5020 καί.
574 4970 761 5039 serpet:
779 5001 795 5025 ,
824 4969 1009 5036 νοερῶς
1049 4965 1133 5016 καί
1167 4964 1364 5036 ἀμερῶς
1388 4967 1452 5033 τῇ
1477 4962 1689 5034 προνοίᾳ
1714 4955 2019 5032 [προχύσει]

454 5058 553 5107 τοῦ
612 5054 744 5105 θείου
798 5053 959 5124 φωτὸς
1008 5052 1394 5122 ὶπιλάμπουσαν
1456 5049 1705 5120 ἀναλόγως
1756 5055 1869 5106 ταῖς
1925 5053 2025 5102 τῶν

458 5141 1180 5217 φωτιζομὲνων-παραδοχαῖς
1199 5183 1214 5207 ,
1251 5145 1335 5197 καὶ
1376 5145 1505 5216 πρὲς
1548 5143 1606 5197 τὸ
1641 5137 1765 5195 εἶναι
1809 5137 1915 5210 [καί
1961 5134 2019 5194 εὖ

456 5230 611 5303 εἶναι]
638 5232 974 5308 διατηροῦσαν
1022 5236 1072 5290 ἐν
1100 5237 1359 5307 ὑφεστῶσι
1400 5237 1671 5310 πράγμασι
1712 5237 1795 5289 καί
1836 5235 1896 5288 ού
1936 5232 2024 5303 ψι-

455 5326 571 5383 λοῖς
611 5323 828 5393 ὀνόμασι
863 5328 1247 5396 γνωριζομένην,
1288 5332 1377 5398 μιᾷ
1412 5326 1627 5390 θεότητι,
1672 5328 1749 5379 καί
1798 5326 2018 5398 ἔξουσίᾳ,

458 5416 547 5468 καὶ
850 5412 1190 5485 δῶαζοῴνην,
1222 5420 1303 5470 καί
1331 5417 1766 5491 προσκυνουμένην
1803 5415 1901 5469 ὑπὸ
1922 5414 2023 5469 πάο

456 5521 562 5564 σῆς
601 5501 857 5577 ὃρωμὲνης
879 5505 964 5558 καί
989 5505 1208 5579 ἀοράτου
1234 5508 1464 5567 κτίσεως.

2120 4605 2295 4660 omnis
2319 4605 2509 4674 partis,
2536 4605 2714 4658 omnis
2743 4603 3164 4672 compositionis,
3202 4602 3379 4656 omnis
3415 4600 3682 4669 corporis,

2116 4695 2292 4749 omnis
2336 4692 2652 4763 quantitatis
2703 4701 2759 4749 et
2803 4692 3078 4763 qualitatis
3123 4701 3442 4762 expertem,
3489 4691 3681 4746 eodem

2116 4785 2357 4849 honore,
2404 4784 2593 4839 eadem
2631 4782 2800 4854 gloria
2825 4823 2841 4848 ,
2887 4783 3075 4837 eadem
3113 4783 3311 4837 deitate
3351 4779 3643 4851 pollentem
3666 4821 3682 4844 ,

2116 4872 2246 4928 nulli
2274 4888 2446 4943 neque
2471 4873 2668 4938 tactui,
2708 4889 2883 4943 neque
2910 4873 3185 4929 contactui
3210 4872 3423 4927 obviam
3445 4911 3461 4937 ,
3508 4869 3684 4926 omnis

2118 4961 2303 5031 figura:
2329 4971 2603 5018 exsortem
2620 5003 2634 5028 ,
2668 4961 2872 5017 infinite
2900 4963 3126 5027 bonam,
3161 4961 3341 5017 lumen
3368 4959 3688 5016 defectionis

2118 5053 2391 5118 nesciam,
2440 5052 2706 5116 trilueem,
2737 5051 3266 5123 supersplendidam,
3314 5065 3528 5119 semper
3568 5049 3685 5118 pari

2118 5144 2385 5213 similique
2412 5145 2569 5199 modo
2593 5142 2856 5206 affectam,
2881 5144 3131 5197 virtutem
3157 5143 3335 5197 omnia
3360 5142 3682 5204 intuentem,

2117 5233 2400 5301 omniaque
2424 5231 2821 5302 perﬁcientem;
2862 5233 3112 5287 omnibus
3140 5246 3263 5286 cum
3290 5230 3528 5293 ratione,
3566 5236 3681 5281 tum

2116 5321 2391 5376 intellectu
2417 5336 2628 5391 quoque
2656 5321 2894 5390 praeditis
2922 5321 3273 5391 spiritualiter
3290 5318 3680 5387 indivulseque,

2118 5418 2173 5464 et
2198 5411 2422 5479 proinde
2444 5425 2543 5481 per
2570 5411 2764 5465 divinae
2789 5411 2928 5465 lucis
2958 5410 3164 5465 radium
3195 5416 3536 5479 praesentem,
3565 5408 3687 5461 illu—

2119 5506 2322 5559 minata
2360 5512 2417 5560 et
2447 5505 2734 5560 existentia
2772 5503 2987 5568 omnia,
3035 5512 3144 5557 tam
3181 5501 3236 5556 in
3276 5516 3394 5557 esse
3424 5515 3584 5569 quam
3632 5500 3683 5553 in

2119 5595 2256 5647 bene
2283 5608 2402 5648 esse
2430 5594 2833 5658 convenienter,
2864 5601 3026 5661 prout
3053 5588 3313 5660 cujusque
3338 5598 3529 5644 natura
3560 5587 3683 5651 fert,

2119 5688 2568 5746 conservantem;
2613 5681 2668 5735 in
2706 5681 2867 5736 rebus
2902 5680 3348 5745 subsistentibus,
3393 5687 3448 5733 et
3485 5693 3592 5733 non
3633 5678 3686 5731 in

2118 5771 2247 5826 solis
2284 5771 2548 5840 nudisque
2584 5771 2887 5828 nominibus
2921 5770 3221 5838 cognitam;
3246 5784 3352 5824 una
3377 5766 3679 5830 divinitate,

2956 5914 2993 5947 ἢ
