3978 6428
431 413 533 478 183

1414 394 1478 458 S.
1517 393 1939 457 NICEPHORI
1977 392 2488 454 PATRIARCH/E
2522 392 2633 453 (ΖΡ.

3544 391 3636 454 ιδι

432 533 554 605 pari
582 532 847 602 potentia,
870 529 1061 599 aequali
1100 530 1249 600 regni
1286 525 1568 596 majestate
1602 523 1954 615 gloriﬁcatam
1982 536 1996 584 ;
2026 520 2079 579 Α
2106 602 2121 615 ο

433 622 503 675 ab
528 621 777 674 omnibus
804 618 1218 689 aspectabilibus
1248 614 1819 686 inaspectabilibusque
1845 623 1995 663 crea-

434 711 572 764 turis
599 709 800 764 cultam
825 715 882 761 et
905 708 1203 761 adoratam.

505 799 691 855 Trium
724 807 902 852 autem
938 799 1295 867 hypostaseon
1318 808 1451 862 quas
1483 792 1537 845 in
1578 788 1841 843 Trinitate
1873 800 2003 839 con-

433 888 757 951 sideramus,
791 886 893 940 alia
921 893 1005 939 est
1033 885 1213 947 Pater,
1251 881 1512 951 principio
1544 893 1756 940 carens,
1802 876 2001 930 nullam

433 994 549 1034 sum
574 978 872 1032 existentia:
900 990 1117 1029 causam
1148 972 1379 1034 habens,
1411 985 1585 1037 neque
1615 968 1760 1023 enim
1790 964 2003 1019 aliunde

432 1076 538 1132 est,
569 1069 669 1121 sed
689 1083 718 1120 a
749 1067 945 1135 seipso,
977 1073 1028 1118 et
1064 1065 1117 1115 in
1156 1063 1331 1129 seipso
1361 1060 1525 1114 habet
1560 1072 1698 1113 esse.
1740 1056 1855 1110 Alia
1885 1071 2006 1109 rur-

433 1157 846 1218 sumestFilius,
871 1154 961 1223 qui
989 1152 1235 1222 principii
1264 1163 1458 1219 expers
1489 1165 1596 1202 non
1619 1156 1722 1211 est,
1752 1160 1816 1199 ex
1846 1144 2006 1197 Patre

433 1248 579 1301 enim
612 1256 693 1301 est
731 1264 744 1299 :
786 1245 946 1298 Pater
983 1257 1216 1312 namque
1259 1241 1379 1295 Filii
1417 1238 1743 1310 principium
1772 1244 1825 1289 et
1855 1233 2006 1302 origo

430 1337 648 1401 existit;
681 1335 824 1405 quod
858 1335 901 1389 si
935 1333 1192 1402 temporis
1232 1331 1439 1385 initium
1469 1337 1711 1398 spectes,
1742 1340 1893 1395 aeque
1919 1322 2009 1375 Fi-

428 1424 537 1481 lius
565 1426 829 1496 principio
862 1432 1011 1479 caret
1047 1438 1111 1477 ac
1158 1423 1320 1476 Pater
1352 1440 1364 1474 :
1398 1426 1481 1475 est
1516 1419 1660 1472 enim
1704 1425 2004 1484 temporum

431 1516 701 1579 conditor,
733 1531 838 1568 non
871 1511 1143 1581 subjectus
1163 1510 1390 1580 tempori
1416 1526 1430 1574 ;
1466 1506 1804 1578 inseparabili
1830 1513 2009 1558 autem

424 1592 743 1673 aeternaque
796 1604 1142 1675 generatione
1190 1616 1257 1655 ex
1308 1601 1470 1654 Patre
1515 1599 1712 1662 elucet,
1754 1605 2009 1665 tanquam

431 1693 618 1764 gloria:
657 1693 798 1747 illius
847 1691 1097 1761 splendor
1141 1698 1486 1760 paterna-que
1521 1686 1837 1743 substantiae
1884 1684 2011 1737 cha-

429 1792 633 1841 racter.
668 1783 790 1837 Alia
841 1783 1055 1837 tandem
1086 1789 1169 1836 est
1212 1781 1442 1849 Spiritus
1477 1787 1719 1841 sanctus,
1749 1790 1816 1829 ex
1851 1773 2011 1856 Patre

2168 787 2277 834 Τῶν
2315 780 2365 834 ἓν
2399 776 2578 852 Τριάδι
2611 781 2978 852 θιωρουμὲνων,
3017 781 3075 833 τὸ
3109 780 3198 849 μίν
3226 778 3647 855 Παήρδᾶναρχος

2101 872 2184 923 καὶ
2226 871 2458 927 ἀναιτίως
2495 869 2770 943 ὑπάρχων
2797 871 2857 922 οὐ
2884 871 2983 940 γάρ
3021 864 3080 922 ἔκ
3101 890 3254 934 τινος,
3283 872 3332 923 ἐν
3359 872 3521 945 ἐαυτῷ
3555 878 3648 950 γὰρ

2101 962 2161 1016 τό
2208 958 2332 1017 εἶναι
2376 960 2534 1031 ἔχων.
2574 966 2641 1016 Τὸ
2682 960 2735 1016 δὲ
2784 963 2899 1021 Υἱὸς
2950 966 3034 1015 καί
3076 964 3159 1016 οὐκ
3203 960 3451 1039 ἄναρχος,
3481 968 3533 1019 ίκ
3567 974 3650 1022 τοῦ

2103 1052 2295 1125 Πατρός
2336 1053 2455 1123 γάρ,
2497 1053 2641 1125 ἀρχὴ
2679 1053 2781 1125 γάρ
2825 1052 2940 1105 Υίοῦ
2981 1057 3171 1125 Πατήρ,
3215 1055 3282 1112 ὥς
3321 1048 3494 1107 αἴτια-ν’
3524 1059 3565 1109 εἰ
3606 1055 3654 1112 όί

2103 1148 2193 1200 τήν
2238 1143 2340 1196 άπὸ
2384 1143 2577 1215 χρόνου
2619 1142 2888 1211 λαμϐάνοις
2921 1143 3110 1215 ἀρχὴν,
3136 1145 3220 1196 καί
3254 1139 3497 1217 ἄναρχος·
3525 1166 3659 1206 ποιη-

2105 1236 2196 1291 τὴς
2238 1235 2337 1306 γὰρ
2390 1233 2589 1305 χρόνων
2650 1235 2756 1303 οὐχ
2806 1234 2908 1287 ὑπὸ
2974 1233 3198 1303 χρόνον’
3246 1242 3491 1307 γεννητῶς
3546 1239 3658 1306 μιν,

2107 1322 2281 1383 άῖδίως
2343 1322 2396 1378 δὲ
2446 1326 2529 1377 καί
2577 1321 2897 1383 άδιαστάτως
2952 1323 3215 1394 ἐκλάμψας
3265 1332 3337 1394 τῷ
3390 1330 3558 1400 Πατρι,
3602 1330 3662 1389 ὥς

2109 1416 2431 1486 ἀπαύγασμα
2460 1412 2819 1486 [ἀπαύγασμα]
2862 1425 2955 1475 τῆς
2997 1414 3142 1481 δόξης
3184 1418 3264 1471 καί
3293 1425 3386 1478 τῆς
3433 1429 3666 1493 πατρικῆς

2111 1509 2384 1578 χαρακτήρ
2429 1504 2782 1564 ὑποστάσεως.
2841 1508 2909 1559 Τὸ
2962 1504 3016 1559 δί
3065 1512 3262 1577 Πνεῦμα
3298 1505 3459 1577 ἄγιονυ
3488 1508 3539 1562 ίκ
3583 1515 3667 1564 τοῦ

2110 1593 2302 1668 Πατρός
2330 1596 2419 1650 τήν
2468 1591 2681 1666 ὕπαρξιν
2713 1588 2747 1646 ἒ
2745 1614 2862 1664 χον,
2894 1595 2953 1647 οὐ
2981 1602 3223 1665 γεπητῶς
3250 1598 3364 1668 μίν,
3403 1593 3506 1651 ἀλλ’
3525 1597 3668 1662 ἄκρα.

2111 1688 2324 1754 ρευτῶς,
2372 1679 2546 1742 άὶδίως
2583 1685 2741 1755 Πατρί
2795 1685 2875 1737 καί
2920 1685 3023 1754 Υίῷ
3073 1687 3523 1756 συνθιωρούμενον,
3587 1688 3668 1751 οὐκ

2116 1769 2344 1847 ἄναρχον
2377 1774 2466 1842 μὲν
2490 1771 2592 1827 ’διά
2634 1766 2724 1830 τήν
2771 1773 2825 1827 ίκ
2856 1779 2947 1827 τοῦ
2978 1777 3169 1849 Πατρός
3193 1776 3509 1849 ίκπόρευσιν*
3537 1780 3667 1853 ἀρχή

430 1876 849 1939 nonnativitate,
889 1874 981 1928 sed
1021 1846 1366 1942 processione
1389 1869 1746 1925 substantiam
1783 1846 2007 1927 habens,

2122 1846 2223 1938 γάρ
2258 1867 2338 1921 καί
2373 1866 2526 1920 αὐτοῦ
2566 1864 2592 1919 ό
2641 1870 2808 1940 Πατήρ
2853 1868 2989 1921 κατά
3037 1846 3121 1923 τόν
3168 1875 3259 1925 τοῦ
3298 1846 3469 1926 αἰτίου
3513 1846 3668 1942 λόγον,

431 1970 785 2038 eamdemque
810 1984 931 2023 cum
953 1967 1113 2020 Patre
1140 1974 1194 2021 et
1212 1965 1347 2020 Filio
1368 1965 1726 2020 aeternitatem
1755 1961 2009 2025 sortitus;

430 2065 668 2113 mternus
692 2057 927 2127 quidem,
947 2072 1054 2111 non
1086 2062 1264 2110 tamen
1289 2055 1492 2124 absque
1519 2052 1808 2124 principio,
1836 2059 1897 2106 ut
1916 2053 2014 2122 qui

434 2160 469 2199 a
496 2144 659 2199 Patre
690 2145 947 2214 procedat
981 2158 995 2197 :
1043 2152 1127 2197 est
1156 2144 1299 2198 enim
1338 2142 1500 2197 Pater
1543 2142 1755 2197 ratione
1788 2142 2015 2212 originis

434 2247 496 2294 et
542 2238 684 2293 illius
731 2252 941 2307 quoque
1004 2236 1325 2304 principium
1380 2249 1395 2289 :
1440 2250 1629 2289 verum
1688 2234 1756 2288 ad
1806 2242 2018 2303 tempus

436 2327 584 2398 quod
620 2328 833 2390 attinet,
858 2334 911 2380 et
937 2325 1053 2394 ipse
1079 2339 1294 2392 quoque
1317 2322 1571 2392 principii
1598 2337 1794 2391 expers
1815 2330 1919 2376 est.

515 2414 667 2471 Unus
693 2415 858 2484 igitur
880 2420 965 2468 est
1000 2413 1142 2469 Deus
1166 2411 1328 2466 Pater
1351 2427 1417 2466 ex
1442 2426 1549 2481 quo
1571 2411 1772 2477 omnia,
1803 2418 1858 2465 et
1877 2427 2017 2467 unus

435 2504 700 2560 Dominus
749 2502 907 2558 Iesus
936 2501 1185 2557 Christus
1214 2517 1312 2571 per
1353 2517 1511 2572 quem
1543 2502 1755 2566 omnia,
1797 2510 1853 2556 et
1877 2517 2017 2556 unus

439 2592 677 2664 Spiritus
712 2601 928 2648 sanctus
960 2593 1014 2647 in
1043 2607 1203 2661 quem
1232 2592 1433 2647 omnia.
1464 2592 1544 2646 Ex
1576 2592 1662 2647 his
1688 2591 1867 2649 tribus
1892 2606 2018 2661 per-

434 2680 598 2740 fectis
632 2680 747 2739 una.
777 2683 1200 2754 perfectissima,
1243 2684 1351 2738 imo
1382 2683 1674 2738 secundum
1705 2699 1764 2739 se
1802 2684 2020 2739 absolu-

435 2772 647 2829 tissima
662 2781 876 2827 constat
900 2773 1527 2843 deitas;proprietatibus
1549 2787 1679 2827 sane
1693 2773 2018 2828 distinctivis

438 2878 506 2920 ac
548 2864 921 2935 personalibus
950 2864 1268 2933 hypostases
1311 2863 1451 2917 inter
1483 2878 1542 2917 se
1581 2870 1706 2918 sunt
1752 2862 2018 2917 distinctae

439 2952 716 3023 (quaelibet
745 2966 974 3021 namque
1002 2966 1389 3020 personarum,
1419 2952 1582 3006 etiam
1614 2953 1657 3006 si
1686 2961 1909 3022 propter
1933 2967 2019 3008 es-

437 3042 629 3099 sentia:
658 3040 1087 3109 conjunctionem
1122 3041 1203 3117 ab
1238 3041 1408 3094 altera
1438 3034 1643 3095 secerni
1685 3057 1792 3097 non
1830 3049 2015 3112 queat,

2116 1953 2346 2029 ἄναρχον
2371 1955 2424 2012 δέ
2453 1959 2540 2014 καί
2563 1957 2683 2013 αὐτὸ
2712 1958 2836 2012 κατά
2859 1958 3068 2030 χρόνον.

2186 2400 2268 2463 Εἷς
2300 2397 2394 2458 οὖν
2420 2401 2588 2464 Θεόςό
2617 2406 2784 2479 Πατὴρ
2819 2404 2868 2466 ἐξ
2897 2400 2956 2456 οὗ
2998 2402 3064 2458 τά
3091 2403 3280 2466 πάντα.
3309 2405 3399 2458 καί
3425 2399 3495 2463 εἷς
3523 2405 3683 2479 κύριος

2116 2495 2315 2555 Ἰησοῦς
2344 2497 2563 2569 Χριστός
2591 2491 2731 2550 διὀὖ
2768 2496 2834 2549 τά
2876 2492 3067 2561 πάντα,
3101 2497 3187 2548 καὶ
3232 2493 3283 2548 ἓν
3323 2501 3523 2564 Πνεῦμα
3559 2496 3683 2570 ἅγιον

2117 2587 2170 2642 ἐν
2190 2583 2229 2659 ᾧ
2266 2589 2332 2641 τά
2362 2589 2549 2641 πάντα.
2584 2585 2675 2639 Ἐκ
2709 2593 2810 2642 τῶν
2837 2593 2990 2657 τριῶν
3023 2587 3219 2641 τελείων
3243 2581 3295 2641 ἒν
3318 2588 3590 2663 ὑπερτελίς
3609 2598 3682 2645 καὶ

2117 2678 2404 2751 προτίλειον
2434 2679 2465 2735 ἡ
2489 2677 2663 2736 θεότης
2682 2692 2695 2705 ·
2734 2683 2842 2735 τοῖς
2883 2679 2971 2746 μὲν
2993 2679 3342 2751 ἀφοριστικοῐς
3379 2681 3462 2733 καί
3486 2700 3683 2755 προσω-

2118 2774 2288 2826 πικοῖς
2335 2764 2575 2838 ίδιὼμασι
2610 2768 2689 2820 καὶ
2721 2766 2945 2826 metu;
2974 2764 3270 2840 διαφέροντα
3294 2782 3310 2797 ⁶
3350 2769 3561 2823 ἕκαστον
3598 2770 3685 2842 γὰρ

2118 2855 2444 2922 τούτων,τῶν
2471 2855 2621 2926 φύσει
2642 2855 2957 2927 άχωρίστων
2980 2852 3064 2909 διὰ
3078 2856 3135 2909 τὸ
3157 2857 3379 2927 συναφὲς
3398 2863 3487 2915 τῆς
3507 2857 3688 2921 οὐσίας,

2116 2949 2265 3009 ἡνίκα
2305 2955 2417 3008 ταῖς
2446 2952 2539 3002 τοῦ
2568 2952 2655 3000 νοῦ
2697 2938 3266 3020 ἐπιϐολαῖςίμερὲζεται,
3287 2949 3422 3007 Θεὸς
3455 2948 3688 3021 ὁμολογεῖς

2119 3058 2207 3092 ται
2251 3037 2368 3112 παρ’
2386 3033 2544 3107 ἡμῶν,
2598 3037 2682 3090 καί
2728 3034 3048 3113 πιστεύεται,
3100 3038 3302 3092 πάντων
3357 3039 3688 3113 πληρέστατον

437 3130 767 3202 proprietate
804 3110 1286 3198 tamenpersonali
1320 3131 1626 3199 mentisque
1661 3109 1920 3201 conceptu
1950 3132 2019 3187 ab

2122 3109 2367 3200 ὑπάρχον
2411 3136 2510 3184 τῶν
2557 3136 2649 3189 τῆς
2694 3128 2928 3188 θεότητος
2961 3109 3281 3199 ίδιωμάτων.
3343 3109 3546 3185 Καίντά
3586 3130 3688 3202 τρία

439 3182 613 3275 altera
641 3221 1013 3291 distinguitur,
1041 3220 1291 3289 Deusque
1330 3182 1621 3289 perfectus,
1651 3223 1756 3277 hoc
1784 3182 1867 3277 est
1897 3238 2015 3277 om-

2134 3182 2311 3200 ,-,,."
2423 3182 2432 3184 _
2826 3182 2835 3185 _
2904 3182 2921 3188 ,
3091 3182 3101 3199 ι
3386 3182 3412 3184 η
3597 3182 3625 3202 Ἰ

2125 3221 2350 3280 ἀλλήλοις
2396 3221 2776 3291 συναπτόμενα,
2800 3214 2871 3278 εἷς
2915 3218 3037 3278 Θεὸς
3084 3218 3206 3291 παρ’
3246 3221 3364 3288 ἡμῖν
3394 3225 3686 3291 προσκυνεῖ-

437 3311 601 3366 nibus
629 3311 847 3365 deitatis
875 3310 1295 3379 proprietatibus
1318 3319 1506 3368 ornata
1539 3327 1658 3366 esse
1687 3312 1933 3366 noscitur
1967 3320 2021 3366 et

439 3401 728 3470 creditur),
753 3408 809 3454 at
851 3417 1019 3454 unum
1047 3400 1262 3456 interim
1312 3401 1589 3455 divinitate
1639 3409 1764 3456 sunt
1809 3416 2018 3456 omnes.

439 3490 651 3547 Rursus
674 3491 801 3545 licet
825 3491 982 3545 simul
1011 3490 1314 3559 conjunctm
1345 3499 1454 3547 tres
1484 3492 1611 3556 sint,
1654 3508 1793 3546 unus
1824 3492 2020 3546 nihilo-

440 3582 624 3639 minus
672 3582 925 3636 adoratur
974 3580 1116 3637 Deus
1155 3597 1170 3635 :
1224 3581 1431 3636 obtinet
1481 3582 1572 3636 hic
1604 3582 1756 3637 enim
1806 3582 2024 3636 trinitas

440 3671 740 3727 secundum
772 3670 1128 3729 substantiam
1151 3711 1166 3735 ,
1210 3671 1388 3725 unitas
1416 3671 1580 3724 etiam
1615 3671 1910 3726 secundum
1939 3685 2026 3725 es-

442 3761 706 3826 sentiam;
749 3767 909 3829 atque
936 3760 1010 3813 ita
1044 3767 1230 3815 contra
1267 3759 1515 3819 insanam
1549 3758 2023 3829 inordinatamque

440 3849 722 3919 paganica:
773 3850 1005 3902 vesania:
1056 3848 1495 3918 confusionisque
1545 3848 1862 3903 seditionem
1918 3864 2025 3904 non

442 3938 759 4008 polyarchia
792 3954 823 3992 a
860 3937 1014 3993 nobis
1058 3938 1273 4003 colitur,
1310 3939 1405 3993 sed
1440 3940 1785 4005 monarchia;
1813 3955 2028 3995 monar-

446 4028 572 4081 chia
621 4038 800 4082 autem
846 4044 952 4083 non
995 4028 1155 4083 unius
1208 4043 1454 4097 personae
1507 4028 1933 4098 circumscriptio
2004 4070 2022 4096 ,

444 4130 518 4171 ne
562 4112 798 4172 Judaicze
853 4117 1132 4172 tenuitatis
1178 4117 1522 4186 infantimque
1569 4116 2028 4187 imperiectionem

446 4205 846 4275 ruditatemque
875 4206 1216 4271 inducamus,
1260 4206 1353 4261 sed
1391 4221 1553 4275 quam
1582 4217 1791 4260 natura:
1813 4206 2031 4274 aequali-

445 4302 557 4362 tas,
587 4297 868 4351 sententiae
894 4297 1206 4363 concordia,
1255 4297 1509 4352 motionis
1545 4298 1820 4364 identitas,
1861 4298 2032 4353 idem-

446 4400 555 4456 que
583 4375 913 4458 singulorum
937 4397 1099 4444 nutus
1124 4389 1191 4443 ad
1214 4404 1377 4443 unum
1402 4389 1660 4445 declarat.
1690 4389 1803 4445 Hoc
1825 4398 2027 4457 autem,

2125 3330 2227 3375 ται,
2269 3306 2541 3382 τριαδικῶι·
2573 3309 2661 3378 μίν
2691 3303 2824 3362 κατά
2855 3313 2946 3366 τήν
2983 3309 3295 3375 ὑπόστασιν,
3344 3309 3615 3381 μοναδικῦς
3642 3307 3689 3363 δὲ

2124 3400 2259 3454 κατά
2314 3402 2406 3457 τήν
2450 3396 2649 3466 οὒσίαν,
2693 3401 2780 3452 καὶ
2828 3400 3095 3471 μοναρχία
3142 3398 3265 3472 παρ’
3294 3401 3417 3467 ἡμῖν
3454 3400 3509 3455 τὸ
3544 3402 3688 3471 τιμῶο

2123 3513 2303 3564 μενον,
2370 3492 2428 3544 οὐ
2492 3492 2789 3564 πολυαρχία
2833 3488 2917 3544 διά
2964 3490 3022 3544 τό
3072 3486 3286 3545 ἄτακτον
3342 3495 3425 3544 καί
3486 3496 3691 3546 στασιῶ-

2126 3583 2209 3643 δες
2240 3589 2330 3644 τῆς
2360 3578 2640 3641 Ἑλληνικῆς
2691 3582 3053 3655 ίμϐροντησίας
3086 3585 3169 3636 καί
3214 3586 3560 3654 συγχύσεως⁶
3607 3601 3691 3653 μο-

2124 3679 2323 3750 ναρχία
2373 3673 2449 3741 δέ,
2486 3677 2591 3745 οὐχ
2637 3676 2668 3732 ἡ
2706 3674 2812 3733 ἑνός
2865 3677 3145 3748 προσώπου
3195 3682 3487 3750 περιγραφή
3534 3672 3607 3745 Ιῆν
3648 3676 3693 3729 ἓν

2127 3767 2419 3837 προσώπων
2453 3760 2781 3839 περιγραφοῇῇ
2813 3761 2899 3819 διά
2935 3763 2994 3817 τὸ
3042 3763 3213 3822 ἀτελίς
3260 3767 3346 3818 καί
3366 3761 3691 3834 στοιχειῶδες

2126 3865 2218 3917 τῆς
2267 3855 2548 3915 Ἰουδαϊκῆς
2583 3858 2757 3916 πενίας
2805 3859 2886 3910 καὶ
2935 3856 3251 3920 νηπιότητος,
3293 3857 3400 3911 ἀλλ’
3425 3858 3482 3916 ἢν
3511 3862 3695 3930 φύσεως

2129 3946 2388 4016 ὁμοτιμία,
2417 3949 2500 4000 καί
2532 3949 2733 4018 γνώμης
2758 3948 3035 4018 σύμπνοια,
3070 3949 3155 4001 καί
3189 3947 3440 4007 ταυτότης
3470 3951 3697 4005 κινήσεως

2128 4035 2399 4103 δείκνυσιν,
2424 4039 2503 4090 καί
2551 4038 2681 4110 πρὸς
2726 4038 2785 4091 τό
2829 4035 2883 4090 ἓν
2927 4039 2958 4095 ἡ
3000 4044 3099 4092 τῶν
3140 4038 3190 4100 ἐξ
3220 4041 3383 4092 αὑτοῦ
3409 4038 3691 4099 σύννευσις,

2133 4125 2262 4202 ὅπερ
2314 4130 2398 4182 ἐπί
2427 4135 2518 4188 τῆς
2562 4134 2798 4198 γεννητῆς
2843 4127 3043 4199 φύσεως
3072 4130 3339 4198 ἀμήχανον
3360 4166 3376 4192 ,
3508 4126 3694 4201 mund

2131 4220 2288 4291 μίγας
2326 4220 2376 4271 iv
2427 4218 2674 4289 θεολόγοις
2710 4218 3003 4292 Γρηγόριος,
3032 4220 3117 4272 καί
3139 4217 3280 4275 οὐδέν
3306 4222 3367 4275 τό
3396 4220 3697 4290 συνημμένον

2131 4311 2215 4363 καί
2249 4309 2482 4381 συμφυὲς
2508 4316 2600 4367 τῆς
2646 4310 2699 4361 ἕν
2731 4305 2899 4381 τριάδι
2932 4309 3273 4384 θεωρουμένης
3318 4310 3555 4370 θεότητος
3597 4306 3699 4363 δια-

2132 4400 2382 4471 τέμνεται.
2414 4397 2805 4471 ’Δλλοτριούσθω
2845 4400 2946 4470 γάρ
2977 4400 3136 4467 ἡμῶν,
3167 4401 3254 4452 καί
3291 4397 3693 4470 ἆποτεμνίσθωῆ

451 4476 752 4531 secundum
794 4493 1067 4532 summum
1098 4477 1249 4532 illum
1275 4478 1580 4549 theologum
1605 4478 1942 4549 Gregorium,
1974 4481 2019 4534 in

2133 4492 2222 4543 τοῦ
2246 4484 2529 4556 μανιώδους
2555 4490 2744 4561 ’Δρείου
2775 4484 3039 4551 κακοδοξία
3068 4489 3157 4541 καί
3197 4487 3393 4543 λύσσα·
3426 4488 3698 4565 ἀδιαίρετος

449 4568 743 4638 generabili
780 4577 974 4623 natura
1018 4570 1195 4625 locum
1227 4571 1429 4626 habere
1458 4587 1566 4627 non
1590 4580 1767 4642 potest
1795 4591 1809 4627 :
1848 4573 2029 4628 unitas

450 4658 597 4711 enim
624 4667 679 4712 et
703 4660 945 4726 cognatio
974 4660 1187 4715 deitatis
1210 4661 1263 4714 in
1289 4662 1531 4717 trinitate
1552 4663 1905 4718 considerata:
1933 4677 2029 4717 ne-

451 4762 726 4817 quaquam
757 4749 1095 4815 distrahitur,
1143 4758 1238 4803 aut
1287 4750 1340 4803 in
1370 4759 1557 4821 partes
1593 4761 1831 4818 secatur,
1868 4758 1927 4806 ut
1963 4751 2031 4807 ﬁt

451 4835 513 4893 in
534 4838 693 4890 rebus
721 4838 938 4903 creatis,
967 4838 1092 4892 dum
1120 4840 1393 4908 supposita
1423 4840 1866 4909 multiplicantur.
1892 4840 2031 4895 Pro-

453 4926 545 4982 cul
590 4926 734 4982 enim
772 4927 958 4983 insana
987 4935 1041 4982 et
1082 4926 1287 4984 furiosa
1330 4929 1443 4984 Arii
1482 4930 1663 5000 opinio
1693 4937 1749 4985 et
1792 4930 1974 4985 rabies
1999 4945 2030 4984 a

454 5014 615 5070 nobis
643 5014 870 5071 facessat
896 5036 910 5071 :
942 5024 1027 5073 est
1048 5019 1191 5072 enim
1218 5016 1456 5074 Trinitas
1480 5019 1772 5073 secundum
1803 5017 2031 5089 gloriam

457 5114 515 5160 et
541 5108 896 5162 aeternitatem
926 5108 1098 5163 modis
1122 5108 1373 5163 omnibus
1402 5109 1651 5173 indivisa,
1680 5107 1935 5177 nullaque
1964 5120 2033 5161 ex

453 5204 611 5264 parte
636 5197 734 5251 abs
763 5211 881 5251 sese
914 5196 1175 5263 alienata;
1217 5213 1392 5267 neque
1418 5199 1488 5253 ob
1534 5198 1588 5257 id
1626 5206 1807 5253 tamen
1838 5197 2035 5251 divinze

456 5299 705 5355 persona:
732 5303 791 5343 se
818 5297 1005 5343 mutuo
1027 5298 1339 5359 permeant,
1369 5290 1473 5344 hoc
1492 5298 1605 5353 est,
1638 5290 1691 5343 in
1724 5304 1783 5344 se
1805 5288 2036 5344 invicem

459 5384 928 5444 transmutantur,
973 5379 1066 5433 sed
1107 5379 1302 5433 harum
1352 5378 1605 5449 quaelibet
1636 5375 2039 5433 indemutabllis

458 5475 647 5521 manet
672 5474 727 5521 et
748 5467 1029 5523 inconfusa
1061 5476 1117 5524 et
1143 5478 1376 5535 aeterna;
1416 5469 1572 5540 longe
1603 5469 1745 5524 enim
1786 5469 2039 5523 amande—

460 5561 552 5609 tur
579 5556 914 5627 pellaturque
946 5560 1122 5616 insani
1160 5559 1443 5631 stolidique
1474 5559 1692 5616 Sabellii
1735 5558 2035 5629 deceptoria

464 5642 730 5700 confusio.

541 5732 776 5789 Veneror
797 5752 1009 5806 quoque
1029 5748 1081 5793 et
1102 5741 1265 5801 adoro
1286 5742 1671 5797 incarnationis
1692 5740 2031 5811 mysterium,

2132 4578 2232 4649 γάρ
2257 4578 2288 4634 ἡ
2317 4577 2447 4634 animi
2483 4577 2658 4649 Τριάς,
2707 4574 2825 4648 δόξῃ
2874 4578 2959 4630 καί
3004 4574 3255 4634 ἀιδιότητι
3299 4582 3370 4646 μὴ
3416 4577 3700 4652 μεριζομίνη

2133 4665 2259 4739 μηδί
2293 4665 2777 4739 άπαλλοτριουμένη,
2804 4659 2920 4720 οὗτε
2942 4673 3042 4721 τῶν
3060 4668 3355 4739 θεαρχικῶι
3373 4668 3697 4722 ὑποστάσεων

2135 4762 2563 4829 μιταπιπτουσῶν
2612 4758 2697 4809 καί
2746 4762 3153 4829 περιχωρουσῶν
3199 4759 3274 4816 εἰς
3324 4757 3560 4819 ἀλλήλας.
3604 4753 3701 4809 ἀλλ’

2135 4848 2208 4921 ἐφ’
2225 4848 2443 4906 ἑκάστης
2492 4848 2682 4903 τούτων
2719 4849 3090 4915 διμεταπτὼτου
3140 4850 3223 4903 καί
3263 4850 3573 4920 ἀσυγχύτου
3617 4868 3701 4917 φυ-

2134 4938 2438 5007 λαττομένης
2483 4946 2575 4997 τῆς
2608 4935 2915 5003 άῑδιότητος,
2966 4938 3140 5008 πόρῤω
3188 4939 3292 5011 γὰρ
3327 4934 3700 5007 άποπεμπιίσθω

2132 5018 2219 5070 καί
2248 5015 2607 5072 άπελαυνίσθω
2630 5019 2660 5075 ἠ
2688 5023 2777 5071 τοῦ
2801 5017 3169 5088 ματαιόφρονος
3203 5017 3472 5073 Σαϐελλίου
3501 5019 3696 5072 ἀπαισ-

2133 5112 2247 5167 τικὴ
2281 5108 2570 5181 σύγχυσις.

2192 5750 2323 5804 Σίϐω
2361 5751 2414 5807 δι
2455 5749 2540 5804 καί
2585 5756 2859 5823 προσκυνῶ
2893 5751 2955 5810 τό
2983 5756 3085 5827 πρὸ
3128 5756 3324 5812 πάντων
3362 5759 3462 5808 τῶν
3495 5749 3682 5806 αἰώνων
