3978 6478
469 436 572 501 185

1457 437 1826 500 EPISTOLA
1866 440 1968 499 AD
2003 438 2312 500 LEONEM
2359 440 2448 501 ΙΙΙ
2481 442 2754 506 PAPAM.

3607 439 3704 503 tuo

464 554 746 629 ὡρισμένον
785 556 1081 630 μυστήριον,
1114 552 1193 607 ἐπ’
1208 552 1452 620 ἐσχάτων
1482 551 1534 607 δὲ
1557 560 1655 607 τῶν
1682 553 1881 628 χρόνων
1910 555 2010 609 ἀπο

2140 563 2264 611 ante
2282 558 2463 612 omnia
2483 556 2677 612 saecula
2703 550 3118 625 praedeﬂnitum,
3163 556 3217 609 in
3241 556 3550 613 novissimis
3575 574 3703 616 vero

457 640 697 710 παλυφθὲν
743 639 825 693 ἐπί
873 643 1099 715 σωτηρίᾳ
1145 642 1338 702 παντός
1382 647 1472 695 τοῦ
1522 643 1692 714 γένους
1722 644 1880 709 ’ἡμῶν
1903 683 1918 706 ,
1949 646 2033 698 καὶ

458 729 773 784 ἕπιτελεσθέν
801 727 886 783 διὰ
926 737 1016 788 τῆς
1043 730 1257 801 μεγάλης
1284 731 1742 801 συγκαταεάσεως,
1768 751 1849 784 και
1873 733 2032 801 ἀρὅή-

457 843 553 878 του
596 823 879 880 οἰκονομίας
907 828 998 876 τοῦ
1040 822 1150 880 ἑνός
1173 829 1265 882 τῆς
1295 822 1464 895 ἀνίας,
1497 826 1583 877 καί
1612 827 1861 885 ζωοποιοῦ
1882 824 2030 897 Τριά-

452 910 549 971 do;
577 917 799 985 Χριστοῦ
829 917 918 966 τοῦ
959 913 1189 970 ἀληθινοῦ
1215 919 1341 967 Θεοῦ
1382 915 1552 981 ἡμῶν
1578 913 1661 967 ἵνα
1693 912 1803 967 ὅθεν
1830 913 1946 983 ἡμῖν
1971 913 2028 965 τὸ

454 1000 582 1058 εἶναι
607 1005 799 1077 ὑπῆρξε
824 1001 911 1057 διὰ
944 1008 1032 1062 τὴν
1056 1001 1244 1074 ἄφατον
1271 1005 1425 1058 αὐτοῦ
1466 1004 1773 1073 ἀγαθότητα,
1817 1005 2029 1057 ἐντεῦθεν

453 1096 542 1149 καί
566 1094 625 1148 τό
650 1087 709 1147 εὖ
736 1089 861 1146 εἶναι
890 1095 1012 1165 ἡμῖν
1054 1084 1350 1169 χαρισθείη.
1397 1094 1647 1166 Ὀμολογῶ
1690 1089 1776 1147 οὖν
1819 1097 1900 1148 καί
1936 1115 2023 1149 πι-

450 1187 656 1250 στεύω,
702 1183 851 1241 αὺτὸν
904 1187 988 1240 τόν
1034 1187 1123 1241 ἕνα
1171 1195 1261 1247 τῆς
1306 1191 1601 1260 ζωαρχικῆς
1642 1189 1729 1239 καί
1777 1189 2027 1260 μακαρίας

448 1272 668 1350 τριάδος
694 1274 782 1329 τὸν
807 1280 898 1330 τοῦ
927 1280 1052 1328 Θεοῦ
1082 1275 1197 1329 Υίὸν
1232 1278 1314 1329 καί
1345 1273 1502 1348 Λόγον
1536 1277 1624 1329 τόν
1659 1281 1733 1347 τῷ
1760 1278 1917 1350 Πατρί
1943 1278 2027 1329 καί

447 1371 531 1439 τῷ
590 1364 717 1436 ἁγίῳ
774 1366 1022 1437 Πνεῦματι
1096 1364 1271 1425 ἀϊδίως
1332 1368 1878 1441 συμπροσκυνούμινον
1939 1367 2026 1420 καί

445 1450 893 1522 συνδοξαζόμενον,
939 1455 1007 1513 ὡς
1054 1452 1319 1523 όμοούσιον
1374 1457 1460 1507 καί
1506 1456 1780 1528 σύνθρονον
1827 1456 2024 1527 ἀπείρῳ

444 1541 794 1617 φιλανθρωπίᾳ
837 1538 1122 1613 κινούμενον
1167 1544 1299 1615 πρὸς
1329 1537 1491 1598 οἶκτον
1532 1540 1625 1597 τοῦ
1667 1546 1856 1597 οἰκείου
1898 1544 2025 1599 πλά-

444 1651 686 1699 σματος,
742 1630 947 1705 εὖδοκίᾳ
993 1640 1217 1707 πατρικῇ
1258 1634 1337 1686 καί
1393 1637 1687 1705 οίκτιρμοῖς,
1738 1635 1923 1709 χάριτί
1966 1654 2022 1688 τε

444 1725 539 1776 καὶ
580 1724 821 1797 συνεργίᾳ
864 1728 954 1777 τοῦ
985 1725 1233 1794 παναγίου
1281 1725 1585 1794 Πνεῦματος,
1628 1716 1924 1780 κατελθόντα
1968 1727 2023 1779 ἐκ

448 1819 549 1865 τῶν
594 1813 815 1888 οὐρανῶν
863 1820 977 1873 τοῖς
1038 1813 1314 1886 ἀνθρώποις
1377 1822 1855 1890 συναναστραφῆναι
1877 1853 1893 1880 ,
1937 1815 2021 1870 ἶνα

2133 648 2463 716 temporibus
2491 648 2558 702 ad
2589 648 2752 703 totius
2778 646 2999 699 humani
3039 647 3248 714 generis
3289 647 3518 702 salutem
3546 659 3702 719 pate-

2129 732 2352 800 factum,
2375 743 2431 790 et
2452 751 2550 805 per
2570 751 2817 806 magnum
2842 735 2993 801 illum
3016 736 3492 807 admirabilemque
3517 742 3699 806 unius,

2130 810 2329 878 sanctae
2353 824 2684 894 vivificaeque
2712 824 2993 878 Trinitatis
3020 839 3284 894 personm,
3311 826 3512 882 Christi
3541 831 3702 885 nimi-

2130 928 2248 968 rum
2303 915 2417 969 veri
2471 915 2566 969 Dei
2607 916 2799 980 nostri,
2856 915 3176 969 descensum
3200 955 3214 980 ,
3272 916 3701 988 ineﬂ‘abilemque

2130 1001 2364 1067 ejusdem
2391 1005 2847 1073 dispensationem
2874 1013 3334 1072 consummatum;
3360 1015 3420 1061 ut
3437 1010 3576 1064 unde
3603 1025 3701 1078 per

2127 1093 2553 1163 inexplicabilem
2585 1096 2750 1163 ipsius
2785 1096 3081 1149 bonitatem
3110 1112 3230 1151 esse
3261 1112 3475 1153 eramus
3504 1101 3695 1160 sortiti.

2126 1184 2252 1239 inde
2286 1186 2450 1239 etiam
2478 1185 2650 1255 ipsum
2677 1186 2817 1240 bene
2843 1202 2961 1242 esse
3000 1188 3389 1256 acciperemus.
3429 1188 3701 1244 Conﬁteor

2126 1273 2307 1342 itaque
2349 1281 2405 1329 et
2447 1276 2611 1329 credo
2648 1275 2865 1328 unicum
2895 1275 3316 1344 opulentissimae
3347 1277 3700 1333 beatissima-

2124 1376 2228 1428 que
2254 1361 2538 1416 Trinitatis
2580 1363 2937 1431 suppositum,
2984 1364 3158 1432 ipsum
3200 1366 3449 1420 videlicet
3485 1367 3581 1422 Dei
3610 1367 3700 1422 Fi-

2122 1448 2252 1503 lium
2278 1457 2335 1505 et
2362 1449 2618 1517 Verbum,
2635 1452 2778 1520 quod
2806 1466 2928 1504 cum
2952 1451 3064 1505 Deo
3076 1450 3235 1505 Patre
3265 1462 3320 1506 et
3348 1453 3550 1524 Spiritu
3573 1471 3697 1512 san-

2123 1547 2209 1594 cto
2232 1539 2286 1593 in
2313 1554 2472 1594 omne
2493 1555 2665 1594 aevum
2689 1540 2847 1597 simul
2872 1540 3126 1593 adoratur
3143 1547 3199 1594 et
3235 1543 3697 1611 congloriiieatur,

2120 1639 2182 1684 ut
2206 1639 2333 1701 pote
2356 1631 2547 1685 iisdem
2572 1630 2925 1687 coessentiale
2950 1638 3005 1684 et
3026 1632 3295 1699 comquale
3320 1633 3581 1700 existens,
3612 1636 3697 1689 in-

2121 1721 2271 1776 ﬁnita
2335 1720 2666 1791 benignitate
2714 1728 2769 1775 et
2815 1721 3184 1775 misericordia
3241 1736 3368 1792 erga
3422 1724 3699 1792 proprium

2119 1809 2327 1878 plasma
2360 1818 2588 1876 motum,
2618 1810 2913 1864 accedente
2951 1810 3058 1863 huc
3085 1818 3311 1879 paterna
3337 1811 3611 1865 voluntate
3646 1821 3701 1866 et

446 1902 569 1960 τοὺς
616 1902 1004 1975 κατακριθέντας
1050 1904 1184 1972 ἡμᾶς
1221 1902 1379 1958 πάλαι
1417 1912 1479 1975 τῇ
1534 1904 1762 1979 ἁμαρτίᾳ
1806 1908 1889 1958 καί
1928 1914 2019 1967 τῆς

2122 1898 2492 1965 miseratione,
2539 1907 2596 1954 et
2636 1899 2811 1953 sancti
2840 1913 3052 1968 quoque
3086 1898 3319 1968 Spiritus
3342 1901 3536 1970 gratia,
3561 1899 3701 1968 ejus-

448 2000 639 2067 τρυφῆς
664 1993 1046 2054 ἐκπεπτωκότας
1076 1994 1409 2069 παραδείσου,
1449 1999 1529 2052 καί
1558 2005 1618 2071 τῇ
1653 1999 1809 2072 φθορᾷ
1834 1998 2020 2057 ὑπενη-

444 2085 724 2156 tur/phata:
771 2085 959 2160 χάριτι
1023 2090 1373 2157 ἀνασώσηται,
1423 2094 1506 2144 καί
1562 2091 1699 2151 θείας
1756 2093 2020 2152 κοινωνοὺς

450 2175 806 2249 ἀπεργάσηται
860 2179 1078 2247 φύσεως.
1126 2179 1416 2240 Ἐνοικήσας
1465 2182 1561 2254 γάρ
1608 2183 1660 2235 ἐν
1712 2190 1775 2252 τῇ
1829 2183 2021 2256 γαστρί

455 2273 543 2326 τῆς
591 2268 856 2342 Παρθένου,
911 2272 997 2324 καί
1046 2272 1229 2344 κυρίως
1279 2274 1366 2329 καί
1423 2269 1615 2332 ἀληθῶς
1644 2273 1889 2328 Θεοτόκου
1936 2274 2022 2328 καί

443 2351 625 2424 {nixis
669 2359 757 2410 καί
799 2358 968 2433 σάρκα
1019 2359 1456 2432 προκαθαρθείσης
1499 2370 1571 2433 τῷ
1616 2363 1887 2433 Πνεῦματι,
1934 2364 2021 2416 καί

442 2440 563 2500 ὅλον
614 2446 685 2504 είς
737 2445 916 2501 ἑαυτὸν
981 2448 1252 2521 ἀνειληφὼς
1298 2450 1350 2512 ἐξ
1412 2451 1568 2510 αὐτῆς
1628 2453 1688 2506 τὸ
1745 2454 2018 2527 ἡμέτερον,

435 2533 621 2609 ὅσπερ
662 2537 711 2589 ἐν
750 2537 895 2611 ἀρχῇ
934 2539 1344 2602 ξωοπλαστήσας
1379 2543 1464 2596 τίν
1504 2540 1780 2616 ἄνθρωπον,
1803 2545 2019 2617 προῆλθε

434 2622 564 2684 Θεὸς
591 2628 994 2700 σεσαρκωμίνος,
1004 2628 1178 2699 μείνας
1207 2632 1359 2684 τοῦτο
1397 2627 1526 2704 ὅπερ
1554 2628 1610 2689 ἦν
1637 2632 1784 2692 Θεός.

507 2883 751 2957 Παρθένον
779 2886 864 2940 καί
890 2887 1021 2956 μετὰ
1055 2888 1202 2942 τόκον
1237 2895 1327 2949 τήν
1357 2891 1624 2966 ὑπερφυῶς
1653 2897 1739 2948 καί
1777 2897 2017 2973 ἀῤῥήτως

433 2979 691 3027 τεκοῦσαν
727 2981 1078 3049 συντηρήσας,
1109 2979 1355 3049 μηδαμῶς
1394 2989 1485 3042 τῆς
1531 2985 1660 3038 κατὰ
1700 2987 1849 3056 φύσιν
1876 3007 2016 3060 παρ-

430 3063 600 3120 θενίας
626 3066 912 3135 τραπείσης
932 3067 1004 3126 είς
1027 3064 1230 3131 ἔνδειξιν
1253 3069 1406 3128 ἀληθῆ
1426 3078 1517 3131 τῆς
1537 3073 1668 3126 κατὰ
1687 3080 1775 3132 την
1798 3069 2015 3148 πρόοδον

435 3151 601 3206 αὐτοῦ
646 3161 741 3213 τῆς
780 3160 1057 3225 γεννήσεως
1110 3158 1354 3234 ἀτρεψίας
1398 3164 1482 3214 καί
1524 3162 1854 3218 ἀναλλοιώτου
1896 3163 2013 3219 δια-

2121 1987 2350 2056 demque
2393 1989 2770 2057 cooperatione
2805 1989 2872 2042 de
2908 1988 3047 2043 ccelo
3082 1989 3447 2055 descendisse,
3485 1998 3540 2044 et
3574 2006 3699 2045 cum

2120 2076 2428 2131 hominibus
2455 2084 2829 2130 conversatum
2858 2090 2999 2140 esse,
3029 2091 3135 2144 quo
3165 2091 3266 2131 nos
3292 2077 3493 2132 dudum
3529 2094 3699 2149 prop-

2121 2175 2205 2221 ter
2232 2175 2512 2237 peccatum
2543 2169 2847 2232 damnatos,
2878 2175 2934 2221 et
2959 2183 2989 2221 e
3010 2167 3247 2236 paradisi
3282 2168 3488 2223 deliciis
3511 2169 3698 2239 expul-

2121 2275 2226 2322 sos,
2258 2259 2698 2328 corruptiouique
2738 2258 3031 2321 obnoxios,
3061 2272 3159 2327 per
3179 2258 3407 2328 gratiam
3447 2258 3696 2321 salvaret,

2120 2358 2177 2404 et
2205 2348 2401 2404 divina:
2443 2356 2648 2402 naturae
2671 2348 2968 2418 participes
2995 2347 3249 2404 efﬁceret.
3288 2348 3345 2402 In
3375 2356 3530 2403 utero
3554 2349 3699 2405 enim

2120 2440 2359 2511 Virginis
2378 2454 2506 2494 vere
2536 2440 2861 2510 proprieque
2888 2438 3134 2508 Deiparte
3164 2439 3492 2503 inhabitans,
3512 2446 3568 2493 et
3599 2453 3697 2508 per

2121 2531 2382 2601 Spiritum
2410 2538 2657 2585 sanctum
2687 2531 2925 2585 animam
2949 2539 3003 2584 et
3024 2546 3245 2585 carnem
3275 2532 3378 2585 sibi
3409 2532 3696 2601 adaptans,

2121 2630 2398 2692 totamque
2414 2630 2652 2676 nostram
2671 2630 2943 2685 naturam,
2959 2622 3407 2689 quemadmodum
3426 2622 3697 2676 hominem

2120 2714 2175 2768 in
2201 2713 2469 2783 principio
2495 2711 2744 2776 ﬁnxerat,
2775 2711 2877 2766 sibi
2901 2712 3193 2776 asciscens,
3218 2711 3419 2781 prodiit
3446 2710 3588 2766 Dens
3625 2711 3699 2765 in-

2119 2810 2396 2858 carn‘atus.

2188 2893 2464 2964 Virginem
2492 2907 2728 2961 quoque,
2764 2907 2884 2961 quae
2910 2893 3396 2963 supernaturaliter
3420 2900 3475 2947 et
3502 2890 3694 2947 ineffa-

2116 2981 2297 3037 biliter
2321 2989 2624 3050 pepererat,
2650 2988 2773 3050 post
2805 2988 3021 3050 partum
3045 2981 3307 3051 virginem
3328 2982 3695 3048 conservavit,

2116 3073 2428 3144 virginitate
2467 3072 2611 3127 illius
2637 3072 2931 3126 secundum
2960 3079 3209 3127 naturam
3249 3074 3393 3128 nulla
3436 3090 3504 3129 ex
3543 3083 3697 3144 parte

2117 3161 2391 3215 demutata
2427 3168 2518 3212 aut
2558 3159 2879 3213 labefactata
2900 3199 2913 3222 ,
2947 3159 3015 3213 ad
3047 3159 3435 3227 designandum
3476 3175 3573 3229 per
3606 3176 3694 3214 se-

437 3251 615 3311 ριανῆς.
663 3256 720 3298 '0
746 3244 819 3318 τῷ
865 3251 1025 3322 Πατρὶ
1061 3244 1162 3321 γάρ
1209 3258 1465 3323 συμφυὴς,
1510 3252 1535 3306 ὁ
1577 3253 1849 3323 όμοούσιος
1897 3258 2013 3326 ἡμῖν

2121 3250 2307 3304 cundae
2325 3250 2621 3303 nativitatis
2645 3264 2979 3318 processum,
3007 3248 3206 3302 nullam
3238 3263 3460 3318 prorsus
3488 3258 3698 3305 natura!

436 3335 574 3388 κατά
619 3336 809 3400 πάντα,
860 3342 1027 3413 χωρίς
1072 3339 1331 3413 ἁμαρτίας
1382 3343 1671 3413 γενόμενος,
1716 3347 2014 3417 σπέρματος

434 3422 671 3496 ’Δϐραάμ
714 3425 1134 3496 ἰπιλαμϐάνεται,
1179 3432 1557 3504 παραπλησίως
1615 3435 1736 3504 ἡμῖν
1800 3455 2016 3489 κεκοινω-

432 3515 601 3573 νηκὼς
640 3515 855 3582 αἵματος
900 3519 979 3570 καί
1008 3519 1216 3593 σαρκός·
1258 3523 1426 3596 σάρκα
1500 3522 1846 3594 δψυχωμένην
1883 3525 2015 3580 ἀνεί-

430 3600 560 3675 )ηφε
606 3605 758 3678 ψυχῇ
806 3610 977 3684 λογικῇ
1025 3613 1110 3664 καί
1147 3619 1295 3684 νοερᾷ
1337 3613 1571 3684 οὐδαμῶς
1609 3623 2015 3690 προῦποστᾶσαν

434 3700 534 3783 τῆς
567 3691 724 3768 ἄκρας
765 3697 1014 3765 ἔνῶσεως,
1060 3702 1185 3757 ἀλλά
1242 3709 1333 3773 μία
1376 3706 1505 3783 σάρξ
1556 3705 1807 3778 ἔμψυχος
1845 3709 2014 3781 λογική

433 3779 531 3836 ἐπὶ
563 3790 654 3843 τῆς
684 3788 819 3840 κατὰ
862 3789 1077 3863 Χριστὸν
1118 3784 1379 3864 συμφυΐας
1423 3779 1745 3861 πιστεύεται,
1788 3799 1847 3850 οὺ

439 3875 604 3945 χάριν
637 3880 904 3939 σκηνώσας
947 3881 998 3933 ἐν
1034 3882 1174 3954 ἡμῖν,
1225 3883 1331 3937 ἀλλ’
1350 3882 1467 3945 ὅλος
1506 3885 1591 3959 ὅλῃ
1633 3896 1695 3962 τῇ
1738 3890 2021 3963 άνθρωπείᾳ

434 3966 592 4036 φύσει
634 3970 984 4038 συμπλακεὶς·
1037 3975 1397 4045 άσυγχύτως,
1441 3981 1523 4032 καί
1572 3977 1888 4053 άδιαιρέτως,
1934 3985 2021 4035 καί

438 4054 713 4128 ὑπερφυῶς
750 4062 841 4116 τὴν
869 4060 1048 4142 ἔναυσιν
1093 4063 1456 4138 ἐργασάμενος,
1486 4068 1567 4121 ἶνα
1594 4069 1647 4122 αί
1684 4071 2018 4127 συνελθοῦσαι

435 4146 616 4201 οὐσίαι
670 4147 901 4210 θεότητός
950 4171 1006 4206 τε
1052 4155 1138 4206 καί
1170 4155 1575 4227 ἀνθρωπότητος,
1604 4159 1655 4212 ὲν
1698 4156 1910 4218 ἰδιότητι
1953 4169 2016 4237 τῇ

434 4241 570 4293 κατὰ
596 4241 741 4311 φύσιν
768 4240 1085 4313 διαμείνωσι,
1115 4249 1198 4299 καί
1239 4245 1470 4319 οὐδαμῶς
1499 4251 1568 4310 εἰς
1598 4250 1814 4312 ἀλλήλας
1863 4273 2017 4322 μετα-

436 4325 628 4383 ϐῶσιν·
667 4334 706 4384 εἰ
743 4334 829 4385 καί
873 4343 899 4371 ⁸
941 4335 1262 4396 κατακλίσεις
1309 4344 1380 4410 τῷ
1418 4338 1550 4411 λόγῳ
1603 4346 1696 4400 τῆς
1754 4342 2017 4415 συμφυΐας

433 4428 775 4495 παραχωρεῖν
824 4423 1044 4483 εὒσεϐὖς
1090 4432 1300 4499 νοοῦμεν
1344 4425 1428 4482 διὰ
1473 4433 1564 4486 τήν
1613 4436 1711 4482 τῶν
1759 4430 2016 4499 ὀνομάτων

2120 3342 2263 3397 illius
2291 3343 2587 3397 accessisse
2617 3342 3000 3405 mutationem,
3045 3347 3137 3393 aut
3168 3339 3561 3393 alterationem.
3594 3340 3699 3407 Qui

2119 3446 2250 3503 ergo
2299 3432 2538 3501 ejusdem
2581 3439 2663 3485 est
2718 3446 2841 3485 cum
2897 3430 3057 3483 Patre
3110 3438 3355 3494 naturae,
3401 3429 3556 3484 nobis
3602 3444 3700 3500 per

2119 3524 2333 3588 omnia,
2367 3530 2589 3593 peccato
2621 3530 2831 3576 tantum
2864 3522 3108 3586 seclusa,
3142 3521 3315 3575 factus
3342 3530 3425 3575 est
3445 3536 3700 3577 coessen-

2120 3612 2297 3677 tialis;
2346 3612 2549 3666 etenim
2575 3611 2781 3666 semine
2811 3611 3085 3665 Abraham
3112 3620 3394 3682 suscepto,
3431 3613 3610 3667 carnis
3644 3620 3701 3667 et

2119 3704 2414 3773 sanguinis,
2445 3703 2667 3773 perinde
2691 3718 2755 3756 ac
2790 3718 2930 3757 unus
2956 3719 3021 3756 ex
3052 3704 3227 3769 nobis,
3256 3703 3431 3758 factus
3461 3713 3543 3758 est
3569 3719 3695 3773 par-

2115 3795 2304 3864 ticeps,
2329 3808 2655 3863 carnemque
2681 3795 2862 3847 anima
2891 3794 3223 3863 intelligente
3253 3794 3587 3850 viviﬁcatam
3613 3812 3700 3850 as-

2117 3886 2365 3956 sumpsit,
2410 3884 2558 3939 nullo
2607 3885 2822 3954 quidem
2870 3893 3028 3954 pacto
3079 3894 3203 3939 ante
3240 3901 3505 3939 summam
3550 3886 3697 3941 illam

2115 3976 2369 4031 unionem
2397 3976 2831 4045 prmexistentem
2857 4015 2871 4039 ,
2914 3974 3008 4028 sed
3038 3973 3195 4028 simul
3235 3988 3453 4028 carnem
3480 4014 3494 4039 ,
3536 3975 3699 4030 simul

2119 4066 2300 4120 anima
2354 4065 2581 4120 rationis
2628 4074 2876 4134 cmnpote
2918 4064 3211 4118 animatam
3239 4103 3254 4129 ,
3300 4065 3460 4118 simul
3516 4065 3695 4124 Verbo

2119 4159 2358 4223 unitam;
2408 4172 2510 4212 nec
2546 4170 2765 4211 rursum
2807 4156 3101 4211 secundum
3147 4155 3316 4210 solam
3360 4156 3588 4225 gratiam
3640 4158 3696 4211 in

2118 4253 2303 4301 nostra
2336 4253 2531 4299 natura
2554 4244 2855 4309 habitavit,
2895 4244 2990 4299 sed
3016 4251 3162 4298 totus
3188 4244 3287 4298 toti
3320 4244 3567 4299 humanae
3600 4261 3692 4300 na-

2118 4344 2254 4391 tura:
2279 4334 2596 4404 coniunctus
2616 4375 2631 4400 ,
2658 4333 3021 4398 ineonfusam,
3052 4333 3373 4388 indivulsam
3392 4375 3407 4399 ,
3435 4350 3683 4406 superna-

2116 4425 2448 4493 turalemque
2495 4424 2749 4477 unionem
2796 4430 3049 4490 operatus
3085 4429 3170 4476 est
3201 4435 3217 4475 :
3258 4423 3438 4475 divina
3468 4424 3611 4478 enim
3640 4434 3693 4479 et

436 4507 708 4574 ἕπὶζενξιν,
749 4510 938 4582 ἕπινοὶᾳ
985 4516 1085 4588 γάρ
1122 4514 1248 4589 μόνῃ
1285 4520 1369 4571 καί
1408 4519 1462 4572 οὐ
1509 4516 1779 4593 πράγματι
1835 4517 2019 4575 διΐοτα·

2121 4519 2347 4571 humana
2392 4522 2583 4569 natura
2630 4513 2771 4567 inter
2814 4527 2873 4566 se
2919 4520 3177 4567 coeuntes
3232 4512 3288 4566 in
3326 4513 3556 4567 naturali
3594 4529 3689 4569 sua

433 4598 564 4741 ἓθαι
609 4598 872 4676 δοξάζομεν
892 4642 915 4672 ,ι
958 4604 1041 4662 διὰ
1089 4612 1180 4669 τὴν
1233 4609 1470 4688 ὑπερφυᾶ
1519 4618 1617 4666 τῶν
1682 4612 2012 4671 συνελθόντων

469 4706 640 4741 νωσιν.

469 4706 640 4743 νωσιν.

515 5420 587 5478 τὸ
626 5419 895 5496 μοναδικόν
920 5419 974 5479 δὲ
1002 5425 1088 5483 καί
1104 5430 1289 5482 ένιαῖον
1315 5432 1406 5487 τῆς
1428 5425 1793 5492 ὑποστάσεως,
1824 5423 2011 5497 φυλάτ-

440 5512 622 5566 τεσθαι
685 5503 988 5582 πιστεύομεν
1055 5510 1276 5582 ἄτμητον
1336 5517 1419 5568 καί
1482 5514 1701 5587 ἀρῥαγίς
1761 5511 2009 5584 διαμενον⁹

446 5597 809 5656 καταϐαλέσθαι
855 5602 954 5674 γάρ
982 5603 1013 5660 ἡ
1050 5598 1398 5675 φωτασιώδης
1425 5607 1514 5657 τοῦ
1557 5604 1845 5662 ἀπατεῶνος
1911 5604 2012 5657 Εὖ-

520 5725 799 5809 {.Verius,
827 5732 953 5809 κατὰ
975 5732 1288 5809 κλήσειςτιο..ἷ
1311 5736 1430 5807 περί
1462 5742 1658 5809 χωρεῖν
1683 5752 1695 5788 :
1722 5743 1781 5790 ut
1800 5735 1871 5791 sit
1895 5750 2009 5809 seu;

449 5800 650 5866 tentia;
708 5801 989 5855 secundum
1039 5800 1409 5873 appellationis
1438 5800 1707 5868 ,"rittione
1760 5804 2018 5859 naturalis

2109 4606 2441 4677 proprietate
2480 4603 2831 4656 indemutatae
2885 4602 3183 4671 persistunt
3216 4610 3690 4673 perseverantque,

2110 4712 2211 4751 nec
2248 4694 2357 4749 ulla
2398 4709 2463 4747 ex
2490 4701 2647 4762 parte
2670 4692 2727 4745 in
2763 4706 2822 4746 se
2844 4700 3035 4745 mutuo
3070 4691 3551 4746 transformamur.
3590 4694 3699 4747 Ve-

2111 4794 2419 4841 rumtamen
2460 4789 2679 4854 propter
2700 4781 3000 4836 naturalem
3028 4781 3173 4836 illam
3207 4782 3494 4835 coitionem
3521 4788 3661 4836 eteo

2108 4875 2312 4946 pulam,
2330 4874 2607 4928 nominum
2632 4886 2845 4942 quoque
2867 4870 3410 4926 communicationem
3429 4878 3691 4926 mutuam-

2110 4980 2216 5034 que
2241 4962 2723 5034 reciprocationem
2744 4962 2830 5031 pie
2853 4962 3252 5016 concedendam
3288 4961 3687 5025 existimamus,

2111 5055 2543 5130 quandoquidem
2569 5060 2790 5124 pr0pter
2814 5052 3095 5123 physicam
3127 5051 3271 5105 illam
3293 5051 3690 5105 admirandam

2111 5163 2217 5220 que
2245 5146 2554 5202 coeuntium
2582 5153 2899 5199 naturarum
2920 5144 3063 5198 inter
3083 5158 3142 5198 se
3166 5144 3444 5207 unionem,
3473 5156 3581 5195 non
3604 5157 3683 5205 re,

2112 5238 2208 5295 sed
2241 5236 2354 5291 sola
2394 5234 2794 5305 imaginatione,
2821 5234 2980 5289 unius
3021 5233 3370 5304 ejusdemque
3398 5231 3682 5300 quamdam

2111 5330 2202 5385 hic
2231 5326 2630 5384 distinctionem
2657 5325 2964 5380 statuimus.

2183 5423 2353 5479 Porro
2392 5429 2570 5476 autem
2595 5460 2610 5487 ,
2656 5420 2800 5489 quod
2829 5434 2951 5474 cum
2987 5426 3306 5474 naturarum
3342 5416 3684 5473 distinctione

2112 5529 2357 5588 personae
2380 5510 2726 5582 singularitas
2748 5509 3093 5580 ejusdemque
3111 5509 3294 5565 unitas
3317 5505 3580 5565 indivulsa
3604 5510 3683 5561 in-

2108 5599 2523 5672 interruptaque
2546 5616 2761 5672 semper
2790 5600 3053 5656 consistat
3078 5604 3502 5670 permaneatque
3533 5595 3676 5665 (nam

2109 5739 2502 5807 conjunctionis.
2530 5757 2620 5794 eas
2646 5741 2701 5794 in
2729 5757 2783 5795 se
2804 5738 3021 5793 invicem
3051 5738 3294 5793 exsistere
3310 5737 3393 5805 pie
3413 5733 3679 5806 intelliga-

2110 5826 2243 5864 mus.
2278 5810 2597 5866 nummus.
