3978 6436
442 380 544 446 187

1431 378 1492 442 S.
1532 377 1951 441 NICEPHORI
1992 380 2496 442 PATRIARCHIE
2532 384 2642 450 CP.

3568 392 3660 455 1.93

437 501 798 553 monstrosam
825 489 1135 560 impostoris
1166 487 1482 559 Eutychetis
1497 528 1512 554 ,
1535 496 1591 543 et
1612 487 1855 542 Dioscori
1877 500 1990 549 eon-

2102 487 2292 556 τυχίου
2344 486 2647 559 [Εύτυχίος]
2695 491 2774 547 καὶ
2826 494 3101 568 Διοσκόρω
3154 495 3421 570 σύγχυσίς
3465 526 3520 563 τε
3572 517 3655 570 και

437 586 705 641 fusionem
757 581 1223 637 concrctionemve
1274 580 1462 650 procul
1491 580 1618 634 hinc
1646 576 2000 649 ablegamus),

438 673 499 727 ﬁt
526 678 587 725 ut
613 684 775 724 unum
804 669 1159 739 eumdemque
1183 668 1537 724 conﬁteamur
1560 676 1801 722 creatum
1839 674 1894 721 et
1923 667 2004 720 in-

438 769 702 825 creatum,
743 768 1003 816 aetemum
1043 769 1098 815 et
1142 768 1580 828 temporaneum,
1631 758 1906 813 caelestem
1946 767 2001 812 et

439 864 739 919 terrenum,
766 853 1232 921 circumscriptum
1258 861 1311 906 et
1335 850 1880 921 incircumscriptum,
1909 850 2003 918 pa-

436 943 644 996 tibilem
671 951 723 996 et
749 942 1115 1010 impatibilem,
1141 940 1256 994 sine
1286 947 1455 992 matre
1482 947 1536 992 et
1559 938 1675 992 sine
1698 940 1851 1007 patre
1880 955 1894 989 :
1921 937 2001 990 al-

435 1039 610 1084 terum
630 1031 846 1100 quidem
869 1040 1087 1099 propter
1110 1027 1451 1091 ineffabilem,
1472 1036 1745 1090 aeternam,
1767 1034 1821 1080 et
1843 1040 2004 1081 omne

439 1122 694 1176 saeculum
737 1123 1139 1176 antecedentem
1176 1136 1240 1174 ex
1288 1120 1448 1174 Patre
1475 1120 1831 1182 nativitatem,
1868 1120 2003 1172 alte-

434 1225 553 1263 rum
585 1225 713 1263 vero
748 1218 968 1278 propter
1002 1226 1253 1264 arcanam
1298 1210 2003 1278 incomprehensibilemque

433 1317 555 1359 cum
593 1309 774 1354 nostra
804 1310 995 1354 natura
1029 1302 1310 1364 unionem;
1336 1302 1469 1355 duas
1498 1301 1639 1353 enim
1670 1301 1839 1368 ipsius
1865 1302 2003 1354 nati-

432 1391 654 1453 vitates,
684 1404 895 1444 omnem
919 1405 1138 1446 sensum
1157 1404 1476 1458 omnemque
1502 1389 1825 1443 intellectum
1852 1405 2004 1443 exce—

433 1482 621 1533 dentes
668 1481 1007 1547 agnoscimus
1045 1497 1058 1533 :
1110 1480 1411 1549 unigenitus
1452 1480 1597 1534 enim
1615 1477 1928 1540 Filius,cum
1946 1480 2002 1534 in

431 1568 602 1623 forma
630 1571 722 1623 Dei
747 1585 809 1623 ac
830 1570 883 1622 in
912 1569 1051 1631 sinu,
1076 1569 1176 1624 hoc
1197 1578 1299 1633 est,
1331 1570 1446 1624 usia
1472 1570 1649 1623 Patris
1669 1581 1833 1634 esset,
1855 1578 1909 1623 et
1934 1569 2001 1624 ab

430 1665 632 1711 aeterno
666 1673 732 1711 ex
768 1659 885 1727 ipso
912 1658 1182 1721 eluceret,
1223 1659 1322 1712 sub
1359 1658 1673 1713 saeculorum
1714 1657 1873 1711 linem
1910 1673 1999 1713 se-

430 1749 719 1815 metipsum
746 1749 1060 1808 exinanivit.
1093 1749 1444 1819 servilemque
1483 1748 1728 1814 formam,
1763 1749 1865 1803 hoc
1891 1756 1998 1814 est,

428 1846 671 1892 nostram
711 1839 1062 1892 substantiam
1086 1840 1339 1907 suscepit.

500 1925 637 1980 Unio
662 1927 840 1993 itaque
869 1927 922 1980 in
948 1927 1164 1981 Christo
1194 1928 1488 1981 secundum
1517 1927 1829 1997 hypostasin
1851 1927 1994 1981 aliud

423 2013 494 2068 ad
518 2012 660 2067 aliud
688 2014 951 2085 adjungit,
991 2025 1119 2084 puta
1164 2015 1375 2070 visibile
1411 2015 1479 2070 ad
1536 2014 1827 2079 invisibile,
1853 2015 1994 2084 pati-

424 2100 532 2156 bile
577 2102 643 2156 ad
705 2101 1018 2173 impatibile,
1049 2114 1354 2174 cmteraque
1392 2119 1460 2159 ex
1512 2103 1709 2173 quibus
1747 2102 1995 2161 Salvator

427 2194 796 2260 constituitur,
826 2211 931 2251 non
974 2203 1154 2249 tamen
1186 2194 1349 2249 alium
1398 2203 1452 2249 et
1481 2196 1643 2249 alium
1689 2194 1989 2260 constituit,

418 2283 585 2337 absit.
634 2282 811 2340 Unum
838 2286 1070 2355 namque
1103 2286 1455 2354 eamdemque
1498 2286 1665 2340 Deum
1693 2284 1992 2355 perfectum

429 2379 486 2425 et
530 2371 800 2427 hominem
857 2374 1039 2428 itidem
1091 2373 1387 2443 perfectum
1418 2373 1797 2436 ,conlitemur.
1858 2373 1990 2428 Nam

431 2464 537 2517 etsi
595 2471 927 2518 naturarum
962 2464 1318 2520 dill'ereutiam
1387 2463 1602 2518 Christo
1658 2464 1942 2518 tribuimus
1973 2503 1988 2530 ,

423 2568 593 2606 unum
626 2559 805 2607 tamen
835 2554 1191 2621 eumlctnque
1226 2553 1386 2606 etiam
1422 2560 1543 2622 post
1571 2552 1990 2606 incarnationem

406 2643 786 2712 agnoscimus,
823 2651 877 2696 et
908 2657 1013 2711 quo
1041 2642 1265 2697 stolidus
1293 2641 1569 2695 Nestorius
1600 2655 1630 2693 a
1663 2640 1858 2693 divinis
1904 2654 1990 2694 se-

424 2731 532 2799 ptis
580 2730 830 2796 facessat,
867 2740 1083 2800 propter
1122 2739 1436 2783 naturarum
1477 2728 1543 2781 ad
1598 2728 1988 2798 hypostaticatn

422 2820 676 2874 unionem
723 2822 1028 2875 coeuntium
1068 2819 1451 2877 diwrsitatem.
1504 2834 1609 2873 non
1664 2819 1796 2873 duos
1827 2817 1985 2882 ﬁlios,

422 2920 516 2966 aut
558 2910 869 2964 dualitatem
932 2910 1162 2963 ﬁliorum
1214 2907 1549 2972 inducimus,
1581 2923 1767 2963 omnes
1808 2916 1987 2962 autem

419 3001 624 3057 Christi
667 3001 925 3064 actiones,
965 3014 1085 3068 quae
1113 2999 1295 3067 utique
1325 2997 1672 3062 tbcandricac,
1723 2998 1825 3051 hoc
1880 3004 1985 3063 est,

421 3093 517 3148 Dei
540 3090 707 3149 simul
734 3098 789 3143 et
813 3090 1066 3153 hominis,
1094 3097 1271 3149 erant,
1300 3088 1389 3141 uni
1414 3087 1715 3141 tribuimus.
1750 3087 1885 3140 Nam
1927 3093 1987 3141 ut

2025 1828 2073 1887 B

2101 582 2464 638 συνουσίωσις’
2496 581 2720 635 ἐντεῦθεν
2744 585 2831 635 τὸν
2872 585 3026 637 αὑτὸν
3073 589 3277 641 κτιστόν
3316 594 3399 645 και
3425 591 3653 658 ἄπτωτον

2100 663 2448 757 ὁμολογοῦμεν,
2478 669 2772 740 προαιῶνιόν
2813 693 2870 728 τε
2921 676 3006 726 καὶ
3050 675 3401 750 ύπᾶρχρονον,
3434 687 3655 757 οὐράνιόν

2101 773 2156 809 τε
2204 757 2293 808 καὶ
2342 756 2589 828 ἐπίγειον,
2637 760 2979 835 περιγραπτόν
3028 784 3082 818 τε
3132 769 3218 820 καὶ
3257 756 3649 844 ἀπερίγραπτον,

2098 844 2315 901 παθητόν
2348 865 2403 900 τε
2430 850 2514 900 καὶ
2557 850 2744 915 ἀπαθῆ,
2789 854 3022 927 ἀμήτορα
3064 859 3151 909 καὶ
3192 858 3447 931 ἀπάτορα,
3471 866 3528 918 τὸ

2099 931 2184 988 διὰ
2235 941 2322 994 τὴν
2365 934 2623 1008 ἅρρητον,
2683 944 2768 994 καὶ
2812 938 3075 1017 ἄναρχον,
3125 949 3207 999 καὶ
3262 931 3651 1022 προαιῶνιοίδκ

2099 1027 2292 1098 Πατρὸς
2326 1030 2571 1099 γέννησιν,
2615 1032 2671 1086 τὸ
2700 1030 2752 1086 δὲ
2801 1032 2885 1088 διὰ
2934 1043 3023 1092 τήν
3061 1040 3162 1091 καθ’
3178 1041 3311 1109 ἡμᾶς
3357 1048 3561 1116 κρυφέαν
3598 1069 3650 1103 τε

2099 1120 2179 1168 καὶ
2217 1118 2538 1189 ἀπερινὸητον
2584 1120 2783 1183 ἕνωσιν,
2816 1126 2898 1177 καὶ
2941 1122 3033 1178 δύο
3073 1128 3229 1180 αὐτοῦ
3279 1130 3367 1189 τὰς
3407 1138 3653 1203 γεννήσεις

2099 1209 2431 1282 κηρύσσομεν.
2474 1212 2859 1275 ἀκαταλήπτους
2877 1256 2890 1277 ,
2917 1222 3002 1269 καὶ
3029 1219 3158 1292 ὑπὲρ
3186 1219 3326 1291 λόγον
3368 1229 3653 1295 τυγχανού-

2100 1312 2214 1385 σαςξ
2265 1296 2415 1372 ὁγάρ
2457 1300 2504 1352 ἓν
2543 1311 2701 1377 μορφῇ
2737 1311 2860 1358 Θεοῦ
2911 1306 3171 1382 ύπάρχων
3214 1320 3480 1381 μονογενής
3521 1318 3648 1385 Υἱὸς,

2100 1382 2126 1439 ὅ
2174 1382 2238 1439 ὢν
2275 1388 2324 1438 ἐν
2366 1396 2476 1449 τοῖς
2506 1390 2702 1453 κόλποις
2729 1400 2819 1448 τοῦ
2851 1398 3064 1468 Πατρός,
3092 1401 3353 1455 τουτέστιν
3384 1402 3409 1458 ὁ
3437 1406 3484 1457 ἕν

2097 1484 2187 1532 τοῦ
2226 1480 2416 1553 Πατρὸς
2458 1486 2754 1556 πρωνὼνιοέ·
2801 1486 2849 1550 εξ
2880 1467 3035 1542 αὑτοῦ
3079 1490 3370 1561 ἕκλάμψας,
3402 1496 3487 1549 ἐπὶ

2096 1567 2259 1641 τελείᾳ
2299 1578 2396 1623 τῶν
2439 1575 2629 1626 αἰώνων
2681 1575 2857 1630 ἑαυτὸν
2893 1581 3147 1647 κεκένωκε,
3178 1586 3256 1635 καὶ
3281 1589 3369 1643 τήν
3405 1593 3495 1640 τοῦ
3536 1587 3651 1643 δού-

2095 1659 2184 1714 λου
2210 1666 2396 1735 μορφήν
2421 1663 2685 1731 ἀνέλαϐεν,
2712 1664 2739 1719 ὃ
2765 1670 2876 1722 ἐστι
2901 1673 2989 1728 τήν
3017 1672 3260 1743 ἡμετέραν
3285 1676 3480 1730 οὐσίαν.

2166 1925 2219 1968 Ἦ
2258 1916 2306 1969 ἔν
2350 1927 2553 1991 Χριστῷ
2599 1914 2684 1975 οὖν
2721 1924 2823 1979 καθ’
2845 1926 3127 1983 ὑπόστασιν
3170 1931 3382 2001 ἕνωσις,
3415 1932 3531 1991 ἄλλο
3569 1942 3652 2009 μὶν

2094 2004 2221 2076 πρὸς
2256 2003 2373 2061 ἄλλο
2411 2011 2476 2063 τὰ
2509 2013 2560 2075 ἑξ
2603 2008 2669 2066 ὧν
2712 2013 2738 2070 ὃ
2792 2022 2992 2082 Σωτήρ,
3040 2022 3275 2091 συνάγιιο
3326 2021 3424 2078 οἷον
3472 2025 3532 2084 δή
3569 2003 3653 2079 ’τὸ

2093 2095 2305 2170 ἀόρατον
2337 2103 2421 2154 καὶ
2452 2100 2717 2175 ὁρώμενον,
2744 2108 2961 2165 παθητὸν
2986 2112 3070 2163 καὶ
3096 2113 3364 2183 ἀκήρατον,
3400 2117 3488 2169 ούκ
3514 2115 3652 2174 ἄλλον

2095 2182 2148 2239 δέ
2175 2191 2261 2240 καί
2293 2186 2541 2264 (Momm)
2574 2197 2783 2265 γένοιτο.
2831 2199 2950 2253 Θεὸν
2979 2202 3063 2254 τὸν
3093 2204 3241 2258 αὐτὸν
3279 2205 3465 2260 τέλειον
3506 2209 3649 2268 ἀληθῆ

2093 2278 2176 2370 καὶ
2221 2274 2483 2353 ἄνθρωπον
2537 2276 2720 2363 τέλειον
2768 2280 3132 2361 ὅμολογοίμιν⁶
3182 2295 3239 2346 τὸ
3285 2293 3521 2370 διάφορον
3562 2288 3653 2353 tibi

2092 2366 2289 2436 φύσεων
2326 2374 2714 2453 προσνέμοντες,
2756 2376 2841 2429 ἕνα
2885 2381 2964 2431 καὶ
2997 2380 3082 2433 τὸν
3123 2382 3272 2436 αὐτὸν
3306 2388 3647 2453 γινώσκοντες,

2090 2459 2169 2547 παὶ
2196 2461 2326 2527 μετά
2356 2466 2443 2519 τήν
2479 2465 2753 2539 σάρκωσιν,
2791 2468 2881 2520 οὐκ
2911 2471 2983 2529 εἰς
3014 2467 3178 2525 δυάδα
3204 2472 3320 2525 υἱῶν
3348 2478 3649 2547 μερίζοντες,

2091 2543 2173 2601 διὰ
2212 2550 2270 2603 τὸ
2315 2551 2535 2625 ἑτεροῖον
2592 2563 2692 2610 τῶν
2738 2556 3142 2630 συνδραμουσῶν
3181 2564 3263 2617 ἔπι
3399 2566 3652 2623 καθ’ύπό·

2090 2657 2272 2692 στασιν
2321 2641 2490 2696 ἔνώσει
2538 2645 2756 2714 φύσεων,
2809 2648 2892 2701 ἵνα
2944 2648 3126 2713 ἐξωσθή
3142 2660 3233 2713 τῆς
3268 2655 3403 2713 θείας
3446 2656 3650 2718 αὐλῆςὸ

2088 2732 2365 2819 παράφρων
2392 2738 2685 2801 Νεστόριος,
2713 2739 2878 2793 πάντα
2907 2739 2960 2794 δέ
2985 2745 3046 2796 τὰ
3073 2752 3163 2803 τῆς
3187 2746 3478 2819 θεανδρικῆς
3501 2752 3647 2804 αὺτοῦ

2088 2818 2337 2907 ἐνεργείας
2377 2822 2749 2880 ἐπιτελέσαντα.
2781 2833 2861 2887 Ὧς
2897 2831 2993 2903 γὰρ
3034 2833 3154 2892 Θεὸς
3182 2836 3372 2907 ἐνήργει
3413 2839 3483 2891 τὰ
3524 2840 3647 2902 θεῖα,

2088 2902 2332 3001 διἀύτῶν
2361 2914 2451 2972 τὰς
2480 2914 2779 2985 θεοσημείας
2808 2921 2892 2974 καὶ
2931 2902 2995 2973 τά
3032 2902 3272 2995 θαύματα.
3304 2902 3648 3001 dir/attigerat,

2089 2998 2158 3057 ὦς
2184 2995 2446 3073 ἅνθρωπος
2473 3001 2546 3070 δὲ,
2577 3005 2603 3061 ὁ
2633 3010 2777 3070 αὐτὸς
2806 3013 2871 3066 τὰ
2900 3014 3031 3072 πάθη
3072 3018 3155 3069 καὶ
3190 3018 3281 3076 τὰς
3312 3018 3488 3093 ὕϐρεις
3514 3021 3650 3076 ἄκου-

2088 3090 2211 3149 σὶως
2242 3090 2556 3155 κατεδέξατο.
2588 3100 2683 3153 Διοῖ
2706 3108 2855 3154 τοῦτο
2882 3105 3011 3172 μιτά
3038 3111 3134 3158 τῶν
3165 3104 3255 3160 δύο
3299 3090 3502 3178 φύσεων
3533 3114 3648 3166 cino-

428 3180 571 3236 Deus
596 3189 732 3245 erat,
770 3180 959 3233 edebat
991 3193 1154 3247 opera
1201 3178 1398 3241 divina,
1431 3178 1579 3246 signa
1637 3177 1893 3230 nimirum
1939 3184 1990 3231 et

2093 3176 2281 3241 λούθως
2334 3187 2419 3236 καὶ
2470 3187 2772 3257 ἀναγκαίως,
2828 3193 3121 3263 ἰσαρίθμους
3166 3198 3246 3250 καὶ
3299 3168 3393 3258 τὰς
3444 3201 3651 3270 gummi:

419 3272 680 3329 miracula
714 3290 727 3325 :
765 3279 824 3325 ut
854 3281 1034 3325 autem
1089 3271 1250 3323 homo
1281 3271 1421 3324 idem
1454 3271 1565 3340 ipse
1593 3278 1780 3339 sponte
1837 3270 1986 3324 subi-

417 3364 514 3417 bat
540 3363 841 3432 passiones,
876 3360 1283 3427 sustinebatque
1312 3359 1507 3427 probra
1534 3367 1588 3413 et
1616 3359 1986 3414 contumelias.

419 3453 576 3509 Unde
600 3468 723 3507 cum
761 3451 965 3505 duabus
1000 3449 1205 3503 naturis
1240 3457 1617 3514 consentanee,
1674 3451 1781 3504 imo
1806 3466 1992 3505 ncces-

419 3543 586 3605 sario,
615 3541 769 3610 juxta
791 3540 909 3610 pias
933 3540 1247 3608 divinaeque
1295 3539 1592 3594 divinorum
1636 3547 1852 3609 patrum
1892 3556 1989 3595 no-

418 3640 654 3686 strorum
684 3630 1016 3693 traditiones,
1066 3628 1200 3683 duas
1223 3643 1436 3697 quoque
1462 3629 1737 3683 naturales
1788 3644 1986 3699 opera-

419 3721 594 3775 tiones
619 3720 760 3774 illius
782 3718 1042 3789 gloritico,
1072 3719 1306 3787 ipsarum
1337 3717 1733 3787 quodammodo
1771 3727 1986 3771 natura-

420 3827 540 3865 rum
579 3819 632 3866 et
658 3811 1077 3866 substantiarum
1115 3809 1317 3863 indices
1364 3816 1527 3877 atque
1561 3811 1979 3863 constitutrices.

420 3902 547 3956 Pari
580 3902 738 3957 modo
767 3913 821 3956 et
850 3901 985 3956 duas
1016 3914 1227 3970 quoque
1254 3899 1522 3953 naturales
1544 3898 1703 3953 unius
1722 3895 1987 3967 ejusdem-

423 4006 530 4061 que
577 3991 673 4046 Dei
719 3998 773 4047 et
830 3990 1042 4043 Domini
1067 3989 1235 4044 nostri
1283 3987 1409 4043 Iesu
1464 3988 1987 4043 Cln'istivoluntatcs

416 4095 667 4135 veneror.
699 4079 835 4132 Nam
881 4080 1033 4148 juxta
1059 4066 1643 4145 utramque'naturam,
1693 4092 1757 4130 ex
1788 4077 1985 4145 quibus

418 4177 476 4224 et
500 4169 557 4222 in
582 4167 779 4236 quibus
799 4167 983 4220 existit
1014 4175 1069 4219 et
1106 4165 1443 4234 intelligitur,
1479 4163 1769 4218 voluntatis
1816 4164 1985 4219 facul-

422 4265 589 4311 tatem
617 4256 664 4309 ei
715 4256 1122 4310 tribuimus:ut
1150 4255 1293 4306 enim
1354 4260 1610 4321 operatur
1655 4253 1983 4322 salutarique

418 4343 655 4418 passioni
692 4344 832 4398 ultro
863 4358 985 4397 sese
1016 4342 1251 4411 exponit,
1280 4341 1351 4395 ita
1381 4350 1436 4395 et
1467 4340 1581 4395 vult
1608 4355 1838 4410 quoque.

487 4436 660 4492 Credo
692 4452 902 4491 rursum
937 4435 1084 4490 illum
1115 4435 1285 4504 ipsum
1334 4434 1650 4489 crucifixum
1702 4448 1841 4498 esse,
1873 4449 1979 4489 non

2091 3268 2250 3321 αὐτοῦ
2293 3272 2535 3346 ἐνεργείας
2565 3273 2780 3342 δοξάζω,
2813 3283 2878 3340 ὡς
2903 3279 3176 3343 δηλωτικάς
3213 3288 3298 3339 καὶ
3332 3268 3651 3352 συστατικὰς

2137 3361 2149 3378 ι
2202 3368 2223 3379 ,
2327 3370 2349 3380 -
2465 3367 2477 3383 ν
2549 3374 2570 3385 -
2659 3369 2682 3385 ..
2893 3375 2901 3389 .

2089 3381 2256 3415 αυτων
2283 3383 2383 3419 των
2427 3386 2604 3421 ουσιων
2649 3390 2803 3439 ηγουν
2846 3377 3218 3442 puerum-md
3267 3377 3358 3437 τὰς
3401 3380 3651 3440 θεοσεϐεῖς

2088 3453 2175 3504 καὶ
2201 3453 2495 3533 Θεοπρεπεῖς
2516 3465 2615 3510 τῶν
2641 3460 2884 3532 θεοσὸφων
2911 3464 3048 3531 ἡμῶν
3066 3466 3298 3541 πατέρων
3317 3467 3645 3538 παραδόσεις.

2087 3543 2351 3602 Ὡσαύτως
2378 3547 2463 3598 καὶ
2490 3543 2581 3599 δύο
2610 3549 2826 3610 θελήσεις
2860 3550 3012 3622 ἤγουν
3050 3553 3301 3622 θελήματα
3337 3558 3528 3625 φυσικά
3561 3562 3646 3612 τοῦ

2086 3636 2245 3691 αὐτοῦ
2274 3637 2381 3698 ἑνὸς
2409 3642 2590 3716 Κυρίου
2618 3645 2703 3696 καὶ
2732 3649 2856 3697 Θεοῦ
2883 3645 3019 3716 ἡμῶν
3045 3645 3208 3702 Ἰησοῦ
3237 3655 3463 3714 Χριστοῦ
3490 3670 3674 3721 πρεσ-’

2089 3725 2242 3779 ϐεύω.
2288 3728 2550 3786 Θελητικόν
2594 3732 2688 3804 γὰρ
2723 3734 3135 3803 αὖτὸν”γινῶσκω
3181 3733 3292 3789 καθ’
3326 3738 3511 3812 ἑτέραν
3555 3747 3649 3794 τῶν

2086 3818 2303 3885 φύσεων,
2334 3820 2384 3881 ἐξ
2418 3816 2481 3870 ὧν
2523 3823 2605 3873 καὶ
2642 3822 2688 3873 ἔν
2720 3817 2795 3879 αἷς
2822 3822 3052 3895 ύπάρχει
3097 3826 3185 3877 καὶ
3230 3832 3442 3880 νοεῖται’
3474 3829 3646 3901 ὥσπερ

2084 3904 2377 3975 ἐνεργοῦντα
2400 3907 2531 3962 οὕτω
2561 3912 2643 3962 καὶ
2676 3910 2889 3965 θέλοντα*
2925 3913 3009 3967 ἐπὶ
3036 3912 3095 3971 τὸ
3125 3915 3280 3975 πάθος
3309 3913 3361 3969 δὲ
3387 3915 3451 3970 τὸ
3477 3920 3649 3976 σωτή-

2082 4011 2188 4064 ριον
2218 3993 2460 4056 ἑκουσίως
2493 3998 2714 4054 ἐλθόντα.
2750 4050 2759 4055 .

2153 4436 2377 4490 Πιστεύω
2417 4438 2565 4491 αὐτὸν
2609 4438 2957 4513 σταυρωθῆναι
2990 4440 3076 4492 οὐκ
3131 4440 3228 4504 ἕνῇ
3255 4438 3524 4512 διαλάμπει
3552 4440 3644 4493 σύν

418 4526 631 4581 nuidem
654 4527 707 4581 in
737 4541 800 4580 ea
820 4534 1007 4579 natura
1041 4526 1093 4579 in
1121 4540 1224 4593 qua
1264 4540 1386 4579 cum
1414 4524 1574 4578 Patre
1608 4524 1749 4578 lucet
1803 4532 1857 4578 et
1902 4540 1986 4578 re-

2744 4495 2754 4513 .
3205 4495 3216 4504 -
3399 4495 3409 4512 .

2090 4531 2156 4591 τῷ
2180 4528 2336 4595 Πατρὶ
2364 4527 2528 4599 οὐσίᾳ·
2561 4530 2605 4579 εἰ
2640 4528 2831 4582 καὶτὸν
2860 4530 3035 4602 Κύριον
3074 4537 3165 4587 τῆς
3200 4528 3345 4592 δόξης
3387 4533 3630 4602 ἐσταυρῶν

419 4623 545 4686 gnat
568 4614 691 4684 (etsi
728 4615 909 4684 gloriae
933 4615 1188 4668 Dominus
1217 4618 1438 4683 propter
1464 4613 1779 4667 idiomatum
1833 4628 1984 4666 com-

419 4702 838 4756 municationem
882 4701 1184 4756 cruciﬁxus
1238 4701 1489 4770 dicatur),
1542 4702 1633 4755 sed
1678 4702 1731 4754 in
1766 4710 1981 4767 natura,

419 4790 525 4844 hoc
549 4798 650 4853 est,
704 4798 938 4851 terrena,
989 4790 1278 4843 secundum
1324 4803 1483 4857 quam
1528 4796 1837 4841 terrestrem
1883 4803 1982 4843 n0-

420 4884 589 4930 stram
651 4891 884 4931 massam
915 4876 1175 4944 suscepit,
1225 4883 1280 4928 et
1331 4875 1504 4928 lactus
1531 4883 1616 4929 est
1644 4874 1984 4951 maledictum

418 4974 641 5037 propter
687 4974 909 5036 peccata
964 4976 1171 5032 nostra,
1196 4981 1302 5035 quo
1327 4980 1437 5020 sum
1474 4981 1573 5019 nos
1598 4965 1985 5019 benedictionis

419 5056 627 5111 faceret
655 5071 776 5111 esse
804 5057 1120 5126 participes;
1145 5065 1200 5112 et
1237 5056 1419 5111 carnis
1447 5065 1673 5110 mortem
1699 5055 1766 5108 ab
1794 5056 1989 5124 impro-

419 5147 502 5202 bis
549 5148 751 5203 illatam
798 5149 1071 5217 patienter
1125 5148 1401 5211 sustinuit,
1428 5162 1533 5215 quo
1577 5146 1769 5199 mortis
1795 5146 1985 5199 stimu-

419 5234 554 5301 lum,
586 5238 639 5291 id
672 5246 755 5292 est
781 5246 1059 5307 peccatum
1108 5238 1159 5291 in
1186 5252 1349 5292 carne
1371 5253 1466 5292 sua
1500 5236 1899 5297 condemnaret,
1933 5242 1988 5288 et

418 5325 722 5384 destrueret
772 5344 895 5385 eum
925 5328 1015 5399 qui
1054 5329 1245 5383 mortis
1283 5327 1514 5381 habebat
1547 5326 1851 5395 imperium,
1885 5325 1987 5379 hoc

418 5424 505 5470 est
526 5418 815 5474 diabolum.
841 5418 1014 5475 Credo
1038 5434 1231 5488 corpus
1251 5433 1408 5473 suum
1448 5418 1740 5487 sepultura:
1770 5425 1985 5471 contra-

422 5502 614 5569 ditum,
638 5503 1003 5574 incorruptum
1032 5521 1404 5571 conservasse,
1432 5507 1577 5560 nullo
1622 5507 1838 5577 quidem
1868 5520 1983 5560 mo-

421 5591 491 5645 do
519 5593 587 5647 ab
621 5608 817 5647 arcana
850 5595 938 5649 illa
966 5595 1433 5664 inexplicabilique
1453 5597 1648 5652 unione
1687 5596 1979 5661 divulsum,

424 5683 525 5737 etsi
543 5680 673 5737 illud
693 5684 853 5739 tridui
881 5685 968 5740 illo
990 5686 1268 5741 intervallo
1289 5685 1462 5741 anima
1484 5688 1642 5743 fuerit
1662 5687 1979 5756 spoliatum;

2087 4616 2200 4667 σθαι
2225 4615 2417 4683 λέγεται
2449 4613 2774 4689 [γέγραπται]
2796 4624 2867 4685 τῷ
2895 4616 3021 4687 λόγῳ
3049 4626 3140 4677 τῆς
3163 4616 3486 4679 ἀντιδόσεως’
3525 4617 3644 4671 ἀλλᾶ

2083 4709 2147 4773 τῇ
2175 4703 2279 4755 καθ’
2296 4704 2428 4771 ἡμᾶς
2449 4710 2572 4776 γερᾷ
2598 4703 2796 4775 [γεηρᾷ]
2814 4707 2981 4775 φύσει,
3010 4706 3114 4759 καθ’
3136 4707 3193 4764 ἣν
3216 4708 3273 4760 τὸ
3305 4709 3478 4775 χοίκὸν
3506 4708 3643 4776 ἡμῶν

2084 4789 2288 4842 ἀνέλαϐε
2342 4791 2577 4862 φύραμα,
2610 4795 2693 4845 καὶ
2732 4794 2929 4861 κατάρα
2970 4794 3101 4867 ὑπὲρ
3135 4796 3269 4866 ἡμῶν
3311 4797 3536 4864 γέγονεν.
3564 4795 3643 4847 ἶνα

2082 4887 2173 4939 τῆς
2218 4877 2522 4953 παρ’έαυτῷ
2559 4880 2788 4952 εὺλογίας
2827 4886 3081 4943 κοινωνούς
3109 4887 3241 4955 ἡμᾶς
3282 4883 3533 4951 ἀναδείξῃ,
3563 4886 3641 4936 καὶ

2080 4969 2164 5021 τὸν
2211 4975 2310 5020 τῶν
2359 4972 2644 5045 κακούργων
2680 4973 2810 5025 κατὰ
2854 4977 2944 5030 τήν
2994 4976 3164 5046 σάρκα
3217 4974 3464 5042 ἠνέσχετο
3515 4973 3640 5026 ύπο-

2081 5062 2243 5127 μεῖναι
2275 5054 2501 5113 θένατον,
2530 5058 2609 5111 ἵνα
2650 5060 2708 5112 τὸ
2746 5065 2836 5114 τοῦ
2881 5062 3091 5114 θανάτου
3124 5062 3338 5135 κέντρον.
3362 5067 3450 5120 τὸν
3481 5060 3640 5136 ἆμαρ-

2081 5146 2191 5196 τίαν
2228 5146 2493 5217 κατακρίνῃ
2538 5146 2587 5196 ἓν
2625 5152 2689 5218 τῇ
2734 5150 2888 5221 σαρκὶ
2916 5151 3095 5214 αὐτοῦ,
3120 5151 3201 5202 καὶ
3236 5154 3534 5223 καταργήσῃ
3557 5152 3640 5203 τὸν

2082 5232 2142 5285 τὸ
2176 5235 2362 5305 κράτος
2390 5233 2582 5302 ἔχοντα
2609 5242 2701 5290 τοῦ
2730 5238 2943 5292 θανάτου
2961 5278 2975 5297 .
3005 5241 3239 5294 τουτέστι
3265 5242 3348 5294 τὶν
3391 5238 3634 5294 διάϐολον.

2082 5331 2220 5396 Ταφῇ
2244 5322 2298 5376 δέ
2331 5323 2607 5394 παραδοθὲν
2633 5327 2791 5380 αὐτοῦ
2833 5329 2889 5381 τό
2923 5335 3070 5399 σῶμα
3112 5326 3356 5402 ἄφθαρτον
3402 5326 3639 5401 διατηρῆ-

2084 5432 2244 5466 σαντα
2271 5411 2514 5485 μηδαμῶς
2541 5422 2631 5474 τῆς
2676 5417 2961 5491 ἀπορρἠου
3002 5421 3082 5470 καὶ
3132 5420 3469 5493 ἀνεκφρὰστου
3512 5414 3638 5471 διαι-

2084 5504 2223 5578 ρεθὲν
2263 5504 2504 5563 ένὼσεωςη
2551 5507 2595 5558 εἰ
2636 5509 2718 5559 καὶ
2760 5514 2851 5566 τῆς
2886 5508 3083 5579 λογικῆς
3129 5510 3286 5562 αὐτοῦ
3331 5510 3418 5562 καὶ
3462 5509 3640 5578 νοερᾶς

2084 5591 2264 5663 ψυχῆς
2305 5593 2564 5666 ἐχωρίσθη
2604 5595 2654 5648 ἕν
2688 5603 2761 5666 τῷ
2801 5598 3055 5670 τριημὲρῳ
3100 5595 3427 5668 διαστήματιο
3454 5590 3636 5666 μεθ’ὖς

2085 5684 2231 5742 αότὸς
2276 5687 2358 5739 καὶ
2408 5687 2483 5744 εἰς
2536 5682 2660 5758 ᾅδου
2715 5688 3045 5756 καταϐέϐηκε,
3070 5692 3153 5744 καὶ
3201 5696 3307 5748 τοῖς
3349 5690 3398 5741 ἐν
3444 5685 3635 5759 φυλακῇ
