3978 6472
483 416 593 486 189

1476 412 1838 474 EPISTULA
1880 414 1981 473 AD
2015 416 2324 476 LEONEM
2363 418 2458 478 III
2494 419 2766 484 PAPAM.

3626 425 3727 493 190

482 536 796 603 πνεύμασιν,
847 536 916 597 ὦς
960 532 987 589 ὅ
1031 540 1293 608 κορυφαῖος
1336 532 1421 586 καὶ
1460 532 1593 589 θεῖος
1646 527 1797 600 ἔφησε
1844 530 2044 602 Πέτρος,

2155 541 2278 580 cum
2313 541 2419 595 qua
2464 527 2645 582 anima
2697 536 2753 583 et
2778 529 2890 597 ipse
2916 543 3129 601 quoque
3158 533 3227 588 ad
3254 532 3456 590 inferos
3499 534 3725 593 descen-

484 625 748 698 ποριυθείς
794 623 995 695 ἐκήρυξε
1035 629 1127 681 τήν
1175 624 1472 687 ἀνάστασιν,
1508 624 1594 675 καὶ
1640 625 1728 678 τήν
1775 620 2052 691 ίλευθιρίαν

2158 616 2257 683 dit,
2305 616 2497 685 iisque,
2546 619 2639 687 qui
2668 618 2722 671 in
2748 634 2911 673 carne
2938 630 3097 675 erant
3130 624 3409 692 spiritibus
3446 624 3727 695 (quemad-

482 718 569 770 ταί
594 713 948 786 ἀπολύτρωσιν
968 713 1273 786 ἐχαρίσατο,
1296 712 1575 784 ἀφθαρσίας
1602 707 1656 765 δὲ
1673 699 1803 782 ’ἡμῖν
1829 711 2044 784 ἀπαρχῆ

2154 708 2373 761 modum
2422 709 2786 777 apostolorum
2815 711 3129 781 coryphaeus
3154 713 3368 770 divinus
3390 714 3586 771 Petrus
3624 733 3723 773 ex-

480 806 703 875 γὲγονινο
748 806 798 857 ίν
845 800 885 876 ᾧ
933 803 1250 877 πρωτότοκος
1291 804 1346 857 ἐκ
1391 811 1490 858 τῶν
1532 811 1717 879 νεκρῶν
1755 805 2050 862 ἀνεϐίωσεν.

487 892 680 953 Ἀνέστη
714 896 812 970 γάρ
853 896 925 954 ὥς
962 896 1105 955 Θεὸς,
1144 898 1379 954 πατήσας
1424 893 1509 948 τόν
1562 894 1784 959 θάνατον,
1829 893 2048 967 προοδο·

2153 794 2349 870 ponit),
2382 799 2837 853 resurrectionem
2865 800 3206 868 praedicavit,
3228 801 3635 873 libertatemque
3674 815 3729 860 ct

2154 886 2575 955 redemptionem
2604 886 2922 955 impertivit,
2948 895 3003 943 et
3030 888 3186 943 nobis
3235 905 3471 959 quoque,
3517 900 3579 945 ut
3602 905 3728 963 pote

478 992 643 1040 ποιῶν
698 987 840 1058 πάσῃ
892 987 1051 1061 σαρκί
1098 989 1188 1044 τήν
1247 985 1554 1049 ἀνάστασιν,
1606 988 1690 1039 καί
1743 986 2044 1045 συνέστησεν

2150 974 2540 1045 primogenitus
2586 983 2945 1041 mortuorum,
2992 992 3089 1046 per
3131 979 3581 1034 resurrectionem
3630 981 3728 1035 ali-

478 1073 641 1143 έμᾶς,
665 1074 789 1136 τοὺς
819 1072 1068 1134 πεσόντας
1095 1081 1171 1148 τῷ
1195 1082 1287 1136 τῆς
1314 1074 1568 1148 ἁμαρτίας
1590 1077 1851 1146 πτώματι.

542 1514 855 1572 Ἐπιστάντα
890 1513 945 1570 δί
988 1516 1116 1587 μιτά
1141 1519 1234 1575 τήν
1273 1514 1557 1572 ἀνάστασιν
1590 1524 1703 1578 ταῖς
1733 1521 1937 1589 γυναιξί,
1964 1522 2047 1575 καί

469 1612 567 1668 τὴν
611 1609 783 1682 χαρᾶν
826 1610 1001 1667 αὐταῖς
1044 1606 1462 1681 προαγγεῦαντα,
1496 1608 1580 1659 καί
1624 1612 1713 1665 τήν
1736 1609 1789 1660 ἐκ
1826 1615 1916 1661 τοῦ
1959 1609 2047 1668 θή-

468 1700 584 1764 λεος
640 1701 761 1773 vigit:
811 1696 1132 1767 ἐνσκήψασαν
1181 1697 1343 1754 λύπην
1395 1697 1759 1768 ἔξαφανίσαντα
1778 1737 1793 1761 ,
1838 1698 2044 1769 ὀφθέντα

469 1785 527 1844 δᾶ
572 1791 657 1842 καὶ
700 1795 799 1847 τοῖς
846 1787 1132 1844 θεσπεσίοις
1183 1787 1335 1839 αὐτοῦ
1388 1787 1640 1856 μαθηταῖς
1688 1786 1748 1841 τὸ
1783 1795 1875 1846 τῆς
1922 1789 2045 1840 ἀνα-

2150 1067 2291 1132 quod
2333 1065 2753 1134 incorruptionis
2794 1066 3117 1134 principium
3165 1068 3374 1121 exstitit
3425 1082 3441 1121 :
3490 1072 3728 1125 surrexit

2149 1153 2293 1207 enim
2320 1163 2381 1221 ut
2427 1154 2589 1219 Deus,
2639 1163 2867 1209 mortem
2914 1156 3288 1223 pessumdans,
3341 1158 3717 1228 universasque

2149 1244 2299 1297 carni
2328 1245 2395 1298 ad
2422 1245 2873 1299 resurrectionem
2896 1246 3034 1299 viam
3057 1240 3390 1315 patefaciens
3413 1264 3428 1313 ;
3465 1262 3584 1315 nos,
3615 1251 3711 1319 qui

2146 1334 2355 1402 peccati
2400 1349 2529 1388 casu
2560 1334 2612 1387 in
2640 1342 2868 1388 mortem
2903 1336 3334 1403 concideramus,
3376 1353 3482 1392 una
3534 1353 3719 1394 secum

2147 1426 2543 1496 quodammodo
2563 1427 2851 1483 suscitans.

2214 1519 2390 1574 Credo
2414 1519 2730 1575 mulieribus
2773 1529 2896 1591 post
2925 1522 3377 1577 resurrectionem
3409 1538 3561 1577 suam
3587 1525 3720 1579 asti-

2146 1610 2296 1673 tisse,
2328 1611 2656 1681 tristitiaque
2705 1627 2824 1681 quae
2853 1629 2918 1667 ex
2946 1613 3171 1667 muliere
3208 1614 3276 1667 ad
3303 1628 3402 1669 nos
3429 1615 3724 1670 devenerat

2144 1696 2362 1760 abolita,
2384 1699 2635 1768 gaudium
2656 1699 3003 1769 laetitiamque
3025 1701 3126 1755 illis
3151 1703 3517 1757 annuntiasse.
3544 1702 3719 1760 Credo

2144 1787 2338 1843 divinis
2366 1789 2643 1858 discipulis
2667 1792 2846 1844 vivum
2881 1807 3001 1848 sese
3021 1794 3350 1860 exhibuisse,
3381 1811 3491 1851 suae
3539 1813 3718 1852 resur-

468 1876 708 1936 στάσεως
734 1877 890 1931 αὐτοῦ
927 1875 1266 1946 πιστούμενον
1304 1878 1604 1948 μυστήριονο
1647 1877 1735 1929 καί
1761 1873 2041 1941 δεικνύντα,

2150 1877 2401 1932 rectionis
2432 1880 2747 1947 mysterium
2769 1880 3143 1948 conﬁrmasse,
3175 1899 3241 1938 ac
3283 1886 3555 1953 quomodo
3582 1886 3725 1941 idem

470 1965 591 2046 [ὡς]
618 1970 695 2033 τίς
734 1968 892 2028 ωὑτὸς
926 1964 986 2026 ἧν
1017 1968 1098 2021 καί
1144 1966 1245 2039 πρὸ
1282 1974 1374 2025 τῆς
1418 1966 1743 2023 ἀναστάσεως
1761 1963 1846 2021 διά
1873 1986 1926 2021 τε
1953 1975 2044 2028 τῆς

465 2066 733 2141 βρῶσιως,
766 2064 856 2117 καί
901 2069 992 2120 τῆς
1040 2063 1128 2124 τοῦ
1174 2049 1329 2130 σοφοῦ
1388 2063 1549 2133 Θωμᾶ
1597 2063 1730 2115 κατά
1779 2065 1872 2119 τήν
1910 2063 2044 2115 θείαν

472 2151 692 2220 πλευράν
734 2152 985 2227 ὶπαφῆςν
1014 2150 1346 2219 ἀναληφθέντα
1393 2169 1448 2204 τε
1494 2151 1566 2210 είς
1615 2151 1739 2211 τούς
1780 2151 2040 2225 οὐρανούς,

476 2244 564 2296 καί
606 2242 904 2296 καθεσθέντα
950 2241 1003 2294 ἐκ
1043 2238 1214 2304 δεξιῶν
1249 2247 1340 2293 τοῦ
1373 2245 1502 2295 Θεοῦ
1552 2244 1636 2295 καί
1676 2242 1867 2315 Πατρός
1915 2244 2045 2311 μετά

477 2340 568 2386 τοῦ
619 2334 1051 2407 προσλύμματος,
1097 2334 1201 2403 μεθ’
1217 2330 1274 2386 οὗ
1323 2328 1466 2392 αὖθις
1518 2332 1778 2388 ἐλεύσεται
1823 2335 1874 2387 ἕν
1926 2332 2045 2404 δόξῃ

470 2424 747 2496 θιοπρεπεῖ
799 2426 883 2478 καί
930 2424 1132 2488 ἐξουσία
1184 2431 1246 2493 τῇ
1283 2424 1410 2477 κατά
1446 2426 1618 2483 πάσης
1678 2425 1914 2485 κτίσεως.
1962 2426 2046 2477 καί

466 2518 646 2586 κριτής
680 2515 1046 2571 καθισθήσεται
1084 2515 1281 2585 ἑκάστῳ
1322 2516 1452 2569 κατά
1479 2515 1536 2569 τό
1571 2515 1865 2583 βεϐιωμένον
1910 2517 2044 2570 ἀπο-

466 2602 662 2665 διδούς’
700 2603 896 2666 πάντας
937 2608 1038 2681 γάρ
1082 2610 1219 2676 ἡμᾶς
1265 2609 1604 2682 φανερωθῆναι
1649 2606 1730 2663 δεῖ
1752 2607 2046 2682 ἔμπροσθεν

462 2701 561 2748 τοῦ
590 2694 816 2767 βήματος
857 2699 949 2750 τοῦ
978 2701 1228 2769 Χριστοῦ.
1264 2734 1268 2739 ρ

541 2787 679 2840 Μετά
717 2792 883 2841 ταῦτα
910 2784 1139 2842 πιστεύω
1170 2789 1253 2841 καί
1290 2787 1482 2862 σαρκὸς
1514 2788 1815 2853 ἀνάστασιν,
1840 2790 1977 2861 ἡνίκα
2012 2790 2044 2849 ’ὅ

462 2880 564 2931 τοῦ
612 2876 807 2946 κόσμου
859 2879 1331 2949 μεταστοιχείωσις
1373 2879 1597 2949 γίνηται,
1642 2879 1725 2933 ’ίνα
1772 2881 1833 2935 τὸ
1877 2881 2046 2937 θνητὸν

461 2968 611 3036 ὐμῶν
652 2967 924 3027 ἐνδύσηται
960 2970 1257 3033 ἀθανασίαν,
1288 2972 1371 3024 καί
1418 2970 1478 3024 τὸ
1505 2970 1718 3044 φθαρτόν
1763 2970 2046 3045 ἀφθαρσίαν

463 3053 824 3127 περιϐάληται.
878 3054 1131 3129 Ὀμολογῶ
1178 3059 1264 3111 καί
1319 3053 1373 3110 ἓν
1426 3058 1700 3131 βάπτισμα
1751 3060 1824 3119 είς
1869 3056 2046 3128 ἄφεσιν

465 3144 756 3213 ἁμαρτιῶν,
786 3148 844 3203 τὸ
892 3152 966 3207 εἰς
1011 3150 1210 3224 Πατέρα
1237 3152 1324 3203 καί
1369 3151 1482 3204 Υίόν
1532 3152 1614 3204 καί
1659 3148 1799 3222 ἅγιον
1843 3149 2042 3221 Πνεῦμα

2142 1967 2258 2038 ipse
2305 1956 2478 2034 foret,
2508 1969 2600 2038 qui
2647 1979 2773 2025 ante
2811 1974 3382 2044 resurrectionem,per
3419 1979 3710 2033 manduca—

2142 2057 2345 2111 tionem
2372 2058 2619 2127 sacrique
2655 2059 2860 2127 lateris,
2895 2062 3038 2130 quod
3068 2063 3286 2131 sapiens
3322 2063 3555 2120 Thomas
3581 2082 3717 2121 con.-

2142 2149 2415 2214 trectavit,
2446 2149 2853 2214 exhibitionem,
2904 2151 3321 2207 demonstrasse.
3361 2153 3536 2211 Credo
3562 2157 3719 2211 deni-

2143 2251 2247 2306 que
2274 2245 2609 2306 assumptum
2649 2252 2770 2293 esse
2793 2239 2846 2291 in
2881 2239 3066 2305 caelos,
3091 2247 3147 2295 et
3180 2241 3249 2295 ad
3301 2242 3581 2301 dexteram
3628 2245 3723 2301 Dei

2143 2325 2321 2381 Patris
2373 2326 2704 2391 consedisse,
2752 2334 2807 2380 et
2844 2341 2972 2381 cum
3028 2337 3304 2398 assumpto
3332 2345 3558 2401 corpore
3608 2349 3717 2389 non

2143 2416 2348 2484 absque
2373 2412 2568 2485 glo'ria,
2606 2416 2895 2486 divinaque
2922 2417 3205 2487 majestate
3237 2418 3365 2474 olim
3395 2422 3568 2477 denuo
3588 2439 3724 2479 ven-

2145 2512 2324 2559 turum
2372 2520 2510 2570 esse,
2545 2503 2781 2572 judieem
2809 2521 3105 2573 sessurum,
3136 2518 3189 2561 et
3225 2510 3523 2580 unicuique
3556 2511 3715 2580 juxta

2143 2596 2267 2650 vitae
2316 2611 2426 2650 suae
2469 2596 2711 2651 rationes
2770 2597 3150 2652 redditurum:
3188 2610 3376 2656 omnes
3429 2603 3574 2658 enim
3619 2621 3722 2661 nos

2142 2682 2479 2742 manifestari
2513 2692 2725 2754 oportet
2748 2695 2876 2740 ante
2913 2685 3146 2740 tribunal
3170 2686 3392 2743 Christi.

2215 2772 2389 2828 Credo
2419 2781 2702 2843 postquam
2742 2775 2973 2828 mundus
3005 2775 3094 2829 hic
3121 2775 3284 2830 fuerit
3313 2777 3618 2846 innovatus,
3661 2790 3717 2836 et

2143 2864 2540 2934 quodammodo
2597 2864 3122 2932 transelementatus,
3167 2875 3223 2921 et
3275 2869 3456 2923 carnis
3508 2885 3723 2940 quoque

2145 2955 2603 3008 resurrectionem
2629 2952 2885 3019 futuram,
2915 2970 3020 3023 quo
3042 2956 3297 3011 nimirum
3328 2966 3571 3013 nostrum
3617 2961 3722 3015 hoc

2144 3042 2372 3096 mortale
2429 3041 2619 3096 induat
2646 3043 3107 3099 immortalitatem
3150 3052 3204 3099 et
3243 3047 3594 3116 corruptibile
3637 3048 3717 3104 in-

2148 3131 2549 3200 corruptionem
2601 3130 2679 3203 (Ἰ
2707 3127 2828 3184 Cor.
2854 3132 2972 3204 xv).
3027 3133 3302 3189 Conﬁteor
3347 3137 3511 3191 etiam
3556 3155 3721 3193 unum

508 3203 520 3213 .
586 3203 595 3211 .
744 3203 753 3208 ν
943 3203 956 3207 -
1057 3203 1153 3224 ,
1440 3203 1444 3204 ν
1699 3203 1762 3222 ,ν

461 3236 761 3307 τελούμενον
797 3240 927 3294 κατὰ
968 3244 1058 3298 τήν
1106 3240 1424 3311 εύαγγελικην
1452 3243 1532 3294 καί
1566 3241 1696 3293 θείαν
1726 3239 2037 3314 παράδοσιν.

2150 3221 2410 3291 baptisma
2448 3222 2504 3275 in
2534 3222 2904 3277 remissionem
2933 3232 3294 3292 peccatorum,
3344 3228 3485 3295 quod
3521 3243 3716 3283 secun-

463 3335 648 3383 ταῦτα
701 3337 790 3389 τῆς
842 3327 1104 3403 ὀρθοδόξου
1151 3333 1236 3383 καὶ
1291 3330 1432 3403 ίιρᾶς
1480 3331 1619 3398 ἡμῶν
1675 3330 1906 3405 λατρείας
1951 3349 2042 3385 σε·

466 3421 667 3489 ϐάσμια
709 3419 938 3494 δόγματα
973 3425 1057 3475 καί
1095 3425 1353 3495 μυστήρια
1401 3423 1532 3477 κατά
1584 3442 1639 3477 τε
1682 3427 1772 3481 τήν
1817 3421 2044 3496 παραδο·

462 3512 639 3565 θεῖσαν
681 3513 802 3582 ἡμῖν
846 3513 987 3586 ποιρά
1029 3519 1127 3567 τῶν
1195 3515 1332 3568 θείων
1375 3520 1727 3584 μυσταγωγῶν
1765 3512 1958 3583 ὑψηλήν
1988 3536 2042 3570 τε

465 3605 561 3655 καί
605 3604 1032 3676 ἀκραιφνιστάτην
1078 3602 1346 3674 θεολογίαν,
1376 3605 1460 3657 καί
1502 3608 1593 3662 τὴν
1631 3607 1882 3677 σωτήριον
1925 3608 2045 3679 περὶ

463 3694 609 3762 ἡμᾶς
632 3698 723 3748 τοῦ
751 3700 876 3749 Θεοῦ
904 3693 1054 3766 λόγου
1093 3695 1394 3764 οἰκονομίαν,
1422 3697 1510 3747 καί
1538 3691 1642 3748 ὅσα
1676 3695 1877 3755 τούτοις
1904 3718 2043 3765 συμ-

467 3783 712 3838 ϐαίνοντα
755 3785 1000 3857 ἐφάμιλλα
1044 3787 1345 3860 κηρύγματα
1390 3785 1519 3854 μετά
1556 3782 1733 3845 πάσης
1769 3786 2043 3857 ἀποδοχῆς

467 3876 564 3930 καί
587 3878 812 3938 πίστεως
835 3885 1071 3954 συντηρῶ
1098 3897 1157 3935 τε
1181 3880 1259 3933 καὶ
1289 3880 1605 3949 ἀσπάζομαι.

546 4204 891 4278 ’Δποδᾶχομαι
935 4206 990 4263 δὲ
1043 4212 1131 4264 καί
1171 4211 1349 4273 ἕξαιτῶ
1384 4211 1476 4273 τάς
1520 4232 1576 4266 τε
1610 4212 1910 4284 πρεσϐείας
1956 4211 2042 4265 καί

468 4298 608 4372 πρὸς
650 4299 771 4352 Θεὸν
822 4299 1082 4363 ἕντιύξειςο
1136 4307 1335 4375 πρῶτον
1371 4303 1461 4371 μὲν
1512 4305 1596 4356 καί
1650 4303 1917 4379 ἐξαίρετον,
1949 4308 2042 4362 τῆς

469 4389 731 4459 πανάγνου
769 4393 856 4444 καί
894 4392 1208 4461 πωαμώμου
1259 4395 1344 4447 καὶ
1396 4396 1726 4466 ἀειπαρθένου
1778 4393 2043 4452 δεσπαίνης

469 4479 618 4548 ἡμῶν
641 4484 970 4554 Θεομήτορος⁸
995 4478 1173 4537 ἔπειτα
1192 4490 1291 4536 τῶν
1325 4484 1462 4537 θείων
1497 4487 1579 4537 καί
1606 4482 1846 4559 οὖρανίων
1883 4481 2040 4537 δυνά·

470 4590 637 4640 μεων,
656 4578 757 4626 τῶν
798 4572 954 4644 ἁγίων
989 4574 1074 4627 καί
1101 4580 1429 4645 πωυφήμων
1474 4576 1906 4637 ἀποστόλων,τῶ
1935 4596 2037 4641 μα-

472 4658 662 4728 ιωιρίων
704 4666 986 4731 προρητῶν,
1020 4662 1102 4713 καὶ
1146 4659 1350 4725 ἐνδόξων
1391 4665 1478 4715 καί
1520 4663 1799 4718 καλλινίκων
1835 4660 2038 4736 μαρτύ-

472 4765 605 4817 ρων,
634 4749 715 4800 καί
761 4748 1018 4822 Θεοφόρων
1059 4752 1309 4817 Πατέρων,
1362 4755 1445 4806 καὶ
1489 4754 1691 4807 πάντων
1736 4760 1836 4808 τῶν
1886 4752 2040 4823 ἁγίων

473 4842 582 4891 τῶν
625 4835 712 4889 ἀπ’
731 4840 910 4897 αἰῶνος
956 4840 1398 4911 εύαρεστησάντων
1440 4836 1513 4909 τῷ
1574 4840 1776 4915 κυρίῳ·
1816 4839 1860 4895 οἳ
1908 4846 2038 4904 ζῶσι

476 4926 756 4988 διαπαντός
778 4929 826 4982 ἓν
851 4931 1002 4999 αὐτῷ·
1030 4930 1205 5001 ψυχαί
1226 4933 1325 5004 γάρ
1352 4930 1553 4987 δικαίων
1581 4933 1631 4985 ίν
1662 4935 1805 5004 χειρί
1831 4938 2035 5007 κυρίουο

480 5020 559 5079 ὥς
592 5024 831 5092 μεγίστην
865 5023 1120 5094 σωτηρίαν
1164 5022 1387 5077 ἐντεῦθεν
1433 5021 1617 5093 ψυχῆς
1663 5025 1754 5078 καί
1804 5024 2046 5094 σώματος

481 5111 852 5183 καρπούμενος.

559 5372 822 5440 Προσιυνῶ
857 5363 912 5421 δί
956 5368 1041 5421 καί
1062 5367 1477 5439 περιπτύσσομαι
1499 5366 1565 5421 τά
1599 5365 1855 5438 σεϐάσμιοι
1881 5366 2048 5421 αὐτῶν

422 5504 427 5507 ,
476 5452 720 5523 λείψανα,
752 5456 820 5515 ὡς
864 5456 1083 5527 ἰατρεῖον
1122 5454 1362 5525 ψυχικῶν
1397 5475 1452 5509 τε
1488 5457 1571 5509 καί
1605 5461 1906 5525 σωματικῶν
1945 5476 2048 5510 πσ-

481 5544 721 5612 θημᾶτων
761 5540 1109 5617 τυγχάνοντα.
1154 5543 1375 5614 ’Δνυμνῶ
1404 5539 1495 5599 οὖν
1535 5546 1702 5600 αὐτῶν
1736 5550 1828 5603 τήν
1866 5549 2048 5615 σεμνὴν

489 5633 578 5683 καί
617 5629 783 5685 ἶνθιον
809 5632 1064 5688 πολιτείαν
1103 5635 1185 5686 καί
1217 5634 1340 5692 τούς
1387 5631 1645 5704 ἀοιδίμους
1669 5634 1833 5687 αὐτῶν
1856 5637 2051 5704 ἀγῶνας

487 5722 578 5773 καί
625 5718 838 5789 ἄθλους,
880 5724 1098 5795 γεραίρω
1143 5723 1234 5782 τάς
1287 5722 1475 5788 θήκας,
1518 5725 1608 5776 καί
1649 5731 1763 5783 ταῖς
1805 5724 2051 5782 ἀνωτάτω

2141 3313 2279 3366 dum
2317 3312 2683 3383 evangelicam
2716 3312 3172 3381 apostolicamque
3214 3316 3560 3370 traditionem
3585 3330 3713 3386 per-

2141 3403 2323 3459 ﬁcitur
2352 3404 2408 3459 in
2435 3404 2652 3458 nomine
2689 3400 2886 3470 Patris,
2912 3413 2966 3459 et
3003 3405 3147 3471 Filii,
3185 3415 3238 3461 et
3266 3406 3500 3477 Spiritus
3523 3409 3718 3463 sancti.

2142 3493 2267 3550 Haec
2314 3495 2617 3549 veneranda
2682 3496 2966 3549 orthodoxi
3012 3498 3261 3566 sacrique
3313 3499 3487 3557 cultus
3544 3502 3719 3555 nostii

2142 3585 2393 3655 dogmata
2436 3584 2725 3653 divinaque
2766 3587 3043 3655 mysteria,
3075 3602 3193 3656 quae
3231 3588 3387 3657 juxta
3433 3590 3717 3646 sublimem

2142 3672 2671 3740 sincerissimamque
2715 3672 3035 3742 theologiam
3072 3674 3241 3728 divini
3263 3677 3512 3745 sacrique
3539 3679 3724 3733 docto-

2142 3777 2228 3816 res
2251 3761 2406 3815 nobis
2427 3761 2793 3827 tradiderunt,
2821 3770 2933 3816 tum
2967 3762 3258 3817 salutarem
3294 3780 3509 3835 quoque
3547 3766 3715 3821 divini

2141 3849 2295 3904 verbi
2330 3864 2457 3920 erga
2484 3863 2584 3903 nos
2611 3850 3092 3918 dispensationem,
3126 3858 3239 3905 tum
3265 3860 3491 3907 caateras
3533 3868 3722 3909 omnes

2142 3938 2294 3992 hisce
2326 3938 2531 3993 similes
2555 3948 2609 3994 et
2635 3947 3028 3994 consentaneas
3071 3940 3347 3996 doctrinas
3374 3943 3725 4011 praedicatio-

2140 4043 2345 4097 nesque
2381 4043 2504 4083 cum
2538 4029 2686 4084 omni
2733 4030 3101 4098 acceptatione
3129 4037 3182 4084 et
3207 4028 3312 4085 ﬁde
3338 4030 3636 4099 amplector
3659 4042 3716 4087 et

2142 4133 2318 4175 servo.

2210 4207 2508 4263 Exosculor
2528 4208 2877 4263 nihilominus
2914 4217 2973 4261 et
2996 4217 3187 4279 expeto
3217 4217 3523 4264 sanctorum
3569 4210 3712 4277 apud

2140 4298 2313 4354 Deum
2357 4298 2658 4368 patrocinia
2702 4306 2759 4353 et
2807 4299 3269 4354 intercessiones:
3302 4299 3477 4369 primo
3503 4299 3720 4371 quidem

2140 4390 2517 4459 praecipueque
2561 4387 2916 4443 sanctissimae
2945 4396 3001 4441 et
3028 4387 3534 4449 immaculatissima:
3571 4402 3717 4442 sem-

2143 4493 2243 4548 per
2269 4480 2497 4549 virginis
2530 4495 2595 4533 ac
2626 4478 2856 4534 dominae
2883 4486 3082 4532 nostrae
3106 4478 3200 4531 Dei
3226 4478 3436 4542 matris,
3466 4492 3591 4531 mox
3616 4493 3713 4533 ve-

2142 4583 2206 4623 ro
2253 4567 2556 4622 divinarum
2612 4566 3019 4636 cmlestiu‘mque
3066 4566 3343 4628 virtutum,
3399 4575 3714 4624 sanctorum

2142 4658 2755 4726 laudatissimorumque
2813 4657 3202 4726 apostolorum,
3255 4659 3536 4711 beatorum
3588 4671 3718 4727 pro—

2138 4748 2441 4817 phetarum,
2459 4745 3559 4817 gloriosissimoruminvictissimorumque
3574 4763 3718 4802 mar—

2138 4846 2343 4908 tyrum,
2373 4835 2676 4890 divinorum
2699 4834 2940 4898 Patrum,
2969 4852 3031 4890 ac
3061 4836 3304 4890 omnium
3329 4836 3559 4906 denique
3586 4851 3711 4890 san-

2140 4934 2376 4990 ctorum,
2399 4924 2493 4994 qui
2515 4924 2584 4979 ab
2614 4922 2770 4978 initio
2790 4924 2973 4977 mundi
3022 4924 3250 4979 Domino
3272 4923 3616 4993 placuerunt,
3659 4932 3716 4978 et

2147 5016 2349 5084 absque
2371 5014 2480 5068 ullo
2507 5014 2726 5068 omnino
2755 5013 2864 5068 [ine
2910 5015 2965 5068 in
2997 5014 3113 5082 ipso
3137 5021 3192 5068 et
3219 5030 3315 5083 per
3335 5014 3510 5083 ipsum
3531 5018 3719 5069 vivunt

2148 5104 2366 5176 (anima:
2379 5103 2524 5158 enim
2530 5101 2797 5170 justorum
2820 5102 2874 5157 in
2888 5118 3049 5156 manu
3062 5102 3157 5158 Dei
3169 5111 3294 5157 sunt
3316 5101 3468 5174 [Sap.
3495 5118 3578 5167 ιιι,
3604 5101 3656 5173 1]
3674 5104 3713 5172 ),

2147 5198 2209 5244 ut
2248 5189 2341 5259 qui
2369 5189 2663 5243 maximam
2704 5189 2833 5244 hinc
2868 5190 3061 5245 anima:
3095 5191 3441 5260 corporisque
3489 5190 3718 5245 salutem

2147 5295 2472 5348 consequar.
2560 5288 2569 5299 '

2216 5369 2397 5424 Adoro
2428 5368 2560 5424 item
2583 5376 2641 5425 et
2669 5370 2956 5427 exosculor
2979 5370 3313 5426 venerandas
3350 5368 3564 5424 illorum
3585 5369 3717 5425 reli-

2150 5459 2327 5531 quias,
2364 5459 2563 5530 quippe
2586 5474 2705 5530 quae
2735 5470 2939 5516 certam
2981 5461 3281 5514 animorum
3322 5474 3721 5531 corporumque

2152 5548 2356 5603 morbis
2381 5547 2633 5615 salutem,
2688 5550 3117 5619 medicinamque
3143 5548 3440 5605 conferant.
3474 5548 3721 5619 Suscipio

2151 5644 2413 5707 praterea
2443 5653 2508 5703 ac
2529 5638 2688 5693 laudo
2732 5638 3092 5693 venerandam
3119 5640 3461 5710 divinamque
3507 5641 3721 5698 illorum

2155 5727 2641 5795 conversationem,
2682 5727 3168 5798 celeberrimosque
3191 5731 3497 5785 eorumdem
3525 5744 3723 5797 agones
