3978 6426
493 373 584 439 101

1489 374 1551 438 S.
1594 371 2014 436 NICEPIIORI
2058 370 2564 440 PATRIARCILE
2600 380 2710 442 CP.

3613 395 3699 462 1Ίὲ

498 494 553 539 et
588 497 815 553 pugnas,
847 484 1052 538 honoro
1089 499 1302 554 quoque
1329 494 1383 541 et
1429 503 1655 541 veneror
1682 496 2042 542 sacrosanctas

2153 496 2324 558 τιμαῖς
2358 500 2581 562 στεφανῶ
2603 495 2809 558 αὐτούς,
2844 495 2925 551 ὅτι
2948 496 3079 571 ὑπὲρ
3108 510 3197 562 τῆς·
3222 492 3364 568 δὸξης
3392 515 3480 561 τοῦ
3508 513 3692 572 πάντων

492 573 707 627 illorum
739 576 951 627 tumbas
988 583 1045 628 et
1074 576 1635 647 scpulturas;dignos
1673 577 1901 644 denique
1942 576 2058 631 illos

488 664 641 733 ipsos
671 678 884 728 censeo,
943 667 1034 732 qui
1084 666 1308 719 summis
1358 668 1653 720 honoribus
1702 666 2055 731 decorentur,

483 754 849 822 maximisque
876 754 1121 808 laudibus
1145 756 1460 818 evehantur,
1490 755 1742 822 quoniam
1763 767 1859 821 pro
1888 755 2059 823 gloria

484 841 589 896 'Dci
606 844 843 896 omnium
873 852 1111 897 nostrum
1128 844 1421 897 Salvatoris
1439 845 1749 910 sanguinem
1773 859 1927 897 suum
1941 859 2061 912 pro-

490 934 763 998 fuderunt,
790 943 844 988 et
882 936 1020 989 hanc
1068 935 1264 987 ﬂuxam
1308 944 1732 1002 praesentemque
1773 935 1958 1000 vitam,
1990 935 2059 989 ob

490 1041 643 1078 suam
672 1026 722 1079 in
748 1027 913 1079 Deum
936 1027 1248 1079 charitatem
1276 1026 1516 1083 animose
1543 1034 1880 1092 spreverunt,
1921 1026 2058 1079 vivi-

498 1113 736 1182 ﬁcasque
763 1130 824 1167 ac
851 1115 1109 1167 salutares
1138 1115 1278 1166 illius
1302 1115 1674 1183 perpessiones
1695 1114 1889 1167 imitati
1911 1123 2053 1169 sunt.

482 1201 832 1270 Complector
859 1203 1041 1255 itidem
1069 1203 1408 1271 suscipioque
1433 1219 1539 1255 non
1586 1203 1757 1256 solum
1788 1218 2055 1258 veneran-

497 1291 593 1345 das
620 1292 816 1345 Christi
842 1294 1080 1347 omnium
1109 1294 1406 1347 Salvatoris
1434 1295 1602 1348 nostri
1635 1295 1841 1359 iconas,
1866 1304 1920 1349 et
1964 1311 2056 1349 ve-

488 1381 758 1435 nerabiles
804 1384 1158 1436 sanctissime
1187 1383 1278 1436 Dei
1308 1384 1493 1437 matris
1540 1385 1819 1453 imagines,
1866 1400 2053 1438 verum

489 1485 674 1525 sacras
718 1486 929 1539 quoque
981 1481 1286 1525 sanctorum
1328 1473 1564 1525 omnium
1593 1473 1791 1541 elligies
1829 1486 2056 1542 eamque

486 1563 888 1616 venerationem
922 1562 1026 1617 illis
1050 1563 1298 1628 exhibeo,
1329 1578 1490 1631 quam
1520 1563 1693 1618 honor
1723 1579 1908 1618 eorum
1936 1579 2051 1617 me-

484 1651 591 1704 rito
619 1652 876 1719 postulat.

524 1740 823 1802 _Amanter
899 1751 1156 1810 praeterea
1194 1752 1628 1813 qrcvercnterque
1683 1761 1931 1811 veneror,
1996 1753 2050 1800 et

2160 579 2298 646 ἡμῶν
2337 588 2561 654 Σωτῆρος
2587 589 2715 635 Θεοῦ
2740 585 2797 639 τὸ
2826 583 2951 656 αἷμα
2991 590 3216 658 εξὲχεαν,
3246 598 3330 647 καί
3365 604 3454 657 τῆς
3482 610 3706 671 «poeni.

2157 686 2251 738 ρου
2287 671 2417 731 ζωῆς
2456 668 2538 722 διὰ
2564 676 2654 728 τήν
2696 673 2766 731 είς
2806 676 2956 728 αὐτόν
2992 679 3190 747 ἀγάπην
3225 668 3604 756 κατεφρόνησαν,
3630 717 3704 763 μι.

2157 760 2312 825 μηταί
2348 766 2438 813 τοῦ
2486 763 2729 821 ζωοποιοῦ
2767 768 2853 817 καί
2888 771 3142 840 σωτηρίου
3184 771 3376 833 πάθους
3406 778 3557 832 αὐτοῦ

2156 865 2313 913 μενοι.
2340 849 2689 917 ἀσπαζόμενος
2710 850 2815 921 ἅμα
2835 862 2896 923 τῇ
2921 862 3010 909 τοῦ
3031 860 3234 913 πάντων
3256 871 3483 936 Σωτῆρος
3497 849 3704 940 Χριστοῦ

2156 936 2412 1009 σεϐασμίᾳ
2459 940 2605 992 εἰκόνι
2656 948 2745 1000 τῆς
2784 963 2838 996 τε
2867 945 3122 1018 πανάγνου
3160 953 3245 1003 καί
3292 936 3600 1031 Θεομήτορος
3632 967 3704 1017 καὶ

2155 1026 2275 1084 τοὺς
2302 1029 2526 1088 σεπτοῦς
2553 1032 2633 1082 καί
2662 1030 2839 1100 ἁγίους
2867 1035 3028 1086 αὐτῶν
3055 1046 3404 1114 χαρακτῆρας,
3423 1026 3702 1118 προσνίμων

2157 1117 2328 1176 αὐτοῖς
2352 1122 2442 1175 τήν
2468 1120 2596 1174 κατὰ
2624 1125 2773 1192 τιμήν
2800 1125 3161 1194 προσκύνησιν.

2222 1733 2349 1807 Πρὸς
2391 1736 2589 1797 τούτοις
2635 1739 2905 1804 ἀσπασίως
2956 1744 3282 1818 ἀποδέχομαι
3325 1753 3407 1807 καί
3439 1762 3571 1823 τιμῶ
3609 1755 3696 1821 ταὶς

483 1828 776 1898 amplector
820 1840 1023 1899 septem
1072 1848 1255 1887 sacras
1295 1837 1740 1889 et'tecumenicas
1796 1838 2042 1906 synodos,

2152 1821 2298 1894 ἁγίας
2345 1831 2431 1880 καί
2480 1828 2818 1897 οἱκουμενικοὶς
2855 1835 2984 1891 ἔπτά
3022 1839 3264 1901 συνόδους
3300 1847 3385 1899 καί
3421 1849 3489 1900 τὰ
3525 1849 3572 1900 ἓν
3612 1853 3696 1903 αὖα

479 1919 766 1986 omniaque
805 1923 1257 1988 supernaturalia,
1300 1931 1353 1975 et
1403 1925 1661 1977 salutaria
1708 1926 1959 1995 dogmata
1994 1935 2049 1981 et

481 2008 718 2070 decreta,
748 2023 867 2076 quae
891 2024 920 2062 a
966 2010 1166 2063 sanctis
1218 2019 1271 2063 et
1299 2011 1496 2065 divinis
1543 2012 1795 2067 Patribns
1826 2016 2045 2083 nostris,

479 2111 615 2164 quos
626 2096 754 2150 olim
782 2096 1014 2166 Spiritus
1038 2107 1258 2153 sanctus
1282 2101 1349 2153 ad
1372 2102 1663 2156 Ecclesiam
1675 2119 1827 2156 suam
1860 2120 2049 2174 regen-

481 2184 604 2237 dam
631 2190 1057 2255 pascendamque
1091 2187 1345 2254 instituit,
1368 2188 1424 2243 in
1458 2190 1565 2243 illis
1599 2198 1815 2245 exstant
1840 2195 2046 2249 sancite

481 2282 538 2328 et
562 2272 937 2329 determinata.
1716 2352 1731 2365 .

552 2362 609 2415 In
658 2364 849 2432 primis
895 2367 1110 2435 quidem
1168 2384 1378 2425 sacram
1425 2371 1527 2425 518
1575 2362 2045 2431 celeberrimorum

484 2448 707 2504 Patrum
734 2454 1016 2521 synodum,
1040 2456 1130 2524 qui
1147 2459 1415 2525 quondam
1440 2462 1580 2530 apud
1606 2461 1839 2516 Nicaeam
1860 2464 2045 2519 civita-

476 2546 588 2593 tem
617 2548 804 2594 contra
832 2542 1051 2611 impium
1075 2553 1130 2599 et
1154 2541 1417 2602 furiosum
1446 2550 1633 2605 Arium
1657 2562 2040 2621 convenerunt,

475 2642 597 2697 quae
637 2638 691 2683 et
735 2630 1026 2700 impietatis
1068 2647 1341 2691 auctorem
1376 2639 1443 2692 ab
1477 2639 1714 2694 Ecclesia
1744 2642 1966 2710 expulit,
1989 2651 2043 2699 et

474 2715 635 2770 ﬁdem
663 2733 845 2772 veram
888 2731 1196 2792 rectamque
1234 2741 1334 2794 per
1350 2726 1707 2779 sacrumillud
1724 2735 1780 2781 et
1801 2730 2041 2785 divinum

473 2806 774 2874 symbolum
802 2811 956 2865 nobis
991 2814 1254 2881 exposuit,
1291 2824 1343 2869 et
1368 2816 1535 2869 Deum
1558 2816 1812 2883 Verbum,
1840 2820 2040 2889 Deique

473 2894 670 2948 Filium
694 2911 797 2950 non
825 2911 1159 2967 creaturam,
1192 2913 1251 2957 ut
1273 2905 1390 2971 ille,
1425 2908 1517 2961 sed
1546 2907 1690 2962 Patri
1722 2910 2036 2965 homousion

471 2991 526 3037 et
549 2995 755 3039 certum
778 3003 1067 3059 verumque
1100 2993 1285 3058 Deum,
1311 3004 1364 3050 et
1406 3012 1584 3051 rerum
1615 3001 1852 3055 omnium
1879 3016 2035 3055 crea-

477 3081 650 3127 torem
673 3088 792 3129 esse
812 3080 1108 3135 orthodoxe
1130 3082 1527 3138 determinavit.

2147 1923 2263 1976 ταῖς
2291 1916 2686 1991 δογματισθὲντα
2712 1928 2796 1979 καί
2817 1931 3139 2001 κηρυχθέντα
3164 1934 3269 1987 θεῖά
3294 1954 3347 1989 τε
3376 1940 3461 1990 καί
3482 1937 3699 2015 ὑπερφυῆ

2146 2012 2228 2060 καὶ
2266 2015 2491 2086 σωτήρια
2537 2011 2766 2084 δόγματα
2812 2020 2955 2091 παρά
3000 2027 3098 2073 τῶν
3136 2020 3286 2075 ὁσίων
3332 2028 3418 2080 καί
3455 2029 3699 2102 Θνοφόρων

2145 2100 2376 2172 Πατέρων
2425 2103 2585 2171 ἡμῶν,
2632 2103 2719 2164 οὓς
2770 2108 2902 2161 κατὰ
2946 2111 3116 2179 καιρὸν
3151 2109 3288 2166 ἔθετο
3326 2114 3382 2168 τὸ
3433 2125 3501 2168 ην
3529 2100 3699 2187 ὖματό

2146 2183 2286 2259 ἅγιον
2323 2194 2596 2261 ποιμαίνειν
2623 2198 2712 2252 τὴν
2738 2192 3023 2254 Ἐκκλησίαν
3061 2202 3219 2255 αὐτοῦ
3247 2207 3329 2257 καί
3361 2203 3567 2262 διέπειν.

2212 2373 2393 2436 Πρῶτα
2435 2370 2525 2436 μίν
2562 2372 2652 2426 τήν
2680 2372 2731 2423 ἐν
2768 2376 2944 2444 Νικαίᾳ
2982 2374 3317 2430 συνελθοῦσαν
3356 2386 3457 2432 τῶν
3492 2381 3699 2439 τιη”ἆοιο

2142 2449 2298 2523 δίμων
2333 2457 2567 2530 Πατέρων
2595 2459 2732 2529 ἡμῶν
2769 2460 2976 2513 σύνοδον
2995 2500 3009 2525 ,
3041 2466 3172 2518 κατά
3198 2472 3286 2519 τοῦ
3318 2464 3603 2531 δυσσεϐοῦς
3626 2476 3699 2527 καί

2141 2544 2418 2613 μανιώδους
2446 2543 2651 2617 Ἀρείου·
2702 2545 2753 2602 ὃν
2788 2557 2879 2610 τῆς
2917 2551 3203 2613 Ἐκκλησίας
3251 2557 3506 2622 ἐξώσασα,
3538 2563 3698 2616 πίστιν

2141 2636 2256 2703 ἡμῖν
2286 2637 2438 2696 ἀληθῆ
2464 2641 2546 2692 καί
2580 2640 2850 2699 εὐθυτὰτην
2886 2640 2968 2696 διὰ
2997 2651 3084 2696 τοῦ
3118 2646 3253 2719 ίεροῦ
3289 2652 3373 2701 καί
3407 2652 3543 2705 θείου
3578 2673 3699 2722 συρ-

2143 2727 2288 2781 ϐόλου
2326 2731 2616 2801 ίξεφὼνησε’
2653 2735 2739 2785 τὸν
2772 2734 2892 2787 Θεὸν
2939 2738 3119 2805 Λόγον,
3151 2742 3237 2791 καί
3273 2746 3362 2794 τοῦ
3407 2748 3537 2795 Θεοῦ
3576 2741 3693 2808 Υίὸν,

2139 2820 2197 2872 οὐ
2254 2821 2448 2890 κτίσμα
2494 2819 2605 2875 κατ’
2626 2822 2773 2877 αὐτὸν
2796 2863 2811 2887 ,
2870 2824 3138 2893 όμοοῦσιον
3189 2827 3243 2883 δᾶ
3286 2826 3360 2902 τῷ
3412 2835 3573 2906 Πατρί
3622 2836 3698 2888 καί

2140 2911 2489 2981 συναναρχον,
2522 2912 2591 2969 ὡς
2614 2912 2739 2964 Θεὸν
2760 2911 2979 2971 ἀληθινὸν
3006 2918 3089 2969 καί
3113 2918 3320 2975 κτίστην
3347 2926 3450 2973 τῶν
3479 2921 3698 2990 ἁπάεντων

2139 2995 2407 3070 ὀρθοδὸξως
2436 2997 2783 3071 ἐδογμάτισεν.

536 3163 747 3223 Deinde
759 3183 884 3222 vero
914 3169 1012 3221 150
1032 3180 1336 3225 sanctorum
1366 3174 1922 3247 divinissimorumque
1942 3178 2041 3232 Pa-

2170 3198 2176 3204 .
2211 3166 2274 3223 ΕΨ
2417 3177 2425 3193 ι
2578 3174 2592 3194 9
2648 3178 2659 3191 υ
2816 3177 2828 3193 ν
2903 3199 2930 3212 .-
2984 3174 2999 3194 ο
3147 3184 3171 3196 ι-
3372 3184 3382 3199 ε
3519 3189 3541 3200 ο

2253 3193 2339 3227 ιτα
2369 3194 2456 3231 την
2483 3194 2576 3242 μετ
2607 3180 2763 3234 αυτῆν
2808 3196 2855 3229 εν
2911 3199 3064 3249 ιαυτῃ
3108 3199 3170 3252 τῃ
3212 3178 3437 3250 βασιλίδι
3475 3203 3572 3236 των
3608 3182 3697 3237 πό·
3760 3220 3777 3229 -

469 3270 613 3316 trum
626 3259 908 3330 synodum,
936 3257 1190 3330 quaz'post
1207 3262 1435 3316 Nicaeam
1460 3266 1512 3317 in
1540 3266 1642 3319 hac
1666 3269 1806 3335 regia
1827 3270 2041 3324 civitate

478 3357 663 3404 coacta
694 3347 1059 3401 Macedoniam
1090 3350 1459 3417 impiissimum
1488 3352 1717 3420 Spiritus
1746 3357 1916 3409 sancti
1944 3357 2043 3410 im-

468 3447 823 3508 pugnatorem
849 3441 1244 3505 exauctoravit,
1267 3444 1556 3497 ostendens
1587 3444 1738 3498 illum
1776 3462 1882 3500 non
1922 3463 2041 3503 esse

468 3527 595 3595 quid
618 3534 875 3590 creatum,
901 3528 993 3581 sed
1019 3543 1201 3581 verum
1228 3530 1392 3582 Deum
1420 3531 1564 3585 Patri
1586 3533 1787 3587 etFilio
1812 3551 1906 3603 per
1926 3550 2041 3589 om-

475 3616 567 3669 nia
618 3617 952 3681 homousion,
995 3619 1182 3672 eadem
1217 3630 1429 3673 sacrum
1465 3623 1764 3691 symbolum
1808 3624 2040 3692 Spiritus

467 3707 637 3759 sancti
663 3708 841 3762 verbis
868 3706 1037 3762 fusius
1062 3709 1368 3778 explicavit,
1412 3714 1541 3780 quin
1567 3722 1622 3767 et
1648 3714 2038 3783 Apollinarium

468 3809 681 3863 quoque
704 3796 974 3850 hominem
1006 3812 1131 3853 vere
1171 3799 1420 3854 stolidum
1461 3809 1515 3855 et
1554 3802 1799 3871 insanum
1844 3806 1912 3859 ab
1941 3804 2038 3859 Ec-

469 3882 631 3936 clesia
658 3884 882 3952 pepulit.

538 3972 665 4027 Post
689 3975 827 4028 hanc
851 3983 1031 4029 autem
1067 3978 1304 4047 suscipio
1348 3994 1555 4034 sacram
1581 3982 1688 4036 200
1731 3994 2037 4037 sanctorum

468 4060 685 4115 Patrum
710 4063 1089 4133 doctorumque
1111 4066 1383 4120 hominum
1406 4070 1684 4138 synodum,
1714 4087 1830 4138 quae
1850 4082 2037 4127 contra

464 4166 721 4205 vesanum
767 4151 1072 4206 Nestorium
1108 4155 1547 4226 blasphemasque
1589 4157 1827 4225 ejusdem
1877 4177 2036 4216 voces

463 4241 662 4310 Ephesi
699 4242 849 4308 coiit,
899 4246 1249 4315 eumdemque
1299 4250 1467 4318 gradu
1496 4258 1549 4302 et
1589 4250 1705 4304 loco
1765 4253 1952 4317 movit,
1982 4260 2042 4307 et

460 4347 623 4386 unam
644 4348 763 4387 esse
790 4333 988 4389 Christi
1018 4345 1072 4389 et
1095 4338 1187 4391 Dei
1217 4340 1385 4393 nostri
1414 4332 1719 4406 personam,
1749 4341 1881 4395 duas
1909 4358 2037 4397 vero

460 4423 697 4493 ejusdem
745 4436 964 4483 naturas
1011 4430 1124 4485 sine
1162 4431 1268 4486 ulla
1310 4432 1628 4486 confusione
1658 4448 1721 4487 ac
1766 4434 2034 4490 divisione

459 4512 601 4567 inter
623 4530 680 4569 se
705 4517 884 4570 unitas
907 4518 1288 4586 determinans,
1323 4538 1487 4575 unum
1518 4539 1736 4577 rursum
1760 4526 2031 4579 eumdcm-
2056 4493 2110 4552 D

460 4614 566 4668 que
598 4600 763 4655 Deum
789 4615 844 4657 et
866 4605 1134 4661 hominem
1169 4609 1329 4662 simul
1353 4625 1473 4663 esse
1515 4611 1815 4676 declarans,
1862 4628 1926 4666 ac
1949 4630 2031 4668 sa-

460 4701 607 4740 cram
633 4690 843 4742 tandem
881 4691 1141 4760 virginem
1176 4694 1395 4749 Mariam
1425 4710 1551 4750 vere
1576 4698 1897 4766 proprieque
1923 4698 2032 4757 dei-

459 4790 648 4843 param
685 4791 803 4832 esse
828 4783 1200 4847 pronuntians.

533 4866 868 4934 Complector
886 4880 1075 4938 quarto
1115 4888 1325 4927 sacram
1355 4873 1459 4929 650
1479 4874 1778 4931 divinorum
1813 4878 2029 4948 Deoque

464 4956 763 5013 alllatorum
798 4959 1013 5015 Patrum
1046 4963 1377 5019 Chalcedone
1415 4974 1722 5021 coactorum
1746 4971 2027 5039 synodum,

459 5061 579 5115 quae
606 5047 950 5116 impiissimos
976 5051 1266 5122 Entychem
1291 5062 1345 5107 et
1360 5055 1694 5121 Dioscorum,
1719 5057 2032 5113 obscuram-

462 5153 564 5205 que
588 5133 653 5190 ae
682 5138 1017 5192 tenebrosam
1047 5142 1353 5195 cornmdem
1388 5143 1755 5199 confusionem
1782 5147 2031 5201 condem-

462 5230 629 5283 navit.
657 5229 751 5284 His
790 5231 1129 5286 anathemate
1154 5232 1429 5301 jugulatis,
1472 5251 1636 5288 unum
1683 5237 2030 5305 eamdemque

460 5318 727 5375 Christum
770 5321 937 5375 Deum
968 5338 1031 5377 ac
1060 5324 1345 5378 Dominum
1392 5335 1634 5381 nostrum
1668 5337 1719 5381 et
1756 5329 2028 5382 hominem

459 5407 776 5475 perfectum,
813 5418 867 5464 et
894 5411 1060 5465 Deum
1102 5427 1315 5483 rursum
1346 5414 1645 5481 perfectum
1669 5431 1785 5472 esse
1821 5417 1872 5470 in
1897 5404 2029 5471 dna-

464 5492 564 5547 bus
588 5494 800 5562 quidem
832 5501 1059 5565 naturis,
1089 5500 1141 5554 in
1174 5517 1279 5555 una
1306 5516 1435 5555 vero
1476 5517 1705 5571 persona
1756 5503 2036 5559 inconfuse

464 5581 832 5653 lndivutseque
850 5591 1163 5644 existentem
1180 5592 1673 5661 piedepraadicavit.

536 5671 670 5729 Tmn
699 5676 937 5745 quintam
960 5694 1171 5734 rursum
1214 5697 1424 5736 sacram
1456 5683 1554 5739 165
1592 5693 1899 5740 sanctorum
1928 5683 2030 5739 Pa-

2141 3259 2262 3313 λεων
2311 3264 2759 3336 συναθροισθεῖσαν
2809 3273 2908 3318 τῶν
2951 3267 3021 3336 ρν’
3058 3269 3407 3324 θεοπνεύστων
3457 3275 3695 3344 Πατίίιων·

2140 3351 2223 3403 τόν
2260 3351 2458 3405 ἀνόσιον
2487 3356 2926 3425 πνευματομάχον
2962 3359 3272 3413 καθελοῦσαν
3310 3361 3599 3417 Μακεδόνων
3625 3364 3699 3416 καί

2138 3446 2228 3499 τήν
2257 3448 2348 3495 τοῦ
2388 3444 2526 3513 ἱεροῦ
2555 3446 2813 3515 συμϐόλου
2846 3446 3032 3502 ἔννοιαν
3072 3451 3463 3517 ἐξαπλώσασαν,
3493 3457 3577 3508 καί
3602 3462 3698 3513 τοῖς

2138 3538 2230 3586 τοῦ
2267 3533 2410 3602 ἁγίου
2451 3536 2735 3605 Πνεύματος
2764 3537 2927 3610 λόγοις
2956 3541 3395 3613 ἔπιτρανὼσασαν,
3438 3548 3557 3600 Θεὸν
3587 3547 3698 3604 ἀλη-

2139 3621 2267 3674 θινὸν
2304 3621 2567 3690 όμοούσιον
2614 3633 2688 3697 τῷ
2726 3630 2883 3701 Πατρί
2927 3633 3012 3684 καί
3050 3618 3122 3701 τῷ
3160 3633 3260 3703 Υίῷ
3305 3636 3388 3687 καί
3431 3638 3489 3688 οὐ
3523 3639 3698 3703 κτίσμα

2137 3712 2284 3765 αὐτὸν
2337 3713 2720 3785 βεϐαιώσασαν,
2777 3720 2861 3771 καί
2905 3717 3250 3796 ’Δπολινάριον
3298 3724 3381 3777 τὸν
3418 3726 3696 3795 Λαοδικία,

2136 3799 2221 3852 τὸν
2250 3797 2403 3861 ὅντως
2443 3799 2633 3872 ἄφρονα
2668 3807 2752 3858 καί
2787 3805 2994 3863 ἀνόητον
3042 3816 3133 3869 τῆς
3170 3810 3464 3874 Ἐκκλητίας
3510 3817 3696 3874 ἀποκη-

2136 3891 2383 3960 ρύξασαν.

2205 3979 2322 4034 Μεθ’
2366 3982 2424 4040 ἣν
2454 3985 2542 4039 τήν
2568 3984 2619 4036 ἓν
2656 3983 2844 4055 Ἐφέσῳ
2872 3986 2930 4041 τὸ
2965 3988 3209 4061 πρότερον
3234 3996 3692 4066 συναγηγερμένην,

2135 4077 2235 4123 τῶν
2257 4071 2399 4141 ἱερῶν
2421 4070 2692 4127 διακοσίων
2718 4073 3028 4131 διδασκάλων
3052 4078 3201 4150 ἁγίαν
3224 4079 3433 4135 σύνοδον
3460 4092 3585 4139 κατά
3616 4096 3697 4137 Νε-

2137 4160 2342 4229 στορίου
2369 4167 2460 4214 τοῦ
2498 4164 2856 4236 ματαιόφρονος
2891 4169 2973 4219 καί
3008 4175 3107 4221 τῶν
3146 4170 3325 4223 ἐκείνου
3353 4173 3690 4245 βλασφημιῶν,
3758 4180 3759 4185 “

2132 4244 2185 4301 δν
2204 4249 2502 4311 καθελοῦσα,
2519 4256 2636 4323 μίαν
2649 4260 2736 4308 τοῦ
2757 4264 2984 4330 Χριστοῦ
3007 4263 3085 4312 καί
3111 4267 3234 4314 Θεοῦ
3256 4265 3395 4331 ἡμῶν
3411 4264 3518 4318 καθ’
3530 4267 3695 4318 ἕνωσιν

2135 4340 2441 4405 ὑπόστασιν,
2471 4347 2555 4397 καί
2581 4339 2674 4400 δύο
2711 4349 2885 4416 φύσεις
2927 4351 3245 4421 ἀσυγχύτως
3282 4358 3364 4408 καί
3409 4356 3695 4431 ἀδιαιρέτωῖ

2138 4437 2301 4501 σοφῶς
2339 4430 2660 4504 ἐδογμάτισε,
2700 4439 2782 4490 τὸν
2814 4441 2970 4493 αὐτὸν
3004 4442 3125 4494 Θεὸν
3155 4446 3241 4496 καί
3278 4440 3537 4516 ἄνθρωπον
3576 4448 3697 4500 ἀπο·-

2133 4523 2351 4591 φήνασα,
2387 4525 2472 4574 καί
2506 4529 2593 4581 τήν
2621 4524 2767 4595 ἁγίαν
2805 4532 3017 4603 Μαρίαν,
3048 4533 3232 4605 κυρίως
3260 4537 3342 4587 καί
3364 4536 3555 4595 ἀληθῶς
3582 4545 3695 4590 Θεο-

2132 4604 2278 4659 τόκον
2318 4605 2691 4679 ὁμολογήσασα.

2202 4880 2339 4933 Μετά
2374 4886 2540 4935 ταῦτα
2564 4889 2661 4936 τῶν
2690 4884 2737 4937 ίν
2765 4884 3059 4956 Καλχηδόνι
3097 4889 3487 4965 συνδραμόντων
3524 4894 3690 4956 ἔξαγοο

2134 4970 2256 5022 σίων
2282 4971 2545 5040 τριάκοντα
2570 4974 2740 5025 ἐνθέων
2764 4977 2847 5028 καί
2867 4977 3126 5048 Θεοφόρων
3157 4982 3408 5054 Πατίρων,
3441 4984 3553 5040 ἥτις
3579 4984 3692 5038 τοὺς

2134 5053 2424 5122 δυσσεϐεῖς,
2460 5056 2700 5129 Εὗτυχέα
2722 5065 2802 5115 καί
2839 5064 3133 5138 Διόσκορον,
3159 5073 3239 5119 καί
3275 5053 3364 5126 τὴν
3392 5069 3585 5140 ζοφώδη
3616 5071 3691 5120 καὶ

2134 5146 2481 5219 ἐσκοτισμένην
2517 5153 2679 5204 αὐτῶν
2705 5153 2970 5224 σύγχυσιν
3012 5156 3333 5221 κατεδίκασε,
3361 5163 3444 5213 καί
3482 5161 3692 5219 τούτους

2132 5236 2555 5309 ἀνςιθεματίσασα,
2586 5241 2768 5294 τέλειον
2808 5245 2967 5297 αυτόν
3011 5246 3152 5309 Θεὸν,
3182 5250 3265 5301 καί
3292 5250 3474 5303 τέλειον
3503 5247 3690 5320 ἅνθρω-

2131 5350 2226 5382 πον
2253 5331 2339 5385 τὸν
2367 5333 2513 5386 αὐτόν
2547 5336 2765 5406 Χριστὸν
2786 5339 2867 5387 καί
2891 5336 3010 5389 Θεὸν
3041 5339 3177 5409 ἡμῶν
3201 5342 3246 5391 ἐν
3277 5338 3368 5393 δύο
3397 5342 3585 5409 φύσεσι
3613 5340 3692 5391 sui

2132 5418 2421 5473 ὑποστάσει
2472 5428 2563 5492 μιᾷ
2615 5423 2932 5494 δισυγχύτως
2982 5429 3061 5479 καί
3118 5426 3416 5503 ἀδιαιρέτως
3467 5423 3690 5485 εὐσεϐῶς

2134 5512 2443 5585 ἀνεκήρυξεν.

2205 5684 2317 5740 Ἐτι
2347 5689 2440 5744 μὴν
2486 5688 2569 5741 καί
2601 5691 2689 5746 τὴν
2728 5686 2868 5749 αὖθις
2898 5690 3006 5745 κατ’
3027 5692 3177 5750 αὐτὴν
3201 5696 3289 5750 τήν
3318 5690 3686 5764 Θεοφρούρητον
