  <div class='ocr_page' id='page_1' title='image "/cluster/home/n/w/nwhite01/storage/ocr_20150623/100/coo.31924054870047/104.png"; bbox 0 0 3978 6430; ppageno 0'>
   <div class='ocr_carea' id='block_1_1' title="bbox 1551 205 1577 218">
    <p class='ocr_par' dir='ltr' id='par_1_1' title="bbox 1551 205 1577 218">
     <span class='ocr_line' id='line_1_1' title="bbox 1551 205 1577 218; baseline 0 0"><span class='ocrx_word' id='word_1_1' title='bbox 1551 205 1577 218; x_wconf 50' lang='grc' dir='ltr'><strong>κ</strong></span> 
     </span>
    </p>
   </div>
   <div class='ocr_carea' id='block_1_2' title="bbox 389 321 499 387">
    <p class='ocr_par' dir='ltr' id='par_1_2' title="bbox 389 321 499 387">
     <span class='ocr_line' id='line_1_2' title="bbox 389 321 499 387; baseline 0 -1"><span class='ocrx_word' id='word_1_2' title='bbox 389 321 499 387; x_wconf 84' lang='grc'><strong>193</strong></span> 
     </span>
    </p>
   </div>
   <div class='ocr_carea' id='block_1_3' title="bbox 1355 321 2656 400">
    <p class='ocr_par' dir='ltr' id='par_1_3' title="bbox 1355 321 2656 400">
     <span class='ocr_line' id='line_1_3' title="bbox 1355 321 2656 400; baseline 0.014 -19"><span class='ocrx_word' id='word_1_3' title='bbox 1355 321 1720 385; x_wconf 78' lang='lat' dir='ltr'><strong>EPISTULA</strong></span> <span class='ocrx_word' id='word_1_4' title='bbox 1759 325 1860 387; x_wconf 82' lang='lat' dir='ltr'><strong>AD</strong></span> <span class='ocrx_word' id='word_1_5' title='bbox 1899 327 2210 392; x_wconf 85' lang='lat' dir='ltr'><strong>LEONEM</strong></span> <span class='ocrx_word' id='word_1_6' title='bbox 2250 331 2344 392; x_wconf 94' lang='lat' dir='ltr'><strong>III</strong></span> <span class='ocrx_word' id='word_1_7' title='bbox 2384 335 2656 400; x_wconf 79' lang='lat' dir='ltr'><strong>PAPAM.</strong></span> 
     </span>
    </p>
   </div>
   <div class='ocr_carea' id='block_1_4' title="bbox 3530 351 3636 418">
    <p class='ocr_par' dir='ltr' id='par_1_4' title="bbox 3530 351 3636 418">
     <span class='ocr_line' id='line_1_4' title="bbox 3530 351 3636 418; baseline 0.009 -1"><span class='ocrx_word' id='word_1_8' title='bbox 3530 351 3636 418; x_wconf 66' lang='grc'><strong>194</strong></span> 
     </span>
    </p>
   </div>
   <div class='ocr_carea' id='block_1_5' title="bbox 390 438 1938 540">
    <p class='ocr_par' dir='ltr' id='par_1_5' title="bbox 390 438 1938 521">
     <span class='ocr_line' id='line_1_5' title="bbox 390 438 1938 521; baseline 0.003 -26"><span class='ocrx_word' id='word_1_9' title='bbox 390 442 550 497; x_wconf 77' lang='grc' dir='ltr'>πόλιν</span> <span class='ocrx_word' id='word_1_10' title='bbox 589 441 1014 514; x_wconf 85' lang='grc' dir='ltr'>συγκροτηθεῖσαν</span> <span class='ocrx_word' id='word_1_11' title='bbox 1051 438 1198 509; x_wconf 81' lang='grc' dir='ltr'>ἁγίαν</span> <span class='ocrx_word' id='word_1_12' title='bbox 1233 441 1465 512; x_wconf 83' lang='grc' dir='ltr'>πέμπτην</span> <span class='ocrx_word' id='word_1_13' title='bbox 1496 443 1709 500; x_wconf 77' lang='grc' dir='ltr'><strong>σύνοδον</strong></span> <span class='ocrx_word' id='word_1_14' title='bbox 1735 452 1836 498; x_wconf 83' lang='grc' dir='ltr'>τῶν</span> <span class='ocrx_word' id='word_1_15' title='bbox 1859 449 1938 521; x_wconf 80' lang='grc' dir='ltr'>ρξε</span> 
     </span>
    </p>
   </div>
   <div class='ocr_carea' id='block_1_6' title="bbox 2041 438 3630 540">
    <p class='ocr_par' dir='ltr' id='par_1_6' title="bbox 2061 451 3630 540">
     <span class='ocr_line' id='line_1_6' title="bbox 2061 451 3630 540; baseline 0.017 -41"><span class='ocrx_word' id='word_1_16' title='bbox 2061 455 2202 501; x_wconf 93' lang='lat' dir='ltr'><strong>trum</strong></span> <span class='ocrx_word' id='word_1_17' title='bbox 2242 451 2518 519; x_wconf 86' lang='lat' dir='ltr'><strong>synodum,</strong></span> <span class='ocrx_word' id='word_1_18' title='bbox 2561 467 2678 520; x_wconf 67' lang='lat' dir='ltr'><strong>qua:</strong></span> <span class='ocrx_word' id='word_1_19' title='bbox 2715 451 2768 506; x_wconf 91' lang='lat' dir='ltr'><strong>in</strong></span> <span class='ocrx_word' id='word_1_20' title='bbox 2798 454 2900 510; x_wconf 89' lang='lat' dir='ltr'><strong>hac</strong></span> <span class='ocrx_word' id='word_1_21' title='bbox 2946 456 3138 514; x_wconf 83' lang='lat' dir='ltr'><strong>iterum</strong></span> <span class='ocrx_word' id='word_1_22' title='bbox 3183 462 3360 520; x_wconf 87' lang='lat' dir='ltr'><strong>divina</strong></span> <span class='ocrx_word' id='word_1_23' title='bbox 3403 465 3630 540; x_wconf 81' lang='lat' dir='ltr'><strong>Deoque</strong></span> 
     </span>
    </p>
   </div>
   <div class='ocr_carea' id='block_1_7' title="bbox 388 531 1954 612">
    <p class='ocr_par' dir='ltr' id='par_1_7' title="bbox 388 531 1954 612">
     <span class='ocr_line' id='line_1_7' title="bbox 388 531 1954 612; baseline 0.003 -26"><span class='ocrx_word' id='word_1_24' title='bbox 388 533 548 606; x_wconf 65' lang='grc' dir='ltr'>ἁγίων</span> <span class='ocrx_word' id='word_1_25' title='bbox 577 531 808 604; x_wconf 84' lang='grc' dir='ltr'>Πατέρων</span> <span class='ocrx_word' id='word_1_26' title='bbox 835 533 994 599; x_wconf 75' lang='grc' dir='ltr'>ἡμῶν,</span> <span class='ocrx_word' id='word_1_27' title='bbox 1024 533 1136 594; x_wconf 76' lang='grc' dir='ltr'>ἥτις</span> <span class='ocrx_word' id='word_1_28' title='bbox 1164 535 1230 588; x_wconf 76' lang='grc' dir='ltr'><strong>τά</strong></span> <span class='ocrx_word' id='word_1_29' title='bbox 1259 533 1521 608; x_wconf 78' lang='grc' dir='ltr'><strong>Θεοδώρου</strong></span> <span class='ocrx_word' id='word_1_30' title='bbox 1547 539 1632 590; x_wconf 78' lang='grc' dir='ltr'><strong>καί</strong></span> <span class='ocrx_word' id='word_1_31' title='bbox 1657 541 1954 612; x_wconf 77' lang='grc' dir='ltr'>Νεστορίου,</span> 
     </span>
    </p>
   </div>
   <div class='ocr_carea' id='block_1_8' title="bbox 386 617 1958 699">
    <p class='ocr_par' dir='ltr' id='par_1_8' title="bbox 386 617 1958 699">
     <span class='ocr_line' id='line_1_8' title="bbox 386 617 1958 699; baseline 0.001 -22"><span class='ocrx_word' id='word_1_32' title='bbox 386 623 518 694; x_wconf 77' lang='grc' dir='ltr'>πρὸς</span> <span class='ocrx_word' id='word_1_33' title='bbox 555 617 610 675; x_wconf 85' lang='grc' dir='ltr'><strong>δέ</strong></span> <span class='ocrx_word' id='word_1_34' title='bbox 648 622 736 672; x_wconf 86' lang='grc' dir='ltr'><strong>καί</strong></span> <span class='ocrx_word' id='word_1_35' title='bbox 769 617 1070 692; x_wconf 69' lang='grc' dir='ltr'>Ὠριγένουςν</span> <span class='ocrx_word' id='word_1_36' title='bbox 1110 619 1326 692; x_wconf 86' lang='grc' dir='ltr'>Διδύμου</span> <span class='ocrx_word' id='word_1_37' title='bbox 1367 642 1420 676; x_wconf 83' lang='grc' dir='ltr'><strong>τε</strong></span> <span class='ocrx_word' id='word_1_38' title='bbox 1470 627 1558 677; x_wconf 83' lang='grc' dir='ltr'><strong>καί</strong></span> <span class='ocrx_word' id='word_1_39' title='bbox 1593 626 1842 699; x_wconf 80' lang='grc' dir='ltr'>Εὖαγρίου</span> <span class='ocrx_word' id='word_1_40' title='bbox 1869 627 1958 678; x_wconf 86' lang='grc' dir='ltr'><strong>καί</strong></span> 
     </span>
    </p>
   </div>
   <div class='ocr_carea' id='block_1_9' title="bbox 385 708 1956 784">
    <p class='ocr_par' dir='ltr' id='par_1_9' title="bbox 385 708 1956 784">
     <span class='ocr_line' id='line_1_9' title="bbox 385 708 1956 784; baseline 0.004 -23"><span class='ocrx_word' id='word_1_41' title='bbox 385 716 491 765; x_wconf 71' lang='grc' dir='ltr'>τῶν</span> <span class='ocrx_word' id='word_1_42' title='bbox 535 708 860 781; x_wconf 71' lang='grc' dir='ltr'>ἀμφάύτούς</span> <span class='ocrx_word' id='word_1_43' title='bbox 887 708 1164 774; x_wconf 82' lang='grc' dir='ltr'>κακοδόξων</span> <span class='ocrx_word' id='word_1_44' title='bbox 1196 712 1358 770; x_wconf 77' lang='grc' dir='ltr'>ἀσεϐῆ</span> <span class='ocrx_word' id='word_1_45' title='bbox 1406 710 1657 784; x_wconf 75' lang='grc' dir='ltr'><strong>δόγματα,</strong></span> <span class='ocrx_word' id='word_1_46' title='bbox 1695 716 1823 773; x_wconf 91' lang='grc' dir='ltr'>τέως</span> <span class='ocrx_word' id='word_1_47' title='bbox 1865 717 1956 783; x_wconf 84' lang='grc' dir='ltr'><strong>μέν</strong></span> 
     </span>
    </p>
   </div>
   <div class='ocr_carea' id='block_1_10' title="bbox 387 799 1956 876">
    <p class='ocr_par' dir='ltr' id='par_1_10' title="bbox 387 799 1956 876">
     <span class='ocr_line' id='line_1_10' title="bbox 387 799 1956 876; baseline 0.001 -23"><span class='ocrx_word' id='word_1_48' title='bbox 387 801 533 874; x_wconf 81' lang='grc' dir='ltr'>πειρᾶ</span> <span class='ocrx_word' id='word_1_49' title='bbox 585 806 692 859; x_wconf 86' lang='grc' dir='ltr'>τοῖς</span> <span class='ocrx_word' id='word_1_50' title='bbox 735 799 933 858; x_wconf 81' lang='grc' dir='ltr'><strong>πολλοῖς</strong></span> <span class='ocrx_word' id='word_1_51' title='bbox 968 803 1310 875; x_wconf 89' lang='grc' dir='ltr'>κρυπτόμενα,</span> <span class='ocrx_word' id='word_1_52' title='bbox 1357 808 1628 858; x_wconf 82' lang='grc' dir='ltr'>τηνικαῦτα</span> <span class='ocrx_word' id='word_1_53' title='bbox 1667 800 1722 856; x_wconf 80' lang='grc' dir='ltr'><strong>δέ</strong></span> <span class='ocrx_word' id='word_1_54' title='bbox 1765 810 1956 876; x_wconf 79' lang='grc' dir='ltr'><strong>πικρῶς</strong></span> 
     </span>
    </p>
   </div>
   <div class='ocr_carea' id='block_1_11' title="bbox 389 886 1954 967">
    <p class='ocr_par' dir='ltr' id='par_1_11' title="bbox 389 886 1954 967">
     <span class='ocr_line' id='line_1_11' title="bbox 389 886 1954 967; baseline 0.003 -23"><span class='ocrx_word' id='word_1_55' title='bbox 389 886 669 962; x_wconf 59' lang='grc' dir='ltr'>ἆναφυέντα</span> <span class='ocrx_word' id='word_1_56' title='bbox 721 891 808 943; x_wconf 79' lang='grc' dir='ltr'><strong>καί</strong></span> <span class='ocrx_word' id='word_1_57' title='bbox 861 889 1314 948; x_wconf 69' lang='grc' dir='ltr'>ἀναϐλαστῆσαντα</span> <span class='ocrx_word' id='word_1_58' title='bbox 1365 892 1594 961; x_wconf 71' lang='grc' dir='ltr'>ἐξέτεμε·</span> <span class='ocrx_word' id='word_1_59' title='bbox 1653 889 1714 946; x_wconf 81' lang='grc' dir='ltr'><strong>δι’</strong></span> <span class='ocrx_word' id='word_1_60' title='bbox 1736 888 1802 944; x_wconf 80' lang='grc' dir='ltr'>ὧν</span> <span class='ocrx_word' id='word_1_61' title='bbox 1855 896 1954 967; x_wconf 83' lang='grc' dir='ltr'><strong>γάρ</strong></span> 
     </span>
    </p>
   </div>
   <div class='ocr_carea' id='block_1_12' title="bbox 391 975 1957 1050">
    <p class='ocr_par' dir='ltr' id='par_1_12' title="bbox 391 975 1957 1050">
     <span class='ocr_line' id='line_1_12' title="bbox 391 975 1957 1050; baseline 0.001 -19"><span class='ocrx_word' id='word_1_62' title='bbox 391 975 542 1032; x_wconf 72' lang='grc' dir='ltr'>αὗτοί</span> <span class='ocrx_word' id='word_1_63' title='bbox 599 975 878 1049; x_wconf 80' lang='grc' dir='ltr'>έληρὼδουν</span> <span class='ocrx_word' id='word_1_64' title='bbox 937 977 1360 1048; x_wconf 75' lang='grc' dir='ltr'><strong>μυθολογημάτων</strong></span> <span class='ocrx_word' id='word_1_65' title='bbox 1383 1015 1399 1041; x_wconf 93' lang='grc'><strong>,</strong></span> <span class='ocrx_word' id='word_1_66' title='bbox 1447 977 1688 1050; x_wconf 79' lang='grc' dir='ltr'>Ἰουδαϊκῇ</span> <span class='ocrx_word' id='word_1_67' title='bbox 1751 998 1806 1032; x_wconf 83' lang='grc' dir='ltr'><strong>τε</strong></span> <span class='ocrx_word' id='word_1_68' title='bbox 1869 983 1957 1032; x_wconf 85' lang='grc' dir='ltr'><strong>καί</strong></span> 
     </span>
    </p>
   </div>
   <div class='ocr_carea' id='block_1_13' title="bbox 389 1065 1956 1142">
    <p class='ocr_par' dir='ltr' id='par_1_13' title="bbox 389 1065 1956 1142">
     <span class='ocr_line' id='line_1_13' title="bbox 389 1065 1956 1142; baseline 0.003 -23"><span class='ocrx_word' id='word_1_69' title='bbox 389 1065 643 1142; x_wconf 77' lang='grc' dir='ltr'>Ἐλληνικῇ</span> <span class='ocrx_word' id='word_1_70' title='bbox 707 1067 890 1138; x_wconf 81' lang='grc' dir='ltr'>μᾶλλον</span> <span class='ocrx_word' id='word_1_71' title='bbox 913 1104 930 1133; x_wconf 88' lang='grc'><strong>,</strong></span> <span class='ocrx_word' id='word_1_72' title='bbox 987 1065 1018 1125; x_wconf 76' lang='grc' dir='ltr'><strong>ἦ</strong></span> <span class='ocrx_word' id='word_1_73' title='bbox 1074 1073 1397 1141; x_wconf 78' lang='grc' dir='ltr'>Χριστιανικῇ</span> <span class='ocrx_word' id='word_1_74' title='bbox 1457 1065 1576 1136; x_wconf 79' lang='grc' dir='ltr'>δόξῃ</span> <span class='ocrx_word' id='word_1_75' title='bbox 1629 1066 1956 1124; x_wconf 65' lang='grc' dir='ltr'>ἐπηκολούθη-</span> 
     </span>
    </p>
   </div>
   <div class='ocr_carea' id='block_1_14' title="bbox 389 1176 510 1211">
    <p class='ocr_par' dir='ltr' id='par_1_14' title="bbox 389 1176 510 1211">
     <span class='ocr_line' id='line_1_14' title="bbox 389 1176 510 1211; baseline -0.017 0"><span class='ocrx_word' id='word_1_76' title='bbox 389 1176 510 1211; x_wconf 77' lang='grc' dir='ltr'>σαν.</span> 
     </span>
    </p>
   </div>
   <div class='ocr_carea' id='block_1_15' title="bbox 455 1259 1953 1344">
    <p class='ocr_par' dir='ltr' id='par_1_15' title="bbox 455 1259 1953 1344">
     <span class='ocr_line' id='line_1_15' title="bbox 455 1259 1953 1344; baseline 0 -20"><span class='ocrx_word' id='word_1_77' title='bbox 455 1259 603 1329; x_wconf 75' lang='grc' dir='ltr'><strong>Ἐξῆς</strong></span> <span class='ocrx_word' id='word_1_78' title='bbox 646 1269 738 1323; x_wconf 68' lang='grc' dir='ltr'>τὴν</span> <span class='ocrx_word' id='word_1_79' title='bbox 771 1264 914 1322; x_wconf 81' lang='grc' dir='ltr'>έκτην</span> <span class='ocrx_word' id='word_1_80' title='bbox 953 1271 1052 1318; x_wconf 84' lang='grc' dir='ltr'>τῶν</span> <span class='ocrx_word' id='word_1_81' title='bbox 1087 1265 1162 1338; x_wconf 85' lang='grc' dir='ltr'>ρο¹</span> <span class='ocrx_word' id='word_1_82' title='bbox 1207 1267 1350 1338; x_wconf 82' lang='grc' dir='ltr'>ίερῶν</span> <span class='ocrx_word' id='word_1_83' title='bbox 1385 1265 1576 1344; x_wconf 77' lang='grc' dir='ltr'>ἀνδρῶν</span> <span class='ocrx_word' id='word_1_84' title='bbox 1617 1261 1953 1341; x_wconf 68' lang='grc' dir='ltr'>οἰκουμενικήν</span> 
     </span>
    </p>
   </div>
   <div class='ocr_carea' id='block_1_16' title="bbox 384 1351 1950 1432">
    <p class='ocr_par' dir='ltr' id='par_1_16' title="bbox 384 1351 1950 1432">
     <span class='ocr_line' id='line_1_16' title="bbox 384 1351 1950 1432; baseline 0.004 -25"><span class='ocrx_word' id='word_1_85' title='bbox 384 1351 600 1409; x_wconf 80' lang='grc' dir='ltr'>σύνοδον</span> <span class='ocrx_word' id='word_1_86' title='bbox 663 1357 744 1409; x_wconf 77' lang='grc' dir='ltr'><strong>καί</strong></span> <span class='ocrx_word' id='word_1_87' title='bbox 797 1351 956 1414; x_wconf 71' lang='grc' dir='ltr'>αὐτὴν</span> <span class='ocrx_word' id='word_1_88' title='bbox 1003 1359 1133 1412; x_wconf 85' lang='grc' dir='ltr'>κατά</span> <span class='ocrx_word' id='word_1_89' title='bbox 1184 1364 1336 1414; x_wconf 84' lang='grc' dir='ltr'>τοῦτο</span> <span class='ocrx_word' id='word_1_90' title='bbox 1399 1359 1456 1414; x_wconf 86' lang='grc' dir='ltr'>τὸ</span> <span class='ocrx_word' id='word_1_91' title='bbox 1509 1360 1760 1432; x_wconf 82' lang='grc' dir='ltr'>βασίλειον</span> <span class='ocrx_word' id='word_1_92' title='bbox 1816 1359 1950 1417; x_wconf 78' lang='grc' dir='ltr'>ἄστυ</span> 
     </span>
    </p>
   </div>
   <div class='ocr_carea' id='block_1_17' title="bbox 384 1448 1950 1522">
    <p class='ocr_par' dir='ltr' id='par_1_17' title="bbox 384 1448 1950 1522">
     <span class='ocr_line' id='line_1_17' title="bbox 384 1448 1950 1522; baseline 0.005 -24"><span class='ocrx_word' id='word_1_93' title='bbox 384 1448 721 1517; x_wconf 80' lang='grc' dir='ltr'>συνηγμένην,</span> <span class='ocrx_word' id='word_1_94' title='bbox 749 1449 834 1502; x_wconf 82' lang='grc' dir='ltr'>καὶ</span> <span class='ocrx_word' id='word_1_95' title='bbox 868 1454 966 1502; x_wconf 83' lang='grc' dir='ltr'>τῶν</span> <span class='ocrx_word' id='word_1_96' title='bbox 992 1451 1123 1504; x_wconf 81' lang='grc' dir='ltr'>κατὰ</span> <span class='ocrx_word' id='word_1_97' title='bbox 1149 1451 1364 1522; x_wconf 77' lang='grc' dir='ltr'>Χριστόν</span> <span class='ocrx_word' id='word_1_98' title='bbox 1394 1451 1590 1521; x_wconf 81' lang='grc' dir='ltr'>φύσεων</span> <span class='ocrx_word' id='word_1_99' title='bbox 1614 1454 1708 1512; x_wconf 89' lang='grc' dir='ltr'><strong>τάς</strong></span> <span class='ocrx_word' id='word_1_100' title='bbox 1732 1473 1786 1507; x_wconf 89' lang='grc' dir='ltr'><strong>τε</strong></span> <span class='ocrx_word' id='word_1_101' title='bbox 1824 1450 1950 1507; x_wconf 78' lang='grc' dir='ltr'>ἰδιό-</span> 
     </span>
    </p>
   </div>
   <div class='ocr_carea' id='block_1_18' title="bbox 380 1537 1948 1616">
    <p class='ocr_par' dir='ltr' id='par_1_18' title="bbox 380 1537 1948 1616">
     <span class='ocr_line' id='line_1_18' title="bbox 380 1537 1948 1616; baseline 0.004 -26"><span class='ocrx_word' id='word_1_102' title='bbox 380 1556 543 1594; x_wconf 77' lang='grc' dir='ltr'>τητας</span> <span class='ocrx_word' id='word_1_103' title='bbox 579 1537 667 1590; x_wconf 80' lang='grc' dir='ltr'><strong>καί</strong></span> <span class='ocrx_word' id='word_1_104' title='bbox 701 1537 934 1608; x_wconf 71' lang='grc' dir='ltr'>φυσικὰς-ο</span> <span class='ocrx_word' id='word_1_105' title='bbox 955 1539 1208 1612; x_wconf 72' lang='grc' dir='ltr'>ἆνεργείας</span> <span class='ocrx_word' id='word_1_106' title='bbox 1243 1542 1334 1595; x_wconf 74' lang='grc' dir='ltr'>καὶ</span> <span class='ocrx_word' id='word_1_107' title='bbox 1367 1541 1591 1602; x_wconf 80' lang='grc' dir='ltr'>θελήσεις</span> <span class='ocrx_word' id='word_1_108' title='bbox 1638 1543 1948 1616; x_wconf 84' lang='grc' dir='ltr'>κηρύξασαν,</span> 
     </span>
    </p>
   </div>
   <div class='ocr_carea' id='block_1_19' title="bbox 381 1623 1948 1706">
    <p class='ocr_par' dir='ltr' id='par_1_19' title="bbox 381 1623 1948 1706">
     <span class='ocr_line' id='line_1_19' title="bbox 381 1623 1948 1706; baseline 0.005 -30"><span class='ocrx_word' id='word_1_109' title='bbox 381 1624 825 1694; x_wconf 77' lang='grc' dir='ltr'>ἀναθεματίσασαν</span> <span class='ocrx_word' id='word_1_110' title='bbox 853 1623 907 1681; x_wconf 87' lang='grc' dir='ltr'><strong>δέ</strong></span> <span class='ocrx_word' id='word_1_111' title='bbox 929 1626 1187 1700; x_wconf 85' lang='grc' dir='ltr'>Θεόδωρον</span> <span class='ocrx_word' id='word_1_112' title='bbox 1209 1629 1300 1684; x_wconf 81' lang='grc' dir='ltr'><strong>τόν</strong></span> <span class='ocrx_word' id='word_1_113' title='bbox 1328 1637 1421 1690; x_wconf 79' lang='grc' dir='ltr'><strong>τῆς</strong></span> <span class='ocrx_word' id='word_1_114' title='bbox 1456 1633 1620 1706; x_wconf 71' lang='grc' dir='ltr'>Φαράν</span> <span class='ocrx_word' id='word_1_115' title='bbox 1657 1633 1948 1698; x_wconf 84' lang='grc' dir='ltr'>έπίσκοπον,</span> 
     </span>
    </p>
   </div>
   <div class='ocr_carea' id='block_1_20' title="bbox 382 1713 1950 1793">
    <p class='ocr_par' dir='ltr' id='par_1_20' title="bbox 382 1713 1950 1793">
     <span class='ocr_line' id='line_1_20' title="bbox 382 1713 1950 1793; baseline 0.006 -26"><span class='ocrx_word' id='word_1_116' title='bbox 382 1717 466 1768; x_wconf 82' lang='grc' dir='ltr'>και</span> <span class='ocrx_word' id='word_1_117' title='bbox 502 1717 758 1788; x_wconf 82' lang='grc' dir='ltr'>Ὀνῶριον,</span> <span class='ocrx_word' id='word_1_118' title='bbox 809 1713 962 1787; x_wconf 66' lang='grc' dir='ltr'>Κῦρόν</span> <span class='ocrx_word' id='word_1_119' title='bbox 1013 1737 1066 1772; x_wconf 91' lang='grc' dir='ltr'><strong>τε</strong></span> <span class='ocrx_word' id='word_1_120' title='bbox 1111 1719 1195 1773; x_wconf 81' lang='grc' dir='ltr'><strong>καί</strong></span> <span class='ocrx_word' id='word_1_121' title='bbox 1234 1719 1456 1793; x_wconf 67' lang='grc' dir='ltr'>Σίργιον,</span> <span class='ocrx_word' id='word_1_122' title='bbox 1498 1722 1710 1793; x_wconf 74' lang='grc' dir='ltr'>Πύρρον,</span> <span class='ocrx_word' id='word_1_123' title='bbox 1761 1723 1950 1776; x_wconf 82' lang='grc' dir='ltr'><strong>Παῦλον</strong></span> 
     </span>
    </p>
   </div>
   <div class='ocr_carea' id='block_1_21' title="bbox 2060 542 3626 626">
    <p class='ocr_par' dir='ltr' id='par_1_21' title="bbox 2060 542 3626 626">
     <span class='ocr_line' id='line_1_21' title="bbox 2060 542 3626 626; baseline 0.014 -32"><span class='ocrx_word' id='word_1_124' title='bbox 2060 542 2266 596; x_wconf 88' lang='lat' dir='ltr'><strong>addicta</strong></span> <span class='ocrx_word' id='word_1_125' title='bbox 2330 543 2542 596; x_wconf 91' lang='lat' dir='ltr'><strong>civitate</strong></span> <span class='ocrx_word' id='word_1_126' title='bbox 2583 554 2788 611; x_wconf 89' lang='lat' dir='ltr'><strong>coacta,</strong></span> <span class='ocrx_word' id='word_1_127' title='bbox 2843 548 3003 617; x_wconf 88' lang='lat' dir='ltr'><strong>impia</strong></span> <span class='ocrx_word' id='word_1_128' title='bbox 3041 551 3323 622; x_wconf 87' lang='lat' dir='ltr'><strong>Theodori,</strong></span> <span class='ocrx_word' id='word_1_129' title='bbox 3369 556 3626 626; x_wconf 88' lang='lat' dir='ltr'><strong>Nestorii,</strong></span> 
     </span>
    </p>
   </div>
   <div class='ocr_carea' id='block_1_22' title="bbox 2055 629 3622 712">
    <p class='ocr_par' dir='ltr' id='par_1_22' title="bbox 2055 629 3622 712">
     <span class='ocr_line' id='line_1_22' title="bbox 2055 629 3622 712; baseline 0.012 -27"><span class='ocrx_word' id='word_1_130' title='bbox 2055 629 2320 700; x_wconf 85' lang='lat' dir='ltr'><strong>Origenis,</strong></span> <span class='ocrx_word' id='word_1_131' title='bbox 2365 633 2593 702; x_wconf 83' lang='lat' dir='ltr'><strong>Didymi,</strong></span> <span class='ocrx_word' id='word_1_132' title='bbox 2618 634 2849 706; x_wconf 82' lang='lat' dir='ltr'><strong>Evagrii,</strong></span> <span class='ocrx_word' id='word_1_133' title='bbox 2879 639 3310 712; x_wconf 88' lang='lat' dir='ltr'><strong>reliquorumque</strong></span> <span class='ocrx_word' id='word_1_134' title='bbox 3338 647 3622 704; x_wconf 68' lang='lat' dir='ltr'><strong>haeretico-</strong></span> 
     </span>
    </p>
   </div>
   <div class='ocr_carea' id='block_1_23' title="bbox 2055 722 3628 804">
    <p class='ocr_par' dir='ltr' id='par_1_23' title="bbox 2055 722 3628 804">
     <span class='ocr_line' id='line_1_23' title="bbox 2055 722 3628 804; baseline 0.013 -31"><span class='ocrx_word' id='word_1_135' title='bbox 2055 735 2175 774; x_wconf 90' lang='lat' dir='ltr'><strong>rum</strong></span> <span class='ocrx_word' id='word_1_136' title='bbox 2208 722 2462 791; x_wconf 70' lang='lat' dir='ltr'><strong>praedicta</strong></span> <span class='ocrx_word' id='word_1_137' title='bbox 2503 725 2825 778; x_wconf 78' lang='lat' dir='ltr'><strong>sectantium</strong></span> <span class='ocrx_word' id='word_1_138' title='bbox 2854 728 3125 797; x_wconf 81' lang='lat' dir='ltr'><strong>dogmata,</strong></span> <span class='ocrx_word' id='word_1_139' title='bbox 3162 733 3359 787; x_wconf 92' lang='lat' dir='ltr'><strong>dudum</strong></span> <span class='ocrx_word' id='word_1_140' title='bbox 3410 738 3628 804; x_wconf 87' lang='lat' dir='ltr'><strong>quidem</strong></span> 
     </span>
    </p>
   </div>
   <div class='ocr_carea' id='block_1_24' title="bbox 2054 813 3626 896">
    <p class='ocr_par' dir='ltr' id='par_1_24' title="bbox 2054 813 3626 896">
     <span class='ocr_line' id='line_1_24' title="bbox 2054 813 3626 896; baseline 0.011 -31"><span class='ocrx_word' id='word_1_141' title='bbox 2054 821 2178 866; x_wconf 85' lang='lat' dir='ltr'><strong>ante</strong></span> <span class='ocrx_word' id='word_1_142' title='bbox 2219 813 2358 882; x_wconf 88' lang='lat' dir='ltr'><strong>apud</strong></span> <span class='ocrx_word' id='word_1_143' title='bbox 2399 813 2680 883; x_wconf 89' lang='lat' dir='ltr'><strong>plerosque</strong></span> <span class='ocrx_word' id='word_1_144' title='bbox 2730 819 2965 882; x_wconf 87' lang='lat' dir='ltr'><strong>occulta,</strong></span> <span class='ocrx_word' id='word_1_145' title='bbox 3008 835 3103 888; x_wconf 91' lang='lat' dir='ltr'><strong>per</strong></span> <span class='ocrx_word' id='word_1_146' title='bbox 3151 822 3202 874; x_wconf 89' lang='lat' dir='ltr'><strong>id</strong></span> <span class='ocrx_word' id='word_1_147' title='bbox 3243 838 3373 877; x_wconf 89' lang='lat' dir='ltr'><strong>vero</strong></span> <span class='ocrx_word' id='word_1_148' title='bbox 3418 833 3626 896; x_wconf 81' lang='lat' dir='ltr'><strong>tempus</strong></span> 
     </span>
    </p>
   </div>
   <div class='ocr_carea' id='block_1_25' title="bbox 2053 903 3621 983">
    <p class='ocr_par' dir='ltr' id='par_1_25' title="bbox 2053 903 3621 983">
     <span class='ocr_line' id='line_1_25' title="bbox 2053 903 3621 983; baseline 0.01 -29"><span class='ocrx_word' id='word_1_149' title='bbox 2053 903 2274 956; x_wconf 88' lang='lat' dir='ltr'><strong>acerbos</strong></span> <span class='ocrx_word' id='word_1_150' title='bbox 2299 904 2472 957; x_wconf 89' lang='lat' dir='ltr'><strong>denuo</strong></span> <span class='ocrx_word' id='word_1_151' title='bbox 2511 919 2691 960; x_wconf 87' lang='lat' dir='ltr'><strong>ramos</strong></span> <span class='ocrx_word' id='word_1_152' title='bbox 2724 905 3071 976; x_wconf 90' lang='lat' dir='ltr'><strong>surculosque</strong></span> <span class='ocrx_word' id='word_1_153' title='bbox 3107 910 3454 978; x_wconf 80' lang='lat' dir='ltr'><strong>proferentia,</strong></span> <span class='ocrx_word' id='word_1_154' title='bbox 3471 916 3621 983; x_wconf 86' lang='lat' dir='ltr'><strong>juste</strong></span> 
     </span>
    </p>
   </div>
   <div class='ocr_carea' id='block_1_26' title="bbox 2053 989 3630 1071">
    <p class='ocr_par' dir='ltr' id='par_1_26' title="bbox 2053 989 3630 1071">
     <span class='ocr_line' id='line_1_26' title="bbox 2053 989 3630 1071; baseline 0.011 -31"><span class='ocrx_word' id='word_1_155' title='bbox 2053 989 2251 1044; x_wconf 77' lang='lat' dir='ltr'><strong>excidit</strong></span> <span class='ocrx_word' id='word_1_156' title='bbox 2276 1008 2289 1044; x_wconf 90' lang='lat'><strong>:</strong></span> <span class='ocrx_word' id='word_1_157' title='bbox 2311 1007 2430 1060; x_wconf 63' lang='lat' dir='ltr'><strong>quae</strong></span> <span class='ocrx_word' id='word_1_158' title='bbox 2453 993 2595 1046; x_wconf 90' lang='lat' dir='ltr'><strong>enim</strong></span> <span class='ocrx_word' id='word_1_159' title='bbox 2621 995 2720 1063; x_wconf 88' lang='lat' dir='ltr'><strong>ipsi</strong></span> <span class='ocrx_word' id='word_1_160' title='bbox 2743 1005 2922 1050; x_wconf 90' lang='lat' dir='ltr'><strong>mente</strong></span> <span class='ocrx_word' id='word_1_161' title='bbox 2944 997 3110 1051; x_wconf 90' lang='lat' dir='ltr'><strong>delira</strong></span> <span class='ocrx_word' id='word_1_162' title='bbox 3133 1007 3186 1052; x_wconf 92' lang='lat' dir='ltr'><strong>et</strong></span> <span class='ocrx_word' id='word_1_163' title='bbox 3204 998 3445 1071; x_wconf 70' lang='lat' dir='ltr'><strong>fabulose</strong></span> <span class='ocrx_word' id='word_1_164' title='bbox 3467 1004 3630 1071; x_wconf 77' lang='lat' dir='ltr'><strong>proti-</strong></span> 
     </span>
    </p>
   </div>
   <div class='ocr_carea' id='block_1_27' title="bbox 2053 1070 3628 1161">
    <p class='ocr_par' dir='ltr' id='par_1_27' title="bbox 2053 1070 3628 1161">
     <span class='ocr_line' id='line_1_27' title="bbox 2053 1070 3628 1161; baseline 0.011 -31"><span class='ocrx_word' id='word_1_165' title='bbox 2053 1079 2320 1143; x_wconf 88' lang='lat' dir='ltr'><strong>tebantur,</strong></span> <span class='ocrx_word' id='word_1_166' title='bbox 2345 1096 2406 1134; x_wconf 91' lang='lat' dir='ltr'><strong>ea</strong></span> <span class='ocrx_word' id='word_1_167' title='bbox 2421 1081 2724 1136; x_wconf 81' lang='lat' dir='ltr'><strong>Judaeorum</strong></span> <span class='ocrx_word' id='word_1_168' title='bbox 2739 1093 2793 1138; x_wconf 91' lang='lat' dir='ltr'><strong>et</strong></span> <span class='ocrx_word' id='word_1_169' title='bbox 2803 1100 3133 1154; x_wconf 84' lang='lat' dir='ltr'><strong>paganorum</strong></span> <span class='ocrx_word' id='word_1_170' title='bbox 3153 1070 3524 1161; x_wconf 80' lang='lat' dir='ltr'><strong>imaginationi</strong></span> <span class='ocrx_word' id='word_1_171' title='bbox 3536 1108 3628 1146; x_wconf 77' lang='lat' dir='ltr'><strong>ve-</strong></span> 
     </span>
    </p>
   </div>
   <div class='ocr_carea' id='block_1_28' title="bbox 2051 1167 3622 1236">
    <p class='ocr_par' dir='ltr' id='par_1_28' title="bbox 2051 1167 3622 1236">
     <span class='ocr_line' id='line_1_28' title="bbox 2051 1167 3622 1236; baseline 0.009 -16"><span class='ocrx_word' id='word_1_172' title='bbox 2051 1167 2188 1231; x_wconf 89' lang='lat' dir='ltr'><strong>rius,</strong></span> <span class='ocrx_word' id='word_1_173' title='bbox 2219 1178 2382 1236; x_wconf 81' lang='lat' dir='ltr'><strong>quam</strong></span> <span class='ocrx_word' id='word_1_174' title='bbox 2425 1169 2854 1226; x_wconf 88' lang='lat' dir='ltr'><strong>Christianorum</strong></span> <span class='ocrx_word' id='word_1_175' title='bbox 2884 1175 3004 1228; x_wconf 81' lang='lat' dir='ltr'><strong>lidei</strong></span> <span class='ocrx_word' id='word_1_176' title='bbox 3037 1183 3398 1232; x_wconf 81' lang='lat' dir='ltr'><strong>consentanea</strong></span> <span class='ocrx_word' id='word_1_177' title='bbox 3444 1188 3622 1234; x_wconf 91' lang='lat' dir='ltr'><strong>erant.</strong></span> 
     </span>
    </p>
   </div>
   <div class='ocr_carea' id='block_1_29' title="bbox 2120 1258 3628 1334">
    <p class='ocr_par' dir='ltr' id='par_1_29' title="bbox 2120 1258 3628 1334">
     <span class='ocr_line' id='line_1_29' title="bbox 2120 1258 3628 1334; baseline 0.009 -22"><span class='ocrx_word' id='word_1_178' title='bbox 2120 1258 2248 1313; x_wconf 91' lang='lat' dir='ltr'><strong>Post</strong></span> <span class='ocrx_word' id='word_1_179' title='bbox 2298 1261 2438 1315; x_wconf 90' lang='lat' dir='ltr'><strong>hanc</strong></span> <span class='ocrx_word' id='word_1_180' title='bbox 2465 1269 2520 1316; x_wconf 92' lang='lat' dir='ltr'><strong>et</strong></span> <span class='ocrx_word' id='word_1_181' title='bbox 2555 1270 2763 1316; x_wconf 80' lang='lat' dir='ltr'><strong>sextam</strong></span> <span class='ocrx_word' id='word_1_182' title='bbox 2791 1279 3003 1334; x_wconf 90' lang='lat' dir='ltr'><strong>quoque</strong></span> <span class='ocrx_word' id='word_1_183' title='bbox 3045 1275 3284 1321; x_wconf 86' lang='lat' dir='ltr'><strong>sanctam</strong></span> <span class='ocrx_word' id='word_1_184' title='bbox 3313 1277 3366 1322; x_wconf 90' lang='lat' dir='ltr'><strong>et</strong></span> <span class='ocrx_word' id='word_1_185' title='bbox 3393 1283 3628 1326; x_wconf 74' lang='lat' dir='ltr'><strong>(ecume-</strong></span> 
     </span>
    </p>
   </div>
   <div class='ocr_carea' id='block_1_30' title="bbox 2049 1350 3618 1428">
    <p class='ocr_par' dir='ltr' id='par_1_30' title="bbox 2049 1350 3618 1428">
     <span class='ocr_line' id='line_1_30' title="bbox 2049 1350 3618 1428; baseline 0.008 -24"><span class='ocrx_word' id='word_1_186' title='bbox 2049 1350 2226 1406; x_wconf 88' lang='lat' dir='ltr'><strong>nicam</strong></span> <span class='ocrx_word' id='word_1_187' title='bbox 2252 1352 2352 1405; x_wconf 75' lang='lat'><strong>170</strong></span> <span class='ocrx_word' id='word_1_188' title='bbox 2381 1362 2688 1408; x_wconf 88' lang='lat' dir='ltr'><strong>sanctorum</strong></span> <span class='ocrx_word' id='word_1_189' title='bbox 2734 1357 2973 1410; x_wconf 90' lang='lat' dir='ltr'><strong>virorum</strong></span> <span class='ocrx_word' id='word_1_190' title='bbox 3013 1360 3296 1428; x_wconf 83' lang='lat' dir='ltr'><strong>synodum,</strong></span> <span class='ocrx_word' id='word_1_191' title='bbox 3337 1361 3531 1415; x_wconf 89' lang='lat' dir='ltr'><strong>iterum</strong></span> <span class='ocrx_word' id='word_1_192' title='bbox 3559 1363 3618 1417; x_wconf 91' lang='lat' dir='ltr'><strong>in</strong></span> 
     </span>
    </p>
   </div>
   <div class='ocr_carea' id='block_1_31' title="bbox 2049 1439 3626 1518">
    <p class='ocr_par' dir='ltr' id='par_1_31' title="bbox 2049 1439 3626 1518">
     <span class='ocr_line' id='line_1_31' title="bbox 2049 1439 3626 1518; baseline 0.008 -27"><span class='ocrx_word' id='word_1_193' title='bbox 2049 1439 2195 1509; x_wconf 89' lang='lat' dir='ltr'><strong>regia</strong></span> <span class='ocrx_word' id='word_1_194' title='bbox 2220 1439 2318 1493; x_wconf 90' lang='lat' dir='ltr'><strong>hac</strong></span> <span class='ocrx_word' id='word_1_195' title='bbox 2338 1441 2470 1495; x_wconf 87' lang='lat' dir='ltr'><strong>urbe</strong></span> <span class='ocrx_word' id='word_1_196' title='bbox 2510 1453 2885 1512; x_wconf 88' lang='lat' dir='ltr'><strong>congregatam</strong></span> <span class='ocrx_word' id='word_1_197' title='bbox 2913 1460 3161 1510; x_wconf 89' lang='lat' dir='ltr'><strong>veneror,</strong></span> <span class='ocrx_word' id='word_1_198' title='bbox 3201 1461 3319 1516; x_wconf 72' lang='lat' dir='ltr'><strong>qua:</strong></span> <span class='ocrx_word' id='word_1_199' title='bbox 3340 1464 3438 1518; x_wconf 90' lang='lat' dir='ltr'><strong>pro</strong></span> <span class='ocrx_word' id='word_1_200' title='bbox 3468 1459 3626 1502; x_wconf 81' lang='lat' dir='ltr'><strong>natu-</strong></span> 
     </span>
    </p>
   </div>
   <div class='ocr_carea' id='block_1_32' title="bbox 2048 1521 3622 1607">
    <p class='ocr_par' dir='ltr' id='par_1_32' title="bbox 2048 1521 3622 1607">
     <span class='ocr_line' id='line_1_32' title="bbox 2048 1521 3622 1607; baseline 0.008 -26"><span class='ocrx_word' id='word_1_201' title='bbox 2048 1544 2230 1583; x_wconf 85' lang='lat' dir='ltr'><strong>rarum</strong></span> <span class='ocrx_word' id='word_1_202' title='bbox 2269 1528 2473 1584; x_wconf 83' lang='lat' dir='ltr'><strong>Christi</strong></span> <span class='ocrx_word' id='word_1_203' title='bbox 2502 1533 2730 1598; x_wconf 86' lang='lat' dir='ltr'><strong>ratione,</strong></span> <span class='ocrx_word' id='word_1_204' title='bbox 2760 1533 2999 1607; x_wconf 82' lang='lat' dir='ltr'><strong>ejusdem</strong></span> <span class='ocrx_word' id='word_1_205' title='bbox 3025 1521 3236 1605; x_wconf 84' lang='lat' dir='ltr'><strong>quoque</strong></span> <span class='ocrx_word' id='word_1_206' title='bbox 3265 1539 3622 1607; x_wconf 80' lang='lat' dir='ltr'><strong>proprietates</strong></span> 
     </span>
    </p>
   </div>
   <div class='ocr_carea' id='block_1_33' title="bbox 2047 1619 3620 1692">
    <p class='ocr_par' dir='ltr' id='par_1_33' title="bbox 2047 1619 3620 1692">
     <span class='ocr_line' id='line_1_33' title="bbox 2047 1619 3620 1692; baseline 0.008 -21"><span class='ocrx_word' id='word_1_207' title='bbox 2047 1619 2426 1689; x_wconf 88' lang='lat' dir='ltr'><strong>naturalesque</strong></span> <span class='ocrx_word' id='word_1_208' title='bbox 2471 1625 2831 1692; x_wconf 89' lang='lat' dir='ltr'><strong>operationes,</strong></span> <span class='ocrx_word' id='word_1_209' title='bbox 2870 1633 2926 1678; x_wconf 89' lang='lat' dir='ltr'><strong>et</strong></span> <span class='ocrx_word' id='word_1_210' title='bbox 2943 1625 3241 1680; x_wconf 73' lang='lat' dir='ltr'><strong>voluntates</strong></span> <span class='ocrx_word' id='word_1_211' title='bbox 3291 1629 3620 1683; x_wconf 83' lang='lat' dir='ltr'><strong>distinxitac</strong></span> 
     </span>
    </p>
   </div>
   <div class='ocr_carea' id='block_1_34' title="bbox 2045 1710 3620 1784">
    <p class='ocr_par' dir='ltr' id='par_1_34' title="bbox 2045 1710 3620 1784">
     <span class='ocr_line' id='line_1_34' title="bbox 2045 1710 3620 1784; baseline 0.007 -21"><span class='ocrx_word' id='word_1_212' title='bbox 2045 1710 2373 1777; x_wconf 70' lang='lat' dir='ltr'><strong>praedicavit,</strong></span> <span class='ocrx_word' id='word_1_213' title='bbox 2414 1718 2469 1765; x_wconf 90' lang='lat' dir='ltr'><strong>et</strong></span> <span class='ocrx_word' id='word_1_214' title='bbox 2511 1713 2850 1768; x_wconf 89' lang='lat' dir='ltr'><strong>Theodorum</strong></span> <span class='ocrx_word' id='word_1_215' title='bbox 2886 1715 3193 1784; x_wconf 75' lang='lat' dir='ltr'><strong>episcopum</strong></span> <span class='ocrx_word' id='word_1_216' title='bbox 3234 1716 3469 1784; x_wconf 89' lang='lat' dir='ltr'><strong>Pharan,</strong></span> <span class='ocrx_word' id='word_1_217' title='bbox 3511 1719 3620 1775; x_wconf 85' lang='lat' dir='ltr'><strong>Ho-</strong></span> 
     </span>
    </p>
   </div>
   <div class='ocr_carea' id='block_1_35' title="bbox 381 1779 1938 1881">
    <p class='ocr_par' dir='ltr' id='par_1_35' title="bbox 381 1779 1938 1881">
     <span class='ocr_line' id='line_1_35' title="bbox 381 1779 1938 1881; baseline 0.005 -18"><span class='ocrx_word' id='word_1_218' title='bbox 381 1807 471 1858; x_wconf 69' lang='grc' dir='ltr'><strong>καὶ</strong></span> <span class='ocrx_word' id='word_1_219' title='bbox 508 1779 711 1878; x_wconf 41' lang='grc' dir='ltr'>Πέτρον,</span> <span class='ocrx_word' id='word_1_220' title='bbox 747 1807 864 1866; x_wconf 77' lang='grc' dir='ltr'>τοὺς</span> <span class='ocrx_word' id='word_1_221' title='bbox 900 1811 1238 1881; x_wconf 77' lang='grc' dir='ltr'><strong>συγχωρήσει</strong></span> <span class='ocrx_word' id='word_1_222' title='bbox 1451 1779 1582 1868; x_wconf 71' lang='grc' dir='ltr'>κατά</span> <span class='ocrx_word' id='word_1_223' title='bbox 1605 1779 1715 1872; x_wconf 48' lang='grc' dir='ltr'>,τήν</span> <span class='ocrx_word' id='word_1_224' title='bbox 1749 1810 1938 1872; x_wconf 82' lang='grc' dir='ltr'>Ἐκκλη-</span> 
     </span>
    </p>
   </div>
   <div class='ocr_carea' id='block_1_36' title="bbox 2041 1779 3625 1881">
    <p class='ocr_par' dir='ltr' id='par_1_36' title="bbox 2049 1779 3625 1876">
     <span class='ocr_line' id='line_1_36' title="bbox 2049 1779 3625 1876; baseline 0.008 -26"><span class='ocrx_word' id='word_1_225' title='bbox 2049 1797 2280 1864; x_wconf 89' lang='lat' dir='ltr'><strong>norium,</strong></span> <span class='ocrx_word' id='word_1_226' title='bbox 2327 1798 2544 1870; x_wconf 89' lang='lat' dir='ltr'><strong>Cyrum,</strong></span> <span class='ocrx_word' id='word_1_227' title='bbox 2581 1801 2848 1872; x_wconf 79' lang='lat' dir='ltr'><strong>Sergium,</strong></span> <span class='ocrx_word' id='word_1_228' title='bbox 2900 1779 3187 1876; x_wconf 51' lang='lat' dir='ltr'><strong>Eyrrhum,</strong></span> <span class='ocrx_word' id='word_1_229' title='bbox 3236 1779 3478 1873; x_wconf 80' lang='lat' dir='ltr'><strong>Paulum,</strong></span> <span class='ocrx_word' id='word_1_230' title='bbox 3529 1808 3625 1863; x_wconf 82' lang='lat' dir='ltr'><strong>Pe-</strong></span> 
     </span>
    </p>
   </div>
   <div class='ocr_carea' id='block_1_37' title="bbox 377 1894 1948 1976">
    <p class='ocr_par' dir='ltr' id='par_1_37' title="bbox 377 1894 1948 1976">
     <span class='ocr_line' id='line_1_37' title="bbox 377 1894 1948 1976; baseline 0.006 -29"><span class='ocrx_word' id='word_1_231' title='bbox 377 1894 502 1948; x_wconf 84' lang='grc' dir='ltr'>σίαν</span> <span class='ocrx_word' id='word_1_232' title='bbox 552 1895 605 1946; x_wconf 85' lang='grc' dir='ltr'>έν</span> <span class='ocrx_word' id='word_1_233' title='bbox 644 1902 707 1968; x_wconf 77' lang='grc' dir='ltr'>τῇ</span> <span class='ocrx_word' id='word_1_234' title='bbox 763 1895 1011 1969; x_wconf 71' lang='grc' dir='ltr'>ἱερωσύνῃ</span> <span class='ocrx_word' id='word_1_235' title='bbox 1057 1900 1435 1974; x_wconf 73' lang='grc' dir='ltr'>εἰσφθαρένταςο</span> <span class='ocrx_word' id='word_1_236' title='bbox 1473 1899 1550 1957; x_wconf 64' lang='grc' dir='ltr'>ἔτι</span> <span class='ocrx_word' id='word_1_237' title='bbox 1577 1903 1660 1956; x_wconf 80' lang='grc' dir='ltr'><strong>καί</strong></span> <span class='ocrx_word' id='word_1_238' title='bbox 1685 1903 1948 1976; x_wconf 71' lang='grc' dir='ltr'>’Μακάριον</span> 
     </span>
    </p>
   </div>
   <div class='ocr_carea' id='block_1_38' title="bbox 382 1981 1947 2064">
    <p class='ocr_par' dir='ltr' id='par_1_38' title="bbox 382 1981 1947 2064">
     <span class='ocr_line' id='line_1_38' title="bbox 382 1981 1947 2064; baseline 0.005 -26"><span class='ocrx_word' id='word_1_239' title='bbox 382 1983 470 2038; x_wconf 75' lang='grc' dir='ltr'><strong>τόν</strong></span> <span class='ocrx_word' id='word_1_240' title='bbox 492 1981 807 2054; x_wconf 83' lang='grc' dir='ltr'>’Δντιοχείας</span> <span class='ocrx_word' id='word_1_241' title='bbox 855 1984 1203 2055; x_wconf 77' lang='grc' dir='ltr'>ὄνομασθέντα</span> <span class='ocrx_word' id='word_1_242' title='bbox 1259 1989 1540 2064; x_wconf 81' lang='grc' dir='ltr'><strong>πρόεδρον,</strong></span> <span class='ocrx_word' id='word_1_243' title='bbox 1580 1994 1666 2046; x_wconf 86' lang='grc' dir='ltr'><strong>καί</strong></span> <span class='ocrx_word' id='word_1_244' title='bbox 1709 1994 1947 2064; x_wconf 79' lang='grc' dir='ltr'>Στέφανον</span> 
     </span>
    </p>
   </div>
   <div class='ocr_carea' id='block_1_39' title="bbox 382 2077 1947 2155">
    <p class='ocr_par' dir='ltr' id='par_1_39' title="bbox 382 2077 1947 2155">
     <span class='ocr_line' id='line_1_39' title="bbox 382 2077 1947 2155; baseline 0.004 -23"><span class='ocrx_word' id='word_1_245' title='bbox 382 2077 470 2132; x_wconf 77' lang='grc' dir='ltr'><strong>τόν</strong></span> <span class='ocrx_word' id='word_1_246' title='bbox 517 2079 704 2134; x_wconf 82' lang='grc' dir='ltr'>τούτου</span> <span class='ocrx_word' id='word_1_247' title='bbox 749 2079 972 2148; x_wconf 75' lang='grc' dir='ltr'>μαθητήν</span> <span class='ocrx_word' id='word_1_248' title='bbox 994 2095 1009 2112; x_wconf 87' lang='grc'>⁶</span> <span class='ocrx_word' id='word_1_249' title='bbox 1050 2081 1178 2154; x_wconf 85' lang='grc' dir='ltr'>πρὸς</span> <span class='ocrx_word' id='word_1_250' title='bbox 1222 2081 1274 2136; x_wconf 83' lang='grc' dir='ltr'><strong>δέ</strong></span> <span class='ocrx_word' id='word_1_251' title='bbox 1325 2085 1406 2138; x_wconf 87' lang='grc' dir='ltr'><strong>καί</strong></span> <span class='ocrx_word' id='word_1_252' title='bbox 1455 2083 1821 2155; x_wconf 79' lang='grc' dir='ltr'>Πολυχρόνιον,</span> <span class='ocrx_word' id='word_1_253' title='bbox 1860 2085 1947 2138; x_wconf 84' lang='grc' dir='ltr'>τὸν</span> 
     </span>
    </p>
   </div>
   <div class='ocr_carea' id='block_1_40' title="bbox 386 2169 1946 2246">
    <p class='ocr_par' dir='ltr' id='par_1_40' title="bbox 386 2169 1946 2246">
     <span class='ocr_line' id='line_1_40' title="bbox 386 2169 1946 2246; baseline 0.003 -23"><span class='ocrx_word' id='word_1_254' title='bbox 386 2169 687 2240; x_wconf 70' lang='grc' dir='ltr'>νηπιόφρονα</span> <span class='ocrx_word' id='word_1_255' title='bbox 721 2169 953 2241; x_wconf 80' lang='grc' dir='ltr'>γέροντα⁶</span> <span class='ocrx_word' id='word_1_256' title='bbox 992 2169 1038 2224; x_wconf 74' lang='grc' dir='ltr'>οἳ</span> <span class='ocrx_word' id='word_1_257' title='bbox 1075 2169 1126 2225; x_wconf 73' lang='grc' dir='ltr'><strong>έν</strong></span> <span class='ocrx_word' id='word_1_258' title='bbox 1170 2173 1376 2243; x_wconf 75' lang='grc' dir='ltr'>θέλημα,</span> <span class='ocrx_word' id='word_1_259' title='bbox 1420 2176 1505 2228; x_wconf 88' lang='grc' dir='ltr'><strong>καί</strong></span> <span class='ocrx_word' id='word_1_260' title='bbox 1545 2175 1663 2246; x_wconf 86' lang='grc' dir='ltr'>μίαν</span> <span class='ocrx_word' id='word_1_261' title='bbox 1700 2175 1946 2246; x_wconf 73' lang='grc' dir='ltr'><strong>ἐνέργειαν</strong></span> 
     </span>
    </p>
   </div>
   <div class='ocr_carea' id='block_1_41' title="bbox 386 2257 1945 2336">
    <p class='ocr_par' dir='ltr' id='par_1_41' title="bbox 386 2257 1945 2336">
     <span class='ocr_line' id='line_1_41' title="bbox 386 2257 1945 2336; baseline 0.005 -27"><span class='ocrx_word' id='word_1_262' title='bbox 386 2257 474 2312; x_wconf 68' lang='grc' dir='ltr'><strong>ἐπὶ</strong></span> <span class='ocrx_word' id='word_1_263' title='bbox 518 2265 604 2313; x_wconf 82' lang='grc' dir='ltr'>τοῦ</span> <span class='ocrx_word' id='word_1_264' title='bbox 655 2266 882 2330; x_wconf 80' lang='grc' dir='ltr'><strong>Σωτῆρος</strong></span> <span class='ocrx_word' id='word_1_265' title='bbox 956 2260 1093 2331; x_wconf 79' lang='grc' dir='ltr'>ἡμῶν</span> <span class='ocrx_word' id='word_1_266' title='bbox 1151 2260 1381 2336; x_wconf 77' lang='grc' dir='ltr'>Χριστοῦ</span> <span class='ocrx_word' id='word_1_267' title='bbox 1434 2263 1520 2315; x_wconf 87' lang='grc' dir='ltr'><strong>καί</strong></span> <span class='ocrx_word' id='word_1_268' title='bbox 1577 2268 1704 2316; x_wconf 83' lang='grc' dir='ltr'>Θεοῦ</span> <span class='ocrx_word' id='word_1_269' title='bbox 1771 2261 1945 2326; x_wconf 79' lang='grc' dir='ltr'>ἐδόξα-</span> 
     </span>
    </p>
   </div>
   <div class='ocr_carea' id='block_1_42' title="bbox 381 2350 491 2410">
    <p class='ocr_par' dir='ltr' id='par_1_42' title="bbox 381 2350 491 2410">
     <span class='ocr_line' id='line_1_42' title="bbox 381 2350 491 2410; baseline 0.027 -11"><span class='ocrx_word' id='word_1_270' title='bbox 381 2350 491 2410; x_wconf 74' lang='grc' dir='ltr'>ζον.</span> 
     </span>
    </p>
   </div>
   <div class='ocr_carea' id='block_1_43' title="bbox 448 2521 1946 2596">
    <p class='ocr_par' dir='ltr' id='par_1_43' title="bbox 448 2521 1946 2596">
     <span class='ocr_line' id='line_1_43' title="bbox 448 2521 1946 2596; baseline -0.001 -19"><span class='ocrx_word' id='word_1_271' title='bbox 448 2525 563 2578; x_wconf 81' lang='grc' dir='ltr'>Ἐπί</span> <span class='ocrx_word' id='word_1_272' title='bbox 597 2521 784 2584; x_wconf 87' lang='grc' dir='ltr'>ταύτης</span> <span class='ocrx_word' id='word_1_273' title='bbox 814 2523 867 2580; x_wconf 88' lang='grc' dir='ltr'><strong>δέ</strong></span> <span class='ocrx_word' id='word_1_274' title='bbox 906 2525 1053 2580; x_wconf 88' lang='grc' dir='ltr'>πάλιν</span> <span class='ocrx_word' id='word_1_275' title='bbox 1079 2527 1165 2579; x_wconf 87' lang='grc' dir='ltr'><strong>καί</strong></span> <span class='ocrx_word' id='word_1_276' title='bbox 1200 2527 1330 2596; x_wconf 86' lang='grc' dir='ltr'>μετᾶ</span> <span class='ocrx_word' id='word_1_277' title='bbox 1357 2529 1522 2579; x_wconf 81' lang='grc' dir='ltr'>ταῦτα</span> <span class='ocrx_word' id='word_1_278' title='bbox 1548 2527 1637 2583; x_wconf 68' lang='grc' dir='ltr'>τήν</span> <span class='ocrx_word' id='word_1_279' title='bbox 1665 2524 1714 2576; x_wconf 85' lang='grc' dir='ltr'><strong>έν</strong></span> <span class='ocrx_word' id='word_1_280' title='bbox 1755 2523 1946 2596; x_wconf 68' lang='grc' dir='ltr'>Νικαίᾳ</span> 
     </span>
    </p>
   </div>
   <div class='ocr_carea' id='block_1_44' title="bbox 382 2611 1943 2686">
    <p class='ocr_par' dir='ltr' id='par_1_44' title="bbox 382 2611 1943 2686">
     <span class='ocr_line' id='line_1_44' title="bbox 382 2611 1943 2686; baseline -0.001 -18"><span class='ocrx_word' id='word_1_281' title='bbox 382 2613 447 2668; x_wconf 80' lang='grc' dir='ltr'>τὸ</span> <span class='ocrx_word' id='word_1_282' title='bbox 477 2611 711 2686; x_wconf 75' lang='grc' dir='ltr'>δεύτερον</span> <span class='ocrx_word' id='word_1_283' title='bbox 748 2615 1086 2669; x_wconf 83' lang='grc' dir='ltr'>συνιλθοῦσαν</span> <span class='ocrx_word' id='word_1_284' title='bbox 1111 2621 1206 2668; x_wconf 84' lang='grc' dir='ltr'>τῶν</span> <span class='ocrx_word' id='word_1_285' title='bbox 1228 2615 1279 2668; x_wconf 76' lang='grc' dir='ltr'>ἐν</span> <span class='ocrx_word' id='word_1_286' title='bbox 1314 2620 1420 2674; x_wconf 87' lang='grc' dir='ltr'>τοῖς</span> <span class='ocrx_word' id='word_1_287' title='bbox 1445 2611 1553 2667; x_wconf 87' lang='grc' dir='ltr'>καθ’</span> <span class='ocrx_word' id='word_1_288' title='bbox 1573 2615 1706 2682; x_wconf 74' lang='grc' dir='ltr'>ἡμᾶς</span> <span class='ocrx_word' id='word_1_289' title='bbox 1732 2611 1943 2684; x_wconf 76' lang='grc' dir='ltr'><strong>χρόνοις</strong></span> 
     </span>
    </p>
   </div>
   <div class='ocr_carea' id='block_1_45' title="bbox 373 2702 1946 2780">
    <p class='ocr_par' dir='ltr' id='par_1_45' title="bbox 373 2702 1946 2780">
     <span class='ocr_line' id='line_1_45' title="bbox 373 2702 1946 2780; baseline -0.002 -22"><span class='ocrx_word' id='word_1_290' title='bbox 373 2705 455 2777; x_wconf 79' lang='grc' dir='ltr'>ρν⁶</span> <span class='ocrx_word' id='word_1_291' title='bbox 508 2705 735 2777; x_wconf 86' lang='grc' dir='ltr'>Πατέρων</span> <span class='ocrx_word' id='word_1_292' title='bbox 788 2703 1000 2775; x_wconf 73' lang='grc' dir='ltr'>ἑϐδόμην</span> <span class='ocrx_word' id='word_1_293' title='bbox 1037 2707 1122 2759; x_wconf 81' lang='grc' dir='ltr'><strong>καί</strong></span> <span class='ocrx_word' id='word_1_294' title='bbox 1157 2705 1290 2780; x_wconf 80' lang='grc' dir='ltr'>ἱερὰν</span> <span class='ocrx_word' id='word_1_295' title='bbox 1326 2702 1534 2758; x_wconf 82' lang='grc' dir='ltr'>σύνοδον</span> <span class='ocrx_word' id='word_1_296' title='bbox 1560 2744 1574 2768; x_wconf 93' lang='grc'><strong>,</strong></span> <span class='ocrx_word' id='word_1_297' title='bbox 1619 2705 1729 2762; x_wconf 77' lang='grc' dir='ltr'>ἥτις</span> <span class='ocrx_word' id='word_1_298' title='bbox 1773 2704 1946 2762; x_wconf 87' lang='grc' dir='ltr'>πάσας</span> 
     </span>
    </p>
   </div>
   <div class='ocr_carea' id='block_1_46' title="bbox 377 2791 1944 2866">
    <p class='ocr_par' dir='ltr' id='par_1_46' title="bbox 377 2791 1944 2866">
     <span class='ocr_line' id='line_1_46' title="bbox 377 2791 1944 2866; baseline -0.001 -19"><span class='ocrx_word' id='word_1_299' title='bbox 377 2795 476 2852; x_wconf 78' lang='grc' dir='ltr'><strong>τάς</strong></span> <span class='ocrx_word' id='word_1_300' title='bbox 506 2794 867 2864; x_wconf 67' lang='grc' dir='ltr'>προλαςούσας</span> <span class='ocrx_word' id='word_1_301' title='bbox 902 2793 1050 2866; x_wconf 82' lang='grc' dir='ltr'>ἁγίας</span> <span class='ocrx_word' id='word_1_302' title='bbox 1087 2792 1330 2853; x_wconf 79' lang='grc' dir='ltr'>συνόδους</span> <span class='ocrx_word' id='word_1_303' title='bbox 1369 2793 1729 2866; x_wconf 81' lang='grc' dir='ltr'>έπεσφρὰγισε,</span> <span class='ocrx_word' id='word_1_304' title='bbox 1757 2794 1845 2846; x_wconf 80' lang='grc' dir='ltr'><strong>καί</strong></span> <span class='ocrx_word' id='word_1_305' title='bbox 1880 2791 1944 2846; x_wconf 83' lang='grc' dir='ltr'><strong>τά</strong></span> 
     </span>
    </p>
   </div>
   <div class='ocr_carea' id='block_1_47' title="bbox 374 2867 1944 2957">
    <p class='ocr_par' dir='ltr' id='par_1_47' title="bbox 374 2879 1944 2957">
     <span class='ocr_line' id='line_1_47' title="bbox 374 2879 1944 2957; baseline -0.001 -22"><span class='ocrx_word' id='word_1_306' title='bbox 374 2883 579 2936; x_wconf 79' lang='grc' dir='ltr'>τούτων</span> <span class='ocrx_word' id='word_1_307' title='bbox 613 2879 861 2953; x_wconf 88' lang='grc' dir='ltr'>δόγματα,</span> <span class='ocrx_word' id='word_1_308' title='bbox 901 2889 1000 2937; x_wconf 80' lang='grc' dir='ltr'>τῶν</span> <span class='ocrx_word' id='word_1_309' title='bbox 1046 2888 1248 2938; x_wconf 82' lang='grc' dir='ltr'>σεπτῶν</span> <span class='ocrx_word' id='word_1_310' title='bbox 1294 2883 1380 2935; x_wconf 83' lang='grc' dir='ltr'><strong>καί</strong></span> <span class='ocrx_word' id='word_1_311' title='bbox 1425 2881 1563 2957; x_wconf 75' lang='grc' dir='ltr'>ἱερῶν</span> <span class='ocrx_word' id='word_1_312' title='bbox 1608 2880 1806 2934; x_wconf 79' lang='grc' dir='ltr'><strong>εἰκόνων</strong></span> <span class='ocrx_word' id='word_1_313' title='bbox 1855 2885 1944 2938; x_wconf 69' lang='grc' dir='ltr'>τήν</span> 
     </span>
    </p>
   </div>
   <div class='ocr_carea' id='block_1_48' title="bbox 372 2963 1943 3044">
    <p class='ocr_par' dir='ltr' id='par_1_48' title="bbox 372 2963 1943 3044">
     <span class='ocr_line' id='line_1_48' title="bbox 372 2963 1943 3044; baseline -0.001 -22"><span class='ocrx_word' id='word_1_314' title='bbox 372 2971 608 3042; x_wconf 77' lang='grc' dir='ltr'><strong>ἀρχῆθεν</strong></span> <span class='ocrx_word' id='word_1_315' title='bbox 667 2963 1071 3044; x_wconf 65' lang='grc' dir='ltr'>παραδεδομένπλ</span> <span class='ocrx_word' id='word_1_316' title='bbox 1139 2979 1202 3040; x_wconf 79' lang='grc' dir='ltr'><strong>τῇ</strong></span> <span class='ocrx_word' id='word_1_317' title='bbox 1257 2969 1527 3040; x_wconf 67' lang='grc' dir='ltr'>Ἐκκλησία</span> <span class='ocrx_word' id='word_1_318' title='bbox 1599 2965 1943 3042; x_wconf 73' lang='grc' dir='ltr'><strong>προσκύνησιν</strong></span> 
     </span>
    </p>
   </div>
   <div class='ocr_carea' id='block_1_49' title="bbox 373 3054 1938 3136">
    <p class='ocr_par' dir='ltr' id='par_1_49' title="bbox 373 3054 1938 3136">
     <span class='ocr_line' id='line_1_49' title="bbox 373 3054 1938 3136; baseline -0.004 -19"><span class='ocrx_word' id='word_1_319' title='bbox 373 3061 668 3126; x_wconf 72' lang='grc' dir='ltr'>ἀνεδέξατο,</span> <span class='ocrx_word' id='word_1_320' title='bbox 707 3059 930 3136; x_wconf 77' lang='grc' dir='ltr'>ὁρίσασα</span> <span class='ocrx_word' id='word_1_321' title='bbox 969 3061 1332 3136; x_wconf 77' lang='grc' dir='ltr'><strong>παραπλησίως</strong></span> <span class='ocrx_word' id='word_1_322' title='bbox 1367 3060 1524 3118; x_wconf 76' lang='grc' dir='ltr'>αὐτάς</span> <span class='ocrx_word' id='word_1_323' title='bbox 1567 3054 1640 3126; x_wconf 77' lang='grc' dir='ltr'>τῷ</span> <span class='ocrx_word' id='word_1_324' title='bbox 1678 3059 1824 3128; x_wconf 84' lang='grc' dir='ltr'>τύπῳ</span> <span class='ocrx_word' id='word_1_325' title='bbox 1853 3063 1938 3112; x_wconf 83' lang='grc' dir='ltr'>τοῦ</span> 
     </span>
    </p>
   </div>
   <div class='ocr_carea' id='block_1_50' title="bbox 370 3147 1936 3227">
    <p class='ocr_par' dir='ltr' id='par_1_50' title="bbox 370 3147 1936 3227">
     <span class='ocr_line' id='line_1_50' title="bbox 370 3147 1936 3227; baseline -0.006 -19"><span class='ocrx_word' id='word_1_326' title='bbox 370 3157 624 3217; x_wconf 75' lang='grc' dir='ltr'>ζωοποιοῦ</span> <span class='ocrx_word' id='word_1_327' title='bbox 695 3159 914 3225; x_wconf 82' lang='grc' dir='ltr'>σταυροῦ</span> <span class='ocrx_word' id='word_1_328' title='bbox 980 3153 1389 3227; x_wconf 71' lang='grc' dir='ltr'>προσκυνεῖσθαι.</span> <span class='ocrx_word' id='word_1_329' title='bbox 1459 3147 1791 3217; x_wconf 79' lang='grc' dir='ltr'>’Δπεϐἀλομεν</span> <span class='ocrx_word' id='word_1_330' title='bbox 1844 3155 1936 3207; x_wconf 78' lang='grc' dir='ltr'>τῆς</span> 
     </span>
    </p>
   </div>
   <div class='ocr_carea' id='block_1_51' title="bbox 371 3242 1936 3318">
    <p class='ocr_par' dir='ltr' id='par_1_51' title="bbox 371 3242 1936 3318">
     <span class='ocr_line' id='line_1_51' title="bbox 371 3242 1936 3318; baseline -0.004 -18"><span class='ocrx_word' id='word_1_331' title='bbox 371 3245 667 3306; x_wconf 66' lang='grc' dir='ltr'>Ἐκαλησίας</span> <span class='ocrx_word' id='word_1_332' title='bbox 701 3247 822 3306; x_wconf 80' lang='grc' dir='ltr'>τοὺς</span> <span class='ocrx_word' id='word_1_333' title='bbox 855 3243 928 3318; x_wconf 69' lang='grc' dir='ltr'><strong>ἐφ’</strong></span> <span class='ocrx_word' id='word_1_334' title='bbox 949 3243 1097 3317; x_wconf 77' lang='grc' dir='ltr'>ὕϐρει</span> <span class='ocrx_word' id='word_1_335' title='bbox 1133 3245 1216 3297; x_wconf 80' lang='grc' dir='ltr'><strong>καί</strong></span> <span class='ocrx_word' id='word_1_336' title='bbox 1262 3248 1584 3314; x_wconf 79' lang='grc' dir='ltr'>καταστροφῇ</span> <span class='ocrx_word' id='word_1_337' title='bbox 1627 3242 1819 3294; x_wconf 85' lang='grc' dir='ltr'>τούτων</span> <span class='ocrx_word' id='word_1_338' title='bbox 1858 3261 1936 3294; x_wconf 84' lang='grc' dir='ltr'>κε·</span> 
     </span>
    </p>
   </div>
   <div class='ocr_carea' id='block_1_52' title="bbox 362 3325 1933 3405">
    <p class='ocr_par' dir='ltr' id='par_1_52' title="bbox 362 3325 1933 3405">
     <span class='ocr_line' id='line_1_52' title="bbox 362 3325 1933 3405; baseline -0.003 -19"><span class='ocrx_word' id='word_1_339' title='bbox 362 3335 778 3405; x_wconf 76' lang='grc' dir='ltr'>νολογήσαντας,</span> <span class='ocrx_word' id='word_1_340' title='bbox 825 3333 913 3387; x_wconf 86' lang='grc' dir='ltr'><strong>καί</strong></span> <span class='ocrx_word' id='word_1_341' title='bbox 955 3327 1055 3388; x_wconf 73' lang='grc' dir='ltr'><strong>τῶν</strong></span> <span class='ocrx_word' id='word_1_342' title='bbox 1103 3325 1414 3404; x_wconf 73' lang='grc' dir='ltr'>Χριστιανῶν</span> <span class='ocrx_word' id='word_1_343' title='bbox 1467 3331 1933 3402; x_wconf 76' lang='grc' dir='ltr'>κατηγορήσαντας,</span> 
     </span>
    </p>
   </div>
   <div class='ocr_carea' id='block_1_53' title="bbox 376 3415 1932 3496">
    <p class='ocr_par' dir='ltr' id='par_1_53' title="bbox 376 3415 1932 3496">
     <span class='ocr_line' id='line_1_53' title="bbox 376 3415 1932 3496; baseline -0.004 -20"><span class='ocrx_word' id='word_1_344' title='bbox 376 3420 469 3477; x_wconf 81' lang='grc' dir='ltr'>ὅτι</span> <span class='ocrx_word' id='word_1_345' title='bbox 495 3424 562 3481; x_wconf 81' lang='grc' dir='ltr'>ὡς</span> <span class='ocrx_word' id='word_1_346' title='bbox 588 3425 713 3482; x_wconf 88' lang='grc' dir='ltr'>θεοῖς</span> <span class='ocrx_word' id='word_1_347' title='bbox 738 3423 912 3482; x_wconf 76' lang='grc' dir='ltr'>αὐτοῖς</span> <span class='ocrx_word' id='word_1_348' title='bbox 939 3421 1344 3496; x_wconf 80' lang='grc' dir='ltr'>προσικύνησαν³</span> <span class='ocrx_word' id='word_1_349' title='bbox 1373 3419 1613 3473; x_wconf 77' lang='grc' dir='ltr'>τουτέστι</span> <span class='ocrx_word' id='word_1_350' title='bbox 1641 3415 1932 3482; x_wconf 82' lang='grc' dir='ltr'>Θεοδόσιον,</span> 
     </span>
    </p>
   </div>
   <div class='ocr_carea' id='block_1_54' title="bbox 371 3509 1934 3592">
    <p class='ocr_par' dir='ltr' id='par_1_54' title="bbox 371 3509 1934 3592">
     <span class='ocr_line' id='line_1_54' title="bbox 371 3509 1934 3592; baseline -0.006 -20"><span class='ocrx_word' id='word_1_351' title='bbox 371 3517 661 3584; x_wconf 75' lang='grc' dir='ltr'>Βασίλειον,</span> <span class='ocrx_word' id='word_1_352' title='bbox 707 3519 953 3592; x_wconf 72' lang='grc' dir='ltr'>Σισίννιον,</span> <span class='ocrx_word' id='word_1_353' title='bbox 975 3517 1097 3575; x_wconf 75' lang='grc' dir='ltr'>τοὺς</span> <span class='ocrx_word' id='word_1_354' title='bbox 1149 3513 1438 3588; x_wconf 85' lang='grc' dir='ltr'>παροράσει</span> <span class='ocrx_word' id='word_1_355' title='bbox 1491 3515 1618 3566; x_wconf 85' lang='grc' dir='ltr'>Θεοῦ</span> <span class='ocrx_word' id='word_1_356' title='bbox 1671 3509 1934 3585; x_wconf 85' lang='grc' dir='ltr'>ίερατικῶν</span> 
     </span>
    </p>
   </div>
   <div class='ocr_carea' id='block_1_55' title="bbox 369 3604 866 3680">
    <p class='ocr_par' dir='ltr' id='par_1_55' title="bbox 369 3604 866 3680">
     <span class='ocr_line' id='line_1_55' title="bbox 369 3604 866 3680; baseline 0.002 -21"><span class='ocrx_word' id='word_1_357' title='bbox 369 3606 560 3680; x_wconf 70' lang='grc' dir='ltr'>θρόνων</span> <span class='ocrx_word' id='word_1_358' title='bbox 595 3604 866 3680; x_wconf 79' lang='grc' dir='ltr'>ἄρξαντας.</span> 
     </span>
    </p>
   </div>
   <div class='ocr_carea' id='block_1_56' title="bbox 453 3761 1934 3852">
    <p class='ocr_par' dir='ltr' id='par_1_56' title="bbox 453 3761 1934 3852">
     <span class='ocr_line' id='line_1_56' title="bbox 453 3761 1934 3852; baseline -0.002 -22"><span class='ocrx_word' id='word_1_359' title='bbox 453 3779 543 3830; x_wconf 68' lang='grc' dir='ltr'>καί</span> <span class='ocrx_word' id='word_1_360' title='bbox 567 3775 759 3838; x_wconf 84' lang='grc' dir='ltr'>ταύτας</span> <span class='ocrx_word' id='word_1_361' title='bbox 793 3777 887 3837; x_wconf 81' lang='grc' dir='ltr'>τὰς</span> <span class='ocrx_word' id='word_1_362' title='bbox 914 3775 1175 3852; x_wconf 76' lang='grc' dir='ltr'>εἰρημένας</span> <span class='ocrx_word' id='word_1_363' title='bbox 1203 3773 1346 3844; x_wconf 82' lang='grc' dir='ltr'>ἆγίας</span> <span class='ocrx_word' id='word_1_364' title='bbox 1392 3761 1735 3845; x_wconf 74' lang='grc' dir='ltr'>οἰκουμενικᾶς</span> <span class='ocrx_word' id='word_1_365' title='bbox 1781 3771 1934 3829; x_wconf 87' lang='grc' dir='ltr'>συνό-</span> 
     </span>
    </p>
   </div>
   <div class='ocr_carea' id='block_1_57' title="bbox 371 3863 1934 3934">
    <p class='ocr_par' dir='ltr' id='par_1_57' title="bbox 371 3863 1934 3934">
     <span class='ocr_line' id='line_1_57' title="bbox 371 3863 1934 3934; baseline 0 -18"><span class='ocrx_word' id='word_1_366' title='bbox 371 3863 502 3924; x_wconf 78' lang='grc' dir='ltr'>δους</span> <span class='ocrx_word' id='word_1_367' title='bbox 542 3864 883 3934; x_wconf 76' lang='grc' dir='ltr'>ἀποδέχομαι,</span> <span class='ocrx_word' id='word_1_368' title='bbox 911 3868 998 3919; x_wconf 81' lang='grc' dir='ltr'><strong>καί</strong></span> <span class='ocrx_word' id='word_1_369' title='bbox 1033 3866 1229 3920; x_wconf 83' lang='grc' dir='ltr'>πάντων</span> <span class='ocrx_word' id='word_1_370' title='bbox 1250 3870 1348 3918; x_wconf 86' lang='grc' dir='ltr'>τῶν</span> <span class='ocrx_word' id='word_1_371' title='bbox 1378 3863 1608 3934; x_wconf 72' lang='grc' dir='ltr'>ἐκκρίτων</span> <span class='ocrx_word' id='word_1_372' title='bbox 1646 3864 1732 3916; x_wconf 76' lang='grc' dir='ltr'><strong>καί</strong></span> <span class='ocrx_word' id='word_1_373' title='bbox 1767 3883 1934 3932; x_wconf 81' lang='grc' dir='ltr'>μακα-</span> 
     </span>
    </p>
   </div>
   <div class='ocr_carea' id='block_1_58' title="bbox 365 3949 1928 4026">
    <p class='ocr_par' dir='ltr' id='par_1_58' title="bbox 365 3949 1928 4026">
     <span class='ocr_line' id='line_1_58' title="bbox 365 3949 1928 4026; baseline 0 -22"><span class='ocrx_word' id='word_1_374' title='bbox 365 3954 498 4026; x_wconf 71' lang='grc' dir='ltr'>ρίων</span> <span class='ocrx_word' id='word_1_375' title='bbox 519 3953 746 4026; x_wconf 85' lang='grc' dir='ltr'>Πατέρων</span> <span class='ocrx_word' id='word_1_376' title='bbox 779 3953 844 4006; x_wconf 89' lang='grc' dir='ltr'><strong>τά</strong></span> <span class='ocrx_word' id='word_1_377' title='bbox 877 3972 932 4006; x_wconf 90' lang='grc' dir='ltr'><strong>τε</strong></span> <span class='ocrx_word' id='word_1_378' title='bbox 958 3949 1184 4024; x_wconf 88' lang='grc' dir='ltr'>δόγματα</span> <span class='ocrx_word' id='word_1_379' title='bbox 1218 3952 1308 4004; x_wconf 86' lang='grc' dir='ltr'>καί·</span> <span class='ocrx_word' id='word_1_380' title='bbox 1329 3953 1595 4018; x_wconf 80' lang='grc' dir='ltr'>πονὴματα</span> <span class='ocrx_word' id='word_1_381' title='bbox 1616 3951 1928 4021; x_wconf 82' lang='grc' dir='ltr'>ἀσπάζομαι,</span> 
     </span>
    </p>
   </div>
   <div class='ocr_carea' id='block_1_59' title="bbox 367 4041 1933 4115">
    <p class='ocr_par' dir='ltr' id='par_1_59' title="bbox 367 4041 1933 4115">
     <span class='ocr_line' id='line_1_59' title="bbox 367 4041 1933 4115; baseline 0.001 -17"><span class='ocrx_word' id='word_1_382' title='bbox 367 4044 450 4103; x_wconf 68' lang='grc' dir='ltr'>ὥς</span> <span class='ocrx_word' id='word_1_383' title='bbox 475 4041 792 4100; x_wconf 72' lang='grc' dir='ltr'>διδασκαλίαν</span> <span class='ocrx_word' id='word_1_384' title='bbox 822 4045 1153 4103; x_wconf 81' lang='grc' dir='ltr'>ἀνεπίληπτον</span> <span class='ocrx_word' id='word_1_385' title='bbox 1176 4045 1260 4098; x_wconf 77' lang='grc' dir='ltr'><strong>καί</strong></span> <span class='ocrx_word' id='word_1_386' title='bbox 1301 4045 1555 4115; x_wconf 82' lang='grc' dir='ltr'>σωτηρίας</span> <span class='ocrx_word' id='word_1_387' title='bbox 1591 4043 1830 4108; x_wconf 76' lang='grc' dir='ltr'>θεμέλιον,</span> <span class='ocrx_word' id='word_1_388' title='bbox 1854 4047 1933 4099; x_wconf 81' lang='grc' dir='ltr'><strong>καί</strong></span> 
     </span>
    </p>
   </div>
   <div class='ocr_carea' id='block_1_60' title="bbox 366 4130 1933 4207">
    <p class='ocr_par' dir='ltr' id='par_1_60' title="bbox 366 4130 1933 4207">
     <span class='ocr_line' id='line_1_60' title="bbox 366 4130 1933 4207; baseline -0.001 -22"><span class='ocrx_word' id='word_1_389' title='bbox 366 4130 466 4193; x_wconf 78' lang='grc' dir='ltr'>οὓς</span> <span class='ocrx_word' id='word_1_390' title='bbox 487 4135 517 4191; x_wconf 70' lang='grc' dir='ltr'><em>ἦ</em></span> <span class='ocrx_word' id='word_1_391' title='bbox 543 4133 768 4193; x_wconf 78' lang='grc' dir='ltr'>καθολική</span> <span class='ocrx_word' id='word_1_392' title='bbox 787 4133 1048 4193; x_wconf 85' lang='grc' dir='ltr'>Ἐκκλησία</span> <span class='ocrx_word' id='word_1_393' title='bbox 1073 4135 1340 4207; x_wconf 85' lang='grc' dir='ltr'>προσίεται</span> <span class='ocrx_word' id='word_1_394' title='bbox 1368 4131 1713 4202; x_wconf 83' lang='grc' dir='ltr'>ἀποδέχομαι,</span> <span class='ocrx_word' id='word_1_395' title='bbox 1735 4135 1820 4186; x_wconf 77' lang='grc' dir='ltr'><strong>καί</strong></span> <span class='ocrx_word' id='word_1_396' title='bbox 1845 4131 1933 4193; x_wconf 77' lang='grc' dir='ltr'>οὓς</span> 
     </span>
    </p>
   </div>
   <div class='ocr_carea' id='block_1_61' title="bbox 363 4217 1932 4296">
    <p class='ocr_par' dir='ltr' id='par_1_61' title="bbox 363 4217 1932 4296">
     <span class='ocr_line' id='line_1_61' title="bbox 363 4217 1932 4296; baseline 0.002 -23"><span class='ocrx_word' id='word_1_397' title='bbox 363 4221 716 4289; x_wconf 79' lang='grc' dir='ltr'>ἀποτρέπεται</span> <span class='ocrx_word' id='word_1_398' title='bbox 748 4223 1150 4296; x_wconf 77' lang='grc' dir='ltr'>ἀποστρέφομαι.</span> <span class='ocrx_word' id='word_1_399' title='bbox 1187 4217 1554 4288; x_wconf 79' lang='grc' dir='ltr'>’Λποϐοίλλομαι</span> <span class='ocrx_word' id='word_1_400' title='bbox 1591 4218 1644 4274; x_wconf 78' lang='grc' dir='ltr'><strong>δέ</strong></span> <span class='ocrx_word' id='word_1_401' title='bbox 1682 4223 1767 4274; x_wconf 82' lang='grc' dir='ltr'><strong>καί</strong></span> <span class='ocrx_word' id='word_1_402' title='bbox 1805 4242 1932 4276; x_wconf 87' lang='grc' dir='ltr'>παν-</span> 
     </span>
    </p>
   </div>
   <div class='ocr_carea' id='block_1_62' title="bbox 363 4309 1932 4386">
    <p class='ocr_par' dir='ltr' id='par_1_62' title="bbox 363 4309 1932 4386">
     <span class='ocr_line' id='line_1_62' title="bbox 363 4309 1932 4386; baseline 0.003 -22"><span class='ocrx_word' id='word_1_403' title='bbox 363 4309 525 4371; x_wconf 80' lang='grc' dir='ltr'>τελῶς</span> <span class='ocrx_word' id='word_1_404' title='bbox 552 4313 903 4386; x_wconf 78' lang='grc' dir='ltr'>ἀποτρέπομαι</span> <span class='ocrx_word' id='word_1_405' title='bbox 939 4315 1060 4372; x_wconf 81' lang='grc' dir='ltr'>τοὺς</span> <span class='ocrx_word' id='word_1_406' title='bbox 1096 4311 1197 4367; x_wconf 81' lang='grc' dir='ltr'>ἀπὸ</span> <span class='ocrx_word' id='word_1_407' title='bbox 1238 4314 1453 4382; x_wconf 84' lang='grc' dir='ltr'>Σίμωνος</span> <span class='ocrx_word' id='word_1_408' title='bbox 1492 4317 1583 4365; x_wconf 85' lang='grc' dir='ltr'>τοῦ</span> <span class='ocrx_word' id='word_1_409' title='bbox 1621 4309 1813 4384; x_wconf 76' lang='grc' dir='ltr'>Μάγου,</span> <span class='ocrx_word' id='word_1_410' title='bbox 1847 4315 1932 4368; x_wconf 83' lang='grc' dir='ltr'><strong>καί</strong></span> 
     </span>
    </p>
   </div>
   <div class='ocr_carea' id='block_1_63' title="bbox 2045 1887 3622 1963">
    <p class='ocr_par' dir='ltr' id='par_1_63' title="bbox 2045 1887 3622 1963">
     <span class='ocr_line' id='line_1_63' title="bbox 2045 1887 3622 1963; baseline 0.009 -25"><span class='ocrx_word' id='word_1_411' title='bbox 2045 1891 2208 1951; x_wconf 89' lang='lat' dir='ltr'><strong>trum,</strong></span> <span class='ocrx_word' id='word_1_412' title='bbox 2235 1887 2324 1955; x_wconf 90' lang='lat' dir='ltr'><strong>qui</strong></span> <span class='ocrx_word' id='word_1_413' title='bbox 2346 1890 2612 1958; x_wconf 90' lang='lat' dir='ltr'><strong>permissu</strong></span> <span class='ocrx_word' id='word_1_414' title='bbox 2632 1891 2724 1944; x_wconf 86' lang='lat' dir='ltr'><strong>Dei</strong></span> <span class='ocrx_word' id='word_1_415' title='bbox 2752 1908 2848 1961; x_wconf 91' lang='lat' dir='ltr'><strong>per</strong></span> <span class='ocrx_word' id='word_1_416' title='bbox 2873 1895 3271 1963; x_wconf 90' lang='lat' dir='ltr'><strong>corruptionem</strong></span> <span class='ocrx_word' id='word_1_417' title='bbox 3303 1905 3357 1949; x_wconf 90' lang='lat' dir='ltr'><strong>et</strong></span> <span class='ocrx_word' id='word_1_418' title='bbox 3379 1896 3622 1952; x_wconf 81' lang='lat' dir='ltr'><strong>fraudem</strong></span> 
     </span>
    </p>
   </div>
   <div class='ocr_carea' id='block_1_64' title="bbox 2045 1974 3624 2054">
    <p class='ocr_par' dir='ltr' id='par_1_64' title="bbox 2045 1974 3624 2054">
     <span class='ocr_line' id='line_1_64' title="bbox 2045 1974 3624 2054; baseline 0.01 -26"><span class='ocrx_word' id='word_1_419' title='bbox 2045 1974 2102 2029; x_wconf 89' lang='lat' dir='ltr'><strong>in</strong></span> <span class='ocrx_word' id='word_1_420' title='bbox 2131 1976 2385 2033; x_wconf 76' lang='lat' dir='ltr'><strong>Ecclesia:</strong></span> <span class='ocrx_word' id='word_1_421' title='bbox 2411 1982 2774 2036; x_wconf 88' lang='lat' dir='ltr'><strong>sacerdotium</strong></span> <span class='ocrx_word' id='word_1_422' title='bbox 2801 1985 3152 2054; x_wconf 89' lang='lat' dir='ltr'><strong>irrepserant,</strong></span> <span class='ocrx_word' id='word_1_423' title='bbox 3197 1987 3486 2042; x_wconf 84' lang='lat' dir='ltr'><strong>Macarium</strong></span> <span class='ocrx_word' id='word_1_424' title='bbox 3511 1989 3624 2044; x_wconf 84' lang='lat' dir='ltr'><strong>An-</strong></span> 
     </span>
    </p>
   </div>
   <div class='ocr_carea' id='block_1_65' title="bbox 2045 2070 3620 2149">
    <p class='ocr_par' dir='ltr' id='par_1_65' title="bbox 2045 2070 3620 2149">
     <span class='ocr_line' id='line_1_65' title="bbox 2045 2070 3620 2149; baseline 0.007 -26"><span class='ocrx_word' id='word_1_425' title='bbox 2045 2070 2257 2125; x_wconf 58' lang='lat' dir='ltr'><strong>tiochiae</strong></span> <span class='ocrx_word' id='word_1_426' title='bbox 2290 2072 2609 2139; x_wconf 82' lang='lat' dir='ltr'><strong>antistitem,</strong></span> <span class='ocrx_word' id='word_1_427' title='bbox 2636 2081 2690 2128; x_wconf 87' lang='lat' dir='ltr'><strong>et</strong></span> <span class='ocrx_word' id='word_1_428' title='bbox 2729 2073 3059 2143; x_wconf 86' lang='lat' dir='ltr'><strong>Stephanum</strong></span> <span class='ocrx_word' id='word_1_429' title='bbox 3113 2077 3330 2132; x_wconf 83' lang='lat' dir='ltr'><strong>Macarii</strong></span> <span class='ocrx_word' id='word_1_430' title='bbox 3387 2080 3620 2149; x_wconf 87' lang='lat' dir='ltr'><strong>discipu-</strong></span> 
     </span>
    </p>
   </div>
   <div class='ocr_carea' id='block_1_66' title="bbox 2045 2157 3616 2234">
    <p class='ocr_par' dir='ltr' id='par_1_66' title="bbox 2045 2157 3616 2234">
     <span class='ocr_line' id='line_1_66' title="bbox 2045 2157 3616 2234; baseline 0.008 -23"><span class='ocrx_word' id='word_1_431' title='bbox 2045 2157 2175 2224; x_wconf 90' lang='lat' dir='ltr'><strong>lum,</strong></span> <span class='ocrx_word' id='word_1_432' title='bbox 2203 2168 2258 2212; x_wconf 94' lang='lat' dir='ltr'><strong>et</strong></span> <span class='ocrx_word' id='word_1_433' title='bbox 2303 2159 2716 2229; x_wconf 81' lang='lat' dir='ltr'><strong>Polychronium</strong></span> <span class='ocrx_word' id='word_1_434' title='bbox 2745 2165 3001 2232; x_wconf 90' lang='lat' dir='ltr'><strong>puerilem</strong></span> <span class='ocrx_word' id='word_1_435' title='bbox 3041 2166 3392 2234; x_wconf 88' lang='lat' dir='ltr'><strong>insanumque</strong></span> <span class='ocrx_word' id='word_1_436' title='bbox 3431 2183 3616 2224; x_wconf 90' lang='lat' dir='ltr'><strong>senem</strong></span> 
     </span>
    </p>
   </div>
   <div class='ocr_carea' id='block_1_67' title="bbox 2043 2248 3621 2317">
    <p class='ocr_par' dir='ltr' id='par_1_67' title="bbox 2043 2248 3621 2317">
     <span class='ocr_line' id='line_1_67' title="bbox 2043 2248 3621 2317; baseline 0.007 -17"><span class='ocrx_word' id='word_1_437' title='bbox 2043 2248 2369 2302; x_wconf 82' lang='lat' dir='ltr'><strong>anathemati</strong></span> <span class='ocrx_word' id='word_1_438' title='bbox 2397 2249 2623 2317; x_wconf 88' lang='lat' dir='ltr'><strong>subjecit</strong></span> <span class='ocrx_word' id='word_1_439' title='bbox 2651 2267 2664 2305; x_wconf 89' lang='lat'><strong>:</strong></span> <span class='ocrx_word' id='word_1_440' title='bbox 2697 2267 2860 2304; x_wconf 91' lang='lat' dir='ltr'><strong>unam</strong></span> <span class='ocrx_word' id='word_1_441' title='bbox 2883 2253 3026 2306; x_wconf 90' lang='lat' dir='ltr'><strong>enim</strong></span> <span class='ocrx_word' id='word_1_442' title='bbox 3057 2254 3111 2306; x_wconf 90' lang='lat' dir='ltr'><strong>hi</strong></span> <span class='ocrx_word' id='word_1_443' title='bbox 3141 2255 3402 2309; x_wconf 79' lang='lat' dir='ltr'><strong>duntaxat</strong></span> <span class='ocrx_word' id='word_1_444' title='bbox 3433 2257 3621 2311; x_wconf 86' lang='lat' dir='ltr'><strong>volun-</strong></span> 
     </span>
    </p>
   </div>
   <div class='ocr_carea' id='block_1_68' title="bbox 2043 2343 3618 2421">
    <p class='ocr_par' dir='ltr' id='par_1_68' title="bbox 2043 2343 3618 2421">
     <span class='ocr_line' id='line_1_68' title="bbox 2043 2343 3618 2421; baseline 0.006 -27"><span class='ocrx_word' id='word_1_445' title='bbox 2043 2347 2230 2407; x_wconf 88' lang='lat' dir='ltr'><strong>tatem,</strong></span> <span class='ocrx_word' id='word_1_446' title='bbox 2263 2357 2528 2412; x_wconf 90' lang='lat' dir='ltr'><strong>unamque</strong></span> <span class='ocrx_word' id='word_1_447' title='bbox 2566 2345 2934 2412; x_wconf 85' lang='lat' dir='ltr'><strong>operationem</strong></span> <span class='ocrx_word' id='word_1_448' title='bbox 2975 2343 3191 2421; x_wconf 87' lang='lat' dir='ltr'><strong>Christo</strong></span> <span class='ocrx_word' id='word_1_449' title='bbox 3219 2345 3493 2404; x_wconf 83' lang='lat' dir='ltr'><strong>Servatori</strong></span> <span class='ocrx_word' id='word_1_450' title='bbox 3517 2359 3618 2404; x_wconf 82' lang='lat' dir='ltr'><strong>no-</strong></span> 
     </span>
    </p>
   </div>
   <div class='ocr_carea' id='block_1_69' title="bbox 2043 2433 2992 2492">
    <p class='ocr_par' dir='ltr' id='par_1_69' title="bbox 2043 2433 2992 2492">
     <span class='ocr_line' id='line_1_69' title="bbox 2043 2433 2992 2492; baseline 0.004 -6"><span class='ocrx_word' id='word_1_451' title='bbox 2043 2439 2158 2486; x_wconf 89' lang='lat' dir='ltr'><strong>stro</strong></span> <span class='ocrx_word' id='word_1_452' title='bbox 2187 2433 2525 2488; x_wconf 86' lang='lat' dir='ltr'><strong>tribuendam</strong></span> <span class='ocrx_word' id='word_1_453' title='bbox 2559 2449 2682 2489; x_wconf 88' lang='lat' dir='ltr'><strong>esse</strong></span> <span class='ocrx_word' id='word_1_454' title='bbox 2707 2436 2992 2492; x_wconf 87' lang='lat' dir='ltr'><strong>docebant.</strong></span> 
     </span>
    </p>
   </div>
   <div class='ocr_carea' id='block_1_70' title="bbox 2111 2520 3617 2592">
    <p class='ocr_par' dir='ltr' id='par_1_70' title="bbox 2111 2520 3617 2592">
     <span class='ocr_line' id='line_1_70' title="bbox 2111 2520 3617 2592; baseline 0.007 -18"><span class='ocrx_word' id='word_1_455' title='bbox 2111 2520 2331 2588; x_wconf 84' lang='lat' dir='ltr'><strong>Becipio</strong></span> <span class='ocrx_word' id='word_1_456' title='bbox 2361 2520 2577 2576; x_wconf 87' lang='lat' dir='ltr'><strong>tandem</strong></span> <span class='ocrx_word' id='word_1_457' title='bbox 2626 2524 2910 2592; x_wconf 90' lang='lat' dir='ltr'><strong>septimam</strong></span> <span class='ocrx_word' id='word_1_458' title='bbox 2933 2537 3142 2579; x_wconf 86' lang='lat' dir='ltr'><strong>sacram</strong></span> <span class='ocrx_word' id='word_1_459' title='bbox 3182 2526 3284 2580; x_wconf 69' lang='lat'><strong>150</strong></span> <span class='ocrx_word' id='word_1_460' title='bbox 3311 2537 3617 2585; x_wconf 89' lang='lat' dir='ltr'><strong>sanctorum</strong></span> 
     </span>
    </p>
   </div>
   <div class='ocr_carea' id='block_1_71' title="bbox 2041 2610 3615 2686">
    <p class='ocr_par' dir='ltr' id='par_1_71' title="bbox 2041 2610 3615 2686">
     <span class='ocr_line' id='line_1_71' title="bbox 2041 2610 3615 2686; baseline 0.005 -21"><span class='ocrx_word' id='word_1_461' title='bbox 2041 2610 2266 2686; x_wconf 75' lang='lat' dir='ltr'><strong>Patrum</strong></span> <span class='ocrx_word' id='word_1_462' title='bbox 2294 2613 2556 2681; x_wconf 85' lang='lat' dir='ltr'><strong>synodum</strong></span> <span class='ocrx_word' id='word_1_463' title='bbox 2598 2621 2785 2666; x_wconf 89' lang='lat' dir='ltr'><strong>nostro</strong></span> <span class='ocrx_word' id='word_1_464' title='bbox 2819 2615 2922 2669; x_wconf 89' lang='lat' dir='ltr'><strong>hoc</strong></span> <span class='ocrx_word' id='word_1_465' title='bbox 2957 2631 3070 2669; x_wconf 66' lang='grc' dir='ltr'>αξιό</span> <span class='ocrx_word' id='word_1_466' title='bbox 3099 2615 3150 2669; x_wconf 91' lang='lat' dir='ltr'><strong>in</strong></span> <span class='ocrx_word' id='word_1_467' title='bbox 3181 2617 3394 2672; x_wconf 89' lang='lat' dir='ltr'><strong>civitate</strong></span> <span class='ocrx_word' id='word_1_468' title='bbox 3439 2618 3615 2674; x_wconf 79' lang='lat' dir='ltr'><strong>Nicaea</strong></span> 
     </span>
    </p>
   </div>
   <div class='ocr_carea' id='block_1_72' title="bbox 2042 2701 3608 2774">
    <p class='ocr_par' dir='ltr' id='par_1_72' title="bbox 2042 2701 3608 2774">
     <span class='ocr_line' id='line_1_72' title="bbox 2042 2701 3608 2774; baseline 0.004 -19"><span class='ocrx_word' id='word_1_469' title='bbox 2042 2701 2216 2764; x_wconf 84' lang='lat' dir='ltr'><strong>denuo</strong></span> <span class='ocrx_word' id='word_1_470' title='bbox 2246 2701 2591 2766; x_wconf 87' lang='lat' dir='ltr'><strong>celebratam,</strong></span> <span class='ocrx_word' id='word_1_471' title='bbox 2617 2717 2737 2771; x_wconf 72' lang='lat' dir='ltr'><strong>qua:</strong></span> <span class='ocrx_word' id='word_1_472' title='bbox 2773 2718 2960 2760; x_wconf 90' lang='lat' dir='ltr'><strong>omnes</strong></span> <span class='ocrx_word' id='word_1_473' title='bbox 3014 2707 3380 2774; x_wconf 77' lang='lat' dir='ltr'><strong>praecedentes</strong></span> <span class='ocrx_word' id='word_1_474' title='bbox 3425 2722 3608 2767; x_wconf 83' lang='lat' dir='ltr'><strong>sacras</strong></span> 
     </span>
    </p>
   </div>
   <div class='ocr_carea' id='block_1_73' title="bbox 2041 2791 3614 2862">
    <p class='ocr_par' dir='ltr' id='par_1_73' title="bbox 2041 2791 3614 2862">
     <span class='ocr_line' id='line_1_73' title="bbox 2041 2791 3614 2862; baseline 0.004 -17"><span class='ocrx_word' id='word_1_475' title='bbox 2041 2792 2273 2862; x_wconf 87' lang='lat' dir='ltr'><strong>synodos</strong></span> <span class='ocrx_word' id='word_1_476' title='bbox 2301 2806 2596 2859; x_wconf 88' lang='lat' dir='ltr'><strong>earumque</strong></span> <span class='ocrx_word' id='word_1_477' title='bbox 2638 2791 2890 2862; x_wconf 79' lang='lat' dir='ltr'><strong>dogmata</strong></span> <span class='ocrx_word' id='word_1_478' title='bbox 2918 2809 2982 2847; x_wconf 94' lang='lat' dir='ltr'><strong>ac</strong></span> <span class='ocrx_word' id='word_1_479' title='bbox 3019 2794 3232 2848; x_wconf 87' lang='lat' dir='ltr'><strong>decreta</strong></span> <span class='ocrx_word' id='word_1_480' title='bbox 3273 2795 3614 2852; x_wconf 82' lang='lat' dir='ltr'><strong>conﬁrmavit</strong></span> 
     </span>
    </p>
   </div>
   <div class='ocr_carea' id='block_1_74' title="bbox 2041 2881 3617 2952">
    <p class='ocr_par' dir='ltr' id='par_1_74' title="bbox 2041 2881 3617 2952">
     <span class='ocr_line' id='line_1_74' title="bbox 2041 2881 3617 2952; baseline 0.004 -18"><span class='ocrx_word' id='word_1_481' title='bbox 2041 2887 2094 2934; x_wconf 94' lang='lat' dir='ltr'><strong>et</strong></span> <span class='ocrx_word' id='word_1_482' title='bbox 2119 2882 2514 2948; x_wconf 89' lang='lat' dir='ltr'><strong>quodammodo</strong></span> <span class='ocrx_word' id='word_1_483' title='bbox 2535 2881 2863 2951; x_wconf 79' lang='lat' dir='ltr'><strong>obsignavit,</strong></span> <span class='ocrx_word' id='word_1_484' title='bbox 2893 2897 3277 2952; x_wconf 89' lang='lat' dir='ltr'><strong>sacrarumque</strong></span> <span class='ocrx_word' id='word_1_485' title='bbox 3298 2901 3362 2938; x_wconf 75' lang='lat' dir='ltr'><strong>ac</strong></span> <span class='ocrx_word' id='word_1_486' title='bbox 3390 2901 3617 2940; x_wconf 82' lang='lat' dir='ltr'><strong>venera-</strong></span> 
     </span>
    </p>
   </div>
   <div class='ocr_carea' id='block_1_75' title="bbox 2039 2967 3616 3038">
    <p class='ocr_par' dir='ltr' id='par_1_75' title="bbox 2039 2967 3616 3038">
     <span class='ocr_line' id='line_1_75' title="bbox 2039 2967 3616 3038; baseline 0.003 -17"><span class='ocrx_word' id='word_1_487' title='bbox 2039 2967 2228 3021; x_wconf 86' lang='lat' dir='ltr'><strong>bilium</strong></span> <span class='ocrx_word' id='word_1_488' title='bbox 2273 2968 2572 3037; x_wconf 81' lang='lat' dir='ltr'><strong>imaginum</strong></span> <span class='ocrx_word' id='word_1_489' title='bbox 2611 2968 2812 3022; x_wconf 91' lang='lat' dir='ltr'><strong>cultum</strong></span> <span class='ocrx_word' id='word_1_490' title='bbox 2840 2969 3316 3038; x_wconf 88' lang='lat' dir='ltr'><strong>adorationemque</strong></span> <span class='ocrx_word' id='word_1_491' title='bbox 3337 2969 3451 3038; x_wconf 87' lang='lat' dir='ltr'><strong>jam</strong></span> <span class='ocrx_word' id='word_1_492' title='bbox 3493 2973 3616 3026; x_wconf 81' lang='lat' dir='ltr'><strong>inde</strong></span> 
     </span>
    </p>
   </div>
   <div class='ocr_carea' id='block_1_76' title="bbox 2040 3057 3604 3130">
    <p class='ocr_par' dir='ltr' id='par_1_76' title="bbox 2040 3057 3604 3130">
     <span class='ocr_line' id='line_1_76' title="bbox 2040 3057 3604 3130; baseline 0.004 -21"><span class='ocrx_word' id='word_1_493' title='bbox 2040 3057 2108 3110; x_wconf 90' lang='lat' dir='ltr'><strong>ab</strong></span> <span class='ocrx_word' id='word_1_494' title='bbox 2129 3057 2280 3111; x_wconf 89' lang='lat' dir='ltr'><strong>initio</strong></span> <span class='ocrx_word' id='word_1_495' title='bbox 2302 3057 2556 3112; x_wconf 90' lang='lat' dir='ltr'><strong>Ecclesiis</strong></span> <span class='ocrx_word' id='word_1_496' title='bbox 2587 3059 2838 3111; x_wconf 75' lang='lat' dir='ltr'><strong>traditam</strong></span> <span class='ocrx_word' id='word_1_497' title='bbox 2864 3060 3101 3128; x_wconf 88' lang='lat' dir='ltr'><strong>suscepit</strong></span> <span class='ocrx_word' id='word_1_498' title='bbox 3116 3059 3466 3130; x_wconf 81' lang='lat' dir='ltr'><strong>deﬁnivitque</strong></span> <span class='ocrx_word' id='word_1_499' title='bbox 3495 3077 3604 3115; x_wconf 85' lang='lat' dir='ltr'><strong>non</strong></span> 
     </span>
    </p>
   </div>
   <div class='ocr_carea' id='block_1_77' title="bbox 2038 3149 3609 3220">
    <p class='ocr_par' dir='ltr' id='par_1_77' title="bbox 2038 3149 3609 3220">
     <span class='ocr_line' id='line_1_77' title="bbox 2038 3149 3609 3220; baseline 0.003 -20"><span class='ocrx_word' id='word_1_500' title='bbox 2038 3162 2194 3202; x_wconf 90' lang='lat' dir='ltr'><strong>secus</strong></span> <span class='ocrx_word' id='word_1_501' title='bbox 2212 3149 2544 3202; x_wconf 87' lang='lat' dir='ltr'><strong>venerandas</strong></span> <span class='ocrx_word' id='word_1_502' title='bbox 2571 3163 2692 3202; x_wconf 92' lang='lat' dir='ltr'><strong>esse</strong></span> <span class='ocrx_word' id='word_1_503' title='bbox 2717 3156 2878 3218; x_wconf 88' lang='lat' dir='ltr'><strong>atque</strong></span> <span class='ocrx_word' id='word_1_504' title='bbox 2901 3149 3129 3203; x_wconf 73' lang='lat' dir='ltr'><strong>viviﬁcze</strong></span> <span class='ocrx_word' id='word_1_505' title='bbox 3156 3151 3332 3204; x_wconf 92' lang='lat' dir='ltr'><strong>crucis</strong></span> <span class='ocrx_word' id='word_1_506' title='bbox 3359 3151 3609 3220; x_wconf 72' lang='lat' dir='ltr'><strong>efﬁgiem.</strong></span> 
     </span>
    </p>
   </div>
   <div class='ocr_carea' id='block_1_78' title="bbox 2033 3237 3606 3307">
    <p class='ocr_par' dir='ltr' id='par_1_78' title="bbox 2033 3237 3606 3307">
     <span class='ocr_line' id='line_1_78' title="bbox 2033 3237 3606 3307; baseline 0.002 -15"><span class='ocrx_word' id='word_1_507' title='bbox 2033 3237 2137 3292; x_wconf 90' lang='lat' dir='ltr'><strong>Eos</strong></span> <span class='ocrx_word' id='word_1_508' title='bbox 2187 3237 2410 3307; x_wconf 90' lang='lat' dir='ltr'><strong>proinde</strong></span> <span class='ocrx_word' id='word_1_509' title='bbox 2469 3253 2537 3292; x_wconf 79' lang='lat' dir='ltr'><strong>ex</strong></span> <span class='ocrx_word' id='word_1_510' title='bbox 2579 3237 2834 3293; x_wconf 87' lang='lat' dir='ltr'><strong>Ecclesiis</strong></span> <span class='ocrx_word' id='word_1_511' title='bbox 2865 3238 3128 3305; x_wconf 85' lang='lat' dir='ltr'><strong>ejieimus,</strong></span> <span class='ocrx_word' id='word_1_512' title='bbox 3167 3239 3258 3307; x_wconf 88' lang='lat' dir='ltr'><strong>qui</strong></span> <span class='ocrx_word' id='word_1_513' title='bbox 3313 3239 3366 3292; x_wconf 91' lang='lat' dir='ltr'><strong>in</strong></span> <span class='ocrx_word' id='word_1_514' title='bbox 3415 3241 3606 3295; x_wconf 88' lang='lat' dir='ltr'><strong>harum</strong></span> 
     </span>
    </p>
   </div>
   <div class='ocr_carea' id='block_1_79' title="bbox 2033 3326 3613 3398">
    <p class='ocr_par' dir='ltr' id='par_1_79' title="bbox 2033 3326 3613 3398">
     <span class='ocr_line' id='line_1_79' title="bbox 2033 3326 3613 3398; baseline 0.002 -17"><span class='ocrx_word' id='word_1_515' title='bbox 2033 3326 2404 3382; x_wconf 89' lang='lat' dir='ltr'><strong>contumeliam</strong></span> <span class='ocrx_word' id='word_1_516' title='bbox 2434 3335 2488 3380; x_wconf 92' lang='lat' dir='ltr'><strong>et</strong></span> <span class='ocrx_word' id='word_1_517' title='bbox 2515 3328 2850 3382; x_wconf 80' lang='lat' dir='ltr'><strong>eversionem</strong></span> <span class='ocrx_word' id='word_1_518' title='bbox 2899 3327 3039 3382; x_wconf 83' lang='lat' dir='ltr'><strong>futili</strong></span> <span class='ocrx_word' id='word_1_519' title='bbox 3093 3329 3411 3398; x_wconf 79' lang='lat' dir='ltr'><strong>garrulitate</strong></span> <span class='ocrx_word' id='word_1_520' title='bbox 3454 3328 3613 3384; x_wconf 74' lang='lat' dir='ltr'><strong>Chri-</strong></span> 
     </span>
    </p>
   </div>
   <div class='ocr_carea' id='block_1_80' title="bbox 2033 3418 3610 3488">
    <p class='ocr_par' dir='ltr' id='par_1_80' title="bbox 2033 3418 3610 3488">
     <span class='ocr_line' id='line_1_80' title="bbox 2033 3418 3610 3488; baseline 0.003 -15"><span class='ocrx_word' id='word_1_521' title='bbox 2033 3418 2222 3473; x_wconf 88' lang='lat' dir='ltr'><strong>stianis</strong></span> <span class='ocrx_word' id='word_1_522' title='bbox 2247 3419 2530 3484; x_wconf 89' lang='lat' dir='ltr'><strong>insultant,</strong></span> <span class='ocrx_word' id='word_1_523' title='bbox 2573 3421 2726 3488; x_wconf 91' lang='lat' dir='ltr'><strong>quasi</strong></span> <span class='ocrx_word' id='word_1_524' title='bbox 2763 3421 2984 3475; x_wconf 90' lang='lat' dir='ltr'><strong>deorum</strong></span> <span class='ocrx_word' id='word_1_525' title='bbox 3023 3422 3142 3476; x_wconf 93' lang='lat' dir='ltr'><strong>loco</strong></span> <span class='ocrx_word' id='word_1_526' title='bbox 3197 3423 3458 3477; x_wconf 88' lang='lat' dir='ltr'><strong>hactenus</strong></span> <span class='ocrx_word' id='word_1_527' title='bbox 3493 3423 3610 3478; x_wconf 62' lang='lat' dir='ltr'><strong>illa:</strong></span> 
     </span>
    </p>
   </div>
   <div class='ocr_carea' id='block_1_81' title="bbox 2030 3507 3611 3577">
    <p class='ocr_par' dir='ltr' id='par_1_81' title="bbox 2030 3507 3611 3577">
     <span class='ocr_line' id='line_1_81' title="bbox 2030 3507 3611 3577; baseline 0.003 -16"><span class='ocrx_word' id='word_1_528' title='bbox 2030 3507 2260 3562; x_wconf 86' lang='lat' dir='ltr'><strong>habeant</strong></span> <span class='ocrx_word' id='word_1_529' title='bbox 2283 3516 2728 3577; x_wconf 87' lang='lat' dir='ltr'><strong>venerenturque,</strong></span> <span class='ocrx_word' id='word_1_530' title='bbox 2751 3509 2936 3577; x_wconf 89' lang='lat' dir='ltr'><strong>quales</strong></span> <span class='ocrx_word' id='word_1_531' title='bbox 2961 3519 3084 3564; x_wconf 92' lang='lat' dir='ltr'><strong>sunt</strong></span> <span class='ocrx_word' id='word_1_532' title='bbox 3111 3511 3444 3565; x_wconf 83' lang='lat' dir='ltr'><strong>Theodosius</strong></span> <span class='ocrx_word' id='word_1_533' title='bbox 3471 3551 3485 3576; x_wconf 92' lang='lat'><strong>,</strong></span> <span class='ocrx_word' id='word_1_534' title='bbox 3508 3512 3611 3566; x_wconf 88' lang='lat' dir='ltr'><strong>Ba-</strong></span> 
     </span>
    </p>
   </div>
   <div class='ocr_carea' id='block_1_82' title="bbox 2031 3595 3604 3670">
    <p class='ocr_par' dir='ltr' id='par_1_82' title="bbox 2031 3595 3604 3670">
     <span class='ocr_line' id='line_1_82' title="bbox 2031 3595 3604 3670; baseline 0.003 -21"><span class='ocrx_word' id='word_1_535' title='bbox 2031 3595 2202 3659; x_wconf 88' lang='lat' dir='ltr'><strong>silius,</strong></span> <span class='ocrx_word' id='word_1_536' title='bbox 2229 3603 2284 3650; x_wconf 93' lang='lat' dir='ltr'><strong>et</strong></span> <span class='ocrx_word' id='word_1_537' title='bbox 2311 3595 2606 3660; x_wconf 86' lang='lat' dir='ltr'><strong>Sisinnius,</strong></span> <span class='ocrx_word' id='word_1_538' title='bbox 2651 3597 2739 3666; x_wconf 92' lang='lat' dir='ltr'><strong>qui</strong></span> <span class='ocrx_word' id='word_1_539' title='bbox 2781 3599 2875 3652; x_wconf 88' lang='lat' dir='ltr'><strong>Dei</strong></span> <span class='ocrx_word' id='word_1_540' title='bbox 2913 3599 3266 3666; x_wconf 84' lang='lat' dir='ltr'><strong>permissione</strong></span> <span class='ocrx_word' id='word_1_541' title='bbox 3285 3600 3604 3670; x_wconf 88' lang='lat' dir='ltr'><strong>episcopali-</strong></span> 
     </span>
    </p>
   </div>
   <div class='ocr_carea' id='block_1_83' title="bbox 2029 3682 2657 3754">
    <p class='ocr_par' dir='ltr' id='par_1_83' title="bbox 2029 3682 2657 3754">
     <span class='ocr_line' id='line_1_83' title="bbox 2029 3682 2657 3754; baseline 0 -16"><span class='ocrx_word' id='word_1_542' title='bbox 2029 3682 2130 3738; x_wconf 89' lang='lat' dir='ltr'><strong>bus</strong></span> <span class='ocrx_word' id='word_1_543' title='bbox 2145 3685 2362 3739; x_wconf 89' lang='lat' dir='ltr'><strong>sedibus</strong></span> <span class='ocrx_word' id='word_1_544' title='bbox 2377 3684 2657 3754; x_wconf 82' lang='lat' dir='ltr'><strong>praefuere.</strong></span> 
     </span>
    </p>
   </div>
   <div class='ocr_carea' id='block_1_84' title="bbox 2099 3770 3605 3848">
    <p class='ocr_par' dir='ltr' id='par_1_84' title="bbox 2099 3770 3605 3848">
     <span class='ocr_line' id='line_1_84' title="bbox 2099 3770 3605 3848; baseline 0.006 -24"><span class='ocrx_word' id='word_1_545' title='bbox 2099 3770 2210 3826; x_wconf 78' lang='lat' dir='ltr'><strong>Ilas</strong></span> <span class='ocrx_word' id='word_1_546' title='bbox 2233 3773 2412 3841; x_wconf 90' lang='lat' dir='ltr'><strong>itaque</strong></span> <span class='ocrx_word' id='word_1_547' title='bbox 2440 3774 2724 3841; x_wconf 81' lang='lat' dir='ltr'><strong>praedictas</strong></span> <span class='ocrx_word' id='word_1_548' title='bbox 2749 3788 2932 3828; x_wconf 86' lang='lat' dir='ltr'><strong>sacras</strong></span> <span class='ocrx_word' id='word_1_549' title='bbox 2968 3783 3021 3828; x_wconf 90' lang='lat' dir='ltr'><strong>et</strong></span> <span class='ocrx_word' id='word_1_550' title='bbox 3045 3777 3404 3831; x_wconf 70' lang='lat' dir='ltr'><strong>meumenicas</strong></span> <span class='ocrx_word' id='word_1_551' title='bbox 3442 3791 3605 3848; x_wconf 88' lang='lat' dir='ltr'><strong>syno-</strong></span> 
     </span>
    </p>
   </div>
   <div class='ocr_carea' id='block_1_85' title="bbox 2030 3860 3608 3935">
    <p class='ocr_par' dir='ltr' id='par_1_85' title="bbox 2030 3860 3608 3935">
     <span class='ocr_line' id='line_1_85' title="bbox 2030 3860 3608 3935; baseline 0.005 -21"><span class='ocrx_word' id='word_1_552' title='bbox 2030 3860 2129 3914; x_wconf 90' lang='lat' dir='ltr'><strong>dos</strong></span> <span class='ocrx_word' id='word_1_553' title='bbox 2177 3863 2432 3931; x_wconf 90' lang='lat' dir='ltr'><strong>suscipio,</strong></span> <span class='ocrx_word' id='word_1_554' title='bbox 2485 3870 2540 3917; x_wconf 89' lang='lat' dir='ltr'><strong>et</strong></span> <span class='ocrx_word' id='word_1_555' title='bbox 2577 3864 2816 3917; x_wconf 89' lang='lat' dir='ltr'><strong>omnium</strong></span> <span class='ocrx_word' id='word_1_556' title='bbox 2875 3864 3170 3918; x_wconf 84' lang='lat' dir='ltr'><strong>electorum</strong></span> <span class='ocrx_word' id='word_1_557' title='bbox 3219 3865 3608 3935; x_wconf 85' lang='lat' dir='ltr'><strong>beatorumque</strong></span> 
     </span>
    </p>
   </div>
   <div class='ocr_carea' id='block_1_86' title="bbox 2029 3948 3604 4020">
    <p class='ocr_par' dir='ltr' id='par_1_86' title="bbox 2029 3948 3604 4020">
     <span class='ocr_line' id='line_1_86' title="bbox 2029 3948 3604 4020; baseline 0.003 -18"><span class='ocrx_word' id='word_1_558' title='bbox 2029 3948 2249 4004; x_wconf 88' lang='lat' dir='ltr'><strong>Patrum</strong></span> <span class='ocrx_word' id='word_1_559' title='bbox 2274 3948 2523 4020; x_wconf 86' lang='lat' dir='ltr'><strong>dogmata</strong></span> <span class='ocrx_word' id='word_1_560' title='bbox 2565 3959 2620 4006; x_wconf 88' lang='lat' dir='ltr'><strong>et</strong></span> <span class='ocrx_word' id='word_1_561' title='bbox 2645 3951 2918 4020; x_wconf 88' lang='lat' dir='ltr'><strong>opuscula,</strong></span> <span class='ocrx_word' id='word_1_562' title='bbox 2963 3960 3021 4005; x_wconf 88' lang='lat' dir='ltr'><strong>ut</strong></span> <span class='ocrx_word' id='word_1_563' title='bbox 3045 3967 3165 4020; x_wconf 67' lang='lat' dir='ltr'><strong>quae</strong></span> <span class='ocrx_word' id='word_1_564' title='bbox 3215 3952 3284 4006; x_wconf 92' lang='lat' dir='ltr'><strong>ab</strong></span> <span class='ocrx_word' id='word_1_565' title='bbox 3333 3954 3478 4007; x_wconf 86' lang='lat' dir='ltr'><strong>omni</strong></span> <span class='ocrx_word' id='word_1_566' title='bbox 3515 3969 3604 4008; x_wconf 73' lang='lat' dir='ltr'><strong>re—</strong></span> 
     </span>
    </p>
   </div>
   <div class='ocr_carea' id='block_1_87' title="bbox 2027 4038 3604 4109">
    <p class='ocr_par' dir='ltr' id='par_1_87' title="bbox 2027 4038 3604 4109">
     <span class='ocr_line' id='line_1_87' title="bbox 2027 4038 3604 4109; baseline 0.004 -19"><span class='ocrx_word' id='word_1_567' title='bbox 2027 4038 2384 4105; x_wconf 87' lang='lat' dir='ltr'><strong>prehensione</strong></span> <span class='ocrx_word' id='word_1_568' title='bbox 2437 4039 2667 4092; x_wconf 82' lang='lat' dir='ltr'><strong>alienam</strong></span> <span class='ocrx_word' id='word_1_569' title='bbox 2707 4041 3010 4094; x_wconf 92' lang='lat' dir='ltr'><strong>doctrinam</strong></span> <span class='ocrx_word' id='word_1_570' title='bbox 3065 4041 3362 4109; x_wconf 84' lang='lat' dir='ltr'><strong>salutisque</strong></span> <span class='ocrx_word' id='word_1_571' title='bbox 3410 4041 3604 4096; x_wconf 80' lang='lat' dir='ltr'><strong>funda-</strong></span> 
     </span>
    </p>
   </div>
   <div class='ocr_carea' id='block_1_88' title="bbox 2030 4129 3602 4199">
    <p class='ocr_par' dir='ltr' id='par_1_88' title="bbox 2030 4129 3602 4199">
     <span class='ocr_line' id='line_1_88' title="bbox 2030 4129 3602 4199; baseline 0.002 -18"><span class='ocrx_word' id='word_1_572' title='bbox 2030 4137 2269 4182; x_wconf 89' lang='lat' dir='ltr'><strong>mentum</strong></span> <span class='ocrx_word' id='word_1_573' title='bbox 2314 4129 2642 4194; x_wconf 87' lang='lat' dir='ltr'><strong>contineant,</strong></span> <span class='ocrx_word' id='word_1_574' title='bbox 2681 4145 2748 4184; x_wconf 79' lang='lat' dir='ltr'><strong>ex</strong></span> <span class='ocrx_word' id='word_1_575' title='bbox 2783 4131 2962 4186; x_wconf 89' lang='lat' dir='ltr'><strong>animo</strong></span> <span class='ocrx_word' id='word_1_576' title='bbox 2991 4131 3336 4199; x_wconf 89' lang='lat' dir='ltr'><strong>complector,</strong></span> <span class='ocrx_word' id='word_1_577' title='bbox 3387 4130 3602 4185; x_wconf 87' lang='lat' dir='ltr'><strong>demum</strong></span> 
     </span>
    </p>
   </div>
   <div class='ocr_carea' id='block_1_89' title="bbox 2029 4219 3606 4290">
    <p class='ocr_par' dir='ltr' id='par_1_89' title="bbox 2029 4219 3606 4290">
     <span class='ocr_line' id='line_1_89' title="bbox 2029 4219 3606 4290; baseline 0.002 -19"><span class='ocrx_word' id='word_1_578' title='bbox 2029 4233 2375 4286; x_wconf 89' lang='lat' dir='ltr'><strong>quoscunque</strong></span> <span class='ocrx_word' id='word_1_579' title='bbox 2403 4219 2639 4273; x_wconf 88' lang='lat' dir='ltr'><strong>Ecclesia</strong></span> <span class='ocrx_word' id='word_1_580' title='bbox 2665 4221 2926 4274; x_wconf 87' lang='lat' dir='ltr'><strong>catholica</strong></span> <span class='ocrx_word' id='word_1_581' title='bbox 2958 4221 3167 4290; x_wconf 83' lang='lat' dir='ltr'><strong>recipit,</strong></span> <span class='ocrx_word' id='word_1_582' title='bbox 3192 4220 3309 4286; x_wconf 84' lang='lat' dir='ltr'><strong>illos</strong></span> <span class='ocrx_word' id='word_1_583' title='bbox 3342 4235 3440 4289; x_wconf 88' lang='lat' dir='ltr'><strong>ego</strong></span> <span class='ocrx_word' id='word_1_584' title='bbox 3463 4236 3606 4289; x_wconf 92' lang='lat' dir='ltr'><strong>quo-</strong></span> 
     </span>
    </p>
   </div>
   <div class='ocr_carea' id='block_1_90' title="bbox 2030 4308 3602 4381">
    <p class='ocr_par' dir='ltr' id='par_1_90' title="bbox 2030 4308 3602 4381">
     <span class='ocr_line' id='line_1_90' title="bbox 2030 4308 3602 4381; baseline 0.003 -18"><span class='ocrx_word' id='word_1_585' title='bbox 2030 4323 2135 4377; x_wconf 89' lang='lat' dir='ltr'><strong>que</strong></span> <span class='ocrx_word' id='word_1_586' title='bbox 2156 4308 2376 4378; x_wconf 88' lang='lat' dir='ltr'><strong>recipio,</strong></span> <span class='ocrx_word' id='word_1_587' title='bbox 2400 4317 2455 4362; x_wconf 92' lang='lat' dir='ltr'><strong>et</strong></span> <span class='ocrx_word' id='word_1_588' title='bbox 2476 4325 2823 4380; x_wconf 91' lang='lat' dir='ltr'><strong>quoscunque</strong></span> <span class='ocrx_word' id='word_1_589' title='bbox 2846 4311 2949 4365; x_wconf 89' lang='lat' dir='ltr'><strong>ista</strong></span> <span class='ocrx_word' id='word_1_590' title='bbox 2972 4320 3272 4376; x_wconf 85' lang='lat' dir='ltr'><strong>aversatur,</strong></span> <span class='ocrx_word' id='word_1_591' title='bbox 3300 4311 3417 4366; x_wconf 89' lang='lat' dir='ltr'><strong>illos</strong></span> <span class='ocrx_word' id='word_1_592' title='bbox 3455 4313 3602 4381; x_wconf 88' lang='lat' dir='ltr'><strong>ipsos</strong></span> 
     </span>
    </p>
   </div>
   <div class='ocr_carea' id='block_1_91' title="bbox 359 4397 1938 4488">
    <p class='ocr_par' dir='ltr' id='par_1_91' title="bbox 359 4398 1928 4478">
     <span class='ocr_line' id='line_1_91' title="bbox 359 4398 1928 4478; baseline 0.002 -26"><span class='ocrx_word' id='word_1_593' title='bbox 359 4399 535 4473; x_wconf 81' lang='grc' dir='ltr'>μέχρι</span> <span class='ocrx_word' id='word_1_594' title='bbox 567 4405 657 4454; x_wconf 82' lang='grc' dir='ltr'>τοῦ</span> <span class='ocrx_word' id='word_1_595' title='bbox 715 4398 865 4478; x_wconf 85' lang='grc' dir='ltr'>δεῦρο</span> <span class='ocrx_word' id='word_1_596' title='bbox 900 4409 989 4463; x_wconf 76' lang='grc' dir='ltr'><strong>τῆς</strong></span> <span class='ocrx_word' id='word_1_597' title='bbox 1041 4401 1298 4462; x_wconf 79' lang='grc' dir='ltr'>εὐσεϐείας</span> <span class='ocrx_word' id='word_1_598' title='bbox 1352 4401 1676 4456; x_wconf 85' lang='grc' dir='ltr'>παντάπασιν</span> <span class='ocrx_word' id='word_1_599' title='bbox 1733 4403 1928 4457; x_wconf 83' lang='grc' dir='ltr'>ἀποπε-</span> 
     </span>
    </p>
   </div>
   <div class='ocr_carea' id='block_1_92' title="bbox 2041 4397 3595 4488">
    <p class='ocr_par' dir='ltr' id='par_1_92' title="bbox 2041 4397 3595 4468">
     <span class='ocr_line' id='line_1_92' title="bbox 2041 4397 3595 4468; baseline 0.003 -18"><span class='ocrx_word' id='word_1_600' title='bbox 2041 4404 2087 4450; x_wconf 79' lang='lat' dir='ltr'><strong>et</strong></span> <span class='ocrx_word' id='word_1_601' title='bbox 2128 4410 2228 4466; x_wconf 87' lang='lat' dir='ltr'><strong>ego</strong></span> <span class='ocrx_word' id='word_1_602' title='bbox 2274 4397 2459 4450; x_wconf 87' lang='lat' dir='ltr'><strong>itidem</strong></span> <span class='ocrx_word' id='word_1_603' title='bbox 2513 4413 2753 4452; x_wconf 86' lang='lat' dir='ltr'><strong>aversor.</strong></span> <span class='ocrx_word' id='word_1_604' title='bbox 2807 4399 3072 4453; x_wconf 84' lang='lat' dir='ltr'><strong>Exsecror</strong></span> <span class='ocrx_word' id='word_1_605' title='bbox 3107 4399 3271 4452; x_wconf 90' lang='lat' dir='ltr'><strong>etiam</strong></span> <span class='ocrx_word' id='word_1_606' title='bbox 3312 4399 3595 4468; x_wconf 89' lang='lat' dir='ltr'><strong>modisque</strong></span> 
     </span>
    </p>
   </div>
   <div class='ocr_carea' id='block_1_93' title="bbox 361 4487 1926 4565">
    <p class='ocr_par' dir='ltr' id='par_1_93' title="bbox 361 4487 1926 4565">
     <span class='ocr_line' id='line_1_93' title="bbox 361 4487 1926 4565; baseline 0.003 -23"><span class='ocrx_word' id='word_1_607' title='bbox 361 4487 654 4554; x_wconf 64' lang='grc' dir='ltr'><strong>⁴πεπτωκότας,</strong></span> <span class='ocrx_word' id='word_1_608' title='bbox 691 4492 776 4544; x_wconf 80' lang='grc' dir='ltr'><strong>καί</strong></span> <span class='ocrx_word' id='word_1_609' title='bbox 827 4488 996 4554; x_wconf 84' lang='grc' dir='ltr'>δόξαις</span> <span class='ocrx_word' id='word_1_610' title='bbox 1040 4496 1268 4565; x_wconf 85' lang='grc' dir='ltr'>πονηρῶν</span> <span class='ocrx_word' id='word_1_611' title='bbox 1311 4489 1576 4563; x_wconf 80' lang='grc' dir='ltr'>δογμάτων</span> <span class='ocrx_word' id='word_1_612' title='bbox 1617 4493 1700 4543; x_wconf 87' lang='grc' dir='ltr'><strong>καί</strong></span> <span class='ocrx_word' id='word_1_613' title='bbox 1747 4492 1926 4564; x_wconf 77' lang='grc' dir='ltr'>φθορο-</span> 
     </span>
    </p>
   </div>
   <div class='ocr_carea' id='block_1_94' title="bbox 359 4577 1931 4654">
    <p class='ocr_par' dir='ltr' id='par_1_94' title="bbox 359 4577 1931 4654">
     <span class='ocr_line' id='line_1_94' title="bbox 359 4577 1931 4654; baseline 0.003 -24"><span class='ocrx_word' id='word_1_614' title='bbox 359 4580 528 4630; x_wconf 82' lang='grc' dir='ltr'>ποιῶν</span> <span class='ocrx_word' id='word_1_615' title='bbox 561 4577 885 4652; x_wconf 74' lang='grc' dir='ltr'>έμφυρέντας,</span> <span class='ocrx_word' id='word_1_616' title='bbox 911 4579 994 4632; x_wconf 77' lang='grc' dir='ltr'><strong>καί</strong></span> <span class='ocrx_word' id='word_1_617' title='bbox 1033 4583 1120 4636; x_wconf 73' lang='grc' dir='ltr'>τὴν</span> <span class='ocrx_word' id='word_1_618' title='bbox 1157 4585 1256 4634; x_wconf 83' lang='grc' dir='ltr'>τῶν</span> <span class='ocrx_word' id='word_1_619' title='bbox 1303 4577 1457 4649; x_wconf 79' lang='grc' dir='ltr'>ἁγίων</span> <span class='ocrx_word' id='word_1_620' title='bbox 1491 4579 1772 4654; x_wconf 82' lang='grc' dir='ltr'>παράδοσιν</span> <span class='ocrx_word' id='word_1_621' title='bbox 1812 4581 1931 4634; x_wconf 75' lang='grc' dir='ltr'>ἀθεο</span> 
     </span>
    </p>
   </div>
   <div class='ocr_carea' id='block_1_95' title="bbox 357 4669 1927 4746">
    <p class='ocr_par' dir='ltr' id='par_1_95' title="bbox 357 4669 1927 4746">
     <span class='ocr_line' id='line_1_95' title="bbox 357 4669 1927 4746; baseline 0.003 -22"><span class='ocrx_word' id='word_1_622' title='bbox 357 4669 640 4732; x_wconf 76' lang='grc' dir='ltr'>τιόσαντας,</span> <span class='ocrx_word' id='word_1_623' title='bbox 683 4670 766 4723; x_wconf 78' lang='grc' dir='ltr'><strong>καί</strong></span> <span class='ocrx_word' id='word_1_624' title='bbox 809 4669 893 4724; x_wconf 83' lang='grc' dir='ltr'><strong>τόν</strong></span> <span class='ocrx_word' id='word_1_625' title='bbox 929 4671 1105 4744; x_wconf 77' lang='grc' dir='ltr'>πικρόν</span> <span class='ocrx_word' id='word_1_626' title='bbox 1139 4676 1236 4725; x_wconf 85' lang='grc' dir='ltr'><strong>τῶν</strong></span> <span class='ocrx_word' id='word_1_627' title='bbox 1273 4672 1497 4734; x_wconf 83' lang='grc' dir='ltr'>ζιζανίων</span> <span class='ocrx_word' id='word_1_628' title='bbox 1532 4673 1724 4746; x_wconf 83' lang='grc' dir='ltr'>σπόρον</span> <span class='ocrx_word' id='word_1_629' title='bbox 1771 4694 1927 4728; x_wconf 90' lang='grc' dir='ltr'>συνα-</span> 
     </span>
    </p>
   </div>
   <div class='ocr_carea' id='block_1_96' title="bbox 357 4751 1927 4835">
    <p class='ocr_par' dir='ltr' id='par_1_96' title="bbox 357 4751 1927 4835">
     <span class='ocr_line' id='line_1_96' title="bbox 357 4751 1927 4835; baseline 0.004 -25"><span class='ocrx_word' id='word_1_630' title='bbox 357 4754 566 4824; x_wconf 75' lang='grc' dir='ltr'>νοιμίξαι</span> <span class='ocrx_word' id='word_1_631' title='bbox 598 4751 779 4828; x_wconf 55' lang='lat' dir='ltr'><strong>tisi;</strong></span> <span class='ocrx_word' id='word_1_632' title='bbox 812 4757 1099 4835; x_wconf 81' lang='grc' dir='ltr'>όρθοδοξίας</span> <span class='ocrx_word' id='word_1_633' title='bbox 1127 4759 1320 4835; x_wconf 79' lang='grc' dir='ltr'>άρούρᾳ</span> <span class='ocrx_word' id='word_1_634' title='bbox 1353 4761 1700 4831; x_wconf 76' lang='grc' dir='ltr'>τολμήσαντας</span> <span class='ocrx_word' id='word_1_635' title='bbox 1737 4763 1927 4825; x_wconf 77' lang='grc' dir='ltr'>αὐτούς</span> 
     </span>
    </p>
   </div>
   <div class='ocr_carea' id='block_1_97' title="bbox 355 4843 1922 4920">
    <p class='ocr_par' dir='ltr' id='par_1_97' title="bbox 355 4843 1922 4920">
     <span class='ocr_line' id='line_1_97' title="bbox 355 4843 1922 4920; baseline 0.006 -23"><span class='ocrx_word' id='word_1_636' title='bbox 355 4863 419 4898; x_wconf 91' lang='grc' dir='ltr'><strong>τε</strong></span> <span class='ocrx_word' id='word_1_637' title='bbox 472 4845 838 4916; x_wconf 80' lang='grc' dir='ltr'>ἆναθεματίζω,</span> <span class='ocrx_word' id='word_1_638' title='bbox 881 4851 963 4903; x_wconf 78' lang='grc' dir='ltr'>καὶ</span> <span class='ocrx_word' id='word_1_639' title='bbox 1019 4850 1210 4908; x_wconf 79' lang='grc' dir='ltr'>πάντας</span> <span class='ocrx_word' id='word_1_640' title='bbox 1255 4851 1372 4910; x_wconf 82' lang='grc' dir='ltr'>τούς</span> <span class='ocrx_word' id='word_1_641' title='bbox 1419 4843 1694 4920; x_wconf 73' lang='grc' dir='ltr'>ἑπομένους</span> <span class='ocrx_word' id='word_1_642' title='bbox 1734 4854 1922 4918; x_wconf 82' lang='grc' dir='ltr'>αὐτοῖς,</span> 
     </span>
    </p>
   </div>
   <div class='ocr_carea' id='block_1_98' title="bbox 354 4935 1924 5012">
    <p class='ocr_par' dir='ltr' id='par_1_98' title="bbox 354 4935 1924 5012">
     <span class='ocr_line' id='line_1_98' title="bbox 354 4935 1924 5012; baseline 0.005 -26"><span class='ocrx_word' id='word_1_643' title='bbox 354 4937 450 4987; x_wconf 74' lang='grc' dir='ltr'><strong>καί</strong></span> <span class='ocrx_word' id='word_1_644' title='bbox 484 4936 551 4995; x_wconf 72' lang='grc' dir='ltr'>ὥς</span> <span class='ocrx_word' id='word_1_645' title='bbox 586 4935 746 5005; x_wconf 85' lang='grc' dir='ltr'>λύμην</span> <span class='ocrx_word' id='word_1_646' title='bbox 797 4945 889 4997; x_wconf 78' lang='grc' dir='ltr'>τῆς</span> <span class='ocrx_word' id='word_1_647' title='bbox 937 4941 1067 4993; x_wconf 81' lang='grc' dir='ltr'>κατὰ</span> <span class='ocrx_word' id='word_1_648' title='bbox 1101 4939 1319 5012; x_wconf 78' lang='grc' dir='ltr'>Χριστὸν</span> <span class='ocrx_word' id='word_1_649' title='bbox 1366 4939 1657 5000; x_wconf 83' lang='grc' dir='ltr'>Ἐκκλησίας</span> <span class='ocrx_word' id='word_1_650' title='bbox 1693 4939 1924 4998; x_wconf 85' lang='grc' dir='ltr'>διαπτύω</span> 
     </span>
    </p>
   </div>
   <div class='ocr_carea' id='block_1_99' title="bbox 357 5026 1925 5109">
    <p class='ocr_par' dir='ltr' id='par_1_99' title="bbox 357 5026 1925 5109">
     <span class='ocr_line' id='line_1_99' title="bbox 357 5026 1925 5109; baseline 0.004 -33"><span class='ocrx_word' id='word_1_651' title='bbox 357 5027 450 5077; x_wconf 74' lang='grc' dir='ltr'><strong>καί</strong></span> <span class='ocrx_word' id='word_1_652' title='bbox 480 5032 553 5098; x_wconf 80' lang='grc' dir='ltr'>τῷ</span> <span class='ocrx_word' id='word_1_653' title='bbox 579 5027 847 5100; x_wconf 79' lang='grc' dir='ltr'>ἀναθέματι</span> <span class='ocrx_word' id='word_1_654' title='bbox 875 5029 1254 5084; x_wconf 79' lang='grc' dir='ltr'>καθυποϐάλλω.</span> <span class='ocrx_word' id='word_1_655' title='bbox 1285 5036 1447 5109; x_wconf 72' lang='grc' dir='ltr'>Ἡμεῖς</span> <span class='ocrx_word' id='word_1_656' title='bbox 1483 5033 1574 5100; x_wconf 76' lang='grc' dir='ltr'><strong>μέν</strong></span> <span class='ocrx_word' id='word_1_657' title='bbox 1601 5026 1684 5084; x_wconf 75' lang='grc' dir='ltr'>οὖν</span> <span class='ocrx_word' id='word_1_658' title='bbox 1712 5032 1766 5086; x_wconf 80' lang='grc' dir='ltr'>τὸ</span> <span class='ocrx_word' id='word_1_659' title='bbox 1807 5031 1925 5100; x_wconf 74' lang='grc' dir='ltr'>ἡμέ-</span> 
     </span>
    </p>
   </div>
   <div class='ocr_carea' id='block_1_100' title="bbox 355 5117 1924 5192">
    <p class='ocr_par' dir='ltr' id='par_1_100' title="bbox 355 5117 1924 5192">
     <span class='ocr_line' id='line_1_100' title="bbox 355 5117 1924 5192; baseline 0.006 -26"><span class='ocrx_word' id='word_1_660' title='bbox 355 5133 508 5186; x_wconf 82' lang='grc' dir='ltr'>τερον</span> <span class='ocrx_word' id='word_1_661' title='bbox 542 5117 764 5190; x_wconf 74' lang='grc' dir='ltr'>φρόνημα</span> <span class='ocrx_word' id='word_1_662' title='bbox 797 5127 911 5180; x_wconf 86' lang='grc' dir='ltr'>τοῖς</span> <span class='ocrx_word' id='word_1_663' title='bbox 957 5121 1361 5192; x_wconf 83' lang='grc' dir='ltr'>μακαριωτάτοις</span> <span class='ocrx_word' id='word_1_664' title='bbox 1407 5121 1525 5192; x_wconf 80' lang='grc' dir='ltr'>ύμῖν</span> <span class='ocrx_word' id='word_1_665' title='bbox 1570 5122 1652 5174; x_wconf 84' lang='grc' dir='ltr'><strong>καί</strong></span> <span class='ocrx_word' id='word_1_666' title='bbox 1687 5119 1924 5176; x_wconf 82' lang='grc' dir='ltr'>Θεοδιδά-</span> 
     </span>
    </p>
   </div>
   <div class='ocr_carea' id='block_1_101' title="bbox 355 5205 1922 5282">
    <p class='ocr_par' dir='ltr' id='par_1_101' title="bbox 355 5205 1922 5282">
     <span class='ocr_line' id='line_1_101' title="bbox 355 5205 1922 5282; baseline 0.003 -25"><span class='ocrx_word' id='word_1_667' title='bbox 355 5221 497 5262; x_wconf 75' lang='grc' dir='ltr'>κτοις</span> <span class='ocrx_word' id='word_1_668' title='bbox 548 5207 678 5260; x_wconf 83' lang='grc' dir='ltr'>κατά</span> <span class='ocrx_word' id='word_1_669' title='bbox 728 5214 896 5262; x_wconf 81' lang='grc' dir='ltr'>ταῦτα</span> <span class='ocrx_word' id='word_1_670' title='bbox 931 5205 1276 5276; x_wconf 78' lang='grc' dir='ltr'>δεδηλωμένων</span> <span class='ocrx_word' id='word_1_671' title='bbox 1323 5213 1814 5282; x_wconf 77' lang='grc' dir='ltr'>προσπεφωνήκαμεν</span> <span class='ocrx_word' id='word_1_672' title='bbox 1849 5217 1922 5280; x_wconf 84' lang='grc' dir='ltr'>τῷ</span> 
     </span>
    </p>
   </div>
   <div class='ocr_carea' id='block_1_102' title="bbox 356 5285 1922 5369">
    <p class='ocr_par' dir='ltr' id='par_1_102' title="bbox 356 5285 1922 5369">
     <span class='ocr_line' id='line_1_102' title="bbox 356 5285 1922 5369; baseline 0.007 -28"><span class='ocrx_word' id='word_1_673' title='bbox 356 5285 550 5345; x_wconf 77' lang='grc' dir='ltr'>ἄνωθεν</span> <span class='ocrx_word' id='word_1_674' title='bbox 600 5293 919 5367; x_wconf 86' lang='grc' dir='ltr'>κεκρατηκότι</span> <span class='ocrx_word' id='word_1_675' title='bbox 978 5297 1370 5369; x_wconf 80' lang='grc' dir='ltr'>ἐκκλησιαστικῷ</span> <span class='ocrx_word' id='word_1_676' title='bbox 1437 5299 1606 5367; x_wconf 83' lang='grc' dir='ltr'>θεσμῷ</span> <span class='ocrx_word' id='word_1_677' title='bbox 1673 5297 1922 5368; x_wconf 77' lang='grc' dir='ltr'>ἑπόμενοι,</span> 
     </span>
    </p>
   </div>
   <div class='ocr_carea' id='block_1_103' title="bbox 356 5373 1926 5459">
    <p class='ocr_par' dir='ltr' id='par_1_103' title="bbox 356 5373 1926 5459">
     <span class='ocr_line' id='line_1_103' title="bbox 356 5373 1926 5459; baseline 0.007 -29"><span class='ocrx_word' id='word_1_678' title='bbox 356 5373 467 5432; x_wconf 81' lang='grc' dir='ltr'>οἷόν</span> <span class='ocrx_word' id='word_1_679' title='bbox 503 5401 600 5434; x_wconf 87' lang='grc' dir='ltr'>τινι</span> <span class='ocrx_word' id='word_1_680' title='bbox 630 5381 853 5454; x_wconf 73' lang='grc' dir='ltr'>ἐμψύχῳ</span> <span class='ocrx_word' id='word_1_681' title='bbox 893 5387 1088 5458; x_wconf 76' lang='grc' dir='ltr'>κήρυκι,</span> <span class='ocrx_word' id='word_1_682' title='bbox 1115 5392 1186 5456; x_wconf 83' lang='grc' dir='ltr'>τῷ</span> <span class='ocrx_word' id='word_1_683' title='bbox 1213 5385 1266 5440; x_wconf 85' lang='grc' dir='ltr'><strong>δέ</strong></span> <span class='ocrx_word' id='word_1_684' title='bbox 1305 5389 1442 5456; x_wconf 76' lang='grc' dir='ltr'>ἡμῶν</span> <span class='ocrx_word' id='word_1_685' title='bbox 1470 5385 1926 5459; x_wconf 72' lang='grc' dir='ltr'>προσχρησάμενα</span> 
     </span>
    </p>
   </div>
   <div class='ocr_carea' id='block_1_104' title="bbox 357 5463 1924 5550">
    <p class='ocr_par' dir='ltr' id='par_1_104' title="bbox 357 5463 1924 5550">
     <span class='ocr_line' id='line_1_104' title="bbox 357 5463 1924 5550; baseline 0.008 -29"><span class='ocrx_word' id='word_1_686' title='bbox 357 5473 438 5540; x_wconf 71' lang='grc' dir='ltr'>τῷ</span> <span class='ocrx_word' id='word_1_687' title='bbox 473 5468 767 5543; x_wconf 81' lang='grc' dir='ltr'>γράμματι,</span> <span class='ocrx_word' id='word_1_688' title='bbox 797 5481 888 5532; x_wconf 80' lang='grc' dir='ltr'>τῆς</span> <span class='ocrx_word' id='word_1_689' title='bbox 914 5475 964 5526; x_wconf 84' lang='grc' dir='ltr'><strong>έν</strong></span> <span class='ocrx_word' id='word_1_690' title='bbox 989 5463 1186 5550; x_wconf 80' lang='grc' dir='ltr'>Χριστῷ</span> <span class='ocrx_word' id='word_1_691' title='bbox 1233 5478 1434 5548; x_wconf 65' lang='grc' dir='ltr'>ἀγάπης</span> <span class='ocrx_word' id='word_1_692' title='bbox 1485 5479 1568 5530; x_wconf 77' lang='grc' dir='ltr'><strong>καί</strong></span> <span class='ocrx_word' id='word_1_693' title='bbox 1606 5477 1736 5548; x_wconf 85' lang='grc' dir='ltr'>πρὸς</span> <span class='ocrx_word' id='word_1_694' title='bbox 1777 5476 1924 5534; x_wconf 70' lang='grc' dir='ltr'>άλλη·</span> 
     </span>
    </p>
   </div>
   <div class='ocr_carea' id='block_1_105' title="bbox 355 5555 1919 5635">
    <p class='ocr_par' dir='ltr' id='par_1_105' title="bbox 355 5555 1919 5635">
     <span class='ocr_line' id='line_1_105' title="bbox 355 5555 1919 5635; baseline 0.005 -27"><span class='ocrx_word' id='word_1_695' title='bbox 355 5555 480 5617; x_wconf 76' lang='grc' dir='ltr'>λους</span> <span class='ocrx_word' id='word_1_696' title='bbox 515 5562 799 5631; x_wconf 85' lang='grc' dir='ltr'>συμπνοίας</span> <span class='ocrx_word' id='word_1_697' title='bbox 841 5564 924 5614; x_wconf 83' lang='grc' dir='ltr'>καὶ</span> <span class='ocrx_word' id='word_1_698' title='bbox 960 5561 1190 5632; x_wconf 81' lang='grc' dir='ltr'>ὁμονοίας</span> <span class='ocrx_word' id='word_1_699' title='bbox 1242 5565 1336 5622; x_wconf 83' lang='grc' dir='ltr'>τὰς</span> <span class='ocrx_word' id='word_1_700' title='bbox 1377 5563 1559 5635; x_wconf 81' lang='grc' dir='ltr'>ἐγγύας</span> <span class='ocrx_word' id='word_1_701' title='bbox 1609 5565 1919 5634; x_wconf 75' lang='grc' dir='ltr'>ἐπαγομένῳ.</span> 
     </span>
    </p>
   </div>
   <div class='ocr_carea' id='block_1_106' title="bbox 359 5641 1919 5728">
    <p class='ocr_par' dir='ltr' id='par_1_106' title="bbox 359 5641 1919 5728">
     <span class='ocr_line' id='line_1_106' title="bbox 359 5641 1919 5728; baseline 0.004 -28"><span class='ocrx_word' id='word_1_702' title='bbox 359 5651 418 5700; x_wconf 72' lang='grc' dir='ltr'>Ἦ</span> <span class='ocrx_word' id='word_1_703' title='bbox 445 5641 500 5700; x_wconf 77' lang='grc' dir='ltr'><strong>δέ</strong></span> <span class='ocrx_word' id='word_1_704' title='bbox 537 5646 757 5723; x_wconf 63' lang='grc' dir='ltr'>ὑμετέρα</span> <span class='ocrx_word' id='word_1_705' title='bbox 799 5651 1113 5722; x_wconf 78' lang='grc' dir='ltr'>ποθεινοτέρα</span> <span class='ocrx_word' id='word_1_706' title='bbox 1160 5653 1208 5704; x_wconf 84' lang='grc' dir='ltr'><strong>έν</strong></span> <span class='ocrx_word' id='word_1_707' title='bbox 1258 5655 1416 5728; x_wconf 75' lang='grc' dir='ltr'>κυρίῳ</span> <span class='ocrx_word' id='word_1_708' title='bbox 1462 5651 1730 5725; x_wconf 66' lang='grc' dir='ltr'>ἀδελφότης·</span> <span class='ocrx_word' id='word_1_709' title='bbox 1775 5656 1919 5722; x_wconf 80' lang='grc' dir='ltr'>ἀμεί-</span> 
     </span>
    </p>
   </div>
   <div class='ocr_carea' id='block_1_107' title="bbox 2029 4486 3598 4560">
    <p class='ocr_par' dir='ltr' id='par_1_107' title="bbox 2029 4486 3598 4560">
     <span class='ocr_line' id='line_1_107' title="bbox 2029 4486 3598 4560; baseline 0.003 -20"><span class='ocrx_word' id='word_1_710' title='bbox 2029 4486 2276 4540; x_wconf 90' lang='lat' dir='ltr'><strong>omnibus</strong></span> <span class='ocrx_word' id='word_1_711' title='bbox 2297 4486 2554 4552; x_wconf 91' lang='lat' dir='ltr'><strong>detestor,</strong></span> <span class='ocrx_word' id='word_1_712' title='bbox 2579 4488 2671 4556; x_wconf 92' lang='lat' dir='ltr'><strong>qui</strong></span> <span class='ocrx_word' id='word_1_713' title='bbox 2695 4503 2727 4542; x_wconf 92' lang='lat' dir='ltr'><strong>a</strong></span> <span class='ocrx_word' id='word_1_714' title='bbox 2759 4487 2976 4543; x_wconf 91' lang='lat' dir='ltr'><strong>Simone</strong></span> <span class='ocrx_word' id='word_1_715' title='bbox 3010 4489 3159 4560; x_wconf 84' lang='lat' dir='ltr'><strong>Mago</strong></span> <span class='ocrx_word' id='word_1_716' title='bbox 3186 4489 3598 4558; x_wconf 88' lang='lat' dir='ltr'><strong>appellationem</strong></span> 
     </span>
    </p>
   </div>
   <div class='ocr_carea' id='block_1_108' title="bbox 2027 4577 3590 4650">
    <p class='ocr_par' dir='ltr' id='par_1_108' title="bbox 2027 4577 3590 4650">
     <span class='ocr_line' id='line_1_108' title="bbox 2027 4577 3590 4650; baseline 0.004 -21"><span class='ocrx_word' id='word_1_717' title='bbox 2027 4577 2204 4630; x_wconf 88' lang='lat' dir='ltr'><strong>sortiti</strong></span> <span class='ocrx_word' id='word_1_718' title='bbox 2223 4583 2278 4630; x_wconf 90' lang='lat' dir='ltr'><strong>et</strong></span> <span class='ocrx_word' id='word_1_719' title='bbox 2304 4577 2372 4630; x_wconf 90' lang='lat' dir='ltr'><strong>ab</strong></span> <span class='ocrx_word' id='word_1_720' title='bbox 2396 4578 2540 4632; x_wconf 91' lang='lat' dir='ltr'><strong>omni</strong></span> <span class='ocrx_word' id='word_1_721' title='bbox 2574 4593 2795 4647; x_wconf 90' lang='lat' dir='ltr'><strong>prorsus</strong></span> <span class='ocrx_word' id='word_1_722' title='bbox 2829 4579 3029 4647; x_wconf 90' lang='lat' dir='ltr'><strong>pietate</strong></span> <span class='ocrx_word' id='word_1_723' title='bbox 3057 4581 3222 4644; x_wconf 83' lang='lat' dir='ltr'><strong>exuti,</strong></span> <span class='ocrx_word' id='word_1_724' title='bbox 3262 4581 3329 4634; x_wconf 91' lang='lat' dir='ltr'><strong>ad</strong></span> <span class='ocrx_word' id='word_1_725' title='bbox 3356 4596 3590 4650; x_wconf 73' lang='lat' dir='ltr'><strong>praesen-</strong></span> 
     </span>
    </p>
   </div>
   <div class='ocr_carea' id='block_1_109' title="bbox 2027 4666 3595 4741">
    <p class='ocr_par' dir='ltr' id='par_1_109' title="bbox 2027 4666 3595 4741">
     <span class='ocr_line' id='line_1_109' title="bbox 2027 4666 3595 4741; baseline 0.004 -21"><span class='ocrx_word' id='word_1_726' title='bbox 2027 4673 2135 4720; x_wconf 90' lang='lat' dir='ltr'><strong>tem</strong></span> <span class='ocrx_word' id='word_1_727' title='bbox 2163 4681 2332 4735; x_wconf 89' lang='lat' dir='ltr'><strong>usque</strong></span> <span class='ocrx_word' id='word_1_728' title='bbox 2352 4666 2488 4721; x_wconf 91' lang='lat' dir='ltr'><strong>diem</strong></span> <span class='ocrx_word' id='word_1_729' title='bbox 2529 4682 2814 4736; x_wconf 77' lang='lat' dir='ltr'><strong>pravorum</strong></span> <span class='ocrx_word' id='word_1_730' title='bbox 2857 4668 3261 4738; x_wconf 80' lang='lat' dir='ltr'><strong>exitialiumque</strong></span> <span class='ocrx_word' id='word_1_731' title='bbox 3286 4674 3595 4741; x_wconf 86' lang='lat' dir='ltr'><strong>dogmatum</strong></span> 
     </span>
    </p>
   </div>
   <div class='ocr_carea' id='block_1_110' title="bbox 2025 4756 3596 4827">
    <p class='ocr_par' dir='ltr' id='par_1_110' title="bbox 2025 4756 3596 4827">
     <span class='ocr_line' id='line_1_110' title="bbox 2025 4756 3596 4827; baseline 0.003 -17"><span class='ocrx_word' id='word_1_732' title='bbox 2025 4756 2364 4827; x_wconf 84' lang='lat' dir='ltr'><strong>Opinionibus</strong></span> <span class='ocrx_word' id='word_1_733' title='bbox 2417 4766 2726 4812; x_wconf 90' lang='lat' dir='ltr'><strong>sanctorum</strong></span> <span class='ocrx_word' id='word_1_734' title='bbox 2765 4757 3107 4812; x_wconf 89' lang='lat' dir='ltr'><strong>traditionem</strong></span> <span class='ocrx_word' id='word_1_735' title='bbox 3137 4759 3414 4815; x_wconf 79' lang='lat' dir='ltr'><strong>infirmare</strong></span> <span class='ocrx_word' id='word_1_736' title='bbox 3450 4762 3596 4815; x_wconf 82' lang='lat' dir='ltr'><strong>viru-</strong></span> 
     </span>
    </p>
   </div>
   <div class='ocr_carea' id='block_1_111' title="bbox 2026 4845 3590 4922">
    <p class='ocr_par' dir='ltr' id='par_1_111' title="bbox 2026 4845 3590 4922">
     <span class='ocr_line' id='line_1_111' title="bbox 2026 4845 3590 4922; baseline 0.003 -22"><span class='ocrx_word' id='word_1_737' title='bbox 2026 4845 2336 4916; x_wconf 90' lang='lat' dir='ltr'><strong>lentumque</strong></span> <span class='ocrx_word' id='word_1_738' title='bbox 2367 4847 2695 4902; x_wconf 88' lang='lat' dir='ltr'><strong>zizaniorum</strong></span> <span class='ocrx_word' id='word_1_739' title='bbox 2733 4863 2916 4903; x_wconf 90' lang='lat' dir='ltr'><strong>semen</strong></span> <span class='ocrx_word' id='word_1_740' title='bbox 2957 4850 3267 4904; x_wconf 66' lang='lat' dir='ltr'><strong>orthodoxae</strong></span> <span class='ocrx_word' id='word_1_741' title='bbox 3307 4850 3430 4905; x_wconf 82' lang='lat' dir='ltr'><strong>ﬁdei</strong></span> <span class='ocrx_word' id='word_1_742' title='bbox 3461 4867 3590 4922; x_wconf 85' lang='lat' dir='ltr'><strong>agro</strong></span> 
     </span>
    </p>
   </div>
   <div class='ocr_carea' id='block_1_112' title="bbox 2027 4937 3590 5009">
    <p class='ocr_par' dir='ltr' id='par_1_112' title="bbox 2027 4937 3590 5009">
     <span class='ocr_line' id='line_1_112' title="bbox 2027 4937 3590 5009; baseline 0.003 -19"><span class='ocrx_word' id='word_1_743' title='bbox 2027 4937 2332 4992; x_wconf 89' lang='lat' dir='ltr'><strong>immiscere</strong></span> <span class='ocrx_word' id='word_1_744' title='bbox 2377 4953 2480 4992; x_wconf 88' lang='lat' dir='ltr'><strong>non</strong></span> <span class='ocrx_word' id='word_1_745' title='bbox 2525 4949 2776 5004; x_wconf 85' lang='lat' dir='ltr'><strong>cessant;</strong></span> <span class='ocrx_word' id='word_1_746' title='bbox 2836 4940 2956 5004; x_wconf 90' lang='lat' dir='ltr'><strong>hos,</strong></span> <span class='ocrx_word' id='word_1_747' title='bbox 3009 4940 3250 5008; x_wconf 90' lang='lat' dir='ltr'><strong>inquam,</strong></span> <span class='ocrx_word' id='word_1_748' title='bbox 3294 4955 3590 5009; x_wconf 84' lang='lat' dir='ltr'><strong>omnesque</strong></span> 
     </span>
    </p>
   </div>
   <div class='ocr_carea' id='block_1_113' title="bbox 2025 5025 3589 5096">
    <p class='ocr_par' dir='ltr' id='par_1_113' title="bbox 2025 5025 3589 5096">
     <span class='ocr_line' id='line_1_113' title="bbox 2025 5025 3589 5096; baseline 0.003 -17"><span class='ocrx_word' id='word_1_749' title='bbox 2025 5025 2334 5081; x_wconf 89' lang='lat' dir='ltr'><strong>eorumdem</strong></span> <span class='ocrx_word' id='word_1_750' title='bbox 2359 5042 2614 5096; x_wconf 88' lang='lat' dir='ltr'><strong>sequaces</strong></span> <span class='ocrx_word' id='word_1_751' title='bbox 2648 5043 2918 5092; x_wconf 83' lang='lat' dir='ltr'><strong>exsecror,</strong></span> <span class='ocrx_word' id='word_1_752' title='bbox 2945 5038 3000 5083; x_wconf 91' lang='lat' dir='ltr'><strong>et</strong></span> <span class='ocrx_word' id='word_1_753' title='bbox 3023 5029 3185 5083; x_wconf 89' lang='lat' dir='ltr'><strong>veluti</strong></span> <span class='ocrx_word' id='word_1_754' title='bbox 3228 5029 3589 5085; x_wconf 85' lang='lat' dir='ltr'><strong>Ecclesiarum</strong></span> 
     </span>
    </p>
   </div>
   <div class='ocr_carea' id='block_1_114' title="bbox 2027 5113 3590 5188">
    <p class='ocr_par' dir='ltr' id='par_1_114' title="bbox 2027 5113 3590 5188">
     <span class='ocr_line' id='line_1_114' title="bbox 2027 5113 3590 5188; baseline 0.003 -21"><span class='ocrx_word' id='word_1_755' title='bbox 2027 5113 2227 5169; x_wconf 88' lang='lat' dir='ltr'><strong>Christi</strong></span> <span class='ocrx_word' id='word_1_756' title='bbox 2262 5126 2438 5184; x_wconf 89' lang='lat' dir='ltr'><strong>pestes</strong></span> <span class='ocrx_word' id='word_1_757' title='bbox 2475 5131 2668 5186; x_wconf 92' lang='lat' dir='ltr'><strong>respuo</strong></span> <span class='ocrx_word' id='word_1_758' title='bbox 2689 5130 2743 5172; x_wconf 88' lang='lat' dir='ltr'><strong>et</strong></span> <span class='ocrx_word' id='word_1_759' title='bbox 2777 5118 3192 5172; x_wconf 91' lang='lat' dir='ltr'><strong>anathematizo.</strong></span> <span class='ocrx_word' id='word_1_760' title='bbox 3234 5118 3342 5172; x_wconf 88' lang='lat' dir='ltr'><strong>Nos</strong></span> <span class='ocrx_word' id='word_1_761' title='bbox 3370 5120 3590 5188; x_wconf 75' lang='lat' dir='ltr'><strong>proinde</strong></span> 
     </span>
    </p>
   </div>
   <div class='ocr_carea' id='block_1_115' title="bbox 2027 5205 3591 5276">
    <p class='ocr_par' dir='ltr' id='par_1_115' title="bbox 2027 5205 3591 5276">
     <span class='ocr_line' id='line_1_115' title="bbox 2027 5205 3591 5276; baseline 0.003 -18"><span class='ocrx_word' id='word_1_762' title='bbox 2027 5205 2388 5260; x_wconf 88' lang='lat' dir='ltr'><strong>Ecclesiarum</strong></span> <span class='ocrx_word' id='word_1_763' title='bbox 2414 5209 2766 5272; x_wconf 88' lang='lat' dir='ltr'><strong>sanctionem,</strong></span> <span class='ocrx_word' id='word_1_764' title='bbox 2800 5205 3046 5276; x_wconf 69' lang='lat' dir='ltr'><strong>qumjam</strong></span> <span class='ocrx_word' id='word_1_765' title='bbox 3074 5209 3196 5263; x_wconf 88' lang='lat' dir='ltr'><strong>inde</strong></span> <span class='ocrx_word' id='word_1_766' title='bbox 3217 5209 3284 5263; x_wconf 86' lang='lat' dir='ltr'><strong>ab</strong></span> <span class='ocrx_word' id='word_1_767' title='bbox 3312 5208 3463 5263; x_wconf 88' lang='lat' dir='ltr'><strong>initio</strong></span> <span class='ocrx_word' id='word_1_768' title='bbox 3495 5210 3591 5262; x_wconf 84' lang='lat' dir='ltr'><strong>oh-</strong></span> 
     </span>
    </p>
   </div>
   <div class='ocr_carea' id='block_1_116' title="bbox 2029 5297 3590 5363">
    <p class='ocr_par' dir='ltr' id='par_1_116' title="bbox 2029 5297 3590 5363">
     <span class='ocr_line' id='line_1_116' title="bbox 2029 5297 3590 5363; baseline 0.002 -13"><span class='ocrx_word' id='word_1_769' title='bbox 2029 5297 2209 5362; x_wconf 87' lang='lat' dir='ltr'><strong>tinuit,</strong></span> <span class='ocrx_word' id='word_1_770' title='bbox 2245 5298 2438 5363; x_wconf 90' lang='lat' dir='ltr'><strong>secuti,</strong></span> <span class='ocrx_word' id='word_1_771' title='bbox 2487 5299 2635 5353; x_wconf 87' lang='lat' dir='ltr'><strong>hisee</strong></span> <span class='ocrx_word' id='word_1_772' title='bbox 2678 5298 2880 5353; x_wconf 89' lang='lat' dir='ltr'><strong>nostris</strong></span> <span class='ocrx_word' id='word_1_773' title='bbox 2922 5299 3118 5353; x_wconf 86' lang='lat' dir='ltr'><strong>litteris</strong></span> <span class='ocrx_word' id='word_1_774' title='bbox 3143 5298 3306 5352; x_wconf 85' lang='lat' dir='ltr'><strong>veluti</strong></span> <span class='ocrx_word' id='word_1_775' title='bbox 3350 5300 3590 5353; x_wconf 86' lang='lat' dir='ltr'><strong>animato</strong></span> 
     </span>
    </p>
   </div>
   <div class='ocr_carea' id='block_1_117' title="bbox 2027 5387 3590 5457">
    <p class='ocr_par' dir='ltr' id='par_1_117' title="bbox 2027 5387 3590 5457">
     <span class='ocr_line' id='line_1_117' title="bbox 2027 5387 3590 5457; baseline 0.002 -18"><span class='ocrx_word' id='word_1_776' title='bbox 2027 5387 2256 5454; x_wconf 84' lang='lat' dir='ltr'><strong>quodam</strong></span> <span class='ocrx_word' id='word_1_777' title='bbox 2282 5402 2548 5456; x_wconf 70' lang='lat' dir='ltr'><strong>praecone,</strong></span> <span class='ocrx_word' id='word_1_778' title='bbox 2584 5395 2640 5440; x_wconf 93' lang='lat' dir='ltr'><strong>et</strong></span> <span class='ocrx_word' id='word_1_779' title='bbox 2667 5387 2945 5442; x_wconf 88' lang='lat' dir='ltr'><strong>charitatis</strong></span> <span class='ocrx_word' id='word_1_780' title='bbox 2971 5387 3024 5442; x_wconf 89' lang='lat' dir='ltr'><strong>in</strong></span> <span class='ocrx_word' id='word_1_781' title='bbox 3049 5387 3263 5442; x_wconf 88' lang='lat' dir='ltr'><strong>Christo</strong></span> <span class='ocrx_word' id='word_1_782' title='bbox 3287 5396 3590 5457; x_wconf 70' lang='lat' dir='ltr'><strong>mutumque</strong></span> 
     </span>
    </p>
   </div>
   <div class='ocr_carea' id='block_1_118' title="bbox 2027 5474 3590 5542">
    <p class='ocr_par' dir='ltr' id='par_1_118' title="bbox 2027 5474 3590 5542">
     <span class='ocr_line' id='line_1_118' title="bbox 2027 5474 3590 5542; baseline 0.004 -15"><span class='ocrx_word' id='word_1_783' title='bbox 2027 5474 2170 5530; x_wconf 91' lang='lat' dir='ltr'><strong>inter</strong></span> <span class='ocrx_word' id='word_1_784' title='bbox 2197 5491 2294 5530; x_wconf 88' lang='lat' dir='ltr'><strong>nos</strong></span> <span class='ocrx_word' id='word_1_785' title='bbox 2317 5477 2615 5530; x_wconf 76' lang='lat' dir='ltr'><strong>concordia:</strong></span> <span class='ocrx_word' id='word_1_786' title='bbox 2640 5487 2694 5530; x_wconf 93' lang='lat' dir='ltr'><strong>et</strong></span> <span class='ocrx_word' id='word_1_787' title='bbox 2723 5476 2969 5530; x_wconf 62' lang='lat' dir='ltr'><strong>amicitia:</strong></span> <span class='ocrx_word' id='word_1_788' title='bbox 2990 5477 3214 5530; x_wconf 85' lang='lat' dir='ltr'><strong>vadibus</strong></span> <span class='ocrx_word' id='word_1_789' title='bbox 3237 5477 3342 5542; x_wconf 88' lang='lat' dir='ltr'><strong>usi,</strong></span> <span class='ocrx_word' id='word_1_790' title='bbox 3381 5493 3478 5532; x_wconf 88' lang='lat' dir='ltr'><strong>vos</strong></span> <span class='ocrx_word' id='word_1_791' title='bbox 3503 5495 3590 5533; x_wconf 87' lang='lat' dir='ltr'><strong>sa-</strong></span> 
     </span>
    </p>
   </div>
   <div class='ocr_carea' id='block_1_119' title="bbox 2023 5561 3588 5633">
    <p class='ocr_par' dir='ltr' id='par_1_119' title="bbox 2023 5561 3588 5633">
     <span class='ocr_line' id='line_1_119' title="bbox 2023 5561 3588 5633; baseline 0.006 -20"><span class='ocrx_word' id='word_1_792' title='bbox 2023 5561 2270 5617; x_wconf 82' lang='lat' dir='ltr'><strong>lutandos</strong></span> <span class='ocrx_word' id='word_1_793' title='bbox 2320 5571 2660 5633; x_wconf 88' lang='lat' dir='ltr'><strong>nostramque</strong></span> <span class='ocrx_word' id='word_1_794' title='bbox 2708 5564 3026 5618; x_wconf 86' lang='lat' dir='ltr'><strong>sententiam</strong></span> <span class='ocrx_word' id='word_1_795' title='bbox 3073 5563 3222 5619; x_wconf 83' lang='lat' dir='ltr'><strong>vobis</strong></span> <span class='ocrx_word' id='word_1_796' title='bbox 3256 5565 3588 5622; x_wconf 65' lang='lat' dir='ltr'><strong>beatissimi:</strong></span> 
     </span>
    </p>
   </div>
   <div class='ocr_carea' id='block_1_120' title="bbox 2025 5653 3592 5728">
    <p class='ocr_par' dir='ltr' id='par_1_120' title="bbox 2025 5653 3592 5728">
     <span class='ocr_line' id='line_1_120' title="bbox 2025 5653 3592 5728; baseline 0.003 -22"><span class='ocrx_word' id='word_1_797' title='bbox 2025 5653 2240 5721; x_wconf 87' lang='lat' dir='ltr'><strong>Deoque</strong></span> <span class='ocrx_word' id='word_1_798' title='bbox 2285 5655 2486 5709; x_wconf 87' lang='lat' dir='ltr'><strong>edoctis</strong></span> <span class='ocrx_word' id='word_1_799' title='bbox 2530 5655 2669 5708; x_wconf 84' lang='lat' dir='ltr'><strong>hunc</strong></span> <span class='ocrx_word' id='word_1_800' title='bbox 2708 5655 2760 5707; x_wconf 92' lang='lat' dir='ltr'><strong>in</strong></span> <span class='ocrx_word' id='word_1_801' title='bbox 2807 5654 3022 5708; x_wconf 82' lang='lat' dir='ltr'><strong>modum</strong></span> <span class='ocrx_word' id='word_1_802' title='bbox 3054 5653 3344 5711; x_wconf 78' lang='lat' dir='ltr'><strong>faciendam</strong></span> <span class='ocrx_word' id='word_1_803' title='bbox 3376 5656 3592 5728; x_wconf 78' lang='lat' dir='ltr'><strong>putavi-</strong></span> 
     </span>
    </p>
   </div>
  </div>
