  <div class='ocr_page' id='page_1' title='image "/cluster/home/n/w/nwhite01/storage/ocr_20150623/100/coo.31924054870047/105.png"; bbox 0 0 3978 6488; ppageno 0'>
   <div class='ocr_carea' id='block_1_1' title="bbox 411 416 509 484">
    <p class='ocr_par' dir='ltr' id='par_1_1' title="bbox 411 416 509 484">
     <span class='ocr_line' id='line_1_1' title="bbox 411 416 509 484; baseline 0.01 -2"><span class='ocrx_word' id='word_1_1' title='bbox 411 416 509 484; x_wconf 69' lang='lat' dir='ltr'><strong>l9!)</strong></span> 
     </span>
    </p>
   </div>
   <div class='ocr_carea' id='block_1_2' title="bbox 1394 385 2605 464">
    <p class='ocr_par' dir='ltr' id='par_1_2' title="bbox 1394 385 2605 464">
     <span class='ocr_line' id='line_1_2' title="bbox 1394 385 2605 464; baseline -0.017 1"><span class='ocrx_word' id='word_1_2' title='bbox 1394 403 1453 464; x_wconf 88' lang='lat' dir='ltr'><strong>S.</strong></span> <span class='ocrx_word' id='word_1_3' title='bbox 1496 395 1916 463; x_wconf 81' lang='lat' dir='ltr'><strong>NICEPHOBI</strong></span> <span class='ocrx_word' id='word_1_4' title='bbox 1951 387 2458 453; x_wconf 66' lang='lat' dir='ltr'><strong>PATRIARCRE</strong></span> <span class='ocrx_word' id='word_1_5' title='bbox 2496 385 2605 447; x_wconf 88' lang='lat' dir='ltr'><strong>CP.</strong></span> 
     </span>
    </p>
   </div>
   <div class='ocr_carea' id='block_1_3' title="bbox 3536 386 3632 453">
    <p class='ocr_par' dir='ltr' id='par_1_3' title="bbox 3536 386 3632 453">
     <span class='ocr_line' id='line_1_3' title="bbox 3536 386 3632 453; baseline 0.031 -3"><span class='ocrx_word' id='word_1_6' title='bbox 3536 386 3632 453; x_wconf 78' lang='lat'><strong>196</strong></span> 
     </span>
    </p>
   </div>
   <div class='ocr_carea' id='block_1_4' title="bbox 397 493 2009 588">
    <p class='ocr_par' dir='ltr' id='par_1_4' title="bbox 397 502 2009 588">
     <span class='ocr_line' id='line_1_4' title="bbox 397 502 2009 588; baseline -0.02 -1"><span class='ocrx_word' id='word_1_7' title='bbox 397 546 541 588; x_wconf 85' lang='lat' dir='ltr'><strong>mus.</strong></span> <span class='ocrx_word' id='word_1_8' title='bbox 578 524 768 581; x_wconf 82' lang='lat' dir='ltr'><strong>Vestra</strong></span> <span class='ocrx_word' id='word_1_9' title='bbox 804 529 984 577; x_wconf 86' lang='lat' dir='ltr'><strong>autem</strong></span> <span class='ocrx_word' id='word_1_10' title='bbox 1022 515 1479 574; x_wconf 85' lang='lat' dir='ltr'><strong>desideratissima</strong></span> <span class='ocrx_word' id='word_1_11' title='bbox 1513 513 1569 565; x_wconf 89' lang='lat' dir='ltr'><strong>in</strong></span> <span class='ocrx_word' id='word_1_12' title='bbox 1613 505 1838 563; x_wconf 86' lang='lat' dir='ltr'><strong>Domino</strong></span> <span class='ocrx_word' id='word_1_13' title='bbox 1862 502 1970 556; x_wconf 82' lang='lat' dir='ltr'><strong>fra-</strong></span> <span class='ocrx_word' id='word_1_14' title='bbox 1997 540 2009 567; x_wconf 45' lang='grc' dir='ltr'><em>Α</em></span> 
     </span>
    </p>
   </div>
   <div class='ocr_carea' id='block_1_5' title="bbox 2107 493 3632 588">
    <p class='ocr_par' dir='ltr' id='par_1_5' title="bbox 2108 493 3632 574">
     <span class='ocr_line' id='line_1_5' title="bbox 2108 493 3632 574; baseline -0.002 -24"><span class='ocrx_word' id='word_1_15' title='bbox 2108 522 2211 556; x_wconf 78' lang='lat' dir='ltr'><strong>om</strong></span> <span class='ocrx_word' id='word_1_16' title='bbox 2264 502 2398 570; x_wconf 73' lang='grc' dir='ltr'>ἡμᾶς</span> <span class='ocrx_word' id='word_1_17' title='bbox 2456 502 2639 569; x_wconf 76' lang='grc' dir='ltr'>πρῶτοι</span> <span class='ocrx_word' id='word_1_18' title='bbox 2697 494 2785 563; x_wconf 79' lang='grc' dir='ltr'><strong>μέν</strong></span> <span class='ocrx_word' id='word_1_19' title='bbox 2843 494 3028 564; x_wconf 71' lang='grc' dir='ltr'>εὐχαῖς</span> <span class='ocrx_word' id='word_1_20' title='bbox 3078 500 3189 553; x_wconf 79' lang='grc' dir='ltr'>ταῖς</span> <span class='ocrx_word' id='word_1_21' title='bbox 3244 494 3364 568; x_wconf 78' lang='grc' dir='ltr'>πρός</span> <span class='ocrx_word' id='word_1_22' title='bbox 3431 493 3632 574; x_wconf 66' lang='grc' dir='ltr'>κύριον,</span> 
     </span>
    </p>
   </div>
   <div class='ocr_carea' id='block_1_6' title="bbox 403 593 1980 679">
    <p class='ocr_par' dir='ltr' id='par_1_6' title="bbox 403 593 1980 679">
     <span class='ocr_line' id='line_1_6' title="bbox 403 593 1980 679; baseline -0.02 -5"><span class='ocrx_word' id='word_1_23' title='bbox 403 616 651 679; x_wconf 88' lang='lat' dir='ltr'><strong>ternitas,</strong></span> <span class='ocrx_word' id='word_1_24' title='bbox 675 612 847 666; x_wconf 85' lang='lat' dir='ltr'><strong>vicem</strong></span> <span class='ocrx_word' id='word_1_25' title='bbox 880 607 1037 662; x_wconf 89' lang='lat' dir='ltr'><strong>nobis</strong></span> <span class='ocrx_word' id='word_1_26' title='bbox 1066 604 1294 659; x_wconf 85' lang='lat' dir='ltr'><strong>reddens</strong></span> <span class='ocrx_word' id='word_1_27' title='bbox 1329 600 1579 670; x_wconf 77' lang='lat' dir='ltr'><strong>precibus</strong></span> <span class='ocrx_word' id='word_1_28' title='bbox 1602 596 1667 649; x_wconf 90' lang='lat' dir='ltr'><strong>ad</strong></span> <span class='ocrx_word' id='word_1_29' title='bbox 1697 593 1980 649; x_wconf 90' lang='lat' dir='ltr'><strong>Dominum</strong></span> 
     </span>
    </p>
   </div>
   <div class='ocr_carea' id='block_1_7' title="bbox 406 689 1986 772">
    <p class='ocr_par' dir='ltr' id='par_1_7' title="bbox 406 689 1986 772">
     <span class='ocr_line' id='line_1_7' title="bbox 406 689 1986 772; baseline -0.016 -13"><span class='ocrx_word' id='word_1_30' title='bbox 406 705 559 765; x_wconf 81' lang='lat' dir='ltr'><strong>fusis,</strong></span> <span class='ocrx_word' id='word_1_31' title='bbox 587 699 1009 772; x_wconf 87' lang='lat' dir='ltr'><strong>opportunisque</strong></span> <span class='ocrx_word' id='word_1_32' title='bbox 1043 693 1403 755; x_wconf 83' lang='lat' dir='ltr'><strong>sermonibus,</strong></span> <span class='ocrx_word' id='word_1_33' title='bbox 1432 697 1487 742; x_wconf 89' lang='lat' dir='ltr'><strong>et</strong></span> <span class='ocrx_word' id='word_1_34' title='bbox 1509 689 1639 756; x_wconf 82' lang='lat' dir='ltr'><strong>ipsis</strong></span> <span class='ocrx_word' id='word_1_35' title='bbox 1665 695 1986 772; x_wconf 79' lang='lat' dir='ltr'><strong>quoquere-</strong></span> 
     </span>
    </p>
   </div>
   <div class='ocr_carea' id='block_1_8' title="bbox 408 771 1985 857">
    <p class='ocr_par' dir='ltr' id='par_1_8' title="bbox 408 771 1985 857">
     <span class='ocr_line' id='line_1_8' title="bbox 408 771 1985 857; baseline -0.016 -9"><span class='ocrx_word' id='word_1_36' title='bbox 408 795 530 857; x_wconf 83' lang='lat' dir='ltr'><strong>bus,</strong></span> <span class='ocrx_word' id='word_1_37' title='bbox 558 771 657 845; x_wconf 76' lang='lat' dir='ltr'><strong>nos</strong></span> <span class='ocrx_word' id='word_1_38' title='bbox 694 787 974 843; x_wconf 88' lang='lat' dir='ltr'><strong>conﬁrmet</strong></span> <span class='ocrx_word' id='word_1_39' title='bbox 1001 785 1376 850; x_wconf 88' lang='lat' dir='ltr'><strong>inlormetque,</strong></span> <span class='ocrx_word' id='word_1_40' title='bbox 1413 793 1518 847; x_wconf 86' lang='lat' dir='ltr'><strong>quo</strong></span> <span class='ocrx_word' id='word_1_41' title='bbox 1546 774 1738 829; x_wconf 89' lang='lat' dir='ltr'><strong>vestris</strong></span> <span class='ocrx_word' id='word_1_42' title='bbox 1781 771 1985 842; x_wconf 82' lang='lat' dir='ltr'><strong>legibus</strong></span> 
     </span>
    </p>
   </div>
   <div class='ocr_carea' id='block_1_9' title="bbox 406 859 1988 948">
    <p class='ocr_par' dir='ltr' id='par_1_9' title="bbox 406 859 1988 948">
     <span class='ocr_line' id='line_1_9' title="bbox 406 859 1988 948; baseline -0.016 -12"><span class='ocrx_word' id='word_1_43' title='bbox 406 890 697 948; x_wconf 84' lang='lat' dir='ltr'><strong>vestraque</strong></span> <span class='ocrx_word' id='word_1_44' title='bbox 720 875 920 931; x_wconf 78' lang='lat' dir='ltr'><strong>suﬁulti</strong></span> <span class='ocrx_word' id='word_1_45' title='bbox 959 874 1205 928; x_wconf 75' lang='lat' dir='ltr'><strong>doctrina</strong></span> <span class='ocrx_word' id='word_1_46' title='bbox 1232 871 1284 924; x_wconf 89' lang='lat' dir='ltr'><strong>in</strong></span> <span class='ocrx_word' id='word_1_47' title='bbox 1324 870 1425 922; x_wconf 90' lang='lat' dir='ltr'><strong>hac</strong></span> <span class='ocrx_word' id='word_1_48' title='bbox 1451 865 1555 918; x_wconf 88' lang='lat' dir='ltr'><strong>ﬁde</strong></span> <span class='ocrx_word' id='word_1_49' title='bbox 1581 862 1819 923; x_wconf 78' lang='lat' dir='ltr'><strong>stabiles,</strong></span> <span class='ocrx_word' id='word_1_50' title='bbox 1859 859 1988 913; x_wconf 90' lang='lat' dir='ltr'><strong>sim-</strong></span> 
     </span>
    </p>
   </div>
   <div class='ocr_carea' id='block_1_10' title="bbox 409 953 1984 1044">
    <p class='ocr_par' dir='ltr' id='par_1_10' title="bbox 409 953 1984 1044">
     <span class='ocr_line' id='line_1_10' title="bbox 409 953 1984 1044; baseline -0.016 -17"><span class='ocrx_word' id='word_1_51' title='bbox 409 972 598 1044; x_wconf 82' lang='lat' dir='ltr'><strong>plices,</strong></span> <span class='ocrx_word' id='word_1_52' title='bbox 642 978 694 1022; x_wconf 90' lang='lat' dir='ltr'><strong>et</strong></span> <span class='ocrx_word' id='word_1_53' title='bbox 737 968 805 1021; x_wconf 89' lang='lat' dir='ltr'><strong>ab</strong></span> <span class='ocrx_word' id='word_1_54' title='bbox 842 965 985 1019; x_wconf 91' lang='lat' dir='ltr'><strong>omni</strong></span> <span class='ocrx_word' id='word_1_55' title='bbox 1030 963 1238 1017; x_wconf 82' lang='lat' dir='ltr'><strong>defectu</strong></span> <span class='ocrx_word' id='word_1_56' title='bbox 1302 960 1565 1012; x_wconf 90' lang='lat' dir='ltr'><strong>immunes</strong></span> <span class='ocrx_word' id='word_1_57' title='bbox 1614 953 1984 1044; x_wconf 81' lang='lat' dir='ltr'><strong>persistamus,</strong></span> 
     </span>
    </p>
   </div>
   <div class='ocr_carea' id='block_1_11' title="bbox 412 1039 1991 1127">
    <p class='ocr_par' dir='ltr' id='par_1_11' title="bbox 412 1039 1991 1127">
     <span class='ocr_line' id='line_1_11' title="bbox 412 1039 1991 1127; baseline -0.016 -11"><span class='ocrx_word' id='word_1_58' title='bbox 412 1039 702 1127; x_wconf 71' lang='lat' dir='ltr'><strong>omniaque</strong></span> <span class='ocrx_word' id='word_1_59' title='bbox 733 1056 984 1127; x_wconf 87' lang='lat' dir='ltr'><strong>mysteria</strong></span> <span class='ocrx_word' id='word_1_60' title='bbox 1019 1068 1137 1121; x_wconf 73' lang='lat' dir='ltr'><strong>qua:</strong></span> <span class='ocrx_word' id='word_1_61' title='bbox 1173 1052 1226 1103; x_wconf 93' lang='lat' dir='ltr'><strong>in</strong></span> <span class='ocrx_word' id='word_1_62' title='bbox 1267 1050 1378 1117; x_wconf 88' lang='lat' dir='ltr'><strong>ipsa</strong></span> <span class='ocrx_word' id='word_1_63' title='bbox 1413 1046 1501 1100; x_wconf 88' lang='lat' dir='ltr'><strong>vel</strong></span> <span class='ocrx_word' id='word_1_64' title='bbox 1529 1046 1595 1099; x_wconf 93' lang='lat' dir='ltr'><strong>de</strong></span> <span class='ocrx_word' id='word_1_65' title='bbox 1635 1044 1749 1112; x_wconf 90' lang='lat' dir='ltr'><strong>ipsa</strong></span> <span class='ocrx_word' id='word_1_66' title='bbox 1792 1041 1860 1095; x_wconf 88' lang='lat' dir='ltr'><strong>ab</strong></span> <span class='ocrx_word' id='word_1_67' title='bbox 1887 1039 1991 1092; x_wconf 87' lang='lat' dir='ltr'><strong>iui-</strong></span> 
     </span>
    </p>
   </div>
   <div class='ocr_carea' id='block_1_12' title="bbox 414 1131 1991 1209">
    <p class='ocr_par' dir='ltr' id='par_1_12' title="bbox 414 1131 1991 1209">
     <span class='ocr_line' id='line_1_12' title="bbox 414 1131 1991 1209; baseline -0.016 -2"><span class='ocrx_word' id='word_1_68' title='bbox 414 1153 492 1207; x_wconf 88' lang='lat' dir='ltr'><strong>tio</strong></span> <span class='ocrx_word' id='word_1_69' title='bbox 520 1158 641 1204; x_wconf 89' lang='lat' dir='ltr'><strong>sunt</strong></span> <span class='ocrx_word' id='word_1_70' title='bbox 675 1149 889 1209; x_wconf 88' lang='lat' dir='ltr'><strong>tradita,</strong></span> <span class='ocrx_word' id='word_1_71' title='bbox 941 1145 1256 1198; x_wconf 90' lang='lat' dir='ltr'><strong>inconcussa</strong></span> <span class='ocrx_word' id='word_1_72' title='bbox 1305 1139 1654 1198; x_wconf 76' lang='lat' dir='ltr'><strong>retineamus,</strong></span> <span class='ocrx_word' id='word_1_73' title='bbox 1697 1140 1751 1187; x_wconf 91' lang='lat' dir='ltr'><strong>et</strong></span> <span class='ocrx_word' id='word_1_74' title='bbox 1775 1131 1991 1185; x_wconf 91' lang='lat' dir='ltr'><strong>univer-</strong></span> 
     </span>
    </p>
   </div>
   <div class='ocr_carea' id='block_1_13' title="bbox 419 1220 1986 1303">
    <p class='ocr_par' dir='ltr' id='par_1_13' title="bbox 419 1220 1986 1303">
     <span class='ocr_line' id='line_1_13' title="bbox 419 1220 1986 1303; baseline -0.013 -10"><span class='ocrx_word' id='word_1_75' title='bbox 419 1255 537 1293; x_wconf 85' lang='lat' dir='ltr'><strong>sum</strong></span> <span class='ocrx_word' id='word_1_76' title='bbox 577 1238 804 1303; x_wconf 89' lang='lat' dir='ltr'><strong>denique</strong></span> <span class='ocrx_word' id='word_1_77' title='bbox 852 1232 1167 1287; x_wconf 85' lang='lat' dir='ltr'><strong>rationalem</strong></span> <span class='ocrx_word' id='word_1_78' title='bbox 1214 1236 1460 1283; x_wconf 88' lang='lat' dir='ltr'><strong>nostrum</strong></span> <span class='ocrx_word' id='word_1_79' title='bbox 1509 1239 1745 1294; x_wconf 87' lang='lat' dir='ltr'><strong>gregem,</strong></span> <span class='ocrx_word' id='word_1_80' title='bbox 1790 1220 1986 1276; x_wconf 89' lang='lat' dir='ltr'><strong>summi</strong></span> 
     </span>
    </p>
   </div>
   <div class='ocr_carea' id='block_1_14' title="bbox 417 1311 1994 1396">
    <p class='ocr_par' dir='ltr' id='par_1_14' title="bbox 417 1311 1994 1396">
     <span class='ocr_line' id='line_1_14' title="bbox 417 1311 1994 1396; baseline -0.012 -15"><span class='ocrx_word' id='word_1_81' title='bbox 417 1326 647 1396; x_wconf 83' lang='lat' dir='ltr'><strong>pastoris</strong></span> <span class='ocrx_word' id='word_1_82' title='bbox 693 1324 910 1377; x_wconf 88' lang='lat' dir='ltr'><strong>nomine</strong></span> <span class='ocrx_word' id='word_1_83' title='bbox 968 1330 1023 1374; x_wconf 91' lang='lat' dir='ltr'><strong>et</strong></span> <span class='ocrx_word' id='word_1_84' title='bbox 1063 1318 1319 1373; x_wconf 89' lang='lat' dir='ltr'><strong>unctione</strong></span> <span class='ocrx_word' id='word_1_85' title='bbox 1359 1315 1692 1384; x_wconf 79' lang='lat' dir='ltr'><strong>insignitum,</strong></span> <span class='ocrx_word' id='word_1_86' title='bbox 1744 1311 1994 1377; x_wconf 89' lang='lat' dir='ltr'><strong>intraque</strong></span> 
     </span>
    </p>
   </div>
   <div class='ocr_carea' id='block_1_15' title="bbox 422 1395 1995 1476">
    <p class='ocr_par' dir='ltr' id='par_1_15' title="bbox 422 1395 1995 1476">
     <span class='ocr_line' id='line_1_15' title="bbox 422 1395 1995 1476; baseline -0.013 -7"><span class='ocrx_word' id='word_1_87' title='bbox 422 1395 797 1469; x_wconf 71' lang='lat' dir='ltr'><strong>ecclesiastica:</strong></span> <span class='ocrx_word' id='word_1_88' title='bbox 826 1409 995 1464; x_wconf 73' lang='lat' dir='ltr'><strong>caulze</strong></span> <span class='ocrx_word' id='word_1_89' title='bbox 1017 1417 1166 1476; x_wconf 87' lang='lat' dir='ltr'><strong>septa</strong></span> <span class='ocrx_word' id='word_1_90' title='bbox 1193 1405 1567 1466; x_wconf 91' lang='lat' dir='ltr'><strong>constitutum,</strong></span> <span class='ocrx_word' id='word_1_91' title='bbox 1605 1398 1890 1454; x_wconf 81' lang='lat' dir='ltr'><strong>manifesta</strong></span> <span class='ocrx_word' id='word_1_92' title='bbox 1914 1395 1995 1450; x_wconf 91' lang='lat' dir='ltr'><strong>di-</strong></span> 
     </span>
    </p>
   </div>
   <div class='ocr_carea' id='block_1_16' title="bbox 422 1486 1998 1568">
    <p class='ocr_par' dir='ltr' id='par_1_16' title="bbox 422 1486 1998 1568">
     <span class='ocr_line' id='line_1_16' title="bbox 422 1486 1998 1568; baseline -0.01 -12"><span class='ocrx_word' id='word_1_93' title='bbox 422 1502 563 1556; x_wconf 77' lang='lat' dir='ltr'><strong>vinae</strong></span> <span class='ocrx_word' id='word_1_94' title='bbox 591 1501 731 1555; x_wconf 80' lang='lat' dir='ltr'><strong>illius</strong></span> <span class='ocrx_word' id='word_1_95' title='bbox 772 1508 826 1553; x_wconf 93' lang='lat' dir='ltr'><strong>et</strong></span> <span class='ocrx_word' id='word_1_96' title='bbox 853 1497 1155 1568; x_wconf 70' lang='lat' dir='ltr'><strong>apostolica:</strong></span> <span class='ocrx_word' id='word_1_97' title='bbox 1194 1492 1484 1564; x_wconf 89' lang='lat' dir='ltr'><strong>spiritualis</strong></span> <span class='ocrx_word' id='word_1_98' title='bbox 1523 1490 1780 1545; x_wconf 64' lang='lat' dir='ltr'><strong>doctrinae</strong></span> <span class='ocrx_word' id='word_1_99' title='bbox 1808 1486 1998 1541; x_wconf 70' lang='lat' dir='ltr'><strong>ﬁstulae</strong></span> 
     </span>
    </p>
   </div>
   <div class='ocr_carea' id='block_1_17' title="bbox 427 1574 1998 1653">
    <p class='ocr_par' dir='ltr' id='par_1_17' title="bbox 427 1574 1998 1653">
     <span class='ocr_line' id='line_1_17' title="bbox 427 1574 1998 1653; baseline -0.011 -9"><span class='ocrx_word' id='word_1_100' title='bbox 427 1589 869 1653; x_wconf 85' lang='lat' dir='ltr'><strong>ebuccinatione,</strong></span> <span class='ocrx_word' id='word_1_101' title='bbox 927 1585 1254 1652; x_wconf 82' lang='lat' dir='ltr'><strong>vocibusque</strong></span> <span class='ocrx_word' id='word_1_102' title='bbox 1313 1581 1568 1636; x_wconf 83' lang='lat' dir='ltr'><strong>divinitus</strong></span> <span class='ocrx_word' id='word_1_103' title='bbox 1614 1576 1889 1646; x_wconf 88' lang='lat' dir='ltr'><strong>inspiratis</strong></span> <span class='ocrx_word' id='word_1_104' title='bbox 1942 1574 1998 1627; x_wconf 90' lang='lat' dir='ltr'><strong>in</strong></span> 
     </span>
    </p>
   </div>
   <div class='ocr_carea' id='block_1_18' title="bbox 426 1668 2000 1748">
    <p class='ocr_par' dir='ltr' id='par_1_18' title="bbox 426 1668 2000 1748">
     <span class='ocr_line' id='line_1_18' title="bbox 426 1668 2000 1748; baseline -0.01 -14"><span class='ocrx_word' id='word_1_105' title='bbox 426 1676 595 1734; x_wconf 84' lang='lat' dir='ltr'><strong>unum</strong></span> <span class='ocrx_word' id='word_1_106' title='bbox 622 1692 1008 1748; x_wconf 85' lang='lat' dir='ltr'><strong>congregemus</strong></span> <span class='ocrx_word' id='word_1_107' title='bbox 1033 1684 1085 1730; x_wconf 93' lang='lat' dir='ltr'><strong>et</strong></span> <span class='ocrx_word' id='word_1_108' title='bbox 1107 1675 1175 1728; x_wconf 91' lang='lat' dir='ltr'><strong>ab</strong></span> <span class='ocrx_word' id='word_1_109' title='bbox 1202 1672 1572 1728; x_wconf 89' lang='lat' dir='ltr'><strong>insidiantium</strong></span> <span class='ocrx_word' id='word_1_110' title='bbox 1596 1668 1831 1724; x_wconf 79' lang='lat' dir='ltr'><strong>ferarum</strong></span> <span class='ocrx_word' id='word_1_111' title='bbox 1857 1679 2000 1720; x_wconf 88' lang='lat' dir='ltr'><strong>mor-</strong></span> 
     </span>
    </p>
   </div>
   <div class='ocr_carea' id='block_1_19' title="bbox 425 1767 1266 1824">
    <p class='ocr_par' dir='ltr' id='par_1_19' title="bbox 425 1767 1266 1824">
     <span class='ocr_line' id='line_1_19' title="bbox 425 1767 1266 1824; baseline -0.01 0"><span class='ocrx_word' id='word_1_112' title='bbox 425 1767 576 1824; x_wconf 79' lang='lat' dir='ltr'><strong>sibus</strong></span> <span class='ocrx_word' id='word_1_113' title='bbox 612 1767 837 1821; x_wconf 65' lang='lat' dir='ltr'><strong>illaisum</strong></span> <span class='ocrx_word' id='word_1_114' title='bbox 866 1778 1266 1821; x_wconf 89' lang='lat' dir='ltr'><strong>conservemus.</strong></span> 
     </span>
    </p>
   </div>
   <div class='ocr_carea' id='block_1_20' title="bbox 2081 583 3636 660">
    <p class='ocr_par' dir='ltr' id='par_1_20' title="bbox 2081 583 3636 660">
     <span class='ocr_line' id='line_1_20' title="bbox 2081 583 3636 660; baseline -0.014 -16"><span class='ocrx_word' id='word_1_115' title='bbox 2081 587 2257 644; x_wconf 70' lang='grc' dir='ltr'>ἔπειτα</span> <span class='ocrx_word' id='word_1_116' title='bbox 2298 585 2351 641; x_wconf 81' lang='grc' dir='ltr'><strong>δέ</strong></span> <span class='ocrx_word' id='word_1_117' title='bbox 2404 586 2487 640; x_wconf 87' lang='grc' dir='ltr'><strong>καί</strong></span> <span class='ocrx_word' id='word_1_118' title='bbox 2534 583 2693 655; x_wconf 87' lang='grc' dir='ltr'>λόγοις</span> <span class='ocrx_word' id='word_1_119' title='bbox 2743 590 2849 640; x_wconf 86' lang='grc' dir='ltr'>τοῖς</span> <span class='ocrx_word' id='word_1_120' title='bbox 2896 584 3165 640; x_wconf 70' lang='grc' dir='ltr'>καθήκουσι</span> <span class='ocrx_word' id='word_1_121' title='bbox 3209 588 3293 637; x_wconf 75' lang='grc' dir='ltr'>καὶ</span> <span class='ocrx_word' id='word_1_122' title='bbox 3342 585 3636 660; x_wconf 59' lang='grc' dir='ltr'>πράγμασιν</span> 
     </span>
    </p>
   </div>
   <div class='ocr_carea' id='block_1_21' title="bbox 2082 673 3640 751">
    <p class='ocr_par' dir='ltr' id='par_1_21' title="bbox 2082 673 3640 751">
     <span class='ocr_line' id='line_1_21' title="bbox 2082 673 3640 751; baseline -0.003 -18"><span class='ocrx_word' id='word_1_123' title='bbox 2082 682 2463 749; x_wconf 75' lang='grc' dir='ltr'>έπιπτηρίζουσι</span> <span class='ocrx_word' id='word_1_124' title='bbox 2519 677 2603 729; x_wconf 85' lang='grc' dir='ltr'><strong>καί</strong></span> <span class='ocrx_word' id='word_1_125' title='bbox 2660 675 3042 737; x_wconf 62' lang='grc' dir='ltr'>συνετίζουσιν,</span> <span class='ocrx_word' id='word_1_126' title='bbox 3085 673 3167 727; x_wconf 76' lang='grc' dir='ltr'>ἵνα</span> <span class='ocrx_word' id='word_1_127' title='bbox 3210 682 3322 734; x_wconf 84' lang='grc' dir='ltr'>ταῖς</span> <span class='ocrx_word' id='word_1_128' title='bbox 3370 676 3640 751; x_wconf 71' lang='grc' dir='ltr'>ὑμετέραις</span> 
     </span>
    </p>
   </div>
   <div class='ocr_carea' id='block_1_22' title="bbox 2081 763 3640 842">
    <p class='ocr_par' dir='ltr' id='par_1_22' title="bbox 2081 763 3640 842">
     <span class='ocr_line' id='line_1_22' title="bbox 2081 763 3640 842; baseline -0.001 -18"><span class='ocrx_word' id='word_1_129' title='bbox 2081 771 2390 839; x_wconf 72' lang='grc' dir='ltr'><strong>νομοθεσίαις</strong></span> <span class='ocrx_word' id='word_1_130' title='bbox 2432 769 2515 821; x_wconf 80' lang='grc' dir='ltr'><strong>καί</strong></span> <span class='ocrx_word' id='word_1_131' title='bbox 2558 765 2903 825; x_wconf 79' lang='grc' dir='ltr'><strong>διδασκαλίαις</strong></span> <span class='ocrx_word' id='word_1_132' title='bbox 2946 768 3206 834; x_wconf 79' lang='grc' dir='ltr'>στήκωμεν</span> <span class='ocrx_word' id='word_1_133' title='bbox 3250 763 3443 837; x_wconf 77' lang='grc' dir='ltr'>έδραῖοι</span> <span class='ocrx_word' id='word_1_134' title='bbox 3485 771 3536 823; x_wconf 70' lang='grc' dir='ltr'>ἐν</span> <span class='ocrx_word' id='word_1_135' title='bbox 3580 778 3640 842; x_wconf 70' lang='grc' dir='ltr'><strong>τῇ</strong></span> 
     </span>
    </p>
   </div>
   <div class='ocr_carea' id='block_1_23' title="bbox 2083 854 3642 930">
    <p class='ocr_par' dir='ltr' id='par_1_23' title="bbox 2083 854 3642 930">
     <span class='ocr_line' id='line_1_23' title="bbox 2083 854 3642 930; baseline -0.003 -16"><span class='ocrx_word' id='word_1_136' title='bbox 2083 859 2294 930; x_wconf 78' lang='grc' dir='ltr'>τοιαύτῃ</span> <span class='ocrx_word' id='word_1_137' title='bbox 2344 858 2514 911; x_wconf 87' lang='grc' dir='ltr'>πίστει</span> <span class='ocrx_word' id='word_1_138' title='bbox 2567 854 2837 913; x_wconf 76' lang='grc' dir='ltr'>ἀνε).λιπῶς</span> <span class='ocrx_word' id='word_1_139' title='bbox 2888 854 2972 906; x_wconf 83' lang='grc' dir='ltr'><strong>καί</strong></span> <span class='ocrx_word' id='word_1_140' title='bbox 3019 855 3255 925; x_wconf 59' lang='grc' dir='ltr'>ἀκέραιοί</span> <span class='ocrx_word' id='word_1_141' title='bbox 3289 858 3455 909; x_wconf 83' lang='grc' dir='ltr'>πάντα</span> <span class='ocrx_word' id='word_1_142' title='bbox 3496 860 3562 912; x_wconf 78' lang='grc' dir='ltr'>τὰ</span> <span class='ocrx_word' id='word_1_143' title='bbox 3593 859 3642 912; x_wconf 77' lang='grc' dir='ltr'><strong>έν</strong></span> 
     </span>
    </p>
   </div>
   <div class='ocr_carea' id='block_1_24' title="bbox 2084 941 3639 1021">
    <p class='ocr_par' dir='ltr' id='par_1_24' title="bbox 2084 941 3639 1021">
     <span class='ocr_line' id='line_1_24' title="bbox 2084 941 3639 1021; baseline 0.002 -24"><span class='ocrx_word' id='word_1_144' title='bbox 2084 951 2206 1021; x_wconf 68' lang='grc' dir='ltr'>αὐτῇ</span> <span class='ocrx_word' id='word_1_145' title='bbox 2267 951 2525 1017; x_wconf 79' lang='grc' dir='ltr'><strong>μυστήρια</strong></span> <span class='ocrx_word' id='word_1_146' title='bbox 2550 983 2566 1007; x_wconf 95' lang='grc'><strong>,</strong></span> <span class='ocrx_word' id='word_1_147' title='bbox 2618 941 2799 998; x_wconf 60' lang='lat' dir='ltr'><strong>ames»</strong></span> <span class='ocrx_word' id='word_1_148' title='bbox 2846 941 3230 1017; x_wconf 74' lang='grc' dir='ltr'><strong>παραδεδομένα</strong></span> <span class='ocrx_word' id='word_1_149' title='bbox 3293 944 3639 1018; x_wconf 76' lang='grc' dir='ltr'>ἀπαράτρωτα</span> 
     </span>
    </p>
   </div>
   <div class='ocr_carea' id='block_1_25' title="bbox 2086 1028 3645 1109">
    <p class='ocr_par' dir='ltr' id='par_1_25' title="bbox 2086 1028 3645 1109">
     <span class='ocr_line' id='line_1_25' title="bbox 2086 1028 3645 1109; baseline -0.001 -19"><span class='ocrx_word' id='word_1_150' title='bbox 2086 1038 2434 1109; x_wconf 74' lang='grc' dir='ltr'>φυλάττοντες,</span> <span class='ocrx_word' id='word_1_151' title='bbox 2479 1036 2561 1087; x_wconf 88' lang='grc' dir='ltr'><strong>καί</strong></span> <span class='ocrx_word' id='word_1_152' title='bbox 2614 1031 2736 1086; x_wconf 77' lang='grc' dir='ltr'>εἴσω</span> <span class='ocrx_word' id='word_1_153' title='bbox 2780 1040 2876 1086; x_wconf 84' lang='grc' dir='ltr'><strong>τῶν</strong></span> <span class='ocrx_word' id='word_1_154' title='bbox 2928 1028 3058 1099; x_wconf 86' lang='grc' dir='ltr'>ὅρων</span> <span class='ocrx_word' id='word_1_155' title='bbox 3103 1038 3195 1091; x_wconf 76' lang='grc' dir='ltr'><strong>τῆς</strong></span> <span class='ocrx_word' id='word_1_156' title='bbox 3237 1032 3645 1095; x_wconf 74' lang='grc' dir='ltr'>ἐκκλησιαστικῆς</span> 
     </span>
    </p>
   </div>
   <div class='ocr_carea' id='block_1_26' title="bbox 2088 1121 3646 1193">
    <p class='ocr_par' dir='ltr' id='par_1_26' title="bbox 2088 1121 3646 1193">
     <span class='ocr_line' id='line_1_26' title="bbox 2088 1121 3646 1193; baseline -0.011 -14"><span class='ocrx_word' id='word_1_157' title='bbox 2088 1127 2239 1184; x_wconf 73' lang='grc' dir='ltr'>αὐλῆς</span> <span class='ocrx_word' id='word_1_158' title='bbox 2287 1124 2553 1191; x_wconf 78' lang='grc' dir='ltr'><strong>ἱστάμενα,</strong></span> <span class='ocrx_word' id='word_1_159' title='bbox 2591 1129 2653 1192; x_wconf 77' lang='grc' dir='ltr'>τῇ</span> <span class='ocrx_word' id='word_1_160' title='bbox 2702 1122 2809 1189; x_wconf 74' lang='grc' dir='ltr'>θεία</span> <span class='ocrx_word' id='word_1_161' title='bbox 2855 1121 3080 1189; x_wconf 87' lang='grc' dir='ltr'>σύριγγι,</span> <span class='ocrx_word' id='word_1_162' title='bbox 3126 1126 3189 1193; x_wconf 75' lang='grc' dir='ltr'>τῇ</span> <span class='ocrx_word' id='word_1_163' title='bbox 3238 1126 3329 1180; x_wconf 79' lang='grc' dir='ltr'>τῆς</span> <span class='ocrx_word' id='word_1_164' title='bbox 3374 1122 3646 1176; x_wconf 82' lang='grc' dir='ltr'>ὰποστολι.</span> 
     </span>
    </p>
   </div>
   <div class='ocr_carea' id='block_1_27' title="bbox 2090 1208 3648 1284">
    <p class='ocr_par' dir='ltr' id='par_1_27' title="bbox 2090 1208 3648 1284">
     <span class='ocr_line' id='line_1_27' title="bbox 2090 1208 3648 1284; baseline -0.001 -19"><span class='ocrx_word' id='word_1_165' title='bbox 2090 1222 2176 1273; x_wconf 70' lang='lat' dir='ltr'><strong>xi;</strong></span> <span class='ocrx_word' id='word_1_166' title='bbox 2212 1214 2294 1266; x_wconf 86' lang='grc' dir='ltr'><strong>καί</strong></span> <span class='ocrx_word' id='word_1_167' title='bbox 2334 1220 2677 1280; x_wconf 78' lang='grc' dir='ltr'><strong>πνευματικῆς</strong></span> <span class='ocrx_word' id='word_1_168' title='bbox 2712 1208 3039 1269; x_wconf 83' lang='grc' dir='ltr'>διδασκαλίας</span> <span class='ocrx_word' id='word_1_169' title='bbox 3083 1211 3286 1280; x_wconf 77' lang='grc' dir='ltr'>εύσήμῳ</span> <span class='ocrx_word' id='word_1_170' title='bbox 3329 1212 3648 1284; x_wconf 67' lang='grc' dir='ltr'>περιϐομεή-</span> 
     </span>
    </p>
   </div>
   <div class='ocr_carea' id='block_1_28' title="bbox 2092 1298 3649 1373">
    <p class='ocr_par' dir='ltr' id='par_1_28' title="bbox 2092 1298 3649 1373">
     <span class='ocr_line' id='line_1_28' title="bbox 2092 1298 3649 1373; baseline -0.003 -15"><span class='ocrx_word' id='word_1_171' title='bbox 2092 1324 2191 1365; x_wconf 90' lang='grc' dir='ltr'>σει,</span> <span class='ocrx_word' id='word_1_172' title='bbox 2230 1306 2316 1355; x_wconf 84' lang='grc' dir='ltr'><strong>καί</strong></span> <span class='ocrx_word' id='word_1_173' title='bbox 2356 1303 2708 1358; x_wconf 87' lang='grc' dir='ltr'>θεοπνεύστοις</span> <span class='ocrx_word' id='word_1_174' title='bbox 2740 1302 2978 1369; x_wconf 75' lang='grc' dir='ltr'>ἢχήμασι</span> <span class='ocrx_word' id='word_1_175' title='bbox 3018 1298 3186 1353; x_wconf 83' lang='grc' dir='ltr'>πάντα</span> <span class='ocrx_word' id='word_1_176' title='bbox 3234 1301 3301 1361; x_wconf 81' lang='grc' dir='ltr'><strong>τά</strong></span> <span class='ocrx_word' id='word_1_177' title='bbox 3346 1300 3522 1373; x_wconf 83' lang='grc' dir='ltr'>λογικά</span> <span class='ocrx_word' id='word_1_178' title='bbox 3559 1309 3649 1363; x_wconf 82' lang='grc' dir='ltr'>τῆς</span> 
     </span>
    </p>
   </div>
   <div class='ocr_carea' id='block_1_29' title="bbox 2093 1392 3650 1465">
    <p class='ocr_par' dir='ltr' id='par_1_29' title="bbox 2093 1392 3650 1465">
     <span class='ocr_line' id='line_1_29' title="bbox 2093 1392 3650 1465; baseline 0 -18"><span class='ocrx_word' id='word_1_179' title='bbox 2093 1396 2234 1465; x_wconf 82' lang='grc' dir='ltr'>ίιρᾶς</span> <span class='ocrx_word' id='word_1_180' title='bbox 2259 1398 2472 1463; x_wconf 80' lang='grc' dir='ltr'><strong>ποίμνης</strong></span> <span class='ocrx_word' id='word_1_181' title='bbox 2496 1395 2754 1464; x_wconf 79' lang='grc' dir='ltr'><strong>θρέμματα</strong></span> <span class='ocrx_word' id='word_1_182' title='bbox 2778 1392 3233 1465; x_wconf 79' lang='grc' dir='ltr'>περιαθροίζοντις,</span> <span class='ocrx_word' id='word_1_183' title='bbox 3262 1394 3349 1445; x_wconf 84' lang='grc' dir='ltr'><strong>καί</strong></span> <span class='ocrx_word' id='word_1_184' title='bbox 3382 1399 3650 1464; x_wconf 77' lang='grc' dir='ltr'>τηροῦντες</span> 
     </span>
    </p>
   </div>
   <div class='ocr_carea' id='block_1_30' title="bbox 2094 1482 3652 1559">
    <p class='ocr_par' dir='ltr' id='par_1_30' title="bbox 2094 1482 3652 1559">
     <span class='ocr_line' id='line_1_30' title="bbox 2094 1482 3652 1559; baseline -0.009 -17"><span class='ocrx_word' id='word_1_185' title='bbox 2094 1488 2235 1559; x_wconf 78' lang='grc' dir='ltr'>ποιρά</span> <span class='ocrx_word' id='word_1_186' title='bbox 2261 1494 2360 1542; x_wconf 76' lang='grc' dir='ltr'>τῶν</span> <span class='ocrx_word' id='word_1_187' title='bbox 2396 1482 2816 1541; x_wconf 60' lang='grc' dir='ltr'>ἐπιϐουλευόντων</span> <span class='ocrx_word' id='word_1_188' title='bbox 2847 1483 3032 1557; x_wconf 76' lang='grc' dir='ltr'>θηρίων</span> <span class='ocrx_word' id='word_1_189' title='bbox 3064 1484 3300 1542; x_wconf 75' lang='grc' dir='ltr'>ἀλῶϐητα</span> <span class='ocrx_word' id='word_1_190' title='bbox 3337 1484 3652 1553; x_wconf 69' lang='grc' dir='ltr'>ἐνσεσημασ.</span> 
     </span>
    </p>
   </div>
   <div class='ocr_carea' id='block_1_31' title="bbox 2099 1575 3648 1649">
    <p class='ocr_par' dir='ltr' id='par_1_31' title="bbox 2099 1575 3648 1649">
     <span class='ocr_line' id='line_1_31' title="bbox 2099 1575 3648 1649; baseline -0.01 -20"><span class='ocrx_word' id='word_1_191' title='bbox 2099 1579 2223 1648; x_wconf 87' lang='grc' dir='ltr'>μένα</span> <span class='ocrx_word' id='word_1_192' title='bbox 2264 1585 2337 1649; x_wconf 82' lang='grc' dir='ltr'>τῷ</span> <span class='ocrx_word' id='word_1_193' title='bbox 2360 1582 2451 1631; x_wconf 83' lang='grc' dir='ltr'>τοῦ</span> <span class='ocrx_word' id='word_1_194' title='bbox 2491 1576 2856 1647; x_wconf 83' lang='grc' dir='ltr'>ἀρχιποίμενος</span> <span class='ocrx_word' id='word_1_195' title='bbox 2899 1580 3118 1647; x_wconf 74' lang='grc' dir='ltr'>Χριστοῦ</span> <span class='ocrx_word' id='word_1_196' title='bbox 3155 1575 3416 1649; x_wconf 73' lang='grc' dir='ltr'><strong>χρίσματι</strong></span> <span class='ocrx_word' id='word_1_197' title='bbox 3441 1578 3525 1629; x_wconf 70' lang='grc' dir='ltr'><strong>καὶ</strong></span> <span class='ocrx_word' id='word_1_198' title='bbox 3548 1575 3648 1629; x_wconf 66' lang='grc' dir='ltr'><strong>ἀνά.</strong></span> 
     </span>
    </p>
   </div>
   <div class='ocr_carea' id='block_1_32' title="bbox 2097 1688 2241 1737">
    <p class='ocr_par' dir='ltr' id='par_1_32' title="bbox 2097 1688 2241 1737">
     <span class='ocr_line' id='line_1_32' title="bbox 2097 1688 2241 1737; baseline -0.014 -15"><span class='ocrx_word' id='word_1_199' title='bbox 2097 1688 2241 1737; x_wconf 84' lang='grc' dir='ltr'>ματι.</span> 
     </span>
    </p>
   </div>
   <div class='ocr_carea' id='block_1_33' title="bbox 496 1838 2009 1928">
    <p class='ocr_par' dir='ltr' id='par_1_33' title="bbox 496 1846 1990 1928">
     <span class='ocr_line' id='line_1_33' title="bbox 496 1846 1990 1928; baseline -0.009 -14"><span class='ocrx_word' id='word_1_200' title='bbox 496 1858 553 1914; x_wconf 92' lang='lat' dir='ltr'><strong>Si</strong></span> <span class='ocrx_word' id='word_1_201' title='bbox 580 1874 683 1928; x_wconf 84' lang='lat' dir='ltr'><strong>qua</strong></span> <span class='ocrx_word' id='word_1_202' title='bbox 705 1867 884 1912; x_wconf 87' lang='lat' dir='ltr'><strong>autem</strong></span> <span class='ocrx_word' id='word_1_203' title='bbox 909 1873 940 1910; x_wconf 90' lang='lat' dir='ltr'><strong>a</strong></span> <span class='ocrx_word' id='word_1_204' title='bbox 978 1856 1132 1924; x_wconf 83' lang='lat' dir='ltr'><strong>nobis</strong></span> <span class='ocrx_word' id='word_1_205' title='bbox 1157 1864 1279 1908; x_wconf 91' lang='lat' dir='ltr'><strong>sunt</strong></span> <span class='ocrx_word' id='word_1_206' title='bbox 1299 1850 1683 1923; x_wconf 83' lang='lat' dir='ltr'><strong>praetermissa,</strong></span> <span class='ocrx_word' id='word_1_207' title='bbox 1721 1862 1786 1903; x_wconf 90' lang='lat' dir='ltr'><strong>ea</strong></span> <span class='ocrx_word' id='word_1_208' title='bbox 1813 1846 1990 1901; x_wconf 89' lang='lat' dir='ltr'><strong>amico</strong></span> 
     </span>
    </p>
   </div>
   <div class='ocr_carea' id='block_1_34' title="bbox 2107 1838 3655 1928">
    <p class='ocr_par' dir='ltr' id='par_1_34' title="bbox 2164 1838 3655 1913">
     <span class='ocr_line' id='line_1_34' title="bbox 2164 1838 3655 1913; baseline 0.003 -19"><span class='ocrx_word' id='word_1_209' title='bbox 2164 1844 2266 1895; x_wconf 75' lang='lat' dir='ltr'><strong>Kal</strong></span> <span class='ocrx_word' id='word_1_210' title='bbox 2304 1842 2371 1896; x_wconf 76' lang='grc' dir='ltr'><strong>τὰ</strong></span> <span class='ocrx_word' id='word_1_211' title='bbox 2410 1840 2531 1913; x_wconf 84' lang='grc' dir='ltr'>παρ’</span> <span class='ocrx_word' id='word_1_212' title='bbox 2553 1842 2691 1910; x_wconf 77' lang='grc' dir='ltr'>ἡμῶν</span> <span class='ocrx_word' id='word_1_213' title='bbox 2712 1838 3078 1909; x_wconf 77' lang='grc' dir='ltr'>ἀπολειπόμενα</span> <span class='ocrx_word' id='word_1_214' title='bbox 3113 1838 3174 1895; x_wconf 75' lang='grc' dir='ltr'><strong>δι’</strong></span> <span class='ocrx_word' id='word_1_215' title='bbox 3199 1839 3399 1895; x_wconf 78' lang='grc' dir='ltr'>έαυτῶν</span> <span class='ocrx_word' id='word_1_216' title='bbox 3427 1841 3655 1899; x_wconf 76' lang='grc' dir='ltr'>ἀποπλη-</span> 
     </span>
    </p>
   </div>
   <div class='ocr_carea' id='block_1_35' title="bbox 419 1935 2003 2021">
    <p class='ocr_par' dir='ltr' id='par_1_35' title="bbox 419 1935 2003 2021">
     <span class='ocr_line' id='line_1_35' title="bbox 419 1935 2003 2021; baseline -0.008 -18"><span class='ocrx_word' id='word_1_217' title='bbox 419 1957 748 2021; x_wconf 89' lang='lat' dir='ltr'><strong>paternoque</strong></span> <span class='ocrx_word' id='word_1_218' title='bbox 768 1946 957 2002; x_wconf 82' lang='lat' dir='ltr'><strong>aﬁ&#39;ectu</strong></span> <span class='ocrx_word' id='word_1_219' title='bbox 983 1960 1079 2015; x_wconf 91' lang='lat' dir='ltr'><strong>per</strong></span> <span class='ocrx_word' id='word_1_220' title='bbox 1103 1943 1495 2012; x_wconf 91' lang='lat' dir='ltr'><strong>vosmeptipsos</strong></span> <span class='ocrx_word' id='word_1_221' title='bbox 1525 1939 1756 2008; x_wconf 83' lang='lat' dir='ltr'><strong>explete,</strong></span> <span class='ocrx_word' id='word_1_222' title='bbox 1783 1952 1890 2008; x_wconf 89' lang='lat' dir='ltr'><strong>quo</strong></span> <span class='ocrx_word' id='word_1_223' title='bbox 1913 1935 2003 1991; x_wconf 87' lang='lat' dir='ltr'><strong>ni-</strong></span> 
     </span>
    </p>
   </div>
   <div class='ocr_carea' id='block_1_36' title="bbox 418 2026 1993 2098">
    <p class='ocr_par' dir='ltr' id='par_1_36' title="bbox 418 2026 1993 2098">
     <span class='ocr_line' id='line_1_36' title="bbox 418 2026 1993 2098; baseline -0.008 -6"><span class='ocrx_word' id='word_1_224' title='bbox 418 2039 615 2093; x_wconf 84' lang='lat' dir='ltr'><strong>mirum</strong></span> <span class='ocrx_word' id='word_1_225' title='bbox 640 2046 816 2092; x_wconf 83' lang='lat' dir='ltr'><strong>vestra</strong></span> <span class='ocrx_word' id='word_1_226' title='bbox 842 2033 1167 2089; x_wconf 83' lang='lat' dir='ltr'><strong>abundantia</strong></span> <span class='ocrx_word' id='word_1_227' title='bbox 1192 2040 1431 2086; x_wconf 88' lang='lat' dir='ltr'><strong>nostram</strong></span> <span class='ocrx_word' id='word_1_228' title='bbox 1456 2028 1701 2098; x_wconf 86' lang='lat' dir='ltr'><strong>suppleat</strong></span> <span class='ocrx_word' id='word_1_229' title='bbox 1722 2026 1993 2095; x_wconf 86' lang='lat' dir='ltr'><strong>inopiam;</strong></span> 
     </span>
    </p>
   </div>
   <div class='ocr_carea' id='block_1_37' title="bbox 433 2114 2000 2195">
    <p class='ocr_par' dir='ltr' id='par_1_37' title="bbox 433 2114 2000 2195">
     <span class='ocr_line' id='line_1_37' title="bbox 433 2114 2000 2195; baseline -0.01 -14"><span class='ocrx_word' id='word_1_230' title='bbox 433 2128 818 2195; x_wconf 86' lang='lat' dir='ltr'><strong>quodcunque,</strong></span> <span class='ocrx_word' id='word_1_231' title='bbox 851 2124 1089 2193; x_wconf 90' lang='lat' dir='ltr'><strong>inquam,</strong></span> <span class='ocrx_word' id='word_1_232' title='bbox 1115 2121 1202 2176; x_wconf 83' lang='lat' dir='ltr'><strong>vel</strong></span> <span class='ocrx_word' id='word_1_233' title='bbox 1231 2121 1284 2173; x_wconf 91' lang='lat' dir='ltr'><strong>in</strong></span> <span class='ocrx_word' id='word_1_234' title='bbox 1317 2116 1610 2182; x_wconf 87' lang='lat' dir='ltr'><strong>verbis,vel</strong></span> <span class='ocrx_word' id='word_1_235' title='bbox 1635 2116 1799 2169; x_wconf 86' lang='lat' dir='ltr'><strong>etiam</strong></span> <span class='ocrx_word' id='word_1_236' title='bbox 1828 2114 1881 2167; x_wconf 90' lang='lat' dir='ltr'><strong>in</strong></span> <span class='ocrx_word' id='word_1_237' title='bbox 1909 2128 2000 2167; x_wconf 89' lang='lat' dir='ltr'><strong>re-</strong></span> 
     </span>
    </p>
   </div>
   <div class='ocr_carea' id='block_1_38' title="bbox 433 2202 2003 2276">
    <p class='ocr_par' dir='ltr' id='par_1_38' title="bbox 433 2202 2003 2276">
     <span class='ocr_line' id='line_1_38' title="bbox 433 2202 2003 2276; baseline -0.009 -7"><span class='ocrx_word' id='word_1_238' title='bbox 433 2215 537 2269; x_wconf 86' lang='lat' dir='ltr'><strong>bus</strong></span> <span class='ocrx_word' id='word_1_239' title='bbox 568 2215 722 2268; x_wconf 89' lang='lat' dir='ltr'><strong>nobis</strong></span> <span class='ocrx_word' id='word_1_240' title='bbox 770 2213 940 2276; x_wconf 85' lang='lat' dir='ltr'><strong>deest,</strong></span> <span class='ocrx_word' id='word_1_241' title='bbox 988 2210 1043 2265; x_wconf 90' lang='lat' dir='ltr'><strong>id</strong></span> <span class='ocrx_word' id='word_1_242' title='bbox 1084 2208 1377 2264; x_wconf 87' lang='lat' dir='ltr'><strong>venerabili</strong></span> <span class='ocrx_word' id='word_1_243' title='bbox 1416 2206 1800 2274; x_wconf 87' lang='lat' dir='ltr'><strong>sacerdoteque</strong></span> <span class='ocrx_word' id='word_1_244' title='bbox 1844 2202 2003 2272; x_wconf 85' lang='lat' dir='ltr'><strong>digna</strong></span> 
     </span>
    </p>
   </div>
   <div class='ocr_carea' id='block_1_39' title="bbox 440 2291 1999 2366">
    <p class='ocr_par' dir='ltr' id='par_1_39' title="bbox 440 2291 1999 2366">
     <span class='ocr_line' id='line_1_39' title="bbox 440 2291 1999 2366; baseline -0.006 -11"><span class='ocrx_word' id='word_1_245' title='bbox 440 2301 764 2355; x_wconf 83' lang='lat' dir='ltr'><strong>auctoritate</strong></span> <span class='ocrx_word' id='word_1_246' title='bbox 805 2301 926 2353; x_wconf 76' lang='lat' dir='ltr'><strong>vita:</strong></span> <span class='ocrx_word' id='word_1_247' title='bbox 963 2306 1161 2352; x_wconf 62' lang='lat' dir='ltr'><strong>nostra</strong></span> <span class='ocrx_word' id='word_1_248' title='bbox 1190 2297 1406 2366; x_wconf 88' lang='lat' dir='ltr'><strong>adjicite</strong></span> <span class='ocrx_word' id='word_1_249' title='bbox 1448 2304 1503 2350; x_wconf 89' lang='lat' dir='ltr'><strong>et</strong></span> <span class='ocrx_word' id='word_1_250' title='bbox 1530 2291 1955 2363; x_wconf 74' lang='lat' dir='ltr'><strong>superaediﬁcate</strong></span> <span class='ocrx_word' id='word_1_251' title='bbox 1984 2308 1999 2345; x_wconf 87' lang='lat'><strong>:</strong></span> 
     </span>
    </p>
   </div>
   <div class='ocr_carea' id='block_1_40' title="bbox 439 2383 2006 2449">
    <p class='ocr_par' dir='ltr' id='par_1_40' title="bbox 439 2383 2006 2449">
     <span class='ocr_line' id='line_1_40' title="bbox 439 2383 2006 2449; baseline -0.007 -2"><span class='ocrx_word' id='word_1_252' title='bbox 439 2394 709 2447; x_wconf 88' lang='lat' dir='ltr'><strong>charisma</strong></span> <span class='ocrx_word' id='word_1_253' title='bbox 748 2392 891 2447; x_wconf 90' lang='lat' dir='ltr'><strong>enim</strong></span> <span class='ocrx_word' id='word_1_254' title='bbox 945 2390 1099 2445; x_wconf 87' lang='lat' dir='ltr'><strong>vobis</strong></span> <span class='ocrx_word' id='word_1_255' title='bbox 1149 2387 1621 2449; x_wconf 88' lang='lat' dir='ltr'><strong>communicatum,</strong></span> <span class='ocrx_word' id='word_1_256' title='bbox 1669 2383 1875 2438; x_wconf 90' lang='lat' dir='ltr'><strong>nullum</strong></span> <span class='ocrx_word' id='word_1_257' title='bbox 1903 2383 2006 2436; x_wconf 87' lang='lat' dir='ltr'><strong>hac</strong></span> 
     </span>
    </p>
   </div>
   <div class='ocr_carea' id='block_1_41' title="bbox 435 2466 2005 2550">
    <p class='ocr_par' dir='ltr' id='par_1_41' title="bbox 435 2466 2005 2550">
     <span class='ocr_line' id='line_1_41' title="bbox 435 2466 2005 2550; baseline -0.007 -12"><span class='ocrx_word' id='word_1_258' title='bbox 435 2485 645 2538; x_wconf 86' lang='lat' dir='ltr'><strong>ratione</strong></span> <span class='ocrx_word' id='word_1_259' title='bbox 677 2484 857 2550; x_wconf 90' lang='lat' dir='ltr'><strong>capiet</strong></span> <span class='ocrx_word' id='word_1_260' title='bbox 877 2481 1277 2545; x_wconf 87' lang='lat' dir='ltr'><strong>detrimentum,</strong></span> <span class='ocrx_word' id='word_1_261' title='bbox 1305 2466 1567 2547; x_wconf 72' lang='lat' dir='ltr'><strong>siquidem</strong></span> <span class='ocrx_word' id='word_1_262' title='bbox 1599 2474 1835 2530; x_wconf 89' lang='lat' dir='ltr'><strong>liberalis</strong></span> <span class='ocrx_word' id='word_1_263' title='bbox 1856 2488 2005 2528; x_wconf 87' lang='lat' dir='ltr'><strong>com—</strong></span> 
     </span>
    </p>
   </div>
   <div class='ocr_carea' id='block_1_42' title="bbox 433 2565 2008 2627">
    <p class='ocr_par' dir='ltr' id='par_1_42' title="bbox 433 2565 2008 2627">
     <span class='ocr_line' id='line_1_42' title="bbox 433 2565 2008 2627; baseline -0.005 0"><span class='ocrx_word' id='word_1_264' title='bbox 433 2574 730 2627; x_wconf 88' lang='lat' dir='ltr'><strong>municatio</strong></span> <span class='ocrx_word' id='word_1_265' title='bbox 758 2574 888 2627; x_wconf 90' lang='lat' dir='ltr'><strong>adeo</strong></span> <span class='ocrx_word' id='word_1_266' title='bbox 916 2574 1180 2627; x_wconf 88' lang='lat' dir='ltr'><strong>bonorum</strong></span> <span class='ocrx_word' id='word_1_267' title='bbox 1219 2569 1624 2624; x_wconf 88' lang='lat' dir='ltr'><strong>diminutionem</strong></span> <span class='ocrx_word' id='word_1_268' title='bbox 1664 2566 1864 2621; x_wconf 85' lang='lat' dir='ltr'><strong>nullam</strong></span> <span class='ocrx_word' id='word_1_269' title='bbox 1911 2565 2008 2621; x_wconf 88' lang='lat' dir='ltr'><strong>ad-</strong></span> 
     </span>
    </p>
   </div>
   <div class='ocr_carea' id='block_1_43' title="bbox 435 2658 2008 2732">
    <p class='ocr_par' dir='ltr' id='par_1_43' title="bbox 435 2658 2008 2732">
     <span class='ocr_line' id='line_1_43' title="bbox 435 2658 2008 2732; baseline -0.004 -14"><span class='ocrx_word' id='word_1_270' title='bbox 435 2663 566 2729; x_wconf 74' lang='lat' dir='ltr'><strong>fert,</strong></span> <span class='ocrx_word' id='word_1_271' title='bbox 590 2671 649 2717; x_wconf 90' lang='lat' dir='ltr'><strong>ut</strong></span> <span class='ocrx_word' id='word_1_272' title='bbox 670 2678 767 2717; x_wconf 91' lang='lat' dir='ltr'><strong>suo</strong></span> <span class='ocrx_word' id='word_1_273' title='bbox 789 2678 1000 2732; x_wconf 89' lang='lat' dir='ltr'><strong>quoque</strong></span> <span class='ocrx_word' id='word_1_274' title='bbox 1025 2671 1264 2732; x_wconf 86' lang='lat' dir='ltr'><strong>tempore</strong></span> <span class='ocrx_word' id='word_1_275' title='bbox 1292 2659 1611 2729; x_wconf 89' lang='lat' dir='ltr'><strong>multiplices</strong></span> <span class='ocrx_word' id='word_1_276' title='bbox 1636 2658 2008 2729; x_wconf 86' lang='lat' dir='ltr'><strong>gloriososque</strong></span> 
     </span>
    </p>
   </div>
   <div class='ocr_carea' id='block_1_44' title="bbox 443 2750 2011 2822">
    <p class='ocr_par' dir='ltr' id='par_1_44' title="bbox 443 2750 2011 2822">
     <span class='ocr_line' id='line_1_44' title="bbox 443 2750 2011 2822; baseline -0.003 -14"><span class='ocrx_word' id='word_1_277' title='bbox 443 2752 652 2808; x_wconf 77' lang='lat' dir='ltr'><strong>fructus</strong></span> <span class='ocrx_word' id='word_1_278' title='bbox 689 2752 949 2808; x_wconf 81' lang='lat' dir='ltr'><strong>refundat.</strong></span> <span class='ocrx_word' id='word_1_279' title='bbox 987 2753 1179 2808; x_wconf 79' lang='lat' dir='ltr'><strong>Vestra</strong></span> <span class='ocrx_word' id='word_1_280' title='bbox 1203 2752 1425 2822; x_wconf 85' lang='lat' dir='ltr'><strong>proinde</strong></span> <span class='ocrx_word' id='word_1_281' title='bbox 1459 2751 1636 2805; x_wconf 84' lang='lat' dir='ltr'><strong>divina</strong></span> <span class='ocrx_word' id='word_1_282' title='bbox 1686 2750 1885 2804; x_wconf 89' lang='lat' dir='ltr'><strong>virtute</strong></span> <span class='ocrx_word' id='word_1_283' title='bbox 1912 2763 2011 2804; x_wconf 81' lang='lat' dir='ltr'><strong>nos</strong></span> 
     </span>
    </p>
   </div>
   <div class='ocr_carea' id='block_1_45' title="bbox 442 2836 2016 2910">
    <p class='ocr_par' dir='ltr' id='par_1_45' title="bbox 442 2836 2016 2910">
     <span class='ocr_line' id='line_1_45' title="bbox 442 2836 2016 2910; baseline -0.001 -16"><span class='ocrx_word' id='word_1_284' title='bbox 442 2841 611 2895; x_wconf 59' lang='lat' dir='ltr'><strong>veluti</strong></span> <span class='ocrx_word' id='word_1_285' title='bbox 675 2841 1000 2897; x_wconf 87' lang='lat' dir='ltr'><strong>inﬁrmiores</strong></span> <span class='ocrx_word' id='word_1_286' title='bbox 1071 2841 1295 2905; x_wconf 85' lang='lat' dir='ltr'><strong>fulcite,</strong></span> <span class='ocrx_word' id='word_1_287' title='bbox 1348 2840 1617 2910; x_wconf 76' lang='lat' dir='ltr'><strong>pedesque</strong></span> <span class='ocrx_word' id='word_1_288' title='bbox 1689 2846 1905 2892; x_wconf 71' lang='lat' dir='ltr'><strong>nostros</strong></span> <span class='ocrx_word' id='word_1_289' title='bbox 1949 2836 2016 2892; x_wconf 88' lang='lat' dir='ltr'><strong>ad</strong></span> 
     </span>
    </p>
   </div>
   <div class='ocr_carea' id='block_1_46' title="bbox 437 2925 2012 3001">
    <p class='ocr_par' dir='ltr' id='par_1_46' title="bbox 437 2925 2012 3001">
     <span class='ocr_line' id='line_1_46' title="bbox 437 2925 2012 3001; baseline -0.003 -16"><span class='ocrx_word' id='word_1_290' title='bbox 437 2931 761 2985; x_wconf 86' lang='lat' dir='ltr'><strong>currendam</strong></span> <span class='ocrx_word' id='word_1_291' title='bbox 800 2931 1073 3001; x_wconf 78' lang='lat' dir='ltr'><strong>Evangelii</strong></span> <span class='ocrx_word' id='word_1_292' title='bbox 1109 2931 1353 2987; x_wconf 90' lang='lat' dir='ltr'><strong>semitam</strong></span> <span class='ocrx_word' id='word_1_293' title='bbox 1399 2928 1660 2998; x_wconf 89' lang='lat' dir='ltr'><strong>perﬁcite,</strong></span> <span class='ocrx_word' id='word_1_294' title='bbox 1689 2941 1865 2996; x_wconf 89' lang='lat' dir='ltr'><strong>neque</strong></span> <span class='ocrx_word' id='word_1_295' title='bbox 1903 2925 2012 2981; x_wconf 86' lang='lat' dir='ltr'><strong>ulla</strong></span> 
     </span>
    </p>
   </div>
   <div class='ocr_carea' id='block_1_47' title="bbox 438 3018 2014 3088">
    <p class='ocr_par' dir='ltr' id='par_1_47' title="bbox 438 3018 2014 3088">
     <span class='ocr_line' id='line_1_47' title="bbox 438 3018 2014 3088; baseline -0.002 -15"><span class='ocrx_word' id='word_1_296' title='bbox 438 3020 679 3086; x_wconf 88' lang='lat' dir='ltr'><strong>omnino,</strong></span> <span class='ocrx_word' id='word_1_297' title='bbox 708 3036 827 3088; x_wconf 66' lang='lat' dir='ltr'><strong>quae</strong></span> <span class='ocrx_word' id='word_1_298' title='bbox 856 3019 1109 3074; x_wconf 84' lang='lat' dir='ltr'><strong>salutaria</strong></span> <span class='ocrx_word' id='word_1_299' title='bbox 1137 3028 1231 3073; x_wconf 89' lang='lat' dir='ltr'><strong>aut</strong></span> <span class='ocrx_word' id='word_1_300' title='bbox 1254 3019 1403 3073; x_wconf 90' lang='lat' dir='ltr'><strong>utilia</strong></span> <span class='ocrx_word' id='word_1_301' title='bbox 1444 3018 1786 3081; x_wconf 87' lang='lat' dir='ltr'><strong>videbuntur,</strong></span> <span class='ocrx_word' id='word_1_302' title='bbox 1824 3030 2014 3087; x_wconf 83' lang='lat' dir='ltr'><strong>sugge-</strong></span> 
     </span>
    </p>
   </div>
   <div class='ocr_carea' id='block_1_48' title="bbox 424 3106 2004 3178">
    <p class='ocr_par' dir='ltr' id='par_1_48' title="bbox 424 3106 2004 3178">
     <span class='ocr_line' id='line_1_48' title="bbox 424 3106 2004 3178; baseline -0.004 -14"><span class='ocrx_word' id='word_1_303' title='bbox 424 3123 553 3164; x_wconf 76' lang='lat' dir='ltr'><strong>rere</strong></span> <span class='ocrx_word' id='word_1_304' title='bbox 575 3110 985 3178; x_wconf 72' lang='lat' dir='ltr'><strong>praetermittite,</strong></span> <span class='ocrx_word' id='word_1_305' title='bbox 1015 3118 1074 3162; x_wconf 90' lang='lat' dir='ltr'><strong>ut</strong></span> <span class='ocrx_word' id='word_1_306' title='bbox 1099 3108 1549 3178; x_wconf 87' lang='lat' dir='ltr'><strong>quemadmodum</strong></span> <span class='ocrx_word' id='word_1_307' title='bbox 1580 3107 1635 3160; x_wconf 93' lang='lat' dir='ltr'><strong>in</strong></span> <span class='ocrx_word' id='word_1_308' title='bbox 1664 3106 1767 3160; x_wconf 89' lang='lat' dir='ltr'><strong>ﬁde</strong></span> <span class='ocrx_word' id='word_1_309' title='bbox 1792 3114 1846 3161; x_wconf 91' lang='lat' dir='ltr'><strong>et</strong></span> <span class='ocrx_word' id='word_1_310' title='bbox 1871 3122 2004 3161; x_wconf 90' lang='lat' dir='ltr'><strong>con-</strong></span> 
     </span>
    </p>
   </div>
   <div class='ocr_carea' id='block_1_49' title="bbox 2094 1930 3656 2008">
    <p class='ocr_par' dir='ltr' id='par_1_49' title="bbox 2094 1930 3656 2008">
     <span class='ocr_line' id='line_1_49' title="bbox 2094 1930 3656 2008; baseline -0.001 -20"><span class='ocrx_word' id='word_1_311' title='bbox 2094 1939 2245 2008; x_wconf 83' lang='grc' dir='ltr'>ροῦτε</span> <span class='ocrx_word' id='word_1_312' title='bbox 2270 1973 2285 1998; x_wconf 95' lang='grc'><strong>,</strong></span> <span class='ocrx_word' id='word_1_313' title='bbox 2335 1934 2404 1993; x_wconf 83' lang='grc' dir='ltr'>ὥς</span> <span class='ocrx_word' id='word_1_314' title='bbox 2446 1930 2726 2004; x_wconf 75' lang='grc' dir='ltr'><strong>φιλάδελφοι</strong></span> <span class='ocrx_word' id='word_1_315' title='bbox 2773 1933 2855 1985; x_wconf 84' lang='grc' dir='ltr'><strong>καί</strong></span> <span class='ocrx_word' id='word_1_316' title='bbox 2904 1931 3247 2006; x_wconf 78' lang='grc' dir='ltr'>φιλόστοργοι,</span> <span class='ocrx_word' id='word_1_317' title='bbox 3294 1934 3379 1986; x_wconf 80' lang='grc' dir='ltr'>ἵνα</span> <span class='ocrx_word' id='word_1_318' title='bbox 3430 1934 3489 1987; x_wconf 63' lang='grc' dir='ltr'>τὸ</span> <span class='ocrx_word' id='word_1_319' title='bbox 3522 1932 3656 2003; x_wconf 70' lang='grc' dir='ltr'>ὑμῶν</span> 
     </span>
    </p>
   </div>
   <div class='ocr_carea' id='block_1_50' title="bbox 2095 2022 3658 2100">
    <p class='ocr_par' dir='ltr' id='par_1_50' title="bbox 2095 2022 3658 2100">
     <span class='ocr_line' id='line_1_50' title="bbox 2095 2022 3658 2100; baseline -0.001 -21"><span class='ocrx_word' id='word_1_320' title='bbox 2095 2027 2442 2100; x_wconf 73' lang='grc' dir='ltr'><strong>περίσσευμα,</strong></span> <span class='ocrx_word' id='word_1_321' title='bbox 2471 2025 2542 2084; x_wconf 83' lang='grc' dir='ltr'><strong>είς</strong></span> <span class='ocrx_word' id='word_1_322' title='bbox 2568 2023 2625 2077; x_wconf 80' lang='grc' dir='ltr'><strong>τό</strong></span> <span class='ocrx_word' id='word_1_323' title='bbox 2650 2022 2889 2096; x_wconf 64' lang='grc' dir='ltr'>ἡμέτερον</span> <span class='ocrx_word' id='word_1_324' title='bbox 2914 2027 3237 2093; x_wconf 74' lang='grc' dir='ltr'>χρησιμεύσῃ</span> <span class='ocrx_word' id='word_1_325' title='bbox 3264 2023 3554 2095; x_wconf 72' lang='grc' dir='ltr'>ύστερημα,</span> <span class='ocrx_word' id='word_1_326' title='bbox 3580 2026 3658 2078; x_wconf 80' lang='grc' dir='ltr'><strong>καί</strong></span> 
     </span>
    </p>
   </div>
   <div class='ocr_carea' id='block_1_51' title="bbox 2096 2112 3658 2185">
    <p class='ocr_par' dir='ltr' id='par_1_51' title="bbox 2096 2112 3658 2185">
     <span class='ocr_line' id='line_1_51' title="bbox 2096 2112 3658 2185; baseline 0.001 -16"><span class='ocrx_word' id='word_1_327' title='bbox 2096 2117 2157 2169; x_wconf 83' lang='grc' dir='ltr'><strong>τό</strong></span> <span class='ocrx_word' id='word_1_328' title='bbox 2200 2114 2248 2167; x_wconf 79' lang='grc' dir='ltr'><strong>ίν</strong></span> <span class='ocrx_word' id='word_1_329' title='bbox 2290 2114 2456 2184; x_wconf 78' lang='grc' dir='ltr'><strong>λόγοις</strong></span> <span class='ocrx_word' id='word_1_330' title='bbox 2515 2116 2598 2168; x_wconf 82' lang='grc' dir='ltr'><strong>καί</strong></span> <span class='ocrx_word' id='word_1_331' title='bbox 2650 2115 2943 2185; x_wconf 73' lang='grc' dir='ltr'>πράγμασιν</span> <span class='ocrx_word' id='word_1_332' title='bbox 2991 2116 3112 2184; x_wconf 73' lang='grc' dir='ltr'>ἡμῖν</span> <span class='ocrx_word' id='word_1_333' title='bbox 3162 2112 3357 2179; x_wconf 67' lang='grc' dir='ltr'>ἐνδέον,</span> <span class='ocrx_word' id='word_1_334' title='bbox 3415 2123 3492 2185; x_wconf 80' lang='grc' dir='ltr'>τῷ</span> <span class='ocrx_word' id='word_1_335' title='bbox 3536 2120 3658 2172; x_wconf 80' lang='grc' dir='ltr'>κατὰ</span> 
     </span>
    </p>
   </div>
   <div class='ocr_carea' id='block_1_52' title="bbox 2098 2201 3661 2279">
    <p class='ocr_par' dir='ltr' id='par_1_52' title="bbox 2098 2201 3661 2279">
     <span class='ocr_line' id='line_1_52' title="bbox 2098 2201 3661 2279; baseline 0.003 -20"><span class='ocrx_word' id='word_1_336' title='bbox 2098 2207 2187 2259; x_wconf 82' lang='grc' dir='ltr'><strong>τόν</strong></span> <span class='ocrx_word' id='word_1_337' title='bbox 2237 2204 2342 2273; x_wconf 85' lang='grc' dir='ltr'>βίον</span> <span class='ocrx_word' id='word_1_338' title='bbox 2390 2209 2530 2271; x_wconf 77' lang='grc' dir='ltr'>ὑμῶν</span> <span class='ocrx_word' id='word_1_339' title='bbox 2575 2204 2870 2277; x_wconf 79' lang='grc' dir='ltr'>ίεροπρεπεῖ</span> <span class='ocrx_word' id='word_1_340' title='bbox 2918 2207 3004 2258; x_wconf 83' lang='grc' dir='ltr'><strong>καί</strong></span> <span class='ocrx_word' id='word_1_341' title='bbox 3069 2201 3239 2274; x_wconf 73' lang='grc' dir='ltr'>σεμνῷ</span> <span class='ocrx_word' id='word_1_342' title='bbox 3292 2210 3661 2279; x_wconf 76' lang='grc' dir='ltr'>παραστήματι</span> 
     </span>
    </p>
   </div>
   <div class='ocr_carea' id='block_1_53' title="bbox 2101 2291 3659 2363">
    <p class='ocr_par' dir='ltr' id='par_1_53' title="bbox 2101 2291 3659 2363">
     <span class='ocr_line' id='line_1_53' title="bbox 2101 2291 3659 2363; baseline 0.002 -15"><span class='ocrx_word' id='word_1_343' title='bbox 2101 2291 2520 2362; x_wconf 66' lang='grc' dir='ltr'>ἐποικοδομήσητε</span> <span class='ocrx_word' id='word_1_344' title='bbox 2577 2296 2660 2349; x_wconf 86' lang='grc' dir='ltr'><strong>καί</strong></span> <span class='ocrx_word' id='word_1_345' title='bbox 2694 2294 3010 2357; x_wconf 77' lang='grc' dir='ltr'>έπαυξήσητε</span> <span class='ocrx_word' id='word_1_346' title='bbox 3058 2292 3543 2363; x_wconf 65' lang='grc' dir='ltr'>[ἐποικοδομήσηται</span> <span class='ocrx_word' id='word_1_347' title='bbox 3585 2296 3659 2351; x_wconf 82' lang='grc' dir='ltr'><strong>καί</strong></span> 
     </span>
    </p>
   </div>
   <div class='ocr_carea' id='block_1_54' title="bbox 2103 2383 3660 2461">
    <p class='ocr_par' dir='ltr' id='par_1_54' title="bbox 2103 2383 3660 2461">
     <span class='ocr_line' id='line_1_54' title="bbox 2103 2383 3660 2461; baseline 0.001 -23"><span class='ocrx_word' id='word_1_348' title='bbox 2103 2383 2492 2453; x_wconf 67' lang='grc' dir='ltr'>έπαυξτίσηταιι,</span> <span class='ocrx_word' id='word_1_349' title='bbox 2526 2383 2679 2455; x_wconf 83' lang='grc' dir='ltr'>μηδέν</span> <span class='ocrx_word' id='word_1_350' title='bbox 2712 2386 3145 2461; x_wconf 82' lang='grc' dir='ltr'>μικρολογούμενοι</span> <span class='ocrx_word' id='word_1_351' title='bbox 3172 2384 3513 2459; x_wconf 82' lang='grc' dir='ltr'>περίτὸδοθέν</span> <span class='ocrx_word' id='word_1_352' title='bbox 3554 2388 3660 2457; x_wconf 80' lang='grc' dir='ltr'>ύμῖν</span> 
     </span>
    </p>
   </div>
   <div class='ocr_carea' id='block_1_55' title="bbox 2105 2473 3662 2549">
    <p class='ocr_par' dir='ltr' id='par_1_55' title="bbox 2105 2473 3662 2549">
     <span class='ocr_line' id='line_1_55' title="bbox 2105 2473 3662 2549; baseline -0.002 -16"><span class='ocrx_word' id='word_1_353' title='bbox 2105 2473 2265 2547; x_wconf 69' lang='grc' dir='ltr'>[ἡμῖν]</span> <span class='ocrx_word' id='word_1_354' title='bbox 2312 2478 2571 2549; x_wconf 87' lang='grc' dir='ltr'>χάρισμα,</span> <span class='ocrx_word' id='word_1_355' title='bbox 2617 2476 2675 2528; x_wconf 77' lang='grc' dir='ltr'><strong>ού</strong></span> <span class='ocrx_word' id='word_1_356' title='bbox 2703 2479 2804 2549; x_wconf 82' lang='grc' dir='ltr'><strong>γάρ</strong></span> <span class='ocrx_word' id='word_1_357' title='bbox 2834 2476 3105 2531; x_wconf 81' lang='grc' dir='ltr'>έλάττωσιν</span> <span class='ocrx_word' id='word_1_358' title='bbox 3135 2477 3271 2549; x_wconf 88' lang='grc' dir='ltr'>φέρει</span> <span class='ocrx_word' id='word_1_359' title='bbox 3298 2485 3412 2539; x_wconf 86' lang='grc' dir='ltr'>τοῖς</span> <span class='ocrx_word' id='word_1_360' title='bbox 3456 2477 3662 2547; x_wconf 69' lang='grc' dir='ltr'>ἀφθόνως</span> 
     </span>
    </p>
   </div>
   <div class='ocr_carea' id='block_1_56' title="bbox 2105 2565 3665 2642">
    <p class='ocr_par' dir='ltr' id='par_1_56' title="bbox 2105 2565 3665 2642">
     <span class='ocr_line' id='line_1_56' title="bbox 2105 2565 3665 2642; baseline 0.003 -22"><span class='ocrx_word' id='word_1_361' title='bbox 2105 2566 2451 2639; x_wconf 67' lang='grc' dir='ltr'><strong>παρέχουσιν,</strong></span> <span class='ocrx_word' id='word_1_362' title='bbox 2476 2565 2578 2618; x_wconf 75' lang='grc' dir='ltr'>ἀλλ’</span> <span class='ocrx_word' id='word_1_363' title='bbox 2593 2566 2670 2627; x_wconf 84' lang='grc' dir='ltr'><strong>είς</strong></span> <span class='ocrx_word' id='word_1_364' title='bbox 2690 2566 2749 2620; x_wconf 86' lang='grc' dir='ltr'><strong>τό</strong></span> <span class='ocrx_word' id='word_1_365' title='bbox 2775 2566 3147 2623; x_wconf 79' lang='grc' dir='ltr'>πολλαπλάσιον</span> <span class='ocrx_word' id='word_1_366' title='bbox 3185 2569 3437 2642; x_wconf 77' lang='grc' dir='ltr'><strong>εὐκαίρως</strong></span> <span class='ocrx_word' id='word_1_367' title='bbox 3462 2569 3665 2629; x_wconf 84' lang='grc' dir='ltr'>ιύκλεεῖς</span> 
     </span>
    </p>
   </div>
   <div class='ocr_carea' id='block_1_57' title="bbox 2106 2656 3664 2731">
    <p class='ocr_par' dir='ltr' id='par_1_57' title="bbox 2106 2656 3664 2731">
     <span class='ocr_line' id='line_1_57' title="bbox 2106 2656 3664 2731; baseline 0.004 -23"><span class='ocrx_word' id='word_1_368' title='bbox 2106 2656 2229 2714; x_wconf 83' lang='grc' dir='ltr'>τοὺς</span> <span class='ocrx_word' id='word_1_369' title='bbox 2256 2657 2485 2727; x_wconf 79' lang='grc' dir='ltr'>καρπούς</span> <span class='ocrx_word' id='word_1_370' title='bbox 2523 2660 2626 2715; x_wconf 84' lang='grc' dir='ltr'>τοῖς</span> <span class='ocrx_word' id='word_1_371' title='bbox 2647 2660 3062 2729; x_wconf 77' lang='grc' dir='ltr'>προαιρουμένοις</span> <span class='ocrx_word' id='word_1_372' title='bbox 3088 2657 3424 2714; x_wconf 79' lang='grc' dir='ltr'>ἀποδίδωσιν.</span> <span class='ocrx_word' id='word_1_373' title='bbox 3454 2663 3664 2731; x_wconf 76' lang='grc' dir='ltr'>Ὑπερεί-</span> 
     </span>
    </p>
   </div>
   <div class='ocr_carea' id='block_1_58' title="bbox 2108 2740 3663 2825">
    <p class='ocr_par' dir='ltr' id='par_1_58' title="bbox 2108 2740 3663 2825">
     <span class='ocr_line' id='line_1_58' title="bbox 2108 2740 3663 2825; baseline 0.006 -28"><span class='ocrx_word' id='word_1_374' title='bbox 2108 2740 2283 2797; x_wconf 84' lang='grc' dir='ltr'>δουσιν</span> <span class='ocrx_word' id='word_1_375' title='bbox 2305 2746 2438 2825; x_wconf 77' lang='grc' dir='ltr'>ἡμᾶς</span> <span class='ocrx_word' id='word_1_376' title='bbox 2463 2747 2530 2804; x_wconf 82' lang='grc' dir='ltr'>ὡς</span> <span class='ocrx_word' id='word_1_377' title='bbox 2550 2746 2944 2817; x_wconf 72' lang='grc' dir='ltr'>ἀσθενεστέρους</span> <span class='ocrx_word' id='word_1_378' title='bbox 2965 2756 3027 2819; x_wconf 80' lang='grc' dir='ltr'>τῇ</span> <span class='ocrx_word' id='word_1_379' title='bbox 3056 2748 3181 2823; x_wconf 81' lang='grc' dir='ltr'>παρ’</span> <span class='ocrx_word' id='word_1_380' title='bbox 3198 2748 3395 2802; x_wconf 83' lang='grc' dir='ltr'>ίαυτῶν</span> <span class='ocrx_word' id='word_1_381' title='bbox 3425 2747 3663 2820; x_wconf 75' lang='grc' dir='ltr'>θεοσδὸτᾳ</span> 
     </span>
    </p>
   </div>
   <div class='ocr_carea' id='block_1_59' title="bbox 2109 2830 3663 2909">
    <p class='ocr_par' dir='ltr' id='par_1_59' title="bbox 2109 2830 3663 2909">
     <span class='ocr_line' id='line_1_59' title="bbox 2109 2830 3663 2909; baseline 0.006 -24"><span class='ocrx_word' id='word_1_382' title='bbox 2109 2830 2343 2900; x_wconf 77' lang='grc' dir='ltr'>δυνάμει,</span> <span class='ocrx_word' id='word_1_383' title='bbox 2401 2836 2479 2887; x_wconf 86' lang='grc' dir='ltr'><strong>καί</strong></span> <span class='ocrx_word' id='word_1_384' title='bbox 2524 2838 2885 2909; x_wconf 85' lang='grc' dir='ltr'>καταρτίζουσι</span> <span class='ocrx_word' id='word_1_385' title='bbox 2928 2840 3049 2897; x_wconf 85' lang='grc' dir='ltr'>τούς</span> <span class='ocrx_word' id='word_1_386' title='bbox 3095 2836 3255 2896; x_wconf 83' lang='grc' dir='ltr'>πόδας</span> <span class='ocrx_word' id='word_1_387' title='bbox 3301 2840 3444 2908; x_wconf 72' lang='grc' dir='ltr'>ἡμῶν</span> <span class='ocrx_word' id='word_1_388' title='bbox 3476 2842 3547 2899; x_wconf 86' lang='grc' dir='ltr'><strong>είς</strong></span> <span class='ocrx_word' id='word_1_389' title='bbox 3583 2846 3663 2899; x_wconf 77' lang='grc' dir='ltr'>τήν</span> 
     </span>
    </p>
   </div>
   <div class='ocr_carea' id='block_1_60' title="bbox 2108 2925 3667 3002">
    <p class='ocr_par' dir='ltr' id='par_1_60' title="bbox 2108 2925 3667 3002">
     <span class='ocr_line' id='line_1_60' title="bbox 2108 2925 3667 3002; baseline 0.006 -27"><span class='ocrx_word' id='word_1_390' title='bbox 2108 2928 2199 2976; x_wconf 82' lang='grc' dir='ltr'>τοῦ</span> <span class='ocrx_word' id='word_1_391' title='bbox 2231 2925 2527 2996; x_wconf 68' lang='grc' dir='ltr'>[εὐαγγελίου</span> <span class='ocrx_word' id='word_1_392' title='bbox 2570 2926 2743 3001; x_wconf 77' lang='grc' dir='ltr'>τρίϐον</span> <span class='ocrx_word' id='word_1_393' title='bbox 2771 2930 2851 2981; x_wconf 86' lang='grc' dir='ltr'><strong>καί</strong></span> <span class='ocrx_word' id='word_1_394' title='bbox 2881 2928 3246 2997; x_wconf 81' lang='grc' dir='ltr'>συμϐουλεύειν</span> <span class='ocrx_word' id='word_1_395' title='bbox 3292 2930 3358 2982; x_wconf 78' lang='grc' dir='ltr'>τὰ</span> <span class='ocrx_word' id='word_1_396' title='bbox 3407 2929 3667 3002; x_wconf 69' lang='grc' dir='ltr'>ὀνησιφόρα</span> 
     </span>
    </p>
   </div>
   <div class='ocr_carea' id='block_1_61' title="bbox 2111 3013 3665 3092">
    <p class='ocr_par' dir='ltr' id='par_1_61' title="bbox 2111 3013 3665 3092">
     <span class='ocr_line' id='line_1_61' title="bbox 2111 3013 3665 3092; baseline 0.006 -28"><span class='ocrx_word' id='word_1_397' title='bbox 2111 3014 2192 3064; x_wconf 84' lang='grc' dir='ltr'><strong>καί</strong></span> <span class='ocrx_word' id='word_1_398' title='bbox 2240 3013 2495 3086; x_wconf 85' lang='grc' dir='ltr'>σωτηρίας</span> <span class='ocrx_word' id='word_1_399' title='bbox 2548 3016 2774 3085; x_wconf 64' lang='grc' dir='ltr'>ἐχόμενα</span> <span class='ocrx_word' id='word_1_400' title='bbox 2825 3021 2895 3087; x_wconf 77' lang='grc' dir='ltr'><strong><em>μή</em></strong></span> <span class='ocrx_word' id='word_1_401' title='bbox 2939 3015 3236 3078; x_wconf 84' lang='grc' dir='ltr'>διαλίποιτε,</span> <span class='ocrx_word' id='word_1_402' title='bbox 3276 3018 3363 3072; x_wconf 77' lang='grc' dir='ltr'>ἳνα</span> <span class='ocrx_word' id='word_1_403' title='bbox 3406 3020 3578 3092; x_wconf 83' lang='grc' dir='ltr'>ὥσπερ</span> <span class='ocrx_word' id='word_1_404' title='bbox 3618 3020 3665 3074; x_wconf 79' lang='grc' dir='ltr'><strong>έν</strong></span> 
     </span>
    </p>
   </div>
   <div class='ocr_carea' id='block_1_62' title="bbox 2111 3101 3664 3179">
    <p class='ocr_par' dir='ltr' id='par_1_62' title="bbox 2111 3101 3664 3179">
     <span class='ocr_line' id='line_1_62' title="bbox 2111 3101 3664 3179; baseline 0.004 -24"><span class='ocrx_word' id='word_1_405' title='bbox 2111 3110 2175 3177; x_wconf 77' lang='grc' dir='ltr'><strong>τῇ</strong></span> <span class='ocrx_word' id='word_1_406' title='bbox 2206 3103 2439 3178; x_wconf 76' lang='grc' dir='ltr'>ἱμολογίᾳ</span> <span class='ocrx_word' id='word_1_407' title='bbox 2495 3104 2552 3159; x_wconf 77' lang='grc' dir='ltr'>τὸ</span> <span class='ocrx_word' id='word_1_408' title='bbox 2598 3106 2782 3161; x_wconf 79' lang='grc' dir='ltr'>ένιαῖον</span> <span class='ocrx_word' id='word_1_409' title='bbox 2829 3110 2915 3161; x_wconf 80' lang='grc' dir='ltr'><strong>καί</strong></span> <span class='ocrx_word' id='word_1_410' title='bbox 2963 3105 3231 3179; x_wconf 75' lang='grc' dir='ltr'>ἀδιάφορον</span> <span class='ocrx_word' id='word_1_411' title='bbox 3286 3101 3505 3179; x_wconf 58' lang='grc' dir='ltr'>ἔχομεν,</span> <span class='ocrx_word' id='word_1_412' title='bbox 3545 3108 3664 3164; x_wconf 75' lang='grc' dir='ltr'>οὕτω</span> 
     </span>
    </p>
   </div>
   <div class='ocr_carea' id='block_1_63' title="bbox 435 3183 2009 3271">
    <p class='ocr_par' dir='ltr' id='par_1_63' title="bbox 435 3195 2009 3266">
     <span class='ocr_line' id='line_1_63' title="bbox 435 3195 2009 3266; baseline -0.001 -15"><span class='ocrx_word' id='word_1_413' title='bbox 435 3195 685 3252; x_wconf 79' lang='lat' dir='ltr'><strong>.fessione</strong></span> <span class='ocrx_word' id='word_1_414' title='bbox 730 3198 984 3252; x_wconf 86' lang='lat' dir='ltr'><strong>unitatem</strong></span> <span class='ocrx_word' id='word_1_415' title='bbox 1025 3199 1474 3266; x_wconf 84' lang='lat' dir='ltr'><strong>concordiamque</strong></span> <span class='ocrx_word' id='word_1_416' title='bbox 1502 3208 1907 3261; x_wconf 88' lang='lat' dir='ltr'><strong>conservamus,</strong></span> <span class='ocrx_word' id='word_1_417' title='bbox 1938 3197 2009 3251; x_wconf 83' lang='lat' dir='ltr'><strong>ita</strong></span> 
     </span>
    </p>
   </div>
   <div class='ocr_carea' id='block_1_64' title="bbox 2107 3183 3666 3271">
    <p class='ocr_par' dir='ltr' id='par_1_64' title="bbox 2112 3193 3666 3271">
     <span class='ocr_line' id='line_1_64' title="bbox 2112 3193 3666 3271; baseline 0.007 -27"><span class='ocrx_word' id='word_1_418' title='bbox 2112 3194 2196 3245; x_wconf 79' lang='grc' dir='ltr'><strong>καί</strong></span> <span class='ocrx_word' id='word_1_419' title='bbox 2243 3194 2292 3245; x_wconf 79' lang='grc' dir='ltr'><strong>έν</strong></span> <span class='ocrx_word' id='word_1_420' title='bbox 2332 3200 2405 3265; x_wconf 82' lang='grc' dir='ltr'>τῷ</span> <span class='ocrx_word' id='word_1_421' title='bbox 2449 3193 2714 3266; x_wconf 76' lang='grc' dir='ltr'>συνδέσμῳ</span> <span class='ocrx_word' id='word_1_422' title='bbox 2760 3205 2849 3256; x_wconf 78' lang='grc' dir='ltr'>τῆς</span> <span class='ocrx_word' id='word_1_423' title='bbox 2893 3198 3093 3266; x_wconf 85' lang='grc' dir='ltr'>ἀγάπης</span> <span class='ocrx_word' id='word_1_424' title='bbox 3130 3200 3560 3271; x_wconf 80' lang='grc' dir='ltr'>συναρμοζόμενοι</span> <span class='ocrx_word' id='word_1_425' title='bbox 3590 3200 3666 3255; x_wconf 77' lang='grc' dir='ltr'>κα)</span> 
     </span>
    </p>
   </div>
   <div class='ocr_carea' id='block_1_65' title="bbox 429 3285 2014 3356">
    <p class='ocr_par' dir='ltr' id='par_1_65' title="bbox 429 3285 2014 3356">
     <span class='ocr_line' id='line_1_65' title="bbox 429 3285 2014 3356; baseline -0.002 -14"><span class='ocrx_word' id='word_1_426' title='bbox 429 3287 718 3343; x_wconf 80' lang='lat' dir='ltr'><strong>charitatis</strong></span> <span class='ocrx_word' id='word_1_427' title='bbox 765 3302 974 3356; x_wconf 90' lang='lat' dir='ltr'><strong>quoque</strong></span> <span class='ocrx_word' id='word_1_428' title='bbox 1003 3286 1218 3341; x_wconf 90' lang='lat' dir='ltr'><strong>vinculo</strong></span> <span class='ocrx_word' id='word_1_429' title='bbox 1261 3287 1427 3354; x_wconf 87' lang='lat' dir='ltr'><strong>aptati</strong></span> <span class='ocrx_word' id='word_1_430' title='bbox 1467 3285 1835 3354; x_wconf 85' lang='lat' dir='ltr'><strong>colligatique,</strong></span> <span class='ocrx_word' id='word_1_431' title='bbox 1874 3286 2014 3339; x_wconf 89' lang='lat' dir='ltr'><strong>indi-</strong></span> 
     </span>
    </p>
   </div>
   <div class='ocr_carea' id='block_1_66' title="bbox 440 3375 2016 3445">
    <p class='ocr_par' dir='ltr' id='par_1_66' title="bbox 440 3375 2016 3445">
     <span class='ocr_line' id='line_1_66' title="bbox 440 3375 2016 3445; baseline -0.001 -14"><span class='ocrx_word' id='word_1_432' title='bbox 440 3376 652 3431; x_wconf 88' lang='lat' dir='ltr'><strong>vulsum</strong></span> <span class='ocrx_word' id='word_1_433' title='bbox 675 3378 823 3445; x_wconf 85' lang='lat' dir='ltr'><strong>pacis</strong></span> <span class='ocrx_word' id='word_1_434' title='bbox 851 3378 1073 3440; x_wconf 89' lang='lat' dir='ltr'><strong>donum,</strong></span> <span class='ocrx_word' id='word_1_435' title='bbox 1114 3376 1256 3445; x_wconf 90' lang='lat' dir='ltr'><strong>quod</strong></span> <span class='ocrx_word' id='word_1_436' title='bbox 1285 3375 1646 3430; x_wconf 88' lang='lat' dir='ltr'><strong>Ecclesiarum</strong></span> <span class='ocrx_word' id='word_1_437' title='bbox 1673 3375 2016 3430; x_wconf 83' lang='lat' dir='ltr'><strong>concordiam</strong></span> 
     </span>
    </p>
   </div>
   <div class='ocr_carea' id='block_1_67' title="bbox 429 3464 2018 3535">
    <p class='ocr_par' dir='ltr' id='par_1_67' title="bbox 429 3464 2018 3535">
     <span class='ocr_line' id='line_1_67' title="bbox 429 3464 2018 3535; baseline 0.001 -18"><span class='ocrx_word' id='word_1_438' title='bbox 429 3464 800 3532; x_wconf 85' lang='lat' dir='ltr'><strong>unitatemque</strong></span> <span class='ocrx_word' id='word_1_439' title='bbox 846 3464 1116 3529; x_wconf 81' lang='lat' dir='ltr'><strong>conciliat,</strong></span> <span class='ocrx_word' id='word_1_440' title='bbox 1161 3464 1567 3535; x_wconf 85' lang='lat' dir='ltr'><strong>conservatique</strong></span> <span class='ocrx_word' id='word_1_441' title='bbox 1606 3465 1659 3518; x_wconf 90' lang='lat' dir='ltr'><strong>in</strong></span> <span class='ocrx_word' id='word_1_442' title='bbox 1706 3465 2018 3519; x_wconf 85' lang='lat' dir='ltr'><strong>concredito</strong></span> 
     </span>
    </p>
   </div>
   <div class='ocr_carea' id='block_1_68' title="bbox 428 3554 2014 3622">
    <p class='ocr_par' dir='ltr' id='par_1_68' title="bbox 428 3554 2014 3622">
     <span class='ocr_line' id='line_1_68' title="bbox 428 3554 2014 3622; baseline 0 -13"><span class='ocrx_word' id='word_1_443' title='bbox 428 3554 592 3609; x_wconf 84' lang='lat' dir='ltr'><strong>nobis</strong></span> <span class='ocrx_word' id='word_1_444' title='bbox 639 3554 935 3608; x_wconf 90' lang='lat' dir='ltr'><strong>ministerio</strong></span> <span class='ocrx_word' id='word_1_445' title='bbox 964 3554 1103 3607; x_wconf 84' lang='lat' dir='ltr'><strong>inter</strong></span> <span class='ocrx_word' id='word_1_446' title='bbox 1147 3569 1245 3608; x_wconf 86' lang='lat' dir='ltr'><strong>nos</strong></span> <span class='ocrx_word' id='word_1_447' title='bbox 1282 3568 1450 3622; x_wconf 92' lang='lat' dir='ltr'><strong>usque</strong></span> <span class='ocrx_word' id='word_1_448' title='bbox 1484 3555 1854 3608; x_wconf 85' lang='lat' dir='ltr'><strong>retineamus:</strong></span> <span class='ocrx_word' id='word_1_449' title='bbox 1903 3568 2014 3622; x_wconf 90' lang='lat' dir='ltr'><strong>quo</strong></span> 
     </span>
    </p>
   </div>
   <div class='ocr_carea' id='block_1_69' title="bbox 434 3642 2013 3713">
    <p class='ocr_par' dir='ltr' id='par_1_69' title="bbox 434 3642 2013 3713">
     <span class='ocr_line' id='line_1_69' title="bbox 434 3642 2013 3713; baseline -0.001 -16"><span class='ocrx_word' id='word_1_450' title='bbox 434 3643 620 3713; x_wconf 80' lang='lat' dir='ltr'><strong>magni</strong></span> <span class='ocrx_word' id='word_1_451' title='bbox 670 3642 813 3712; x_wconf 78' lang='lat' dir='ltr'><strong>regis</strong></span> <span class='ocrx_word' id='word_1_452' title='bbox 864 3643 1052 3696; x_wconf 90' lang='lat' dir='ltr'><strong>civitas</strong></span> <span class='ocrx_word' id='word_1_453' title='bbox 1103 3643 1229 3697; x_wconf 87' lang='lat' dir='ltr'><strong>hinc</strong></span> <span class='ocrx_word' id='word_1_454' title='bbox 1276 3645 1482 3697; x_wconf 89' lang='lat' dir='ltr'><strong>munita</strong></span> <span class='ocrx_word' id='word_1_455' title='bbox 1506 3653 1561 3699; x_wconf 93' lang='lat' dir='ltr'><strong>et</strong></span> <span class='ocrx_word' id='word_1_456' title='bbox 1597 3643 2013 3708; x_wconf 81' lang='lat' dir='ltr'><strong>circumvallata,</strong></span> 
     </span>
    </p>
   </div>
   <div class='ocr_carea' id='block_1_70' title="bbox 444 3733 2018 3808">
    <p class='ocr_par' dir='ltr' id='par_1_70' title="bbox 444 3733 2018 3808">
     <span class='ocr_line' id='line_1_70' title="bbox 444 3733 2018 3808; baseline -0.001 -19"><span class='ocrx_word' id='word_1_457' title='bbox 444 3733 699 3789; x_wconf 88' lang='lat' dir='ltr'><strong>omnibus</strong></span> <span class='ocrx_word' id='word_1_458' title='bbox 726 3733 1002 3791; x_wconf 82' lang='lat' dir='ltr'><strong>fraudibus</strong></span> <span class='ocrx_word' id='word_1_459' title='bbox 1043 3734 1610 3808; x_wconf 69' lang='lat' dir='ltr'><strong>inaspectapiliumque</strong></span> <span class='ocrx_word' id='word_1_460' title='bbox 1651 3735 1883 3789; x_wconf 88' lang='lat' dir='ltr'><strong>hostium</strong></span> <span class='ocrx_word' id='word_1_461' title='bbox 1932 3735 2018 3788; x_wconf 90' lang='lat' dir='ltr'><strong>in-</strong></span> 
     </span>
    </p>
   </div>
   <div class='ocr_carea' id='block_1_71' title="bbox 430 3824 2020 3894">
    <p class='ocr_par' dir='ltr' id='par_1_71' title="bbox 430 3824 2020 3894">
     <span class='ocr_line' id='line_1_71' title="bbox 430 3824 2020 3894; baseline -0.001 -14"><span class='ocrx_word' id='word_1_462' title='bbox 430 3824 688 3891; x_wconf 83' lang='lat' dir='ltr'><strong>sultibus,</strong></span> <span class='ocrx_word' id='word_1_463' title='bbox 731 3825 821 3894; x_wconf 88' lang='lat' dir='ltr'><strong>qui</strong></span> <span class='ocrx_word' id='word_1_464' title='bbox 860 3824 1014 3879; x_wconf 88' lang='lat' dir='ltr'><strong>avide</strong></span> <span class='ocrx_word' id='word_1_465' title='bbox 1059 3833 1435 3894; x_wconf 82' lang='lat' dir='ltr'><strong>exspectantes</strong></span> <span class='ocrx_word' id='word_1_466' title='bbox 1464 3834 1522 3879; x_wconf 90' lang='lat' dir='ltr'><strong>ut</strong></span> <span class='ocrx_word' id='word_1_467' title='bbox 1569 3826 1800 3894; x_wconf 87' lang='lat' dir='ltr'><strong>aliquem</strong></span> <span class='ocrx_word' id='word_1_468' title='bbox 1824 3826 1878 3879; x_wconf 92' lang='lat' dir='ltr'><strong>in</strong></span> <span class='ocrx_word' id='word_1_469' title='bbox 1902 3825 2020 3894; x_wconf 83' lang='lat' dir='ltr'><strong>ipsa</strong></span> 
     </span>
    </p>
   </div>
   <div class='ocr_carea' id='block_1_72' title="bbox 444 3913 2019 3984">
    <p class='ocr_par' dir='ltr' id='par_1_72' title="bbox 444 3913 2019 3984">
     <span class='ocr_line' id='line_1_72' title="bbox 444 3913 2019 3984; baseline -0.001 -15"><span class='ocrx_word' id='word_1_470' title='bbox 444 3916 770 3984; x_wconf 87' lang='lat' dir='ltr'><strong>descriptum</strong></span> <span class='ocrx_word' id='word_1_471' title='bbox 801 3913 1108 3984; x_wconf 82' lang='lat' dir='ltr'><strong>Spirituque</strong></span> <span class='ocrx_word' id='word_1_472' title='bbox 1137 3915 1406 3983; x_wconf 78' lang='lat' dir='ltr'><strong>signatum</strong></span> <span class='ocrx_word' id='word_1_473' title='bbox 1444 3915 1718 3978; x_wconf 85' lang='lat' dir='ltr'><strong>devorent,</strong></span> <span class='ocrx_word' id='word_1_474' title='bbox 1745 3929 2019 3983; x_wconf 81' lang='lat' dir='ltr'><strong>nunquam</strong></span> 
     </span>
    </p>
   </div>
   <div class='ocr_carea' id='block_1_73' title="bbox 442 4003 2021 4071">
    <p class='ocr_par' dir='ltr' id='par_1_73' title="bbox 442 4003 2021 4071">
     <span class='ocr_line' id='line_1_73' title="bbox 442 4003 2021 4071; baseline -0.003 -12"><span class='ocrx_word' id='word_1_475' title='bbox 442 4021 554 4059; x_wconf 78' lang='lat' dir='ltr'><strong>non</strong></span> <span class='ocrx_word' id='word_1_476' title='bbox 593 4004 645 4058; x_wconf 92' lang='lat' dir='ltr'><strong>in</strong></span> <span class='ocrx_word' id='word_1_477' title='bbox 674 4004 899 4059; x_wconf 89' lang='lat' dir='ltr'><strong>circuitu</strong></span> <span class='ocrx_word' id='word_1_478' title='bbox 934 4003 1297 4067; x_wconf 90' lang='lat' dir='ltr'><strong>obambulant,</strong></span> <span class='ocrx_word' id='word_1_479' title='bbox 1325 4011 1538 4057; x_wconf 88' lang='lat' dir='ltr'><strong>maneat</strong></span> <span class='ocrx_word' id='word_1_480' title='bbox 1567 4003 1858 4071; x_wconf 84' lang='lat' dir='ltr'><strong>impervia:</strong></span> <span class='ocrx_word' id='word_1_481' title='bbox 1886 4017 2021 4055; x_wconf 88' lang='lat' dir='ltr'><strong>con-</strong></span> 
     </span>
    </p>
   </div>
   <div class='ocr_carea' id='block_1_74' title="bbox 446 4090 2023 4162">
    <p class='ocr_par' dir='ltr' id='par_1_74' title="bbox 446 4090 2023 4162">
     <span class='ocr_line' id='line_1_74' title="bbox 446 4090 2023 4162; baseline -0.001 -16"><span class='ocrx_word' id='word_1_482' title='bbox 446 4102 537 4147; x_wconf 83' lang='lat' dir='ltr'><strong>tra</strong></span> <span class='ocrx_word' id='word_1_483' title='bbox 564 4108 697 4162; x_wconf 88' lang='lat' dir='ltr'><strong>quos</strong></span> <span class='ocrx_word' id='word_1_484' title='bbox 710 4107 839 4147; x_wconf 87' lang='lat' dir='ltr'><strong>sane</strong></span> <span class='ocrx_word' id='word_1_485' title='bbox 869 4092 1276 4161; x_wconf 81' lang='lat' dir='ltr'><strong>inaspectabiles</strong></span> <span class='ocrx_word' id='word_1_486' title='bbox 1303 4093 1483 4146; x_wconf 83' lang='lat' dir='ltr'><strong>hostes</strong></span> <span class='ocrx_word' id='word_1_487' title='bbox 1505 4108 1609 4147; x_wconf 86' lang='lat' dir='ltr'><strong>non</strong></span> <span class='ocrx_word' id='word_1_488' title='bbox 1639 4092 1898 4155; x_wconf 84' lang='lat' dir='ltr'><strong>carnalia,</strong></span> <span class='ocrx_word' id='word_1_489' title='bbox 1929 4090 2023 4145; x_wconf 88' lang='lat' dir='ltr'><strong>sed</strong></span> 
     </span>
    </p>
   </div>
   <div class='ocr_carea' id='block_1_75' title="bbox 437 4179 2023 4253">
    <p class='ocr_par' dir='ltr' id='par_1_75' title="bbox 437 4179 2023 4253">
     <span class='ocr_line' id='line_1_75' title="bbox 437 4179 2023 4253; baseline -0.003 -16"><span class='ocrx_word' id='word_1_490' title='bbox 437 4183 747 4253; x_wconf 74' lang='lat' dir='ltr'><strong>spiritualia</strong></span> <span class='ocrx_word' id='word_1_491' title='bbox 789 4181 1072 4250; x_wconf 75' lang='lat' dir='ltr'><strong>obiicimus</strong></span> <span class='ocrx_word' id='word_1_492' title='bbox 1121 4197 1291 4245; x_wconf 88' lang='lat' dir='ltr'><strong>arma,</strong></span> <span class='ocrx_word' id='word_1_493' title='bbox 1340 4189 1550 4237; x_wconf 90' lang='lat' dir='ltr'><strong>scutum</strong></span> <span class='ocrx_word' id='word_1_494' title='bbox 1586 4180 1837 4235; x_wconf 89' lang='lat' dir='ltr'><strong>videlicet</strong></span> <span class='ocrx_word' id='word_1_495' title='bbox 1877 4179 2023 4247; x_wconf 88' lang='lat' dir='ltr'><strong>ﬁdei,</strong></span> 
     </span>
    </p>
   </div>
   <div class='ocr_carea' id='block_1_76' title="bbox 452 4269 2026 4341">
    <p class='ocr_par' dir='ltr' id='par_1_76' title="bbox 452 4269 2026 4341">
     <span class='ocr_line' id='line_1_76' title="bbox 452 4269 2026 4341; baseline -0.003 -16"><span class='ocrx_word' id='word_1_496' title='bbox 452 4271 828 4339; x_wconf 85' lang='lat' dir='ltr'><strong>sermonisque</strong></span> <span class='ocrx_word' id='word_1_497' title='bbox 855 4271 1109 4341; x_wconf 84' lang='lat' dir='ltr'><strong>gladium,</strong></span> <span class='ocrx_word' id='word_1_498' title='bbox 1128 4271 1268 4339; x_wconf 90' lang='lat' dir='ltr'><strong>quod</strong></span> <span class='ocrx_word' id='word_1_499' title='bbox 1296 4279 1379 4325; x_wconf 90' lang='lat' dir='ltr'><strong>est</strong></span> <span class='ocrx_word' id='word_1_500' title='bbox 1408 4270 1635 4323; x_wconf 88' lang='lat' dir='ltr'><strong>verbum</strong></span> <span class='ocrx_word' id='word_1_501' title='bbox 1674 4269 1787 4333; x_wconf 88' lang='lat' dir='ltr'><strong>Dei,</strong></span> <span class='ocrx_word' id='word_1_502' title='bbox 1816 4276 1873 4322; x_wconf 90' lang='lat' dir='ltr'><strong>ut</strong></span> <span class='ocrx_word' id='word_1_503' title='bbox 1898 4282 2026 4337; x_wconf 89' lang='lat' dir='ltr'><strong>pee-</strong></span> 
     </span>
    </p>
   </div>
   <div class='ocr_carea' id='block_1_77' title="bbox 438 4358 2026 4431">
    <p class='ocr_par' dir='ltr' id='par_1_77' title="bbox 438 4358 2026 4431">
     <span class='ocr_line' id='line_1_77' title="bbox 438 4358 2026 4431; baseline -0.002 -15"><span class='ocrx_word' id='word_1_504' title='bbox 438 4363 555 4416; x_wconf 83' lang='lat' dir='ltr'><strong>cati</strong></span> <span class='ocrx_word' id='word_1_505' title='bbox 603 4362 928 4417; x_wconf 88' lang='lat' dir='ltr'><strong>munitiones</strong></span> <span class='ocrx_word' id='word_1_506' title='bbox 968 4371 1022 4416; x_wconf 89' lang='lat' dir='ltr'><strong>et</strong></span> <span class='ocrx_word' id='word_1_507' title='bbox 1049 4363 1324 4417; x_wconf 86' lang='lat' dir='ltr'><strong>machinas</strong></span> <span class='ocrx_word' id='word_1_508' title='bbox 1366 4361 1584 4431; x_wconf 77' lang='lat' dir='ltr'><strong>Spiritus</strong></span> <span class='ocrx_word' id='word_1_509' title='bbox 1632 4358 1796 4415; x_wconf 79' lang='lat' dir='ltr'><strong>funda</strong></span> <span class='ocrx_word' id='word_1_510' title='bbox 1844 4361 2026 4418; x_wconf 86' lang='lat' dir='ltr'><strong>demo—</strong></span> 
     </span>
    </p>
   </div>
   <div class='ocr_carea' id='block_1_78' title="bbox 342 4450 2021 4519">
    <p class='ocr_par' dir='ltr' id='par_1_78' title="bbox 342 4450 2021 4519">
     <span class='ocr_line' id='line_1_78' title="bbox 342 4450 2021 4519; baseline -0.001 -16"><span class='ocrx_word' id='word_1_511' title='bbox 342 4470 360 4483; x_wconf 48' lang='grc' dir='ltr'>ηε</span> <span class='ocrx_word' id='word_1_512' title='bbox 441 4450 642 4505; x_wconf 80' lang='lat' dir='ltr'><strong>lientes</strong></span> <span class='ocrx_word' id='word_1_513' title='bbox 698 4451 1152 4519; x_wconf 89' lang='lat' dir='ltr'><strong>insectantesque,</strong></span> <span class='ocrx_word' id='word_1_514' title='bbox 1198 4450 1468 4505; x_wconf 86' lang='lat' dir='ltr'><strong>crudelem</strong></span> <span class='ocrx_word' id='word_1_515' title='bbox 1503 4450 1713 4504; x_wconf 90' lang='lat' dir='ltr'><strong>illorum</strong></span> <span class='ocrx_word' id='word_1_516' title='bbox 1739 4450 2021 4504; x_wconf 84' lang='lat' dir='ltr'><strong>audaciam</strong></span> 
     </span>
    </p>
   </div>
   <div class='ocr_carea' id='block_1_79' title="bbox 2113 3280 3662 3363">
    <p class='ocr_par' dir='ltr' id='par_1_79' title="bbox 2113 3280 3662 3363">
     <span class='ocr_line' id='line_1_79' title="bbox 2113 3280 3662 3363; baseline 0.005 -28"><span class='ocrx_word' id='word_1_517' title='bbox 2113 3280 2433 3351; x_wconf 80' lang='grc' dir='ltr'>συνδεόμενοι</span> <span class='ocrx_word' id='word_1_518' title='bbox 2460 3285 2855 3340; x_wconf 87' lang='grc' dir='ltr'>ἀναπόσπαστον</span> <span class='ocrx_word' id='word_1_519' title='bbox 2901 3295 2992 3347; x_wconf 77' lang='grc' dir='ltr'>τῆς</span> <span class='ocrx_word' id='word_1_520' title='bbox 3037 3290 3230 3363; x_wconf 77' lang='grc' dir='ltr'>είρήνης</span> <span class='ocrx_word' id='word_1_521' title='bbox 3257 3289 3316 3343; x_wconf 86' lang='grc' dir='ltr'>τὸ</span> <span class='ocrx_word' id='word_1_522' title='bbox 3347 3287 3511 3363; x_wconf 73' lang='grc' dir='ltr'>δῦρον</span> <span class='ocrx_word' id='word_1_523' title='bbox 3536 3291 3583 3342; x_wconf 80' lang='grc' dir='ltr'>ἐν</span> <span class='ocrx_word' id='word_1_524' title='bbox 3607 3296 3662 3361; x_wconf 71' lang='grc' dir='ltr'>τῇ</span> 
     </span>
    </p>
   </div>
   <div class='ocr_carea' id='block_1_80' title="bbox 2113 3376 3668 3452">
    <p class='ocr_par' dir='ltr' id='par_1_80' title="bbox 2113 3376 3668 3452">
     <span class='ocr_line' id='line_1_80' title="bbox 2113 3376 3668 3452; baseline 0.004 -24"><span class='ocrx_word' id='word_1_525' title='bbox 2113 3377 2494 3445; x_wconf 67' lang='grc' dir='ltr'>πεπιστευμένη</span> <span class='ocrx_word' id='word_1_526' title='bbox 2542 3379 2657 3447; x_wconf 76' lang='grc' dir='ltr'>ἡμῖν</span> <span class='ocrx_word' id='word_1_527' title='bbox 2699 3376 2923 3452; x_wconf 74' lang='grc' dir='ltr'>διακονίᾳ</span> <span class='ocrx_word' id='word_1_528' title='bbox 2950 3378 3152 3451; x_wconf 73' lang='grc' dir='ltr'>έφ⁹ἦμίν</span> <span class='ocrx_word' id='word_1_529' title='bbox 3188 3380 3364 3440; x_wconf 77' lang='grc' dir='ltr'>αὐτοῖς</span> <span class='ocrx_word' id='word_1_530' title='bbox 3399 3383 3668 3451; x_wconf 78' lang='grc' dir='ltr'>κατάσχω-</span> 
     </span>
    </p>
   </div>
   <div class='ocr_carea' id='block_1_81' title="bbox 2115 3463 3664 3544">
    <p class='ocr_par' dir='ltr' id='par_1_81' title="bbox 2115 3463 3664 3544">
     <span class='ocr_line' id='line_1_81' title="bbox 2115 3463 3664 3544; baseline 0.004 -28"><span class='ocrx_word' id='word_1_531' title='bbox 2115 3482 2224 3533; x_wconf 85' lang='grc' dir='ltr'>μεν,</span> <span class='ocrx_word' id='word_1_532' title='bbox 2258 3464 2289 3523; x_wconf 62' lang='lat' dir='ltr'><strong>ﬁ</strong></span> <span class='ocrx_word' id='word_1_533' title='bbox 2336 3466 2391 3519; x_wconf 83' lang='grc' dir='ltr'><strong>τό</strong></span> <span class='ocrx_word' id='word_1_534' title='bbox 2439 3463 2747 3536; x_wconf 83' lang='grc' dir='ltr'>ἀδιάτμητον</span> <span class='ocrx_word' id='word_1_535' title='bbox 2789 3472 2875 3521; x_wconf 76' lang='grc' dir='ltr'><strong>καί</strong></span> <span class='ocrx_word' id='word_1_536' title='bbox 2922 3470 3188 3539; x_wconf 73' lang='grc' dir='ltr'>σύμφωνον</span> <span class='ocrx_word' id='word_1_537' title='bbox 3221 3476 3284 3544; x_wconf 80' lang='grc' dir='ltr'><strong>τῇ</strong></span> <span class='ocrx_word' id='word_1_538' title='bbox 3307 3468 3564 3544; x_wconf 74' lang='grc' dir='ltr'>Ἐκκλησία</span> <span class='ocrx_word' id='word_1_539' title='bbox 3586 3487 3664 3522; x_wconf 57' lang='grc' dir='ltr'><strong>πελ</strong></span> 
     </span>
    </p>
   </div>
   <div class='ocr_carea' id='block_1_82' title="bbox 2115 3552 3661 3626">
    <p class='ocr_par' dir='ltr' id='par_1_82' title="bbox 2115 3552 3661 3626">
     <span class='ocr_line' id='line_1_82' title="bbox 2115 3552 3661 3626; baseline 0.003 -21"><span class='ocrx_word' id='word_1_540' title='bbox 2115 3559 2412 3623; x_wconf 79' lang='grc' dir='ltr'>ριποιεῖται,</span> <span class='ocrx_word' id='word_1_541' title='bbox 2464 3552 2612 3613; x_wconf 76' lang='grc' dir='ltr'>ὅπως</span> <span class='ocrx_word' id='word_1_542' title='bbox 2662 3556 2885 3609; x_wconf 72' lang='grc' dir='ltr'>ἐντεῦθεν</span> <span class='ocrx_word' id='word_1_543' title='bbox 2918 3557 2949 3615; x_wconf 71' lang='grc' dir='ltr'><em>ἦ</em></span> <span class='ocrx_word' id='word_1_544' title='bbox 3002 3561 3157 3616; x_wconf 60' lang='grc' dir='ltr'>νοητή</span> <span class='ocrx_word' id='word_1_545' title='bbox 3194 3557 3338 3616; x_wconf 81' lang='grc' dir='ltr'>πόλις</span> <span class='ocrx_word' id='word_1_546' title='bbox 3384 3563 3476 3612; x_wconf 81' lang='grc' dir='ltr'>τοῦ</span> <span class='ocrx_word' id='word_1_547' title='bbox 3528 3556 3661 3626; x_wconf 61' lang='grc' dir='ltr'>βασυ</span> 
     </span>
    </p>
   </div>
   <div class='ocr_carea' id='block_1_83' title="bbox 2114 3641 3668 3721">
    <p class='ocr_par' dir='ltr' id='par_1_83' title="bbox 2114 3641 3668 3721">
     <span class='ocr_line' id='line_1_83' title="bbox 2114 3641 3668 3721; baseline 0.003 -26"><span class='ocrx_word' id='word_1_548' title='bbox 2114 3641 2238 3703; x_wconf 88' lang='grc' dir='ltr'>λέως</span> <span class='ocrx_word' id='word_1_549' title='bbox 2291 3649 2382 3697; x_wconf 84' lang='grc' dir='ltr'>τοῦ</span> <span class='ocrx_word' id='word_1_550' title='bbox 2436 3644 2655 3716; x_wconf 86' lang='grc' dir='ltr'>μεγάλου</span> <span class='ocrx_word' id='word_1_551' title='bbox 2712 3648 3036 3719; x_wconf 79' lang='grc' dir='ltr'>τειχιζομένη</span> <span class='ocrx_word' id='word_1_552' title='bbox 3090 3650 3176 3701; x_wconf 81' lang='grc' dir='ltr'><strong>καί</strong></span> <span class='ocrx_word' id='word_1_553' title='bbox 3221 3647 3668 3721; x_wconf 72' lang='grc' dir='ltr'>περιφρουρουμίνη</span> 
     </span>
    </p>
   </div>
   <div class='ocr_carea' id='block_1_84' title="bbox 2117 3735 3664 3815">
    <p class='ocr_par' dir='ltr' id='par_1_84' title="bbox 2117 3735 3664 3815">
     <span class='ocr_line' id='line_1_84' title="bbox 2117 3735 3664 3815; baseline 0.001 -27"><span class='ocrx_word' id='word_1_554' title='bbox 2117 3735 2469 3795; x_wconf 80' lang='grc' dir='ltr'>ἀκατάϐλητος</span> <span class='ocrx_word' id='word_1_555' title='bbox 2508 3739 2594 3791; x_wconf 82' lang='grc' dir='ltr'><strong>καί</strong></span> <span class='ocrx_word' id='word_1_556' title='bbox 2621 3736 2901 3810; x_wconf 69' lang='grc' dir='ltr'>ἀπόρθητος</span> <span class='ocrx_word' id='word_1_557' title='bbox 2938 3737 3151 3810; x_wconf 74' lang='grc' dir='ltr'>διαμένῃ</span> <span class='ocrx_word' id='word_1_558' title='bbox 3185 3740 3238 3792; x_wconf 82' lang='grc' dir='ltr'><strong>έκ</strong></span> <span class='ocrx_word' id='word_1_559' title='bbox 3267 3740 3439 3800; x_wconf 73' lang='grc' dir='ltr'>πάσης</span> <span class='ocrx_word' id='word_1_560' title='bbox 3464 3737 3664 3815; x_wconf 74' lang='grc' dir='ltr'>προσϐον</span> 
     </span>
    </p>
   </div>
   <div class='ocr_carea' id='block_1_85' title="bbox 2115 3823 3668 3901">
    <p class='ocr_par' dir='ltr' id='par_1_85' title="bbox 2115 3823 3668 3901">
     <span class='ocr_line' id='line_1_85' title="bbox 2115 3823 3668 3901; baseline 0.003 -25"><span class='ocrx_word' id='word_1_561' title='bbox 2115 3823 2203 3882; x_wconf 80' lang='grc' dir='ltr'>λῆς</span> <span class='ocrx_word' id='word_1_562' title='bbox 2232 3844 2284 3877; x_wconf 85' lang='grc' dir='ltr'><strong>τε</strong></span> <span class='ocrx_word' id='word_1_563' title='bbox 2321 3826 2403 3877; x_wconf 61' lang='grc' dir='ltr'><strong>καί</strong></span> <span class='ocrx_word' id='word_1_564' title='bbox 2431 3825 2619 3894; x_wconf 82' lang='grc' dir='ltr'>τέχνης</span> <span class='ocrx_word' id='word_1_565' title='bbox 2648 3832 2749 3880; x_wconf 83' lang='grc' dir='ltr'><strong>τῶν</strong></span> <span class='ocrx_word' id='word_1_566' title='bbox 2773 3827 3001 3900; x_wconf 82' lang='grc' dir='ltr'>ἀοράτων</span> <span class='ocrx_word' id='word_1_567' title='bbox 3027 3827 3247 3901; x_wconf 79' lang='grc' dir='ltr'>έχθρῶν,</span> <span class='ocrx_word' id='word_1_568' title='bbox 3272 3831 3358 3882; x_wconf 85' lang='grc' dir='ltr'><strong>καί</strong></span> <span class='ocrx_word' id='word_1_569' title='bbox 3393 3836 3492 3883; x_wconf 84' lang='grc' dir='ltr'>τῶν</span> <span class='ocrx_word' id='word_1_570' title='bbox 3518 3825 3668 3896; x_wconf 77' lang='grc' dir='ltr'>κύκλῳ</span> 
     </span>
    </p>
   </div>
   <div class='ocr_carea' id='block_1_86' title="bbox 2119 3914 3668 3989">
    <p class='ocr_par' dir='ltr' id='par_1_86' title="bbox 2119 3914 3668 3989">
     <span class='ocr_line' id='line_1_86' title="bbox 2119 3914 3668 3989; baseline 0.003 -21"><span class='ocrx_word' id='word_1_571' title='bbox 2119 3914 2465 3988; x_wconf 80' lang='grc' dir='ltr'>περιθεόντων,</span> <span class='ocrx_word' id='word_1_572' title='bbox 2498 3918 2581 3968; x_wconf 84' lang='grc' dir='ltr'><strong>καί</strong></span> <span class='ocrx_word' id='word_1_573' title='bbox 2603 3917 2883 3979; x_wconf 77' lang='grc' dir='ltr'>ζητούντων</span> <span class='ocrx_word' id='word_1_574' title='bbox 2908 3926 3168 3971; x_wconf 72' lang='grc' dir='ltr'>καταπιεῖν</span> <span class='ocrx_word' id='word_1_575' title='bbox 3202 3938 3313 3972; x_wconf 85' lang='grc' dir='ltr'>τινα</span> <span class='ocrx_word' id='word_1_576' title='bbox 3341 3924 3442 3973; x_wconf 77' lang='grc' dir='ltr'>τῶν</span> <span class='ocrx_word' id='word_1_577' title='bbox 3470 3919 3519 3972; x_wconf 75' lang='grc' dir='ltr'>ἐν</span> <span class='ocrx_word' id='word_1_578' title='bbox 3553 3918 3668 3989; x_wconf 72' lang='grc' dir='ltr'>αὐτῇ</span> 
     </span>
    </p>
   </div>
   <div class='ocr_carea' id='block_1_87' title="bbox 2120 4003 3667 4080">
    <p class='ocr_par' dir='ltr' id='par_1_87' title="bbox 2120 4003 3667 4080">
     <span class='ocr_line' id='line_1_87' title="bbox 2120 4003 3667 4080; baseline 0.002 -24"><span class='ocrx_word' id='word_1_579' title='bbox 2120 4003 2598 4078; x_wconf 88' lang='grc' dir='ltr'>ἀπογεγραμμένων.</span> <span class='ocrx_word' id='word_1_580' title='bbox 2636 4009 2719 4060; x_wconf 89' lang='grc' dir='ltr'><strong>καί</strong></span> <span class='ocrx_word' id='word_1_581' title='bbox 2756 4009 3128 4077; x_wconf 81' lang='grc' dir='ltr'>σημειωθέντων</span> <span class='ocrx_word' id='word_1_582' title='bbox 3163 4010 3212 4060; x_wconf 79' lang='grc' dir='ltr'>ἓν</span> <span class='ocrx_word' id='word_1_583' title='bbox 3258 4010 3526 4080; x_wconf 75' lang='grc' dir='ltr'>Πνεύματι*</span> <span class='ocrx_word' id='word_1_584' title='bbox 3568 4004 3667 4060; x_wconf 78' lang='grc' dir='ltr'>καθ’</span> 
     </span>
    </p>
   </div>
   <div class='ocr_carea' id='block_1_88' title="bbox 2121 4089 3666 4170">
    <p class='ocr_par' dir='ltr' id='par_1_88' title="bbox 2121 4089 3666 4170">
     <span class='ocr_line' id='line_1_88' title="bbox 2121 4089 3666 4170; baseline 0.003 -26"><span class='ocrx_word' id='word_1_585' title='bbox 2121 4089 2187 4145; x_wconf 80' lang='grc' dir='ltr'>ὧν</span> <span class='ocrx_word' id='word_1_586' title='bbox 2222 4094 2601 4166; x_wconf 61' lang='grc' dir='ltr'>προϐαλλόμεθα</span> <span class='ocrx_word' id='word_1_587' title='bbox 2642 4098 2699 4148; x_wconf 80' lang='grc' dir='ltr'>οὔ</span> <span class='ocrx_word' id='word_1_588' title='bbox 2740 4099 2960 4170; x_wconf 78' lang='grc' dir='ltr'>σαρκικὰ</span> <span class='ocrx_word' id='word_1_589' title='bbox 2996 4094 3146 4159; x_wconf 82' lang='grc' dir='ltr'>ὅπλα,</span> <span class='ocrx_word' id='word_1_590' title='bbox 3182 4097 3304 4151; x_wconf 85' lang='grc' dir='ltr'><strong>ἀλλά</strong></span> <span class='ocrx_word' id='word_1_591' title='bbox 3346 4097 3666 4168; x_wconf 75' lang='grc' dir='ltr'>πνευματικὰ,</span> 
     </span>
    </p>
   </div>
   <div class='ocr_carea' id='block_1_89' title="bbox 2119 4185 3667 4259">
    <p class='ocr_par' dir='ltr' id='par_1_89' title="bbox 2119 4185 3667 4259">
     <span class='ocr_line' id='line_1_89' title="bbox 2119 4185 3667 4259; baseline 0.002 -21"><span class='ocrx_word' id='word_1_592' title='bbox 2119 4188 2209 4242; x_wconf 74' lang='grc' dir='ltr'>τήν</span> <span class='ocrx_word' id='word_1_593' title='bbox 2249 4204 2303 4239; x_wconf 88' lang='grc' dir='ltr'><strong>τε</strong></span> <span class='ocrx_word' id='word_1_594' title='bbox 2351 4185 2545 4239; x_wconf 82' lang='grc' dir='ltr'>ἀσπίδα</span> <span class='ocrx_word' id='word_1_595' title='bbox 2589 4194 2681 4245; x_wconf 79' lang='grc' dir='ltr'><strong>τῆς</strong></span> <span class='ocrx_word' id='word_1_596' title='bbox 2718 4191 2940 4246; x_wconf 76' lang='grc' dir='ltr'>πίστεως</span> <span class='ocrx_word' id='word_1_597' title='bbox 2988 4189 3071 4241; x_wconf 86' lang='grc' dir='ltr'><strong>καί</strong></span> <span class='ocrx_word' id='word_1_598' title='bbox 3118 4192 3207 4245; x_wconf 78' lang='grc' dir='ltr'>τήν</span> <span class='ocrx_word' id='word_1_599' title='bbox 3252 4193 3344 4243; x_wconf 80' lang='grc' dir='ltr'>τοῦ</span> <span class='ocrx_word' id='word_1_600' title='bbox 3388 4187 3536 4259; x_wconf 81' lang='grc' dir='ltr'>λόγου</span> <span class='ocrx_word' id='word_1_601' title='bbox 3579 4187 3667 4256; x_wconf 77' lang='grc' dir='ltr'>μά-</span> 
     </span>
    </p>
   </div>
   <div class='ocr_carea' id='block_1_90' title="bbox 2121 4269 3668 4350">
    <p class='ocr_par' dir='ltr' id='par_1_90' title="bbox 2121 4269 3668 4350">
     <span class='ocr_line' id='line_1_90' title="bbox 2121 4269 3668 4350; baseline 0.004 -24"><span class='ocrx_word' id='word_1_602' title='bbox 2121 4294 2333 4347; x_wconf 87' lang='grc' dir='ltr'>χαιραν,</span> <span class='ocrx_word' id='word_1_603' title='bbox 2371 4269 2397 4326; x_wconf 78' lang='grc' dir='ltr'>ὅ</span> <span class='ocrx_word' id='word_1_604' title='bbox 2434 4273 2456 4328; x_wconf 80' lang='grc' dir='ltr'><strong>έ</strong></span> <span class='ocrx_word' id='word_1_605' title='bbox 2467 4296 2553 4350; x_wconf 83' lang='grc' dir='ltr'><strong>στι</strong></span> <span class='ocrx_word' id='word_1_606' title='bbox 2590 4274 2729 4347; x_wconf 78' lang='grc' dir='ltr'>ῥῆμα</span> <span class='ocrx_word' id='word_1_607' title='bbox 2764 4282 2892 4331; x_wconf 84' lang='grc' dir='ltr'>Θεοῦ</span> <span class='ocrx_word' id='word_1_608' title='bbox 2935 4283 3022 4331; x_wconf 80' lang='grc' dir='ltr'>τοῦ</span> <span class='ocrx_word' id='word_1_609' title='bbox 3051 4277 3266 4331; x_wconf 83' lang='grc' dir='ltr'>καθελεῖν</span> <span class='ocrx_word' id='word_1_610' title='bbox 3305 4283 3397 4337; x_wconf 77' lang='grc' dir='ltr'><strong>τῆς</strong></span> <span class='ocrx_word' id='word_1_611' title='bbox 3436 4276 3668 4350; x_wconf 73' lang='grc' dir='ltr'>ἁμαρτίας</span> 
     </span>
    </p>
   </div>
   <div class='ocr_carea' id='block_1_91' title="bbox 2120 4356 3667 4437">
    <p class='ocr_par' dir='ltr' id='par_1_91' title="bbox 2120 4356 3667 4437">
     <span class='ocr_line' id='line_1_91' title="bbox 2120 4356 3667 4437; baseline 0.001 -21"><span class='ocrx_word' id='word_1_612' title='bbox 2120 4365 2215 4422; x_wconf 84' lang='grc' dir='ltr'>τὰς</span> <span class='ocrx_word' id='word_1_613' title='bbox 2248 4356 2499 4424; x_wconf 70' lang='grc' dir='ltr'>έλιπὸλιις</span> <span class='ocrx_word' id='word_1_614' title='bbox 2527 4366 2610 4417; x_wconf 88' lang='grc' dir='ltr'><strong>καί</strong></span> <span class='ocrx_word' id='word_1_615' title='bbox 2652 4366 2890 4433; x_wconf 83' lang='grc' dir='ltr'>μηχανάς</span> <span class='ocrx_word' id='word_1_616' title='bbox 2921 4372 2984 4437; x_wconf 78' lang='grc' dir='ltr'>τῇ</span> <span class='ocrx_word' id='word_1_617' title='bbox 3010 4363 3246 4437; x_wconf 75' lang='grc' dir='ltr'>σφενδόνῃ</span> <span class='ocrx_word' id='word_1_618' title='bbox 3275 4371 3367 4419; x_wconf 78' lang='grc' dir='ltr'>τοῦ</span> <span class='ocrx_word' id='word_1_619' title='bbox 3401 4366 3667 4424; x_wconf 79' lang='grc' dir='ltr'>πνεύματος</span> 
     </span>
    </p>
   </div>
   <div class='ocr_carea' id='block_1_92' title="bbox 2124 4449 3668 4527">
    <p class='ocr_par' dir='ltr' id='par_1_92' title="bbox 2124 4449 3668 4527">
     <span class='ocr_line' id='line_1_92' title="bbox 2124 4449 3668 4527; baseline -0.001 -22"><span class='ocrx_word' id='word_1_620' title='bbox 2124 4449 2299 4521; x_wconf 78' lang='grc' dir='ltr'>πόρῥω</span> <span class='ocrx_word' id='word_1_621' title='bbox 2325 4473 2426 4507; x_wconf 91' lang='grc' dir='ltr'><strong>που</strong></span> <span class='ocrx_word' id='word_1_622' title='bbox 2457 4453 2514 4507; x_wconf 87' lang='grc' dir='ltr'><strong>τό</strong></span> <span class='ocrx_word' id='word_1_623' title='bbox 2554 4450 2724 4527; x_wconf 74' lang='grc' dir='ltr'>ἄγριον</span> <span class='ocrx_word' id='word_1_624' title='bbox 2759 4456 2947 4523; x_wconf 84' lang='grc' dir='ltr'>θράσος</span> <span class='ocrx_word' id='word_1_625' title='bbox 2990 4456 3153 4509; x_wconf 80' lang='grc' dir='ltr'>αὐτῶν</span> <span class='ocrx_word' id='word_1_626' title='bbox 3186 4454 3556 4511; x_wconf 78' lang='grc' dir='ltr'>ἀποσοϐοῦντες</span> <span class='ocrx_word' id='word_1_627' title='bbox 3595 4452 3668 4504; x_wconf 86' lang='grc' dir='ltr'><strong>καί</strong></span> 
     </span>
    </p>
   </div>
   <div class='ocr_carea' id='block_1_93' title="bbox 434 4518 2009 4620">
    <p class='ocr_par' dir='ltr' id='par_1_93' title="bbox 434 4518 2009 4612">
     <span class='ocr_line' id='line_1_93' title="bbox 434 4518 2009 4612; baseline 0.001 -20"><span class='ocrx_word' id='word_1_628' title='bbox 434 4540 631 4611; x_wconf 74' lang='lat' dir='ltr'><strong>procul</strong></span> <span class='ocrx_word' id='word_1_629' title='bbox 666 4526 924 4610; x_wconf 84' lang='lat' dir='ltr'><strong>pellamus</strong></span> <span class='ocrx_word' id='word_1_630' title='bbox 955 4518 1395 4612; x_wconf 81' lang='lat' dir='ltr'><strong>frangamusque,</strong></span> <span class='ocrx_word' id='word_1_631' title='bbox 1428 4556 1533 4610; x_wconf 93' lang='lat' dir='ltr'><strong>quo</strong></span> <span class='ocrx_word' id='word_1_632' title='bbox 1561 4541 1661 4595; x_wconf 90' lang='lat' dir='ltr'><strong>hac</strong></span> <span class='ocrx_word' id='word_1_633' title='bbox 1689 4540 1901 4594; x_wconf 88' lang='lat' dir='ltr'><strong>tandem</strong></span> <span class='ocrx_word' id='word_1_634' title='bbox 1931 4553 2009 4593; x_wconf 90' lang='lat' dir='ltr'><strong>ra-</strong></span> 
     </span>
    </p>
   </div>
   <div class='ocr_carea' id='block_1_94' title="bbox 2107 4518 3665 4620">
    <p class='ocr_par' dir='ltr' id='par_1_94' title="bbox 2124 4541 3665 4620">
     <span class='ocr_line' id='line_1_94' title="bbox 2124 4541 3665 4620; baseline -0.003 -23"><span class='ocrx_word' id='word_1_635' title='bbox 2124 4541 2461 4607; x_wconf 75' lang='grc' dir='ltr'>ἕκδιώκοντες,</span> <span class='ocrx_word' id='word_1_636' title='bbox 2495 4545 2562 4604; x_wconf 82' lang='grc' dir='ltr'>ὡς</span> <span class='ocrx_word' id='word_1_637' title='bbox 2586 4552 2675 4603; x_wconf 82' lang='grc' dir='ltr'><strong>τῆς</strong></span> <span class='ocrx_word' id='word_1_638' title='bbox 2705 4545 2841 4604; x_wconf 79' lang='grc' dir='ltr'>θείας</span> <span class='ocrx_word' id='word_1_639' title='bbox 2867 4545 3085 4617; x_wconf 78' lang='grc' dir='ltr'>φυλακῆς</span> <span class='ocrx_word' id='word_1_640' title='bbox 3110 4564 3163 4599; x_wconf 90' lang='grc' dir='ltr'><strong>τε</strong></span> <span class='ocrx_word' id='word_1_641' title='bbox 3212 4548 3301 4599; x_wconf 89' lang='grc' dir='ltr'><strong>καί</strong></span> <span class='ocrx_word' id='word_1_642' title='bbox 3330 4546 3487 4620; x_wconf 65' lang='grc' dir='ltr'>ῥοπῆς</span> <span class='ocrx_word' id='word_1_643' title='bbox 3518 4541 3665 4606; x_wconf 78' lang='grc' dir='ltr'>ἀξιούο</span> 
     </span>
    </p>
   </div>
   <div class='ocr_carea' id='block_1_95' title="bbox 438 4626 2021 4699">
    <p class='ocr_par' dir='ltr' id='par_1_95' title="bbox 438 4626 2021 4699">
     <span class='ocr_line' id='line_1_95' title="bbox 438 4626 2021 4699; baseline -0.001 -15"><span class='ocrx_word' id='word_1_644' title='bbox 438 4631 591 4684; x_wconf 67' lang='lat' dir='ltr'><strong>1ione</strong></span> <span class='ocrx_word' id='word_1_645' title='bbox 622 4631 798 4683; x_wconf 88' lang='lat' dir='ltr'><strong>divina</strong></span> <span class='ocrx_word' id='word_1_646' title='bbox 827 4631 1067 4685; x_wconf 69' lang='lat' dir='ltr'><strong>cusvodia</strong></span> <span class='ocrx_word' id='word_1_647' title='bbox 1109 4632 1413 4699; x_wconf 82' lang='lat' dir='ltr'><strong>auxilioque</strong></span> <span class='ocrx_word' id='word_1_648' title='bbox 1451 4630 1627 4699; x_wconf 91' lang='lat' dir='ltr'><strong>potiti,</strong></span> <span class='ocrx_word' id='word_1_649' title='bbox 1656 4629 1779 4683; x_wconf 67' lang='lat' dir='ltr'><strong>vita:</strong></span> <span class='ocrx_word' id='word_1_650' title='bbox 1821 4626 2021 4683; x_wconf 58' lang='lat' dir='ltr'><strong>nosam</strong></span> 
     </span>
    </p>
   </div>
   <div class='ocr_carea' id='block_1_96' title="bbox 434 4719 2022 4791">
    <p class='ocr_par' dir='ltr' id='par_1_96' title="bbox 434 4719 2022 4791">
     <span class='ocr_line' id='line_1_96' title="bbox 434 4719 2022 4791; baseline -0.001 -18"><span class='ocrx_word' id='word_1_651' title='bbox 434 4721 782 4774; x_wconf 67' lang='lat' dir='ltr'><strong>conversatio</strong></span> <span class='ocrx_word' id='word_1_652' title='bbox 802 4721 982 4788; x_wconf 87' lang='lat' dir='ltr'><strong>quieta</strong></span> <span class='ocrx_word' id='word_1_653' title='bbox 1012 4728 1308 4789; x_wconf 89' lang='lat' dir='ltr'><strong>pacataque</strong></span> <span class='ocrx_word' id='word_1_654' title='bbox 1334 4720 1686 4784; x_wconf 88' lang='lat' dir='ltr'><strong>consistat,et</strong></span> <span class='ocrx_word' id='word_1_655' title='bbox 1711 4719 1765 4773; x_wconf 94' lang='lat' dir='ltr'><strong>in</strong></span> <span class='ocrx_word' id='word_1_656' title='bbox 1794 4722 2022 4791; x_wconf 82' lang='lat' dir='ltr'><strong>regene-</strong></span> 
     </span>
    </p>
   </div>
   <div class='ocr_carea' id='block_1_97' title="bbox 440 4807 2026 4877">
    <p class='ocr_par' dir='ltr' id='par_1_97' title="bbox 440 4807 2026 4877">
     <span class='ocr_line' id='line_1_97' title="bbox 440 4807 2026 4877; baseline 0 -16"><span class='ocrx_word' id='word_1_657' title='bbox 440 4807 675 4870; x_wconf 72' lang='lat' dir='ltr'><strong>ratione,</strong></span> <span class='ocrx_word' id='word_1_658' title='bbox 719 4821 843 4860; x_wconf 89' lang='lat' dir='ltr'><strong>cum</strong></span> <span class='ocrx_word' id='word_1_659' title='bbox 884 4807 1173 4861; x_wconf 88' lang='lat' dir='ltr'><strong>novissima</strong></span> <span class='ocrx_word' id='word_1_660' title='bbox 1230 4809 1354 4861; x_wconf 89' lang='lat' dir='ltr'><strong>tuba</strong></span> <span class='ocrx_word' id='word_1_661' title='bbox 1376 4807 1705 4876; x_wconf 88' lang='lat' dir='ltr'><strong>personabit,</strong></span> <span class='ocrx_word' id='word_1_662' title='bbox 1733 4807 1875 4877; x_wconf 83' lang='lat' dir='ltr'><strong>digni</strong></span> <span class='ocrx_word' id='word_1_663' title='bbox 1897 4822 2026 4861; x_wconf 85' lang='lat' dir='ltr'><strong>cen-</strong></span> 
     </span>
    </p>
   </div>
   <div class='ocr_carea' id='block_1_98' title="bbox 436 4894 2020 4964">
    <p class='ocr_par' dir='ltr' id='par_1_98' title="bbox 436 4894 2020 4964">
     <span class='ocr_line' id='line_1_98' title="bbox 436 4894 2020 4964; baseline 0 -13"><span class='ocrx_word' id='word_1_664' title='bbox 436 4909 683 4958; x_wconf 67' lang='lat' dir='ltr'><strong>seamur,</strong></span> <span class='ocrx_word' id='word_1_665' title='bbox 700 4894 791 4964; x_wconf 85' lang='lat' dir='ltr'><strong>qui</strong></span> <span class='ocrx_word' id='word_1_666' title='bbox 820 4895 954 4949; x_wconf 89' lang='lat' dir='ltr'><strong>citra</strong></span> <span class='ocrx_word' id='word_1_667' title='bbox 980 4896 1478 4951; x_wconf 85' lang='lat' dir='ltr'><strong>condemnationem</strong></span> <span class='ocrx_word' id='word_1_668' title='bbox 1499 4896 1623 4949; x_wconf 66' lang='lat' dir='ltr'><strong>vita:</strong></span> <span class='ocrx_word' id='word_1_669' title='bbox 1651 4904 1850 4949; x_wconf 80' lang='lat' dir='ltr'><strong>nostrae</strong></span> <span class='ocrx_word' id='word_1_670' title='bbox 1897 4897 2020 4951; x_wconf 81' lang='lat' dir='ltr'><strong>duci</strong></span> 
     </span>
    </p>
   </div>
   <div class='ocr_carea' id='block_1_99' title="bbox 438 4983 2024 5054">
    <p class='ocr_par' dir='ltr' id='par_1_99' title="bbox 438 4983 2024 5054">
     <span class='ocr_line' id='line_1_99' title="bbox 438 4983 2024 5054; baseline -0.001 -14"><span class='ocrx_word' id='word_1_671' title='bbox 438 4984 505 5041; x_wconf 65' lang='lat' dir='ltr'><strong>in</strong></span> <span class='ocrx_word' id='word_1_672' title='bbox 542 4983 720 5038; x_wconf 87' lang='lat' dir='ltr'><strong>Patris</strong></span> <span class='ocrx_word' id='word_1_673' title='bbox 770 4984 940 5054; x_wconf 79' lang='lat' dir='ltr'><strong>gloria</strong></span> <span class='ocrx_word' id='word_1_674' title='bbox 986 5000 1110 5039; x_wconf 93' lang='lat' dir='ltr'><strong>cum</strong></span> <span class='ocrx_word' id='word_1_675' title='bbox 1156 4985 1358 5039; x_wconf 91' lang='lat' dir='ltr'><strong>sanctis</strong></span> <span class='ocrx_word' id='word_1_676' title='bbox 1404 4984 1607 5054; x_wconf 88' lang='lat' dir='ltr'><strong>angelis</strong></span> <span class='ocrx_word' id='word_1_677' title='bbox 1644 4985 1754 5039; x_wconf 85' lang='lat' dir='ltr'><strong>suis</strong></span> <span class='ocrx_word' id='word_1_678' title='bbox 1799 4993 2024 5040; x_wconf 80' lang='lat' dir='ltr'><strong>venturo</strong></span> 
     </span>
    </p>
   </div>
   <div class='ocr_carea' id='block_1_100' title="bbox 438 5076 2027 5146">
    <p class='ocr_par' dir='ltr' id='par_1_100' title="bbox 438 5076 2027 5146">
     <span class='ocr_line' id='line_1_100' title="bbox 438 5076 2027 5146; baseline -0.001 -14"><span class='ocrx_word' id='word_1_679' title='bbox 438 5091 817 5141; x_wconf 81' lang='lat' dir='ltr'><strong>occurramus,</strong></span> <span class='ocrx_word' id='word_1_680' title='bbox 842 5091 1054 5145; x_wconf 86' lang='lat' dir='ltr'><strong>unaque</strong></span> <span class='ocrx_word' id='word_1_681' title='bbox 1090 5078 1156 5132; x_wconf 91' lang='lat' dir='ltr'><strong>ad</strong></span> <span class='ocrx_word' id='word_1_682' title='bbox 1190 5076 1369 5146; x_wconf 90' lang='lat' dir='ltr'><strong>sponsi</strong></span> <span class='ocrx_word' id='word_1_683' title='bbox 1403 5076 1717 5141; x_wconf 88' lang='lat' dir='ltr'><strong>thalamum,</strong></span> <span class='ocrx_word' id='word_1_684' title='bbox 1747 5091 1868 5129; x_wconf 87' lang='lat' dir='ltr'><strong>cum</strong></span> <span class='ocrx_word' id='word_1_685' title='bbox 1900 5092 2027 5144; x_wconf 86' lang='lat' dir='ltr'><strong>pru-</strong></span> 
     </span>
    </p>
   </div>
   <div class='ocr_carea' id='block_1_101' title="bbox 439 5165 2026 5235">
    <p class='ocr_par' dir='ltr' id='par_1_101' title="bbox 439 5165 2026 5235">
     <span class='ocr_line' id='line_1_101' title="bbox 439 5165 2026 5235; baseline -0.001 -15"><span class='ocrx_word' id='word_1_686' title='bbox 439 5166 697 5220; x_wconf 73' lang='lat' dir='ltr'><strong>dentibus</strong></span> <span class='ocrx_word' id='word_1_687' title='bbox 757 5165 1072 5233; x_wconf 78' lang='lat' dir='ltr'><strong>virginibus,</strong></span> <span class='ocrx_word' id='word_1_688' title='bbox 1123 5166 1347 5235; x_wconf 80' lang='lat' dir='ltr'><strong>Spiritali</strong></span> <span class='ocrx_word' id='word_1_689' title='bbox 1390 5165 1736 5234; x_wconf 77' lang='lat' dir='ltr'><strong>angelicoque</strong></span> <span class='ocrx_word' id='word_1_690' title='bbox 1781 5165 2026 5219; x_wconf 78' lang='lat' dir='ltr'><strong>convivio</strong></span> 
     </span>
    </p>
   </div>
   <div class='ocr_carea' id='block_1_102' title="bbox 437 5254 2024 5327">
    <p class='ocr_par' dir='ltr' id='par_1_102' title="bbox 437 5254 2024 5327">
     <span class='ocr_line' id='line_1_102' title="bbox 437 5254 2024 5327; baseline -0.001 -18"><span class='ocrx_word' id='word_1_691' title='bbox 437 5264 708 5324; x_wconf 57' lang='lat' dir='ltr'><strong>perpetuo</strong></span> <span class='ocrx_word' id='word_1_692' title='bbox 756 5254 971 5309; x_wconf 81' lang='lat' dir='ltr'><strong>fruituri</strong></span> <span class='ocrx_word' id='word_1_693' title='bbox 1006 5256 1386 5327; x_wconf 85' lang='lat' dir='ltr'><strong>ingrediamur,</strong></span> <span class='ocrx_word' id='word_1_694' title='bbox 1432 5268 1722 5324; x_wconf 90' lang='lat' dir='ltr'><strong>eorumque</strong></span> <span class='ocrx_word' id='word_1_695' title='bbox 1761 5254 2024 5307; x_wconf 91' lang='lat' dir='ltr'><strong>bonorum</strong></span> 
     </span>
    </p>
   </div>
   <div class='ocr_carea' id='block_1_103' title="bbox 443 5344 2027 5416">
    <p class='ocr_par' dir='ltr' id='par_1_103' title="bbox 443 5344 2027 5416">
     <span class='ocr_line' id='line_1_103' title="bbox 443 5344 2027 5416; baseline -0.001 -18"><span class='ocrx_word' id='word_1_696' title='bbox 443 5346 691 5402; x_wconf 68' lang='lat' dir='ltr'><strong>lmredes</strong></span> <span class='ocrx_word' id='word_1_697' title='bbox 730 5345 1044 5412; x_wconf 85' lang='lat' dir='ltr'><strong>eﬁiciamur,</strong></span> <span class='ocrx_word' id='word_1_698' title='bbox 1080 5362 1197 5416; x_wconf 69' lang='lat' dir='ltr'><strong>qua:</strong></span> <span class='ocrx_word' id='word_1_699' title='bbox 1224 5346 1276 5400; x_wconf 92' lang='lat' dir='ltr'><strong>in</strong></span> <span class='ocrx_word' id='word_1_700' title='bbox 1306 5344 1524 5400; x_wconf 82' lang='lat' dir='ltr'><strong>Christo</strong></span> <span class='ocrx_word' id='word_1_701' title='bbox 1570 5360 1699 5400; x_wconf 88' lang='lat' dir='ltr'><strong>vero</strong></span> <span class='ocrx_word' id='word_1_702' title='bbox 1740 5344 1853 5398; x_wconf 77' lang='lat' dir='ltr'><strong>Deo</strong></span> <span class='ocrx_word' id='word_1_703' title='bbox 1874 5357 2027 5412; x_wconf 91' lang='lat' dir='ltr'><strong>repo-</strong></span> 
     </span>
    </p>
   </div>
   <div class='ocr_carea' id='block_1_104' title="bbox 443 5433 2028 5507">
    <p class='ocr_par' dir='ltr' id='par_1_104' title="bbox 443 5433 2028 5507">
     <span class='ocr_line' id='line_1_104' title="bbox 443 5433 2028 5507; baseline -0.002 -18"><span class='ocrx_word' id='word_1_704' title='bbox 443 5436 555 5489; x_wconf 74' lang='lat' dir='ltr'><strong>sita</strong></span> <span class='ocrx_word' id='word_1_705' title='bbox 583 5446 706 5490; x_wconf 88' lang='lat' dir='ltr'><strong>sunt</strong></span> <span class='ocrx_word' id='word_1_706' title='bbox 726 5453 829 5491; x_wconf 80' lang='lat' dir='ltr'><strong>non</strong></span> <span class='ocrx_word' id='word_1_707' title='bbox 857 5437 1105 5507; x_wconf 87' lang='lat' dir='ltr'><strong>indignis,</strong></span> <span class='ocrx_word' id='word_1_708' title='bbox 1158 5435 1317 5505; x_wconf 89' lang='lat' dir='ltr'><strong>idque</strong></span> <span class='ocrx_word' id='word_1_709' title='bbox 1340 5434 1693 5489; x_wconf 53' lang='lat' dir='ltr'><strong>immaculata}</strong></span> <span class='ocrx_word' id='word_1_710' title='bbox 1717 5433 2028 5501; x_wconf 65' lang='lat' dir='ltr'><strong>inculpatae-</strong></span> 
     </span>
    </p>
   </div>
   <div class='ocr_carea' id='block_1_105' title="bbox 453 5523 2026 5590">
    <p class='ocr_par' dir='ltr' id='par_1_105' title="bbox 453 5523 2026 5590">
     <span class='ocr_line' id='line_1_105' title="bbox 453 5523 2026 5590; baseline 0.001 -15"><span class='ocrx_word' id='word_1_711' title='bbox 453 5524 559 5590; x_wconf 78' lang='lat' dir='ltr'><strong>que</strong></span> <span class='ocrx_word' id='word_1_712' title='bbox 614 5528 802 5580; x_wconf 84' lang='lat' dir='ltr'><strong>matris</strong></span> <span class='ocrx_word' id='word_1_713' title='bbox 860 5526 1000 5581; x_wconf 88' lang='lat' dir='ltr'><strong>illius</strong></span> <span class='ocrx_word' id='word_1_714' title='bbox 1028 5535 1081 5581; x_wconf 89' lang='lat' dir='ltr'><strong>et</strong></span> <span class='ocrx_word' id='word_1_715' title='bbox 1128 5527 1366 5581; x_wconf 84' lang='lat' dir='ltr'><strong>omnium</strong></span> <span class='ocrx_word' id='word_1_716' title='bbox 1419 5532 1723 5579; x_wconf 83' lang='lat' dir='ltr'><strong>sanctorum</strong></span> <span class='ocrx_word' id='word_1_717' title='bbox 1758 5523 2026 5578; x_wconf 82' lang='lat' dir='ltr'><strong>interces-</strong></span> 
     </span>
    </p>
   </div>
   <div class='ocr_carea' id='block_1_106' title="bbox 455 5614 850 5667">
    <p class='ocr_par' dir='ltr' id='par_1_106' title="bbox 455 5614 850 5667">
     <span class='ocr_line' id='line_1_106' title="bbox 455 5614 850 5667; baseline 0.003 -1"><span class='ocrx_word' id='word_1_718' title='bbox 455 5615 624 5666; x_wconf 80' lang='lat' dir='ltr'><strong>sione.</strong></span> <span class='ocrx_word' id='word_1_719' title='bbox 658 5614 850 5667; x_wconf 83' lang='lat' dir='ltr'><strong>Amen.</strong></span> 
     </span>
    </p>
   </div>
   <div class='ocr_carea' id='block_1_107' title="bbox 528 5701 2023 5773">
    <p class='ocr_par' dir='ltr' id='par_1_107' title="bbox 528 5701 2023 5773">
     <span class='ocr_line' id='line_1_107' title="bbox 528 5701 2023 5773; baseline -0.001 -19"><span class='ocrx_word' id='word_1_720' title='bbox 528 5701 677 5767; x_wconf 78' lang='lat' dir='ltr'><strong>Quod</strong></span> <span class='ocrx_word' id='word_1_721' title='bbox 708 5712 883 5757; x_wconf 76' lang='lat' dir='ltr'><strong>autem</strong></span> <span class='ocrx_word' id='word_1_722' title='bbox 904 5706 1006 5758; x_wconf 81' lang='lat' dir='ltr'><strong>isto</strong></span> <span class='ocrx_word' id='word_1_723' title='bbox 1035 5707 1205 5759; x_wconf 82' lang='lat' dir='ltr'><strong>serius</strong></span> <span class='ocrx_word' id='word_1_724' title='bbox 1232 5718 1326 5773; x_wconf 79' lang='lat' dir='ltr'><strong>per</strong></span> <span class='ocrx_word' id='word_1_725' title='bbox 1346 5718 1407 5757; x_wconf 86' lang='lat' dir='ltr'><strong>ea</strong></span> <span class='ocrx_word' id='word_1_726' title='bbox 1428 5717 1546 5770; x_wconf 69' lang='lat' dir='ltr'><strong>qum</strong></span> <span class='ocrx_word' id='word_1_727' title='bbox 1578 5702 1837 5755; x_wconf 82' lang='lat' dir='ltr'><strong>hactenus</strong></span> <span class='ocrx_word' id='word_1_728' title='bbox 1861 5712 2023 5767; x_wconf 69' lang='lat' dir='ltr'><strong>expo-</strong></span> 
     </span>
    </p>
   </div>
   <div class='ocr_carea' id='block_1_108' title="bbox 2124 4629 3663 4707">
    <p class='ocr_par' dir='ltr' id='par_1_108' title="bbox 2124 4629 3663 4707">
     <span class='ocr_line' id='line_1_108' title="bbox 2124 4629 3663 4707; baseline -0.003 -22"><span class='ocrx_word' id='word_1_729' title='bbox 2124 4652 2280 4703; x_wconf 82' lang='grc' dir='ltr'>μενοι,</span> <span class='ocrx_word' id='word_1_730' title='bbox 2309 4631 2339 4689; x_wconf 80' lang='grc' dir='ltr'><em>ἣ</em></span> <span class='ocrx_word' id='word_1_731' title='bbox 2362 4635 2445 4687; x_wconf 87' lang='grc' dir='ltr'><strong>καί</strong></span> <span class='ocrx_word' id='word_1_732' title='bbox 2478 4638 2722 4707; x_wconf 74' lang='grc' dir='ltr'>ἠρεμαῖον</span> <span class='ocrx_word' id='word_1_733' title='bbox 2749 4636 2833 4687; x_wconf 86' lang='grc' dir='ltr'><strong>καί</strong></span> <span class='ocrx_word' id='word_1_734' title='bbox 2863 4635 3111 4706; x_wconf 77' lang='grc' dir='ltr'>εἰρηναῖον</span> <span class='ocrx_word' id='word_1_735' title='bbox 3151 4635 3290 4691; x_wconf 75' lang='grc' dir='ltr'>ἡμῶν</span> <span class='ocrx_word' id='word_1_736' title='bbox 3331 4634 3588 4689; x_wconf 75' lang='grc' dir='ltr'>καθίστησι</span> <span class='ocrx_word' id='word_1_737' title='bbox 3615 4629 3663 4681; x_wconf 86' lang='grc' dir='ltr'>τὸ</span> 
     </span>
    </p>
   </div>
   <div class='ocr_carea' id='block_1_109' title="bbox 2123 4720 3663 4796">
    <p class='ocr_par' dir='ltr' id='par_1_109' title="bbox 2123 4720 3663 4796">
     <span class='ocr_line' id='line_1_109' title="bbox 2123 4720 3663 4796; baseline -0.001 -20"><span class='ocrx_word' id='word_1_738' title='bbox 2123 4722 2422 4792; x_wconf 83' lang='grc' dir='ltr'>πολίτευμα,</span> <span class='ocrx_word' id='word_1_739' title='bbox 2448 4722 2535 4777; x_wconf 83' lang='grc' dir='ltr'>¹ίνα</span> <span class='ocrx_word' id='word_1_740' title='bbox 2562 4726 2647 4776; x_wconf 84' lang='grc' dir='ltr'><strong>καί</strong></span> <span class='ocrx_word' id='word_1_741' title='bbox 2691 4724 2740 4776; x_wconf 82' lang='grc' dir='ltr'><strong>έν</strong></span> <span class='ocrx_word' id='word_1_742' title='bbox 2784 4731 2846 4796; x_wconf 77' lang='grc' dir='ltr'>τῇ</span> <span class='ocrx_word' id='word_1_743' title='bbox 2897 4722 3253 4795; x_wconf 75' lang='grc' dir='ltr'>παλιγγενεσία</span> <span class='ocrx_word' id='word_1_744' title='bbox 3280 4722 3332 4776; x_wconf 63' lang='grc' dir='ltr'>ἓν</span> <span class='ocrx_word' id='word_1_745' title='bbox 3378 4731 3442 4795; x_wconf 75' lang='grc' dir='ltr'><strong>τῇ</strong></span> <span class='ocrx_word' id='word_1_746' title='bbox 3482 4720 3663 4789; x_wconf 62' lang='grc' dir='ltr'>ἐσχάτῃ</span> 
     </span>
    </p>
   </div>
   <div class='ocr_carea' id='block_1_110' title="bbox 2124 4811 3663 4887">
    <p class='ocr_par' dir='ltr' id='par_1_110' title="bbox 2124 4811 3663 4887">
     <span class='ocr_line' id='line_1_110' title="bbox 2124 4811 3663 4887; baseline -0.003 -21"><span class='ocrx_word' id='word_1_747' title='bbox 2124 4811 2364 4883; x_wconf 80' lang='grc' dir='ltr'>σάλπιγγι</span> <span class='ocrx_word' id='word_1_748' title='bbox 2397 4813 2673 4882; x_wconf 82' lang='grc' dir='ltr'>ἀξιωθῶμεν</span> <span class='ocrx_word' id='word_1_749' title='bbox 2695 4819 2770 4882; x_wconf 77' lang='grc' dir='ltr'>τῷ</span> <span class='ocrx_word' id='word_1_750' title='bbox 2796 4813 3012 4887; x_wconf 84' lang='grc' dir='ltr'>ἀρχηγῷ</span> <span class='ocrx_word' id='word_1_751' title='bbox 3047 4821 3137 4872; x_wconf 80' lang='grc' dir='ltr'>τῆς</span> <span class='ocrx_word' id='word_1_752' title='bbox 3177 4816 3306 4875; x_wconf 82' lang='grc' dir='ltr'><strong>ζωῆς</strong></span> <span class='ocrx_word' id='word_1_753' title='bbox 3334 4814 3470 4883; x_wconf 77' lang='grc' dir='ltr'>ἡμῶν</span> <span class='ocrx_word' id='word_1_754' title='bbox 3496 4811 3663 4864; x_wconf 70' lang='grc' dir='ltr'>ἀκατα·</span> 
     </span>
    </p>
   </div>
   <div class='ocr_carea' id='block_1_111' title="bbox 2123 4895 3663 4975">
    <p class='ocr_par' dir='ltr' id='par_1_111' title="bbox 2123 4895 3663 4975">
     <span class='ocr_line' id='line_1_111' title="bbox 2123 4895 3663 4975; baseline -0.003 -21"><span class='ocrx_word' id='word_1_755' title='bbox 2123 4903 2308 4973; x_wconf 81' lang='grc' dir='ltr'>κρίτως</span> <span class='ocrx_word' id='word_1_756' title='bbox 2333 4898 2621 4958; x_wconf 74' lang='grc' dir='ltr'>ὑπαντῆσαι</span> <span class='ocrx_word' id='word_1_757' title='bbox 2658 4901 2917 4975; x_wconf 79' lang='grc' dir='ltr'>ἐρχομένῳ</span> <span class='ocrx_word' id='word_1_758' title='bbox 2948 4895 3079 4971; x_wconf 85' lang='grc' dir='ltr'><strong>μετά</strong></span> <span class='ocrx_word' id='word_1_759' title='bbox 3120 4898 3264 4962; x_wconf 81' lang='grc' dir='ltr'>δόξης</span> <span class='ocrx_word' id='word_1_760' title='bbox 3301 4907 3392 4958; x_wconf 79' lang='grc' dir='ltr'><strong>τῆς</strong></span> <span class='ocrx_word' id='word_1_761' title='bbox 3434 4900 3663 4971; x_wconf 73' lang='grc' dir='ltr'>πατρικῆς</span> 
     </span>
    </p>
   </div>
   <div class='ocr_carea' id='block_1_112' title="bbox 2130 4988 3661 5063">
    <p class='ocr_par' dir='ltr' id='par_1_112' title="bbox 2130 4988 3661 5063">
     <span class='ocr_line' id='line_1_112' title="bbox 2130 4988 3661 5063; baseline -0.004 -18"><span class='ocrx_word' id='word_1_762' title='bbox 2130 4994 2225 5045; x_wconf 86' lang='grc' dir='ltr'><strong>σύν</strong></span> <span class='ocrx_word' id='word_1_763' title='bbox 2251 4998 2359 5050; x_wconf 87' lang='grc' dir='ltr'>τοῖς</span> <span class='ocrx_word' id='word_1_764' title='bbox 2390 4991 2548 5060; x_wconf 78' lang='grc' dir='ltr'>ἁγίοις</span> <span class='ocrx_word' id='word_1_765' title='bbox 2589 4992 2813 5063; x_wconf 80' lang='grc' dir='ltr'>ἀγγέλοις</span> <span class='ocrx_word' id='word_1_766' title='bbox 2838 4992 3014 5055; x_wconf 79' lang='grc' dir='ltr'>αὐτοῦ,</span> <span class='ocrx_word' id='word_1_767' title='bbox 3041 4993 3124 5043; x_wconf 88' lang='grc' dir='ltr'><strong>καί</strong></span> <span class='ocrx_word' id='word_1_768' title='bbox 3148 4990 3198 5042; x_wconf 72' lang='grc' dir='ltr'>ἓν</span> <span class='ocrx_word' id='word_1_769' title='bbox 3233 5000 3300 5056; x_wconf 82' lang='grc' dir='ltr'><strong>τῷ</strong></span> <span class='ocrx_word' id='word_1_770' title='bbox 3327 4996 3543 5061; x_wconf 83' lang='grc' dir='ltr'>νυμφῶνι</span> <span class='ocrx_word' id='word_1_771' title='bbox 3564 4988 3661 5039; x_wconf 76' lang='grc' dir='ltr'>ταῖς</span> 
     </span>
    </p>
   </div>
   <div class='ocr_carea' id='block_1_113' title="bbox 2127 5074 3661 5157">
    <p class='ocr_par' dir='ltr' id='par_1_113' title="bbox 2127 5074 3661 5157">
     <span class='ocr_line' id='line_1_113' title="bbox 2127 5074 3661 5157; baseline -0.003 -22"><span class='ocrx_word' id='word_1_772' title='bbox 2127 5084 2381 5155; x_wconf 86' lang='grc' dir='ltr'>φρονίμοις</span> <span class='ocrx_word' id='word_1_773' title='bbox 2427 5082 2817 5152; x_wconf 77' lang='grc' dir='ltr'>ὀυνεισέλθωμεν</span> <span class='ocrx_word' id='word_1_774' title='bbox 2861 5080 3137 5157; x_wconf 82' lang='grc' dir='ltr'>παρθένοις,</span> <span class='ocrx_word' id='word_1_775' title='bbox 3171 5082 3257 5133; x_wconf 86' lang='grc' dir='ltr'><strong>καί</strong></span> <span class='ocrx_word' id='word_1_776' title='bbox 3290 5087 3381 5139; x_wconf 78' lang='grc' dir='ltr'><strong>τῆς</strong></span> <span class='ocrx_word' id='word_1_777' title='bbox 3422 5074 3661 5150; x_wconf 76' lang='grc' dir='ltr'>ἀγγελικῆς</span> 
     </span>
    </p>
   </div>
   <div class='ocr_carea' id='block_1_114' title="bbox 2126 5166 3659 5243">
    <p class='ocr_par' dir='ltr' id='par_1_114' title="bbox 2126 5166 3659 5243">
     <span class='ocr_line' id='line_1_114' title="bbox 2126 5166 3659 5243; baseline -0.006 -17"><span class='ocrx_word' id='word_1_778' title='bbox 2126 5172 2496 5241; x_wconf 80' lang='grc' dir='ltr'>ἀπολαύσωμεν</span> <span class='ocrx_word' id='word_1_779' title='bbox 2546 5170 2853 5230; x_wconf 82' lang='grc' dir='ltr'>πανδαισίας</span> <span class='ocrx_word' id='word_1_780' title='bbox 2877 5186 2890 5200; x_wconf 81' lang='grc'><strong><em>⁸</em></strong></span> <span class='ocrx_word' id='word_1_781' title='bbox 2944 5169 3241 5243; x_wconf 86' lang='grc' dir='ltr'>κληρονόμοι</span> <span class='ocrx_word' id='word_1_782' title='bbox 3281 5167 3523 5239; x_wconf 80' lang='grc' dir='ltr'>γενόμενοι</span> <span class='ocrx_word' id='word_1_783' title='bbox 3573 5166 3659 5215; x_wconf 74' lang='grc' dir='ltr'><strong>τῶν</strong></span> 
     </span>
    </p>
   </div>
   <div class='ocr_carea' id='block_1_115' title="bbox 2126 5245 3659 5333">
    <p class='ocr_par' dir='ltr' id='par_1_115' title="bbox 2126 5245 3659 5333">
     <span class='ocr_line' id='line_1_115' title="bbox 2126 5245 3659 5333; baseline -0.004 -20"><span class='ocrx_word' id='word_1_784' title='bbox 2126 5262 2460 5331; x_wconf 84' lang='grc' dir='ltr'>ἀποκειμένων</span> <span class='ocrx_word' id='word_1_785' title='bbox 2486 5266 2598 5321; x_wconf 83' lang='grc' dir='ltr'>τοῖς</span> <span class='ocrx_word' id='word_1_786' title='bbox 2637 5261 2792 5323; x_wconf 69' lang='grc' dir='ltr'>ἀξίοις</span> <span class='ocrx_word' id='word_1_787' title='bbox 2833 5260 3024 5329; x_wconf 83' lang='grc' dir='ltr'>ἀγαθῶν</span> <span class='ocrx_word' id='word_1_788' title='bbox 3056 5255 3106 5311; x_wconf 86' lang='grc' dir='ltr'><strong>έν</strong></span> <span class='ocrx_word' id='word_1_789' title='bbox 3143 5258 3337 5333; x_wconf 74' lang='grc' dir='ltr'>Χριστᾷ</span> <span class='ocrx_word' id='word_1_790' title='bbox 3368 5260 3438 5323; x_wconf 82' lang='grc' dir='ltr'>τῷ</span> <span class='ocrx_word' id='word_1_791' title='bbox 3468 5245 3659 5333; x_wconf 51' lang='grc' dir='ltr'>ἀληθινῷ</span> 
     </span>
    </p>
   </div>
   <div class='ocr_carea' id='block_1_116' title="bbox 2122 5331 3657 5423">
    <p class='ocr_par' dir='ltr' id='par_1_116' title="bbox 2122 5331 3657 5423">
     <span class='ocr_line' id='line_1_116' title="bbox 2122 5331 3657 5423; baseline -0.008 -20"><span class='ocrx_word' id='word_1_792' title='bbox 2122 5356 2237 5421; x_wconf 81' lang='grc' dir='ltr'><strong>Θεῷ</strong></span> <span class='ocrx_word' id='word_1_793' title='bbox 2267 5350 2558 5423; x_wconf 78' lang='grc' dir='ltr'>πρεσϐείαις</span> <span class='ocrx_word' id='word_1_794' title='bbox 2587 5349 2849 5422; x_wconf 84' lang='grc' dir='ltr'>ἀχράντου</span> <span class='ocrx_word' id='word_1_795' title='bbox 2892 5348 2977 5399; x_wconf 86' lang='grc' dir='ltr'><strong>καί</strong></span> <span class='ocrx_word' id='word_1_796' title='bbox 3010 5331 3284 5415; x_wconf 62' lang='grc' dir='ltr'>ἀμιμητον</span> <span class='ocrx_word' id='word_1_797' title='bbox 3318 5336 3467 5397; x_wconf 66' lang='grc' dir='ltr'>αὐτοῦ</span> <span class='ocrx_word' id='word_1_798' title='bbox 3489 5331 3657 5410; x_wconf 70' lang='grc' dir='ltr'>μητρὸς</span> 
     </span>
    </p>
   </div>
   <div class='ocr_carea' id='block_1_117' title="bbox 2129 5437 2958 5506">
    <p class='ocr_par' dir='ltr' id='par_1_117' title="bbox 2129 5437 2958 5506">
     <span class='ocr_line' id='line_1_117' title="bbox 2129 5437 2958 5506; baseline -0.008 -14"><span class='ocrx_word' id='word_1_799' title='bbox 2129 5442 2214 5493; x_wconf 84' lang='grc' dir='ltr'><strong>καί</strong></span> <span class='ocrx_word' id='word_1_800' title='bbox 2238 5440 2435 5493; x_wconf 81' lang='grc' dir='ltr'>πάντων</span> <span class='ocrx_word' id='word_1_801' title='bbox 2456 5445 2555 5491; x_wconf 76' lang='grc' dir='ltr'>τῶν</span> <span class='ocrx_word' id='word_1_802' title='bbox 2591 5437 2764 5506; x_wconf 77' lang='grc' dir='ltr'>ἁγίων.</span> <span class='ocrx_word' id='word_1_803' title='bbox 2792 5439 2958 5504; x_wconf 73' lang='grc' dir='ltr'>Ἀμήν.</span> 
     </span>
    </p>
   </div>
   <div class='ocr_carea' id='block_1_118' title="bbox 2197 5683 3653 5763">
    <p class='ocr_par' dir='ltr' id='par_1_118' title="bbox 2197 5683 3653 5763">
     <span class='ocr_line' id='line_1_118' title="bbox 2197 5683 3653 5763; baseline -0.01 -13"><span class='ocrx_word' id='word_1_804' title='bbox 2197 5700 2255 5750; x_wconf 77' lang='grc' dir='ltr'><strong>Εἰ</strong></span> <span class='ocrx_word' id='word_1_805' title='bbox 2297 5694 2351 5750; x_wconf 82' lang='grc' dir='ltr'><strong>δέ</strong></span> <span class='ocrx_word' id='word_1_806' title='bbox 2388 5701 2626 5751; x_wconf 84' lang='grc' dir='ltr'>τοσοῦτον</span> <span class='ocrx_word' id='word_1_807' title='bbox 2669 5693 2761 5763; x_wconf 70' lang='grc' dir='ltr'><strong>ὀψέ</strong></span> <span class='ocrx_word' id='word_1_808' title='bbox 2795 5699 2883 5747; x_wconf 85' lang='grc' dir='ltr'>τοῦ</span> <span class='ocrx_word' id='word_1_809' title='bbox 2945 5695 3116 5763; x_wconf 79' lang='grc' dir='ltr'>καιροῦ</span> <span class='ocrx_word' id='word_1_810' title='bbox 3165 5691 3216 5742; x_wconf 83' lang='grc' dir='ltr'><strong>ίν</strong></span> <span class='ocrx_word' id='word_1_811' title='bbox 3266 5691 3459 5747; x_wconf 78' lang='grc' dir='ltr'>τούτοις</span> <span class='ocrx_word' id='word_1_812' title='bbox 3483 5683 3540 5742; x_wconf 68' lang='grc' dir='ltr'>δὴ</span> <span class='ocrx_word' id='word_1_813' title='bbox 3562 5686 3653 5737; x_wconf 73' lang='grc' dir='ltr'>τοτε</span> 
     </span>
    </p>
   </div>
  </div>
