3978 6428
388 339 499 404 197

1333 324 1693 385 EPISTOLA
1740 322 1837 382 AD
1871 320 2183 381 LEONEM
2224 322 2321 382 III
2361 324 2630 386 ΡΑΡΔΜ.

3518 330 3619 397 198

390 459 758 533 προσρηθεῖσιν
806 454 1177 520 armatam
1205 448 1502 518 θαυμαζέτω
1566 441 1740 514 μηδείς
1762 480 1779 505 ,
1833 437 1957 507 μηδί

2061 432 2287 495 animus,
2339 431 2695 494 occurrimus,
2758 430 2811 484 id
2842 445 2998 486 nemo
3036 433 3280 500 miretur,
3326 451 3500 507 neque
3519 454 3617 496 no-

391 532 741 623 κατηγορείτω
796 552 888 604 τῆς
940 543 1186 614 ἠμετίρας
1231 536 1533 607 ὑπολήψεως
1559 574 1574 599 ,
1624 532 1773 623 ἀλλά,
1800 551 1950 623 γινω-

393 621 566 697 σκίτω
593 621 687 708 ’μιν
731 637 761 693 ἡ
810 631 1049 703 Θεοφιλήε
1093 630 1233 698 ὑμῶν
1272 625 1577 695 ἀδελφότης,
1608 625 1676 682 ὡς
1728 621 1955 684 ἔξουσίας

391 732 570 799 γνώμη
597 724 791 793 σκληρά
822 741 877 776 τε
923 722 1008 774 καί
1039 718 1320 786 ἀμείλικτος
1362 714 1705 789 ἐπρυτάνευσε
1749 710 1954 762 κωλύειν

397 824 533 888 ἡμᾶς
562 823 666 875 τοῖς
692 811 1001 883 δεδογμένας
1036 807 1260 881 χρῆσθαι
1284 803 1550 874 δυναμένη,
1576 803 1679 871 οὐχ
1710 799 1956 873 ίερατικόν

399 903 513 967 ἴθος
557 911 838 977 παρῶπται
889 905 967 956 καὶ
1012 899 1357 955 διαπέπτωκεν
1381 933 1397 958 ,
1427 892 1545 949 οὺδέ
1598 895 1652 946 ἐκ
1709 892 1955 967 ῥᾳθυμίας

396 999 553 1056 τινὸς,
585 1002 686 1048 τῶν
727 990 937 1047 δεόντων
974 994 1058 1043 καί
1100 988 1535 1044 ἐκκλησιαστικαῖς
1560 980 1802 1052 ἀνδράσιν
1837 981 1957 1036 ἀνη-

394 1085 582 1139 κόντων
610 1081 898 1151 ὑπερόπται
919 1073 1206 1151 γεγόναμεν.
1242 1076 1337 1127 Καί
1367 1071 1748 1141 συῃινωσγὶτω
1787 1071 1817 1126 ἠ
1848 1069 1957 1137 ἶερά

392 1176 537 1244 ὑμῶν
578 1172 750 1243 ψυχή.
787 1168 838 1223 εἴ
877 1170 929 1221 τί
977 1187 1064 1237 μοι
1113 1164 1274 1235 με’λλοι
1324 1172 1415 1222 τῆς
1460 1160 1780 1234 βραδυτῆτος
1830 1160 1958 1227 μέμ-

393 1268 598 1338 φεσθαι,
623 1265 675 1318 ἓν
700 1264 853 1335 πείρᾳ
879 1261 1174 1314 καθεστῶσα
1203 1259 1286 1309 καί
1332 1256 1491 1316 αύτῆ,
1541 1256 1610 1313 ὡς
1649 1252 1735 1305 οὐκ
1779 1247 1959 1308 εὗοδός

393 1357 508 1410 ἐστι
533 1356 663 1427 πρός
690 1350 985 1407 δυναστείας
1008 1346 1368 1418 ἀντιφέρεσθαι.
1388 1342 1531 1403 ἰδίοις
1557 1341 1971 1413 ύπενηνιγμὲνους

388 1445 639 1513 θελήμασι
675 1443 759 1494 καί
784 1437 954 1493 πάντα
989 1438 1210 1509 πληροῦν
1256 1431 1638 1496 σπουδάζοντας
1684 1430 1748 1483 τά
1795 1450 1957 1484 κατει-

390 1532 571 1603 ούμια.
603 1530 783 1586 Ἐδόκει
806 1531 903 1602 γάρ
931 1534 1004 1594 τῷ
1033 1524 1243 1597 εζογοντι
1269 1526 1352 1576 καί
1378 1524 1603 1593 ἀφορμὴν
1629 1521 1959 1593 εὐπρόσωπον

390 1618 767 1696 προϐάλλεσθαι
806 1618 1005 1687 ίφ⁸ήμῖν
1041 1620 1139 1666 τῶν
1178 1611 1587 1666 ίπιτελεσθίντων
1614 1613 1704 1664 τοῦ
1734 1609 1960 1678 χρίσμα-

388 1731 486 1770 τος
510 1712 685 1771 ἕνεκεν,
714 1709 798 1762 καί
839 1711 906 1765 ὡς
932 1710 1076 1773 ὑμεῖς
1108 1711 1197 1762 τῆς
1229 1703 1518 1760 Ἐκκλησίας
1554 1700 1767 1759 ἑαυτούς
1795 1700 1957 1768 άπερσ

2056 529 2224 574 stram
2248 520 2316 574 ob
2355 519 2407 573 id
2447 520 2895 575 existimationem
2945 522 2997 574 in
3028 524 3422 580 accusationem
3454 529 3621 583 addu-

2055 618 2164 674 cat,
2195 609 2324 678 quin
2354 609 2533 677 potius
2561 608 2673 662 Deo
2709 610 2900 664 dilecta
2926 620 3105 664 vestra
3134 612 3443 671 fraternitas
3470 627 3624 672 certo

2056 698 2158 752 sibi
2185 712 2500 767 persuasum
2532 697 2727 752 habeat
2768 700 3154 755 sacerdotalem
3183 707 3621 761 consuetudinem

2056 801 2393 855 nequaquam
2417 786 2504 839 hic
2532 786 2847 849 exolevisse,
2877 796 2969 840 aut
2991 803 3086 854 per
3107 799 3493 860 contemptum,
3538 795 3622 849 vel

2057 876 2323 945 ignaviam
2375 876 2645 944 quidpiam
2690 890 2874 928 eorum
2904 889 3021 944 qua:
3068 878 3448 936 ecclesiasticis
3490 883 3624 939 viris

2058 965 2382 1019 conveniunt
2409 965 2648 1033 neglectu
2676 966 2950 1041 habuisse,
3003 982 3190 1022 verum
3218 970 3405 1023 duram
3436 972 3626 1041 impla-

2058 1056 2393 1124 cabilemque
2439 1057 2780 1125 pmrpotentis
2809 1040 3089 1125 p'otestatis
3119 1062 3463 1126 sententiam,
3494 1040 3627 1132 quo—

2057 1149 2235 1203 minus
2280 1147 2513 1201 decretis
2549 1156 2839 1211 uteremur,
2880 1149 3153 1203 obstitisse
3220 1151 3464 1218 Ignoscat
3501 1168 3629 1221 pro-

2059 1237 2181 1290 inde
2216 1236 2368 1289 beata
2407 1244 2585 1289 vestra
2628 1240 2830 1300 anima,
2879 1237 3112 1304 siquam
3166 1255 3361 1293 noxam
3403 1253 3627 1297 cuncta-

2059 1326 2202 1401 tione
2231 1341 2349 1379 mea
2379 1325 2674 1393 promerui,
2706 1327 3004 1395 cogitetque
3029 1329 3439 1399 haudquaquam
3469 1330 3629 1387 facile

2057 1431 2177 1470 esse
2222 1417 2528 1484 potentibus
2571 1417 2785 1485 propria
2818 1418 3088 1472 voluntate
3136 1420 3309 1482 elatis,
3372 1428 3427 1474 et
3461 1424 3629 1490 quod-

2058 1521 2267 1575 cunque
2308 1507 2487 1560 animo
2513 1506 2721 1560 libitum
2752 1506 2914 1561 fuerit
2940 1508 3232 1577 adimplere
3267 1511 3629 1580 satagentibus

2058 1616 2176 1655 sese
2205 1616 2493 1672 opponere.
2535 1602 2747 1656 Etenim
2779 1603 2879 1656 rati
2911 1617 3128 1657 causam
3151 1604 3433 1657 admodum
3479 1603 3631 1673 plau-

2058 1691 2288 1756 sibilem,
2335 1706 2440 1759 qua
2496 1707 2594 1745 nos
2615 1690 2729 1757 jam
2761 1699 2873 1745 tum
2928 1692 3229 1746 sacerdotio
3271 1693 3507 1747 initiatos
3558 1694 3628 1761 ab

392 1801 605 1871 ῥήξατε,
635 1796 906 1872 διεθρύλλει
933 1770 1019 1849 καί
1039 1795 1365 1883 ἱχαλέπαινε.
1402 1792 1482 1846 Διό
1508 1794 1595 1845 καί
1625 1792 1774 1859 ὑμεῖς
1799 1786 1958 1861 ἀφ’ὧν

2061 1778 2233 1834 otﬁcio
2273 1780 2650 1849 prtepedirent,
2684 1795 2802 1834 sese
2853 1787 3060 1843 nactos,
3095 1781 3433 1835 stomachose
3476 1781 3631 1838 nobis

390 1889 447 1941 ἓν
478 1890 674 1946 τούτοις
718 1889 776 1942 τό
823 1880 1189 1957 ἠναγκασμένον
1238 1882 1538 1945 πεπόνθατε,
1568 1880 1785 1936 δύνασθε
1808 1902 1811 1907 λ
1833 1901 1961 1950 συγ-

390 1979 648 2045 γνώμονες
708 1972 913 2029 ἔσεσθαι
964 1980 1068 2032 τοῖς
1111 1972 1299 2039 ὁμοίοις
1355 1973 1753 2045 περιπίπτουσιν
1801 1968 1961 2024 ἀϐου-

392 2066 582 2124 λήτως.
616 2067 703 2117 [αἱ
735 2061 820 2116 διά
853 2070 1035 2122 ταῦτα.
1066 2058 1223 2133 οἶμαι.
1256 2060 1369 2113 οὐδὲ
1397 2058 1565 2119 δεήσει
1589 2060 1827 2114 πλειόνων
1859 2064 1961 2112 τῶν

401 2157 523 2227 περί
561 2161 653 2214 τῆς
690 2153 891 2225 ἀλογίας
937 2148 1254 2222 [ἀπολογίας]
1295 2150 1474 2221 λόγων,
1514 2149 1619 2204 ἀλλ’
1637 2150 1849 2204 ἐνταῦθά
1876 2169 1961 2203 σοι

404 2246 641 2315 εὐκαίρως
696 2246 1200 2316 ⁸ιεαραγροιιρήονονται,
1239 2241 1325 2293 καί
1367 2245 1622 2310 μαρτυρεῖ
1665 2258 1720 2310 γε
1758 2239 1825 2292 τά
1872 2242 1959 2290 νῦν

402 2333 730 2406 πραττόμενα
757 2333 837 2386 καί
881 2328 1167 2399 τελούμενα.
1211 2325 1411 2386 Ἐπειδή
1438 2331 1468 2386 ἠ
1494 2328 1627 2387 κλεῖς
1662 2327 1962 2401 περιεθραύ-

398 2424 524 2487 σθη,
547 2426 636 2476 καί
660 2424 691 2479 ἡ
714 2418 848 2480 πύλη
888 2421 1171 2474 ἀναπέπται
1200 2414 1618 2489 [ἀναπίπταται],
1656 2419 1738 2470 καί
1769 2415 1815 2468 οί
1836 2414 1960 2469 λίθοι

394 2520 495 2566 τοῦ
524 2506 917 2584 προσκόμματος
955 2517 1045 2567 τῆς
1080 2506 1195 2562 όδοῦ
1235 2506 1524 2574 διήρθησαν,
1554 2508 1638 2560 καί
1677 2510 1824 2559 πᾶσα
1849 2504 1959 2559 λεία

397 2603 487 2654 καί
525 2599 809 2658 άποστιϐἡς
847 2599 1196 2666 ἐξωμὸἀισται,
1230 2599 1313 2651 καί
1354 2595 1556 2666 οίχεται
1580 2595 1750 2649 λοιπόν
1777 2597 1844 2649 τά
1870 2598 1958 2647 λυ-

397 2692 565 2764 πηρά,
612 2689 825 2744 ἐκποδὼν
881 2692 1045 2763 γέγονε
1090 2692 1160 2747 τά
1201 2685 1475 2751 σκάνδαλα,
1522 2684 1710 2759 φροῦδα
1755 2688 1821 2741 τά
1868 2693 1961 2745 τῆς

398 2784 645 2856 ἐπηρείας
685 2789 771 2835 νῦν
814 2783 1135 2844 καθίσταται,
1178 2780 1246 2835 τά
1288 2779 1463 2831 ίκιῖθεν
1497 2777 1666 2831 σκῶλα
1708 2775 1956 2840 λέλυνται,

399 2878 488 2927 καί
517 2881 619 2946 φῶς
647 2874 911 2944 ἐλευθέριον
948 2879 1009 2945 τῇ
1053 2870 1314 2943 Ἐκκλησία
1360 2865 1629 2937 ίπίλαμψε.
1675 2866 1764 2919 Διά
1803 2872 1959 2923 τοῦτο

402 2966 592 3038 χώραν
622 2962 754 3034 ἴσχε
782 2963 847 3018 τά
880 2970 970 3021 τῆς
998 2961 1224 3033 ἀγάπης,
1252 2963 1337 3013 καί
1361 2963 1452 3017 τῆς
1484 2953 1773 3031 κρατούσης
1814 2954 1961 3025 ίερει-

390 3064 550 3115 ταιῆς
574 3058 831 3114 συνηθείας
853 3053 1087 3109 ἀνύεσθαι
1112 3052 1202 3108 καί
1220 3050 1562 3127 περαίνεσθαι.

460 3649 735 3715 Ἀλλ³εἰσίν
774 3651 850 3718 οἷς
873 3656 940 3713 τά
964 3657 1077 3711 θεῖα
1098 3653 1190 3708 οὐκ
1214 3650 1488 3725 ίμίλησαν,
1510 3652 1696 3711 οἰκείας
1731 3648 1786 3706 δί
1821 3648 1967 3715 δόξης

404 3757 599 3823 χάριν,
622 3744 948 3802 ίσπούδασαν
996 3742 1305 3814 κατόψεσθαι
1331 3740 1412 3797 οἷα
1457 3744 1631 3803 αὐτοῖς
1666 3743 1733 3796 τά
1774 3742 1828 3794 ίκ
1873 3746 1966 3796 τοῦ

396 3839 545 3891 θείου
587 3836 933 3893 ἀπαντήσεται
979 3831 1301 3903 δικαστήρια.
1352 3831 1442 3892 Ὠς
1469 3831 1567 3906 γάρ
1611 3831 1747 3902 φίλον
1795 3832 1967 3891 αὐτοῖς

401 3928 539 3986 πρός
563 3930 651 3983 τὴν
671 3931 939 3998 παροῦσαν
966 3924 1211 3994 κεχηνόσι
1233 3921 1376 3987 δόξαν
1415 3926 1494 3976 καί
1532 3923 1872 3993 περιφάνειαν,
1901 3926 1968 3979 τά

404 4018 531 4088 πρὸς
577 4013 808 4073 ἀλλήλους
844 4012 1028 4078 ἔθεντο,
1055 4015 1197 4081 ἡμεῖς
1245 4011 1299 4067 δί
1342 4020 1434 4073 τῆς
1477 4015 1593 4086 περί
1629 4013 1751 4067 Θεὸν
1797 4011 1965 4075 δόξης,

401 4109 494 4161 καί
527 4114 617 4167 τῆς
650 4105 1066 4164 ἐκκλησιαστικῆς
1115 4113 1282 4175 τιμῆς,
1334 4108 1414 4159 καί
1457 4103 1708 4175 ὁμονοίας,
1735 4106 1822 4159 καί
1868 4110 1968 4158 τῶν

403 4198 559 4269 ἱερῶν
613 4198 807 4266 θεσμῶν
857 4200 1065 4271 τηρήσει
1120 4198 1333 4254 τιθέντες
1382 4197 1439 4251 τό
1479 4195 1809 4266 σπούδασμα,
1864 4203 1965 4251 τῶν

397 4287 659 4361 ἡμετέρων
695 4287 937 4356 ίχόμεθα,
960 4288 1042 4339 καί
1084 4287 1213 4360 ύπίρ
1251 4293 1337 4341 τοῦ
1362 4294 1449 4340 νῦν
1479 4287 1860 4359 ἀναδειχθέντος
1887 4290 1968 4343 εύο

2059 1867 2421 1935 objectabant,
2449 1869 2757 1937 passimque
2799 1868 3145 1939 invulgabant
3178 1884 3273 1922 vos
3308 1884 3339 1922 a
3368 1868 3632 1924 Constan-

2060 1960 2408 2028 tinopolitana
2433 1960 2667 2013 Ecclesia
2695 1959 2898 2012 alienos
2936 1974 3074 2024 esse,
3117 1968 3426 2031 temereque
3468 1965 3536 2016 ab
3563 1978 3631 2018 ea

2061 2061 2156 2101 vos
2187 2047 2497 2101 devulsisse.
2533 2045 2666 2101 Cum
2692 2061 2819 2113 ergo
2848 2048 2985 2112 hiec,
3016 2048 3128 2102 sive
3156 2050 3259 2114 vis,
3290 2052 3404 2105 sive
3433 2051 3630 2119 injuria

2063 2140 2130 2193 ad
2167 2153 2263 2193 vos
2284 2154 2495 2207 quoque
2519 2139 2817 2202 attinuerit,
2838 2138 2992 2191 venia
3022 2154 3114 2193 eos
3140 2141 3511 2209 dignahimini,
3537 2146 3631 2212 qui

2058 2236 2255 2298 praater
2295 2228 2625 2281 voluntatem
2660 2228 2773 2296 pari
2824 2228 3143 2282 necessitate
3186 2230 3464 2283 constricti
3518 2230 3633 2285 [ue-

2058 2326 2201 2372 runt.
2233 2317 2304 2369 At
2330 2333 2450 2371 eum
2472 2325 2787 2386 praesentem
2812 2315 3062 2369 Ecclesiae
3097 2316 3304 2386 locique
3342 2318 3501 2385 hujus
3527 2328 3635 2375 sta-

2060 2414 2172 2461 tum
2202 2407 2315 2476 jam
2342 2421 2447 2459 non
2477 2406 2543 2458 ad
2573 2405 2916 2459 sanctitatem
2940 2414 3085 2458 tuam
3129 2407 3631 2476 perscripserimus,

2057 2505 2113 2553 et
2154 2513 2253 2551 suo
2297 2498 2548 2565 deinceps
2594 2506 2892 2565 opportuno
2944 2505 3182 2566 tempore
3220 2513 3339 2566 qua:
3387 2499 3475 2554 hic
3503 2499 3636 2555 ﬁent

2052 2588 2397 2657 perscribere
2439 2596 2587 2641 certo
2614 2588 3030 2651 decreverimus,
3062 2602 3168 2641 non
3196 2588 3302 2641 erit
3340 2602 3476 2657 opus
3500 2603 3631 2659 pro-

2063 2677 2255 2732 lixiore
2282 2685 2341 2731 ut
2365 2677 2595 2730 arbitror
2617 2693 2757 2731 nunc
2791 2677 3125 2746 purgatione.
3154 2675 3431 2745 Siquidem
3477 2692 3633 2749 repa-

2065 2766 2244 2837 gulum
2271 2765 2768 2835 quodimpediebat,
2786 2766 2897 2834 jam
2923 2775 3007 2819 est
3028 2776 3360 2834 perruptum,
3387 2777 3635 2835 apertum

2063 2861 2147 2907 est
2184 2854 2403 2918 ostium,
2442 2852 2644 2921 lapides
2677 2853 2988 2908 oﬂ‘ensionis
3011 2870 3042 2907 e
3083 2855 3259 2908 medio
3298 2855 3511 2920 sublati,
3539 2857 3631 2913 via

2061 2942 2400 3017 lata,;plana,
2440 2943 2807 3012 scrupulisque
2836 2944 3004 2998 libera
3024 2951 3077 2995 et
3107 2955 3384 3012 exaequata
3416 2946 3630 3011 teritur,

1988 3049 2036 3114 ρ
2065 3034 2242 3089 tristia
2282 3033 2468 3103 procul
2500 3035 2567 3087 ab
2603 3034 2776 3095 oculis
2820 3044 3175 3098 evanuerunt,
3212 3035 3463 3089 scandala
3489 3037 3633 3091 sedi-

2064 3124 2344 3194 tionesque
2367 3126 2803 3193 conquieverunt,
2831 3125 3008 3179 omnia
3031 3125 3257 3193 denique
3278 3127 3633 3195 impedimen-

2065 3219 2119 3268 ta
2141 3224 2336 3278 amota,
2363 3214 2670 3283 luminaque
2693 3216 2915 3284 pristina
2939 3215 3190 3269 Ecclesiae
3212 3217 3456 3270 restituta
3481 3224 3629 3272 sunt.

2062 3301 2243 3370 Quare
2270 3318 2388 3372 qua:
2417 3303 2695 3358 charitatis
2735 3304 3186 3373 sacerdotalisque
3228 3306 3633 3363 consuetudinis

2062 3393 2281 3462 propria
2302 3402 2442 3457 sunt,
2471 3392 2645 3448 locum
2674 3409 2830 3447 suum
2852 3394 3026 3448 denuo
3056 3395 3245 3463 adepta
3292 3393 3435 3450 nullo
3459 3395 3636 3468 impo-

2064 3487 2269 3535 sterum
2312 3483 2526 3552 negotio
2550 3481 2737 3552 perﬁci
2758 3483 3140 3551 observarique
3163 3492 3434 3552 poterunt.

2133 3657 2203 3711 At
2224 3664 2347 3711 sunt
2371 3657 2584 3712 interim
2605 3657 2844 3712 nonnulli
2864 3657 3038 3713 adhuc
3061 3660 3152 3728 qui
3182 3661 3357 3717 divina
3378 3661 3529 3719 ﬂocci
3557 3662 3638 3720 fa-

2065 3747 2230 3811 ciunt,
2264 3748 2597 3816 propriaeque
2631 3748 3041 3802 existimationis
3082 3764 3244 3804 causa
3274 3752 3487 3821 quidvis
3517 3770 3634 3810 mo-

2065 3836 2288 3903 liuntur,
2322 3852 2494 3906 neque
2521 3835 2676 3906 qtiale
2705 3852 2767 3891 ex
2794 3836 2901 3891 Deo
2927 3837 3186 3906 judicium
3224 3841 3324 3895 sibi
3355 3842 3633 3899 immineat

2066 3928 2357 3996 quidquam
2397 3928 2549 3997 pensi
2602 3928 2819 3982 habent.
2873 3929 3070 3982 Verum
3113 3930 3387 3985 enimvero
3422 3944 3481 3987 ut
3528 3934 3633 3991 illis

2066 4016 2323 4071 usitatum
2364 4026 2680 4086 gratumque
2731 4025 2814 4071 est
2854 4020 3105 4086 prtesenti
3152 4020 3335 4088 gloriae
3384 4023 3633 4091 splendo-

2066 4103 2219 4173 rique
2242 4104 2471 4169 inhiare,
2498 4119 2666 4173 caque
2694 4105 2759 4159 de
2785 4121 2947 4160 causa
2976 4107 3115 4160 inter
3140 4122 3259 4162 sese
3294 4113 3630 4180 conspirare,

2067 4194 2139 4247 ita
2188 4194 2342 4262 plane
2389 4203 2807 4249 consentaneum
2858 4204 2960 4261 est,
2999 4206 3056 4250 ut
3088 4213 3185 4252 nos
3234 4200 3427 4253 divinae
3447 4201 3633 4271 gloria:

2066 4284 2534 4352 ecclesiasticoque
2565 4285 2782 4349 decoro,
2809 4294 2864 4339 et
2894 4288 3215 4351 concordia,
3246 4302 3632 4360 sacrorumque

400 4379 594 4438 σεϐοῦς
635 4381 720 4432 καί
757 4377 1124 4454 κραταιοτάτου
1169 4380 1306 4447 ἡμῶν
1354 4379 1622 4449 βασιλέως,
1662 4383 1747 4433 καί
1786 4383 1961 4435 τέκνου

2068 4388 2330 4429 eanonum
2360 4373 2720 4427 observationi
2751 4374 2921 4427 modis
2974 4374 3219 4427 omnibus
3263 4390 3484 4443 cperam
3534 4393 3637 4431 na-

398 4477 615 4544 γνησίου
640 4481 731 4534 τῆς
752 4471 1040 4531 Ἐκκλησίας
1067 4475 1145 4524 καί
1173 4471 1312 4530 ἤθεσι
1338 4471 1626 4545 θεαρέστοις
1652 4474 1736 4526 καί
1761 4475 1967 4545 τρόποις

390 4561 742 4634 ἀγαθουργίας
765 4560 1173 4631 προλάμποντος,
1190 4558 1355 4626 εὐχάς
1368 4560 1450 4612 καί
1481 4557 1678 4621 δεήσεις
1699 4563 1974 4625 συντόνους

392 4653 531 4721 πρὸς
548 4654 631 4705 τὸν
652 4649 908 4721 στέψαντα
929 4650 1015 4701 καί
1041 4647 1482 4720 ουρ-ϐασιλεύοντα
1510 4647 1971 4728 [συμϐουλεύοντα]

400 4740 547 4806 αὗτῷ
598 4739 719 4792 Θεόν
765 4739 1144 4811 ἀναπέμπομεν,
1201 4736 1342 4799 ὅπως
1394 4742 1529 4811 αὐτῷ
1578 4743 1820 4814 εἰρηνικόν
1875 4746 1965 4799 τὴν

401 4831 564 4891 ζωόν,
592 4831 675 4883 καί
712 4829 771 4882 τὸ
807 4829 1060 4901 βασίλειον
1091 4832 1370 4900 χαρίσηται
1398 4832 1481 4882 ἐπὶ
1508 4831 1750 4900 μήκιστον
1781 4830 1965 4904 διαφυη

399 4916 599 4969 λάττων
642 4916 849 4987 χρόνον,
875 4924 981 4977 τοῖς
1008 4920 1136 4970 κατά
1162 4918 1436 4990 βαρϐάρων
1459 4920 1720 4991 τροπαίοις
1762 4928 1966 4991 κοσμῶν

402 5005 580 5068 αὐτόν,
609 5009 691 5058 καί
718 5006 777 5060 τό
816 5009 1160 5079 Χριστιανικόν
1187 5005 1590 5080 διακυβερνῶντα
1620 5010 1798 5068 αἰσίως
1826 5010 1967 5065 πολί-

402 5114 596 5164 τευμα,
626 5097 753 5167 πρὸς
781 5097 925 5159 ζῆλον
954 5095 1238 5172 ὀρθοδοξίας
1282 5100 1723 5171 καταρτιζὸμενος,
1753 5102 1836 5153 καί
1866 5109 1966 5155 τῶν

400 5182 552 5236 θείων
579 5184 783 5237 ἐντολῶν
802 5188 1033 5259 τήρησιν,
1053 5189 1132 5240 καί
1153 5189 1336 5248 τεκνοις
1360 5189 1414 5242 τὸ
1440 5187 1695 5257 εὐδόκιμον
1714 5192 1764 5243 ἓν
1792 5198 1853 5263 τῇ
1875 5199 1967 5250 τῆς

400 5275 646 5337 ἄξουσίας
673 5273 883 5350 διαμονῇ
909 5278 1174 5347 κτώμενον.

2066 4477 2273 4527 vernus,
2314 4463 2620 4531 nostrisque
2671 4461 2866 4515 muniis
2900 4462 2986 4516 die
3028 4471 3296 4532 noctuque
3352 4464 3628 4518 incumba-

2064 4570 2205 4620 mus,
2252 4540 2308 4609 et
2344 4569 2440 4622 pro
2461 4554 2778 4622 imperatore
2805 4561 2988 4607 nostro
3028 4554 3288 4623 piissimo,
3318 4555 3629 4623 potentissi-

2062 4658 2258 4712 moque
2279 4643 2389 4712 jam
2412 4642 2701 4706 declarato,
2736 4642 2949 4696 sincero
2979 4658 3339 4712 germanoque
3377 4644 3630 4699 Ecclesiae

2066 4734 2193 4799 filio,
2234 4750 2298 4789 ac
2339 4734 2578 4788 moribus
2612 4734 2720 4787 Deo
2761 4735 2927 4803 gratis
2963 4736 3309 4803 honestaeque
3357 4736 3479 4789 vitae
3500 4751 3632 4791 con-

2064 4825 2368 4879 versatione
2412 4825 2623 4895 egregie
2668 4832 2876 4888 ornato,
2931 4825 3038 4878 Deo
3075 4825 3163 4894 qui
3211 4825 3356 4878 illum
3404 4836 3630 4881 coronat

2067 4930 2397 4984 regnumque
2426 4931 2528 4968 una
2561 4930 2680 4969 cum
2709 4916 2797 4969 illo
2827 4916 3183 4977 administrat,
3208 4917 3487 4970 continuas
3506 4932 3632 4986 pre-

2066 5021 2158 5059 ces
2182 5005 2685 5072 obsecrationcsque
2708 5004 3133 5074 oil‘eramus,quo
3160 5005 3321 5059 vitam
3350 5005 3627 5074 paciﬁcam

2066 5096 2454 5165 imperiumque
2477 5112 2637 5165 quam
2662 5098 2894 5151 maxime
2919 5098 3224 5152 diuturnum
3252 5097 3322 5149 illi
3347 5097 3624 5166 largiatur,

2064 5184 2361 5241 barbaricis
2391 5186 2675 5255 triumphis
2702 5195 2948 5250 exornet,
2998 5185 3203 5240 felicem
3229 5184 3514 5240 Christiani
3538 5202 3628 5240 or-

2062 5275 2149 5331 bis
2192 5278 2613 5331 moderationem
2640 5278 2916 5341 concedat,
2951 5277 3016 5330 ad
3055 5276 3362 5330 orthodoxae
3392 5274 3510 5328 ﬁdei
3539 5289 3628 5329 zo-

2066 5364 2172 5419 lum
2204 5365 2409 5428 incitet,
2433 5366 2487 5419 in
2527 5366 2829 5419 divinorum
2876 5364 3088 5419 tandem
3124 5369 3506 5432 praeceptorum
3532 5362 3628 5417 ob-

2064 5456 2368 5509 servatione
2413 5456 2488 5509 ita
2526 5455 2789 5525 perﬁciat,
2825 5462 2885 5508 ut
2921 5454 3105 5509 liberis
3152 5453 3263 5507 suis
3302 5468 3425 5507 cum
3472 5453 3623 5522 regni

2066 5544 2419 5614 potentiaeque
2459 5544 2812 5600 diuturnitate
2840 5545 3097 5599 honorem
3123 5550 3177 5599 et
3212 5542 3435 5614 gloriam
3466 5544 3626 5598 relin-

2067 5639 2194 5701 quat
2234 5648 2341 5688 non
2382 5632 2654 5706 vulgarem
2669 5664 2683 5680 ο
