3978 6426
442 348 543 411 139

441 541 783 596 sanctiSsimo
818 538 1137 608 Christoque
1166 538 1362 593 dilecto
1414 535 1791 604 Philadelphia:
1829 536 2018 589 civita-

444 634 513 686 tis
539 630 970 700 metropolitano,
1003 630 1070 684 ad
1112 631 1359 684 dilectam
1401 630 1865 695 desideratamque
1903 625 2015 679 fra-

442 722 749 778 ternitatem
775 732 1009 777 vestram
1033 722 1351 776 deferendas
1373 722 1706 775 tradidimus.
1736 721 1802 773 Et
1828 735 2020 788 quam-

441 815 524 868 vis
558 828 625 868 ex
671 827 920 868 sermone
955 822 1009 866 et
1049 811 1316 881 colloquio
1350 812 1492 879 quod
1547 827 1666 863 cum
1691 825 1755 864 eo
1799 810 2021 864 miscui-

442 919 583 968 mus,
628 903 995 973 conjecturam
1049 900 1327 965 facientes,
1375 915 1479 954 non
1528 900 1835 954 dubitemus
1885 901 2018 968 quin

439 997 586 1050 omni
626 1012 748 1050 cum
788 995 1121 1049 humanitate
1144 1008 1264 1045 eum
1303 993 1599 1060 suscepturi
1636 991 1876 1059 lmtisque
1898 1005 2021 1045 ocu-

443 1089 507 1139 lis
536 1084 803 1154 aspecturi
837 1086 973 1147 sitis,
1004 1098 1252 1150 rogamus
1291 1081 1640 1135 nihilominus
1666 1090 1890 1149 propter
1922 1094 2020 1133 no-

440 1181 610 1223 stram
653 1170 996 1239 parvitatem,
1043 1177 1103 1220 ut
1144 1182 1417 1237 germane,
1475 1165 1810 1218 familiariter
1851 1165 2021 1218 bono-

442 1259 699 1326 rilieeque
742 1273 774 1310 a
811 1256 962 1309 vobis
1008 1256 1307 1325 excipiatur
1354 1253 1754 1321 reﬁciaturque.
1784 1250 1834 1305 Is
1871 1251 2015 1303 enim

442 1357 525 1400 est
552 1348 643 1416 qui
669 1347 883 1401 sincero
910 1344 1221 1413 fervidoque
1251 1342 1444 1397 aﬂ‘cctu
1496 1352 1732 1395 vestram
1772 1340 2018 1394 dilectio-

441 1450 565 1489 nem
614 1431 1007 1505 complectitur,
1078 1446 1441 1502 magnumque
1484 1432 1539 1485 in
1569 1431 1730 1485 rebus
1759 1430 2023 1484 ecclesia-

440 1527 592 1581 sticis
638 1526 871 1580 studium
926 1525 1511 1595 promptitudinemque
1574 1523 1834 1587 declarat,
1882 1530 1937 1575 et
1964 1522 2022 1575 in

440 1630 712 1680 sermone,
752 1615 982 1682 vitaeque
1017 1614 1348 1683 integritate,
1387 1621 1442 1666 et
1484 1612 1686 1665 virtute
1733 1611 2021 1665 admodum

440 1706 705 1760 excellere
738 1706 976 1768 videtur,
1029 1704 1121 1772 qui
1163 1704 1325 1757 etiam
1373 1703 1485 1756 Deo
1534 1702 1686 1755 illum
1731 1701 2019 1769 dirigente,

1449 345 1509 403 S.
1546 338 1965 404 NICEPIIORI
2000 334 2509 395 PATRIAEmIlE
2550 337 2656 397 (ΖΡ.

502 453 763 507 Caeterum
791 457 1000 503 nostras
1023 448 1186 502 hasce
1209 446 1494 517 synodicas
1521 446 1732 499 litteras
1760 443 2004 497 Michaeli
2035 449 2079 505 Α

3569 336 3665 400 201)

2180 444 2392 512 Μιχαὴλ
2438 442 2491 497 δέ
2537 452 2609 515 τῷ
2652 440 2916 496 ὁσιωτάτω
2962 442 3305 516 μητροπολίτιο
3341 450 3431 505 τῆς
3459 453 3485 482 ⁸
3525 450 3657 509 σὺ..

2121 532 2295 605 δέλφου
2345 527 2695 603 [συναδέλφον]
2743 530 3078 601 φιλοχρίστου
3126 531 3316 592 πόλεως
3354 536 3421 588 τά

2118 625 2256 691 ἡμῶν
2303 619 2545 676 συνοδικά
2581 622 2862 694 γράμματα
2897 621 3029 692 πρὸς
3067 625 3160 678 τήν
3203 623 3451 695 ἡμετέραν
3485 631 3664 699 iri-7mm.

2117 715 2264 786 μένην
2293 716 2381 766 καί
2422 714 2652 770 ποθεινὴν
2682 711 2993 782 ἀδελφότητα
3037 714 3441 788 ἔνεχειρίσαμεν.
3472 722 3559 773 καί
3581 742 3667 774 πε.

2116 805 2367 872 πείσμεθα
2395 806 2485 873 μέν
2515 803 2567 854 έκ
2596 810 2686 863 τῆς
2712 802 2805 861 ἤδη
2831 802 3190 879 προλαϐούσης
3224 805 3385 857 αὐτοῦ
3423 806 3669 871 έντεύξεῶς

2118 913 2173 948 τε
2224 898 2306 947 καί
2341 894 2557 963 ὁμιλίας,
2590 897 2657 955 ὡς
2704 894 3003 968 φιλοφρόνως
3051 895 3178 970 παρ’
3199 896 3339 967 ύμῶν
3381 896 3672 970 όραθήσεται

2117 985 2204 1035 καί
2231 980 2564 1051 δεχθήσεται,
2592 984 2982 1057 παρακαλοῦμεν
3018 983 3070 1039 δὲ
3096 988 3180 1038 καί
3204 980 3289 1040 διά
3328 991 3418 1044 τήν
3445 989 3673 1062 ἡμετέραν

2118 1075 2448 1148 μετριότητα,
2484 1078 2802 1147 γνησιώτερα
2845 1078 2927 1127 καί
2969 1075 3246 1151 οἰκειότερα
3279 1078 3343 1131 τὰ
3374 1085 3465 1135 τῆς
3492 1078 3669 1132 ἀποδο-

2122 1170 2224 1230 χῆς
2252 1165 2333 1214 καί
2359 1169 2509 1229 τιμῆς
2539 1165 2621 1215 καί
2651 1163 2989 1221 ἀναπαύσεως
3037 1161 3178 1232 αύτῷ
3222 1164 3344 1237 παρ’
3364 1166 3501 1233 ὑμῶν
3542 1170 3672 1237 γενέ-

2120 1252 2259 1305 σθαι.
2307 1254 2402 1305 Καί
2441 1254 2542 1325 γὰρ
2580 1253 2824 1327 καὶπρὸς
2866 1258 2956 1311 τὴν
3002 1253 3258 1327 ’ὑμετέραν
3308 1254 3526 1324 ἀγάπην,
3554 1259 3675 1309 πάνυ

2121 1341 2181 1396 τό
2208 1340 2391 1413 θερμὸν
2415 1344 2500 1395 καί
2521 1346 2722 1410 γνήσιον
2767 1345 3020 1409 κέκτηται,
3050 1346 3136 1396 καί
3159 1344 3210 1395 έν
3235 1350 3341 1402 τοῖς
3367 1352 3458 1402 τῆς
3483 1344 3677 1400 Ἐκκλη-

2125 1433 2244 1490 σίας
2270 1434 2558 1504 πράγμασι,
2590 1435 2649 1486 τὸ
2694 1433 2980 1488 σπουδαῖον
3020 1438 3103 1487 καὶ
3131 1435 3387 1511 πρόθυμον
3414 1435 3680 1490 ἐπιδείκνυ-

2121 1544 2229 1588 ται,
2257 1526 2432 1596 ὥσπερ
2461 1529 2545 1578 καί
2572 1525 2620 1577 έν
2640 1526 2773 1596 λόγῳ
2804 1529 2887 1579 καί
2928 1527 3023 1596 βίῳ
3051 1529 3135 1581 καί
3173 1528 3328 1600 ἀρετῇ
3356 1528 3414 1579 τό
3457 1523 3679 1602 προῦχον

2122 1615 2456 1686 ἀποφέρεται,
2488 1611 2542 1673 ὃς
2586 1618 2672 1668 καί
2699 1616 2865 1683 μέλλει
2911 1623 3037 1669 Θεοῦ
3084 1616 3375 1677 εὐοδοῦντος
3399 1620 3563 1687 τούτῳ
3605 1623 3681 1673 καί

2123 1703 2259 1772 ύμᾶς
2287 1708 2556 1766 κινοῦντος,
2586 1704 2655 1756 τά
2698 1710 2789 1762 τῆς
2833 1704 3032 1774 ἀγάπης
3060 1707 3142 1757 καί
3170 1704 3403 1773 ὁμονοίας
3434 1706 3677 1775 σύμϐολα,

443 1796 791 1863 animumque
830 1801 1068 1848 vestrum
1106 1801 1454 1861 permovente
1500 1793 1568 1844 ad
1616 1790 1873 1858 majorem
1927 1806 2023 1844 no-

2124 1796 2361 1849 τοντέστι
2388 1797 2481 1855 τάς
2509 1793 2686 1865 τιμίας
2710 1796 2852 1864 ὑμῶν
2887 1798 3095 1868 κεραίας
3117 1804 3217 1851 τῶν
3244 1795 3294 1851 έν
3326 1801 3488 1872 χερσὶ
3511 1799 3683 1853 συλλα-

440 1894 611 1941 stram
656 1885 893 1938 lmtitiam
941 1883 1275 1952 spiritualem
1301 1884 1786 1953 perfectioremque
1824 1891 2023 1938 nostra

438 1976 496 2030 in
522 1975 748 2032 Domino
789 1974 1091 2028 dilectionis
1140 1972 1502 2038 aﬂ‘ectionem,
1554 1974 1859 2029 dilectionis
1898 1988 2024 2028 con-

442 2064 742 2132 cordiaeque
768 2063 1043 2133 'symbola,
1072 2064 1176 2117 hoc
1202 2073 1304 2128 est,
1335 2062 1671 2118 venerandas
1696 2072 1907 2118 vestras
1930 2064 2021 2119 lit-

447 2165 593 2209 teras
639 2155 786 2209 hisce
842 2153 1200 2223 praesentibus
1272 2154 1663 2224 respondentes
1698 2154 1764 2209 ad
1802 2169 1902 2208 nos
1946 2164 2031 2209 est

439 2244 728 2298 relaturus.
781 2243 1104 2297 Universam
1152 2259 1272 2313 qua:
1309 2245 1584 2299 vobiscum
1607 2246 1719 2314 agit
1768 2244 2026 2300 fraterni-

440 2344 612 2386 tatem
668 2332 961 2403 plurimum
1027 2333 1324 2387 salutamus
1365 2335 1420 2388 in
1474 2334 1711 2390 Christo.
1787 2335 1920 2390 Vale
1974 2337 2029 2390 in

445 2423 699 2477 Domino.
768 2423 875 2478 Ora
935 2439 1035 2493 pro
1086 2424 1261 2487 nobis,
1326 2425 1663 2479 sanctissime
1733 2434 1787 2479 et
1829 2426 2030 2481 beatis-

444 2516 581 2569 sime
634 2513 824 2580 frater,
858 2516 1212 2569 mediatorem
1239 2523 1291 2568 et
1338 2531 1628 2585 synergnm
1676 2514 1815 2584 apud
1858 2516 2028 2570 Deum

441 2620 787 2659 communem
838 2615 1125 2674 patronum
1179 2605 1551 2673 fautoremque
1608 2616 1868 2670 nostrum,
1914 2622 2030 2659 ma-

444 2712 611 2765 gnum
658 2697 805 2750 illum
846 2698 1250 2767 principemque
1308 2698 1610 2766 apostolum
1640 2701 1885 2767 adeptus,
1936 2699 2025 2753 cui

441 2801 539 2853 pro
564 2786 720 2841 nobis
745 2788 976 2856 indignis
1010 2788 1149 2841 illius
1177 2789 1348 2841 servis
1379 2789 1799 2843 intercessiones
1831 2788 2025 2843 oll‘erre

443 2894 509 2932 ne
537 2880 796 2949 graveris.
827 2878 885 2931 In
916 2881 1125 2948 signum
1166 2890 1346 2933 autem
1387 2880 1673 2933 charitatis
1718 2894 1838 2948 quae
1878 2880 2023 2933 inter

443 2983 543 3021 nos
572 2968 627 3021 in
668 2968 893 3023 Domino
923 2970 1224 3032 intercedit,
1266 2970 1511 3023 misimus
1543 2969 1795 3025 fraterna:
1827 2981 2024 3025 vestrm

443 3057 760 3111 beatitudini
792 3058 1092 3127 encolpium
1128 3074 1375 3124 aureum,
1404 3059 1554 3125 cujus
1601 3059 1833 3112 alterum
1882 3059 2024 3113 latus

443 3146 693 3215 crystallo
716 3155 797 3200 est
816 3146 1101 3212 inclusum,
1124 3148 1351 3201 alterum
1368 3163 1529 3217 opere
1542 3149 1683 3201 l'usili
1705 3147 1991 3216 eﬂigiatum
2010 3170 2025 3219 ς

443 3236 606 3291 habet
640 3237 695 3291 id
725 3239 867 3291 intra
897 3253 955 3291 se
970 3237 1200 3292 alterum
1228 3239 2025 3310 encolpium,cuipretiosorum

444 3329 710 3398 tignorum
760 3329 1036 3399 particula:
1077 3330 1276 3384 caelati:
1328 3332 1544 3386 insertae
1586 3341 1741 3393 sunt;
1797 3332 2027 3386 accessit

445 3419 531 3473 his
565 3418 850 3472 candidum
880 3420 1215 3485 stieharium,
1246 3429 1301 3474 et
1324 3423 1560 3475 castanei
1584 3422 1781 3475 coloris
1814 3432 2029 3475 contex-

446 3517 560 3560 tum
601 3507 934 3576 phenolium,
980 3518 1091 3561 tum
1132 3510 1542 3579 epitrachelium
1581 3527 1795 3581 quoque
1835 3520 1890 3565 et
1937 3527 2027 3566 en-

446 3597 677 3651 chirium
700 3612 834 3651 auro
856 3600 1127 3667 variegata
1159 3608 1211 3653 et
1232 3610 1439 3654 ornata.
1471 3602 1659 3656 Isthmo
1685 3603 2022 3673 mncmosyni

446 3684 566 3739 loco
609 3686 677 3738 ad
714 3686 1116 3741 misericordem
1152 3688 1303 3742 illum
1350 3692 1707 3759 apostolatum
1750 3693 1860 3745 Deo
1888 3692 2024 3745 duce

446 3773 816 3829 transferenda
844 3775 1215 3847 submisseque
1240 3778 1511 3834 oll‘erenda
1550 3780 1762 3835 sindoni
1806 3781 2023 3850 elegan-

446 3874 530 3919 ter
584 3866 780 3921 involvi
836 3868 1192 3938 plumbeoque
1246 3872 1421 3942 sigillo
1471 3872 1752 3944 obsignari
1804 3872 2022 3927 curavi-

448 3972 501 4009 lll
510 3972 589 4009 US.

2128 1884 2227 1937 ϐῶν
2254 1887 2534 1957 ἀντίγραφα
2562 1886 2693 1958 πρός
2727 1889 2859 1951 ἡμᾶς
2901 1892 3135 1956 κομίζειν,
3170 1891 3242 1948 είς
3283 1889 3488 1943 πλείονα
3515 1892 3683 1964 εὖφρο-

2127 1976 2282 2031 σύνην
2318 1971 2456 2043 ἡμῶν
2482 1981 2842 2046 πνευματικὴν,
2870 1979 2950 2030 καί
2974 1978 3312 2051 καταρτισμὸν
3337 1985 3431 2037 τῆς
3459 1980 3507 2032 ἐν
3536 1981 3684 2051 κυρίῳ

2125 2065 2315 2136 φιλικῆς
2340 2068 2478 2135 ἡμῶν
2505 2064 2794 2128 διαθέσεως.
2820 2072 2994 2122 Πᾶσαν
3017 2073 3105 2126 τήν
3130 2070 3224 2122 σύν
3260 2070 3386 2141 ύμῖν
3417 2071 3467 2123 έν
3491 2079 3685 2146 Χριστῷ

2125 2154 2435 2225 ἀδελφότητα
2499 2157 2718 2213 πλεῖστα
2770 2160 3239 2231 προσαγορεύομεν.
3289 2158 3589 2235 Ἐρῤωμένος
3640 2163 3684 2213 ίν

2125 2246 2289 2316 κυρίῳ
2338 2246 2637 2317 ύπερεύχου
2688 2248 2847 2317 ἡμῶν,
2900 2247 3146 2319 ἀγιώτατε
3199 2252 3282 2302 καί
3343 2253 3686 2325 μακαριώτατε

2126 2333 2334 2404 ἀδελφί,
2381 2337 2593 2403 μεσίτην
2640 2339 2727 2389 καί
2774 2338 3013 2412 συνεργόν
3060 2338 3188 2412 πρὸς
3234 2338 3359 2392 Θεὸν
3407 2341 3495 2392 τόν
3540 2340 3687 2394 κοινόν

2125 2424 2419 2496 προστάτην
2452 2428 2536 2477 καί
2574 2425 2913 2499 ἀντιλήπτορα
2940 2428 3101 2496 ἡμῶν,
3128 2428 3213 2481 τὸν
3245 2429 3407 2498 μέγαν
3437 2432 3517 2482 καί
3552 2449 3688 2506 κορυ-

2125 2520 2266 2585 φαῖον
2317 2515 2596 2569 ἀπόστολον
2643 2517 2961 2584 κεκτημένος,
3012 2512 3051 2588 ᾧ
3101 2519 3196 2575 τὰς
3241 2518 3373 2590 ύπέρ
3414 2520 3551 2587 ἡμῶν
3599 2524 3687 2571 τῶν

2124 2607 2337 2668 ἀναξίων
2386 2604 2575 2660 δούλων
2619 2608 2777 2660 αὐτοῦ
2828 2607 3091 2673 ἐντεύξεις,
3121 2609 3401 2679 προσάγειν
3442 2613 3513 2676 μή
3554 2628 3691 2663 κατο-

2126 2696 2335 2768 κνήσης.
2367 2697 2450 2754 Εἰς
2480 2696 2730 2764 σύμϐολον
2767 2694 2821 2750 δέ
2859 2703 2951 2754 τῆς
2995 2697 3369 2764 μεσιτευούσγις
3417 2698 3468 2750 έν
3498 2700 3609 2769 ἠῄν
3643 2698 3689 2750 έν

2127 2791 2289 2861 κυρίῳ
2327 2786 2549 2860 ἀγάπης,
2577 2787 2936 2857 ἀπεστείλαμεν
2979 2795 3042 2859 τῇ
3081 2785 3311 2862 ἀδελφικῇ
3356 2793 3502 2858 ὑμῶν
3540 2809 3689 2857 μακα-

2123 2880 2342 2952 ριότητι,
2390 2878 2645 2950 ἑγκόλπιον
2694 2882 2946 2945 χρυσοῦν,
2977 2872 3034 2929 οὗ
3065 2881 3094 2935 ri
3120 2879 3214 2946 μία
3243 2874 3358 2947 ὄψις
3386 2878 3689 2954 κρυστάλλου

2126 2968 2647 3041 έγκατακεκλεισμένη,
2695 2968 2726 3024 ἡ
2780 2965 2832 3020 δέ
2884 2967 3029 3040 ἑτέρα
3078 2968 3389 3038 εἰκονεσμένη
3442 2966 3506 3022 δι’
3527 2970 3692 3039 ἐγκαύ-

2128 3079 2281 3124 σεως,
2311 3060 2398 3112 καί
2425 3057 2561 3117 ἐντός
2591 3055 2621 3109 ἕ
2624 3077 2724 3126 χον
2751 3057 2922 3131 ἕτερον
2952 3052 3231 3128 ἐγκολπεον,
3263 3059 3313 3109 ἐν
3343 3052 3382 3129 ᾧ
3410 3060 3517 3111 εισι
3556 3057 3692 3127 μερί-

2057 3155 2100 3215 C
2132 3149 2214 3208 δες
2240 3155 2339 3204 τῶν
2364 3149 2540 3218 τιμίων
2564 3145 2725 3211 ξύλων
2769 3146 3189 3215 ἐντετυπωμέναι·
3218 3149 3494 3216 στιχάρεσν
3536 3145 3694 3199 λευκόν

2130 3243 2213 3293 καί
2242 3240 2487 3312 φαινόλιον
2514 3239 2758 3292 κάστανον
2775 3234 2993 3315 ἆῤῥαφα,
3014 3236 3381 3310 έπιτραχήλιον
3408 3238 3494 3290 καί
3534 3236 3695 3310 ἐγχεί-

2132 3351 2258 3403 ριον,
2289 3330 2646 3399 πεποικιλμένα
2692 3335 2901 3400 χρυσῷ.
2947 3329 3049 3381 Καὶ
3084 3332 3248 3380 ταῦτα
3291 3324 3548 3396 δεχομένη
3574 3329 3693 3381 Θεοῦ

2132 3420 2424 3480 εύοδοῦντος
2465 3423 2550 3475 καί
2574 3419 2913 3482 διασώζοντος
2937 3418 3203 3490 μετριάσει
3230 3418 3359 3490 πρὸς
3384 3421 3479 3476 τήν
3507 3415 3695 3490 οἰκτρὰν

2132 3509 2323 3570 ταύτην
2369 3515 2700 3581 ὑπομνήσεως
2748 3509 2930 3581 χάριν,
2963 3505 3264 3570 ἀποστολήν,
3289 3510 3456 3560 ταῦτα
3483 3506 3533 3558 ἓν
3560 3503 3691 3572 ὀθόνῃ

2133 3605 2330 3675 εὐφυῶς
2370 3596 2764 3671 διατυλιχθέντα
2816 3597 3110 3667 διετάξαμεν
3162 3592 3424 3666 μολιϐδίνη
3468 3590 3697 3665 aventth

2131 3694 2515 3761 ὶνσημανϐῆναε.

521 4084 545 4111 α
599 4071 696 4126 llic
740 4073 934 4127 desinit
971 4073 1139 4128 codex
1172 4072 1538 4142 Siguieriazms
1577 4085 1848 4143 pesti-cauo
1891 4073 2019 4127 folio
2057 4070 2319 4126 abscisso.
