3978 6432
452 394 565 456 903
1435 395 1494 454 S.
1539 390 1959 454 NICEPHORI
2001 386 2507 449 PATRIARCHa‘E
2551 386 2658 447 ΕΡ.
3612 386 3708 452 205

462 504 683 557 ηιειι-Ιιοε
725 500 1009 571 scripsisse
1060 500 1463 556 Antirriteticos
1491 543 1504 569 ,
1539 517 1701 556 nemo
1734 508 1854 571 post
1899 497 2338 553 Sirmondiauam
2389 496 2621 565 ipsorum
2668 490 2961 549 editionem
3003 489 3180 549 nescit
3212 506 3227 548 :
3257 498 3623 551 verumtamen
3661 496 3711 554 bi

466 590 595 643 nihil
661 589 863 643 nostris
888 628 903 654 ,
933 598 1129 659 praeter
1159 588 1372 642 titulum
1404 598 1455 642 et
1499 597 1893 657 argumentum,
1926 585 2102 639 simile
2132 585 2348 638 habent.

539 675 626 730 iV.
670 676 939 731 Caeterum
975 685 1102 729 ante
1156 674 1536 730 Antirrheticos
1561 715 1575 740 ,
1606 672 1995 743 Apologelicum
2021 671 2270 740 ntajormt
2304 671 2597 738 scripserat
2632 669 2682 723 in
2718 668 2893 724 exsilii
2928 668 3131 738 pariter
3161 667 3348 739 quiete
3375 668 3714 743 Nicqthorus,

468 779 603 831 trptts
660 764 869 831 grande
913 777 978 817 ac
1012 762 1269 831 spissum,
1324 761 1629 816 eruditione
1676 759 1930 829 plurima,
1979 757 2393 821 declamatione,
2427 757 2751 822 ittt‘cctione,
2788 756 3199 825 egressionibus
3253 757 3417 811 etiam
3469 759 3631 815 variis
3668 771 3717 815 et

471 850 731 920 episodiis
771 850 1078 922 ﬁguratum
1113 860 1275 920 atque
1305 848 1650 904 redundans.
1690 846 1872 917 Stylus
1906 845 2144 899 auctoris
2177 859 2323 907 acer,
2380 854 2490 897 tum
2545 845 2630 897 hic
2662 852 2772 897 tum
2804 845 2858 897 in
2890 842 3276 908 Antirrheticis,
3301 845 3715 901 adversariorum

475 911 651 992 latera
711 911 793 992 et.
824 911 1123 1007 praesertim
1148 911 1473 1006 Copronymi
1504 936 1612 989 alte
1637 911 1976 997 confodiens,
2008 946 2233 999 quorum
2262 931 2468 985 nullmn
2493 931 2681 983 vitium
2714 945 2820 983 non
2853 930 3050 984 acerbo
3073 930 3441 985 conviciorum
3474 931 3585 988 sale
3605 949 3716 1002 per-

477 1026 677 1078 fundit.
740 1024 1032 1079 Contendit
1063 1024 1207 1078 enim
1241 1036 1355 1088 eos,
1399 1031 1595 1091 praeter
1635 1036 1843 1075 morum
1886 1020 2270 1089 turpitudinem
2300 1018 2940 1088 graphice'dcscriptam,
2971 1017 3131 1072 modo
3169 1031 3292 1072 esse
3324 1016 3718 1078 Pbantasiastas

474 1120 568 1166 aut
632 1109 1036 1181 Monophysitas
1064 1119 1115 1165 et
1146 1109 1474 1178 Acephalos,
1516 1109 1677 1163 modo
1702 1107 1935 1163 Arianos
1965 1116 2055 1160 aut
2086 1105 2409 1160 Manichaeos
2444 1105 2527 1158 vel
2571 1102 2819 1166 Iudaeos,
2855 1104 3053 1158 Christi
3099 1119 3164 1159 ac
3214 1102 3275 1159 Β.
3314 1104 3498 1161 Mariae
3558 1106 3716 1163 infenc

474 1198 721 1253 sissimos
776 1199 980 1262 hostes,
1010 1195 1286 1260 ethnicos,
1321 1195 1715 1261 Antichristos,
1741 1194 1943 1249 diaboli
1974 1194 2113 1249 ﬁlios
2141 1210 2154 1247 :
2188 1192 2389 1261 passim
2412 1191 2645 1259 denique
2669 1189 2915 1252 stolidos,
2945 1190 3212 1253 ebriosos,
3245 1205 3310 1245 ac
3335 1190 3539 1246 belluas
3557 1195 3722 1262 appel-

474 1288 571 1338 lat.
645 1282 971 1353 Quanquam
1005 1298 1200 1354 reapse
1231 1283 1296 1336 ad
1327 1281 1731 1354 Cupronymum
1769 1281 1915 1352 quod
1942 1282 2137 1337 attinet
2170 1279 2305 1335 nihil
2355 1294 2456 1350 par
2486 1276 2743 1342 tarditati,
2774 1277 3018 1344 saevitia»,
3068 1277 3438 1348 itnpietatiquc
3483 1278 3597 1347 ejus
3628 1282 3720 1334 dici

472 1368 663 1437 potuit.
737 1368 863 1424 Hatc
897 1383 1080 1432 narro,
1113 1382 1221 1423 non
1270 1368 1399 1439 quia
1434 1368 1486 1423 id
1516 1376 1623 1423 tam
1652 1368 1946 1424 vehemens
1982 1376 2038 1422 et
2078 1366 2423 1436 praefractum
2474 1365 2848 1422 invectionum
2888 1379 3062 1433 genus
3118 1364 3284 1421 indoli
3319 1381 3454 1421 meae
3491 1367 3717 1437 placeat;

475 1455 568 1509 sed
620 1464 680 1510 ut
750 1470 866 1510 rem
913 1464 1073 1526 prout
1115 1468 1174 1510 se
1214 1453 1380 1509 habet
1415 1469 1683 1523 exponam
1729 1469 1897 1508 :nam
1934 1468 2034 1508 nec
2062 1455 2234 1509 sancti
2265 1453 2577 1525 Hieronymi
2610 1451 3303 1509 ardentioresinvectioues
3331 1454 3533 1509 imitari
3579 1456 3722 1526 vulgo

474 1542 733 1598 solemus.
780 1540 1087 1612 Caeteroqui
1150 1541 1320 1608 zelus,
1372 1541 1545 1598 honor
1576 1540 1779 1597 Christi
1804 1550 1896 1595 aut
1928 1540 2142 1597 virtutis
2163 1540 2421 1609 oﬂ‘ensus,
2446 1541 2707 1598 solenmia
2751 1540 3027 1606 scandala,
3077 1541 3366 1612 impiorum
3408 1544 3719 1612 triumphus,

477 1633 737 1684 bonorum
781 1629 1185 1700 oppressiones,
1214 1628 1490 1699 religionis
1519 1629 1698 1694 ruina,
1721 1623 2091 1699 'sicjnterdum
2112 1637 2422 1684 sanctorum
2446 1629 2657 1683 animos
2685 1627 3044 1693 inﬂammant,
3069 1630 3175 1683 utii
3197 1631 3498 1698 praesertim
3518 1634 3604 1700 qui
3628 1633 3723 1687 elo-

474 1719 715 1788 quentiae
767 1718 970 1789 impetu
1007 1717 1206 1785 valent,
1223 1716 1460 1787 querelis
1482 1727 1539 1773 et
1555 1716 2037 1787 vituperationibus
2052 1718 2171 1773 sine
2192 1716 2351 1773 modo
2378 1714 2530 1772 frena
2555 1715 2820 1772 relaxant.
2847 1715 2963 1771 Jam
2985 1716 3073 1771 hic
3095 1715 3464 1786 Apologeticus
3493 1720 3543 1773 in
3564 1721 3725 1789 priore

478 1807 562 1861 sui
580 1815 758 1877 parte,
782 1806 903 1863 fidei
923 1806 1239 1862 orthodoxae
1261 1806 1679 1876 descriptionem
1701 1805 1963 1871 continet,
1984 1813 2037 1860 et
2054 1813 2384 1874 quantopere
2402 1801 2699 1858 Christiani
2718 1804 2787 1858 ab
2805 1802 3127 1858 idololatriae
3151 1802 3387 1863 crimine
3442 1806 3618 1859 absint
3637 1808 3723 1861 de-

482 1904 769 1949 monstrat.
793 1894 998 1949 Deinde
1016 1894 1069 1948 in
1100 1895 1276 1949 media
1306 1894 1703 1963 quodammodo
1728 1902 1880 1963 parte
1896 1891 2171 1961 complura
2188 1890 2379 1945 recitat
2404 1903 2683 1945 sacrorum
2714 1887 3009 1945 Bibliorum
3042 1888 3376 1954 testimonia,
3409 1900 3470 1945 ut
3491 1894 3724 1948 ostendat

485 1980 845 2035 idololatriam
871 1995 899 2035 a
931 1979 1153 2037 Christo
1172 1994 1403 2052 prorsus
1433 1980 1603 2035 fuisse
1625 1980 1980 2045 destructa'm,
2004 1980 2076 2034 ita
2100 1986 2156 2034 ut
2174 1976 2315 2032 illius
2341 1976 2580 2032 Ecclesia
2603 1976 2802 2032 tnorbo
2831 1976 2935 2032 hoc
2963 1974 3212 2031 laborare
3238 1991 3343 2032 non
3364 1977 3561 2046 possit,
3582 1994 3726 2033 secus

478 2085 540 2121 ac
560 2068 1170 2140 Χριστιανοκατὴγοροι
1223 2064 1473 2124 haeretici
1502 2066 1996 2123 catumniabantur.
2016 2065 2153 2121 Tum
2176 2075 2229 2121 et
2250 2065 2352 2120 alia
2385 2065 2695 2121 scribuntur
2722 2064 2977 2134 plurima,
2999 2079 3121 2134 quae
3149 2064 3320 2121 ferme
3345 2081 3377 2119 a
3408 2067 3639 2137 capitulo
3660 2067 3721 2124 65

473 2154 760 2208 ordiuntur
781 2194 798 2218 ,
821 2155 887 2209 de
923 2154 1120 2211 ritibus
1147 2154 1341 2220 variis,
1373 2154 1581 2225 figuris,
1609 2155 1979 2217 tabernaculo,
2008 2169 2157 2219 arca,
2178 2154 2550 2224 praecipueque
2566 2152 2632 2209 de
2661 2151 3094 2207 Cherubinorum
3125 2152 3319 2222 positis
3342 2155 3397 2207 in
3430 2168 3492 2209 ea
3524 2153 3719 2221 for-mi,

474 2248 530 2291 et
567 2239 636 2293 de
677 2238 1024 2295 Salomonico
1087 2239 1287 2311 templo
1318 2239 1552 2311 ejusque
1587 2241 1761 2297 sacris
1811 2240 2226 2295 emblematibus
2255 2249 2347 2294 aut
2378 2240 2713 2295 ornamentis
2742 2238 2986 2295 dicitur:
3016 2254 3136 2311 quae
3174 2241 3355 2296 omnia
3392 2241 3537 2297 sacri
3566 2242 3726 2298 cultus

475 2341 695 2394 genera,
727 2328 794 2382 ad
820 2340 1101 2382 sacrarum
1131 2326 1426 2397 imaginum
1461 2328 1792 2383 suadendam
1827 2331 2238 2382 venerationem
2264 2336 2456 2382 auctor
2478 2325 2665 2382 trahit.
2698 2325 2833 2382 Tum
2867 2326 3053 2382 multis
3084 2326 3392 2396 huiusmodi
3416 2329 3499 2383 dis
3514 2332 3724 2399 putatis,

474 2414 939 2485 praescriptionem
970 2414 1204 2485 denique
1228 2415 1665 2485 octingentorum
1691 2428 1961 2470 annorum
1991 2415 2203 2485 arripit,
2228 2413 2294 2468 ab
2313 2413 2565 2470 Ecclesiae
2591 2413 2902 2485 primordiis
2926 2428 3101 2485 usque
3128 2415 3196 2470 ad
3217 2424 3433 2470 aetatem
3463 2432 3644 2484 suam;
3677 2428 3724 2469 ttt

477 2503 607 2556 hinc
641 2503 959 2568 concludat,
987 2501 1247 2557 honorem
1270 2504 1443 2557 sacris
1481 2502 1810 2570 imaginibus
1838 2506 2041 2570 absque
2069 2517 2239 2557 sacrae
2277 2500 2615 2570 antiquitatis
2643 2502 2991 2557 accusatione
3023 2502 3211 2572 negari
3244 2518 3349 2558 non
3383 2517 3561 2573 posse.
3595 2503 3725 2557 Jam-

477 2604 606 2645 vero
674 2604 795 2643 cum
831 2605 860 2644 a
918 2588 1208 2660 Nicephori
1287 2590 1617 2659 temporibus
1651 2605 1822 2660 usque
1871 2591 1936 2646 ad
1964 2600 2149 2645 nostra
2180 2588 2299 2659 plus
2326 2603 2486 2658 quam
2522 2588 2667 2643 mille
2696 2588 2823 2644 anni
2858 2588 3221 2655 decurrerint,
3252 2599 3631 2659 perseverante
3655 2592 3726 2645 in-

476 2676 637 2731 terim
706 2676 846 2747 apud
896 2676 1211 2733 Catholicos
1262 2691 1544 2732 sacrarum
1581 2668 1873 2748 imaginum
1906 2676 2272 2742 veneratione,
2306 2676 2550 2745 sequitur
2572 2684 2630 2730 ut
2659 2677 2995 2747 praescriptio
3030 2676 3198 2733 multo
3229 2678 3410 2733 adhuc
3454 2679 3726 2750 longaevior

480 2763 637 2818 nobis
690 2761 870 2818 faveat
896 2764 1156 2819 adversus
1179 2762 1473 2819 bodiernos
1503 2762 1915 2819 occidentalium
1950 2764 2222 2835 regionum
2255 2762 2663 2829 Iconomachos,
2690 2765 2781 2833 qui
2811 2779 2843 2818 a
2872 2764 3127 2820 damnato
3172 2765 3263 2819 illo
3294 2780 3486 2821 errore
3510 2766 3725 2820 nomium

476 2851 780 2907 discedunt.
799 2850 976 2920 Atque
1010 2851 1065 2905 hi
1089 2852 1315 2917 utinam,
1350 2859 1548 2919 praeter
1580 2849 2156 2921 NicephorumJegant
2186 2850 2343 2906 docili
2378 2851 2563 2913 animo
2577 2852 2754 2920 magni
2785 2852 3070 2921 Augustini
3103 2852 3250 2907 locos
3291 2853 3554 2908 classicos
3595 2852 3723 2907 circa

476 2939 737 2994 honorem
783 2936 884 2993 SS.
906 2947 1202 3009 martyrum
1234 2937 1313 2992 De
1349 2937 1410 2992 C.
1444 2937 1510 2992 D.
1544 2938 1639 2992 lib.
1672 2954 1782 3002 xu,
1818 2954 1936 3007 cap.
1974 2938 2096 3003 ult.,
2142 2953 2346 2993 necnon
2377 2939 2622 2994 eumdem
2661 2936 2856 2993 Contra
2881 2935 3144 2991 Faustum
3171 2936 3509 3015 ManichJilt.
3530 2938 3722 3000 “ﬁt!

550 3025 631 3085 ν..
652 3025 765 3095 Age
798 3039 948 3091 vero,
980 3028 1202 3094 quinam
1235 3038 1386 3080 meus
1417 3026 1469 3079 in
1498 3025 1600 3079 hoc
1626 3026 1834 3081 edendo
1865 3024 2165 3095 Nicephoro
2193 3024 2342 3079 labor
2375 3024 2561 3091 fuerit,
2589 3024 2623 3078 ii
2657 3023 2818 3080 facile
2842 3024 3208 3088 aestimabunt,
3242 3026 3333 3094 qui
3367 3025 3556 3095 plures
3611 3040 3725 3079 eru-

480 3115 626 3169 ditos
658 3129 849 3168 saxum
880 3113 932 3167 id
967 3126 1188 3167 versare
1226 3111 1439 3169 molitos
1469 3112 1667 3178 sciunt,
1695 3113 1789 3167 sed
1841 3113 2224 3181 defatigatione
2254 3122 2349 3166 aut
2395 3111 2654 3181 impensis
2688 3111 2976 3167 deterritos
3019 3113 3321 3168 abstitisse.
3353 3112 3491 3168 Nam
3551 3124 3730 3183 praeter

477 3201 828 3265 Bandurium,
850 3200 1154 3255 Turrianus
1176 3200 1360 3268 etiam,
1392 3199 1635 3266 Crusius,
1657 3199 2036 3265 Combelisius,
2069 3211 2247 3269 atque,
2267 3209 2324 3253 ut
2354 3200 2534 3263 audio,
2564 3198 2815 3263 Allatius,
2849 3199 2916 3253 de
2948 3199 3188 3255 editione
3239 3200 3343 3255 bac
3397 3201 3728 3279 cogitarunt;

477 3303 534 3346 et
567 3291 816 3346 Petavius
842 3289 959 3359 ipse
987 3287 1198 3343 nonnisi
1224 3288 1387 3361 breve
1412 3285 1769 3357 fragmentum
1814 3286 2053 3357 protulit.
2088 3286 2248 3342 Certe
2273 3287 2341 3341 ad
2369 3284 2618 3341 Latinam
2651 3286 3061 3342 translationem
3088 3287 3236 3357 quod
3290 3288 3531 3355 attinet,
3581 3304 3727 3357 quam

482 3378 711 3433 diversis
734 3377 1069 3445 temporibus
1104 3375 1245 3429 inter
1272 3375 1453 3429 varias
1476 3373 1876 3444 occupationes,
1896 3383 1952 3429 et
1988 3374 2147 3428 modo
2176 3373 2229 3426 in
2267 3374 2417 3440 urbe,
2450 3373 2609 3428 modo
2638 3373 2989 3443 peregrinaus
3024 3413 3039 3438 ,
3084 3375 3415 3443 scriptitavi,
3474 3391 3560 3431 res
3618 3376 3731 3444 qui-

483 3470 608 3521 dem
651 3482 744 3535 per
784 3480 847 3521 se
909 3465 1136 3520 molesta
1168 3474 1220 3517 ct
1246 3463 1452 3531 prolixa
1485 3464 1699 3518 taedium
1736 3464 2012 3533 ingerebat
2045 3479 2061 3517 :
2094 3461 2302 3531 perstiti
2332 3471 2531 3527 tamen,
2557 3476 2866 3531 quanquam
2896 3463 3078 3517 multis
3109 3462 3244 3518 locis
3273 3475 3499 3535 propter
3539 3464 3731 3519 theolo-

478 3557 661 3621 gicam
688 3552 890 3608 Graeca:
924 3551 1131 3607 schola:
1159 3550 1501 3616 locutionem,
1539 3550 1783 3620 aliasque
1824 3550 2089 3615 Salebras,
2124 3563 2228 3603 non
2265 3562 2389 3603 raro
2426 3550 2749 3613 aestuabam.
2784 3564 2961 3620 neque
2992 3565 3076 3605 me
3102 3565 3318 3621 semper
3340 3567 3460 3606 rem
3511 3552 3728 3606 feliciter

486 3639 728 3709 gessisse
761 3626 1009 3691 autumo.
1036 3634 1178 3690 Sane
1206 3633 1493 3702 Nicephori
1526 3634 1710 3690 stilum
1754 3633 2001 3698 PhOtius,
2027 3649 2055 3689 c

2180 3633 2269 3701 65,
2302 3634 2355 3688 in
2389 3635 2580 3703 primis
2611 3634 2793 3690 laudat
2836 3654 2850 3689 :
2896 3635 3229 3709 Καλλιλεξιᾳ
3260 3654 3322 3690 τε
3377 3640 3479 3693 καὶ
3509 3638 3732 3711 συνθήκῃ

487 3724 649 3794 λόγου
675 3722 1035 3793 κεχρημένος,
1060 3723 1149 3792 οἵᾳ
1176 3722 1242 3774 ἂν
1264 3721 1530 3791 χρήσαιτο
1555 3720 1583 3772 ὁ
1634 3720 1924 3792 ῥητορικὸς
1962 3719 2039 3783 ὡς

2160 3720 2302 3790 ηθῶς
2352 3720 2448 3774 καὶ
2479 3719 2693 3785 τέλειος
2723 3721 2866 3794 ἀνήρ
2920 3739 2936 3777 :
2985 3722 3068 3777 Ea
3098 3726 3371 3779 uerborum
3405 3734 3667 3781 uenustate
3691 3735 3731 3779 et

488 3810 750 3865 orationis
783 3809 1155 3877 compositione
1207 3810 1391 3870 utitur,
1428 3809 1636 3877 qualem
1673 3806 1941 3861 adhiberet
1985 3808 2248 3879 perfectus
2281 3808 2493 3862 omnino
2531 3816 2733 3863 orator.
2790 3806 3044 3865 Profecto
3087 3825 3256 3880 purus
3287 3821 3372 3867 est
3399 3811 3733 3867 hellenismt-s

491 3898 802 3968 Nicephori,
837 3896 1126 3951 artificiosa
1157 3906 1212 3949 et
1239 3906 1426 3949 ornata
1451 3895 1705 3957 elocutio,
1740 3909 1843 3949 non
1875 3903 2055 3950 tatnen
2086 3895 2252 3951 Attici
2283 3896 2497 3966 generis
2564 3898 2660 3952 sed
2693 3896 2879 3952 Asiani
2916 3915 2933 3966 ;
2970 3898 3080 3954 imo
3135 3914 3239 3954 non
3289 3901 3461 3956 semel
3510 3912 3568 3956 ut
3618 3899 3735 3953 tnihi

492 3987 710 4053 quidem
745 3984 958 4039 videtur
1007 3982 1303 4052 tautologia
1346 3995 1577 4052 peccans
1609 3980 1691 4035 vel
1715 3980 1902 4036 saltem
1936 3982 2285 4053 perissologia
2322 4001 2335 4038 :
2373 3998 2497 4038 nam
2528 3983 2856 4039 sententiam
2887 3985 3057 4041 semel
3087 3986 3317 4053 dictam,
3348 3988 3454 4043 alia
3514 4002 3630 4043 mox
3669 4001 3738 4039 ra-

496 4077 642 4129 tione
684 4073 935 4142 replicat,
995 4070 1331 4126 multimodis
1358 4078 1656 4123 commutat
1690 4078 1745 4122 et
1780 4077 1965 4124 versat
1994 4085 2008 4122 ε
2039 4077 2093 4124 et
2116 4070 2258 4140 quod
2283 4069 2373 4125 alii
2412 4086 2519 4126 uno
2548 4080 2819 4126 commate
2853 4072 3192 4141 clauderent,
3244 4074 3290 4130 is
3336 4075 3552 4146 integro
3580 4074 3737 4128 inter-

494 4165 621 4217 dum
685 4160 892 4231 periodi
928 4159 1135 4215 ambitu
1183 4156 1476 4227 expaudit;
1509 4156 1761 4226 quodque
1786 4163 1941 4210 antea
1973 4157 2207 4221 dixerat,
2236 4155 2419 4211 multis
2437 4157 2631 4213 deinde
2659 4156 3001 4229 interpositis
3031 4159 3085 4213 in
3119 4174 3347 4215 scenam
3376 4163 3555 4216 denuo
3596 4161 3740 4215 reatu-

491 4250 590 4305 eit.
624 4247 939 4318 Aliquando
963 4245 1129 4301 etiam
1164 4245 1250 4299 vel
1279 4244 1448 4299 nimia
1478 4244 1681 4314 ingenii
1719 4246 1989 4310 ubertate,
2020 4243 2107 4298 vel
2140 4245 2443 4315 anagogico
2475 4245 2771 4315 mysticove
2806 4262 2970 4302 sensu
3027 4247 3304 4317 abreptus,
3352 4250 3426 4303 ita
3472 4264 3567 4320 per
3596 4262 3737 4302 sacra

491 4335 662 4390 Biblia
694 4344 942 4405 vagatur,
977 4343 1037 4388 ut
1070 4346 1209 4402 pene
1238 4328 1433 4387 devius
1465 4341 1622 4387 extra
1656 4344 1811 4385 suum
1858 4331 2190 4399 propositum
2219 4330 2478 4387 deerrare
2522 4333 2788 4387 videatur.
2818 4331 3087 4390 Caeterum
3121 4333 3367 4404 Nicepho
3383 4336 3425 4390 ri
3458 4337 3625 4391 dictio
3651 4350 3740 4387 no-

494 4414 618 4480 bilis
655 4435 758 4489 est,
790 4422 1000 4487 utdisi,
1029 4419 1232 4485 suavis,
1269 4421 1521 4485 rotunda,
1554 4429 1607 4472 et
1650 4419 1802 4489 quasi
1828 4419 2151 4487 pompatica,
2183 4418 2484 4489 cuiusmodi
2515 4419 2741 4475 decebat
2764 4421 3073 4490 hominem,
3118 4421 3287 4489 omtti,
3333 4432 3393 4476 ut
3417 4425 3493 4477 ait
3516 4422 3743 4494 Iguatius

494 4512 848 4582 biographus,
907 4508 1313 4579 disciplinarum
1348 4520 1548 4577 genere
1577 4522 1606 4560 a
1647 4504 1880 4575 pueritia
1920 4505 2217 4572 excultum,
2270 4506 2575 4561 scribendis
2628 4507 2875 4576 plurimis
2918 4509 3008 4562 diu
3048 4509 3372 4575 exercitum,
3429 4510 3544 4565 otio
3592 4510 3743 4562 etiam

461 4644 465 4650 .
499 4601 886 4664 abundantem,
929 4605 987 4651 et
1011 4597 1270 4651 librorum
1323 4595 1648 4663 optimorum
1672 4592 2007 4663 supellectile
2028 4592 2172 4649 laute
2193 4594 2541 4651 instructum.
2569 4594 2855 4651 Postremo
2880 4611 2982 4650 non
3012 4611 3189 4651 meum
3221 4599 3318 4651 sed
3359 4597 3611 4652 Bandurii
3657 4596 3737 4663 ju-

500 4687 697 4739 diciutu
735 4698 952 4753 ponam,
981 4683 1035 4736 in
1075 4692 1366 4750 conspectu
1398 4681 1648 4748 cogitatae
1683 4694 1795 4733 suae
1837 4679 2092 4733 editionis
2137 4680 2211 4733 ita
2255 4680 2545 4749 loquentis.
2578 4681 2775 4747 Quanti
2807 4683 3127 4738 aestimanda
3197 4683 3305 4738 sint
3337 4684 3530 4739 isthmc
3565 4697 3734 4754 opera,

502 4774 604 4830 etsi
643 4788 732 4826 res
761 4773 873 4841 ipsa
909 4785 1003 4839 per
1036 4783 1096 4823 se
1149 4769 1421 4838 loquatur,
1450 4767 1637 4835 paucis
1664 4776 1841 4820 tamen
1878 4781 2165 4824 recensere
2198 4782 2265 4822 ne
2307 4770 2555 4838 pigeat...
2588 4769 2661 4840 (ὸ)

582 4858 669 4912 \‘l.
724 4857 844 4912 Jatn
880 4855 953 4927 (ε)
1003 4857 1194 4911 horum
1225 4852 1516 4922 Nicephori
1550 4868 1772 4921 operum
1810 4854 2017 4910 fructus
2046 4855 2203 4924 paulo
2230 4854 2407 4909 adhuc
2438 4858 2839 4912 numerosiores
2869 4860 3137 4914 recettseri
3160 4875 3386 4930 queunt.
3417 4865 3552 4920 Nam
3584 4863 3750 4931 primo

506 4947 693 5000 insunt
729 4942 1032 4998 testimonia
1069 4941 1371 5013 dogmatica
1439 4941 1507 4994 de
1533 4939 1656 4993 fidei
1683 4940 1916 4995 indubia:
1941 4942 2285 5004 necessitate,
2314 4942 2380 4996 de
2412 4943 2781 4998 sacratissima
2812 4942 3177 5012 Euebaristia,
3200 4950 3264 5003 de
3286 4950 3609 5004 auctoritate
3637 4963 3747 5016 per-

515 5033 782 5103 emptoria
812 5030 1026 5086 concilii
1067 5027 1414 5089 mcutnenici,
1448 5027 1515 5081 de
1541 5025 1797 5081 Romanae
1822 5026 2078 5083 Ecclesiae
2104 5029 2363 5107 primatu,
2394 5030 2459 5085 de
2498 5031 2828 5101 virginitatis
2867 5031 3094 5097 honore,
3123 5035 3190 5088 de
3230 5036 3440 5105 angelis
3468 5036 3652 5095 multa,
3697 5040 3746 5085 et

505 5122 573 5179 de
598 5122 723 5177 aliis
749 5118 865 5193 (d);
896 5133 964 5173 ne
992 5117 1125 5188 quid
1144 5116 1320 5172 dicam
1345 5116 1410 5169 dc
1430 5114 1773 5169 invocatione
1796 5123 2135 5181 sanctorum,
2153 5132 2274 5186 quae
2301 5126 2413 5171 toto
2435 5120 2617 5189 ope'ris
2639 5126 2961 5189 argumento
2977 5123 3409 5177 commendatur.
3439 5122 3577 5177 Sunt
3595 5122 3746 5175 etiam

577 5324 653 5393 ib)
680 5323 809 5398 Qum
850 5320 939 5398 ιιὲρ
966 5318 1468 5398 ν,εζξοαιγῖιιι,υξιθε,ε
1494 5332 1653 5386 Sl'f’ra
1681 5316 2086 5398 CC'-__i_7-_F_-DIT.
2196 5321 2515 5398 cepitet-um,
2550 5333 2712 5394 atque
2765 5324 2866 5379 alia
2920 5326 2986 5380 de
3035 5327 3225 5383 eodem
3245 5327 3567 5398 'Nicephoro
3616 5327 3744 5381 dicta

587 5386 657 5458 '(c)
694 5386 845 5447 inter
886 5392 943 5444 S.
979 5388 1268 5458 Nicephori
1319 5389 1626 5458 laudatores
1652 5389 1866 5443 excellit
1898 5386 2077 5442 Theo
2196 5386 2511 5446 honorifica.

512 5457 675 5539 dorus
730 5462 974 5539 Studita,
1009 5457 1169 5539 quem
1206 5458 1313 5539 nos
1333 5459 1568 5539 feliciter
1606 5457 1708 5512 hoc
1752 5459 1939 5539 eodem
1997 5473 2088 5509 νο-
2198 5460 2346 5539 “‘(d)
2372 5462 2468 5539 _Sic
2502 5477 2715 5539 ex._gr.
2751 5463 2806 5518 itt
2839 5465 2992 5539 Apol.
3025 5466 3224 5539 majore
3273 5483 3392 5538 cap.
3436 5466 3529 5535 26,
3582 5464 3743 5539 innuit

515 5533 717 5605 lumine
753 5531 923 5605 Asimul
981 5525 1214 5583 edimus.
1252 5525 1369 5580 Fuit
1409 5530 1551 5581 enim
1579 5600 1587 5605 _
1611 5529 1837 5605 turmalis
1868 5527 1985 5594 ejus
2010 5544 2087 5605 _ac
2195 5525 2538 5605 iN'iccphorus
2571 5525 2839 5605 pictorum
2865 5525 3314 5592 a'ntimcn'siorum
3340 5525 3538 5604 bsunt}
3558 5536 3643 5605 qui
3664 5525 3742 5587 ad.

514 5601 904 5677 fatniliaris,_et
948 5612 1316 5677 aeruttmarutu
1355 5600 1805 5677 pronorthodoxia
1838 5597 2085 5677 csantla-
2194 5601 2299 5654 huc
2336 5602 2385 5652 in
2431 5597 2615 5655 Graeca
2654 5603 2893 5677 Ecclesia
2926 5608 3273 5677 perseverat)
3326 5597 3553 5672 quorum
3574 5597 3738 5658 "unum

520 5684 695 5724 tarum
723 5671 925 5744 socius,
949 5680 1007 5744 ες
1034 5669 1250 5744 biennio
1273 5668 1577 5744 anteillaun
1613 5669 1955 5744 dctnortuus.
1987 5668 2084 5744 I_.c—
2192 5685 2314 5744 cum
2344 5684 2442 5744 ego
2499 5675 2828 5739 aspexerint,
2882 5668 3002 5742 ej'us
3040 5668 3455 5744 descriptionem
3507 5677 3596 5731 hic
3641 5688 3738 5729 non

519 5754 716 5816 gautur
753 5741 891 5809 apud
946 5736 1293 5791 Sil'tllODtiuttl
1333 5739 1574 5804 cpistola:
1606 5739 1831 5790 I‘tttdilaL‘
1883 5738 1946 5789 ad
1994 5738 2088 5789 Ν-
2189 5740 2504 5792 subtraham
2536 5736 2606 5794 ε’(
2652 5736 2947 5799 Lintettlum
2981 5747 3032 5799 in
3076 5736 3235 5814 cujus
3261 5749 3436 5803 medio
3472 5763 3620 5812 crux.
3651 5761 3733 5802 Str
