3978 6436
489 347 611 410 -ιὲὓῖ
1538 345 1598 402 S.
1641 342 2061 403 NlCEPHORI

2200 340 2610 401 TRIARCII/E
2647 340 2758 401 ΕΡ.
3649 349 3740 414 208

511 461 949 514 Christianorum
1007 458 1321 529 religionem
1377 459 1672 528 impietatis
1724 457 1930 512 idolica:
1994 473 2094 527 pu-

2204 455 2550 528 Χριστιανῶν
2593 453 2926 520 θεοσέϐειαν,
2982 453 3301 520 δυσσεϐείας
3360 455 3626 527 είδωλικῆς
3668 461 3744 515 διὰ

513 571 652 618 ram,
719 553 890 608 sacris
969 551 1164 606 litteris
1229 551 1495 615 recitatis,
1549 551 1863 620 praecedens
1915 565 2092 604 sermo

515 645 878 709 monstravit;
920 644 1043 700 illos
1072 659 1203 700 vero
1229 645 1320 713 qui
1351 644 1691 713 iniquitatem
1731 643 1782 696 in
1817 641 2090 697 excelsum

511 738 678 794 locuti
715 747 847 792 sunt
883 737 900 767 ¹
935 751 1000 792 ac
1034 736 1304 801 meditati,
1336 750 1435 790 ceu
1470 735 1752 789 dementes
1802 735 2093 788 traducens

511 831 714 902 abegit.
743 829 899 885 Nunc
923 841 1102 884 autem
1131 827 1360 882 accincti
1381 826 1558 881 denuo
1577 826 1806 880 alterum
1829 826 2094 880 adversus

511 924 846 991 impietatem
906 920 1241 990 ingredimur
1281 918 1538 973 stadium.
1589 917 1888 984 Quoniam,
1951 919 2095 973 sicut

495 1017 618 1082 jam
652 1024 810 1068 antea
843 1013 1099 1077 diximus,
1122 1011 1316 1080 duplex
1347 1025 1375 1064 a
1409 1010 1659 1066 veritatis
1693 1003 1942 1066 hostibus
1966 1027 2097 1066 con-

515 1119 595 1160 tra
625 1103 1006 1160 orthodoxiam
1037 1100 1284 1171 prmlium
1313 1101 1706 1166 committitur,
1727 1118 1827 1156 nos
1855 1116 2092 1172 quoque,

515 1197 654 1252 haud
692 1211 849 1252 secus
881 1211 1042 1264 quam
1071 1196 1278 1250 zelotes
1298 1192 1560 1261 Phiuees,
1594 1194 1702 1250 telo
1755 1195 1950 1250 armati
1983 1196 2095 1265 spi-

497 1295 670 1356 'ritus,
714 1300 768 1344 et
795 1289 1046 1344 auxiliari
1107 1289 1228 1356 ipsa
1269 1287 1504 1343 veritate
1554 1297 1797 1351 utentes,
1833 1302 1932 1358 pro
1988 1303 2092 1357 qua

511 1395 814 1456 pugnantes
855 1398 1134 1438 armorum
1170 1382 1492 1438 societatem
1521 1381 1800 1447 inivimus,
1829 1389 1884 1437 et
1940 1379 2095 1450 cuius

509 1494 673 1532 causa
707 1476 810 1532 hoc
843 1476 968 1532 item
1003 1475 1159 1531 nobis
1186 1473 1441 1531 obortum
1487 1480 1577 1528 est
1632 1472 1854 1538 bellum,
1889 1471 2091 1528 Madia-

513 1567 738 1622 nitit‘ant
794 1567 1125 1636 impietatem
1184 1579 1313 1620 cum
1353 1562 1734 1619 incredulitate
1771 1561 2009 1632 judaica,
2043 1561 2094 1617 id

511 1667 598 1713 est
646 1659 1000 1713 manichaeam
1044 1656 1252 1712 rabiem
1286 1670 1408 1712 cum
1439 1655 1629 1710 ariana
1673 1653 1916 1722 vesania,
1951 1655 2095 1724 peri-

514 1751 767 1805 mendam
793 1749 1131 1805 curabimus.

2195 549 2302 601 τῶν
2364 549 2527 620 ἱερῶν
2579 549 2928 618 γραμμάτων
2965 549 2993 600 ὁ
3040 547 3198 616 λόγος
3249 547 3549 619 προλαϐὼν,
3599 551 3744 606 καθα.

2197 639 2465 708 ρεύουσαν
2511 641 2843 709 ἀποδέδειχε,
2904 640 3034 702 τοὺς
3075 639 3134 693 δὲ
3165 639 3381 694 ἀδικίαν
3431 641 3507 704 είς
3542 640 3597 693 τὸ
3633 641 3744 713 ὕψος

2195 730 2536 804 λαλήσαντάς
2577 749 2635 784 τε
2685 733 2778 784 καὶ
2837 732 3267 802 μελετήσαντας,
3315 732 3655 802 στηλιτεῦσας
3685 735 3747 799 ὡς

2197 825 2554 894 παράφρονας
2597 824 2976 896 ἀπερρἀπισε.
3023 822 3139 876 Νῦν
3169 824 3226 878 δὲ
3269 819 3424 888 αὖθις
3454 825 3544 878 ἐπὶ
3575 825 3629 879 τὸ
3650 826 3747 880 ἓτε-

2199 933 2290 986 ρον
2345 917 2442 986 τῆς
2495 917 2754 979 ἀσεϐείας
2801 915 3210 985 ἀποδυσάμενοι
3256 915 3487 987 μέτιμεν
3538 917 3746 972 στάδιον.

2209 1009 2493 1079 Ἐπείπερ,
2527 1007 2670 1062 καθά
2705 1007 2769 1080 δὴ
2797 1010 2892 1061 καὶ
2931 1008 3198 1080 πρότερον
3231 1009 3365 1078 ἡμῖν
3413 1008 3632 1081 ἐρρήθη,
3659 1009 3750 1062 διτ-

2195 1099 2288 1162 τὸς
2315 1098 2466 1168 παρὰ
2494 1098 2602 1151 τῶν
2635 1099 2732 1170 τῆς
2751 1099 3009 1170 ἀληθείας
3039 1098 3251 1170 ἐχθρῶν
3283 1099 3312 1152 ὁ
3344 1099 3484 1152 κατά
3500 1100 3592 1169 τῆς
3618 1101 3749 1152 εὐσε-

2195 1191 2348 1254 ϐείας
2375 1193 2709 1262 συνέστηκεν
2743 1190 2913 1260 ἀγὼν,
2973 1191 3116 1245 κατά
3164 1190 3258 1245 τὸν
3305 1190 3554 1262 ζηλωτὴν
3593 1193 3750 1255 Φινεὲς

2194 1283 2276 1354 τῷ
2311 1283 2650 1356 σειρομάστῃ
2701 1284 3163 1349 καθοπλισθέντες
3200 1285 3294 1338 τοῦ
3327 1285 3656 1354 πνεύματος,
3676 1289 3752 1338 καὶ

2195 1377 2333 1446 αὐτῇ
2373 1378 2439 1446 τῇ
2470 1375 2704 1446 ἀληθείᾳ
2730 1376 2980 1447 συνεργῷ
3014 1379 3313 1448 χρώμενοι,
3346 1376 3488 1448 ὑπὲρ
3515 1371 3580 1446 ἧς
3611 1377 3751 1446 μαχό·

2199 1483 2349 1536 μενοι
2401 1465 2864 1536 συμμαχούμεθα,
2897 1467 2992 1520 καὶ
3037 1469 3066 1520 ὁ
3117 1464 3312 1537 παρὼν
3379 1468 3515 1536 ἡμῖν
3563 1468 3752 1518 ἐπισυν-

2197 1559 2396 1628 έστηκε
2439 1558 2698 1628 πόλεμος,
2730 1559 2828 1630 τὴν
2849 1559 3167 1613 Μαδιανῖτιν
3195 1558 3384 1612 ἀθεΐαν
3413 1560 3479 1628 τῇ
3518 1557 3751 1626 Ἰουδαῖκῇ

2196 1650 2450 1722 ἀπιστίᾳ,
2483 1649 2582 1721 τὴν
2636 1651 2989 1721 Μανιχαῖκήν
3039 1667 3184 1722 φημι
3217 1648 3420 1702 λύτταν
3457 1650 3523 1718 τῇ
3565 1648 3750 1717 ’Δρεια-

2195 1745 2320 1815 νικῇ
2355 1743 2525 1814 μανίᾳ
2561 1743 3109 1814 συνεκκεντήσοντες.

581 1840 632 1894 1.
665 1840 720 1895 Si
751 1840 872 1908 quis
901 1839 1081 1908 itaque
1103 1853 1197 1894 eos
1218 1839 1538 1909 interroget,
1557 1835 1777 1892 ubinam
1807 1835 2094 1906 aliquando

2267 1843 2338 1890 α’.
2389 1835 2546 1890 Ἐπεὶ
2575 1830 2670 1890 οῦν
2717 1837 2770 1889 εί
2792 1853 2876 1900 τις
2905 1835 3087 1889 αὐτῶν
3124 1833 3472 1899 διαπύθοιτο,
3522 1833 3622 1887 ποῦ
3645 1851 3753 1889 ποτε

491 1930 857 1985 ιϐΙιτὶειίεηοε
881 1928 1075 1984 idolica
1109 1928 1392 1994 scandala,
1421 1937 1677 1998 tanquam
1733 1926 1867 1982 deos
1898 1927 2091 1995 depre-

509 2023 800 2079 henderint
834 2023 1145 2088 adorantes,
1169 2021 1298 2088 quid
1329 2019 1698 2090 respondeant
1730 2034 1835 2074 non
1867 2020 2089 2085 habent,

511 2115 876 2169 valdeautem
902 2114 1169 2182 vertigine
1197 2113 1472 2175 laborant,
1505 2111 1576 2166 ab
1609 2112 1726 2184 ipsa
1761 2111 1996 2168 veritate
2028 2113 2094 2166 ad

492 2205 708 2260 .iucitas
737 2204 967 2268 redacti,
991 2213 1047 2258 et
1075 2203 1257 2272 lingua
1314 2203 1582 2273 impediti,
1617 2215 1673 2258 et
1707 2205 1888 2258 anima
1945 2213 2096 2258 teuc-

514 2297 622 2348 bris
651 2306 934 2363 occupata.
971 2293 1189 2363 Alioqui
1237 2294 1403 2349 etiam
1454 2295 1811 2366 sentiuntnse
1872 2311 2096 2365 Inaguo-

513 2402 642 2454 pere
664 2386 930 2442 adversus
945 2384 1114 2441 Deum
1142 2401 1390 2456 peccare,
1409 2388 1537 2443 dum
1559 2390 1612 2442 iu
1638 2404 1695 2443 re
1719 2403 1874 2444 sacra
1897 2398 2097 2459 prmter

513 2483 593 2533 t‘as
622 2481 877 2534 labuntur
926 2497 938 2532 :
985 2495 1218 2549 cumque
1257 2481 1324 2535 iis
1355 2481 1414 2534 lit
1459 2479 1821 2550 exploratum,
1866 2489 2096 2550 quanto-

512 2586 641 2638 pere
667 2571 849 2640 iujurii
879 2572 1010 2633 siut,
1052 2581 1182 2626 tunc
1215 2571 1280 2625 ad
1347 2570 1808 2642 incircumscripti
1862 2575 2097 2625 vocaliu-

515 2668 622 2717 lum
661 2663 999 2734 confugiunt.
1035 2663 1513 2733 Speranteslenim
1558 2677 1618 2719 se
1651 2662 1865 2732 injuriae
1905 2677 2097 2718 exces-

513 2771 631 2806 sum
681 2755 875 2821 vitare,
933 2755 1217 2812 honestam
1268 2757 1652 2827 excogitaruut
1711 2757 1937 2813 induere
1987 2755 2092 2810 sibi

411 2907 426 2912 _
495 2861 823 2915 personam,
889 2863 1086 2917 nempe
1145 2848 1602 2917 incircumscripti
1673 2847 2092 2918 appellationem

513 2953 675 3008 quam
705 2938 922 2995 Christo
951 2939 1258 2994 attribuunt
1285 2956 1298 2994 :
1329 2941 1470 2994 hanc
1488 2940 1588 2995 sibi
1626 2941 1793 2996 veluti
1817 2941 2091 2995 cautelam

489 3031 1010 3098 'circumponentes,
1035 3040 1123 3096 ut,
1154 3033 1278 3085 dum
1311 3032 1586 3087 aiuntnon
1615 3041 1873 3102 Oportere
1913 3033 2094 3086 facere

2188 1929 2307 2000 ’ἀρα
2373 1929 2739 2000 Χριστιανοὺς
2799 1929 3098 1994 εἰδωλικοῖς
3163 1927 3635 1999 προσοχθίσμασιν
3694 1935 3757 1990 ὡς

2206 2021 2350 2085 θεοῖς
2403 2022 2699 2094 ἐφώρασαν
2751 2020 3162 2091 ὐποκύψαντας,
3209 2020 3310 2073 οὐκ
3339 2019 3528 2090 ἔχουσι
3559 2020 3586 2072 ὃ
3607 2037 3653 2073 τι
3679 2019 3758 2072 καὶ

2196 2115 2666 2184 ἀντιφθέγξαιντο,
2698 2113 2971 2184 ἰλιγγιῶσι
3009 2114 3068 2188 δὲ
3095 2112 3334 2184 μάλιστα
3355 2113 3452 2165 ὑπ’
3487 2112 3652 2181 αὐτῆς
3675 2116 3757 2186 τῆς

2199 2208 2460 2280 ἀληθείας
2497 2207 2946 2280 στρεϐλούμενοι,
2995 2207 3090 2260 καὶ
3134 2205 3231 2277 τὴν
3255 2204 3516 2275 γλῶσσαν
3550 2201 3756 2273 ’δεσμοῦ⁴

2200 2318 2372 2372 μενοι,
2427 2303 2521 2354 καὶ
2567 2303 2668 2371 τὴν
2706 2300 2889 2374 ψυχὴν
2941 2299 3169 2364 σκότους
3223 2296 3616 2370 πληρούμενοι.
3668 2297 3760 2350 Καὶ

2197 2393 2378 2456 ἄλλως
2431 2392 2853 2463 συναισθόμενοι
2900 2391 2978 2455 ὡς
3038 2391 3160 2443 λίαν
3221 2387 3488 2442 ἀσεϐοῦσι
3537 2387 3602 2441 τά
3644 2385 3760 2456 πρὸς

2183 2485 2329 2538 -Θεὸν
2358 2488 2471 2548 τοῖς
2506 2486 2672 2556 ίεροίς
2711 2483 2970 2554 ἀθέσμως
3003 2473 3465 2554 προσπταίοντες,
3505 2479 3760 2548 ὲγνωσμέο

2197 2597 2287 2634 νον
2315 2581 2504 2643 αὐτοῖς
2537 2580 2662 2634 ὅποι
2692 2581 2760 2632 τά
2802 2577 2908 2649 τῆς
2969 2577 3183 2649 ὕϐρεως
3221 2576 3582 2646 ἀναφέρεται,
3629 2591 3757 2644 τηνι-

2198 2671 2378 2726 καῦτα
2428 2671 2702 2742 χωροῦσιν
2765 2671 2859 2724 ἐπὶ
2911 2669 2973 2722 τὸ
3019 2668 3465 2740 ἀπερίγραπτον.
3537 2666 3761 2737 Οξὸρενίι

2197 2761 2306 2833 γὰρ
2337 2762 2621 2832 διαδρᾶναι
2671 2760 2732 2813 τὸ
2782 2760 2881 2829 τῆς
2934 2758 3146 2832 ὕϐρεως
3189 2759 3524 2827 ὑπέρογκον,
3579 2755 3761 2826 κομᾲδν

2196 2852 2496 2926 ἐπενόησαν
2532 2853 2670 2923 ὅπερ
2712 2850 2988 2904 ὑπέδυσαν
3037 2852 3402 2920 προσωπεῖον,
3471 2849 3559 2902 τοῦ
3588 2852 3761 2918 ἀπερι-

2196 2943 2444 3014 γράπτου
2493 2943 2552 2995 τὸ
2591 2942 2915 3011 πρόσρημα,
2953 2940 2982 2993 δ
3023 2939 3088 3006 δὴ
3140 2939 3220 3010 τῷ
3275 2941 3505 3011 Χριστῷ
3556 2939 3763 3006 ἐπιγρά-

2198 3053 2386 3106 φουσι·
2440 3035 2614 3104 ταύτῃ
2656 3033 2818 3103 δῆθεν
2869 3031 3380 3095 κατασκευάζοντες
3409 3032 3477 3085 τὸ
3521 3032 3766 3102 ἀπρόσκο-

514 3123 797 3193 imagines,
836 3120 1125 3176 videantur
1154 3130 1332 3176 tamen
1393 3124 1634 3179 vesauizn
1693 3124 1953 3180 adversus
2003 3137 2090 3178 res

2200 3145 2320 3190 πον,
2357 3128 2433 3191 ὡς
2464 3127 2529 3181 ἂν
2552 3126 2632 3197 τῷ
2662 3125 2736 3198 μὴ
2767 3127 2880 3180 δεῖν
2915 3125 3298 3190 είκονίζεσθαι,
3333 3126 3402 3178 τά
3433 3126 3529 3178 ἐπὶ
3556 3127 3619 3194 τῇ
3647 3140 3766 3193 παρ-

509 3225 729 3269 sanctas
763 3214 965 3268 crimen
1000 3213 1195 3268 vitare.
1230 3214 1394 3282 Atqui
1423 3215 1474 3267 in
1507 3215 1612 3294 hoc
1642 3214 1815 3284 major
1851 3215 2092 3284 ipsorum

509 3305 783 3370 protervia
839 3305 1200 3372 comperilur.
1237 3303 1508 3359 Malitiose
1566 3306 1766 3373 quippe
1824 3315 2096 3358 conantur

515 3402 680 3450 Ireum
713 3395 882 3449 latere
907 3396 959 3448 in
1006 3396 1090 3450 his
1113 3409 1236 3464 quae
1253 3397 1514 3450 adversus
1568 3411 1690 3451 eum
1733 3407 1958 3466 peccant
1991 3397 2097 3468 16

512 3487 714 3541 stolidi.
748 3484 918 3541 Porro
949 3503 1072 3541 cum
1113 3487 1212 3556 ipsi
1243 3488 1468 3544 sibimet
1498 3487 1679 3543 fucum
1726 3489 1953 3555 iaciant,
1991 3490 2094 3544 hoc

511 3588 730 3637 «ιριιιιιιιι
763 3583 1137 3655 insipientium
1195 3595 1355 3657 atque
1392 3586 1442 3641 in
1506 3601 1697 3642 errore
1758 3587 2092 3642 vcrsantium

511 3674 774 3730 indicium
794 3686 899 3731 est.

582 3855 636 3908 2.
674 3853 885 3911 Rursus
919 3857 1102 3927 itaque
1126 3857 1178 3911 in
1211 3858 1311 3913 hac
1343 3873 1558 3928 quoque
1584 3859 1879 3929 impietatis
1942 3867 2099 3928 parte

512 3949 868 4003 consentanei
901 3949 1002 4005 sibi
1038 3959 1184 4005 sunt.
1211 3950 1398 4021 Neque
1429 3952 1572 4006 enim
1622 3952 1911 4007 veritatem
1946 3952 2096 4007 iuve-

515 4045 632 4094 uire
660 4041 902 4107 student,
939 4042 1035 4097 sed
1087 4042 1353 4097 Mamonaa
1405 4057 1794 4112 errorem,ceu
1851 4044 2093 4112 regulam

513 4143 570 4186 vt
603 4141 854 4188 exact-am
903 4133 1220 4205 dogmatum
1247 4134 1510 4190 rationem
1547 4135 1599 4189 hi
1653 4135 1839 4190 miseri
1878 4135 2096 4205 adopta-

514 4233 662 4276 runt.
716 4221 924 4293 Quippe
973 4224 1046 4277 ita
1105 4224 1175 4278 ab
1206 4239 1361 4293 atquo
1390 4223 1682 4279 ratiocinio
1728 4233 2093 4288 recesserunt,

509 4325 561 4367 et
601 4313 920 4383 turpitudini
971 4314 1291 4387 sulfragium
1346 4330 1504 4371 suum
1538 4315 1924 4383 contulerunt;
1957 4317 2098 4372 unde

513 4406 648 4472 ipsis
691 4423 824 4462 vana
869 4408 984 4464 hazc
1018 4409 1265 4464 doctrina
1330 4409 1654 4477 insipienter
1710 4409 1939 4465 conllata
1991 4417 2093 4464 est.

2197 3219 2338 3290 οινίᾳ
2387 3219 2497 3272 τῶν
2541 3218 2715 3286 ἀγίων
2751 3217 2928 3272 ἄτοπα
2993 3216 3420 3285 διαπεφευγέναι
3453 3216 3678 3282 δόξαιεν.
3711 3213 3766 3266 Ὃ

2202 3312 2392 3382 μεῖζον
2435 3313 2621 3374 αὐτοῖς
2670 3313 2752 3374 είς
2801 3309 3036 3364 ἀτοπίαν
3092 3309 3410 3380 ἐξεύρηται.
3461 3308 3766 3378 Σοφίζονται

2197 3405 2306 3473 γὰρ
2345 3403 2634 3457 λανθάνειν
2667 3403 2823 3467 Θεὸν,
2868 3403 2953 3470 ἐφ’
2988 3395 3069 3464 οἷς
3097 3403 3177 3465 είς
3207 3401 3372 3454 αὐτὸν
3403 3401 3693 3454 ἀσεϐοῦσιν
3725 3398 3767 3450 oi

2197 3495 2487 3548 ἀσύνετοι·
2551 3492 2812 3563 λελήθασι
2874 3491 2932 3544 δὲ
2991 3489 3070 3561 τῷ
3125 3490 3242 3543 δντι
3296 3493 3442 3560 σφᾶς
3483 3490 3681 3551 αὐτοὺς
3727 3487 3767 3539 oi

2199 3587 2568 3656 πλανώμενοι,
2629 3586 2705 3649 ὼς
2754 3585 2816 3638 τό
2872 3601 2933 3652 γε
3001 3584 3232 3645 ἑαυτοὺς
3287 3582 3767 3654 παραλογίζεσθαι,

2197 3679 2303 3733 τῶν
2346 3679 2590 3750 ἀνοήτων
2632 3677 2776 3732 πάνυ
2815 3677 2910 3730 καὶ
2958 3673 3248 3745 σφαλερῶν
3297 3674 3542 3746 ὑπάρχει
3578 3672 3768 3742 τεκμή-

2198 3789 2334 3845 ριον.

2271 3863 2338 3934 β’.
2388 3862 2562 3916 Πάλιν
2607 3857 2702 3916 οὖν
2734 3863 2838 3916 κάν
2871 3860 3046 3932 τούτῳ
3080 3859 3157 3931 τῷ
3195 3861 3354 3933 μέρει
3399 3860 3504 3931 τῆς
3535 3857 3770 3917 ἀσεϐείας

2199 3952 2416 4015 ἑαυτοῖς
2445 3951 2868 4015 ἀκολουθοῦντες
2899 3967 2913 3983 ο
2945 3951 3006 4004 οὐ
3043 3950 3152 4022 γάρ
3179 3951 3244 4022 δὴ
3268 3951 3366 4022 τὴν
3397 3953 3498 4022 τῆς
3530 3946 3769 4018 ἀληθείας

2197 4040 2584 4095 διασκοποῦσιν
2636 4040 2879 4112 εὕρεσιν,
2948 4041 3045 4112 τὴν
3083 4042 3197 4101 ,τοῦ
3255 4038 3519 4110 May.va
3560 4037 3769 4106 πλάνην.

2199 4135 2400 4189 κανόνα
2434 4136 2527 4188 καὶ
2559 4134 2848 4206 δογμάτων
2887 4133 3176 4206 ἀκρίϐειαν
3229 4135 3279 4187 οἱ
3334 4133 3563 4186 δείλαιοι
3620 4127 3772 4193 ἐξεδέ-

2201 4227 2381 4292 ξαντο.
2413 4226 2569 4280 Οὕτω
2599 4229 2710 4299 γὰρ
2739 4225 2833 4281 τοῦ
2864 4226 3081 4290 δέοντος
3115 4225 3613 4297 παρεκομίσθησαν
3643 4221 3772 4285 3.07:-

2203 4319 2366 4387 σμοῦ,
2407 4321 2648 4383 καὶτοῖς
2683 4319 2922 4389 αίσχίοσι
2977 4319 3079 4388 τὴν
3123 4317 3308 4388 ψῆφον
3356 4317 3626 4386 ἤνεγκαν,
3666 4309 3770 4362 ὅθεν

2201 4413 2385 4474 αὐτοῖς
2417 4411 2478 4464 τὸ
2502 4412 2611 4465 πᾶν
2634 4411 2733 4481 τῆς
2761 4409 2976 4473 είκαίας
2997 4409 3200 4480 ταύτης
3245 4406 3604 4464 διδασκαλίας
3629 4402 3772 4468 ἀνοή-

513 4499 653 4553 Vere
691 4499 757 4555 de
781 4500 853 4554 ita
882 4500 1248 4556 sentientibus
1295 4516 1439 4556 nunc
1471 4515 1688 4571 quoque
1733 4501 1966 4568 dicetur,
2027 4517 2092 4557 ex

2200 4519 2308 4565 τως
2340 4501 2694 4570 συνέστηκεν.
2744 4501 2955 4563 Ὄντως
2988 4499 3188 4569 ἀληθὲς
3228 4498 3358 4569 περὶ
3389 4496 3501 4549 τῶν
3530 4489 3630 4548 ὧδε
3654 4507 3768 4560 φρο-

507 4593 619 4645 vite
681 4592 1062 4658 Sodomorum,
1120 4609 1240 4648 esse
1311 4595 1474 4650 vitem
1538 4609 1768 4661 eorum;
1812 4595 2092 4666 palmitem

509 4697 696 4734 eorum
729 4698 795 4738 ex
822 4683 1151 4751 Gomorrha,
1189 4693 1245 4740 et
1303 4702 1461 4741 uvam
1491 4703 1684 4742 eorum
1731 4703 1886 4742 uvam
1911 4689 2090 4750 -l'el|is.

514 4787 784 4827 racemum
817 4789 1008 4829 eorum
1032 4776 1500 4832 amaritudinem”.
1519 4775 1768 4848 Namque
1798 4777 2094 4849 impietatis

517 4864 664 4918 illinc
694 4879 964 4920 meracam
993 4867 1161 4922 veluti
1198 4867 1513 4925 haurientes
1555 4870 2001 4936 amaritudinem,
2039 4881 2094 4927 et

513 4957 812 5012 «laboratis
868 4973 896 5012 a
931 4956 1176 5013 Mamoua
1217 4958 1365 5014 falsis
1395 4959 1592 5014 l'ahulis
1631 4961 1898 5015 ebriatam
1941 4978 2096 5018 men-

516 5061 620 5104 tem
641 5058 914 5115 gerentes,
933 5050 998 5102 ad
1018 5050 1357 5120 prodigiosas
1377 5061 1431 5105 et
1455 5051 1857 5107 irrationabiles
1872 5069 2094 5123 prorsus

509 5139 861 5206 garrulitates
924 5140 1162 5211 linguam
1247 5142 1646 5197 absurdissima
1729 5154 2093 5198 commoverit.

511 5231 679 5286 Multo
703 5233 887 5303 itaque
917 5247 974 5287 se
1001 5233 1189 5288 labore
1229 5241 1552 5297 atterentes.
1593 5234 1900 5303 inultosque
1929 5233 2097 5290 libros

513 5331 926 5392 corrumpentes
973 5329 1137 5391 atque
1177 5321 1568 5390 adulterantes,
1596 5324 1969 5394 plurimasque
2009 5325 2092 5377 in-

513 5413 779 5482 clytorum
813 5411 1034 5467 Patrum
1087 5415 1411 5480 sententias,
1440 5429 1649 5469 necnon
1679 5426 1731 5469 ct
1763 5416 1991 5470 aliorum
2024 5416 2093 5468 ab

515 5503 772 5558 Ecclesia:
803 5517 950 5560 cmtu
980 5508 1331 5576 expulsorum
1368 5517 1704 5571 scrutantes,
1729 5510 1935 5578 hasque
1972 5528 2097 5580 per-

516 5596 736 5650 turbare
753 5606 809 5651 et
823 5595 1011 5650 fucare
1030 5607 1311 5664 certantes,
1333 5599 1501 5653 nihilo
1532 5599 1704 5669 magis
1725 5601 2092 5670 profecerunt.

585 5778 606 5813 ⁸
642 5774 788 5834 Psal.
821 5766 988 5844 LXXIl,
1027 5780 1079 5835 8.
1158 5782 1176 5811 ε
1218 5779 1372 5837 Deut.
1409 5797 1582 5848 usu,
1613 5781 1700 5840 52.

2199 4594 2457 4656 νούντων,
2491 4592 2657 4662 φάναι
2685 4592 2782 4647 καὶ⁷
2804 4590 2920 4656 νῦν,
2952 4590 3028 4655 ὡς
3056 4591 3141 4663 εἴη
3172 4589 3233 4655 ἐξ
3255 4588 3510 4660 ἀμπέλου
3539 4573 3786 4652 Σοδόμωνῖ

2201 4685 2510 4757 ὴάμπελος
2551 4684 2761 4752 αὐτῶν,
2792 4687 2825 4756 ἡ
2866 4684 3140 4754 κληματίς
3164 4683 3344 4735 αὐτῶν
3370 4682 3434 4734 ὲκ
3476 4670 3803 4748 Γομόρρας,ἰ

2200 4779 2233 4848 ἡ
2271 4775 2515 4846 σταφυλὴ
2564 4775 2745 4830 αὐτῶν
2800 4774 3048 4844 σταφυλὴ
3095 4773 3282 4845 χολῆς,
3328 4772 3531 4843 βότρυς
3569 4767 3775 4838 πικρίας
3811 4780 3817 4790 ”

2203 4869 2407 4924 αὐτῶν.
2441 4869 2546 4922 Τὸν
2575 4870 2685 4940 γὰρ
2715 4869 2817 4938 τῆς
2841 4867 3102 4930 ἀσεϐείας
3130 4865 3343 4919 ἐκεῖθεν
3375 4865 3575 4935 πικρδν
3602 4862 3776 4928 ὥσπερ

2203 4963 2532 5038 ὲκχεὰμενοι
2564 4963 2827 5034 ἄκρατον,
2855 4963 2950 5015 καὶ
2978 4963 3093 5024 τοῖς
3136 4959 3612 5030 ἐκπεπονημένοις
3644 4953 3776 5023 αὐτῷ

2202 5053 2699 5126 ψευδομυθήμασιν
2744 5053 3224 5125 ὲκμεμεθυσμένοι
3289 5054 3382 5105 τὸν
3442 5051 3598 5112 νοῦν,
3654 5047 3776 5117 πρὸς

2203 5145 2529 5209 ἀλλοκότους
2577 5147 2672 5200 καὶ
2714 5146 3034 5211 ἀλογίστους
3065 5143 3341 5215 φλυαρίας
3379 5143 3481 5215 τὴν
3539 5141 3779 5210 γλῶσσαν

2202 5239 2530 5293 ἀτοπώτατα
2562 5239 2999 5310 παραφέρονται.
3041 5237 3221 5291 Πολλά
3248 5237 3313 5308 δὴ
3355 5235 3450 5291 οὕν
3499 5235 3777 5305 καμόντες,

2204 5332 2298 5385 καὶ
2324 5331 2526 5396 πολλὰς
2567 5332 2786 5403 βίϐλους
2835 5329 3251 5402 διαφθείραντες
3289 5330 3383 5383 καὶ
3411 5327 3777 5383 νοθεύσαντεξ,

2207 5422 2468 5486 πλείστας
2502 5440 2560 5476 τε
2589 5421 2747 5487 δόξας
2773 5421 2883 5474 τῶν
2908 5439 2968 5474 τε
3003 5420 3264 5490 ἀοιδίμων
3311 5417 3578 5489 Πατέρων
3611 5414 3777 5484 ἡμῶν,

2208 5515 2342 5584 πρὲις
2366 5515 2422 5567 δὲ
2457 5515 2684 5569 καὶτῶν
2713 5515 2872 5579 ἐκτὸς
2899 5515 2992 5567 καὶ
3025 5513 3122 5566 τοῦ
3158 5512 3258 5582 τῆς
3297 5510 3628 5581 Ἐκκλησίας
3687 5509 3781 5560 ἀπ·

2207 5606 2560 5679 εληλαμένων
2595 5609 2759 5680 χοροῦ
2798 5608 3284 5682 ὲξερευνήσαντες,
3312 5601 3405 5658 καὶ
3438 5619 3506 5655 τα
3521 5601 3649 5665 ὑτας
3692 5613 3780 5650 παι
