3978 6422
1510 336 1667 355 ,δῴη-ς

202 466 297 531 209

873 460 1504 547 ANTIRRHETICUS
1544 463 1581 523 I'
1636 464 1809 527 ADV.
1849 463 2452 527 CONSTANTINUM
2494 464 2711 527 COPR.

3347 458 3468 526 210.

204 572 421 648 ρακινεῖν
486 569 582 623 καὶ
643 568 835 625 δολοῦν
895 570 1255 640 πειραθέντες
1280 588 1296 603 ο
1340 573 1548 645 ἠνυσαν
1592 572 1755 628 πλέον

1897 573 2170 632 [amonem
2230 574 2613 646 vero-paribus
2657 588 2727 629 ac
2765 572 2994 628 ethnici-
3017 571 3315 630 honoribus
3342 590 3459 631 ma-

205 666 292 736 μὲν
309 660 453 716 οὐδέν
478 677 530 715 τι
561 675 575 690 ⁸
616 660 830 716 ἐκεῖνον
859 660 918 716 δὲ
946 664 1067 727 ταῖς
1108 662 1337 727 ἰσοθέοις
1390 662 1517 718 καθ’
1561 663 1764 737 ’Έλλη-

200 773 296 821 ναςυ
321 754 635 826 γεραίρουσι
657 755 874 826 τιμαῖς,
906 756 986 826 τῇ·
1008 771 1070 809 τε
1102 753 1230 828 δόξῃ
1256 758 1324 828 τῇ
1365 756 1541 811 αὐτοῦ
1566 759 1662 812 καὶ
1686 757 1766 829 τῷ

203 851 482 923 φρονήματι
527 847 967 920 προστρέχοντες
1002 848 1410 919 ἀφρονέστατα,
1444 850 1520 915 ὡς
1562 853 1766 905 οἰκεῖον

206 937 643 1013 περιπτύσσονται
703 938 805 991 καὶ
856 936 1223 1004 ἀσπάζονται.
1265 940 1378 996 Καὶ
1416 938 1627 994 τούτων
1662 940 1768 1012 μά-

206 1034 339 1087 λιστα
374 1030 421 1084 ol
449 1031 696 1103 ἀνοήτως
723 1033 825 1100 τῆς
856 1030 1072 1085 ἐκείνου
1111 1032 1457 1097 ἀποστασίας
1492 1050 1769 1106 προεστηέ

206 1124 357 1189 κότες,
386 1124 447 1174 ἐκ
474 1120 575 1192 τῆς
594 1120 859 1193 τοιαύτης
891 1121 1156 1196 αἰσχύνης
1176 1123 1246 1177 rb
1265 1125 1581 1195 περιφανὲς,
1605 1143 1769 1181 κατα-

206 1216 412 1272 κτᾶσθαι
450 1214 711 1286 οίόμενοι,
758 1214 856 1269 καὶ
903 1214 1115 1280 τούτοις
1160 1216 1393 1288 ἐρεύνης
1439 1217 1537 1272 καὶ
1584 1218 1770 1285 ἐξετά-

211 1326 326 1372 σεως
358 1308 481 1363 ἄνευ
526 1304 910 1362 συντίθενται·
950 1308 1142 1378 ἐπειδὴ
1181 1311 1476 1381 πρόχειρον
1505 1312 1539 1381 ἡ
1573 1311 1767 1377 κακία,

210 1402 288 1455 καὶ
312 1398 471 1462 πολὺς
522 1399 617 1452 ἐπὶ
666 1398 729 1452 τὸ
755 1401 940 1470 χεῖρον
979 1400 1007 1452 ὁ
1045 1399 1270 1471 δρόμος,
1318 1400 1412 1453 καὶ
1441 1399 1506 1453 τὸ
1530 1400 1670 1471 πρὸς
1701 1401 1772 1456 τά

210 1493 517 1565 περικόσμια
570 1491 684 1546 τῶν
715 1493 1067 1565 φιλοσάρκων
1130 1492 1456 1566 ἐπιρῤεπές.
1518 1492 1644 1564 Ὑφ’
1692 1487 1771 1550 ὧν

209 1580 573 1656 ἐναυξηθέντος
614 1586 803 1650 αὐτοῖς
846 1580 949 1640 τοῦ
1003 1584 1202 1652 κακοῦ,
1260 1587 1331 1641 τὰ
1396 1587 1498 1657 τῆς
1561 1588 1773 1653 οίκείας

211 1679 486 1752 ἀσφαλείας
510 1677 871 1751 προῦδωκαν,
913 1677 1105 1752 ὥσπερ
1139 1678 1391 1752 λοιμικοῦ
1424 1697 1572 1745 τινος
1606 1682 1773 1752 ἐφερ-

212 1775 453 1838 πύσαντος
486 1775 583 1827 καὶ
606 1773 956 1845 ψυχοφθόρου
992 1772 1223 1837 πάθους.
1271 1772 1556 1828 Ἐντεῦθεν
1582 1776 1651 1847 τῇ
1678 1774 1774 1829 τοῦ

213 1868 603 1939 ἁπεριγράπτου
660 1866 1018 1922 συνίστανται
1079 1869 1254 1937 φωνῇ,
1302 1866 1374 1920 δι’
1410 1862 1478 1939 ἧς
1535 1868 1637 1938 τὴν
1676 1865 1771 1921 τοῦ

220 1960 436 2031 Σωτῆρος
490 1959 651 2030 ἡμῶν
710 1958 863 2013 θείαν
908 1960 1229 2030 οἰκονομίαν
1282 1959 1611 2031 πανούργως
1674 1959 1771 2013 καὶ

224 2052 470 2124 κακοήθως
503 2054 570 2105 ἐκ
592 2050 815 2122 βάθρων
842 2052 1026 2108 αὐτῶν
1048 2053 1382 2123 ἀνατρέπειν
1405 2051 1773 2124 ἐπιχειροῦσι,

226 2144 513 2217 καὶταύτην
538 2144 684 2200 κατά
702 2146 811 2200 τῶν
840 2144 1215 2198 εὐσεϐούντων
1265 2144 1783 2217 προχειριζόμενοι,

228 2238 489 2308 ηὶῶσπερ
519 2235 1037 2306 δυσκαταγώνιστον
1094 2236 1453 2308 ἐπιτείχισμα
1516 2235 1778 2303 κατεξαν-

228 2331 436 2395 ιστάντες
507 2330 717 2397 αὐτοῖς,
785 2329 1041 2399 αἱρήσειν
1103 2328 1343 2382 οἴονται·
1411 2328 1486 2392 ὡς
1554 2322 1647 2382 εί’
1696 2329 1775 2402 μὴ

217 2421 453 2491 δέξαιντο,
535 2422 849 2494 διαιρήσειν
929 2422 1029 2493 τὴν
1108 2421 1251 2475 κατά
1327 2420 1566 2492 Χριστὸν
1642 2422 1773 2492 μίαν

214 2515 476 2568 ὑπόστασιν
572 2513 1050 2585 ἐκϐιασθὴσοιντο.
1143 2512 1287 2566 Ἀλλ’
1375 2513 1568 2584 ἐπειδὴ
1655 2531 1774 2567 ποι-

210 2608 342 2662 κίλον
388 2610 474 2662 καὶ
535 2608 856 2679 πολυσχιδὲς
910 2606 971 2660 τὸ
1020 2607 1116 2660 τοῦ
1185 2605 1415 2676 ψεύδους
1468 2606 1774 2676 τέχνασμα,

208 2700 619 2755 ὑποπλαττονται
682 2701 781 2770 μὲν
816 2696 1044 2769 ’ταύτην
1109 2697 1397 2769 δέχεσθαι,
1475 2698 1637 2770 μέχρι
1687 2697 1778 2767 ψι-

209 2791 299 2845 λῶν
340 2792 606 2863 ρημάτων
656 2794 835 2863 μόνων
883 2789 1290 2863 περιιστάντες,
1336 2788 1399 2842 τὸ
1468 2789 1779 2861 ἐτερόδοξον

211 2888 595 2960 αἰσχυνόμενοι,
650 2887 800 2959 ἔργῳ
853 2887 911 2940 δέ
953 2888 1038 2940 ὅτι
1074 2886 1153 2959 μὴ
1191 2884 1585 2940 ἀπαναίνονται
1630 2886 1815 2955 μόνον,

1871 676 2061 738 οιιιιιι,
2086 668 2141 723 in
2170 670 2398 739 ejusque
2454 677 2663 722 sectam
2689 676 2853 737 atque
2879 666 3204 723 sententiam
3228 667 3461 739 pedibus

1868 768 2061 815 euntes
2100 757 2634 828 imprudentissime,
2675 767 2939 828 tanquam
2997 758 3273 828 propriam
3316 760 3460 816 asci-

1866 861 2027 909 scunt
2043 866 2111 908 ac
2140 850 2392 923 diligunt.
2417 851 2601 923 Atque
2634 850 2804 921 inbis
2834 849 3130 921 praecipue,
3148 851 3239 921 qui
3264 849 3461 908 stolide

1868 944 1925 999 in
1946 942 2095 1000 illius
2124 944 2399 1016 apostasia
2431 943 2965 1015 antesignauirsunt,
2993 956 3077 1003 ex.
3097 943 3200 998 hac
3233 943 3473 1013 ignomi-t

1871 1036 1961 1092 nia
1985 1035 2196 1093 claram
2216 1034 2419 1091 famam
2447 1036 2672 1106 adipisci
2696 1042 2825 1106 puta
2841 1043 2990 1101 ntes,
3019 1035 3170 1090 hisce
3196 1034 3465 1106 dogmati-

1871 1131 1975 1184 bus
2017 1127 2359 1199 inexplorate
2390 1143 2453 1184 ac
2496 1128 2613 1184 sine
2640 1127 2750 1184 ullo
2775 1127 3026 1183 examine
3059 1125 3453 1198 sull‘ragantur.

1871 1218 2085 1277 Etenim
2108 1235 2350 1291 praeceps
2375 1231 2460 1277 est
2480 1221 2712 1287 malitia,
2742 1221 3145 1291 vehemensque
3180 1221 3247 1276 ad
3275 1221 3473 1289 pejora.

1872 1327 2086 1380 cursus,
2112 1324 2168 1369 et
2203 1314 2486 1370 hominum
2522 1314 3058 1385 voluptariorumad
3114 1330 3215 1370 res.
3236 1316 3468 1370 munda.-

1874 1419 1977 1460 nas
2003 1405 2174 1460 multa
2201 1404 2539 1475 proclivitas.
2575 1404 2654 1461 Ex
2699 1405 3091 1476 quibus'aucto
3114 1406 3248 1476 ipsis
3290 1406 3458 1472 malo,

1873 1497 2148 1569 propriam
2181 1497 2414 1555 salutem
2438 1497 2815 1568 prodiderunt,
2842 1507 2996 1568 peste
3028 1496 3194 1553 veluti
3223 1498 3458 1566 quadam

1875 1598 1931 1645 et
1945 1587 2181 1644 exitioso
2209 1587 2377 1643 animi
2407 1588 2599 1643 morbo
2627 1587 2764 1659 ipsis
2788 1588 3107 1659 obrepente.
3129 1586 3272 1644 Hinc
3300 1588 3467 1643 incir-

1876 1681 2197 1754 cumscripti
2233 1669 2979 1752 vocabulo-patrocinantur,
3005 1695 3112 1752 quo
3152 1679 3469 1737 Servatoris

1876 1784 2048 1838 nostri
2079 1780 2319 1837 divinam
2352 1779 2787 1835 incarnationem
2846 1775 3040 1832 callide
3087 1776 3472 1846 malitioseque

1877 1883 2123 1930 evertere
2138 1872 2385 1929 funditus
2413 1870 2730 1927 moliuntur.
2756 1869 2920 1940 quue
2937 1867 3258 1923 vocabulum
3280 1867 3471 1922 ortho-

1875 1967 2034 2023 doxis
2063 1973 2426 2036 opponentes,
2452 1973 2510 2019 et
2557 1970 2817 2035 tanquam
2872 1960 3293 2033 inexpugnabile
3347 1975 3472 2013 mu-

1877 2060 2062 2117 nimen
2110 2068 2316 2114 contra.
2354 2071 2454 2112 eos
2518 2064 2817 2121 struentes,
2874 2055 3190 2125 superiores
3236 2068 3295 2109 se
3351 2052 3471 2108 fore

1877 2159 2133 2221 sperant;
2182 2147 2363 2218 quasi,
2400 2146 2505 2202 nisi
2558 2146 2732 2201 nostri
2776 2145 2831 2199 id
2890 2144 3207 2207 admittant,
3248 2142 3477 2196 unicam

1878 2240 2087 2299 Christi
2119 2252 2409 2309 personam
2430 2236 2720 2306 adigantur
2743 2232 3012 2288 dividere.
3040 2227 3163 2291 Sed
3214 2227 3472 2299 quoniam

1881 2331 2175 2403 versipelle
2205 2330 2526 2399 variumque
2544 2326 2814 2382 mendacii
2834 2322 3128 2380 artiﬁcium
3157 2330 3266 2387 est,
3299 2321 3473 2375 simu-

1882 2425 1996 2480 lant
2026 2440 2087 2481 se
2144 2421 2581 2479 incarnationem
2636 2419 2901 2490 recipere,
2961 2416 3291 2471 verboteuus
3350 2411 3478 2466 sub.

1885 2521 2171 2582 sistentes,
2226 2515 2354 2584 quia
2416 2512 2780 2568 heterodoxos
2842 2508 3013 2565 videri
3071 2515 3366 2572 verentur;
3421 2518 3480 2558 re

1889 2617 2071 2663 tamen
2098 2619 2230 2660 vera
2263 2618 2370 2660 non
2405 2603 2693 2672 repudiant
2722 2610 2958 2665 tantum,
2982 2596 3078 2654 sed
3133 2604 3188 2650 et
3234 2595 3354 2651 illos
3385 2597 3479 2664 qui

1886 2699 2207 2764 admittunt,
2247 2680 2489 2751 hostium
2520 2695 2643 2751 loco
2667 2695 2959 2758 habentes,
2980 2690 3178 2746 acerbe
3204 2686 3475 2759 repellunt

1889 2792 2144 2860 nullaque
2176 2791 2335 2846 venia
2357 2789 2675 2861 dignantur.
2797 2850 2810 2860 ἢ
2990 2841 3026 2872 .

1892 2888 1995 2960 ἤδη
2069 2888 2128 2942 δὲ
2194 2887 2293 2942 καὶ
2365 2886 2493 2953 τοὺς
2576 2882 2977 2954 προσιεμένους
3050 2880 3127 2944 ὡς
3187 2878 3480 2947 δυσμενεῖς

209 2979 436 3051 ὁρῶντες,
476 2979 700 3049 πικρῶς
741 2978 1108 3032 ἀπελαύνουσι
1148 2978 1288 3049 μηδέ
1332 2980 1465 3049 μιᾶς
1488 2977 1768 3045 ἀξιοῦντες
1809 2979 2051 3048 φειδοῦς.

267 3077 329 3139 γ’.
354 3070 417 3124 Τί
454 3070 527 3141 δὴ
559 3066 652 3125 οὖν
677 3071 868 3125 λοιπὸν
910 3070 972 3123 τὸ
1008 3069 1259 3124 ἐντεῦθεν
1301 3072 1528 3123 σκοπεῖν
1565 3068 1785 3134 ἕξεστι;

210 3162 263 3218 Τί
282 3162 335 3217 δὲ
367 3162 496 3217 ἄλλο
527 3162 565 3235 ἢ
603 3161 763 3217 τοῦτό
805 3179 870 3231 γε
918 3161 1119 3234 ἀληθὲς
1158 3162 1362 3215 ἐννοεῖν
1395 3162 1489 3215 καὶ
1526 3159 1780 3233 φράζειν,

1962 3074 2016 3128 5.
2067 3072 2207 3147 Quid
2250 3087 2383 3142 ergo
2450 3072 2542 3127 hic
2590 3065 3135 3124 animadvertendum
3200 3060 3481 3133 superest!

1893 3165 2057 3234 Quid,
2094 3167 2340 3235 inquam,
2385 3164 2530 3219 aliud
2578 3162 2683 3219 nisi
2721 3163 2824 3217 hoc
2871 3175 3000 3215 vere
3052 3167 3109 3213 et
3158 3156 3402 3225 cegitare
3426 3163 3485 3208 et

207 3256 279 3309 ὅτι
303 3255 364 3327 δὴ
384 3256 558 3312 πάλιν
585 3257 620 3328 ἠ
656 3255 752 3310 τοῦ
777 3256 1063 3319 Μάνεντος
1093 3253 1377 3326 Χάρυϐδις
1412 3252 1590 3306 πλατὺ
1618 3252 1786 3323 χάνα-

1897 3257 2095 3324 dicere,
2129 3256 2272 3324 quod
2315 3255 2497 3310 denuo
2540 3253 2770 3307 Manetis
2813 3249 3119 3320 Charybdis
3158 3246 3266 3301 late
3323 3245 3483 3299 hians

210 3362 271 3401 σα
291 3350 396 3412 τοῖς
421 3349 479 3401 ἐν
508 3349 583 3419 τῇ
602 3346 875 3417 ἁπλότητι
889 3344 983 3399 τοῦ
1002 3344 1123 3416 βίου
1156 3345 1246 3398 τὸν
1277 3343 1448 3400 πλοῦν
1477 3343 1790 3411 ἐξανύουσι,

211 3439 412 3502 στόλους
447 3438 615 3503 ὅλους
654 3437 843 3509 ψυχῶν
898 3437 1319 3510 άναρπὰζουσα,
1371 3436 1471 3490 καὶ
1534 3435 1794 3508 βρυχίους

208 3530 276 3602 τῷ
299 3531 442 3603 βυθῷ
478 3532 590 3603 τῆς
630 3530 911 3595 ἀπωλείας
934 3530 1247 3601 ὑπάγουσα,
1277 3530 1652 3600 παραδίδωσι;

266 3628 326 3683 δ’.
354 3628 533 3707 Πάλιν
567 3627 667 3699 τῆς
702 3627 1053 3699 Ἀρειανικῆς
1087 3626 1287 3697 φλογὸς
1340 3627 1374 3698 ἡ
1434 3626 1694 3697 χίμαιραν
1716 3626 1796 3698 τῷ
1839 3649 1844 3653 ·

206 3719 525 3792 ψυχοφθόρῳ
576 3720 714 3793 πυρὶ
760 3719 872 3775 τῶν
925 3717 1029 3789 τῆς
1074 3716 1369 3788 ἀθεότητος
1421 3715 1793 3787 διδαγμάτων,

204 3811 306 3863 τῶν
344 3812 681 3883 ἀπροόπτως
726 3826 847 3873 πως
893 3810 991 3863 καὶ
1023 3807 1355 3876 ἀφυλάκτως
1443 3823 1795 3878 παρατυγχα-

207 3902 397 3971 νόντων
428 3904 527 3960 τὸν
560 3903 710 3970 νοῦν,
740 3900 1146 3975 παραναλίσκει
1174 3898 1569 3970 διαφλέγουσα.

269 4002 331 4053 ε’.
365 3996 545 4055 Πάλιν
596 3998 632 4070 ἠ
692 3995 1074 4065 πολυκέφαλος
1116 3992 1258 4065 ῦδρα
1307 3991 1415 4047 τῶν
1483 3991 1798 4061 Ἀκεφάλων

208 4089 419 4161 καὶτῆς
446 4088 797 4161 ωγχυτικῆς
838 4086 951 4143 τῶν
984 4083 1326 4157 Εύτυχιτῶν,
1377 4082 1579 4155 μᾶλλον
1618 4083 1676 4137 δὲ
1703 4085 1799 4136 Δο-

206 4180 379 4249 κητῶν
415 4178 755 4253 συμπνοίας,
800 4178 895 4231 ἐπὶ
940 4175 1207 4247 διαιρέσει
1258 4173 1355 4228 καὶ
1388 4172 1540 4247 λύμῃ
1559 4170 1655 4226 τοῦ
1699 4174 1800 4244 τῆς

218 4271 549 4345 Ἐκκλησίας
590 4270 776 4334 καλῶς
797 4269 1083 4342 ἡνωμένου
1130 4266 1411 4339 σώματος,
1452 4264 1797 4335 πολυσχιδεῖς

206 4365 295 4428 τάς
320 4364 694 4437 παραφυάδας
719 4362 831 4417 τῶν
860 4361 1077 4434 πικρῶν
1095 4359 1458 4431 γεννημάτων
1470 4356 1795 4427 ἐϐλάστησε.

209 4457 309 4510 Καὶ
332 4457 408 4522 ὡς
442 4456 513 4512 ἂν
549 4454 836 4511 συλλαϐών
866 4471 954 4518 τις
987 4455 1157 4519 εῐποι,
1188 4454 1255 4506 ἐκ
1292 4451 1396 4520 τῆς
1444 4449 1801 4520 Μανιχαῖκῆς

211 4549 434 4621 ἐχίδνης,
474 4550 577 4605 καὶ
597 4549 703 4620 τῆς
760 4544 1112 4617 Ἀρειανικῆς
1133 4542 1381 4609 ἀσπίδος,
1411 4540 1600 4614 ἐτερός
1630 4557 1714 4605 τις
1735 4542 1801 4594 ἐκ

1896 3348 2160 3402 adversus
2189 3358 2305 3411 eos,
2340 3343 2431 3414 qui
2464 3342 2518 3397 in
2547 3341 2757 3396 insania
2788 3337 2949 3408 hujus
2977 3332 3161 3390 mundi
3192 3330 3473 3401 navigant,

1896 3438 2099 3494 classes
2182 3437 2422 3507 integras
2480 3434 2787 3487 animarum
2847 3429 3006 3498 rapit,
3060 3436 3380 3494 mersasque
3433 3420 3487 3475 in

1896 3531 2225 3603 perditionis
2255 3527 2573 3585 barathrum
2608 3524 2809 3580 trahit!

1970 3623 2022 3677 ι.
2058 3621 2274 3676 Ariana:
2302 3620 2429 3675 item
2452 3617 2688 3672 ﬂammae
2706 3615 2991 3677 chimzcra,
3022 3611 3186 3666 noxio
3233 3624 3331 3664 sun
3376 3608 3493 3662 ani.-

1898 3715 2094 3772 mabus
2139 3715 2261 3786 igne
2309 3711 2686 3769 doctrinarum
2742 3707 3196 3776 irreligiosmtm,
3242 3710 3483 3756 mentem

1899 3798 2117 3861 illorum
2139 3804 2232 3875 qui
2258 3803 2557 3874 improviso
2584 3808 2641 3858 et
2668 3801 2886 3855 incaute
2930 3793 3494 3852 'tnciduutamburcus

1899 3897 2242 3968 pessumdat.

1970 3988 2024 4044 5.
2056 3986 2354 4044 Multorum
2385 3987 2593 4059 pariter
2618 3985 2857 4056 capitum
2887 3981 3060 4055 hydra
3086 3977 3491 4049 Acephalorum

1901 4093 1960 4139 et
1999 4080 2348 4138 confusanete
2391 4078 2858 4153 Eutychiauorum
2906 4076 2996 4131 vel
3043 4074 3223 4144 potius
3248 4071 3495 4127 Phanta-

1902 4173 2198 4229 siastarum
2229 4167 2675 4241 conspirationis,
2712 4167 2780 4221 ad
2808 4165 3100 4222 discidium
3141 4172 3306 4229 atque
3366 4175 3489 4229 per-

1905 4263 2101 4318 niciem
2152 4262 2378 4333 pulchre
2408 4260 2674 4330 compacti
2709 4256 2967 4315 Ecclesia:
3012 4254 3283 4325 corporis,
3314 4251 3497 4305 multi-

1904 4354 2099 4424 plicem
2138 4356 2458 4410 acerborum
2484 4352 2821 4423 geniminum
2885 4349 3128 4404 sobolem
3180 4344 3491 4415 pullulavit.

1904 4448 2080 4516 Atque
2106 4456 2163 4500 ut
2195 4446 2438 4501 breviter
2468 4444 2671 4499 dictum
2699 4440 2792 4506 sit,
2827 4454 2896 4495 ex
2953 4436 3255 4493 mauichtea
3283 4436 3495 4503 vipera,

1908 4550 1965 4595 et
1994 4540 2195 4593 Ariana
2245 4536 2452 4606 aspide,
2479 4534 2616 4589 alius
2672 4533 2893 4603 quidam
2945 4546 3011 4586 ex
3047 4530 3242 4584 barum
3298 4527 3493 4595 copula

213 4645 528 4717 συμπλοκῆς
578 4642 788 4698 τούτων
826 4634 938 4695 οἷον
968 4638 1251 4711 ἐρπυστὴς
1292 4634 1683 4707 ἀμφικέφαλος
1715 4631 1786 4700 ἐξ·

1910 4643 2073 4686 natus
2100 4639 2184 4684 est
2211 4628 2398 4696 biceps
2430 4640 2688 4697 serpens;
2730 4624 2947 4697 qualem
2998 4622 3162 4679 etiam
3209 4620 3498 4692 Hypsista-

210 4736 303 4804 έφυ
327 4753 341 4767 ’
372 4737 571 4792 ὁποίαν
590 4734 657 4807 δὴ
675 4734 769 4789 καὶ
786 4734 884 4807 τὴν
898 4732 1008 4786 τῶν
1021 4730 1395 4802 ’Υψισταρίων
1417 4728 1670 4799 κίϐδηλον
1706 4727 1802 4781 καὶ

212 4828 470 4901 βδελυρὰν
514 4828 819 4901 θρησκείαν
850 4826 1150 4897 ἀκούομεν,
1192 4823 1251 4890 ἐξ
1310 4820 1639 4892 Ἑλληνικῆς
1669 4835 1799 4890 τερ-

210 4918 389 4991 θρείας
432 4923 778 4992 καὶνομικῆς
796 4908 1085 4990 τερατείας
1110 4913 1544 4985 συνισταμένην·
1570 4909 1666 4965 καὶ
1688 4909 1800 4963 δει-

210 5009 293 5063 νὺν
304 5010 450 5065 κατά
471 5011 587 5066 τῶν
612 5010 713 5080 τῆς
753 5009 904 5073 θείας
925 5006 1149 5077 ἐντολῆς
1171 5006 1273 5059 ύπε
1284 5002 1570 5075 ρορώντων
1602 4999 1798 5071 ρέψας,

209 5096 278 5160 ὧν
308 5105 405 5159 καὶ
443 5105 694 5176 πτέρναν
728 5104 919 5174 τηρεῖν
979 5100 1085 5173 ἤδη
1126 5097 1557 5168 προστέτακται,
1605 5092 1802 5164 πικρὸν

210 5199 295 5252 τὸν
323 5200 403 5254 ἰὸν
438 5200 539 5253 καὶ
565 5196 811 5269 ὀλέθριον
861 5197 983 5259 ταῖς
1033 5194 1240 5264 ψυχαῖς
1278 5191 1385 5245 τῶν
1419 5188 1803 5259 εὐπαρακόμι-

213 5307 330 5346 στον
361 5293 446 5357 είς
469 5290 636 5345 τοῦτο
663 5289 762 5361 τὴν
787 5289 959 5359 ἀκοὴν
993 5288 1229 5360 ἐχόντων
1257 5285 1491 5354 ἐνέχεεν.
1523 5281 1649 5334 Ὅτι
1702 5278 1803 5350 μέν

212 5377 315 5448 γὰρ
382 5379 664 5449 Ἀρειανοι
710 5377 1041 5449 Μανιχαίοις
1099 5374 1501 5447 συμφύρονται,
1576 5373 1634 5423 ἐν
1691 5370 1806 5432 τοῖς

216 5471 353 5539 μετά
379 5470 567 5526 ταῦτα
598 5471 789 5542 σαφῶς
812 5472 1264 5543 παραστήσομεν.
1762 5492 1765 5497 ·

289 5563 364 5629 ς’.
419 5565 600 5636 Δῆλον
632 5565 689 5620 δὲ
716 5565 892 5637 δήπου
937 5564 1128 5627 παντὶ,
1152 5562 1229 5626 ὡς
1273 5560 1524 5632 βούλεται
1561 5558 1746 5620 αὐτοῖς
1774 5556 1807 5627 ἠ

223 5657 447 5731 σπουδὴ,
483 5658 588 5722 τὰς
615 5654 1080 5728 πολυανθρώπους
1122 5655 1341 5717 ὲκείνας
1381 5652 1473 5706 καὶ
1494 5650 1812 5712 θεολέκτους

293 5869 368 5936 (4)
398 5865 794 5923 Harreticorum
835 5874 1009 5936 secta,
1039 5863 1129 5933 qui
1165 5864 1332 5918 Deum
1357 5858 1694 5936 altissimum
1729 5856 1804 5910 ita

226 5932 514 6008 colebant,
555 5950 607 5996 ut
646 5935 1070 5996 antitrinitarios
1096 5948 1156 5994 se
1191 5947 1314 5993 esse
1340 5932 1801 5990 demonstrarent.

1908 4725 2115 4780 riorum
2149 4720 2228 4794 (4)
2252 4720 2492 4790 spuriam
2531 4717 3060 4787 abominandamque
3098 4722 3305 4769 sectam
3357 4712 3503 4767 audi-

1912 4831 2053 4878 mus,
2084 4829 2149 4870 ex
2219 4813 2440 4869 ethnica
2496 4809 2712 4866 fallacia
2736 4818 2790 4865 et
2818 4809 3130 4880 prodigiosa
3183 4803 3496 4860 Judarorum

1915 4908 2018 4978 17
2076 4905 2361 4961 mendacio
2392 4912 2741 4970 concretam;
2769 4903 2861 4972 qui
2903 4914 3130 4971 serpens
3180 4896 3497 4953 terribiliter

1914 4999 1980 5053 ad
2022 4999 2121 5052 hos
2151 4996 2317 5051 divini
2353 4994 2613 5066 prtecepti
2647 5002 3050 5063 contemptores
3105 5004 3324 5060 repens,
3362 5004 3517 5089 quo-I

1913 5108 2035 5146 rum
2094 5089 2262 5144 etiam
2318 5091 2635 5143 calcaneum
2682 5084 2894 5153 jamdiu
2971 5081 3263 5139 observare
3312 5079 3516 5207 jussusi

1914 5184 2009 5207 r._:.
2076 5196 2319 5207 -----_......
2425 5180 2829 5207 -_:.:..............
2874 5189 3142 5207 «νη-,Δηιηη
3209 5170 3498 5207 canini-altu:

1912 5184 2038 5250 fuit,
2075 5196 2322 5238 amarum
2422 5180 2830 5248 exitiosumque
2874 5189 3142 5231 venenum
3208 5170 3518 5271 animabus:

1912 5291 2126 5341 eorum,
2177 5275 2268 5344 qui
2317 5272 2533 5329 facilem
2575 5270 2705 5326 huic
2751 5269 2941 5326 haeresi
2988 5281 3173 5323 aurem
3232 5263 3499 5335 pt‘icbetll,

1914 5370 2160 5425 all‘undit.
2189 5367 2323 5421 Nam
2357 5366 2501 5437 quod
2527 5365 2716 5421 Ariani
2755 5378 2879 5418 cum
2927 5358 3244 5416 Manichaeis
3272 5358 3498 5427 conspi-

1916 5474 2056 5529 rent,
2094 5460 2526 5532 insequentibus
2549 5458 2892 5529 perspicuum
2928 5453 3212 5509 faciemus.

1986 5555 2040 5610 6.
2072 5554 2170 5610 Est
2202 5562 2383 5608 autem
2414 5551 2611 5620 cuique
2635 5548 3002 5616 exploratum,
3037 5545 3213 5599 studia
3265 5544 3492 5598 istorum

1917 5664 1983 5705 eo
2012 5649 2259 5710 tendere,
2292 5654 2351 5701 ut
2372 5658 2692 5699 numerosas
2718 5641 2840 5696 illas
2856 5650 2910 5695 et
2942 5657 2971 5693 a
3006 5636 3116 5694 Deo
3145 5645 3503 5707 congregatas

1912 5853 1988 5907 De
2014 5851 2095 5905 his
2119 5849 2252 5903 satis
2273 5846 2529 5902 Suiccrus
2548 5844 2604 5899 in
2623 5841 2787 5897 Thus.
2808 5842 2965 5908 eccl.,
2990 5840 3173 5900 citatis
3200 5837 3495 5911 llesychie,

1915 5923 2103 5990 Suida,
2135 5920 2379 5993 Nysscno
2406 5932 2469 5973 ac
2504 5913 2870 5971 Nazianzeno.
