3978 6430
395 356 512 424 213

1112 350 1741 417 ANTIRRHETICUS
1777 348 1807 410 Ι
1871 348 2042 411 ADV.
2082 346 2676 410 CONSTANTINUM
2716 349 2929 410 COPR.

3561 346 3689 412 214·

398 474 528 536 ταῖς
553 471 812 531 ἀπάντων
859 470 1309 541 ὁμολογουμένων
1346 468 1536 540 ὄψεσιν
1579 468 1856 540 προΐασιν,
1905 466 2007 531 ὡς

2113 480 2205 534 tua;
2223 466 2466 521 omnium
2495 467 2735 537 aspectui
2760 473 3029 537 prostant,
3059 475 3226 536 atque
3285 466 3426 536 apud
3478 482 3669 522 omnes

401 567 488 627 είς
537 564 752 633 γέλωτα
814 563 1018 634 μᾶλλον
1059 563 1094 634 ἢ
1136 563 1322 631 ὄνησιν
1375 564 1491 626 τοῖς
1547 560 1792 632 σώφροσι
1864 561 1986 623 ταῖς

402 656 695 726 ἀληθείαις
732 653 1075 727 προκεῖσθαι.
1105 653 1227 719 Πῶς
1244 654 1355 725 γὰρ
1389 654 1491 706 οὐκ
1530 653 1680 718 ἀξιον
1724 651 1986 721 γέλωτος,

2088 559 2143 611 in
2165 557 2411 613 confesso
2441 566 2590 624 sunt,
2612 558 2930 629 procedunt,
2959 565 3018 612 ut
3045 558 3174 613 risui
3198 558 3539 630 potiusquam
3574 560 3666 615 ulli

2089 648 2208 702 usui
2246 649 2388 718 apud
2412 663 2504 703 eos
2535 649 2626 719 qui
2664 662 2792 704 vere
2852 648 3089 719 sapiunt,
3113 650 3345 719 expositi
3392 650 3520 706 sint.
3555 650 3675 705 Cur

403 747 470 801 τὸ
513 750 582 818 τῇ
625 747 788 817 φύσει
825 746 937 800 τῶν
993 746 1340 817 πραγμάτων
1391 746 1552 814 αὐτῇ,
1630 744 1872 806 καὶτοῖς
1925 744 1988 796 ὲκ

2113 740 2232 792 :nim
2264 739 2373 793 risu
2398 754 2501 794 non
2558 741 2629 794 sit
2667 741 3031 811 dignttm,ipsi
3078 752 3323 796 actarum
3357 758 3539 796 rerum
3568 759 3696 796 na--

402 838 676 893 πλειόνων
708 839 921 910 χρόνων
949 840 1045 892 καὶ
1085 835 1291 907 γενεῶν
1357 835 1570 889 πολλῶν
1601 836 1689 889 ἐπ’
1737 834 1991 905 εὐσεϐείᾳ

2119 846 2226 886 ura:
2242 840 2296 886 et
2314 831 2660 901 opinionibus
2699 845 2869 902 qutea
2905 831 3199 887 multorum
3223 848 3512 900 annorum,
3550 835 3657 886 imo

401 931 711 1003 γνωρίμων
807 930 905 984 καὶ
992 927 1511 1006 μεμαρτυρημένων
1547 967 1562 991 ,

403 1023 507 1074 καὶ
534 1020 636 1093 τὴν
671 1021 850 1090 ίσχὺν,
882 1018 1288 1093 ἀπομάχεσθαι,
1324 1020 1420 1072 καὶ
1453 1019 1685 1073 αὐτόθεν
1709 1020 1771 1073 τὸ
1814 1021 1994 1091 ἀσφα-

401 1114 521 1177 λὲς,
549 1112 629 1183 τῷ
662 1092 1158 1184 ωρακεχωρῆκότι
1200 1115 1420 1168 πάντων
1464 1115 1563 1185 τῆς
1593 1114 1830 1178 ἑννοίας,
1856 1113 1996 1184 πρὸς

401 1206 574 1271 λόγου
604 1206 982 1277 πληροφορίαν
1012 1208 1099 1273 είς
1119 1207 1396 1274 ἀπόδειξιν
1420 1208 1513 1261 καὶ
1553 1206 1853 1276 βεϐαίωσιν
1887 1223 1992 1260 πα-

404 1296 869 1368 ραλαμϐάνεσθαι
886 1315 900 1364 ;

496 1547 590 1611 Ὠς
623 1546 752 1614 γοῦν
778 1548 877 1621 ήδη
906 1549 1134 1604 τοιαῦτα
1163 1550 1258 1604 καὶ
1279 1549 1455 1614 οὕτως
1478 1549 1674 1621 ἔχοντα
1701 1548 1997 1618 ἔγνωσται,

407 1637 556 1706 μηδὲ
631 1639 731 1708 τὴν
772 1639 948 1710 ἀρχὴν
994 1640 1298 1711 ἀντιλέγειν
1343 1642 1545 1712 ὲχρῆψ
1586 1640 1671 1696 ἵνα
1704 1643 1779 1712 μὴ
1804 1640 2003 1695 ταύτὸν

1648 926 1711 980 τὸ
1797 927 1991 981 πιστὸν
2093 922 2675 990 αξιοιυηιοι-ιιιοᾶοιία
2731 923 3023 978 illustrium
3070 937 3135 977 ac
3184 925 3540 993 probaturum
3571 924 3668 976 tle-

2095 1027 2278 1078 cursu,
2311 1012 2469 1068 ﬁdem
2492 1015 2761 1083 roburque
2779 1014 3006 1081 habent,
3042 1014 3359 1069 adversari?
3385 1030 3504 1083 qua:
3579 1014 3664 1067 ni-

2096 1103 2292 1157 mirum
2326 1103 2608 1172 opiniones
2645 1105 2751 1158 vim
2808 1120 2960 1159 suam
3004 1104 3241 1159 indidem
3290 1106 3668 1167 obtinuerunt,

2099 1207 2292 1264 nempe
2348 1194 2417 1249 ab
2476 1195 2719 1249 omnium
2756 1195 3017 1249 mentium
3050 1196 3437 1262 concessione;
3493 1195 3565 1250 ita
3615 1205 3673 1248 ut

2098 1286 2152 1338 in
2197 1284 2464 1355 ambiguis
2491 1285 2735 1340 etiamet
2785 1300 2883 1354 ope
2908 1286 3085 1355 aliqua
3145 1288 3211 1339 ad
3265 1287 3671 1356 persuasionem

2099 1375 2402 1443 egentibus,
2423 1392 2488 1430 ex
2541 1377 2816 1445 prtcdictis
2844 1378 3188 1432 adminiculis
3248 1376 3671 1431 demonstratio-

2100 1480 2223 1520 nem
2284 1466 2863 1536 conﬁrmationemque
2888 1468 3178 1536 recipiant.

2172 1558 2304 1623 Qute
2333 1573 2455 1611 cum
2488 1559 2559 1612 ita
2597 1572 2657 1612 se
2688 1559 2890 1613 habere
2933 1558 3045 1626 jam
3083 1559 3156 1614 sit
3200 1560 3563 1628 exploratum,
3610 1574 3676 1612 ne
3758 1606 3777 1613 -

2103 1646 2481 1702 refutationem
2532 1649 2748 1718 quidem
2778 1649 3058 1720 suscipere
3090 1665 3226 1720 opus
3254 1657 3395 1713 erat,
3416 1666 3484 1705 ne
3532 1650 3674 1703 forte

401 1729 650 1793 ἐκείνοις
692 1731 1020 1787 πεπονθέναι
1049 1733 1370 1804 ὀφθείημεν,
1396 1734 1494 1787 καὶ
1541 1732 1868 1802 ἀϐελτερίας
1908 1733 2002 1787 καὶ

2113 1735 2243 1791 idem
2275 1747 2437 1806 atque
2463 1737 2537 1791 illi
2595 1752 2820 1807 peccare
2849 1738 3166 1803 videamur,
3224 1739 3567 1806 levitatisqne
3622 1747 3677 1793 et

404 1821 777 1887 ἀπαιδευσίας
799 1824 1135 1896 ὀφλήσαντες
1151 1825 1385 1894 γέλωτα,
1405 1826 1505 1897 τὴν
1534 1826 1658 1896 ῐσην
1672 1824 2000 1894 ἀπενεγκοί-

2113 1830 2333 1886 inscitia:
2363 1845 2527 1885 causa
2561 1830 2729 1885 risum
2763 1840 3192 1896 commoventes,
3214 1847 3395 1899 parem
3443 1831 3551 1885 illis
3584 1846 3672 1885 re—

409 1914 563 1982 μεθα
591 1916 831 1987 γραφὴν,
860 1918 975 1981 τοῖς
1026 1916 1446 1988 μειρακιώδεσιν
1483 1916 1868 1981 ἐπιϐάλλοντες
1916 1914 2004 1970 λόσ

407 2019 557 2070 γοις.
586 2005 772 2059 Ἐοικε
790 2006 898 2078 γὰρ
923 2008 952 2061 ό
972 2006 1147 2061 ταῦτα
1162 2009 1494 2079 ἀνατρέπειν
1517 2007 1884 2081 πειρώμενος,
1902 2006 2003 2071 τάς

418 2094 568 2147 κατά
602 2095 822 2150 παιδιὰν
860 2099 927 2150 ὲκ
984 2097 1219 2169 ψάμμου
1282 2098 1494 2153 παίδων
1530 2097 1817 2169 ἀθύρμασι
1863 2114 2002 2151 κατ-

424 2187 832 2258 εσκευασμένας
853 2205 920 2242 πε
930 2190 1214 2261 ριτρέπειν
1234 2191 1437 2261 μᾶλλον
1463 2190 1802 2260 οἰκοδομίας,
1833 2188 1868 2259 ἦ
1890 2191 2005 2252 τοῖς

424 2277 581 2348 παρά
600 2279 731 2332 πᾶσι
748 2282 862 2345 τοῖς
886 2281 1157 2336 συνιοῦσιν
1180 2283 1257 2346 ώς
1273 2280 1492 2352 ἀληθῶς
1511 2282 1607 2335 καὶ
1623 2280 1724 2351 τὴν
1743 2281 2008 2351 ἀλήθειαν

412 2370 778 2439 τετιμηκόσιν
832 2374 1298 2445 ὲπεγνώσμένοις,
1365 2372 1776 2444 συναγορεύειν.
1862 2372 2004 2427 Ἀλλ’

414 2460 615 2530 ἐπειδὴ
640 2461 831 2534 ὥσπερ
854 2466 913 2531 ἐξ
943 2467 1322 2536 ἐπιτάγματος
1348 2467 1504 2536 σοφοὶ
1525 2462 1665 2519 εἶναι
1698 2464 2003 2535 βούλονται,

415 2550 502 2622 μὴ
543 2551 627 2605 ὅτι
659 2553 761 2625 τῆς
806 2555 1064 2627 ἀληθείας
1115 2556 1439 2628 ἀντέχεσθαι
1479 2557 1719 2628 σπουδὴν
1749 2555 2005 2627 ποιούμε-

411 2663 526 2712 νοι,
559 2646 654 2703 τοῦ
682 2649 913 2720 ψεύδους
950 2668 1009 2705 τε
1032 2650 1108 2715 ὡς
1134 2646 1237 2705 οἷοί
1282 2651 1342 2705 τέ
1373 2652 1480 2704 είσι
1524 2648 2003 2721 μεταποιούμενοι,

413 2737 714 2809 ὲρεσχελίᾳ
737 2740 905 2813 πολλῇ
928 2743 1024 2796 καὶ
1046 2740 1289 2813 φλυαρίᾳ
1320 2742 1415 2795 καὶ
1449 2740 1841 2811 βατταρισμοῖς
1863 2738 2009 2811 χρώ-

418 2845 605 2898 μενοι,
645 2831 740 2885 ἐπὶ
776 2834 842 2903 τῇ
872 2832 981 2886 τῶν
1012 2832 1245 2897 ,πολλῶν
1273 2832 1443 2906 λύμῃ.
1497 2832 1903 2903 συναρπάζουσι
1935 2831 2006 2884 δι’

417 2919 607 2973 αὐτῶν
634 2922 761 2985 τοὺς
786 2924 1230 2994 ἀκεραιοτέρους,
1253 2924 1317 2977 ἐκ
1340 2922 1542 2993 πολλῆς
1575 2922 1718 2991 ἄγαν
1750 2922 2003 2993 ἀποπλη-

418 3008 546 3074 ξίας
582 3012 678 3065 καὶ
703 3013 1023 3078 δυσϐουλίας
1044 3014 1563 3085 αἰχμαλωτίζοντες,
1595 3016 1676 3076 είς
1701 3013 1762 3066 τὸ
1806 3013 2006 3066 οίκεῖον

421 3102 634 3173 πτῶμα
643 3105 769 3170 τοὺς
782 3107 1012 3171 πολλοὺς
1025 3106 1221 3175 ἕλξειν.
1240 3102 1336 3172 Οἷς
1353 3106 1453 3179 ἤδη
1472 3105 1688 3160 καὶτῶν
1703 3106 2008 3176 λογιμωτέ-
2035 3143 2083 3203 c

425 3211 540 3265 ρων
556 3195 836 3262 δοκοῦντες
859 3199 955 3252 καὶ
988 3198 1467 3271 περιφανεστέρων
1499 3198 1669 3265 τινὲς,
1710 3197 2001 3252 σκανδαλί-

423 3285 638 3353 ζονται,
655 3289 843 3361 ἐπειδὴ
872 3289 1107 3345 ἅπτεται
1125 3291 1200 3359 ὡς
1219 3290 1289 3345 τά
1312 3289 1485 3345 πολλά
1511 3290 1608 3343 καὶ
1627 3289 1738 3343 τῶν
1766 3289 2010 3361 ἀρίστων

420 3373 454 3427 ὁ
474 3375 694 3446 μῶμος·
718 3376 973 3450 καθάπερ
998 3380 1109 3450 γάρ
1129 3379 1458 3451 φθοροποιοῦ
1483 3380 1796 3451 νοσήματος
1819 3380 2007 3447 πᾶσιν,

425 3465 508 3529 ώς
559 3465 689 3530 έπος
731 3469 933 3534 εἰπεῖν,
990 3469 1091 3541 τῆς
1149 3471 1361 3525 ἑαυτῶν
1416 3470 1764 3541 μεταδιδόασι
1803 3470 2009 3545 λώϐης.

426 3556 525 3628 Τῷ
552 3559 865 3631 φαινομένῳ
893 3560 1003 3632 γάρ
1035 3563 1131 3616 καὶ
1162 3563 1533 3635 κεχρωσμένῳ
1564 3564 1676 3619 τῶν
1704 3563 1807 3636 τὴν
1839 3564 2014 3637 ἀκοὴν

426 3650 859 3720 περισαινόντων
895 3652 1074 3722 λόγων
1109 3653 1581 3725 περιθελγόμενοι,
1642 3657 1741 3715 τὸν,
1779 3656 1837 3711 δὲ
1878 3674 2012 3713 κατ⁴

424 3743 820 3814 ορωρυγμένον
838 3746 932 3799 καὶ
965 3747 1352 3819 κεκρυμμένον
1383 3747 1577 3819 βόθρον
1611 3749 1702 3802 διὰ
1729 3750 1790 3804 τὸ
1820 3751 2014 3806 ἀνεπι-

430 3833 702 3906 στάτητον
730 3836 793 3890 οὐ
830 3836 1230 3911 προορώμενοι,
1282 3842 1406 3903 ταῖς
1453 3841 1660 3909 πάγαις
1693 3842 1754 3908 ἐξ
1803 3845 2024 3917 ἀπροσπ

428 3926 582 3995 εείας
610 3927 707 3999 τῆς
728 3929 990 3993 ἀπιστίας
1025 3929 1240 3995 ἀκλεῶς
1263 3931 1706 4003 περιπίπτουσιν.
1747 3935 1835 3988 Ἐν
1872 3952 2013 4005 προ-

432 4022 675 4092 σχήματι
718 4022 830 4093 γὰρ
858 4023 1291 4095 Χριστιανισμοῦ
1339 4023 1402 4077 τὸ
1450 4025 1835 4096 Χριστιανίζον
1865 4027 2013 4083 ἅπαν

429 4112 676 4178 εὐσεϐῶς
711 4112 929 4169 όταῦτα
958 4114 1436 4187 συγγεγραφηκὼς
1464 4115 1747 4185 δυσμενῶς
1776 4117 2008 4188 ἐξεπόρ-

429 4205 590 4277 θησε.
624 4206 813 4281 Ταύτῃ
832 4222 915 4261 τοι
932 4208 1026 4263 καὶ
1053 4207 1156 4262 οὐκ
1182 4208 1444 4280 ἀκόσμως
1484 4227 1538 4263 τι
1580 4209 1832 4276 δόξαντες
1854 4211 2010 4284 δρᾷν,

430 4298 517 4362 είς
552 4298 708 4370 τήνδε
736 4300 844 4353 τῶν
873 4299 1050 4368 λόγων
1087 4300 1188 4377 τὴν
1233 4301 1483 4368 ἐξέτασιν
1511 4302 1842 4374 καθήκαμεν
1885 4306 2013 4360 ἑαυ-

428 4387 581 4452 τούς.
608 4389 719 4445 Καὶ
764 4391 865 4445 οὐκ
911 4391 978 4446 ἂν
1020 4394 1440 4474 ἀπο-κνήσαιμεν
1467 4394 1644 4467 σαθρά
1669 4397 1764 4450 καὶ
1810 4398 2013 4469 κατερσ

2104 1920 2522 1989 prehensionetu
2555 1920 2921 1987 incurrantus,
2953 1921 3044 1990 qui
3074 1920 3370 1990 puerilibus
3403 1921 3670 1975 tricantur

2103 2009 2463 2066 sermonibus.
2511 2008 2650 2065 Nam
2699 2013 2793 2081 qttl
2854 2010 3159 2079 huiusmodi
3231 2018 3551 2081 argumenta
3582 2011 3679 2062 atl-

2103 2101 2473 2157 versariorum
2537 2112 2786 2157 evertere
2820 2102 3039 2166 nititur,
3087 2102 3134 2156 is
3173 2102 3529 2157 domuuculas
3578 2116 3676 2166 po-

2109 2190 2211 2246 tius
2277 2190 2392 2246 lusu
2448 2190 2640 2259 puerili
2689 2174 2981 2246 fabricatas
3018 2184 3232 2245 videtur
3278 2200 3626 2260 prosternere
3659 2230 3673 2250 .

2105 2296 2269 2351 quam
2300 2281 2461 2337 rebus
2490 2281 2629 2350 apud
2673 2295 2863 2336 omnes
2891 2295 3019 2336 vere
3070 2281 3347 2351 sapientes
3402 2281 3683 2335 veritatis-

2105 2386 2212 2442 que
2275 2370 2516 2427 cultores
2588 2372 2909 2427 certissimis
2974 2372 3333 2441 patrocinari.
3381 2371 3487 2425 Sed
3544 2372 3672 2439 quia

2108 2473 2365 2534 tanquam
2417 2463 2683 2519 arbitratu
2716 2477 2816 2519 suo
2868 2464 3143 2533 sapientes
3164 2479 3285 2519 esse
3316 2464 3525 2529 volunt,
3563 2473 3682 2517 tan-

2110 2565 2335 2625 tumque
2377 2569 2411 2608 a
2456 2555 2706 2609 veritatis
2745 2555 2925 2609 studio
2965 2555 3164 2611 absunt
3228 2565 3284 2611 nt
3333 2555 3675 2611 mendacium

2110 2656 2222 2702 toto
2274 2644 2471 2701 aﬂ'ectu
2520 2646 2940 2715 amplectantur,
3001 2648 3347 2703 cavillatione
3403 2644 3576 2701 multa
3625 2655 3683 2701 et

2107 2738 2443 2807 stultiloquio
2481 2752 2545 2794 ac
2589 2737 2757 2793 veluti
2815 2738 3054 2793 balbutie
3105 2747 3339 2804 utentes,
3398 2739 3522 2794 ideo
3576 2752 3686 2793 non

2108 2831 2228 2885 sine
2258 2829 2550 2884 multorum
2578 2829 2903 2884 detrimento
2933 2831 3046 2884 haec
3102 2830 3416 2885 blaterando
3470 2829 3680 2899 simpli-
3790 2858 3791 2861 η

2109 2919 2285 2977 ciores
2335 2919 2635 2989 decipiunt,
2684 2919 2834 2990 gravi
2887 2920 3079 2976 horum
3112 2928 3333 2990 stupore
3357 2930 3411 2975 et
3441 2920 3681 2985 inconsi-

2108 3013 2356 3068 derantia
2404 3013 2472 3068 ad
2505 3012 2855 3069 irretiendum
2912 3015 3222 3079 abutentes,
3252 3017 3423 3069 donec
3484 3014 3686 3071 multos

2112 3117 2298 3157 secum
2343 3103 2647 3173 praecipites
2708 3103 2942 3157 trahant.
2963 3101 3174 3169 Quibus
3223 3110 3293 3159 ex
3345 3104 3511 3160 rebus
3543 3101 3686 3171 jam-

2113 3195 2202 3251 ditt
2255 3195 2497 3250 nonnulli
2537 3211 2754 3267 quoque
2791 3211 2858 3251 ex
2890 3197 2954 3251 iis
2979 3197 3070 3265 qui
3101 3195 3354 3250 videntur
3402 3194 3681 3263 sapientes

2111 3297 2167 3344 et
2231 3287 2573 3355 illustriores,
2625 3289 2941 3345 scandalum
2977 3291 3255 3359 patiuntur
3290 3305 3305 3342 :
3335 3286 3678 3357 quandoqui-

2112 3378 2234 3435 dem
2257 3380 2473 3449 attingit
2497 3394 2637 3449 sape
2654 3382 2887 3449 optimos
2906 3380 3071 3434 etiam
3089 3378 3257 3440 labes,
3283 3392 3403 3447 qute
3423 3377 3683 3446 pestilen-

2114 3474 2185 3530 tis
2233 3473 2406 3528 instar
2432 3474 2630 3538 morbi,
2654 3472 2885 3539 cunctis,
2924 3483 2980 3527 ut
3027 3472 3194 3526 verbo
3219 3471 3419 3536 dicam,
3454 3470 3683 3523 exitium

2112 3581 2270 3623 suum
2291 3565 2681 3621 communicat.
2703 3566 2913 3621 Etenim
2938 3565 3124 3636 specie
3148 3579 3209 3619 ac
3230 3564 3351 3618 fuco
3372 3576 3685 3618 sermonum

2114 3658 2336 3715 auribus
2357 3658 2751 3718 blandientium
2780 3657 3010 3720 deliniti,
3030 3672 3205 3726 neque
3231 3657 3301 3710 ob
3327 3671 3480 3710 suam
3512 3655 3681 3708 inscio

2114 3750 2243 3804 tiam
2292 3747 2542 3805 eﬂ‘ossam
2596 3748 2963 3818 latentemque
2982 3747 3190 3804 foveam
3217 3746 3599 3817 prtevidentes,
3634 3744 3686 3797 in

2116 3842 2510 3898 incredulitatis
2580 3845 2804 3911 laqueos
2856 3841 3253 3897 inconsiderate
3343 3838 3681 3908 turpiterque

2115 3934 2387 3990 labuntur.
2418 3932 2552 3990 Nam
2608 3935 2710 3991 sub
2741 3932 3150 3989 Christianismi
3189 3932 3445 3988 simulata
3480 3930 3680 3999 specie,

2115 4027 2205 4083 hic
2225 4027 2316 4097 qui
2344 4026 2467 4081 talia
2494 4027 2738 4097 scripsit,
2764 4026 3127 4081 orthodoxam
3153 4034 3321 4079 totam
3348 4022 3685 4077 Curistiani-

2119 4127 2280 4175 tatem
2309 4118 2581 4174 hostiliter
2609 4117 2967 4188 depopulatus
3012 4125 3117 4172 est.
3152 4116 3245 4171 Sic
3297 4115 3505 4183 itaque,
3557 4111 3688 4165 nihil

2117 4210 2431 4266 indecorum
2483 4223 2646 4281 agere
2690 4208 3094 4275 existimantes,
3144 4208 3198 4262 in
3254 4206 3360 4261 hoc
3431 4204 3695 4258 doctrina:

2114 4319 2344 4360 examen
2373 4313 2587 4359 nosmet
2603 4301 2952 4371 conjecimus.
2980 4299 3167 4371 Neque
3189 4297 3561 4354 recusabitnus
3588 4308 3655 4361 pu
3672 4321 3687 4329 ς

2119 4396 2262 4463 trida
2295 4411 2360 4452 ac
2391 4396 2682 4453 dilabentia
2703 4404 3103 4452 etaraneorum
3140 4398 3395 4445 contextu
3427 4386 3691 4442 debilium

431 4482 676 4552 ῥυηκότα
706 4484 804 4537 καὶ
829 4483 1104 4555 ἀραχνίων
1134 4483 1502 4556 ἀσθενέστερα
1534 4487 1603 4540 τὰ
1625 4486 1831 4540 τούτων
1875 4489 2007 4542 ἀπο-

2116 4488 2310 4556 horum
2361 4497 2678 4557 argumenta
2714 4499 3010 4554 exponere,
3048 4493 3105 4537 ttt
3157 4482 3246 4544 iis,
3284 4477 3531 4533 veritatis
3571 4490 3685 4535 ore,

430 4571 649 4641 φαίνειν
703 4574 1092 4645 προϐλήματα,
1130 4577 1258 4641 τοὺς
1312 4577 1410 4647 τῆς
1456 4577 1718 4649 ἀληθείας
1755 4578 2011 4650 ἐλέγχους

429 4663 704 4736 εὐστόχως
755 4666 1076 4735 ἐπάγοντες,
1141 4668 1217 4731 ὡς
1257 4666 1325 4721 ἂν
1359 4668 1525 4740 δήλης
1584 4669 1756 4723 ἆπασι
1810 4671 1911 4741 τῆς
1953 4672 2013 4725 ὲν

427 4758 618 4821 αὐτοῖς
646 4757 877 4821 ἀτοπίας
932 4759 1362 4832 καθισταμένης,
1400 4762 1675 4831 ὲπιγνοίεν
1704 4764 1754 4815 οἱ
1800 4763 2015 4818 συνετοὶ

426 4847 496 4902 τδ
547 4848 827 4920 ἀπατηλόν
874 4850 1052 4903 αὐτῶν
1100 4850 1197 4905 καὶ¹
1245 4852 1710 4923 κατεπτυσμένον,
1770 4855 1865 4907 καὶ
1915 4857 2014 4926 τῆς

430 4939 645 4993 ἑαυτῶν
675 4941 979 5010 ἀσφαλείας
1024 4944 1408 5016 προνοήσαιεν.
1443 4944 1567 4998 ’Ότι
1596 4944 1697 5014 μὲν
1729 4940 1822 5000 οὖν
1852 4945 1928 5010 ώς
1954 4948 2015 4999 έν

430 5028 641 5084 ἅπασιν
670 5031 1060 5097 ἀσυνετοῦντες
1086 5035 1180 5087 καὶ
1213 5034 1748 5105 ἀμαθαίνοντες,κάν
1781 5037 2014 5103 ταύταις

430 5121 879 5191 ἀποσφάλλονται
900 5126 1019 5187 ταῖς
1066 5128 1294 5193 φωναῖς,
1331 5126 1408 5196 τῷ
1437 5125 1704 5197 ἀγράπτῳ
1737 5144 1810 5197 φη
1821 5127 1884 5198 μὶ
1917 5129 2014 5182 καὶ

430 5212 863 5284 ἀπεριγράπτῳ,
902 5213 977 5279 ώς
1016 5210 1193 5286 οἶμαι,
1230 5216 1395 5270 παντί
1426 5235 1504 5287 τῳ
1537 5218 1707 5287 σαφές
1730 5234 1744 5247 ·
1774 5220 1856 5281 είς
1881 5221 2014 5274 ταύ-

428 5301 530 5356 τὸν
552 5303 843 5375 ἀμφότερα
877 5307 1317 5374 συνενεγκόντες,
1362 5306 1433 5360 τὰ
1465 5308 1525 5360 ἐν
1565 5308 1783 5371 πολλοῖς
1821 5308 2015 5379 διαφέ-

432 5411 625 5467 ροντα,
654 5398 783 5468 περὶ
824 5392 900 5452 ὧν
927 5398 1012 5461 είς
1070 5398 1300 5470 ὕστερον
1355 5399 1754 5472 διαληψόμεθα,
1801 5403 1902 5472 τήν
1956 5421 2014 5456 τε

430 5485 704 5559 διαφοράν
749 5490 846 5542 καὶ
879 5489 980 5561 τὴν
1011 5490 1110 5544 ἀπ’
1149 5491 1331 5546 αὐτῶν
1371 5493 1785 5565 σημαινομένην
1844 5494 2013 5549 δύνασ

435 5595 535 5650 μιν
557 5580 1043 5653 ἐπισκεπτόμενοι.
1103 5583 1194 5638 Ἐν
1230 5584 1310 5656 τῷ
1342 5584 1572 5654 παρόντι
1601 5585 1683 5651 δὲ,
1708 5589 1774 5657 τῇ
1807 5587 2014 5643 τούτων

433 5671 772 5744 ἀπαιδευσίᾳ
789 5674 885 5728 καὶ
916 5674 1157 5749 ἀμουσίᾳ
1190 5677 1715 5747 συγκαθιστάμενοι,
1748 5678 1889 5749 πρὸς
1915 5680 2015 5743 τὰς

432 5762 531 5819 τοῦ
547 5763 868 5835 διδασκάλου
889 5768 1068 5824 αὐτῶν
1088 5769 1365 5843 προϐεϐλη
1377 5770 1545 5842 μένας
1570 5770 1774 5841 φωνάς,
1797 5772 2014 5835 οίκείως

2122 4579 2474 4636 refutationes
2497 4589 2621 4649 apte
2648 4590 2987 4649 opponatnus
3010 4592 3025 4641 ;
3048 4586 3211 4644 atque
3246 4573 3317 4626 ita
3346 4568 3693 4625 manifestata

2119 4673 2372 4729 omnibus
2414 4672 2656 4742 ipsorum
2714 4668 3074 4733 absurditate,
3130 4673 3429 4737 agnoscant
3481 4662 3690 4717 cordati

2122 4763 2371 4819 homines
2400 4760 2645 4817 fraudem
2693 4760 2906 4816 illorum
2950 4774 3015 4815 ac
3043 4758 3331 4823 vilitatem,
3365 4764 3421 4811 et
3463 4752 3694 4824 proprius

2124 4854 2303 4910 tutela:
2354 4854 2664 4910 consulant.
2700 4853 2851 4919 Quod
2884 4851 3051 4922 igitur
3100 4848 3283 4905 stolidi
3315 4863 3381 4903 ac
3423 4846 3587 4900 rudes
3634 4844 3686 4898 in
3717 4892 3720 4899 .

2124 4947 2207 5002 bis
2232 4960 2450 5022 quoque
2483 4955 2670 5000 errant
2700 4944 3000 5008 vocabulis,
3049 4938 3389 5011 indescripti,
3447 4926 3720 5022 inquamq‘

2122 5048 2179 5095 et
2233 5037 2716 5106 incircumscripli,
2740 5036 2937 5105 cuique
2989 5033 3331 5103 exploratum
3359 5039 3524 5100 puto;
3568 5028 3718 5117 dumi

2124 5130 2190 5184 ad
2221 5144 2381 5184 unam
2407 5128 2678 5184 notionem
2719 5138 3008 5196 utrumque
3039 5123 3346 5188 conferunt,
3373 5135 3492 5189 quae
3519 5127 3717 5172 tamen:

2126 5220 2280 5277 valde
2299 5219 2589 5286 diﬂ'eruul;
2623 5220 2691 5273 de
2712 5218 2907 5287 quibus
2928 5228 3114 5285 postea
3149 5211 3524 5275 tractabimus,
3570 5224 3693 5263 cum

2127 5314 2365 5381 ipsorum
2383 5309 2742 5367 dill'erentiam
2761 5319 2816 5366 et
2833 5307 3246 5379 signiticativam
3265 5303 3371 5358 vim
3390 5300 3699 5357 considera-

2127 5403 2324 5459 bimus.
2358 5402 2412 5457 In
2445 5401 2696 5473 prmsenti
2731 5409 2912 5454 autent
2939 5407 3130 5453 contra
3180 5397 3405 5450 istorum
3440 5387 3700 5462 ignoran~

2129 5498 2258 5552 tiam
2311 5494 2749 5565 imperitiamque
2787 5491 3039 5556 accincti,
3073 5490 3140 5543 ad
3183 5503 3245 5544 ea
3281 5500 3400 5556 qua:
3456 5486 3697 5555 ipsorum

2129 5589 2391 5659 magister
2422 5585 2679 5643 vocabula
2702 5584 2888 5656 objicit
2910 5584 3180 5653 peculiare
3198 5582 3433 5636 studium
3449 5583 3691 5633 nostrum

2129 5689 2531 5737 convertemus.
2567 5677 2735 5732 Porro
2759 5676 3110 5747 conSpicuum
3135 5674 3258 5740 erit,
3292 5672 3436 5741 quod
3479 5670 3523 5723 si
3558 5668 3695 5737 ejus,

2127 5774 2217 5842 qtti
2251 5780 2437 5829 auctor
2459 5771 2582 5827 mali
2604 5769 2726 5837 fuit,
2754 5767 3461 5838 machinastlisjccvrituus,
3482 5762 3697 5816 illorum
