3978 6488
393 389 502 455 215

1426 390 1487 453 S.
1532 383 1951 448 NICEPHOBI
1993 379 2498 441 PATRIARCHAE
2535 379 2646 439 GP.

3572 364 3682 433 218

395 515 631 571 quoque,
663 499 754 572 qui
811 499 1045 557 indidem
1107 499 1506 558 institutionem
1557 516 1709 555 suam
1752 508 1973 581 accepe-

2084 493 2453 565 ἅρμοσόμεθα.
2475 489 2713 562 Φανερδν
2732 488 2857 543 δ’ἃν
2886 487 3106 555 γένοιτο,
3127 484 3204 549 ὡς
3221 483 3356 537 είτά
3371 480 3480 535 τοῦ
3504 493 3673 551 μυστ-

397 599 541 659 runt,
571 605 733 661 opera
759 590 923 648 simul
954 592 1327 648 destruentur.

467 870 520 926 8.
545 851 860 927 Communis
886 880 1066 926 autem
1102 885 1131 923 a
1171 869 1322 923 nobis
1350 882 1530 922 sermo
1572 866 1663 921 flet
1703 874 1813 920 tum
1838 880 1971 919 con—

397 974 482 1015 tra
503 962 836 1017 inventorem
864 976 928 1016 ac
959 967 1234 1030 parentem
1259 958 1462 1013 scenici
1498 958 1659 1027 hujus
1674 956 1967 1026 dogmatis,

400 1061 514 1106 tum
556 1063 742 1107 contra
787 1052 1052 1107 satellites
1097 1050 1216 1121 ejus
1251 1064 1530 1119 novosque
1590 1048 1840 1104 scurrilis
1875 1049 1975 1102 hu-

393 1145 548 1209 jusce
565 1159 917 1213 erroneacque
945 1143 1226 1198 sentcntiae
1245 1143 1629 1213 dogmatisms.
1657 1142 1850 1212 Agesis
1878 1140 1976 1209 igi-

298 1232 309 1303 ζ
398 1246 508 1299 tur,
565 1244 713 1289 mora
777 1235 1001 1301 omissa,
1034 1235 1246 1303 objecta
1297 1234 1502 1289 abillis
1570 1232 1970 1302 expendamus;

294 1296 313 1359 ἶ
396 1296 588 1391 hisque
632 1324 683 1377 in
743 1296 997 1378 medium
1026 1296 1298 1390 adductis,
1329 1334 1598 1396 quotquot
1621 1296 1857 1378 absurde
1890 1296 1973 1377 di?

395 1426 544 1475 cunt.
579 1424 633 1470 et
660 1416 729 1471 ob
778 1416 1156 1486 decipiendum
1208 1417 1613 1487 fallendumque
1640 1416 1835 1485 vulgus
1887 1413 1974 1468 itt-

396 1516 651 1569 slruunl,
709 1508 972 1578 quidquid
1001 1509 1350 1577 blasphemiae
1402 1508 1455 1563 in
1515 1508 1601 1563 his
1634 1508 1799 1572 inest,
1829 1505 1973 1560 facili

398 1602 616 1667 negotio
685 1613 1069 1667 coarguamus.
1124 1598 1226 1653 Sed
1279 1599 1424 1653 enim
1508 1596 1707 1651 multas
1759 1595 1973 1650 illorum

395 1705 590 1760 nugas,
611 1700 663 1743 et
688 1690 904 1745 insitam
928 1689 1329 1760 garrulitatem,
1359 1704 1465 1759 qua
1502 1688 1608 1759 19
1633 1703 1830 1743 vanum
1852 1700 1976 1742 ver-

394 1782 585 1835 borum
613 1781 892 1835 cumulum
916 1782 1266 1837 audientibus
1294 1781 1569 1851 ingerunt,
1602 1780 1972 1844 declinantes,

395 1874 509 1940 ipsa
535 1891 657 1943 qua:
691 1873 907 1928 illorum
951 1874 1201 1928 stultitia:
1254 1874 1511 1943 capitalia
1561 1872 1971 1936 existimantur,

393 1968 643 2021 cominus
668 1949 1069 2036 aggrediamur.
1108 1965 1294 2034 Neque
1322 1966 1500 2020 secius
1531 1964 1976 2018 animadverten-

391 2059 517 2113 dum
556 2067 661 2123 est,
691 2074 793 2128 qua
829 2059 1043 2114 ratione
1070 2057 1139 2112 ad
1176 2058 1316 2123 illos,
1350 2058 1442 2127 qui
1475 2066 1603 2112 tunc
1649 2054 1974 2110 sacerdotali

391 2151 657 2220 dignitate
679 2153 926 2206 exornati
962 2158 1142 2217 erant,
1171 2164 1478 2205 sermonem
1507 2164 1664 2204 suum
1704 2148 1970 2202 intendat.

391 2239 609 2295 Etenim
637 2221 1031 2312 interrogativa
1058 2241 1232 2296 forma
1266 2240 1661 2305 sermocinans,
1701 2241 1771 2292 ita
1800 2239 1971 2292 simu.

392 2331 469 2384 lat
509 2330 810 2385 solutiones
861 2330 1149 2384 dubiorum
1216 2330 1542 2399 exquirere;
1605 2329 1708 2382 etsi
1774 2327 1975 2396 alioqui

389 2421 741 2491 praepotentia
770 2420 936 2474 multa
966 2429 1020 2475 et
1052 2419 1197 2474 onmi
1229 2421 1453 2473 audacia
1480 2419 1825 2489 propriaeque
1853 2434 1977 2473 sen-

393 2515 578 2568 tentiae
643 2512 936 2566 tenacitate
972 2522 1156 2577 utens,
1192 2512 1390 2581 placita
1427 2527 1521 2566 sua
1553 2511 1763 2581 jamdiu
1815 2527 1975 2566 exse-

392 2601 597 2670 quitur.
630 2600 723 2657 Sic
758 2602 923 2672 igitur
953 2601 1284 2670 objectiones
1306 2615 1367 2655 se
1389 2602 1589 2656 habent
1616 2601 1720 2671 (9).

463 2782 517 2835 9.
564 2800 583 2832 ι
641 2780 836 2836 Sancta
884 2782 974 2835 Dei
1014 2781 1279 2837 catholica
1321 2782 1586 2847 omnium,
1648 2780 1740 2849 qui
1814 2779 1977 2836 Chri-

393 2875 561 2929 stiani
588 2889 797 2942 sumus,
816 2874 1058 2930 Ecclesia
1089 2874 1381 2929 traditione
1410 2872 1607 2928 didicit
1628 2872 1699 2927 ita
1723 2870 1976 2927 confiteri

391 2964 593 3019 Filium
617 2979 681 3019 ac
707 2962 938 3019 Verbum
965 2963 1058 3019 Dei
1094 2980 1108 3018 :
1144 2971 1337 3019 natura
1374 2963 1626 3019 videlicet
1648 2961 1974 3031 simplicem,

392 3060 739 3112 incarnatum
769 3065 950 3111 autem
985 3056 1040 3111 in
1090 3057 1432 3111 sanctissima
1492 3054 1844 3110 immaculata
1873 3052 1979 3106 Do-

2076 586 2471 655 αγωγήσαντος
2507 582 2606 654 τὴν
2630 581 2829 637 κακίαν
2858 575 3233 649 καταδληθείη
3255 573 3493 647 μηχανή
3505 590 3680 643 ματα,

2075 677 2172 731 καὶ
2207 676 2318 729 τῶν
2347 675 2559 729 ἐκεῖθεν
2601 673 2999 745 ἐξηρτημένων
3026 669 3128 742 τὴν
3160 667 3389 740 μύησιν,
3430 664 3684 735 συγκαθ-

2076 768 2324 840 αιρεθείη
2341 767 2409 821 τά
2432 767 2655 837 ἐγχειρή
2667 782 2837 836 ματα.

2144 858 2215 929 η’.
2257 858 2450 923 Κοινὺς
2478 859 2551 911 δὲι
2580 857 2737 910 ἔσται
2796 858 2929 928 ἡμῖν
2981 857 3011 909 ό
3048 855 3210 924 λόγος
3286 850 3439 925 πρός
3482 868 3549 903 τε
3584 850 3680 902 τὸν

2076 950 2307 1021 εὑρετὴν
2338 949 2432 1002 καὶ
2458 948 2673 1017 πατέρα
2714 947 2870 1001 τοῦδε
2916 945 3014 1002 τοῦ
3061 940 3682 1018 δραματουργηθέντος

2076 1041 2371 1111 δόγματος,
2399 1040 2494 1093 καὶ
2518 1040 2646 1103 τοὺς
2678 1038 3029 1102 ὑπασπιστάς
3055 1038 3151 1091 καὶ⁸
3193 1036 3390 1099 κενοὺς
3454 1033 3681 1103 δογμα-

2076 1132 2266 1196 τιστὰς
2292 1131 2396 1201 τῆς
2426 1130 2740 1201 βωμολόχου
2761 1130 2969 1198 ταύτης
3003 1131 3098 1183 καὶ
3131 1128 3432 1198 άπατηλῆς
3483 1124 3675 1194 δόξης.

2077 1224 2285 1293 Καιρὸς
2338 1223 2524 1277 λοιπὸν
2578 1222 2681 1292 ἤδη
2740 1224 2828 1277 ἐπ’
2875 1222 3047 1291 αὐτὴν
3093 1220 3203 1276 τῶν
3249 1217 3683 1288 προϐλημάτων

2077 1312 2259 1367 αὐτῶν
2292 1313 2433 1366 ίέναι
2486 1311 2586 1384 τὴν
2625 1313 2891 1384 ἔρευναν·
2942 1314 3040 1366 καὶ
3094 1311 3268 1364 ταῦτα
3313 1312 3401 1372 είς
3469 1307 3682 1379 μέσους

2076 1405 2389 1473 ἀγαγόντας
2422 1406 2528 1458 ,ὅσα
2560 1404 2851 1476 παράλογα
2884 1407 2943 1457 ἐν
2996 1403 3202 1467 αὐτοῖς,
3232 1401 3327 1454 καὶ
3389 1400 3544 1470 πρὸς
3580 1400 3684 1451 ὕπ-

2077 1496 2302 1565 αγωγὴν
2331 1496 2426 1549 καὶ
2441 1496 2658 1566 ἀπάτην
2689 1494 2796 1549 τῶν
2830 1494 3042 1549 πολλῶν
3074 1491 3543 1563 σκευωρούμενα,
3585 1490 3679 1543 καὶ

2078 1589 2133 1640 εἴ
2176 1606 2228 1641 τι
2270 1582 2629 1659 ’βλασφημίας
2681 1585 2937 1655 ἔμπλεων
2991 1586 3307 1655 διαφανείη,
3380 1581 3679 1650 διελέγξαι

2054 1664 2313 1753 ’ῥᾳδίως
2345 1681 2483 1735 ἀλλὰ
2507 1679 2596 1734 τὸν
2620 1678 2788 1733 πολὺν
2834 1678 2995 1733 ῦθλον
3043 1678 3139 1731 καὶ
3186 1676 3289 1748 τὴν
3322 1674 3680 1744 ἐγκειμένην

2081 1773 2376 1845 φλυαρίαν,
2429 1775 2524 1827 καὶ
2566 1773 2745 1837 άλλως
2781 1771 3047 1845 ῥημάτων
3077 1769 3236 1840 ὄχλον
3279 1770 3405 1831 τοῖς
3456 1768 3676 1837 ἀκροα-

2076 1869 2199 1929 ταῖς
2228 1864 2564 1934 ἐμποιοῦσαν
2591 1866 3029 1935 περιιστάμενοι,
3059 1863 3147 1915 ἐπ’
3177 1859 3321 1914 αὐτά
3346 1860 3422 1913 τά
3452 1857 3680 1912 δοκοῦν-

2077 1977 2147 2012 τα
2226 1959 2421 2030 καίρια
2478 1953 2619 2011 εἶναι
2666 1956 2768 2027 τῆς
2834 1954 3203 2027 ματαιότητος
3244 1950 3433 2007 αὐτῶν
3508 1950 3678 2018 ὁμόσε

2076 2051 2367 2124 χωρῶμεν.
2427 2050 2594 2105 Οὐδὲν
2651 2050 2710 2104 δὲ
2764 2052 2946 2122 χεῖρον
2999 2046 3415 2119 ἐπιμνησθῆναι
3470 2043 3571 2097 καὶ
3636 2035 3677 2111 ᾧ

2078 2143 2265 2216 τρόπῳ
2296 2146 2409 2207 τοῖς
2435 2142 2496 2196 τὸ
2524 2142 2784 2212 τηνικάδε
2822 2140 2882 2195 τὸ
2910 2142 3012 2211 τῆς
3061 2138 3366 2211 ἱερωσύνης
3421 2138 3673 2208 ἐσχημα-

2077 2237 2355 2307 τισμένοις
2372 2236 2592 2306 ἀξίωμα
2611 2234 2690 2305 τῷ
2716 2234 2862 2305 λόγῳ
2891 2233 3251 2304 προσάγεται.
3298 2231 3394 2285 Ἐν
3423 2229 3674 2299 σχήματι

2078 2328 2188 2397 γάρ
2218 2329 2545 2399 ἐρωτήσεως
2593 2327 2855 2398 προάγων
2903 2325 2995 2379 τὸν
3041 2325 3221 2394 λόγον,
3265 2321 3489 2376 ἐκεῖθεν
3544 2322 3676 2374 ὑπο-

2078 2419 2379 2473 πλάττεται
2402 2419 2502 2484 τὰς
2552 2418 2739 2482 λύσεις
2786 2417 2895 2472 τῶν
2928 2416 3303 2489 ἠπορημένων
3351 2413 3672 2483 ἐπιζητεῖν,

2079 2513 2173 2566 καί
2203 2528 2287 2564 τοι
2317 2511 2461 2565 κατὰ
2486 2511 2688 2580 πολλὴν
2739 2507 3014 2576 ἐξουσίαν,
3070 2505 3337 2577 αὐθαδείᾳ
3381 2506 3541 2576 πάσῃ
3582 2505 3674 2556 καὶ

2078 2603 2340 2676 φιλαυτία
2364 2603 2725 2674 κεχρημένος,
2755 2601 2823 2655 τὰ
2848 2600 2999 2671 αύτῷ
3047 2598 3431 2671 κεχαρισμένα
3479 2596 3672 2667 προδι-

2080 2695 2297 2768 ηνυκὼς
2332 2697 2622 2766 ἦδη.”Εχει
2654 2695 2712 2749 δὲ
2744 2687 2845 2748 ὧδε
2873 2692 2943 2747 τὰ
2958 2693 3377 2763 προτεινόμενα.

2153 2786 2218 2841 θ’.
2266 2805 2285 2837 ι
2335 2785 2567 2853 Ἦ³άγία
2615 2785 2710 2837 τοῦ
2758 2782 2896 2837 Θεοῦ
2953 2780 3219 2852 καθολικὴ
3249 2779 3410 2852 ἡμῶν
3441 2778 3666 2832 πάντων

2080 2877 2192 2931 τῶν
2237 2876 2585 2948 Χριστιανῶν
2620 2874 2942 2946 Ἐκκλησία,
2985 2872 3300 2945 παρέλαϐεν
3328 2870 3514 2934 οὕτως
3544 2870 3668 2940 ὁμο-

2081 2972 2262 3041 λογεῖν
2290 2970 2381 3023 τὸν
2407 2969 2539 3024 Υίὸν
2565 2968 2659 3023 καὶ
2689 2967 2864 3037 Λόγον
2898 2965 2992 3019 τοῦ
3042 2962 3180 3018 Θεοῦ
3233 2963 3399 3032 φύσει
3460 2958 3668 3015 ἁπλοῦν

2052 3064 2421 3135 ·ύπὰρχοντα,
2460 3059 2820 3133 σαρκωθέντα
2843 3058 2900 3112 δὲ
2929 3060 2993 3112 ἐκ
3015 3058 3117 3128 τῆς
3149 3056 3434 3125 παναγίας
3467 3053 3668 3126 άχράν-

389 3148 536 3201 mina
556 3157 738 3202 nostra
766 3145 994 3216 Deipara
1019 3160 1235 3216 semper
1258 3147 1470 3214 virgine
1495 3146 1699 3214 Maria;
1726 3159 1831 3200 non
1856 3160 1975 3198 mu-

2084 3175 2173 3213 του
2196 3153 2496 3225 Δεσποίνης
2525 3152 2684 3224 ἡμῶν
2713 3150 2979 3205 Θεοτόκου
3001 3150 3090 3204 ἀεὶ
3113 3148 3387 3221 παρθένου
3417 3145 3664 3217 Μαρίας.

393 3248 503 3295 tata
530 3241 581 3294 in
611 3255 829 3295 carnem
856 3240 1159 3305 divinitate,
1194 3254 1370 3310 neque
1392 3254 1555 3295 carne
1580 3239 1976 3294 incrementum

391 3333 989 3400 afferentedivinitati;
1028 3334 1123 3389 sed
1171 3334 1385 3388 duabus
1441 3332 1657 3387 naturis
1695 3332 1751 3386 in
1798 3332 1981 3388 incon-
2026 3384 2027 3387 η

393 3425 566 3480 fusam
615 3442 779 3481 unam
821 3425 1146 3480 coeuntibus
1177 3425 1433 3478 unionem
1463 3423 1766 3478 divinitatis
1815 3430 1982 3490 atque

390 3516 780 3581 humanitatis;
810 3514 1043 3583 ideoque
1071 3529 1238 3568 unum
1257 3514 1618 3580 eumdemun
1638 3526 1763 3567 esse
1784 3527 1978 3583 secun-

390 3611 521 3663 dum
550 3611 764 3662 unicam
793 3608 1121 3678 hypotasim,
1156 3607 1421 3675 duplicent
1456 3605 1716 3661 videlicet
1768 3606 1822 3659 in
1874 3579 1980 3659 una

391 3716 624 3773 persona
663 3716 679 3754 ι
713 3700 927 3756 etiamsi
957 3701 1136 3755 omnis
1176 3702 1352 3769 imago
1377 3700 1442 3755 de
1474 3710 1766 3771 prmotypo
1793 3698 1979 3769 aliquo

396 3793 641 3847 derivata
671 3790 1035 3863 cognoscitur.
1071 3811 1090 3844 ι

468 3968 596 4026 Ιίειεε
653 3970 705 4025 ἱιι
744 3971 1010 4040 prominio
1051 3977 1200 4026 sunt.
1241 3968 1383 4037 Quid
1430 3984 1559 4040 ergo
1606 3983 1704 4025 nos
1753 3967 1820 4022 ad
1870 3968 1985 4021 haec

398 4061 673 4116 dicimus?
711 4059 918 4132 Nempe
973 4062 1099 4131 quia
1158 4062 1347 4117 statim
1415 4061 1636 4131 quidem
1699 4059 1986 4129 primoque

399 4163 574 4221 motu,
607 4154 864 4224 quoniam
898 4154 964 4209 ad
990 4153 1306 4209 Chritianos
1336 4154 1499 4209 verba
1527 4152 1677 4218 facit,
1710 4152 1983 4207 scenicam

399 4245 695 4300 Christiani
753 4246 995 4301 hominis
1032 4260 1321 4315 personam
1389 4245 1495 4300 sibi
1540 4244 1763 4309 induit,
1803 4242 1986 4298 dolum

400 4348 566 4405 atque
598 4336 865 4393 fallaciam
916 4337 1059 4418 intra
1117 4338 1394 4408 preprium
1427 4337 1694 4401 animum,
1730 4345 1984 4405 tanquam

399 4438 455 4486 in
487 4448 635 4500 arca,
666 4433 885 4488 interim
936 4434 1144 4489 celans.
1185 4431 1368 4488 Jactat
1393 4442 1575 4488 autem
1615 4446 1676 4487 se
1730 4428 1987 4486 Ecclesia:

2084 3249 2158 3320 μὴ
2200 3246 2478 3319 τρέψαντα
2529 3246 2628 3316 τὴν
2687 3244 2924 3313 θεότητα
2972 3244 3051 3307 είς
3112 3242 3314 3312 σάρκα,
3374 3241 3517 3312 μήτε
3571 3239 3668 3309 τὴν

2081 3342 2261 3411 σάρκα
2292 3340 2373 3401 είς
2406 3337 2506 3408 τὴν
2536 3336 2770 3408 θεότητα
2802 3333 2967 3400 αῦξος
3003 3334 3495 3406 ἐμποιησαμένην,
3533 3331 3669 3386 ἀλλὰ

2078 3432 2187 3484 τῶν
2215 3429 2309 3483 δύο
2328 3427 2543 3498 φύσεων
2572 3425 2945 3481 συνελθουσῶν
2980 3425 3061 3487 είς
3103 3424 3300 3477 ἕνωσιν
3349 3424 3664 3493 ἀσύγχυτον

2082 3522 2235 3592 μίαν,
2269 3521 2369 3592 τήν
2401 3537 2457 3572 τε
2505 3520 2598 3590 τῆς
2652 3518 2910 3588 θεότητος
2952 3518 3044 3569 καὶ
3080 3515 3179 3586 τῆς
3211 3515 3661 3587 ἀνθρωπότητος,

2079 3614 2277 3669 ἔνατον
2325 3612 2488 3666 αὐτὸν
2527 3612 2650 3664 καθ’
2693 3611 2991 3687 ύπόρτασιν
3018 3608 3144 3679 μίαν
3176 3608 3449 3679 ὑπάρχειν
3469 3625 3482 3638 ·
3508 3620 3663 3659 τουτο

2081 3709 2196 3760 ἐστι
2225 3704 2445 3761 διπλοῦν
2476 3706 2533 3757 ἐν
2565 3706 2646 3758 ἐνὶ
2698 3703 2973 3773 προσώπῳ
3029 3701 3179 3767 ὄντα,
3242 3700 3345 3755 κᾶν
3392 3703 3548 3754 πᾶσα
3597 3696 3669 3749 εί-

2081 3799 2195 3854 κὼν
2235 3796 2569 3868 παράγωγος
2625 3794 2737 3868 (ιο)
2795 3793 3154 3867 πρωτοτύπου
3210 3792 3354 3856 τινὸς
3411 3786 3676 3861 γνωρίξη·

2080 3909 2189 3947 ται.
2232 3911 2253 3944 ι

2147 3982 2230 4035 Τὰ
2262 3981 2365 4054 μὲν
2390 3979 2456 4051 δὴ
2489 3978 2599 4034 τῶν
2624 3978 2932 4051 προοιμίων
2962 3975 3213 4032 τοιαῦτα.
3281 3974 3348 4029 Τί
3393 3968 3491 4028 οὖν
3536 3968 3669 4040 πρδς

2081 4072 2259 4128 ταῦτά
2287 4088 2470 4144 φαμεν
2495 4072 2695 4142 ήμεῖςς
2724 4069 2852 4126 ’Ότι
2882 4068 3044 4131 εὐθὺς
3075 4068 3175 4139 μὲν
3207 4066 3305 4120 καὶ¹
3332 4067 3398 4119 ἐκ
3444 4060 3668 4136 πρώτης

2085 4165 2507 4236 ἐπιχειρήσεως,
2536 4162 2727 4234 ἐπειδὴ
2770 4163 2908 4232 πρὸς
2957 4159 3332 4231 Χριστιανοὺς
3364 4152 3435 4227 ἦν
3468 4151 3615 4220 αὐτῷ
3640 4151 3666 4202 ὁ

2085 4258 2263 4326 λόγος,
2290 4253 2620 4328 Χριστιανοῦ
2666 4253 2960 4325 πρόσωπον
2990 4251 3309 4312 ὑποδύεται,
3337 4249 3399 4301 τὸ
3432 4244 3664 4301 ὓπουλον

2087 4345 2183 4398 καὶ
2211 4343 2427 4415 δολερὸν
2448 4342 2640 4413 ὥσπερ
2671 4342 2730 4393 ἐν
2775 4341 2989 4412 ταμείῳ
3018 4342 3084 4412 τῇ
3119 4338 3316 4393 ἑαυτοῦ
3347 4337 3496 4409 ψυχῇ
3534 4332 3666 4393 τέως

2088 4435 2579 4507 ἀποκρυψάμενον
2630 4431 3125 4496 καταλαζονεύεται
3155 4431 3213 4484 δὲ
3243 4430 3344 4500 τὴν
3396 4429 3497 4499 τῆς
3549 4425 3665 4478 Ἐκ-

398 4538 726 4579 conservare
792 4523 1187 4593 traditionem,
1238 4524 1513 4593 Verbiqne
1563 4521 1657 4578 Dei
1704 4519 1979 4575 humanati

2090 4527 2327 4600 κλησίας
2380 4527 2675 4596 φυλάττειν
2743 4525 3046 4597 παράδοσιν
3073 4565 3088 4590 ,
3130 4523 3227 4577 καὶ
3271 4516 3664 4590 άποσεμνύνειν

401 4617 720 4685 mysterium
758 4617 1108 4687 magnificare
1140 4618 1388 4681 videtur;
1414 4617 1684 4683 simulque
1717 4614 1986 4669 honorare

401 4706 627 4759 simulat
713 4707 1116 4761 sanctissimam
1179 4708 1460 4777 Virginem
1541 4706 1636 4760 Dei
1715 4713 1978 4769 matrem;

401 4811 565 4866 quam
612 4794 741 4851 alibi
801 4798 1137 4851 multimodis
1211 4798 1624 4852 dehonestatam
1700 4796 1985 4850 traducere

404 4889 755 4957 moliebatur,
792 4906 1000 4945 necnon
1029 4890 1271 4959 ejusdem
1328 4893 1468 4960 apud
1501 4891 1669 4946 Deum
1716 4891 1981 4946 intercesa

405 4983 614 5038 sionem
676 4999 906 5052 negare,
959 5000 985 5035 ιι
1045 5000 1148 5051 qua
1198 4983 1526 5038 Christianis
1579 4984 1834 5038 omnibus
1887 4998 1983 5037 ceu

405 5073 601 5129 salutis
646 5074 1042 5141 conciliatrice,
1095 5091 1191 5145 spe
1246 5076 1507 5133 immobili
1559 5078 1747 5144 fretis,
1789 5078 1984 5134 salvari

477 5320 553 5391 (9)
592 5319 894 5391 Sequentes
921 5321 1021 5375 sub
1046 5321 1325 5375 asteriscis
1359 5321 1439 5376 vel
1475 5322 1653 5390 potius
1679 5322 1851 5376 ohclis
1883 5321 1981 5375 loci

410 5389 650 5443 citantur
685 5389 1033 5446 refutationis
1066 5393 1238 5459 gratia
1272 5389 1662 5459 a-Niccphoro,
1695 5407 1759 5444 ex
1790 5392 1984 5460 deper-

411 5462 523 5512 dito
549 5461 877 5532 Cuprenymi
902 5464 1109 5530 scripto
1132 5477 1230 5532 pro
1260 5462 1452 5515 heresi
1486 5462 1980 5529 lconoclastarum;

411 5532 525 5581 sive
566 5530 615 5581 id
648 5530 885 5584 edictum
931 5532 1112 5595 fuerit,
1134 5530 1270 5587 _sive
1304 5542 1571 5586 tractatus
1602 5532 1701 5586 sub
1737 5532 1853 5598 ejus
1885 5548 1982 5587 ηο-

348 5632 355 5639 ε
415 5600 558 5653 mine
610 5601 868 5665 scriptus.
918 5601 1164 5657 Edictum
1219 5603 1433 5670 quidem
1485 5611 1749 5654 memorat
1790 5601 1986 5657 Suidas

412 5684 533 5722 voc.
588 5671 1030 5734 Κωνσταντῖνος,
1088 5688 1296 5725 necnon
1343 5670 1623 5726 Cedrcnus
1666 5674 1751 5726 ed.
1811 5672 1981 5732 Paris,

412 5747 456 5789 ι.
490 5740 665 5810 -Ιίνρ,
705 5741 726 5794 1
770 5759 782 5793 :
835 5742 923 5803 Ὠς
977 5742 1071 5793 καὶ
1118 5743 1320 5810 θεσμὸν
1377 5743 1470 5794 ἐπὶ
1523 5741 1657 5794 λαοῦ
1697 5742 1983 5794 καθολικὴν

416 5808 692 5877 ἐκθέσθαι,
746 5810 819 5881 μὴ
852 5811 1103 5880 λέγεσθαὶ
1159 5808 1279 5865 τινα
1314 5812 1419 5865 τῶν
1469 5811 1819 5883 θεραπόντων
1868 5816 1984 5867 Ku-

2066 4623 2240 4676 ’δοκεῖ
2263 4623 2325 4675 τὸ
2351 4621 2451 4690 τῆς
2477 4621 2795 4692 οἰκονομίας
2823 4619 2917 4673 τοῦ
2943 4619 3079 4673 Θεοῦ
3112 4618 3290 4686 Λόγου
3325 4616 3625 4688 μυστήριον
3648 4625 3659 4638 ’

2090 4714 2374 4784 γεραίρειν
2399 4729 2465 4781 γε
2510 4712 2617 4782 μὴν
2651 4711 3199 4782 κατασχηματίζεται
3240 4708 3339 4780 τὴν
3399 4702 3662 4773 παναγίαν

2087 4805 2387 4876 Παρθένον,
2419 4803 2512 4857 τοῦ
2540 4805 2678 4857 Θεοῦ
2710 4803 2948 4876 μητέρα,
2974 4802 3042 4875 ἢν
3072 4804 3131 4855 ἐν
3161 4802 3378 4873 ἑτέροις
3401 4793 3662 4867 πολυτρό-

2088 4916 2208 4962 πως
2239 4897 2601 4968 ἠτιμωμένην
2626 4895 2898 4950 δεικνύειν
2919 4895 3197 4959 ἐϐούλετο,
3247 4893 3345 4946 καὶ
3375 4890 3547 4952 αὑτάς
3569 4886 3662 4945 τὰς

2090 4990 2227 5059 πρὸς
2256 4988 2389 5041 Θεὸν
2419 4988 2551 5059 παρ’
2582 4988 2753 5059 αὐτῆς
2780 4986 3099 5058 πρεσϐείας,
3135 4984 3203 5038 δι’
3236 4977 3311 5038 ὦν
3355 4985 3488 5037 πᾶσι
3530 4980 3656 5048 Χρι-

2093 5082 2329 5142 στιανοϊς
2354 5079 2428 5143 ὡς
2458 5079 2735 5151 σωτηρίας
2764 5078 3045 5150 προξένων
3076 5076 3293 5130 ἐλπίσιν
3342 5071 3657 5143 άκλονήτοις

2092 5324 2209 5393 ρίου
2249 5324 2311 5375 τὸ
2343 5323 2609 5393 παράπαν
2637 5323 2825 5393 ἅγιον,
2855 5321 2995 5393 ἀλλὰ
3030 5320 3140 5393 καὶ.
3168 5318 3237 5372 τὰ
3264 5316 3495 5393 λείψανα
3518 5308 3652 5393 Ατού-

2089 5383 2603 5464 τωνγεύρισκόμενα
2635 5383 3015 5464 διαπτύεσθαι,
3046 5391 3159 5464 ,καί
3189 5389 3337 5464 μηδὲν
3363 5383 3653 5464 πρεσβείαν

2088 5463 2271 5516 αὐτῶν
2299 5456 2590 5529 ’ὲξξαιτῖεἴν⁵
2675 5462 2827 5515 οὐδὲν
2878 5463 2986 5532 γὰρ
3042 5456 3366 5532 ἰσχύουσιν’;
3406 5456 3480 5532 Ut
3506 5456 3654 5520 legem

2087 5550 2289 5604 quoque
2319 5535 2661 5588 uniuersalem
2696 5533 2887 5602 populo
2916 5529 3265 5604 praposueril,
3302 5545 3364 5582 ue
3394 5529 3652 5604 quisquam

2087 5599 2300 5658 ounu'no
2341 5620 2606 5657 servorum
2643 5599 2772 5667 Dei,
2804 5599 3019 5655 candus
3065 5602 3360 5663 diceretur;
3400 5599 3486 5650 sed
3509 5599 3653 5648 etiam

2085 5690 2262 5728 eorum
2299 5676 2532 5744 reliquie:
2566 5684 2781 5742 reperla'
2822 5675 3221 5744 despicerentur,
3255 5685 3378 5722 neve
3419 5670 3651 5744 interces-

2086 5746 2163 5796 sio
2192 5742 2423 5811 ipsorum
2450 5753 2734 5811 peteretur,
2771 5761 2863 5799 cett
2897 5747 2984 5813 qui
3010 5742 3143 5796 nihil
3168 5743 3357 5811 jsivare
3384 5742 3586 5811 queant.

2159 5817 2267 5887 (lii)
2304 5816 2432 5869 (lvd.
2468 5817 2738 5885 παράγος.
2794 5820 2799 5823 “
