3978 6450
179 363 271 433 217
897 367 1524 458 ANTIRRHETICUS
1556 369 1583 428 Ι
1624 369 1793 431 ADV.
1833 372 2432 441 CONSTANTINUM
2469 376 2686 438 COPR.

3323 373 3432 444 218

179 481 583 555 ίρηρεισμένοις
611 478 671 535 τὸ
717 479 989 546 σώζεσθαι
1025 480 1391 552 περιγίνεται,
1441 481 1736 536 ἀπαναινό·

1849 489 2108 560 contingit
2129 491 2268 564 (ll).
2288 491 2458 546 Fictis
2479 500 2662 544 alitem
2699 485 3008 557 hujusmodi
3043 489 3224 546 verbis
3250 505 3432 548 mores

177 592 348 648 μενος.
380 571 802 645 Καταγοητεύει
852 573 908 628 δὲ
959 578 1076 638 τοῖς
1124 575 1486 638 ἐπιπλάστοις
1532 575 1744 646 ῥήμασι

173 668 378 731 τούτοις
429 666 536 720 τῶν
573 667 948 738 ἀκροωμένων
973 667 1043 720 τὰ
1075 667 1204 738 ἤθη,
1227 667 1304 731 ὡς
1335 667 1401 722 ἂν
1423 668 1626 730 αὐτοὺς
1655 666 1746 720 διὰ

174 757 366 813 τούτων
400 757 786 826 ἐπαγαγέσθαι
825 757 1128 829 δυνήσοιτο.
1179 757 1461 814 Ἐντεῦθεν
1507 759 1744 822 ἀστείως

176 867 250 913 τις
279 848 422 920 μάλα
447 851 542 904 καὶ
581 850 970 921 ἐμμελέστατα
1003 851 1370 920 ἀποφανεῖται
1401 850 1745 923 πληροῦσθαι

183 943 258 996 ἐπ’
313 942 468 1010 αὐτῷ
517 943 706 998 ἐκεῖνα
761 941 825 1014 δὴ
885 943 952 997 τὰ
1015 943 1139 1012 ίερὰ
1189 943 1349 1013 λόγια
1418 945 1742 1014 φάσκοντα’

182 1035 340 1102 Βολὶς
383 1034 802 1102 τιτρώσκουσα
842 1035 881 1103 ἡ
935 1023 1192 1104 γλῶσσα
1243 1035 1450 1089 αὐτῶν
1471 1051 1484 1065 ·
1557 1033 1744 1104 τάφος

177 1125 534 1196 ἀνεῳγμένος
579 1129 614 1180 ὁ
671 1125 908 1194 λάρυγξ
953 1125 1189 1180 αὐτῶνθ
1235 1125 1367 1192 ταῖς
1429 1126 1744 1196 γλώσσαις

177 1213 358 1268 αὐτῶν
381 1213 773 1268 ἐδολιοῦσαν.
809 1215 1203 1270 Ῑιιθανεύονται
1243 1217 1340 1286 μὲν
1367 1215 1478 1286 γὰρ
1503 1216 1744 1287 τῷ-λείῳ

180 1307 263 1360 καὶ
293 1307 579 1377 περιχαρεῖ
601 1305 710 1358 τῶν
735 1305 913 1374 λόγων
945 1323 1012 1377 με
1023 1307 1398 1378 μορφωμένοι,
1431 1306 1531 1377 τὴν
1569 1308 1744 1376 ἀκοὴν

180 1399 616 1466 καταθέλγοντες·
647 1399 1018 1469 τιτρώσκουσι
1044 1399 1102 1452 δὲ
1133 1400 1308 1470 ὅμως.
1330 1400 1405 1463 ὡς
1435 1400 1495 1452 ἐν
1525 1399 1738 1470 βολίσιν

177 1493 375 1558 οξείαις,
409 1493 510 1556 τὰς
535 1493 648 1546 τῶν
675 1491 1076 1564 ἀμαθεστέρων
1100 1493 1302 1564 ψυχὰς,
1333 1492 1607 1556 ποικίλοις
1645 1493 1741 1546 καὶ

174 1580 395 1644 ἀνιάτοις
443 1580 732 1653 τραύμασι
781 1583 944 1636 κατὰ.
977 1571 1178 1652 βάθους
1232 1581 1736 1654 περιαμύσσοντες.

183 1670 361 1724 Ἦνίκα
380 1671 490 1741 γὰρ
517 1671 834 1744 δυστρόπως
867 1673 960 1727 καὶ
985 1675 1274 1744 κακοήθως
1299 1671 1443 1726 κατά
1474 1673 1574 1744 τῆς
1599 1673 1740 1744 ἀλη-

177 1760 308 1826 θείας
359 1763 754 1834 προσφέρεται,
810 1765 975 1829 εὐθὺς
1026 1767 1087 1819 ού
1144 1765 1588 1838 παρρησιάζεται
1637 1768 1740 1839 τὴν

178 1829 411 1907 ἀσέϐειαν
432 1869 447 1883 ⁸
478 1829 849 1926 εύγνωμὸνως
887 1857 946 1912 δὲ
971 1858 1103 1929 περὶ
1153 1829 1410 1928 τὸν-ὑγιᾶ
1435 1829 1738 1916 διατίθεται
1772 1829 1813 1888 Β

181 1946 335 2014 λόγον,
351 1946 452 2000 ἀπὸ
478 1948 574 2001 τοῦ
603 1949 757 2014 δόξαι
787 1950 969 2022 ὀρθῶς
1001 1953 1098 2006 καὶ
1125 1953 1438 2024 ἀμέμπτως
1463 1953 1737 2022 δοξάζειν,

189 2039 423 2110 θηρᾶσθαι
449 2041 559 2095 τῶν
585 2041 856 2097 πλειόνων
892 2044 991 2116 τὴν
1039 2043 1251 2098 ἔννοιαν
1305 2045 1732 2118 μηχανώμενος,

194 2133 272 2186 ἵνα
291 2135 342 2186 ἐν
367 2125 408 2201 ᾧ
439 2131 620 2202 μέλλοι
644 2134 716 2188 τὰ
753 2135 854 2206 τῆς
885 2135 1094 2198 οίκείας
1130 2135 1522 2208 ἐξερεύγεσθαι
1560 2155 1732 2207 πονη-

147 2214 151 2218 ’
195 2223 320 2295 ρίας,
351 2224 555 2290 πιθανὸς
584 2225 796 2296 ὀφθεὶς,
823 2226 1023 2298 ῥᾳδίως
1050 2226 1163 2280 έλοι
1190 2228 1316 2292 τοὺς
1370 2227 1737 2298 πειθομένους

188 2317 337 2370 αὐτοῦ
394 2319 497 2380 τοῖς
545 2316 888 2388 πλάσμασιν.
939 2317 1099 2372 Ἀλλὰ
1146 2318 1256 2388 γὰρ
1302 2319 1365 2371 οὐ
1411 2319 1518 2390 χρὴ
1567 2337 1738 2392 προσ-

183 2408 463 2463 επιόλέπειν
490 2413 606 2475 τοῖς
632 2413 900 2482 ῥήμασιν,
922 2411 1062 2464 ἀλλὰ
1091 2411 1383 2483 προσέχειν
1413 2416 1526 2476 τοῖς
1552 2414 1736 2484 ὲγχει⁶

179 2503 382 2571 ρήμασι.
422 2501 556 2566 Ταῖς
584 2500 871 2574 ἀλήθείαις
900 2503 1010 2576 γὰρ
1045 2503 1264 2574 αίρεται
1287 2506 1440 2576 αὐτῷ
1468 2506 1612 2559 κατὰ
1637 2509 1738 2576 τῆς

169 2589 254 2645 τοῦ
276 2593 612 2662 Μονογενοῦς
665 2595 981 2666 οἰκονομίας
1039 2598 1068 2648 ὁ
1099 2594 1672 2667 πόλεμος,Ἐντεῦθεν
1704 2597 1734 2648 ὁ

169 2684 346 2754 Τυφὼς
381 2686 474 2757 τῆς
497 2688 760 2752 ἀσεϐείας
787 2688 1058 2760 διαίρεται
1085 2690 1180 2743 καὶ
1212 2689 1382 2753 πολὺς
1413 2690 1734 2760 ἐπιφύεται,

169 2778 290 2832 κατὰ
311 2779 414 2833 τῶν
445 2781 616 2852 ίερῶν
640 2783 800 2852 ἡμῶν
841 2782 1133 2853 δογμάτων
1182 2782 1280 2854 τὴν
1326 2783 1550 2853 ,ἑαυτοῦ
1603 2785 1736 2838 ἀντ-

169 2871 421 2936 εξανιστὰς
442 2873 776 2938 κακοδοξίαν
801 2890 815 2906 ’
836 2875 934 2929 καὶ
963 2869 1044 2938 οἷς
1075 2875 1174 2928 ούκ
1208 2873 1338 2944 ἐξῆν
1366 2875 1518 2946 αὐτῷ
1549 2877 1734 2947 ἐγχει-

169 2963 734 3036 ρείνῆπροσσλέπειν,
783 2965 998 3030 τούτοις
1049 2967 1204 3039 παρὰ
1262 2967 1446 3022 πάντα
1493 2968 1586 3022 τὸν
1637 2969 1734 3023 τοῦ

165 3055 348 3109 δικαίου
374 3055 542 3126 λόγον
569 3058 664 3111 καὶ
695 3058 795 3131 τὴν
819 3059 968 3130 ίερὰν
991 3057 1148 3129 ἡμῶν
1181 3058 1547 3129 θεσμοθεσίαν
1567 3060 1721 3112 ἀντι-

165 3145 483 3213 καθίσταται,
551 3149 968 3223 ἐμϐριθέστατὰ
1011 3169 1074 3205 τε
1143 3151 1240 3206 καὶ
1309 3151 1726 3235 δυσμενέστατα
1758 3181 1802 3240 c

159 3240 328 3294 ἑαυτὸν
378 3243 688 3316 ἐπιῤῥίψας
737 3246 804 3316 τῇ
853 3242 1178 3316 Ἐκκλησία,
1228 3245 1498 3316 Ἐπείπερ
1575 3243 1729 3315 δῆλοι

162 3333 276 3385 πᾶσι
308 3332 675 3387 καθίστανται
712 3333 811 3398 οὓς
847 3337 876 3388 ὁ
907 3334 1042 3398 Θεὸς
1071 3337 1130 3388 ὲν
1153 3337 1219 3406 τῇ
1254 3336 1450 3389 ἐαυτοῦ
1493 3325 1731 3406 Ἐκκλη-

162 3422 237 3495 σίᾳ
257 3425 423 3492 ἔθετο,
452 3427 534 3498 τῇ
565 3425 660 3479 τοῦ
699 3427 941 3496 μεγάλου
990 3427 1321 3482 Ἀποστόλου
1354 3429 1724 3500 μυσταγωγίᾳ

161 3515 269 3584 ἡμῖν
299 3517 710 3590 φανερούμενοι
734 3535 748 3550 ·
777 3519 954 3589 παρὸν
976 3519 1088 3588 γὰρ
1115 3521 1230 3584 τοῖς
1286 3519 1572 3591 δημοσίοις
1629 3523 1727 3573 καὶ

157 3605 434 3676 βασιλικοῖς
487 3611 916 3682 ὲνασχολεῖσθαι
978 3611 1328 3684 πράγμασιν,
1382 3611 1576 3684 ἐπειδὴ
1631 3613 1730 3684 τῆς

157 3697 287 3762 θείας
313 3700 472 3773 δόξης
500 3703 615 3774 τὴν
646 3703 856 3757 οἰκείαν
883 3703 1250 3774 φιλοσαρκίαν
1280 3703 1375 3757 καὶ
1417 3701 1734 3774 ἐμπαθειαν

155 3793 540 3864 προτετίμηκε,
593 3796 717 3860 ταῖς
761 3795 872 3850 τῶν
914 3795 1159 3864 ἀγόντων
1208 3797 1558 3868 ὑπαγόμενος
1619 3799 1733 3850 είσ-

155 3883 400 3952 ηγήσεσι,
457 3887 646 3941 δεινὸν
696 3886 976 3954 πνεύσας,
1021 3888 1167 3944 κατὰ
1216 3888 1310 3944 τοῦ
1375 3889 1734 3956 εύσεῦοὖντος

157 3974 340 4044 μέρους
369 3978 472 4050 τὴν
489 3981 660 4052 χεῖρα
686 3978 1026 4048 καθώπλισε,
1051 3981 1148 4036 καὶ⁴
1167 3986 1267 4052 τὴν
1301 3981 1562 4052 γλῶσσαν
1586 3982 1734 4036 κατὰ

151 4065 240 4154 τῆς
264 4068 429 4154 ὀρθῆς
461 4069 570 4124 καὶ
603 4072 914 4154 ἀμωμήτου
941 4072 1102 4144 ἡμῶν
1150 4071 1428 4144 παρέθηξε
1465 4073 1732 4138 πίστεως.

1849 581 2154 637 auditorum
2218 583 2473 650 fascinat,
2504 593 2563 638 ut
2619 583 2701 639 sic
2755 597 2850 638 eos
2893 594 3240 642 transversos
3267 601 3432 658 agere

1850 675 2036 743 possit.
2068 674 2202 730 Hinc
2231 676 2370 732 belle
2389 675 2680 730 admodum
2704 682 2866 746 atque
2894 685 3147 732 accurate
3166 679 3428 748 compleri

1848 765 1902 840 in
1941 767 2040 821 hoc
2081 767 2303 822 homine
2355 767 2484 822 illud
2535 775 2780 838 apparet,
2811 767 2954 836 quod
3001 780 3155 821 sacra
3209 767 3428 822 oracula

1847 857 2034 912 dicunt
2067 872 2080 910 :
2115 855 2320 926 Sagitta
2341 857 2643 918 vulnerans,
2671 855 2854 925 lingua
2885 871 3066 910 eorum
3090 871 3112 910 :
3133 855 3430 923 sepulcrum

1844 957 2052 1012 patens,
2073 957 2254 1014 guttur
2275 962 2455 1000 eorum
2477 961 2496 999 :
2513 945 2708 1015 linguis
2739 945 2852 1000 suis
2881 943 3063 997 dolose
3092 945 3312 1014 agebant
3337 944 3428 996 ³·⁴.

1849 1037 2090 1092 Suadent
2124 1039 2290 1104 enim,
2338 1038 2522 1106 lepore
2567 1051 2634 1090 ac
2677 1035 2898 1090 lenitate
2939 1035 3211 1090 sermonis
3258 1045 3432 1090 semet

1847 1131 2164 1198 ligurantes,
2201 1144 2470 1198 auresque
2517 1131 2846 1194 mulcentes;
2897 1127 3296 1196 vulnerantque
3344 1128 3420 1182 si-

1847 1221 1978 1286 mul,
2013 1235 2114 1276 ceu
2157 1221 2372 1291 sagittis
2413 1221 2609 1284 acutis,
2653 1219 3019 1274 iudoctiorum
3049 1219 3288 1284 animos,
3332 1235 3429 1272 va-

1847 1313 2050 1382 riisque
2073 1322 2127 1366 et
2155 1311 2535 1368 insanibilibus
2564 1312 2742 1382 plagis
2768 1311 2876 1365 alte
2909 1311 3257 1379 transﬁgant.
3293 1311 3427 1366 Cum

1845 1405 1988 1460 enim
2023 1404 2239 1472 oblique
2291 1404 2378 1458 hic
2402 1403 2563 1457 homo
2609 1403 2993 1472 malitiosequo
3033 1405 3299 1460 adversus
3331 1419 3423 1460 τεο

1847 1498 2058 1552 ritatetn
2113 1496 2408 1561 invehitur,
2433 1511 2542 1549 non
2567 1497 2828 1552 continuo
2875 1496 3204 1562 impietatem
3239 1507 3425 1552 ostcu-

1847 1598 1954 1654 tat;
1988 1587 2220 1656 benigne
2252 1602 2378 1642 vero
2409 1587 2732 1656 sincerequc
2759 1588 3066 1641 doctrinam
3109 1602 3296 1642 sanam
3328 1605 3424 1643 ex-

1844 1681 2017 1750 ponit,
2047 1690 2106 1734 ut
2135 1680 2386 1734 videatur
2417 1689 2563 1733 recte
2595 1689 2650 1732 et
2685 1678 3246 1748 irreprchensibiliter
3299 1697 3428 1734 sen-

1847 1773 1975 1836 tire;
2031 1781 2196 1842 atque
2229 1772 2301 1826 ita
2357 1771 2716 1838 complurium
2755 1772 3194 1826 benevolentiam
3239 1775 3424 1828 venari

1843 1863 2082 1930 molitur,
2118 1872 2176 1918 ut
2207 1879 2330 1918 cum
2358 1872 2540 1934 postea
2583 1863 2858 1933 propriam
2890 1875 3106 1920 evomet
3138 1865 3423 1930 malitiam,

1841 1955 2035 2024 dignus
2065 1955 2166 2010 lide
2214 1955 2450 2019 habitus,
2471 1955 2683 2010 facilius
2725 1969 2824 2010 eos
2879 1955 3061 2022 capiat
3103 1956 3192 2024 qui
3250 1957 3423 2024 ipsius

1841 2046 1994 2102 lictas
2024 2045 2234 2104 faltulas
2277 2045 2594 2115 persuaderi
2635 2044 2737 2098 sibi
2794 2045 3043 2101 siverint.
3072 2047 3234 2114 Atqui
3274 2047 3421 2100 haud

1839 2143 2058 2208 oportet
2101 2136 2282 2192 verbis
2333 2135 2640 2198 attendere,
2678 2135 2788 2204 20
2819 2138 2914 2190 sed
2957 2137 3094 2190 facta
3161 2135 3420 2190 conside-

1842 2245 1985 2284 rare.
2007 2230 2084 2284 lle
2115 2228 2259 2283 enim
2295 2242 2422 2282 vera
2443 2237 2816 2281 commovetur
2831 2229 2901 2282 ab
2932 2243 2996 2280 eo
3019 2227 3214 2282 bellum
3233 2229 3426 2283 adver—

1840 2337 1932 2376 sus
1967 2319 2236 2390 Unigeniti
2263 2319 2717 2374 incarnationem.
2755 2319 2894 2374 Hinc
2950 2319 3175 2391 Typhon
3220 2321 3419 2388 impie-

1843 2415 1968 2468 tatis
2015 2413 2282 2468 attollitur
2341 2410 2750 2482 plurimumque
2831 2413 3140 2481 grandescit
3177 2452 3189 2472 .
3237 2408 3424 2468 sacris

1839 2506 2043 2561 nostris
2113 2505 2457 2574 dogmatibus
2513 2519 2824 2575 perversam
2906 2519 3060 2560 suam
3113 2505 3422 2576 Opinionem

1839 2612 2120 2668 opponens
2155 2612 2440 2668 :quasque
2483 2613 2570 2652 res
2602 2599 2650 2653 ei
2696 2613 2796 2653 nec
2853 2597 3122 2668 attingere
3158 2613 3259 2652 nec
3303 2613 3426 2667 spe-

1841 2701 1995 2747 ctare
2029 2692 2242 2756 liceret,
2277 2706 2371 2746 eas
2417 2701 2618 2760 praeter
2647 2706 2811 2747 omne
2855 2692 2938 2746 l'as
2973 2700 3277 2762 praeterque
3323 2707 3424 2746 no-

1839 2796 2006 2840 stram
2065 2785 2459 2853 lcgislationem
2513 2783 2627 2855 (12)
2679 2793 2992 2854 oppugnat,
3043 2797 3256 2837 summo
3299 2797 3424 2836 cum

1839 2875 2041 2944 impetu
2077 2885 2132 2930 et
2160 2875 2286 2929 odio
2323 2875 2375 2929 in
2411 2873 2674 2930 Ecclesiae
2723 2889 2919 2943 corpus
2965 2874 3236 2928 insiliens.
3259 2871 3426 2930 Certe

1837 2967 2090 3021 omnibus
2137 2977 2324 3022 nutum
2355 2977 2464 3032 εει,
2500 2981 2636 3036 quos
2675 2967 2925 3020 homines
2950 2966 3003 3020 in
3035 2965 3274 3021 Ecclesia
3325 2981 3423 3021 sua

1839 3059 1985 3112 Deus
2030 3059 2314 3126 posuerit,
2372 3072 2564 3126 nempe
2615 3071 2708 3111 eos
2757 3072 2893 3124 quos
2955 3059 3136 3127 magni
3174 3055 3422 3128 Apostoli

1839 3149 2084 3204 doctrina
2121 3150 2277 3204 nobis
2314 3149 2651 3202 demonstrat
2687 3147 2730 3200 ⁸.
2761 3146 3125 3202 Nihilominus
3152 3163 3273 3200 cum
3335 3147 3425 3202 hic

1836 3238 2158 3311 (Mamonas)
2215 3239 2438 3294 deberet
2480 3239 2712 3308 publicis
2752 3238 3134 3309 regalibusque
3187 3237 3421 3308 negotiis

1835 3346 2054 3396 vacare,
2085 3340 2373 3400 postquam
2403 3331 2602 3385 divina:
2633 3331 2819 3401 gloria:
2843 3329 3219 3384 carnalitatem
3265 3345 3420 3383 suam

1839 3433 2001 3494 atque
2031 3422 2312 3478 libidinem
2341 3423 2676 3493 anteposuit,
2709 3423 2992 3477 ductorum
3037 3437 3258 3476 suorum
3319 3422 3424 3474 im-

1839 3515 2024 3585 pulsus
2062 3514 2431 3582 suasionibus,
2471 3513 2808 3568 horribiliter
2841 3515 3030 3568 furens
3057 3523 3249 3568 contra
3303 3512 3425 3581 pio-

1838 3621 1959 3661 rutn
1989 3616 2169 3676 partes
2199 3621 2416 3660 manum
2479 3598 2729 3671 armavit,
2758 3602 3114 3676 linguamque
3160 3605 3427 3658 adversus

1841 3707 2046 3754 rectam
2067 3706 2124 3752 et
2163 3697 2548 3767 inculpabilem
2587 3697 2750 3751 tidem
2803 3705 3045 3750 nostram
3097 3697 3337 3750 exacuit.
3364 3695 3421 3748 Si

1841 3791 1962 3860 quis
2015 3805 2147 3861 ergo
2200 3798 2436 3845 mentem
2480 3788 2800 3854 adverterit,
2830 3798 2884 3844 et
2947 3788 3256 3842 accuratius
3312 3801 3427 3842 rem

1841 3884 2154 3954 dispexerit,
2181 3882 2441 3938 facillime
2467 3881 2618 3937 illum
2669 3893 2980 3954 cognoscet,
3010 3895 3116 3936 non
3165 3881 3430 3934 adversus

1841 3976 2124 4032 veritatem
2177 3983 2384 4028 tantum
2418 3973 2740 4043 impingere,
2775 3987 2964 4028 verum
3009 3972 3174 4026 etiam
3205 3969 3430 4026 sibimet

1844 4069 2020 4138 ipsum
2050 4065 2374 4121 deformiter
2403 4065 2805 4120 contradicere.

154 4152 214 4206 Εἴ
253 4172 332 4220 τις
373 4153 468 4212 οὖν
544 4157 637 4213 τὸν
684 4152 812 4214 νοῦν
856 4160 1117 4233 προσέξει
1175 4162 1718 4236 καὶ.’ἀκρι6έστερον
1783 4159 2125 4230 ἐπιστήσειε,
2192 4157 2370 4228 ῥᾷστα
2412 4155 2478 4212 ἂν
2524 4155 2690 4210 αὐτὸν
2747 4155 3021 4227 ἐπιγνοίη,
3053 4155 3115 4207 οὐ
3164 4152 3324 4224 μόνον
3363 4153 3432 4220 τῇ

153 4249 363 4324 ἀληθείᾳ
391 4254 840 4326 προσκρούοντα,
870 4255 1106 4329 ἀλλ’ἧδη
1145 4259 1243 4311 καὶ
1270 4257 1452 4330 ἐαυτῷ
1483 4259 1728 4328 ἀγεννῶς
1765 4255 2191 4328 περιπίπτοντα.

215 4348 262 4399 ι’.
299 4362 319 4396 ι
365 4343 432 4398 Ἠ
462 4345 605 4415 ἁγία
631 4345 730 4401 τοῦ
762 4347 923 4413 Θεοῦ,
959 4350 1116 4420 φησὶ,
1153 4351 1248 4402 καὶ
1273 4349 1538 4421 καθολικὴ
1570 4350 1728 4422 ἡμῶν

1906 4348 1994 4402 l0.
2031 4365 2051 4400 ι
2095 4344 2464 4421 SanctaDei,
2498 4344 2694 4416 inquit,
2731 4355 2787 4400 et
2835 4343 3098 4398 catholica
3154 4340 3428 4404 omnium,

158 4434 355 4489 πάντων
371 4437 488 4491 τῶν
512 4436 867 4508 Χριστιανῶν
893 4437 1216 4510 Ἐκκλησία.
1252 4457 1272 4490 ι
1301 4439 1731 4494 Ποίανςένταῦθα

1844 4439 1928 4508 qui
1975 4438 2276 4494 Christiani
2340 4451 2554 4502 sumus,
2601 4435 2858 4491 ecclesia.
2925 4453 2945 4488 ι
2979 4433 3280 4501 Quamnam
3338 4435 3430 4486 hic

158 4524 245 4598 φὴς
289 4526 664 4598 Ἐκκλησίαν;
695 4529 863 4600 ἤρετο
884 4528 950 4584 ἄν
975 4546 1060 4594 τις
1088 4529 1277 4585 αὐτόν.
1299 4531 1362 4584 Εἰ
1393 4530 1494 4601 μὲν
1520 4531 1718 4601 ἑτέραν

159 4619 260 4672 τινὰ
293 4622 387 4674 καὶ
426 4621 650 4675 οἰκείαν
693 4621 1132 4694 ἀποτεμόμενος,
1178 4625 1238 4676 ἐν
1283 4625 1345 4694 τῇ
1395 4623 1726 4694 ματαιότητι

158 4708 246 4762 τῶν
272 4711 559 4784 λογισμῶν
584 4713 1054 4784 φαντασιούμενος
1107 4715 1466 4782 ἀνετυπὼσω,
1521 4718 1616 4770 σὸν
1664 4715 1733 4772 ἂν

155 4799 228 4872 εἴη
250 4801 310 4856 τὺ
338 4803 760 4874 τεχνούργημα.
790 4805 853 4857 Ei
891 4804 947 4858 δὲ
966 4805 1033 4876 δὴ
1066 4805 1274 4877 ταύτην
1301 4805 1400 4877 τὴν
1425 4807 1550 4862 καθ’
1577 4808 1729 4878 ἡμᾶς

153 4893 332 4961 εἴποις,
380 4898 506 4962 πῶς
556 4897 723 4963 ἁγίαν
770 4897 1008 4952 ἐνταῦθα
1056 4900 1264 4966 καλεῖς,
1297 4899 1366 4970 ἣν
1411 4900 1584 4971 ἐναγῆ
1633 4901 1730 4954 καὶ

152 4988 448 5061 ἀκάθαρτον
471 4991 532 5044 ἐν
547 4991 756 5062 ἐτέροις
773 4991 862 5045 διὰ
892 4991 1160 5046 πλείστων
1187 4992 1329 5045 ὅσων
1349 4993 1605 5046 ἐπινοιῶν
1631 4992 1730 5046 καὶ

156 5085 633 5155 κακουργημάτων
663 5122 678 5148 ,
735 5081 830 5136 καὶ
876 5081 1071 5154 λάτριν
1107 5083 1402 5154 δαιμονίων
1442 5085 1730 5156 ἀποφῆναι

155 5169 504 5239 ἑσπούδασας,
529 5172 626 5227 καὶ
647 5172 858 5240 ξοάνοις
875 5172 1110 5238 ἀνοσίοις
1134 5175 1415 5246 προσκυνή
1425 5192 1612 5241 σασαν,
1638 5176 1735 5230 καὶ

214 5327 282 5360 ³-³
315 5329 606 5396 Psal.xm,
639 5329 692 5385 5.
769 5330 792 5362 ⁸
831 5331 952 5386 Act.
990 5346 1084 5396 xx,
1113 5331 1206 5386 28.

219 5461 326 5533 (ιι)
362 5461 541 5518 Vides
570 5463 711 5536 haud
744 5479 866 5520 esse
900 5465 1252 5536 neotericum
1281 5479 1458 5536 neque
1503 5473 1728 5520 nostro-

154 5535 696 5604 rnnrtantummodo
739 5535 1138 5600 asceticorum,
1191 5536 1333 5590 hanc
1372 5535 1724 5604 opinionem,

154 5601 287 5676 quod
333 5605 496 5676 beata
526 5603 701 5676 ﬁ'irgo
731 5608 959 5659 salutem
999 5617 1262 5660 aeternam
1301 5601 1724 5676 (intercedendo

157 5669 383 5746 scilicet)
410 5673 570 5746 nobis
593 5669 875 5739 conciliet;
907 5691 1091 5746 neque
1107 5677 1159 5730 id
1180 5669 1496 5746 cum'aliqua
1521 5676 1722 5746 Christi

161 5740 508 5819 redemptoris
531 5813 544 5819 _
570 5759 632 5798 ac
689 5740 1026 5819 mediatoris
1057 5746 1384 5819 contumelia
1407 5740 1722 5819 "catholicis

163 5811 290 5879 thci,
323 5822 482 5882 prout
531 5813 844 5872 heterodoxi
901 5818 1122 5886 quidam
1155 5817 1426 5872 dictitant.
1467 5814 1714 5872 Profecto

1841 4539 1895 4585 tu
1943 4531 2083 4586 dicis
2119 4528 2452 4585 ecclesiam?
2484 4527 2699 4598 rogabit
2745 4543 2869 4581 eum
2909 4527 3125 4595 aliquis.
3173 4527 3229 4578 Si
3263 4525 3426 4578 aliam

1837 4624 2130 4692 quamdam
2191 4620 2521 4689 peculiarem
2583 4633 2904 4682 secernens,
2937 4619 3062 4672 dum
3127 4617 3430 4688 phunlasiae

1837 4724 1942 4770 tua:
1989 4715 2212 4770 vanitati
2256 4713 2520 4784 indulges,
2549 4712 2871 4782 pt‘OClltliSli,
2908 4713 3011 4766 hoc
3069 4712 3256 4780 utique
3307 4727 3431 4779 pro-

1836 4809 2013 4877 prium
2039 4808 2145 4864 erit
2180 4806 2457 4876 opiﬁcium
2486 4815 2658 4862 tuum.
2682 4804 2778 4860 Sin
2805 4819 2939 4860 vero
2961 4805 3099 4858 hanc
3118 4805 3273 4868 dicis.
3305 4819 3430 4873 quae

1835 4901 1976 4969 apud
2006 4915 2106 4954 nos
2132 4909 2216 4954 est
2235 4939 2251 4966 ,
2279 4899 2551 4969 quomodo
2593 4907 2647 4952 tu
2681 4902 2926 4950 sanctam
2985 4911 3128 4950 nttnc
3157 4895 3424 4966 appellas,

1838 5006 2000 5060 quam
2046 4991 2438 5046 exsecrandam
2512 4991 2898 5060 impuramque
2951 4987 3078 5043 alibi
3118 4988 3429 5042 ﬁctionibus

1842 5083 1948 5138 tuis
1978 5083 2223 5154 plurimis
2259 5095 2422 5152 atque
2455 5081 2681 5146 malitia,
2722 5089 2779 5136 et
2808 5080 3204 5137 dtemoniorum
3231 5078 3428 5133 cultri-

1841 5190 1982 5242 cem,
2013 5183 2330 5246 statua‘sque
2347 5176 2644 5248 sacrilegas
2665 5184 3015 5232 venerantem
3039 5175 3422 5230 demonstrare

1841 5462 1983 5518 hanc
2045 5467 2372 5521 sententiam
2431 5467 2761 5522 conﬁrmare
2814 5468 3000 5522 multis
3025 5467 3146 5523 aliis
3197 5463 3420 5521 Patrum

1836 5535 2277 5599 auctoritatibus,
2314 5553 2418 5592 non
2475 5537 2617 5592 foret
2648 5537 2884 5592 dillicile.

1905 5605 2020 5675 (12)
2060 5604 2266 5675 Nempe
2295 5618 2482 5662 contra
2519 5607 2840 5662 canonicam
2871 5607 3136 5677 regulam,
3172 5603 3418 5677 qualai-

1831 5675 1907 5728 cis
1943 5677 2251 5749 hominibus
2294 5678 2574 5748 disputare
2606 5678 2672 5732 de
2715 5679 2914 5734 divinis
2943 5675 3298 5749 dogmatibus
3333 5676 3414 5733 itt-

1829 5747 2118 5801 tcrdictum
2155 5757 2294 5801 erat.
