3978 6436
537 342 648 410 2i9
1076 394 1085 401 .
1564 347 1623 405 S.
1662 343 2079 405 NICEPIIORI
2119 340 2633 401 PATRIARCHIE
2674 338 2784 399 CP.
3682 344 3775 411 220

541 462 771 510 conatus
820 455 917 509 es?
947 454 1109 525 idque
1147 456 1360 525 jamdiu
1418 455 1487 510 ab
1516 456 1757 524 antiquis
1799 455 2112 525 temporibus

2228 454 2385 507 τοῦτο
2408 454 2473 507 ἐκ
2495 451 2745 506 παλαιῶν
2760 449 2871 504 τῶν
2898 448 3107 521 χρόνων
3137 449 3560 522 κατειθισμένην
3577 454 3775 526 εἰσήγα.

541 545 885 601 factitantem
946 546 1228 602 amrmas?
1268 547 1358 601 lla:
1413 557 1541 601 sunt
1589 549 1734 600 enim
1793 548 1987 601 ruentis
2019 556 2112 600 tua

2222 561 2317 613 γες
2337 562 2351 609 ;
2368 542 2552 597 Ταῦτα
2569 541 2679 613 γὰρ
2692 542 2790 612 τῆς
2808 540 2908 610 σῆς
2928 540 3167 605 διανοίας
3179 541 3248 595 τὰ
3265 540 3681 613 ἀποδράσματα,
3696 547 3777 600 καὶ

543 637 1007 706 despumationes,
1054 638 1272 708 Dcoque
1309 640 1523 695 hostilis
1571 642 1764 709 linguae
1810 654 1993 693 ausus.
2022 637 2114 692 Ne-

2225 638 2321 704 τῆς
2353 633 2623 703 θεομάχοι)
2647 631 2900 700 γλώσσης
2918 627 3267 702 τολμήματα.
3297 632 3372 685 Ού
3404 633 3586 701 λόγοις
3613 636 3775 703 μόνον,

545 742 652 794 que
684 729 862 782 verbis
894 735 1124 796 tantum,
1155 732 1251 784 sed
1281 731 1388 801 iam
1433 733 1596 785 etiam
1646 733 1931 805 scripturis
1956 771 1970 795 ,
2008 730 2116 785 ubi.

2226 728 2325 799 ἥδη
2356 727 2413 780 δὲ
2441 728 2532 781 καὶ
2557 725 2910 796 ἀνάγραπτον
2944 726 3024 787 εἰς
3052 724 3277 794 ἔλεγχον
3304 725 3401 796 τῆς
3431 726 3776 798 εἰργασμένης

546 832 654 885 que
689 819 1042 887 blasphemire
1076 823 1300 891 vestigia
1354 823 1634 891 relinquis,
1673 840 1792 892 quae
1845 834 1989 876 tuam
2026 824 2117 877 ad-

2229 837 2312 873 σοι
2337 820 2473 890 πρδς
2502 818 2635 872 Θεὸν
2666 818 2760 872 καὶ
2804 816 3130 888 ἀνθρώπους
3178 817 3550 888 παρανομίας,
3588 834 3775 872 παντα-

545 922 739 964 versus
783 910 949 965 Deum
1003 919 1059 966 ct
1108 914 1356 969 homines
1414 914 1743 982 impietatem
1800 926 2116 985 coarguunt.

2228 912 2323 981 χοῦ
2359 910 2455 983 τὴν
2517 910 2870 981 βλασφημίαν
2919 909 3225 964 ἀπολιπών.
3285 910 3407 974 Πῶς
3459 906 3554 962 οὖν
3606 910 3774 983 αὐτὴν,

520 1000 658 1073 ,Cur
684 1016 814 1071 ergo
844 1002 1163 1065 Ecclesiam,
1206 1006 1330 1057 dum
1394 1005 1502 1057 tuis
1550 1006 1767 1073 quidem
1805 1022 1925 1060 eam
1961 1008 2091 1061 velle

2226 1003 2389 1056 ὁπότε
2450 1002 2551 1073 μὲν
2630 1005 2753 1065 ταῖς
2818 1000 3049 1063 οἰκείαις
3126 1000 3520 1071 συναγορεύειν
3593 1001 3776 1071 βούλοιο

520 1064 881 1164 ίριιιτοοίηιιιιὶ
901 1093 1271 1161 opinionibus,
1311 1095 1636 1150 catholicam
1670 1106 1723 1149 et
1748 1106 1995 1150 sanctam
2029 1114 2091 1164 ap

2228 1096 2429 1159 δόξαις,
2483 1094 2779 1164 καθολικὴν
2814 1094 2909 1146 καὶ
2962 1092 3127 1161 ἀγίαν
3178 1092 3467 1162 ὀνομάζων
3519 1109 3773 1162 κατακομ-

520 1160 751 1258 lpellare
797 1183 1009 1254 jactas;
1043 1201 1164 1241 cum
1207 1196 1387 1241 autem
1445 1187 1627 1240 divina
1684 1202 1870 1243 nostra
1919 1191 1997 1243 vis
2035 1191 2091 1242 du

2228 1187 2397 1258 ψεύῃς
2454 1186 2648 1240 Ἦνίκα
2697 1160 2754 1240 si
2787 1185 2893 1238 τῶν
2919 1186 3081 1238 θείων
3116 1160 3288 1255 ἡμῶν-
3317 1160 3775 1249 κατεξανίστασθαι

513 1252 727 1379 ςεηιιιιιι
750 1252 1082 1346 oppugnare,
1116 1279 1342 1346 perinde
1392 1280 1597 1334 habens
1643 1281 1810 1333 Deum
1840 1296 1900 1333 ac
1926 1282 2084 1334 dmmc

2228 1280 2533 1348 δογμάτων,
2587 1281 2666 1340 είς
2708 1278 2905 1331 ταύτδν
2950 1278 3099 1346 ἄγων
3156 1276 3291 1329 Θεὸν
3343 1277 3439 1328 καὶ
3502 1275 3767 1344 δαίμονας.

511 1364 522 1452 ᾖ
550 1380 672 1431 nes,
709 1364 1110 1421 idololatricam
1142 1383 1265 1422 esse
1295 1370 1622 1424 denuntias?
1656 1370 1840 1424 Nonne
1877 1380 1929 1424 tu
1954 1374 2081 1441 polit

2231 1370 2519 1439 εἰδωλικὴν
2568 1371 2997 1437 καταγγέλλειςς
3046 1367 3173 1432 Πῶς
3206 1367 3264 1420 δὲ
3310 1368 3434 1436 οὐχὶ
3492 1368 3557 1420 σὺ
3600 1367 3777 1436 μᾶλλον

551 1456 838 1511 idololatra
876 1457 972 1511 es?
1024 1455 1203 1527 Atque
1258 1468 1316 1513 ut
1369 1459 1672 1515 secretiora
1718 1462 2003 1527 omittam,
2073 1474 2122 1516 tu

2232 1461 2661 1532 εἰδωλολάτρηςς
2722 1463 2830 1514 Καὶ
2871 1462 2958 1513 ἵνα
3010 1460 3120 1514 τῶν
3170 1458 3636 1531 ἀποῤῥητοτέρων
3693 1459 3776 1525 ἀφ-

552 1548 756 1600 nmndo
789 1547 1025 1611 deditus,
1061 1557 1118 1603 et
1160 1549 1437 1605 mundana
1470 1551 1641 1619 gloria
1678 1552 1871 1619 elatus,
1904 1561 1959 1607 tu
2020 1570 2123 1608 ear-

2231 1553 2461 1622 έξωμαι,
2505 1554 2530 1604 6
2560 1551 2637 1623 τῷ
2666 1553 2857 1620 κόσμῳ
2894 1549 3281 1621 προστετηκὼς
3323 1550 3421 1602 καὶ
3454 1548 3580 1618 δόξῃ
3606 1550 3669 1618 τῇ
3711 1566 3783 1600 κο-

552 1637 638 1690 nis
677 1648 731 1690 et
759 1636 1056 1705 voluptatis
1108 1640 1460 1709 mancipium,
1498 1643 1604 1697 hoc
1662 1645 1983 1712 temporalis
2010 1644 2123 1698 vitm

2234 1644 2404 1711 σμικῇ
2447 1640 2901 1712 ὑπεραιρόμενος,
2956 1643 2985 1693 6
3032 1643 3098 1710 τῇ
3138 1639 3306 1710 σαρκί
3376 1639 3476 1691 καὶ
3516 1640 3633 1699 ταῖς
3689 1636 3783 1703 φιλ-

555 1726 735 1795 spatio
785 1736 839 1781 et
892 1730 1253 1798 praesentibus
1308 1731 1468 1788 bonis
1543 1733 1861 1790 felicitatem
1916 1750 2126 1789 onmem

2235 1731 2471 1803 ηδονίαις
2521 1731 3154 1803 κατηνδραποδισμένος,
3178 1731 3402 1801 χρόνοις
3446 1744 3507 1780 τε
3544 1728 3635 1780 καὶ
3685 1730 3782 1789 ταῖς

554 1824 868 1889 dimetiens,
902 1825 1148 1895 nihilque
1199 1837 1399 1897 praeter
1439 1837 1654 1883 terrena
1676 1830 1863 1884 animo
1897 1830 2125 1900 agitans1

2238 1825 2541 1896 παρούσαις
2610 1822 2940 1893 εὐημερίαις
3002 1821 3105 1893 τὴν
3183 1821 3542 1891 εὐδαιμονίαν
3631 1820 3785 1871 πᾶσαν

552 1913 699 1967 haud
743 1929 873 1968 vero
897 1929 993 1986 spe
1029 1917 1081 1971 in
1131 1917 1298 1973 Deum
1333 1928 1388 1973 et
1414 1919 1721 1975 divinorum
1754 1922 2123 1975 mandatorum

2241 1915 2479 1987 μετρῶν,
2508 1914 2604 1967 καὶ
2638 1913 2801 1983 μηδὲν
2851 1913 2992 1981 ὑπὲρ
3046 1912 3115 1965 τά
3162 1911 3329 1982 γήϊνα
3381 1907 3784 1979 φανταζόμενος,

468 2060 472 2065 _
551 2006 931 2061 observatione
968 2008 1189 2078 gloriari
1220 2009 1433 2077 volens,
1466 2019 1522 2065 tu
1552 2011 1660 2078 his,
1692 2011 1936 2081 inquam,
1961 2027 2039 2065 ma

2237 2008 2351 2062 ἀλλ’
2382 2006 2503 2076 οὐχὶ
2533 2007 2599 2073 τῇ
2640 2007 2717 2067 είς
2744 2003 2877 2056 Θεὸν
2908 2002 3086 2056 ἐλπίδι
3118 2002 3214 2054 καὶ
3238 2003 3480 2072 τηρήσει
3513 1999 3618 2051 τῶν
3652 1999 3784 2050 θείων

552 2094 778 2151 rialibus
801 2097 1107 2164 adhaerens,
1135 2100 1409 2170 variisque
1426 2100 1820 2171 cupiditatibus
1849 2102 2123 2171 abreptus,

2238 2097 2468 2153 ἐντολῶν
2490 2094 2808 2161 δοξάζεσθαι
2844 2093 3305 2165 προαιρούμενος,
3339 2091 3426 2161 ἐφ’
3449 2084 3531 2154 οἷς
3551 2089 3624 2153 ὡς
3645 2089 3783 2158 πρόσ-

561 2186 885 2242 Ιιτιενοιιίιιιιε
918 2188 1158 2245 cmleStis
1183 2192 1331 2261 regni
1383 2192 1658 2259 excidisti,
1694 2203 1751 2248 et
1794 2194 1861 2247 ad
1896 2194 2132 2248 destina-

2238 2192 2365 2253 υλος
2411 2190 2508 2243 καὶ
2560 2186 2877 2257 περιπαθὴς
2950 2182 3527 2253 ἀποϐουκολούμενος,
3569 2180 3785 2249 κληρονο-

559 2285 671 2328 tum
708 2276 801 2330 tibi
835 2280 1095 2348 geheuua:
1147 2281 1323 2335 locum
1372 2282 1576 2339 divinis
1618 2283 1838 2351 iudiciis
1879 2285 2130 2339 amanda-

2243 2283 2373 2353 μίας
2422 2280 2521 2348 τῆς
2573 2276 2819 2347 οὐρανῶν
2873 2274 3151 2345 βασιλείας
3202 2268 3709 2338 ὲκπέπτωκας,,τῷ
3740 2266 3784 2319 δὲ

530 2366 719 2421 κΙιοΓίε.
753 2367 1044 2439 Propterea
1079 2371 1515 2428 Christianorum
1545 2376 1860 2445 religionem
1889 2390 2101 2430 accusas

2239 2370 2671 2440 ἀποτεταγμένῳ
2716 2384 2800 2420 σοι
2858 2368 2957 2437 τῆς
3010 2368 3238 2435 γεέννης
3297 2365 3448 2431 τόπῳ
3500 2364 3608 2424 τοῖς
3648 2359 3784 2423 θείοις

556 2470 610 2508 ιιι
662 2461 1052 2529 omnipotentis
1100 2462 1196 2516 Dei
1246 2465 1389 2520 vires
1430 2465 1690 2535 sull‘ragio
1742 2477 1836 2521 tuo
1891 2466 2127 2520 infirmas

2240 2458 2648 2527 δικαιωτηρίοις
2714 2456 3153 2528 ἁποπεμιρθήσῃ.
3224 2453 3324 2506 Διά
3398 2453 3465 2523 δὴ
3524 2451 3674 2505 τοῦτο
3706 2450 3785 2518 τῆς

556 2564 682 2604 che
710 2551 926 2626 deliuis,
965 2556 1119 2622 quasi
1160 2556 1207 2611 is
1238 2572 1342 2611 non
1373 2561 1611 2627 potuerit
1649 2561 1716 2614 ab
1754 2559 2018 2612 idolorum
2057 2574 2127 2610 er-

2242 2546 2543 2621 Ορησκείας
2617 2546 2727 2600 τῶν
2792 2546 3139 2616 Χριστιανῶν
3219 2543 3656 2615 καταγορεύεις,
3704 2542 3780 2594 καὶ

558 2657 686 2698 rore
731 2642 1028 2698 humanum
1062 2663 1232 2717 genus
1283 2649 1553 2718 liberare;
1597 2650 1759 2721 idque
1785 2652 1921 2720 agis,
1947 2663 2003 2702 ut
2040 2650 2129 2702 mi-

2243 2638 2529 2692 ἀσθένειαν
2572 2638 2674 2706 τῆς
2727 2634 3063 2699 πανσθενοῦς
3114 2635 3209 2687 τοῦ
3257 2633 3397 2687 Θεοῦ
3457 2631 3779 2702 καταψηφίξῃ

558 2733 758 2785 seriam
792 2743 846 2787 et
878 2735 1057 2789 odium
1094 2738 1362 2807 dogmatis
1415 2741 1489 2792 tui
1538 2751 1874 2807 praeverteris
1894 2739 2129 2810 cll‘ugias,

2241 2732 2542 2801 δυνάμεως,
2589 2730 2665 2792 ὼς
2697 2730 2762 2782 ἂν
2797 2729 2899 2782 οὐκ
2950 2728 3270 2799 ἰσχύσαντος
3327 2724 3568 2780 εἰδώλων
3607 2724 3783 2793 πλάνης

559 2833 816 2895 tuamque
841 2827 1113 2883 malitiose
1138 2829 1491 2900 ignominiam
1521 2832 1686 2885 celes.
1711 2830 2130 2885 ldcircoChristl

2241 2823 2303 2875 τὸ
2327 2821 2482 2891 γένος
2515 2819 2794 2885 ἐξελέσθαι
2828 2821 2889 2873 τὸ
2938 2818 3301 2890 ἀνθρώπειον,
3337 2817 3431 2871 ῐνα
3462 2817 3525 2870 τὸ
3555 2816 3780 2885 δύστηνον

557 2916 748 2979 vitem,
809 2933 971 2988 quam
1026 2936 1090 2974 ex
1153 2922 1501 2976 intellectuztli
1556 2921 1793 2994 Egypto
1844 2923 2128 2977 transtulit.

2243 2916 2338 2968 καὶ
2392 2913 2784 2984 ἀπηχθημένον
2841 2911 2935 2965 τοῦ
3000 2910 3097 2964 σοῦ
3164 2910 3518 2982 φρονήματος
3570 2905 3783 2976 ὐποςθὰς

560 3015 613 3054 ιιι
659 3004 905 3061 latericio
954 3017 1302 3078 peccatorum
1348 3012 1460 3067 luto
1491 3053 1506 3074 ,
1559 3022 1720 3081 atque
1776 3013 2131 3068 invisibilihus

2244 3004 2618 3077 προεκφεύξῃ,
2651 3003 2747 3056 καὶ
2794 3003 2895 3075 τὴν
2941 3003 3151 3057 οἰκείαν
3182 3002 3516 3073 κακούργως
3546 2998 3784 3068 ὲπικρύᾲῃ

557 3112 779 3163 operum
815 3100 1081 3167 praefectis
1115 3102 1364 3159 liberavit
1414 3106 1550 3177 (15),
1588 3121 1685 3160 ceu
1711 3121 1844 3184 aper
1878 3107 1944 3160 de
2000 3107 2128 3160 silva

2243 3099 2526 3168 αἰσχύνην.
2564 3096 2662 3149 Διά
2691 3093 2849 3149 τοῦτο
2878 3095 2977 3168 τὴν
3026 3095 3274 3167 ἄμπελον
3318 3094 3417 3147 τοῦ
3471 3091 3713 3164 Χριστοῦ,
3733 3091 3783 3158 ἦν

557 3191 806 3254 \ustasti,
843 3202 1006 3262 atque
1058 3203 1117 3248 ut
1149 3196 1440 3265 singularis
1486 3197 1634 3252 ferus
1686 3182 1946 3267 depastus
1976 3212 2036 3253 es
2068 3198 2089 3229 ⁸
2123 3217 2128 3252 :

2243 3192 2343 3260 τῆς
2372 3190 2570 3261 νοητῆς
2596 3188 2876 3256 Αἰγύπτου
2905 3189 3210 3259 μετήγαγε,
3237 3188 3333 3241 καὶ
3392 3186 3489 3239 τοῦ
3523 3184 3685 3256 πηλοῦ
3708 3182 3785 3250 τῆς

560 3279 730 3334 ιιιΙιῘΙο
756 3280 943 3338 furens
978 3285 1160 3343 minus
1196 3300 1357 3355 quam
1392 3287 1481 3342 ille
1540 3288 1803 3342 adversus
1831 3284 2014 3342 Jacobi
2046 3303 2131 3357 po-

2254 3281 2536 3344 πλινθείας
2588 3281 2697 3334 τῶν
2753 3279 3205 3352 ἁμαρτημάτων,
3271 3280 3368 3335 καὶ
3424 3280 3534 3333 τῶν
3577 3275 3786 3344 ἀοράτων

562 3370 746 3437 pulum
797 3375 963 3428 corde
1016 3377 1320 3431 ohduratus
1364 3387 1418 3432 et
1468 3380 1700 3434 acerbus
1749 3378 1995 3431 laborum
2044 3379 2133 3432 im-

2247 3373 2623 3454 ἔργοδιωκτῶν
2688 3371 3060 3444 ἠλευθέρωσεν
3085 3413 3099 3437 ,
3125 3371 3198 3435 ὡς
3254 3370 3318 3435 ῦς
3357 3373 3425 3425 ἐκ
3469 3366 3660 3442 δρυμοῦ
3690 3365 3787 3417 ἐλυ-

562 3473 785 3529 pet-ator
825 3463 1140 3535 ngyptius,
1177 3470 1259 3523 vel
1310 3470 1400 3525 ille
1433 3470 1658 3526 tetricus
1719 3471 2133 3541 tyrannicusque

2268 3466 2446 3536 μήνων
2502 3464 2595 3516 καὶ
2645 3463 2721 3527 ὡς
2775 3464 2957 3533 μόνιδς
3009 3463 3201 3534 ἄγριος
3246 3463 3638 3533 κατενεμήσω’
3664 3455 3787 3512 οῦδὲν

563 3551 789 3619 dynasta
837 3554 1214 3624 Babylonicus.
1259 3559 1361 3628 21
1402 3557 1493 3614 Sic
1545 3560 1690 3614 enim
1728 3569 1780 3613 tu
1838 3560 1889 3613 in
1938 3560 2134 3614 Christi

2246 3553 2411 3632 ἦττον
2454 3556 2646 3626 μανεὶς
2699 3554 2821 3608 κατ’
2880 3553 3141 3625 αύτῆς,ἢ
3188 3554 3360 3608 πάλαι
3413 3554 3550 3607 κατά
3598 3549 3697 3603 τῶν
3739 3548 3788 3599 ἐκ

564 3641 931 3700 hereditatem
989 3646 1227 3712 irruens,
1257 3660 1469 3719 partem
1502 3651 1622 3721 ejus
1673 3650 1904 3705 electam
1929 3659 1983 3704 et
2030 3665 2135 3719 pra:

2243 3650 2418 3721 φυλῆς
2464 3645 2731 3710 Ὶακὼ6,ὁ
2761 3644 3124 3718 βαρυκὰρδιος
3160 3648 3256 3699 καὶ
3312 3646 3517 3716 πικρδς
3560 3638 3782 3713 ὲργεπεί-

565 3733 775 3787 ractcris
816 3734 1197 3794 ferventiorem
1248 3741 1605 3797 intolerandis
1662 3740 2016 3811 plurimisque
2058 3742 2136 3796 in-

2245 3758 2382 3811 κτης
2414 3737 2734 3806 Αἰγύπτιος,
2767 3740 2885 3791 καὶι
2906 3739 2935 3790 6
2962 3736 3230 3808 τύραννος
3256 3736 3351 3790 καὶ
3382 3734 3610 3806 σοϐαρὸς
3648 3730 3784 3786 δυνά-

557 3821 719 3888 jm-iis
746 3840 1099 3898 persequens,
1130 3846 1301 3901 usque
1325 3833 1390 3886 ad
1417 3846 1608 3887 necem
1648 3831 1998 3888 excruciasti.
2031 3831 2128 3888 Hoc

2247 3850 2379 3904 στης
2409 3834 2437 3885 6
2467 3830 2830 3893 Βαϐυλώνιος.
2855 3830 2966 3884 Καὶ
2985 3828 3095 3899 γὰρ
3127 3827 3278 3881 οὕτω
3307 3831 3374 3899 τῇ
3404 3826 3638 3900 Χριστοῦ
3676 3823 3784 3891 κλη-

562 3913 778 3970 edidisti
804 3919 1035 3987 primum
1074 3924 1308 3978 vesaniae
1337 3933 1443 3979 tuae
1479 3925 1889 3980 documentum.

2249 3924 2480 3997 ρονομίᾳ
2538 3921 2887 3993 ἐπιθέμενος,
2944 3924 3012 3992 τῇ
3068 3920 3247 3991 μερίδι
3302 3920 3371 3992 τῇ
3425 3918 3669 3988 ἐκλεκτῇ,
3714 3912 3786 3966 καὶ

562 4005 768 4078 ταύτης
812 4009 1049 4075 μάλιστα
1080 4015 1158 4086 τῷ
1196 4015 1517 4089 θερμοτέρῳ
1567 4017 1748 4088 μέρει,
1797 4019 1892 4072 καὶ
1953 4016 2177 4088 ΰῦρεσιν
2214 4018 2564 4080 ἀνυποίστοις
2617 4015 2692 4081 ὡς
2717 4015 3006 4081 πλείσταις
3041 4010 3235 4082 ἐπιὼν,
3265 4014 3367 4078 τὰς
3400 4013 3562 4085 μέχρι
3592 4007 3787 4065 θανάτου

564 4094 749 4160 αἰκίας
779 4099 1057 4169 ἐπήγαγες
1078 4118 1091 4132 ·
1125 4103 1184 4155 ἒν
1209 4104 1398 4174 ήρχθω
1426 4105 1489 4175 δὴ
1523 4105 1685 4158 τοῦτο
1713 4106 1814 4177 τῆς
1850 4105 1951 4177 σῆς
1997 4105 2258 4171 ἀπονοίας
2283 4106 2613 4178 τεκμήριον.

641 4228 725 4282 li.
766 4245 786 4280 ι
846 4230 1159 4289 Traditions
1207 4237 1398 4291 didicit
1453 4237 1725 4293 confiteri.
1777 4257 1796 4290 ι
1860 4237 1973 4295 Hoc
2007 4238 2147 4307 loco,

2330 4246 2419 4294 ια’.
2451 4234 2584 4293 Εἶτα
2614 4255 2628 4268 ·
2668 4255 2687 4290 ι
2726 4236 3046 4309 Παρέλαόεν
3094 4236 3268 4302 οὕτως
3321 4238 3621 4308 ὁμολογεῖν.
3657 4256 3673 4289 ι
3718 4235 3788 4290 Ἐν

565 4318 648 4370 vel
697 4320 841 4387 quod
889 4322 965 4375 ait
993 4338 1097 4377 non
1137 4325 1405 4381 intellexit
1452 4326 1595 4392 iste,
1632 4329 1723 4397 qui
1772 4330 2013 4384 omnium
2062 4345 2136 4385 sa-

2254 4330 2536 4401 τούτοιςῆ
2590 4331 2650 4385 ού
2705 4330 2940 4401 συνῆκεν
2996 4332 3107 4385 ὄτι
3167 4331 3264 4384 καὶ
3316 4330 3467 4398 λέγει
3517 4333 3544 4385 6
3604 4330 3787 4383 πάντων

562 4410 962 4477 pientissimum
1016 4429 1076 4470 se
1128 4418 1449 4484 arbitratur,
1480 4419 1565 4473 vel
1603 4420 1728 4475 data
1771 4435 1936 4490 opera
1969 4420 2133 4491 potius

2217 4466 2226 4507 γ
2256 4423 2566 4492 σοφώτατος
2599 4417 2739 4475 εἷναι
2772 4421 3038 4491 οἰόμενος,
3074 4420 3107 4491 ἢ
3153 4420 3297 4476 ἑκὼν
3329 4422 3495 4476 πάλιν
3524 4421 3665 4483 τινάς
3705 4432 3788 4469 πα-

566 4502 676 4555 νιιίι
703 4503 914 4572 aliquos
942 4506 1165 4576 fallere;
1203 4521 1366 4579 atque
1424 4512 1564 4566 haud
1613 4514 1728 4567 scio
1759 4523 1940 4567 utrum
1996 4513 2137 4567 insa-

2217 4502 2221 4507 ’
2257 4513 2611 4585 ρακρούεται’
2631 4512 2727 4566 καὶ
2769 4514 2870 4567 οὐκ
2901 4511 3019 4567 οἶδα
3044 4513 3275 4583 πότερον
3308 4511 3652 4584 παρανοίαςῆ
3681 4524 3788 4563 παν-

568 4596 671 4675 uiac
715 4598 891 4664 potius
943 4615 1009 4652 an
1040 4601 1346 4657 calliditatis
1399 4602 1794 4659 iusimulaudus
1827 4604 1921 4660 sit.
1947 4604 2139 4659 Audiet

2250 4605 2476 4676 ουργίας
2508 4603 2669 4657 αὐτόν
2708 4622 2793 4669 τις
2826 4604 3114 4676 γράψαιτο.
3133 4605 3454 4659 Ἀκούσεται
3488 4606 3591 4674 γάρ
3613 4621 3625 4634 ’
3649 4602 3788 4657 Πάλιν

565 4687 715 4740 cnim
762 4703 792 4740 a
848 4691 1005 4745 nobis
1042 4706 1058 4745 :
1090 4692 1279 4748 Adhuc
1335 4704 1389 4748 ιιι
1444 4695 1795 4750 traditionem
1836 4696 2136 4750 memoras?

2250 4696 2413 4760 αὐτὸς
2442 4695 2740 4765 παράδοσιν
2780 4697 3056 4764 εἰσάγεις;
3092 4694 3157 4747 Τί
3189 4695 3255 4765 δή
3296 4712 3467 4761 ποτε;
3507 4696 3579 4765 μὴ
3619 4696 3788 4763 πρότε-

565 4778 770 4842 Quidni
819 4795 949 4835 vero
1004 4791 1059 4834 tu
1113 4792 1270 4838 antea
1335 4785 1571 4854 priscam
1626 4794 1791 4854 atque
1858 4789 1926 4841 ab
1991 4787 2136 4841 initio

2254 4804 2346 4861 ρον
2378 4786 2477 4858 τὴν
2511 4787 2776 4843 ἀνέκαθεν
2807 4790 2902 4843 καὶ
2957 4789 3016 4856 ἐξ
3065 4791 3240 4861 ἀρχῆς
3301 4790 3456 4861 παρὰ
3507 4787 3610 4841 τῶν
3656 4781 3789 4852 ιερῶν

573 4885 602 4921 a
654 4871 855 4925 sanctis
907 4873 1164 4941 apostolis
1233 4875 1558 4945 inclytisque
1614 4874 1870 4932 Pati-ibus
1944 4878 2144 4933 nostris

2357 4879 2570 4933 »στόλων
2602 4881 2696 4933 καί
2726 4879 2834 4933 τῶν
2863 4879 3127 4950 ἀοιδίμων
3156 4881 3313 4952 ἡμῶν
3360 4880 3616 4951 Πατέρων
3644 4888 3792 4945 παραο
3839 4927 3843 4931 .

570 4960 829 5025 traditam
892 4978 956 5018 ac
998 4965 1369 5021 dominantem
1440 4968 1493 5022 in
1560 4968 1827 5023 catholica
1882 4984 2011 5024 vere
2099 4978 2141 5026 et

2253 4970 2549 5041 δεδομένην
2571 4972 2664 5023 καὶ
2690 4973 3105 5041 κεκρατηκυῖαν
3141 4972 3234 5024 ἐπὶ
3267 4973 3334 5039 τῇ
3359 4969 3528 5028 ὅντως
3562 4961 3787 5028 καθολικῇ

569 5051 870 5120 apostolica
924 5054 1166 5110 Ecclesia
1228 5059 1681 5114 consuetudinem
1739 5059 2006 5125 admittis,
2040 5061 2140 5115 εἰν(

2255 5064 2351 5118 καὶ
2392 5063 2723 5133 ἀποστολικῇ
2792 5061 3115 5133 Ἐκκλησία,
3160 5062 3450 5132 συνήθειαν
3513 5053 3784 5131 παραδέχῃς

568 5160 693 5211 ιιιιω
743 5144 940 5203 litteris
993 5149 1106 5205 sive
1135 5166 1256 5219 qua:
1300 5167 1430 5208 voce
1486 5163 1693 5207 tantum
1755 5153 1954 5207 tradita
2018 5151 2139 5207 fuit?

2253 5156 2354 5224 ὅση
2380 5171 2438 5206 τε
2466 5155 2521 5206 ὲν
2545 5153 2841 5225 γράμμασι
2870 5153 2965 5207 καὶ
2988 5155 3089 5224 ὅση
3118 5155 3177 5208 ὲν
3205 5154 3387 5219 λόγοις
3419 5147 3786 5220 παραδέδοταις

573 5233 908 5302 Smteenim,
933 5239 1105 5309 inquit
1139 5241 1292 5296 divus
1320 5243 1608 5313 Apostolus
1634 5244 1698 5296 ad
1728 5244 1986 5313 quosdam
2022 5244 2144 5298 scri-

2255 5245 2512 5314 Στήκετε
2543 5246 2675 5316 γαρ,
2721 5245 2885 5317 φησιν
2910 5246 2939 5297 ὁ
2968 5243 3111 5308 θεῖος
3154 5244 3479 5306 Ἀπὸστολός
3509 5256 3644 5294 τισιν
3682 5237 3785 5286 sm-

572 5326 731 5395 itens,
762 5341 809 5386 et
839 5334 1056 5388 retinete
1084 5335 1413 5403 traditiones,
1436 5354 1566 5407 quas
1612 5336 1897 5399 didicistis,
1927 5338 2033 5414 sive
2066 5352 2143 5398 pet

2261 5337 2514 5403 στέλλων,
2565 5338 2662 5391 καὶ
2704 5336 2971 5406 κρατεῖτε
3017 5336 3125 5405 τὰς
3169 5336 3534 5407 παραδόσεις
3583 5332 3650 5399 ας
3694 5325 3785 5382 edi.

573 5436 905 5490 sermonem,
956 5426 1072 5497 sire
1126 5442 1219 5496 per
1263 5428 1535 5493 epistolam
1591 5436 1825 5482 nostram
1878 5428 1919 5480 ".
1975 5425 2144 5496 [Eque

2259 5427 2536 5499 δάχθητε.
2557 5428 2677 5483 εἴτε
2691 5427 2788 5482 διὰ
2802 5429 3011 5499 λόγου,
3031 5428 3152 5483 εἴτε
3167 5428 3241 5482 δι’
3256 5424 3584 5495 ἐπιστολῆς
3628 5415 3783 5490 ἡμῶν.

578 5524 721 5563 ωιιιιι
755 5514 1009 5585 utrinque
1047 5517 1128 5571 vis
1173 5526 1226 5572 ct
1281 5516 1527 5587 probatio
1558 5517 1745 5573 conlit.
1780 5515 1967 5572 Nonne
2020 5533 2149 5587 ergo

2260 5516 2490 5589 Ἐπίτης
2527 5518 2637 5587 γὰρ
2669 5519 2727 5574 ὲν
2745 5518 2995 5591 ἑκατέρῳ
3020 5518 3234 5575 τούτων
3265 5519 3422 5592 μέρει
3465 5518 3503 5591 ἢ
3543 5532 3600 5569 τε
3647 5508 3776 5581 ἰσχὺς

666 5745 688 5771 ⁸
714 5745 854 5801 l’sal.
894 5764 1082 5814 Lxxtx,
1109 5751 1193 5804 14.
1274 5751 1291 5781 ⁷
1335 5750 1590 5809 ll'l‘hcss.
1624 5766 1680 5816 ιι,
1716 5752 1795 5805 Η.
