3978 6426
195 393 312 459 221

856 375 862 380 ’
921 378 1549 445 ANTIRRHETICUS
1590 378 1615 436 Ι
1653 354 1823 435 ADV.
1863 373 2465 435 CONSTANTINUM
2505 372 2719 433 COPR.

3374 351 3488 415 2‘29.

198 508 305 558 καὶ
340 503 375 572 ἡ
404 497 679 563 ἀπόδειξις
712 495 1031 567 πρόσεστιν.
1060 488 1186 564 Ἆρ’
1217 490 1279 544 ού
1319 488 1680 560 παράφρονος
1702 485 1797 538 καὶ
1827 492 1861 546 Α

1971 485 2206 554 ιίρῑεηιῑε
2254 482 2580 551 attonitique
2617 481 2734 535 haec
2793 483 2881 529 tua
2912 470 3082 528 verba
3117 464 3286 523 sunt?
3322 463 3483 518 modo
3538 457 3544 462 ’

199 593 586 667 παραπλῆγας
616 592 666 644 οἰ
699 588 870 658 λόγοι,
917 588 993 657 πῆ
1033 586 1135 657 μὲν
1167 584 1423 656 δέχεσθαι
1457 581 1588 651 περὶ
1616 579 1674 632 ἓν
1706 576 1801 632 καὶ

197 691 275 742 τὸ
313 689 453 743 αὐτο
503 684 740 755 πρᾶγμα
791 679 890 752 τὴν
929 680 1029 750 τῆς
1070 675 1406 746 Ἐκκλησίας
1470 670 1798 742 παράδοσιν,

204 782 299 852 πῆ
364 778 426 832 δὲ
501 773 954 845 ἀποτρέπεσθαις
991 768 1182 823 Ταῦτα
1254 764 1610 836 δογματίζειν
1676 761 1804 833 βουο

206 873 454 942 λόμενος
509 867 540 921 δ
592 862 988 926 συνετώτατος,
1030 859 1147 923 πῶς
1192 859 1293 912 οὐκ
1344 855 1685 925 ἐννενόηκεν,
1726 852 1809 905 ὅτι

213 982 291 1031 γε
331 962 398 1033 δὴ
429 959 528 1014 τοῦ
582 955 828 1029 Χριστοῦ
879 956 914 1025 ἡ
953 952 1253 1022 Ἐκκλησία
1307 948 1447 1019 μετά
1496 946 1602 1000 τῶν
1632 944 1812 999 ἄλλων

216 1051 491 1105 ἁπάντων
530 1045 696 1118 ἰερῶν
727 1042 1111 1113 σεϐασμάτων,
1145 1041 1241 1094 καὶ
1291 1039 1392 1107 τὴν
1428 1037 1538 1090 τῶν
1594 1032 1812 1087 σεπτῶν

215 1138 461 1194 εἰκόνων
499 1134 747 1204 ἱστορίαν
792 1151 853 1186 τε
899 1132 995 1186 καὶ
1037 1128 1416 1201 προσκύνησιν
1489 1126 1588 1196 τὴν
1645 1139 1817 1196 προσ-

219 1235 498 1301 ήκουσαν,
523 1226 584 1292 ἐξ
604 1225 778 1296 ἀρχῆς
804 1223 898 1277 καὶ
924 1221 1086 1292 μέχρι
1111 1219 1206 1273 τοῦ
1223 1218 1386 1289 δεῦρο
1412 1213 1816 1287 παραλαϐοῦσα

220 1318 531 1383 διασώζει;
583 1314 727 1368 Ἀλλ’
762 1312 939 1365 ἔοικεν
965 1311 1000 1380 ἠ
1032 1310 1235 1379 οἴησις,
1276 1306 1448 1367 πάθος
1490 1300 1628 1356 οὖσα
1658 1299 1822 1371 χαλε-

228 1411 338 1465 πόν
359 1428 417 1462 τι
450 1408 545 1462 καὶ
562 1404 983 1476 εὐπερίστατον,
1006 1403 1063 1454 ὲν
1080 1402 1192 1462 τοῖς
1217 1395 1609 1468 καιριωτάτοις
1635 1392 1825 1453 αὐτοῖς

227 1498 714 1584 ἀποσφάλλεσθαι.
748 1494 1053 1551 Κάνταῦθα
1083 1492 1194 1563 γὰρ
1223 1491 1417 1545 ἑαυτὸν
1446 1482 1825 1558 παραλογίζε-

226 1615 351 1661 ται,
383 1596 421 1667 ἢ
451 1574 546 1657 οῦς
574 1591 785 1647 πείθειν
808 1586 1207 1658 ὑπολαμϐάνει.
1244 1585 1319 1638 Οὐ
1351 1585 1463 1645 τοῖς
1504 1580 1687 1648 λόγοις
1734 1571 1829 1630 οὖν

230 1683 323 1752 οἷς
353 1687 559 1759 χρῆται
583 1684 721 1754 πρὸς
751 1679 1028 1749 ὲξαπάτην
1073 1677 1183 1731 τῶν
1227 1675 1439 1729 πολλῶν
1474 1670 1829 1743 προσεκτέον,

234 1780 322 1850 τῷ
356 1758 576 1849 τρόπῳ
621 1774 679 1828 δὲ
738 1773 833 1826 καὶ
885 1772 1002 1834 τοῖς
1054 1768 1262 1840 ἔργοις,
1319 1766 1357 1821 ἀ
1405 1764 1470 1837 δὴ
1525 1762 1670 1817 κατά
1721 1758 1830 1813 τῶν

1905 575 2114 630 scilicet
2144 575 2197 628 in
2231 590 2339 629 uno
2389 573 2690 640 eodemque
2737 565 2953 636 negotio
2977 558 3325 617 traditionem
3380 554 3483 608 Ec-

1907 667 2083 721 clesia:
2115 667 2421 729 admittere,
2452 665 2612 718 modo
2635 656 2931 717 recusare?
2951 653 3077 709 Haec
3109 646 3483 720 dogmatizare

1909 760 2100 815 volens
2145 759 2235 813 hic
2281 756 2689 819 solertissimus,
2719 748 2989 822 quomodo
3044 758 3149 798 non
3195 737 3489 808 reputavit.

1911 853 2116 910 Cbristl
2169 851 2503 916 Ecclesiam,
2552 864 2677 903 cum
2741 841 2954 899 caeteris
3005 833 3260 891 omnibus
3313 828 3491 885 sacris

1914 945 2098 1009 rebus,
2128 942 2513 999 vcnerabilium
2562 951 2780 1010 quoque
2816 931 3112 999 imaginum
3164 922 3401 979 studium
3445 928 3500 973 et

1916 1036 2327 1092 convenientem
2363 1033 2735 1090 adorationem
2766 1027 2834 1083 ab
2880 1023 3035 1080 initio
3080 1028 3257 1086 usque
3303 1013 3370 1067 ad
3403 1011 3524 1066 lto.-

1920 1128 2168 1183 diernum
2240 1128 2381 1181 diem
2413 1165 2427 1190 ,
2476 1131 2635 1194 prout
2669 1117 2902 1188 accepit.
2971 1104 3336 1169 conservare?
3394 1101 3503 1158 Sed

1922 1219 2065 1274 enim
2105 1218 2315 1271 videtur
2349 1217 2418 1271 ob
2450 1212 2838 1283 arrogantiam,
2872 1221 2993 1276 qua:
3030 1200 3208 1274 passio
3255 1197 3372 1250 dira
3430 1191 3505 1247 si-

1924 1305 2035 1362 tnul
2050 1312 2133 1361 est
2156 1313 2209 1359 et
2238 1303 2654 1359 facileincidens
2687 1295 2923 1371 (ιδ-14),
2953 1295 3007 1347 in
3041 1294 3151 1359 ipsa
3178 1287 3255 1339 rei
3287 1296 3503 1340 summa

1926 1396 2202 1451 aberrare.
2226 1393 2469 1463 Namque
2509 1402 2563 1447 et
2589 1391 2677 1446 hic
2699 1369 2892 1443 semet
2917 1383 3053 1437 l‘allit
3080 1379 3384 1438 Mamonas,
3417 1369 3505 1425 vel

1930 1494 2078 1542 certe
2104 1485 2243 1540 alios
2271 1484 2469 1555 quibus
2500 1496 2636 1536 rem
2691 1475 3020 1548 persuadere
3068 1484 3128 1523 se
3184 1473 3359 1536 putat.
3391 1460 3507 1514 Non

1936 1774 2055 1829 qua:
2074 1762 2334 1813 adversus
2366 1765 2584 1811 sanctos
2626 1751 2971 1807 machinatus
3011 1750 3094 1797 est
3143 1756 3208 1795 ac
3243 1734 3501 1810 patravit,

239 1832 433 1939 ἀξίων⁸
482 1832 837 1923 ἐϐουλεύσατὸ
879 1880 940 1919 τε
983 1832 1103 1916 -καί
1133 1832 1379 1931 ⁷ἔδρασεν
1406 1897 1422 1923 ,
1458 1832 1639 1910 *αὐτὸν
1708 1869 1831 1923 κρι-

1971 1865 2001 1905 e
2033 1864 2100 1909 co
2133 1846 2486 1916 judicanvdum
2521 1852 2626 1896 est.

242 1965 390 2019 τέον.

326 2098 422 2169 ιβ’.
452 2091 583 2149 Εἶτα
624 2092 822 2160 ἐπάγει
842 2106 855 2118 ·
886 2107 904 2141 ι
964 2087 1057 2158 Μὴ
1077 2083 1357 2158 τρέψαντα
1381 2081 1481 2150 τὴν
1504 2078 1735 2148 θεότητα
1758 2074 1839 2136 εἰς

260 2168 469 2263 σάρκα,
499 2188 627 2258 μήτε
656 2183 756 2254 τὴν
796 2182 977 2253 σάρκα
1017 2181 1097 2243 εἰς
1126 2176 1360 2244 θεότητα
1408 2168 1570 2235 αὖξος
1596 2171 1840 2239 ἐμποιη-

261 2257 534 2352 σαμένην.
561 2257 589 2330 ί»
640 2272 926 2329 Ἐντεῦθεν
954 2271 1113 2342 δῆλον
1140 2267 1334 2320 ἑαυτὸν
1379 2261 1673 2331 πεποίηκε,
1704 2257 1843 2328 περὶ

252 2375 362 2439 τὴν
390 2370 483 2425 τοῦ
505 2368 679 2437 Λόγου
712 2365 994 2435 σάρκωσιν
1025 2356 1510 2428 ἀποσφαλλόμενω
1530 2368 1546 2384 ο
1574 2351 1671 2406 καὶ
1710 2365 1845 2402 κατ-

249 2466 489 2536 άρχεται
507 2460 694 2515 λοιπὸν
711 2457 851 2512 κατὰ
875 2453 1074 2527 μικρὸν
1090 2453 1159 2507 τὰ
1174 2451 1276 2521 τῆς
1297 2466 1431 2518 πονη
1443 2448 1565 2519 ρίας
1588 2463 1665 2498 πα
1673 2459 1844 2516 ραγυ-

254 2557 458 2628 μνοῦν.
483 2555 561 2607 Οὐ
591 2553 699 2624 γὰρ
720 2550 909 2621 ὥσπερ
934 2546 1010 2617 τῷ
1033 2547 1194 2616 Λόγῳ
1221 2543 1282 2596 τὸ
1315 2541 1586 2612 ἄτρεπτον
1606 2537 1846 2608 ἔνειμεν,

253 2624 414 2703 οὕτω
442 2648 501 2702 δὲ
527 2647 625 2700 καὶ
652 2647 719 2715 τῇ
760 2642 929 2713 σαρκὶ
955 2639 1087 2693 αὐτὸ
1123 2637 1190 2709 δὴ
1208 2635 1369 2689 τοῦτο
1388 2630 1721 2695 ἀποδέδωκε,
1746 2624 1851 2681 κᾶν

258 2743 486 2796 πείθειν
517 2738 675 2802 τινὰς
725 2733 1002 2807 ἐνόμιζεν,
1034 2731 1110 2794 ὡς
1141 2730 1241 2800 τὴν
1292 2727 1471 2797 σάρκα
1501 2722 1849 2792 ἀποδέχεται.

260 2836 335 2889 Τί
370 2833 483 2903 γάρ
513 2833 620 2886 ἔδει
648 2828 812 2894 αὖξος
841 2826 934 2879 τοῦ
986 2824 1259 2894 ἀτρέπτου
1296 2812 1856 2886 ἁντιπαραλαμϐάνε-

266 2927 401 2981 σθαι
423 2942 439 2992 ;
464 2923 546 2975 Τὰ
575 2919 705 2990 γοῦν
741 2917 1014 2988 ἰδιώματα
1059 2914 1229 2981 αὐτῆς
1260 2904 1859 2969 τέλεον-ἀποσκευαζό-

273 3036 467 3091 μενος,
524 3016 627 3088 τὴν
685 3012 894 3067 οἰκείαν
964 3005 1289 3071 κακοδοξίαν
1352 2997 1855 3070 προανακρούεται.

278 3132 298 3165 ι
354 3109 525 3165 ’Λλλά
567 3107 679 3162 τῶν
728 3104 825 3158 δύο
859 3101 1076 3172 φύσεων
1127 3078 1501 3152 συνελθουσῶν
1540 3095 1620 3155 εἰς
1665 3091 1861 3144 ἕνωσιν

2010 2069 2098 2124 12.
2153 2065 2354 2121 Deinde
2403 2062 2553 2116 addit
2615 2076 2630 2112 :
2701 2076 2719 2109 ι
2765 2055 2880 2110 Non
2943 2060 3147 2108 mutata
3194 2047 3250 2102 in
3298 2030 3521 2101 carnem

1943 2163 2261 2223 divinitate,
2326 2167 2508 2222 neque
2575 2164 2744 2206 carne
2809 2147 3212 2201 incrementum
3269 2135 3528 2191 allerente

1944 2251 2236 2310 divinitati.
2297 2245 2459 2316 »Βία
2526 2238 2929 2297 se'manifeste
2976 2236 3319 2289 demonstrat
3376 2225 3529 2281 circa

1948 2342 2163 2402 Domini
2226 2335 2661 2394 incarnationem
2722 2342 2954 2396 errare,
3016 2336 3281 2390 suamque
3339 2316 3527 2389 paula-

1949 2431 2046 2492 tiin
2083 2434 2198 2505 jam
2251 2429 2444 2499 incipit
2480 2424 2885 2495 improbitatem
2945 2417 3172 2493 nudare.
3209 2413 3323 2466 Non
3382 2408 3530 2467 enim

1950 2528 2091 2584 sicut
2115 2522 2297 2579 Verbo
2355 2498 2932 2574 inconvertibilitatem
2972 2507 3243 2568 attribuit,
3269 2504 3342 2557 ita
3369 2498 3535 2553 etiam

1953 2619 2102 2677 carni
2149 2617 2291 2672 idern
2339 2612 2660 2668 attributum
2709 2602 3046 2674 assignavit;
3093 2595 3305 2654 etiamsi
3339 2589 3541 2659 aliqui-

1956 2713 2056 2767 bus
2089 2707 2419 2778 persuadere
2471 2717 2530 2757 se
2556 2709 2709 2771 putat
2745 2686 2967 2753 carnem
3001 2708 3031 2747 a
3063 2707 3123 2746 se
3157 2685 3389 2741 admitti.
3433 2680 3543 2736 Cur

1957 2802 2102 2857 enim
2130 2796 2371 2868 oportuit
2399 2794 2823 2851 incrementum,
2856 2775 3390 2839 ineouvcrtibilitatis
3424 2771 3545 2825 loco

1965 2889 2183 2949 dicere?
2202 2888 2346 2958 Ergo
2389 2884 2572 2941 carnis
2633 2879 2996 2952 proprietates
3060 2860 3285 2942 prorsus
3314 2876 3545 2935 negans,

1967 2998 2189 3056 pravam
2219 2956 2372 3035 suam
2432 2973 2761 3030 sententiam
2808 2967 3113 3026 denuntiat.
3148 2981 3167 3015 ι
3208 2960 3313 3015 Sed
3341 2956 3551 3011 duabus

1967 3074 2174 3133 naturis
2206 3074 2277 3143 in
2309 3066 2651 3125 inconfusam
2681 3077 2843 3119 unam
2900 3056 3230 3114 coeuntibus
3293 3050 3551 3103 unionem

278 3145 298 3165 ι
374 3145 525 3165 «νυ...
579 3145 677 3162 ην,
728 3145 825 3158 ν-..
861 3145 1070 3172 τη--.
1130 3145 1491 3152 --ηνημμη
1555 3145 1558 3146 ,
1601 3145 1618 3155 _

272 3204 615 3274 ἁσύγχυτον,
645 3200 747 3269 τήν
778 3213 840 3249 τε
869 3195 969 3264 τῆς
993 3191 1250 3262 θεότητος
1277 3187 1374 3242 καὶ
1420 3187 1520 3255 τῆς
1571 3180 1861 3262 ἀνθρωπό-

1971 3165 2279 3224 divinitatis
2310 3172 2363 3220 et
2418 3157 2802 3219 humanitatis,
2832 3166 3000 3229 unum
3042 3145 3401 3211 eamdemque
3433 3150 3558 3193 esse

2158 3261 2170 3274 ‘
2250 3273 2256 3274 ν
2298 3255 2507 3274 πν-ειυ-ι-
2543 3247 2651 3274 "3‘
2681 3242 3013 3274 Iun-nuncin-
3064 3235 3329 3274 ,ιηηιῖνριη
3360 3230 3412 3274 in
3450 3242 3557 3274 una

274 3255 469 3370 τητοξ
521 3255 621 3348 ἕνα
668 3255 759 3344 τδν
809 3255 976 3341 αύτδν
1043 3255 1166 3337 καθ’
1221 3255 1526 3333 ύπόστασιν
1569 3255 1866 3342 ὑπάρχειν,

277 3361 512 3442 διπλοῦν
553 3385 612 3438 ὲν
656 3381 738 3435 ἑνὶ
784 3376 1086 3450 προσώπῳ.
1130 3393 1149 3426 ι
1200 3368 1636 3439 Παραλογιζεται
1679 3361 1872 3417 ἑαυτὸν

280 3476 596 3541 κάνταῦθα,
622 3476 686 3529 οὐ
739 3472 851 3544 γὰρ
899 3470 1010 3524 τῶν
1047 3464 1423 3537 ἀκροωμένων
1452 3459 1580 3522 τοὺς
1615 3453 1874 3518 συνετοὺς

285 3573 393 3627 καὶ
425 3570 551 3623 νοῦν
593 3542 833 3639 ἔχοντας.
886 3562 950 3615 Εἰ
1000 3558 1110 3629 γὰρ
1151 3555 1330 3626 ὀρθῶς
1364 3549 1698 3621 προσέφερε,
1724 3544 1777 3597 τί
1810 3542 1875 3614 δή

285 3679 431 3718 ποτε
464 3660 542 3732 μὴ
589 3659 684 3715 καὶ
727 3654 905 3729 ὀρθῶς
931 3652 1147 3713 διεῖλεν,
1178 3651 1227 3702 εἰ
1260 3643 1604 3716 ἀσυγχύτους
1637 3655 1880 3710 μεμενη-

290 3757 455 3811 κέναι
482 3753 583 3815 τὰς
613 3750 754 3806 κατά
781 3744 1021 3819 Χριστὸν
1050 3739 1413 3802 συνελθούσας
1446 3735 1639 3804 φύσεις
1677 3733 1880 3803 διωμο-

290 3850 483 3918 λόγει,
520 3846 613 3900 καὶ
664 3841 973 3915 ἀτρέπτους
1023 3837 1090 3891 ἂν
1153 3834 1371 3895 πάντως
1417 3828 1621 3890 ταύτας
1654 3823 1884 3896 παρεδέ-

292 3915 466 4012 χετος
509 3937 663 3990 Ἐπεὶ
690 3933 800 3987 τίνι
831 3929 1021 4001 τρόπῳ
1046 3925 1286 3995 θατέρας
1320 3921 1421 3992 μὲν
1467 3920 1536 3973 τὰ
1589 3915 1883 3986 ἰδιώματα,

294 4006 557 4087 τουτέστι
586 4027 683 4091 τῆς
707 4022 804 4078 τοῦ
849 4021 1027 4088 Λόγου
1053 4017 1282 4088 ,φύσεως
1317 4012 1406 4066 διὰ
1463 4009 1558 4064 τοῦ
1608 4006 1884 4078 ἀτρέπτου

298 4117 713 4185 διασωζόμενα,
762 4110 1039 4182 εἰσφέρειν
1088 4106 1499 4180 προσποιεῖται·
1538 4100 1773 4168 θατέρας
1807 4096 1887 4161 δὲ,

297 4213 561 4268 τουτέστι
591 4209 688 4279 τῆς
721 4204 952 4277 σαρκὸς,
983 4201 1173 4269 ὥσπερ
1213 4193 1607 4268 παρῃρημένα,
1644 4188 1891 4245 ’ἀπαναί-

300 4301 646 4367 νεται;οὐκ
682 4297 834 4352 εστιν
891 4294 985 4348 οῦν
1040 4278 1202 4345 τοῦτο
1250 4288 1555 4362 ἀτρέπτους
1589 4284 1684 4336 καὶ
1721 4283 1892 4348 ἀσυγ-

302 4397 512 4470 χύτους
540 4389 854 4469 τάςιφύσεις
884 4384 1224 4450 δοξάζοντος.
1249 4381 1312 4434 Εἰ
1341 4380 1450 4449 γὰρ
1467 4378 1525 4429 τὸ
1560 4376 1658 4446 μὲν
1689 4390 1894 4427 πεπον-

304 4462 472 4543 θέναι
495 4484 622 4557 περὶ
642 4462 745 4544 τὰς
766 4479 1039 4548 ἰδιότητας
1066 4473 1230 4538 ἀξιοῖ,
1263 4471 1477 4537 ἀνάγκη
1494 4466 1587 4519 καὶ¹
1617 4466 1678 4517 τὸ
1702 4462 1891 4516 λοιπὸν

1972 3261 2266 3318 secundum
2296 3255 2511 3310 unicam
2541 3247 2654 3321 (15)
2681 3242 3038 3317 hypostasim,
3064 3235 3330 3306 duplicem
3360 3230 3412 3284 in
3450 3242 3557 3280 una

1973 3366 2221 3425 persona.
2258 3345 2404 3401 »Ηὶο
2452 3320 2670 3414 quoque
2726 3353 2785 3392 se
2848 3335 3022 3403 ipsum
3092 3326 3251 3392 fallit,
3327 3320 3558 3376 minime

1977 3457 2106 3499 vero
2147 3439 2428 3494 auditores
2489 3445 2714 3502 sagaces
2765 3436 2928 3495 atque
2990 3418 3270 3475 cordatos.
3328 3408 3463 3463 Nam
3513 3407 3561 3460 si

1979 3544 2126 3594 recte
2149 3529 2452 3603 proposuit,
2481 3541 2578 3580 cur
2598 3531 2744 3578 recte
2770 3530 2985 3589 quoque
3020 3527 3130 3568 non
3182 3500 3470 3564 distinxit?
3504 3498 3564 3552 Si

1978 3626 2296 3687 inconfusas
2352 3620 2621 3676 mansisse
2669 3619 2929 3668 coeuntes
2965 3606 3020 3660 in
3073 3601 3292 3658 Christo
3335 3602 3566 3650 naturas

1986 3722 2167 3778 fassus
2203 3726 2309 3783 est,
2347 3713 2540 3781 utique
2577 3706 2764 3762 debuit
2792 3704 2893 3757 has
2927 3700 3055 3754 item
3109 3703 3337 3766 prorsus
3382 3688 3571 3740 incon-

1984 3809 2264 3869 vertibiles
2291 3779 2411 3861 csse
2439 3779 2543 3857 non
2577 3799 2847 3854 dubitare.
2876 3788 3085 3847 Deinde
3124 3779 3399 3856 quomodo
3443 3788 3572 3869 pro-

1988 3908 2245 3981 prietates
2306 3898 2526 3969 quidem
2580 3891 2823 3964 alterius,
2862 3885 2916 3939 id
2977 3890 3062 3938 est
3111 3886 3318 3933 natura:
3374 3866 3572 3928 Verbi,

1988 3971 2213 4072 propter
2246 3984 2819 4058 inconvertibilit'atem
2869 3981 3226 4034 conservatas
3262 3971 3574 4036 proponere

1989 4057 2249 4148 simulat;
2297 4057 2523 4136 alterius
2572 4085 2778 4138 autem,
2809 4067 2863 4122 id
2906 4072 2994 4119 est
3043 4057 3265 4122 carnis,
3319 4061 3580 4119 tanquam

1992 4180 2232 4238 sublatas
2267 4170 2469 4243 negat?
2527 4166 2645 4222 Non
2671 4173 2755 4219 est
2797 4162 2899 4215 hoc
2929 4154 3163 4212 oﬁicinm
3210 4142 3467 4206 hominis,
3487 4135 3582 4207 qui

1995 4282 2219 4330 naturas
2234 4267 2509 4325 existimet
2527 4252 2973 4315 inconvertibiles
2990 4257 3045 4303 et
3075 4242 3417 4301 inconfusas.
3442 4231 3581 4289 Nam

1996 4369 2040 4423 si
2078 4364 2199 4435 quis
2230 4375 2395 4415 unum
2440 4353 2648 4426 jndicat
2681 4358 2900 4418 passum
2944 4354 3067 4395 esse
3114 4331 3317 4403 aliquid
3351 4328 3405 4380 in
3455 4335 3585 4393 pro-

1998 4454 2344 4530 prictatibus,
2382 4459 2608 4501 necesse
2670 4449 2752 4494 est
2810 4435 3040 4489 alterum
3090 4435 3305 4496 quoque
3366 4428 3584 4486 passum

2904 4528 2912 4530 “
3146 4517 3166 4530 ⁸
3234 4524 3278 4530 ιγ
3329 4528 3338 4530 ς
3421 4509 3584 4530 τμη...-

307 4509 472 4543 cavat
495 4509 622 4557 περι
645 4509 743 4544 ταις
766 4509 1037 4548 ww..th
1066 4509 1230 4538 νενω,
1263 4509 1477 4537 ..πονη
1496 4509 1587 4519 η...
1628 4509 1677 4517 --
1703 4509 1857 4516 -.-πη

307 4575 590 4640 πεπονθὸς
618 4569 1100 4643 συνομολογήσειν.
1139 4565 1353 4633 ’Ὠσπερ
1372 4559 1483 4631 γὰρ
1518 4556 1649 4620 Θεὸς
1682 4555 1859 4608 τέλειο

1971 4509 2155 4622 ’zrnque
2224 4543 2573 4601 conﬁteatur.
2630 4533 2784 4587 Sicut
2830 4528 2974 4581 cnim
3044 4517 3343 4591 pet-fectum
3421 4509 3587 4560 Deum

2166 4639 2177 4643 ’
2481 4627 2530 4643 η-
2610 4640 2696 4643 νη-
2740 4618 3015 4643 [πλέκω-..ει
3057 4611 3108 4643 In
3166 4606 3340 4643 fnnnn
3374 4597 3489 4643 Dl'i.

308 4672 461 4744 πρὸς
489 4667 646 4739 ἡμῶν
678 4665 900 4718 πάντων
928 4655 1323 4730 ὠμολύγηταιό
1347 4650 1586 4726 Χριστὸς
1614 4651 1670 4701 ἐν
1709 4647 1892 4718 μορφῇ

309 4763 481 4828 Θεοῦ,
542 4761 714 4831 ἡγουν
758 4760 815 4810 ὲν
868 4754 1029 4824 οὐσία
1077 4750 1215 4804 Θεοῦ
1272 4747 1559 4816 ὑπάρχων,
1604 4741 1748 4795 οὕτω
1809 4739 1905 4792 καὶ

318 4852 542 4927 μορφὴν
567 4829 770 4905 δούλου
819 4845 1002 4901 λαϐὼν
1045 4842 1146 4914 τὴν
1194 4839 1318 4894 καθ’
1370 4837 1540 4907 ἡμᾶς,
1583 4833 1790 4894 τέλειος
1840 4829 1906 4893 ἂν

248 5022 259 5028 ι
316 4923 642 5003 πιστεύοιτο
679 4941 990 5013 ἄνθρωπος,
1054 4937 1113 4989 ὲν
1171 4931 1363 5003 μηδενὶ
1410 4928 1760 4997 λειπόμενος.
1800 4923 1914 4976 Καὶ

316 5047 379 5111 γῗ
404 5058 439 5111 ρ
474 5033 568 5091 οὖν
596 5034 692 5090 καὶ
722 5035 755 5105 ἡ
790 5030 914 5086 καθ’
946 5030 1095 5102 ἡμᾶς
1129 5024 1451 5094 Ἐκκλησία,
1484 5019 1626 5074 κατά
1662 5016 1732 5070 τὰ
1759 5016 1909 5068 θειω·

464 5132 600 5202 ἡμῖν
623 5123 1041 5198 παραδεδομένα
1093 5119 1158 5173 ἐκ
1186 5135 1247 5171 τε
1274 5110 1654 5172 ἀποστολικῶν
1706 5122 1912 5178 κηρυγ-

326 5227 522 5297 μάτων
593 5221 688 5275 καὶ
735 5214 1018 5288 πατρικῶν
1050 5209 1419 5281 διδάγμάτων,
1466 5202 1771 5274 ἀτρέπτους
1816 5198 1913 5250 καὶ

326 5288 679 5385 ἀσυγχύτους
715 5310 814 5373 τὰς
844 5307 1036 5378 φύσεις
1085 5300 1448 5374 ὁμολογοῦσα,
1479 5295 1576 5349 καὶ
1616 5293 1685 5345 τά
1718 5288 1913 5343 ἐκατέ-

335 5424 444 5480 ρας
490 5404 698 5457 τούτων
733 5399 1030 5469 ἰδιώματα,
1075 5392 1223 5448 τοῦθ’
1267 5393 1406 5461 ὅπερ
1464 5387 1612 5440 ἐστὶν
1646 5384 1913 5452 ἑκάτερον

331 5470 642 5570 διαρρήδην
674 5488 1161 5568 προανακέκραγε.
1196 5481 1393 5550 Μάτην
1421 5471 1514 5530 οὖν
1534 5475 1602 5544 τῇ
1644 5472 1772 5543 δδξῃ
1817 5470 1913 5538 τῆς

422 5740 629 5815 (ἰὸ-Μ)
670 5729 1268 5815 ηθερῑοίῑίδξίερνίιοιτυς
1305 5723 1370 5779 ad
1397 5719 1558 5777 Hebr.
1593 5711 1737 5779 xn,l
1778 5727 1788 5762 :
1818 5709 1929 5780 Τὴν

345 5803 739 5886 εὐπερίστατον
769 5803 1066 5877 ἁμαρτίαν.

2003 4591 2181 4698 οιύιειί
2224 4650 2325 4691 nos
2371 4627 2697 4686 conﬁtemur
2740 4618 3015 4674 Christum
3057 4611 3111 4662 in
3166 4606 3344 4659 forma
3374 4597 3489 4658 Dl'i,
3538 4591 3590 4645 id

2006 4741 2091 4788 est
2141 4730 2193 4784 in
2246 4719 2549 4781 substantia
2606 4713 2724 4781 Dei,
2776 4707 3172 4764 cxsistentem;
3238 4695 3312 4747 ita
3371 4699 3426 4743 et
3469 4699 3592 4740 cum

2010 4822 2177 4890 servi,
2237 4819 2289 4873 id
2336 4824 2419 4870 est
2469 4818 2707 4869 nostra,
2751 4807 3006 4868 suscepta
3066 4792 3266 4853 forma,
3322 4779 3600 4853 perfectus

2013 4874 2316 4972 credendus
2344 4913 2429 4961 est
2468 4903 2586 4959 sine
2614 4896 2741 4965 \ullo
2802 4891 3016 4945 defectu
3066 4888 3250 4939 homo.
3298 4874 3488 4941 Itaque
3545 4877 3602 4919 et

2021 5014 2206 5062 nostra
2246 4996 2510 5061 Ecclesia,
2544 4991 2699 5061 juxta
2736 4984 2880 5057 quod
2938 4980 3096 5033 nobis
3127 4970 3383 5025 divinitus
3431 4960 3601 5015 tradi-

2024 5111 2133 5152 tum
2173 5092 2280 5163 22
2306 5098 2389 5144 est
2421 5088 2487 5140 ab
2533 5078 2848 5152 apostolicis
2881 5063 3358 5143 praedicationilms
3387 5063 3441 5109 et
3489 5052 3594 5104 Pan

2024 5198 2165 5244 trum
2200 5177 2551 5253 magisteriis,
2588 5164 3035 5227 ittcunvertibiles
3070 5170 3234 5226 atque
3286 5145 3602 5205 ittconl‘usas

2026 5291 2246 5335 naturas
2305 5271 2608 5333 conﬁtens,
2673 5265 2865 5318 harum
2922 5257 3088 5311 etiam
3141 5246 3425 5312 utriusque
3486 5248 3607 5303 pro-

2026 5373 2302 5444 prietates,
2337 5372 2499 5435 prout
2543 5369 2769 5429 qumque
2800 5369 2860 5408 se
2906 5348 3091 5405 habet.
3143 5341 3345 5393 diserte
3388 5328 3601 5401 procla-

2030 5422 2181 5444 r"'**
2289 5422 2301 5431 ι
2340 5422 2353 5435 ι
2563 5422 2576 5429 -
2690 5422 2694 5423 ,

2030 5464 2217 5519 mavil.
2252 5458 2471 5512 FruStra
2516 5453 2605 5507 hic
2642 5449 2806 5519 igitur
2839 5435 3212 5497 ecclesiastica
3242 5422 3511 5483 sv’tttcntia
3550 5431 3611 5473 se

2110 5699 2221 5771 (I5)
2254 5697 2417 5771 Deest
2441 5687 2761 5771 lmeduncnjn
2798 5679 2983 5736 codice
3014 5674 3164 5745 μίαν,
3199 5654 3616 5728 ιιιιξεαυι,α(1ιεε
3674 5704 3677 5709 λ

2036 5790 2095 5827 ac
2114 5756 2182 5841 ‘p.
2205 5756 2274 5823 ‘ta
2300 5766 2427 5837 (col.
2462 5760 2568 5815 sta
2602 5758 2640 5813 α
2670 5756 2750 5824 .t).
