3978 6450
2056 210 2097 245 θ

469 354 599 459 m.

1499 388 1559 449 S.
1597 385 2017 449 NICEPHORI
2052 384 2562 450 ΡΑΤΒΙΑΒΟΗίΕ
2601 391 2711 453 GP;

3632 399 3736 464 224

474 505 722 562 innixum
758 504 981 575 putabat
1019 516 1187 558 :nam
1219 510 1411 555 contra
1438 499 1610 570 ipsam
1633 500 1812 568 potius
1849 498 2053 552 sentire

2168 494 2497 565 Ἐκκλησίας
2545 496 2927 569 ιπερείδεσθαι
2998 500 3174 571 ᾤετο·
3245 501 3589 570 ’ἀπεναντίας
3626 506 3727 582 γὰρ

475 599 566 652 hic
610 610 825 666 quoque
854 594 1222 658 convincitur,
1256 592 1546 663 magistros
1583 608 1716 646 suos
1746 590 2054 658 Acepbalos

472 703 706 758 sequens
735 685 873 759 (16),
901 702 1130 757 quorum
1165 686 1406 740 nonnulli
1440 692 1668 739 naturas
1695 683 1948 737 videntur
1971 684 2058 736 ad-

471 779 695 837 mittere
749 780 885 851 (l7),
911 779 1088 834 cuncti
1139 787 1319 833 tamen
1354 769 1567 829 illarum
1618 774 1866 830 fumlitus
1924 788 2053 843 pro-

474 874 744 943 prietates
783 876 849 927 de
904 872 1081 926 medio
1112 870 1382 924 tolluntet
1405 868 1642 923 abolent.
1671 867 1808 922 Exin
1854 866 2056 921 mentis

474 979 586 1020 sum
636 963 907 1017 ﬂammam
941 1002 955 1020 .
1006 964 1288 1031 latensque
1346 961 1397 1014 in
1454 960 1619 1013 attimi
1685 958 2055 1028 penetralibus

476 1059 660 1112 odium
722 1058 978 1110 adversus
1036 1055 1330 1124 ﬁgurantes
1391 1053 1657 1121 nobisque
1730 1052 2055 1107 exhibentes

479 1149 787 1203 Servatoris
826 1148 994 1201 nostri
1046 1147 1248 1202 Christi
1280 1147 1573 1200 humanam
1608 1145 1861 1205 formam.
1898 1154 2053 1200 extra

439 1237 1080 1308 lordinemabrupthne
1133 1246 1420 1294 ostentans
1479 1237 1839 1291 demonstrat.

546 1532 634 1586 15.
663 1532 754 1585 Ait
791 1531 934 1585 enim
971 1548 985 1585 :
1017 1549 1035 1582 ι
1074 1530 1297 1585 Etiamsi
1333 1529 1508 1584 omnis
1558 1522 1743 1598 imago
1779 1520 1844 1583 de
1873 1539 2055 1598 proto-

476 1631 607 1693 typo
659 1620 840 1690 aliquo
874 1621 1119 1675 derivata
1173 1620 1540 1689 cognoscitur.
1584 1639 1603 1672 ι
1651 1619 1889 1674 Cuinam
1943 1621 2057 1675 haec

475 1712 840 1781 comparanda
873 1713 949 1767 rei
981 1711 1151 1767 sunt?
1185 1711 1291 1767 nisi
1320 1711 1447 1766 illud
1477 1709 1768 1766 dicendum
1786 1719 1887 1773 est,
1912 1710 2054 1780 quod

476 1805 793 1859 vclntaanea
838 1803 1036 1869 ﬁstula,
1067 1804 1281 1860 incluso
1322 1819 1387 1859 ac
1432 1803 1667 1858 violento
1722 1803 1915 1871 Spiritu
1977 1804 2056 1857 vi—
2085 1844 2134 1905 Β

473 1911 626 1950 δρέπει
659 1898 928 1951 distentus
959 1896 1141 1960 fuerit,
1170 1910 1325 1966 aeque
1356 1910 1421 1948 ac
1444 1896 1535 1949 ille
1561 1894 1762 1965 loquax
1794 1895 2054 1953 Buzites'

472 2006 597 2043 cum
627 1989 692 2042 ad
716 2004 973 2059 magnum
1005 1989 1250 2044 Ausitem
1280 1989 1644 2057 increpatoria
1678 1990 1845 2045 verba
1874 1991 2055 2045 inten-

470 2079 656 2135 debat.
687 2078 802 2135 Non
826 2081 970 2134 enim
1003 2080 1182 2149 potuit
1208 2078 1492 2134 Mamonas
1533 2080 1801 2135 malitiam
1850 2080 2056 2137 diutius

471 2174 615 2226 intra
671 2186 730 2227 se
779 2172 980 2227 celare.
1004 2172 1158 2227 Nunc
1214 2186 1376 2242 quem
1412 2172 1507 2227 diu
1535 2173 1867 2241 parturiebat
1896 2188 2055 2230 acer-

470 2278 602 2317 nnm
660 2265 955 2334 impietatis
1015 2264 1270 2319 abortum
1330 2263 1543 2331 effudit,
1569 2275 1624 2320 et
1669 2279 1835 2334 quant
1892 2275 2054 2322 antea

472 2359 574 2411 sub
624 2358 989 2412 simulationis
1046 2358 1469 2428 peripetasmate
1525 2359 1707 2414 velare
1769 2359 2056 2415 videbatur

472 2449 899 2519 itrprobitatem,
934 2450 1151 2505 demum
1197 2450 1462 2505 excrevit.
1505 2452 1681 2520 Atque
1718 2454 1825 2515 his,
1860 2430 2056 2520 quam.-

471 2541 555 2595 vis
586 2541 854 2601 orationis
890 2542 1113 2610 sequela
1158 2542 1379 2597 minime
1414 2543 1735 2610 postularet,
1762 2543 2059 2614 incongrue

472 2633 635 2687 dictis
668 2635 818 2697 .satis
897 2634 1134 2688 ostendit
1206 2634 1417 2687 nonnisi
1454 2634 1507 2686 vi
1561 2634 1702 2687 intra
1762 2649 1821 2688 se
1868 2635 2058 2690 conti-

471 2726 657 2781 nuisse
690 2742 752 2781 ea
788 2727 951 2780 etiam
1013 2741 1135 2795 qua:
1166 2735 1327 2780 antea
1372 2726 1684 2781 simulabat.
1716 2725 1783 2780 Et
1836 2728 2056 2797 quidem

482 2828 679 2874 venter
739 2819 1286 2889 cius'dirumpendus
1330 2828 1472 2884 erat,
1525 2819 1631 2873 nisi
1683 2821 1823 2874 hanc
1870 2835 2057 2875 vocem

469 2910 639 2967 etiam
681 2919 838 2967 extra
880 2912 1126 2966 ordinem
1160 2913 1585 2980 exprompsisset
1618 2908 1877 2984 extraque
1933 2916 2058 2972 baro

474 3004 713 3057 moniam
746 3012 801 3057 et
833 3003 1076 3073 dispositi
1100 3007 1367 3058 sermonis
1394 3006 1611 3059 seriem.
1646 3004 1801 3059 Brevi
1829 3007 1972 3060 enim
2004 3008 2089 3061 in-

472 3111 635 3151 scena
694 3094 936 3163 jocatus,
967 3105 1023 3150 et
1063 3095 1180 3164 ejus
1220 3098 1362 3165 quod
1413 3099 1604 3165 agebat
1637 3097 1902 3151 dramatis
1926 3113 2060 3152 con-

2156 586 2331 658 ταύτῃ
2366 591 2469 643 κάν
2498 588 2711 653 τούτοις
2735 589 2978 655 δοξάζων
3000 592 3308 664 ἐλέγχεται,
3334 595 3453 659 τοῖς
3485 596 3729 654 διδασκά-

2157 675 2271 737 λοις
2299 677 2466 731 αὑτοῦ
2496 681 2613 742 τοϊς
2659 681 2985 751 Ἀκεφάλοις
3027 684 3318 755 ἑπόμενος,
3346 679 3426 741 ὧν
3463 703 3611 753 τινες
3636 690 3726 755 τὰς

2158 765 2351 836 φύσεις
2397 769 2616 824 δοκοῦσι
2655 770 2936 842 δέχεσθαι,
2995 776 3201 840 πάντες
3257 778 3315 831 δὲ
3359 778 3433 831 τὰ
3468 780 3725 851 ἰδιώματα

2157 859 2339 912 αὐτῶν
2360 861 2552 934 πάντηξ
2566 862 2857 936 ἀναιροῦσι
2878 867 2974 920 καὶ
3002 868 3490 939 παραγράφονται.
3522 873 3723 927 Ἐντεῦ-

2158 949 2252 1003 θεν
2272 950 2335 1003 τὸ
2361 952 2701 1023 φλεγμαῖνον
2726 955 2826 1027 τῆς
2854 957 3219 1030 γνώμης,ηκαὶ
3251 960 3351 1033 τὴν
3370 962 3724 1034 ὑποικουροῦ-

2160 1061 2260 1098 σαν
2287 1046 2346 1098 ἐν
2370 1045 2449 1116 τῷ
2480 1045 2635 1116 βάθει
2663 1048 2763 1119 τῆς
2800 1048 3004 1121 ψυχῆς,
3053 1052 3198 1105 κατὰ
3246 1052 3354 1107 τῶν
3394 1070 3728 1127 χαρακτηρι-

2159 1135 2361 1200 ζόντων
2412 1138 2510 1191 καὶ
2553 1139 2971 1208 ὲμφανιζόντων
3023 1144 3160 1213 ἡμῖν
3217 1144 3281 1196 τὸ
3330 1144 3427 1197 τοῦ
3487 1146 3731 1218 Σωτῆρος

2160 1226 2319 1298 ἡμῶν
2375 1228 2616 1298 Χριστοῦ
2648 1230 2985 1305 ἀνθρώπεια
3032 1229 3173 1298 ε’ίδος
3201 1234 3557 1306 δυσμένειαν,
3606 1239 3729 1292 ἀτά-

2160 1334 2302 1380 κτως
2334 1334 2453 1382 πως
2488 1321 2583 1373 καὶ
2625 1322 3021 1395 ἀσυναρτήτως
3050 1322 3426 1395 ἑκπομπεύων
3480 1325 3730 1397 παραδεί-

2158 1428 2335 1467 κνυσι.

2189 1523 2319 1596 ἰγ’.
2378 1528 2518 1600 Φησὶ
2566 1528 2693 1598 γάρ’
2737 1546 2757 1581 ε
2800 1527 2922 1583 Κᾶν
2975 1530 3127 1583 πᾶσα
3179 1527 3347 1582 εἰκὼν
3399 1528 3727 1600 παρᾶγωγος

2157 1617 2522 1688 πρωτοτύπου
2550 1619 2696 1684 τινὸς
2726 1617 3081 1691 γνωρίζεται.
3123 1639 3167 1703 »ί
3187 1619 3309 1674 Τίνι
3334 1620 3519 1674 ταῦτα
3553 1637 3723 1692 παρα-

2159 1709 2419 1782 6λητέον;
2444 1711 2477 1783 ἦ
2510 1714 2689 1765 έκεῖνο
2719 1712 2937 1784 ῥητέον,
2960 1712 3043 1765 ὃτι
3064 1711 3311 1782 χαλκέως
3338 1713 3401 1764 ὲν
3435 1712 3537 1780 ίσῳ
3565 1728 3725 1782 φυση-

2158 1802 2284 1874 τῆρι
2314 1803 2418 1857 ὑπὸ
2446 1804 2542 1857 τοῦ
2564 1804 2977 1874 ὲμφωλεύοντος
3001 1805 3097 1859 καὶ
3117 1804 3402 1869 ὀλέκοντος
3429 1805 3727 1875 πνεύματος

2156 1889 2226 1944 τὰ
2271 1891 2557 1963 σπλάγχνα
2593 1893 3065 1964 περιτεινόμενος,
3114 1893 3236 1946 κατ’
3288 1895 3509 1947 ἐκεῖνον
3546 1893 3608 1965 δὴ
3646 1894 3727 1947 τὸν

2156 1983 2421 2055 Βουζίτην
2461 1984 2553 2039 τὸν
2579 1985 2763 2051 λάλον,
2800 1970 2966 2056 ἡνίκα
2996 1984 3076 2055 τῷ
3125 1984 3335 2057 Δῦσίτῃ
3379 1984 3463 2055 τῷ
3515 1986 3723 2057 μεγάλῳ

2156 2077 2703 2149 ὲπιπληκτικώτερόν
2732 2095 2849 2142 πως
2873 2077 3312 2148 προσδιελέγετο.
3345 2078 3427 2131 Οὐ
3450 2076 3561 2148 γὰρ
3580 2076 3719 2131 ἔσθε⁸

2157 2187 2248 2223 νεν
2300 2168 2380 2222 ἔτι
2414 2170 2682 2241 κρύπτειν
2714 2170 2868 2233 ἐντὸς
2892 2168 2990 2239 τὴν
3022 2169 3378 2240 κακοήθειαν.
3441 2169 3559 2222 Νῦν
3601 2171 3723 2240 ὅπερ

2158 2263 2328 2317 πάλαι
2349 2262 2506 2317 ὢδινε
2560 2263 2757 2334 πικρὸν
2781 2262 2882 2333 τῆς
2899 2261 3155 2325 ἀσεϐείας
3173 2261 3503 2332 ὲξήμδλωσε
3533 2261 3726 2333 κύημα,

2157 2358 2254 2410 καὶ
2278 2357 2343 2427 ἢν
2376 2356 2507 2426 πρὶν
2532 2356 2637 2409 ὑπὸ
2668 2356 3145 2426 παραπετάσματι
3170 2356 3191 2388 ⁸
3211 2353 3290 2424 τῷ
3314 2354 3609 2425 πλάσματι
3636 2370 3729 2407 κα-

2156 2448 2473 2513 τασκιάζειν
2502 2447 2681 2501 ἐδόκει
2736 2447 3005 2519 πονηρίαν
3057 2447 3365 2518 ἑκρήγνυσι
3398 2461 3412 2475 ’
3460 2444 3728 2499 καὶταῦτα

2162 2543 2297 2613 μηδὲ
2341 2541 2444 2612 τῆς
2472 2541 2803 2605 ἀκολουθίας
2827 2540 2920 2594 τοῦ
2952 2540 3115 2609 λόγου
3156 2539 3467 2611 φερούσης,
3497 2537 3724 2593 ἀκαταλ-

2158 2635 2338 2706 λήλως
2383 2633 2736 2705 ἐκτιθέμενος
2762 2650 2773 2662 ·
2801 2632 3018 2695 δεικνὺς
3047 2630 3143 2685 καὶ
3181 2628 3467 2693 ἐντεῦθεν,
3524 2629 3603 2682 ὅτι
3646 2625 3724 2697 βίᾳ

2160 2731 2413 2798 κατεῖχεν
2438 2728 2498 2779 ὲν
2530 2724 2731 2796 ἑαυτῷ,
2768 2726 2861 2778 καὶ
2906 2723 2944 2778 ἃ
2990 2722 3365 2794 προλεχθέντα
3408 2720 3561 2791 αύτῷ
3595 2736 3722 2789 παρ-

2160 2821 2457 2876 επλάσχτο.
2483 2820 2594 2873 Καὶ
2627 2818 2693 2888 δὴ
2726 2818 2792 2871 ἂν
2821 2817 3194 2889 περιερρώγει
3220 2813 3394 2868 αὑτοῦ
3434 2814 3470 2884 ἠ
3506 2811 3725 2883 γαστὴρ,

2161 2914 2210 2965 εἰ
2234 2912 2307 2983 μὴ
2326 2912 2531 2982 ταύτην
2572 2910 2774 2981 ἔρρηξε
2821 2909 2922 2980 τὴν
2964 2908 3171 2979 φωνὴν,
3202 2907 3297 2960 καὶ
3337 2924 3415 2960 πο
3428 2906 3499 2977 ρὰ
3527 2904 3622 2974 τὴν
3642 2903 3726 2959 τά·

2162 3002 2267 3067 ξιν,
2301 3003 2397 3056 καὶ
2422 3000 2579 3071 παρὰ.
2610 3001 2710 3070 τὴν
2739 2999 3034 3070 ἁρμονίαν,
3070 2997 3166 3052 καὶ
3189 2997 3344 3069 παρὰ
3382 2996 3488 3068 τὴν
3519 2993 3728 3049 ἀκολού-

2163 3091 2320 3162 θησιν
2350 3093 2448 3161 τῆς
2473 3090 2569 3143 τοῦ
2600 3089 2762 3158 λόγου
2789 3089 3081 3152 ἐκθέσεως.
3115 3088 3309 3159 Μικρὰ
3334 3087 3454 3158 γὰρ
3472 3090 3542 3159 τῇ
3571 3087 3726 3156 σκηνῇ

468 3188 838 3260 sutnptorisu,
864 3188 934 3245 ad
970 3203 1126 3245 suum
1160 3203 1347 3246 rursus
1374 3190 1647 3259 ingenium
1675 3204 1737 3247 se
1767 3192 1989 3260 recepit.

2164 3183 2531 3256 προσπαίξας,
2562 3183 2655 3236 καὶ
2687 3183 2751 3234 τδ
2778 3181 2964 3254 δρᾶμα
3012 3182 3153 3251 ὅπερ
3192 3179 3534 3251 ὑπεκρίνατο
3578 3193 3723 3250 μονο-

541 3472 629 3527 M.
669 3472 1076 3544 Famigeratum
1106 3474 1257 3530 illum
1295 3486 1451 3532 vetus
1492 3479 1904 3549 mythographia
1936 3495 2058 3537 coro

470 3580 597 3619 vum
627 3575 812 3619 narrat
837 3565 1028 3621 alienis
1056 3569 1251 3637 pennis
1281 3579 1534 3625 ornatum
1564 3572 1862 3642 aliquando
1891 3582 2056 3644 atque

472 3658 822 3726 gloriantem,
857 3658 909 3711 in
940 3674 1098 3728 quem
1150 3675 1344 3717 aereus
1388 3663 1606 3731 spirans
1658 3676 1853 3722 ventus
1908 3672 2059 3722 eom-

474 3745 780 3801 tnentitiam
807 3746 1064 3817 dispersit
1094 3746 1518 3815 formositatem,
1546 3768 1770 3823 remque
1820 3756 2055 3811 alienam

475 3838 602 3894 fecit
620 3838 909 3893 evanidam
934 3856 949 3903 ;
975 3855 1039 3894 ex
1078 3856 1189 3911 quo
1220 3841 1368 3898 illius
1395 3843 1717 3901 deformitas
1735 3848 1931 3907 deinde
1957 3863 2055 3917 ap-

469 3931 676 3999 paruit.
724 3929 914 3987 Simile
967 3933 1096 4002 quid
1155 3934 1433 3991 Matnonas
1477 3937 1642 3992 etiam
1687 3953 1879 4009 passus
1924 3941 2056 3997 mihi

472 4022 707 4077 videtur.
769 4023 1056 4094 Postquam
1104 4027 1252 4081 eniut
1302 4027 1496 4083 alienis
1539 4031 1815 4100 paulisper
1848 4049 1909 4088 se
1965 4049 2058 4089 ve-

471 4114 714 4168 nustavit
758 4114 905 4169 velut
950 4127 1109 4171 rectae
1161 4118 1285 4174 tldei
1345 4121 1694 4188 dictionibus,
1725 4123 1890 4179 ﬂante
1932 4140 2057 4180 mox

472 4203 787 4260 adversaria
814 4208 885 4268 vi,
916 4224 1019 4263 non
1049 4210 1138 4263 diu
1169 4222 1289 4279 post
1320 4215 1601 4270 sententiae
1655 4232 1766 4271 sua:
1820 4219 2056 4286 turpitu-

469 4297 650 4352 dinem
700 4297 1031 4367 patefactam
1076 4305 1342 4358 exhibuit.
1374 4303 1564 4362 Nonne
1613 4308 1756 4362 enim
1800 4311 2057 4366 omnibus

354 4401 361 4407 '
467 4400 641 4460 patet,
675 4392 744 4446 ab
770 4408 836 4449 eo
881 4394 1081 4451 Christi
1137 4397 1364 4467 gloriam
1407 4402 1727 4472 oppugnari,
1755 4405 1883 4457 dum
1955 4406 2056 4458 mi—

469 4492 629 4539 natur
687 4499 752 4540 ac
808 4485 995 4541 fremit
1056 4490 1320 4545 adversus
1372 4491 1531 4547 Verbi
1579 4494 2053 4550 incarnationem?

465 4577 906 4648 quandoquidem
933 4583 1168 4636 nomium
1223 4583 1441 4652 incepto
1478 4586 1544 4640 de
1574 4587 1906 4658 imaginibus
1932 4605 2052 4645 ser-

470 4683 648 4735 mone,
683 4686 778 4739 per
800 4686 862 4726 ca
920 4689 1037 4741 qua:
1090 4674 1144 4728 in
1186 4677 1422 4731 medium
1490 4680 1659 4733 verba
1708 4681 1865 4749 jecit,
1925 4690 2054 4738 ante

467 4758 632 4811 etiam
665 4761 978 4827 praeclaram
1027 4764 1171 4818 illam
1232 4769 1501 4824 orationis
1527 4781 1891 4841 structuram,
1928 4790 2055 4829 sen-

470 4848 694 4904 tentiam
763 4868 915 4908 suam
978 4856 1177 4915 innuit.
1232 4856 1449 4929 Quippe
1484 4860 1573 4915 hic
1635 4863 2056 4921 animadvertite

468 4956 763 5011 quamnam
794 4961 989 5005 sensus
1032 4949 1416 5006 cohaerentiam
1452 4968 1576 5008 cum
1619 4959 2055 5025 praecedentibus

469 5036 587 5091 lucc
643 5039 810 5093 verba
884 5043 1156 5099 retineant
1217 5064 1231 5100 :
1282 5062 1406 5102 nam
1470 5049 1537 5103 de
1604 5054 1815 5109 naturis
1892 5066 2053 5111 antea

470 5132 861 5203 hypostasique
889 5135 1121 5207 locutus,
1151 5155 1276 5195 mox
1316 5142 1535 5213 propria
1585 5145 1809 5201 audacia
1859 5148 2057 5203 animi-

469 5240 578 5291 qtte
609 5225 812 5297 impetu
840 5230 1243 5301 instinctus,ad
1271 5235 1870 5306 imagincsinordinate
1900 5251 2054 5296 tran-

471 5315 585 5369 silit
607 5324 662 5372 et
688 5330 978 5394 prototypa
1012 5339 1027 5378 :
1063 5323 1137 5379 ita
1174 5335 1231 5379 ut
1255 5339 1443 5397 aperte
1495 5323 2051 5398 demonstrethotum

542 5496 562 5527 ⁸
602 5493 723 5553 Job.
760 5518 932 5571 χχιιι,
974 5503 1030 5556 2.
1111 5507 1131 5537 ⁸
1171 5525 1261 5576 rp.
1294 5525 1484 5580 περιπ.

544 5675 995 5764 (Ιὸχβρονίιειιυε
1023 5683 1634 5764 Μιιηορζιγεὶιοεδγενοε
1652 5706 1678 5742 a
1702 5691 2049 5764 Copmuymo

474 5749 1122 5830 lignantiutntranslatos
1151 5749 1343 5824 quinto
1371 5762 1452 5815 sui
1489 5749 1637 5830 {rgni
1685 5749 1822 5817 anno
1864 5749 2047 5819 llildl'l'ul.

477 5829 529 5877 tu
560 5820 831 5879 Chronico
867 5820 1247 5889 Theophanes.

2165 3274 2317 3343 νουχὶ
2335 3272 2694 3340 διαγελάσας,
2719 3272 2856 3344 πρὸς
2891 3271 2992 3342 τὴν
3019 3271 3233 3325 οἰκείαν
3266 3269 3449 3342 ῥοπὴν
3478 3264 3728 3330 ἐπανιὼν,

2166 3368 2251 3437 ἐφ’
2274 3366 2466 3421 ἑαυτὸν
2496 3366 2732 3435 γίνεται.

2237 3481 2320 3535 ιδ’.
2350 3481 2455 3534 Τὸν
2476 3477 2950 3550 μυθολογούμενον
2979 3476 3192 3534 κολοιὸν
3243 3476 3513 3546 ἔκεῖνονὴ
3542 3472 3730 3528 παλαιὰ

2164 3574 2411 3644 εἰσφέρει
2441 3571 2849 3643 μυθοπλαστία,
2879 3571 3113 3635 ὀθνείοις
3142 3570 3372 3640 πτεροῖς
3400 3567 3728 3637 ὲγκαλλωπι·

2166 3665 2393 3737 ζόμενόν
2432 3682 2548 3729 πως
2610 3664 2706 3719 καὶ
2764 3662 3214 3733 έπαγαλλόμενον
3246 3676 3260 3692 ·
3313 3662 3401 3731 ἐφ’
3454 3659 3516 3714 ὃν
3561 3657 3729 3731 ἁέριόν

2164 3775 2296 3812 ποτε
2331 3756 2647 3830 προσρῆξαν
2675 3755 2918 3827 πνεῦμα,
2943 3754 3272 3809 σκεδάννυσι
3300 3754 3403 3824 μὲν
3428 3754 3531 3822 τὴν
3553 3749 3726 3803 ἐπείσ-

2163 3865 2329 3905 ακτον
2367 3847 2701 3918 εὐμορφίαν,
2734 3846 2832 3900 καὶ
2861 3843 3095 3916 φροῦδον
3151 3847 3299 3900 ποιεί
3329 3843 3392 3897 τὸ
3438 3842 3728 3911 ἀλλότριον,

2164 3941 2375 3996 ἐκεῖθεν
2399 3940 2456 3994 δὲ
2480 3941 2628 4011 αὐτῷ
2650 3940 2709 3993 τὸ
2730 3938 2973 4002 δυσειδὲς
2988 3937 3176 3992 λοιπὸν
3200 3936 3568 4008 ἐξελέγχεται.
3592 3932 3729 4001 Τάχα

2161 4052 2216 4089 τι
2251 4034 2640 4106 παραπλήσιον
2685 4033 2782 4087 καὶ
2835 4032 3001 4096 αὑτός
3038 4048 3129 4103 μοι
3190 4029 3527 4091 πεπονθέναι
3577 4024 3743 4079 δοκείμ

2177 4126 2507 4198 Ἀλλοτρίοις
2534 4125 2644 4195 γὰρ
2672 4124 2866 4195 ὥσπερ
2907 4125 3008 4195 τῆς
3060 4120 3349 4184 εὐσεϐείας
3376 4121 3438 4173 ὲν
3486 4115 3728 4190 βραχέσιν

2163 4219 2359 4274 ἑαυτὸν
2399 4214 2838 4289 περιμορφὼσας
2867 4215 3072 4285 λόγοις,
3110 4213 3219 4267 ὑπὸ
3258 4212 3359 4282 τῆς
3394 4204 3724 4289 ὲμπνεούσης

2163 4312 2311 4383 αύτῷ
2343 4309 2594 4373 ἐναντίας
2620 4308 2928 4378 δυνάμεως,
2973 4307 3075 4360 οῦκ
3101 4307 3185 4370 είς
3237 4303 3461 4376 μακρὰν
3478 4302 3537 4355 τὸ
3551 4296 3726 4369 αἶσχος

2160 4402 2261 4472 τῆς
2290 4398 2486 4454 ἑαυτοῦ
2532 4397 2690 4470 δόξης
2723 4396 2952 4468 ἔκδηλον
3007 4396 3419 4466 παρεστήσατο.
3461 4387 3605 4461 *Αρα
3631 4384 3727 4456 γὰρ

2160 4494 2221 4546 οὐ
2254 4493 2422 4546 πᾶσίν
2464 4493 2583 4544 ἐστι
2611 4489 2954 4559 καταφανὴς,
2992 4490 3061 4559 τῇ
3087 4486 3184 4541 τοῦ
3208 4482 3463 4557 Χριστοῦ
3493 4480 3617 4552 δόξῃ
3642 4490 3725 4548 με·

2164 4601 2312 4658 μαχη
2321 4584 2506 4654 μένος,
2540 4583 2783 4636 ἀπειλῶν
2803 4583 2897 4636 καὶ
2920 4580 3141 4652 βρέμων
3165 4579 3307 4634 κατὰ
3334 4577 3435 4648 τῆς
3459 4577 3550 4630 τοῦ
3568 4572 3724 4638 Λόγου

2162 4675 2526 4748 σαρκώσεωςὲ
2559 4676 2643 4729 ὅτι
2666 4675 2731 4746 δὴ
2769 4674 2960 4745 πρὶνῆ
2998 4673 3275 4745 κατάρξαι
3314 4670 3407 4723 τοῦ
3441 4669 3570 4739 περὶ
3594 4662 3724 4717 εικό-

2160 4789 2270 4826 νων
2300 4770 2485 4839 λόγου,
2506 4769 2572 4822 δι’
2606 4762 2683 4823 ὧν
2710 4767 3019 4840 ἀπέρριψεν
3059 4768 3117 4821 ἑν
3144 4766 3294 4837 μέσῳ
3330 4763 3608 4836 ῥημάτων,
3638 4754 3725 4821 τὴν

2161 4861 2372 4916 οἰκείαν
2403 4861 2497 4915 καὶ
2518 4861 2626 4932 πρὸ
2658 4862 2760 4931 τῆς
2790 4859 3023 4930 ἀρίστης
3052 4857 3273 4927 ἐκείνης
3308 4854 3401 4909 τοῦ
3432 4853 3590 4920 λόγου
3636 4861 3727 4899 κα-

2161 4957 2458 5026 τασκευῆς,
2499 4954 2878 5008 ὑπαινίττεται
2913 4950 3168 5021 γνώμην.
3227 4948 3495 5002 Σκοπεῖτε
3522 4942 3627 5012 γὰρ
3647 4939 3723 4988 ἐν·

2159 5047 2357 5111 ταῦθα,
2397 5044 2927 5112 ποίαςάκολουθίας
2979 5043 3193 5097 ἔννοιαν
3244 5039 3505 5103 διασώζει
3569 5030 3724 5087 ταῦτα

2163 5144 2304 5216 πρὸς
2328 5144 2398 5198 τὰ
2433 5141 2826 5214 προηγούμενα
2850 5156 2864 5168 ·
2896 5140 2955 5192 ὲν
2976 5138 3086 5209 γὰρ
3109 5137 3222 5198 τοῖς
3245 5127 3578 5205 προλαϐοῦσι
3607 5115 3719 5216 περί

2159 5213 2223 5291 τε
2266 5213 2487 5307 φύσεων
2536 5237 2633 5290 καὶ
2670 5233 3027 5294 ὑποστάσεως
3081 5227 3491 5297 διαλεγόμενος,
3543 5213 3720 5307 ἀθρόον

2165 5299 2608 5392 ὑπ”αὺθαδείας
2662 5328 2758 5381 καὶ
2802 5321 3113 5396 ὲμπαθείας
3161 5314 3574 5385 ἐκϐιαζόμενος,
3635 5299 3721 5358 ἐπὶ

2230 5693 2344 5762 (l7)
2380 5691 2454 5745 De
2507 5681 3159 5762 inconstantia_loquendi
3195 5665 3716 5762 ACCPIIIRl'QI‘llm‘PE:

2160 5742 2584 5833 nuit—bylsitarum
2602 5760 2743 5833 circa
2770 5742 3264 5833 Cttristi:ttatttras_,
3296 5742 3396 5833 (litt
3418 5742 3706 5804 Eustalltilﬂ

2160 5817 2460 5888 monachus
2489 5846 2517 5885 a
2548 5845 2631 5885 tne
2660 5828 2840 5884 editus
2872 5825 3070 5882 Scrivt.
3114 5830 3211 5878 vet.
3240 5830 3278 5877 t.
3311 5817 3420 5877 Vll.
