  <div class='ocr_page' id='page_1' title='image "/cluster/home/n/w/nwhite01/storage/ocr_20150623/100/coo.31924054870047/120.png"; bbox 0 0 3978 6422; ppageno 0'>
   <div class='ocr_carea' id='block_1_1' title="bbox 228 360 327 425">
    <p class='ocr_par' dir='ltr' id='par_1_1' title="bbox 228 360 327 425">
     <span class='ocr_line' id='line_1_1' title="bbox 228 360 327 425; baseline -0.04 0"><span class='ocrx_word' id='word_1_1' title='bbox 228 360 327 425; x_wconf 70' lang='grc'><strong>225</strong></span> 
     </span>
    </p>
   </div>
   <div class='ocr_carea' id='block_1_2' title="bbox 924 345 2744 411">
    <p class='ocr_par' dir='ltr' id='par_1_2' title="bbox 924 345 2744 411">
     <span class='ocr_line' id='line_1_2' title="bbox 924 345 2744 411; baseline 0 -2"><span class='ocrx_word' id='word_1_2' title='bbox 924 345 1558 410; x_wconf 81' lang='lat' dir='ltr'><strong>ANTIRRHETICUS</strong></span> <span class='ocrx_word' id='word_1_3' title='bbox 1596 346 1625 405; x_wconf 95' lang='grc' dir='ltr'>Ι</span> <span class='ocrx_word' id='word_1_4' title='bbox 1687 347 1858 408; x_wconf 83' lang='lat' dir='ltr'><strong>ADV.</strong></span> <span class='ocrx_word' id='word_1_5' title='bbox 1898 346 2494 408; x_wconf 83' lang='lat' dir='ltr'><strong>CONSTANTINUM</strong></span> <span class='ocrx_word' id='word_1_6' title='bbox 2533 349 2744 411; x_wconf 84' lang='lat' dir='ltr'><strong>COPR.</strong></span> 
     </span>
    </p>
   </div>
   <div class='ocr_carea' id='block_1_3' title="bbox 3384 352 3492 419">
    <p class='ocr_par' dir='ltr' id='par_1_3' title="bbox 3384 352 3492 419">
     <span class='ocr_line' id='line_1_3' title="bbox 3384 352 3492 419; baseline -0.019 -1"><span class='ocrx_word' id='word_1_7' title='bbox 3384 352 3492 419; x_wconf 70' lang='lat'><strong>9‘38</strong></span> 
     </span>
    </p>
   </div>
   <div class='ocr_carea' id='block_1_4' title="bbox 230 459 1825 535">
    <p class='ocr_par' dir='ltr' id='par_1_4' title="bbox 230 459 1797 535">
     <span class='ocr_line' id='line_1_4' title="bbox 230 459 1797 535; baseline -0.01 -7"><span class='ocrx_word' id='word_1_8' title='bbox 230 471 439 533; x_wconf 82' lang='grc' dir='ltr'>εἰκόνας</span> <span class='ocrx_word' id='word_1_9' title='bbox 479 465 756 535; x_wconf 70' lang='grc' dir='ltr'>κάκόσμως</span> <span class='ocrx_word' id='word_1_10' title='bbox 808 463 1113 533; x_wconf 76' lang='grc' dir='ltr'>ἀφάλλεται</span> <span class='ocrx_word' id='word_1_11' title='bbox 1159 462 1254 515; x_wconf 74' lang='grc' dir='ltr'><strong>καὶ</strong></span> <span class='ocrx_word' id='word_1_12' title='bbox 1295 460 1669 531; x_wconf 43' lang='lat' dir='ltr'><strong>aptato-rum..-</strong></span> <span class='ocrx_word' id='word_1_13' title='bbox 1710 459 1797 513; x_wconf 78' lang='grc' dir='ltr'>ἵνα</span> 
     </span>
    </p>
   </div>
   <div class='ocr_carea' id='block_1_5' title="bbox 1930 459 3486 535">
    <p class='ocr_par' dir='ltr' id='par_1_5' title="bbox 1930 462 3486 532">
     <span class='ocr_line' id='line_1_5' title="bbox 1930 462 3486 532; baseline 0.004 -18"><span class='ocrx_word' id='word_1_14' title='bbox 1930 462 1977 517; x_wconf 76' lang='grc' dir='ltr'><strong>ιι)</strong></span> <span class='ocrx_word' id='word_1_15' title='bbox 2005 475 2071 515; x_wconf 91' lang='lat' dir='ltr'><strong>eo</strong></span> <span class='ocrx_word' id='word_1_16' title='bbox 2101 472 2429 516; x_wconf 89' lang='lat' dir='ltr'><strong>commotum</strong></span> <span class='ocrx_word' id='word_1_17' title='bbox 2470 476 2804 528; x_wconf 83' lang='lat' dir='ltr'><strong>sermonem,</strong></span> <span class='ocrx_word' id='word_1_18' title='bbox 2854 478 2882 517; x_wconf 90' lang='lat' dir='ltr'><strong>a</strong></span> <span class='ocrx_word' id='word_1_19' title='bbox 2927 477 3140 519; x_wconf 90' lang='lat' dir='ltr'><strong>summo</strong></span> <span class='ocrx_word' id='word_1_20' title='bbox 3172 466 3238 518; x_wconf 87' lang='lat' dir='ltr'><strong>ad</strong></span> <span class='ocrx_word' id='word_1_21' title='bbox 3294 463 3486 532; x_wconf 90' lang='lat' dir='ltr'><strong>imum,</strong></span> 
     </span>
    </p>
   </div>
   <div class='ocr_carea' id='block_1_6' title="bbox 228 553 1801 634">
    <p class='ocr_par' dir='ltr' id='par_1_6' title="bbox 228 553 1801 634">
     <span class='ocr_line' id='line_1_6' title="bbox 228 553 1801 634; baseline -0.008 -15"><span class='ocrx_word' id='word_1_22' title='bbox 228 563 368 634; x_wconf 77' lang='grc' dir='ltr'>δείξῃ</span> <span class='ocrx_word' id='word_1_23' title='bbox 405 559 593 632; x_wconf 79' lang='grc' dir='ltr'>σαφῶς</span> <span class='ocrx_word' id='word_1_24' title='bbox 614 558 692 622; x_wconf 87' lang='grc' dir='ltr'>ὼς</span> <span class='ocrx_word' id='word_1_25' title='bbox 713 559 822 621; x_wconf 81' lang='grc' dir='ltr'>πᾶς</span> <span class='ocrx_word' id='word_1_26' title='bbox 843 560 871 610; x_wconf 88' lang='grc' dir='ltr'>ὁ</span> <span class='ocrx_word' id='word_1_27' title='bbox 891 555 1256 625; x_wconf 79' lang='grc' dir='ltr'><strong>κεκινημένος</strong></span> <span class='ocrx_word' id='word_1_28' title='bbox 1279 553 1429 623; x_wconf 72' lang='grc' dir='ltr'>αὐτῷ</span> <span class='ocrx_word' id='word_1_29' title='bbox 1457 553 1638 621; x_wconf 81' lang='grc' dir='ltr'>λόγος,</span> <span class='ocrx_word' id='word_1_30' title='bbox 1666 553 1801 624; x_wconf 86' lang='grc' dir='ltr'>πρό-</span> 
     </span>
    </p>
   </div>
   <div class='ocr_carea' id='block_1_7' title="bbox 229 645 1805 726">
    <p class='ocr_par' dir='ltr' id='par_1_7' title="bbox 229 645 1805 726">
     <span class='ocr_line' id='line_1_7' title="bbox 229 645 1805 726; baseline -0.007 -19"><span class='ocrx_word' id='word_1_31' title='bbox 229 655 378 726; x_wconf 80' lang='grc' dir='ltr'>τερός</span> <span class='ocrx_word' id='word_1_32' title='bbox 409 668 468 704; x_wconf 83' lang='grc' dir='ltr'><strong>τε</strong></span> <span class='ocrx_word' id='word_1_33' title='bbox 490 651 587 704; x_wconf 82' lang='grc' dir='ltr'>καὶ</span> <span class='ocrx_word' id='word_1_34' title='bbox 627 647 879 718; x_wconf 80' lang='grc' dir='ltr'>ὕστερος,</span> <span class='ocrx_word' id='word_1_35' title='bbox 918 649 1033 710; x_wconf 85' lang='grc' dir='ltr'>τοῖς</span> <span class='ocrx_word' id='word_1_36' title='bbox 1060 648 1227 716; x_wconf 82' lang='grc' dir='ltr'>ἱεροῖς</span> <span class='ocrx_word' id='word_1_37' title='bbox 1251 646 1351 715; x_wconf 77' lang='grc' dir='ltr'>τῆς</span> <span class='ocrx_word' id='word_1_38' title='bbox 1386 646 1625 708; x_wconf 81' lang='grc' dir='ltr'>πίστεως</span> <span class='ocrx_word' id='word_1_39' title='bbox 1647 645 1805 715; x_wconf 77' lang='grc' dir='ltr'>ἡμῶν</span> 
     </span>
    </p>
   </div>
   <div class='ocr_carea' id='block_1_8' title="bbox 233 734 1804 814">
    <p class='ocr_par' dir='ltr' id='par_1_8' title="bbox 233 734 1804 814">
     <span class='ocr_line' id='line_1_8' title="bbox 233 734 1804 814; baseline -0.006 -17"><span class='ocrx_word' id='word_1_40' title='bbox 233 741 511 814; x_wconf 83' lang='grc' dir='ltr'>συμϐόλοις</span> <span class='ocrx_word' id='word_1_41' title='bbox 571 739 671 809; x_wconf 82' lang='grc' dir='ltr'><strong>τὴν</strong></span> <span class='ocrx_word' id='word_1_42' title='bbox 733 737 863 809; x_wconf 81' lang='grc' dir='ltr'>ὃλην</span> <span class='ocrx_word' id='word_1_43' title='bbox 914 736 1009 790; x_wconf 88' lang='grc' dir='ltr'><strong>τοῦ</strong></span> <span class='ocrx_word' id='word_1_44' title='bbox 1063 734 1319 805; x_wconf 71' lang='grc' dir='ltr'>Σωτῆρος</span> <span class='ocrx_word' id='word_1_45' title='bbox 1352 736 1512 806; x_wconf 81' lang='grc' dir='ltr'>ἡμῶν</span> <span class='ocrx_word' id='word_1_46' title='bbox 1563 734 1804 806; x_wconf 80' lang='grc' dir='ltr'>Χριστοῦ</span> 
     </span>
    </p>
   </div>
   <div class='ocr_carea' id='block_1_9' title="bbox 234 827 1807 903">
    <p class='ocr_par' dir='ltr' id='par_1_9' title="bbox 234 827 1807 903">
     <span class='ocr_line' id='line_1_9' title="bbox 234 827 1807 903; baseline -0.008 -12"><span class='ocrx_word' id='word_1_47' title='bbox 234 831 664 903; x_wconf 80' lang='grc' dir='ltr'>συγκαθυϐρίσαι</span> <span class='ocrx_word' id='word_1_48' title='bbox 687 828 1028 901; x_wconf 77' lang='grc' dir='ltr'><strong>οἰκονομίαν,</strong></span> <span class='ocrx_word' id='word_1_49' title='bbox 1058 828 1259 899; x_wconf 77' lang='grc' dir='ltr'>μᾶλλον</span> <span class='ocrx_word' id='word_1_50' title='bbox 1291 828 1349 881; x_wconf 77' lang='grc' dir='ltr'>δὲ</span> <span class='ocrx_word' id='word_1_51' title='bbox 1380 828 1546 880; x_wconf 77' lang='grc' dir='ltr'>αὑτὸν</span> <span class='ocrx_word' id='word_1_52' title='bbox 1569 827 1807 897; x_wconf 77' lang='grc' dir='ltr'>Χριστὸν</span> 
     </span>
    </p>
   </div>
   <div class='ocr_carea' id='block_1_10' title="bbox 235 915 1807 997">
    <p class='ocr_par' dir='ltr' id='par_1_10' title="bbox 235 915 1807 997">
     <span class='ocr_line' id='line_1_10' title="bbox 235 915 1807 997; baseline -0.006 -16"><span class='ocrx_word' id='word_1_53' title='bbox 235 928 511 997; x_wconf 78' lang='grc' dir='ltr'>ἀθετήσειν</span> <span class='ocrx_word' id='word_1_54' title='bbox 551 921 865 994; x_wconf 77' lang='grc' dir='ltr'><strong>ἐξώρμητο.</strong></span> <span class='ocrx_word' id='word_1_55' title='bbox 923 920 1106 987; x_wconf 54' lang='grc' dir='ltr'>Ἅρπαξ</span> <span class='ocrx_word' id='word_1_56' title='bbox 1159 915 1254 974; x_wconf 84' lang='grc' dir='ltr'><strong>οὖν</strong></span> <span class='ocrx_word' id='word_1_57' title='bbox 1302 919 1549 973; x_wconf 85' lang='grc' dir='ltr'>τοιούτου</span> <span class='ocrx_word' id='word_1_58' title='bbox 1602 919 1807 973; x_wconf 78' lang='grc' dir='ltr'>σκοποῦ</span> 
     </span>
    </p>
   </div>
   <div class='ocr_carea' id='block_1_11' title="bbox 237 1012 1810 1091">
    <p class='ocr_par' dir='ltr' id='par_1_11' title="bbox 237 1012 1810 1091">
     <span class='ocr_line' id='line_1_11' title="bbox 237 1012 1810 1091; baseline -0.007 -16"><span class='ocrx_word' id='word_1_59' title='bbox 237 1016 635 1091; x_wconf 74' lang='grc' dir='ltr'>ἀπαρξάμενος,</span> <span class='ocrx_word' id='word_1_60' title='bbox 668 1013 1043 1085; x_wconf 63' lang='grc' dir='ltr'>ἐμφιλοχωρεῖ</span> <span class='ocrx_word' id='word_1_61' title='bbox 1070 1013 1280 1077; x_wconf 75' lang='grc' dir='ltr'>λοιπὸν,</span> <span class='ocrx_word' id='word_1_62' title='bbox 1320 1012 1510 1075; x_wconf 84' lang='grc' dir='ltr'>δεινῶς</span> <span class='ocrx_word' id='word_1_63' title='bbox 1550 1012 1691 1080; x_wconf 75' lang='grc' dir='ltr'>ἄγαν</span> <span class='ocrx_word' id='word_1_64' title='bbox 1718 1013 1810 1065; x_wconf 69' lang='grc' dir='ltr'><strong>καὶ</strong></span> 
     </span>
    </p>
   </div>
   <div class='ocr_carea' id='block_1_12' title="bbox 234 1103 1806 1180">
    <p class='ocr_par' dir='ltr' id='par_1_12' title="bbox 234 1103 1806 1180">
     <span class='ocr_line' id='line_1_12' title="bbox 234 1103 1806 1180; baseline -0.005 -15"><span class='ocrx_word' id='word_1_65' title='bbox 234 1110 465 1180; x_wconf 82' lang='grc' dir='ltr'>δριμέως</span> <span class='ocrx_word' id='word_1_66' title='bbox 496 1108 566 1161; x_wconf 89' lang='grc' dir='ltr'><strong>τά</strong></span> <span class='ocrx_word' id='word_1_67' title='bbox 593 1108 695 1178; x_wconf 77' lang='grc' dir='ltr'>τῆς</span> <span class='ocrx_word' id='word_1_68' title='bbox 712 1105 1021 1176; x_wconf 74' lang='grc' dir='ltr'>διασκευῆς</span> <span class='ocrx_word' id='word_1_69' title='bbox 1045 1104 1139 1158; x_wconf 89' lang='grc' dir='ltr'><strong>τοῦ</strong></span> <span class='ocrx_word' id='word_1_70' title='bbox 1170 1103 1333 1173; x_wconf 86' lang='grc' dir='ltr'>λόγου</span> <span class='ocrx_word' id='word_1_71' title='bbox 1360 1103 1806 1175; x_wconf 66' lang='grc' dir='ltr'>διεργαξόμενος.</span> 
     </span>
    </p>
   </div>
   <div class='ocr_carea' id='block_1_13' title="bbox 237 1194 1810 1275">
    <p class='ocr_par' dir='ltr' id='par_1_13' title="bbox 237 1194 1810 1275">
     <span class='ocr_line' id='line_1_13' title="bbox 237 1194 1810 1275; baseline -0.006 -17"><span class='ocrx_word' id='word_1_72' title='bbox 237 1204 318 1275; x_wconf 81' lang='grc' dir='ltr'><strong>Τῷ</strong></span> <span class='ocrx_word' id='word_1_73' title='bbox 346 1200 620 1272; x_wconf 86' lang='grc' dir='ltr'>καθολικῷ</span> <span class='ocrx_word' id='word_1_74' title='bbox 673 1201 733 1254; x_wconf 80' lang='grc' dir='ltr'><strong>δὲ</strong></span> <span class='ocrx_word' id='word_1_75' title='bbox 765 1198 1185 1272; x_wconf 84' lang='grc' dir='ltr'>προσδιορισμῷ</span> <span class='ocrx_word' id='word_1_76' title='bbox 1233 1198 1524 1269; x_wconf 79' lang='grc' dir='ltr'>κέχρηται,</span> <span class='ocrx_word' id='word_1_77' title='bbox 1555 1198 1664 1251; x_wconf 79' lang='grc' dir='ltr'><strong>ἀπὸ</strong></span> <span class='ocrx_word' id='word_1_78' title='bbox 1714 1194 1810 1249; x_wconf 86' lang='grc' dir='ltr'><strong>τοῦ</strong></span> 
     </span>
    </p>
   </div>
   <div class='ocr_carea' id='block_1_14' title="bbox 235 1290 1814 1367">
    <p class='ocr_par' dir='ltr' id='par_1_14' title="bbox 235 1290 1814 1367">
     <span class='ocr_line' id='line_1_14' title="bbox 235 1290 1814 1367; baseline -0.005 -17"><span class='ocrx_word' id='word_1_79' title='bbox 235 1298 401 1351; x_wconf 80' lang='grc' dir='ltr'>δοκεῖν</span> <span class='ocrx_word' id='word_1_80' title='bbox 431 1295 563 1367; x_wconf 72' lang='grc' dir='ltr'>περὶ</span> <span class='ocrx_word' id='word_1_81' title='bbox 598 1293 783 1361; x_wconf 81' lang='grc' dir='ltr'>πάσης</span> <span class='ocrx_word' id='word_1_82' title='bbox 805 1294 1019 1355; x_wconf 80' lang='grc' dir='ltr'>εἰκόνος</span> <span class='ocrx_word' id='word_1_83' title='bbox 1073 1290 1168 1346; x_wconf 80' lang='grc' dir='ltr'><strong>τὸν</strong></span> <span class='ocrx_word' id='word_1_84' title='bbox 1201 1290 1364 1359; x_wconf 86' lang='grc' dir='ltr'>λόγον</span> <span class='ocrx_word' id='word_1_85' title='bbox 1394 1291 1692 1351; x_wconf 85' lang='grc' dir='ltr'>ποιεῖσθαι,</span> <span class='ocrx_word' id='word_1_86' title='bbox 1719 1291 1814 1342; x_wconf 87' lang='grc' dir='ltr'>ἁν-</span> 
     </span>
    </p>
   </div>
   <div class='ocr_carea' id='block_1_15' title="bbox 239 1381 1810 1454">
    <p class='ocr_par' dir='ltr' id='par_1_15' title="bbox 239 1381 1810 1454">
     <span class='ocr_line' id='line_1_15' title="bbox 239 1381 1810 1454; baseline -0.005 -12"><span class='ocrx_word' id='word_1_87' title='bbox 239 1388 470 1451; x_wconf 85' lang='grc' dir='ltr'>ύποπτος</span> <span class='ocrx_word' id='word_1_88' title='bbox 494 1387 609 1449; x_wconf 86' lang='grc' dir='ltr'>τοῖς</span> <span class='ocrx_word' id='word_1_89' title='bbox 632 1384 849 1448; x_wconf 81' lang='grc' dir='ltr'>πολλοῖς</span> <span class='ocrx_word' id='word_1_90' title='bbox 879 1383 1121 1447; x_wconf 77' lang='grc' dir='ltr'>ἔσεσθαι,</span> <span class='ocrx_word' id='word_1_91' title='bbox 1155 1382 1414 1452; x_wconf 81' lang='grc' dir='ltr'>λέγεσθαι</span> <span class='ocrx_word' id='word_1_92' title='bbox 1453 1381 1509 1435; x_wconf 82' lang='grc' dir='ltr'>δὲ</span> <span class='ocrx_word' id='word_1_93' title='bbox 1537 1382 1668 1454; x_wconf 79' lang='grc' dir='ltr'>περὶ</span> <span class='ocrx_word' id='word_1_94' title='bbox 1689 1383 1810 1434; x_wconf 84' lang='grc' dir='ltr'>ὅτου</span> 
     </span>
    </p>
   </div>
   <div class='ocr_carea' id='block_1_16' title="bbox 239 1475 1244 1552">
    <p class='ocr_par' dir='ltr' id='par_1_16' title="bbox 239 1475 1244 1552">
     <span class='ocr_line' id='line_1_16' title="bbox 239 1475 1244 1552; baseline -0.009 -15"><span class='ocrx_word' id='word_1_95' title='bbox 239 1481 378 1552; x_wconf 79' lang='grc' dir='ltr'>αὐτῷ</span> <span class='ocrx_word' id='word_1_96' title='bbox 405 1480 474 1534; x_wconf 80' lang='grc' dir='ltr'>τὰ</span> <span class='ocrx_word' id='word_1_97' title='bbox 502 1478 605 1550; x_wconf 83' lang='grc' dir='ltr'>τῆς</span> <span class='ocrx_word' id='word_1_98' title='bbox 641 1475 891 1546; x_wconf 79' lang='grc' dir='ltr'>σκέψεως</span> <span class='ocrx_word' id='word_1_99' title='bbox 933 1475 1244 1549; x_wconf 78' lang='grc' dir='ltr'>πρόκειται.</span> 
     </span>
    </p>
   </div>
   <div class='ocr_carea' id='block_1_17' title="bbox 307 1561 1814 1636">
    <p class='ocr_par' dir='ltr' id='par_1_17' title="bbox 307 1561 1814 1636">
     <span class='ocr_line' id='line_1_17' title="bbox 307 1561 1814 1636; baseline -0.008 -11"><span class='ocrx_word' id='word_1_100' title='bbox 307 1579 385 1626; x_wconf 86' lang='grc' dir='ltr'>ιε’.</span> <span class='ocrx_word' id='word_1_101' title='bbox 414 1566 793 1636; x_wconf 81' lang='grc' dir='ltr'>Είσάγειγοῦν</span> <span class='ocrx_word' id='word_1_102' title='bbox 819 1564 986 1630; x_wconf 63' lang='grc' dir='ltr'>εὐθύς</span> <span class='ocrx_word' id='word_1_103' title='bbox 1006 1581 1019 1595; x_wconf 77' lang='grc'><strong><em>⁸</em></strong></span> <span class='ocrx_word' id='word_1_104' title='bbox 1044 1584 1066 1617; x_wconf 68' lang='grc' dir='ltr'><strong>ι</strong></span> <span class='ocrx_word' id='word_1_105' title='bbox 1099 1564 1208 1618; x_wconf 75' lang='grc' dir='ltr'>Καὶ</span> <span class='ocrx_word' id='word_1_106' title='bbox 1232 1565 1281 1617; x_wconf 82' lang='grc' dir='ltr'><strong>εί</strong></span> <span class='ocrx_word' id='word_1_107' title='bbox 1313 1563 1496 1626; x_wconf 81' lang='grc' dir='ltr'>καλῶς</span> <span class='ocrx_word' id='word_1_108' title='bbox 1526 1561 1814 1633; x_wconf 84' lang='grc' dir='ltr'>όμοούσιον</span> 
     </span>
    </p>
   </div>
   <div class='ocr_carea' id='block_1_18' title="bbox 242 1654 1812 1735">
    <p class='ocr_par' dir='ltr' id='par_1_18' title="bbox 242 1654 1812 1735">
     <span class='ocr_line' id='line_1_18' title="bbox 242 1654 1812 1735; baseline -0.008 -17"><span class='ocrx_word' id='word_1_109' title='bbox 242 1662 400 1735; x_wconf 76' lang='grc' dir='ltr'>αὐτὴν</span> <span class='ocrx_word' id='word_1_110' title='bbox 436 1658 579 1715; x_wconf 77' lang='grc' dir='ltr'>εἶναι</span> <span class='ocrx_word' id='word_1_111' title='bbox 600 1658 696 1712; x_wconf 85' lang='grc' dir='ltr'><strong>τοῦ</strong></span> <span class='ocrx_word' id='word_1_112' title='bbox 736 1657 1181 1727; x_wconf 76' lang='grc' dir='ltr'>είκονιζομένου.</span> <span class='ocrx_word' id='word_1_113' title='bbox 1220 1673 1238 1706; x_wconf 72' lang='grc' dir='ltr'><strong>ι</strong></span> <span class='ocrx_word' id='word_1_114' title='bbox 1272 1654 1486 1709; x_wconf 78' lang='grc' dir='ltr'>Οὐκοῦν</span> <span class='ocrx_word' id='word_1_115' title='bbox 1512 1654 1574 1707; x_wconf 83' lang='grc' dir='ltr'><strong>τὸ</strong></span> <span class='ocrx_word' id='word_1_116' title='bbox 1622 1654 1812 1718; x_wconf 84' lang='grc' dir='ltr'>ἁπλῶς</span> 
     </span>
    </p>
   </div>
   <div class='ocr_carea' id='block_1_19' title="bbox 245 1748 1816 1823">
    <p class='ocr_par' dir='ltr' id='par_1_19' title="bbox 245 1748 1816 1823">
     <span class='ocr_line' id='line_1_19' title="bbox 245 1748 1816 1823; baseline -0.008 -11"><span class='ocrx_word' id='word_1_117' title='bbox 245 1754 595 1820; x_wconf 77' lang='grc' dir='ltr'>εἰκονίζεσθαι</span> <span class='ocrx_word' id='word_1_118' title='bbox 622 1752 714 1806; x_wconf 73' lang='grc' dir='ltr'>τὸν</span> <span class='ocrx_word' id='word_1_119' title='bbox 744 1751 985 1823; x_wconf 81' lang='grc' dir='ltr'>Χριστὸν</span> <span class='ocrx_word' id='word_1_120' title='bbox 1015 1751 1076 1803; x_wconf 80' lang='grc' dir='ltr'><strong>οὐ</strong></span> <span class='ocrx_word' id='word_1_121' title='bbox 1108 1748 1366 1812; x_wconf 86' lang='grc' dir='ltr'>κωλύεις,</span> <span class='ocrx_word' id='word_1_122' title='bbox 1395 1748 1485 1802; x_wconf 79' lang='grc' dir='ltr'>διὰ</span> <span class='ocrx_word' id='word_1_123' title='bbox 1516 1749 1574 1802; x_wconf 85' lang='grc' dir='ltr'>δὲ</span> <span class='ocrx_word' id='word_1_124' title='bbox 1607 1748 1671 1801; x_wconf 76' lang='grc' dir='ltr'><strong>τὸ</strong></span> <span class='ocrx_word' id='word_1_125' title='bbox 1694 1749 1816 1802; x_wconf 73' lang='grc' dir='ltr'>ἑτε-</span> 
     </span>
    </p>
   </div>
   <div class='ocr_carea' id='block_1_20' title="bbox 1908 553 3491 625">
    <p class='ocr_par' dir='ltr' id='par_1_20' title="bbox 1908 553 3491 625">
     <span class='ocr_line' id='line_1_20' title="bbox 1908 553 3491 625; baseline 0.003 -21"><span class='ocrx_word' id='word_1_126' title='bbox 1908 566 2011 604; x_wconf 90' lang='lat' dir='ltr'><strong>una</strong></span> <span class='ocrx_word' id='word_1_127' title='bbox 2038 568 2158 605; x_wconf 81' lang='lat' dir='ltr'><strong>(-utn</strong></span> <span class='ocrx_word' id='word_1_128' title='bbox 2189 554 2363 606; x_wconf 86' lang='lat' dir='ltr'><strong>sacris</strong></span> <span class='ocrx_word' id='word_1_129' title='bbox 2393 553 2515 605; x_wconf 91' lang='lat' dir='ltr'><strong>ﬁdei</strong></span> <span class='ocrx_word' id='word_1_130' title='bbox 2542 563 2742 607; x_wconf 76' lang='lat' dir='ltr'><strong>nostrae</strong></span> <span class='ocrx_word' id='word_1_131' title='bbox 2773 553 3029 625; x_wconf 79' lang='lat' dir='ltr'><strong>symbolis</strong></span> <span class='ocrx_word' id='word_1_132' title='bbox 3065 554 3338 609; x_wconf 79' lang='lat' dir='ltr'><strong>universae</strong></span> <span class='ocrx_word' id='word_1_133' title='bbox 3363 556 3491 609; x_wconf 75' lang='lat' dir='ltr'><strong>Scr-</strong></span> 
     </span>
    </p>
   </div>
   <div class='ocr_carea' id='block_1_21' title="bbox 1906 644 3495 730">
    <p class='ocr_par' dir='ltr' id='par_1_21' title="bbox 1906 644 3495 730">
     <span class='ocr_line' id='line_1_21' title="bbox 1906 644 3495 730; baseline 0.005 -36"><span class='ocrx_word' id='word_1_134' title='bbox 1906 644 2111 697; x_wconf 83' lang='lat' dir='ltr'><strong>vatoris</strong></span> <span class='ocrx_word' id='word_1_135' title='bbox 2146 644 2315 698; x_wconf 79' lang='lat' dir='ltr'><strong>nostri</strong></span> <span class='ocrx_word' id='word_1_136' title='bbox 2361 644 2564 698; x_wconf 84' lang='lat' dir='ltr'><strong>Christi</strong></span> <span class='ocrx_word' id='word_1_137' title='bbox 2592 645 2929 730; x_wconf 59' lang='lat' dir='ltr'><strong>.mcouomiae</strong></span> <span class='ocrx_word' id='word_1_138' title='bbox 2964 646 3348 700; x_wconf 78' lang='lat' dir='ltr'><strong>contumeliam</strong></span> <span class='ocrx_word' id='word_1_139' title='bbox 3405 646 3495 701; x_wconf 84' lang='lat' dir='ltr'><strong>fa-</strong></span> 
     </span>
    </p>
   </div>
   <div class='ocr_carea' id='block_1_22' title="bbox 1909 732 3494 803">
    <p class='ocr_par' dir='ltr' id='par_1_22' title="bbox 1909 732 3494 803">
     <span class='ocr_line' id='line_1_22' title="bbox 1909 732 3494 803; baseline 0.001 -16"><span class='ocrx_word' id='word_1_140' title='bbox 1909 734 2187 797; x_wconf 88' lang='lat' dir='ltr'><strong>cere,imo</strong></span> <span class='ocrx_word' id='word_1_141' title='bbox 2222 735 2301 786; x_wconf 80' lang='lat' dir='ltr'><strong>ad</strong></span> <span class='ocrx_word' id='word_1_142' title='bbox 2370 734 2540 803; x_wconf 85' lang='lat' dir='ltr'><strong>ipsius</strong></span> <span class='ocrx_word' id='word_1_143' title='bbox 2588 732 2790 789; x_wconf 79' lang='lat' dir='ltr'><strong>Christi</strong></span> <span class='ocrx_word' id='word_1_144' title='bbox 2835 734 3220 789; x_wconf 79' lang='lat' dir='ltr'><strong>exterminium</strong></span> <span class='ocrx_word' id='word_1_145' title='bbox 3254 745 3494 790; x_wconf 86' lang='lat' dir='ltr'><strong>conten-</strong></span> 
     </span>
    </p>
   </div>
   <div class='ocr_carea' id='block_1_23' title="bbox 1909 823 3495 894">
    <p class='ocr_par' dir='ltr' id='par_1_23' title="bbox 1909 823 3495 894">
     <span class='ocr_line' id='line_1_23' title="bbox 1909 823 3495 894; baseline -0.001 -16"><span class='ocrx_word' id='word_1_146' title='bbox 1909 825 2057 879; x_wconf 90' lang='lat' dir='ltr'><strong>dere.</strong></span> <span class='ocrx_word' id='word_1_147' title='bbox 2090 823 2269 879; x_wconf 85' lang='lat' dir='ltr'><strong>Semel</strong></span> <span class='ocrx_word' id='word_1_148' title='bbox 2295 825 2473 894; x_wconf 90' lang='lat' dir='ltr'><strong>itaque</strong></span> <span class='ocrx_word' id='word_1_149' title='bbox 2502 825 2836 894; x_wconf 62' lang='lat' dir='ltr'><strong>proriositum</strong></span> <span class='ocrx_word' id='word_1_150' title='bbox 2887 825 2988 878; x_wconf 90' lang='lat' dir='ltr'><strong>hoc</strong></span> <span class='ocrx_word' id='word_1_151' title='bbox 3042 824 3338 894; x_wconf 78' lang='lat' dir='ltr'><strong>ingressus,</strong></span> <span class='ocrx_word' id='word_1_152' title='bbox 3373 840 3495 893; x_wconf 54' lang='lat' dir='ltr'><strong>per-</strong></span> 
     </span>
    </p>
   </div>
   <div class='ocr_carea' id='block_1_24' title="bbox 1910 916 3497 985">
    <p class='ocr_par' dir='ltr' id='par_1_24' title="bbox 1910 916 3497 985">
     <span class='ocr_line' id='line_1_24' title="bbox 1910 916 3497 985; baseline -0.001 -17"><span class='ocrx_word' id='word_1_153' title='bbox 1910 924 2016 968; x_wconf 89' lang='lat' dir='ltr'><strong>stat</strong></span> <span class='ocrx_word' id='word_1_154' title='bbox 2041 916 2316 985; x_wconf 81' lang='lat' dir='ltr'><strong>deinceps,</strong></span> <span class='ocrx_word' id='word_1_155' title='bbox 2345 925 2400 971; x_wconf 89' lang='lat' dir='ltr'><strong>et</strong></span> <span class='ocrx_word' id='word_1_156' title='bbox 2430 916 2694 971; x_wconf 73' lang='lat' dir='ltr'><strong>violenter</strong></span> <span class='ocrx_word' id='word_1_157' title='bbox 2732 916 3021 971; x_wconf 83' lang='lat' dir='ltr'><strong>admodum</strong></span> <span class='ocrx_word' id='word_1_158' title='bbox 3056 930 3121 970; x_wconf 84' lang='lat' dir='ltr'><strong>ac</strong></span> <span class='ocrx_word' id='word_1_159' title='bbox 3161 916 3497 969; x_wconf 80' lang='lat' dir='ltr'><strong>truculenter</strong></span> 
     </span>
    </p>
   </div>
   <div class='ocr_carea' id='block_1_25' title="bbox 1910 1001 3494 1078">
    <p class='ocr_par' dir='ltr' id='par_1_25' title="bbox 1910 1001 3494 1078">
     <span class='ocr_line' id='line_1_25' title="bbox 1910 1001 3494 1078; baseline -0.001 -17"><span class='ocrx_word' id='word_1_160' title='bbox 1910 1008 2180 1061; x_wconf 81' lang='lat' dir='ltr'><strong>sermonis</strong></span> <span class='ocrx_word' id='word_1_161' title='bbox 2237 1008 2318 1061; x_wconf 89' lang='lat' dir='ltr'><strong>sui</strong></span> <span class='ocrx_word' id='word_1_162' title='bbox 2371 1001 2825 1078; x_wconf 83' lang='lat' dir='ltr'><strong>compositionem</strong></span> <span class='ocrx_word' id='word_1_163' title='bbox 2882 1008 3220 1077; x_wconf 65' lang='lat' dir='ltr'><strong>exsequitur.</strong></span> <span class='ocrx_word' id='word_1_164' title='bbox 3244 1006 3494 1062; x_wconf 88' lang='lat' dir='ltr'><strong>Generali</strong></span> 
     </span>
    </p>
   </div>
   <div class='ocr_carea' id='block_1_26' title="bbox 1912 1098 3498 1169">
    <p class='ocr_par' dir='ltr' id='par_1_26' title="bbox 1912 1098 3498 1169">
     <span class='ocr_line' id='line_1_26' title="bbox 1912 1098 3498 1169; baseline 0.003 -21"><span class='ocrx_word' id='word_1_165' title='bbox 1912 1107 2092 1151; x_wconf 88' lang='lat' dir='ltr'><strong>autem</strong></span> <span class='ocrx_word' id='word_1_166' title='bbox 2125 1098 2447 1152; x_wconf 88' lang='lat' dir='ltr'><strong>deﬁnitione</strong></span> <span class='ocrx_word' id='word_1_167' title='bbox 2476 1100 2669 1162; x_wconf 90' lang='lat' dir='ltr'><strong>utitur,</strong></span> <span class='ocrx_word' id='word_1_168' title='bbox 2700 1108 2758 1152; x_wconf 89' lang='lat' dir='ltr'><strong>ut</strong></span> <span class='ocrx_word' id='word_1_169' title='bbox 2786 1116 2906 1152; x_wconf 89' lang='lat' dir='ltr'><strong>cum</strong></span> <span class='ocrx_word' id='word_1_170' title='bbox 2942 1099 3008 1154; x_wconf 87' lang='lat' dir='ltr'><strong>de</strong></span> <span class='ocrx_word' id='word_1_171' title='bbox 3054 1098 3291 1169; x_wconf 79' lang='lat' dir='ltr'><strong>imagine</strong></span> <span class='ocrx_word' id='word_1_172' title='bbox 3321 1098 3498 1167; x_wconf 88' lang='lat' dir='ltr'><strong>quali-</strong></span> 
     </span>
    </p>
   </div>
   <div class='ocr_carea' id='block_1_27' title="bbox 1912 1189 3494 1259">
    <p class='ocr_par' dir='ltr' id='par_1_27' title="bbox 1912 1189 3494 1259">
     <span class='ocr_line' id='line_1_27' title="bbox 1912 1189 3494 1259; baseline -0.001 -16"><span class='ocrx_word' id='word_1_173' title='bbox 1912 1189 2004 1243; x_wconf 91' lang='lat' dir='ltr'><strong>bet</strong></span> <span class='ocrx_word' id='word_1_174' title='bbox 2024 1190 2185 1245; x_wconf 90' lang='lat' dir='ltr'><strong>verba</strong></span> <span class='ocrx_word' id='word_1_175' title='bbox 2214 1189 2392 1245; x_wconf 80' lang='lat' dir='ltr'><strong>facere</strong></span> <span class='ocrx_word' id='word_1_176' title='bbox 2425 1190 2691 1254; x_wconf 80' lang='lat' dir='ltr'><strong>videatur,</strong></span> <span class='ocrx_word' id='word_1_177' title='bbox 2730 1190 2911 1245; x_wconf 87' lang='lat' dir='ltr'><strong>multis</strong></span> <span class='ocrx_word' id='word_1_178' title='bbox 2935 1206 3038 1243; x_wconf 88' lang='lat' dir='ltr'><strong>non</strong></span> <span class='ocrx_word' id='word_1_179' title='bbox 3068 1191 3141 1245; x_wconf 91' lang='lat' dir='ltr'><strong>sit</strong></span> <span class='ocrx_word' id='word_1_180' title='bbox 3175 1200 3494 1259; x_wconf 78' lang='lat' dir='ltr'><strong>suspectus;</strong></span> 
     </span>
    </p>
   </div>
   <div class='ocr_carea' id='block_1_28' title="bbox 1918 1281 3499 1353">
    <p class='ocr_par' dir='ltr' id='par_1_28' title="bbox 1918 1281 3499 1353">
     <span class='ocr_line' id='line_1_28' title="bbox 1918 1281 3499 1353; baseline 0 -18"><span class='ocrx_word' id='word_1_181' title='bbox 1918 1297 2094 1350; x_wconf 89' lang='lat' dir='ltr'><strong>neque</strong></span> <span class='ocrx_word' id='word_1_182' title='bbox 2122 1283 2300 1337; x_wconf 79' lang='lat' dir='ltr'><strong>secius</strong></span> <span class='ocrx_word' id='word_1_183' title='bbox 2325 1293 2507 1337; x_wconf 85' lang='lat' dir='ltr'><strong>tamen</strong></span> <span class='ocrx_word' id='word_1_184' title='bbox 2542 1284 2607 1336; x_wconf 86' lang='lat' dir='ltr'><strong>de</strong></span> <span class='ocrx_word' id='word_1_185' title='bbox 2633 1297 2690 1337; x_wconf 90' lang='lat' dir='ltr'><strong>re</strong></span> <span class='ocrx_word' id='word_1_186' title='bbox 2712 1281 2800 1335; x_wconf 88' lang='lat' dir='ltr'><strong>illa</strong></span> <span class='ocrx_word' id='word_1_187' title='bbox 2831 1283 2997 1346; x_wconf 80' lang='lat' dir='ltr'><strong>dicat,</strong></span> <span class='ocrx_word' id='word_1_188' title='bbox 3042 1297 3204 1353; x_wconf 90' lang='lat' dir='ltr'><strong>quam</strong></span> <span class='ocrx_word' id='word_1_189' title='bbox 3239 1282 3343 1336; x_wconf 85' lang='lat' dir='ltr'><strong>sibi</strong></span> <span class='ocrx_word' id='word_1_190' title='bbox 3386 1291 3499 1335; x_wconf 86' lang='lat' dir='ltr'><strong>tra-</strong></span> 
     </span>
    </p>
   </div>
   <div class='ocr_carea' id='block_1_29' title="bbox 1918 1373 2523 1445">
    <p class='ocr_par' dir='ltr' id='par_1_29' title="bbox 1918 1373 2523 1445">
     <span class='ocr_line' id='line_1_29' title="bbox 1918 1373 2523 1445; baseline 0 -18"><span class='ocrx_word' id='word_1_191' title='bbox 1918 1373 2171 1428; x_wconf 85' lang='lat' dir='ltr'><strong>ctandam</strong></span> <span class='ocrx_word' id='word_1_192' title='bbox 2217 1374 2523 1445; x_wconf 82' lang='lat' dir='ltr'><strong>proposuit.</strong></span> 
     </span>
    </p>
   </div>
   <div class='ocr_carea' id='block_1_30' title="bbox 1987 1553 3503 1627">
    <p class='ocr_par' dir='ltr' id='par_1_30' title="bbox 1987 1553 3503 1627">
     <span class='ocr_line' id='line_1_30' title="bbox 1987 1553 3503 1627; baseline 0.001 -20"><span class='ocrx_word' id='word_1_193' title='bbox 1987 1553 2202 1624; x_wconf 74' lang='lat'><strong>2315.</strong></span> <span class='ocrx_word' id='word_1_194' title='bbox 2238 1554 2436 1609; x_wconf 83' lang='lat' dir='ltr'><strong>Statim</strong></span> <span class='ocrx_word' id='word_1_195' title='bbox 2471 1570 2602 1627; x_wconf 87' lang='lat' dir='ltr'><strong>ergo</strong></span> <span class='ocrx_word' id='word_1_196' title='bbox 2639 1556 2991 1626; x_wconf 86' lang='lat' dir='ltr'><strong>prosequitur</strong></span> <span class='ocrx_word' id='word_1_197' title='bbox 3023 1573 3037 1609; x_wconf 86' lang='lat'><strong>:</strong></span> <span class='ocrx_word' id='word_1_198' title='bbox 3067 1574 3085 1607; x_wconf 76' lang='grc' dir='ltr'><strong>ι</strong></span> <span class='ocrx_word' id='word_1_199' title='bbox 3110 1555 3238 1610; x_wconf 82' lang='lat' dir='ltr'><strong>Etsi</strong></span> <span class='ocrx_word' id='word_1_200' title='bbox 3276 1558 3414 1611; x_wconf 86' lang='lat' dir='ltr'><strong>bene</strong></span> <span class='ocrx_word' id='word_1_201' title='bbox 3445 1570 3503 1609; x_wconf 89' lang='lat' dir='ltr'><strong>se</strong></span> 
     </span>
    </p>
   </div>
   <div class='ocr_carea' id='block_1_31' title="bbox 1919 1640 3498 1719">
    <p class='ocr_par' dir='ltr' id='par_1_31' title="bbox 1919 1640 3498 1719">
     <span class='ocr_line' id='line_1_31' title="bbox 1919 1640 3498 1719; baseline 0.001 -19"><span class='ocrx_word' id='word_1_202' title='bbox 1919 1640 2120 1710; x_wconf 76' lang='lat' dir='ltr'><strong>habet,</strong></span> <span class='ocrx_word' id='word_1_203' title='bbox 2176 1646 2357 1719; x_wconf 85' lang='lat' dir='ltr'><strong>ipsam</strong></span> <span class='ocrx_word' id='word_1_204' title='bbox 2406 1662 2527 1702; x_wconf 89' lang='lat' dir='ltr'><strong>esse</strong></span> <span class='ocrx_word' id='word_1_205' title='bbox 2585 1647 3107 1703; x_wconf 79' lang='lat' dir='ltr'><strong>coiisubstautialem</strong></span> <span class='ocrx_word' id='word_1_206' title='bbox 3144 1648 3192 1701; x_wconf 92' lang='lat' dir='ltr'><strong>ei</strong></span> <span class='ocrx_word' id='word_1_207' title='bbox 3249 1649 3328 1703; x_wconf 85' lang='lat' dir='ltr'><strong>rei</strong></span> <span class='ocrx_word' id='word_1_208' title='bbox 3375 1662 3498 1715; x_wconf 74' lang='lat' dir='ltr'><strong>qua:</strong></span> 
     </span>
    </p>
   </div>
   <div class='ocr_carea' id='block_1_32' title="bbox 1892 1738 3502 1811">
    <p class='ocr_par' dir='ltr' id='par_1_32' title="bbox 1892 1738 3502 1811">
     <span class='ocr_line' id='line_1_32' title="bbox 1892 1738 3502 1811; baseline 0 -18"><span class='ocrx_word' id='word_1_209' title='bbox 1892 1739 2205 1810; x_wconf 78' lang='lat' dir='ltr'><strong>ﬁguratur.</strong></span> <span class='ocrx_word' id='word_1_210' title='bbox 2247 1759 2267 1792; x_wconf 73' lang='grc' dir='ltr'><strong>ι</strong></span> <span class='ocrx_word' id='word_1_211' title='bbox 2305 1738 2448 1810; x_wconf 86' lang='lat' dir='ltr'><strong>Ergo</strong></span> <span class='ocrx_word' id='word_1_212' title='bbox 2477 1740 2799 1811; x_wconf 86' lang='lat' dir='ltr'><strong>simpliciter</strong></span> <span class='ocrx_word' id='word_1_213' title='bbox 2830 1740 3047 1810; x_wconf 81' lang='lat' dir='ltr'><strong>ﬁgurari</strong></span> <span class='ocrx_word' id='word_1_214' title='bbox 3084 1740 3365 1795; x_wconf 91' lang='lat' dir='ltr'><strong>Christum</strong></span> <span class='ocrx_word' id='word_1_215' title='bbox 3395 1756 3502 1793; x_wconf 87' lang='lat' dir='ltr'><strong>non</strong></span> 
     </span>
    </p>
   </div>
   <div class='ocr_carea' id='block_1_33' title="bbox 252 1828 1825 1922">
    <p class='ocr_par' dir='ltr' id='par_1_33' title="bbox 252 1840 1814 1922">
     <span class='ocr_line' id='line_1_33' title="bbox 252 1840 1814 1922; baseline -0.007 -18"><span class='ocrx_word' id='word_1_216' title='bbox 252 1847 481 1922; x_wconf 85' lang='grc' dir='ltr'>ροούσιον</span> <span class='ocrx_word' id='word_1_217' title='bbox 513 1845 611 1899; x_wconf 86' lang='grc' dir='ltr'><strong>τοῦ</strong></span> <span class='ocrx_word' id='word_1_218' title='bbox 649 1843 1060 1913; x_wconf 78' lang='grc' dir='ltr'>εἰκονίσματος.</span> <span class='ocrx_word' id='word_1_219' title='bbox 1095 1841 1328 1913; x_wconf 77' lang='grc' dir='ltr'>Ἕτερον</span> <span class='ocrx_word' id='word_1_220' title='bbox 1355 1840 1466 1912; x_wconf 85' lang='grc' dir='ltr'>γὰρ</span> <span class='ocrx_word' id='word_1_221' title='bbox 1493 1842 1522 1893; x_wconf 90' lang='grc' dir='ltr'><strong>ό</strong></span> <span class='ocrx_word' id='word_1_222' title='bbox 1550 1840 1814 1911; x_wconf 85' lang='grc' dir='ltr'>Χριστὸς,</span> 
     </span>
    </p>
   </div>
   <div class='ocr_carea' id='block_1_34' title="bbox 1930 1828 3507 1922">
    <p class='ocr_par' dir='ltr' id='par_1_34' title="bbox 1930 1828 3507 1897">
     <span class='ocr_line' id='line_1_34' title="bbox 1930 1828 3507 1897; baseline 0.002 -17"><span class='ocrx_word' id='word_1_223' title='bbox 1930 1829 2151 1897; x_wconf 79' lang='lat' dir='ltr'><strong>impedis</strong></span> <span class='ocrx_word' id='word_1_224' title='bbox 2207 1830 2300 1885; x_wconf 88' lang='lat' dir='ltr'><strong>sed</strong></span> <span class='ocrx_word' id='word_1_225' title='bbox 2326 1830 2447 1883; x_wconf 84' lang='lat' dir='ltr'><strong>ideo</strong></span> <span class='ocrx_word' id='word_1_226' title='bbox 2470 1839 2679 1883; x_wconf 88' lang='lat' dir='ltr'><strong>tantum</strong></span> <span class='ocrx_word' id='word_1_227' title='bbox 2708 1830 2837 1897; x_wconf 84' lang='lat' dir='ltr'><strong>quia</strong></span> <span class='ocrx_word' id='word_1_228' title='bbox 2873 1828 2960 1884; x_wconf 89' lang='lat' dir='ltr'><strong>ille</strong></span> <span class='ocrx_word' id='word_1_229' title='bbox 3006 1830 3219 1884; x_wconf 80' lang='lat' dir='ltr'><strong>diversa</strong></span> <span class='ocrx_word' id='word_1_230' title='bbox 3251 1830 3507 1884; x_wconf 85' lang='lat' dir='ltr'><strong>substan-</strong></span> 
     </span>
    </p>
   </div>
   <div class='ocr_carea' id='block_1_35' title="bbox 252 1928 1820 2012">
    <p class='ocr_par' dir='ltr' id='par_1_35' title="bbox 252 1928 1820 2012">
     <span class='ocr_line' id='line_1_35' title="bbox 252 1928 1820 2012; baseline -0.006 -16"><span class='ocrx_word' id='word_1_231' title='bbox 252 1945 336 1997; x_wconf 69' lang='grc' dir='ltr'><strong>καὶ</strong></span> <span class='ocrx_word' id='word_1_232' title='bbox 353 1942 536 2012; x_wconf 67' lang='grc' dir='ltr'>ἕτερον</span> <span class='ocrx_word' id='word_1_233' title='bbox 576 1939 638 1993; x_wconf 82' lang='grc' dir='ltr'><strong>τὸ</strong></span> <span class='ocrx_word' id='word_1_234' title='bbox 666 1939 765 2009; x_wconf 81' lang='grc' dir='ltr'>τῆς</span> <span class='ocrx_word' id='word_1_235' title='bbox 800 1935 935 2008; x_wconf 77' lang='grc' dir='ltr'>ὕλης</span> <span class='ocrx_word' id='word_1_236' title='bbox 990 1934 1051 2001; x_wconf 76' lang='grc' dir='ltr'>ἐξ</span> <span class='ocrx_word' id='word_1_237' title='bbox 1082 1928 1150 2006; x_wconf 79' lang='grc' dir='ltr'>ἦς</span> <span class='ocrx_word' id='word_1_238' title='bbox 1177 1934 1583 1990; x_wconf 86' lang='grc' dir='ltr'>ἅπεικόνισται.</span> <span class='ocrx_word' id='word_1_239' title='bbox 1628 1933 1820 1987; x_wconf 89' lang='grc' dir='ltr'>Ταῦτα</span> 
     </span>
    </p>
   </div>
   <div class='ocr_carea' id='block_1_36' title="bbox 256 2023 1819 2103">
    <p class='ocr_par' dir='ltr' id='par_1_36' title="bbox 256 2023 1819 2103">
     <span class='ocr_line' id='line_1_36' title="bbox 256 2023 1819 2103; baseline -0.008 -14"><span class='ocrx_word' id='word_1_240' title='bbox 256 2036 307 2090; x_wconf 74' lang='grc' dir='ltr'>δὲ</span> <span class='ocrx_word' id='word_1_241' title='bbox 335 2034 572 2089; x_wconf 78' lang='grc' dir='ltr'>εὐθύνειν</span> <span class='ocrx_word' id='word_1_242' title='bbox 605 2027 718 2103; x_wconf 77' lang='grc' dir='ltr'>ἆρα</span> <span class='ocrx_word' id='word_1_243' title='bbox 764 2030 828 2084; x_wconf 82' lang='grc' dir='ltr'><strong>ού</strong></span> <span class='ocrx_word' id='word_1_244' title='bbox 872 2028 1319 2098; x_wconf 77' lang='grc' dir='ltr'>καταγέλαστονς</span> <span class='ocrx_word' id='word_1_245' title='bbox 1357 2029 1423 2079; x_wconf 81' lang='lat' dir='ltr'><strong>&quot;A</strong></span> <span class='ocrx_word' id='word_1_246' title='bbox 1459 2025 1571 2095; x_wconf 82' lang='grc' dir='ltr'>γὰρ</span> <span class='ocrx_word' id='word_1_247' title='bbox 1615 2024 1721 2078; x_wconf 74' lang='grc' dir='ltr'>οὐδ’</span> <span class='ocrx_word' id='word_1_248' title='bbox 1752 2023 1819 2077; x_wconf 82' lang='grc' dir='ltr'>ἂν</span> 
     </span>
    </p>
   </div>
   <div class='ocr_carea' id='block_1_37' title="bbox 262 2116 1820 2197">
    <p class='ocr_par' dir='ltr' id='par_1_37' title="bbox 262 2116 1820 2197">
     <span class='ocr_line' id='line_1_37' title="bbox 262 2116 1820 2197; baseline -0.01 -14"><span class='ocrx_word' id='word_1_249' title='bbox 262 2129 357 2183; x_wconf 83' lang='grc' dir='ltr'>τῶν</span> <span class='ocrx_word' id='word_1_250' title='bbox 382 2126 479 2182; x_wconf 81' lang='grc' dir='ltr'><strong>ἀπὸ</strong></span> <span class='ocrx_word' id='word_1_251' title='bbox 507 2128 608 2197; x_wconf 81' lang='grc' dir='ltr'><strong>τῆς</strong></span> <span class='ocrx_word' id='word_1_252' title='bbox 649 2124 862 2195; x_wconf 82' lang='grc' dir='ltr'>σκηνῆς</span> <span class='ocrx_word' id='word_1_253' title='bbox 892 2140 976 2186; x_wconf 90' lang='grc' dir='ltr'><strong>τις</strong></span> <span class='ocrx_word' id='word_1_254' title='bbox 1009 2122 1042 2193; x_wconf 82' lang='grc' dir='ltr'>ἢ</span> <span class='ocrx_word' id='word_1_255' title='bbox 1071 2121 1181 2176; x_wconf 84' lang='grc' dir='ltr'>τῶν</span> <span class='ocrx_word' id='word_1_256' title='bbox 1210 2121 1276 2175; x_wconf 84' lang='grc' dir='ltr'>ὲκ</span> <span class='ocrx_word' id='word_1_257' title='bbox 1308 2119 1562 2189; x_wconf 83' lang='grc' dir='ltr'>τριόδων,</span> <span class='ocrx_word' id='word_1_258' title='bbox 1596 2116 1692 2181; x_wconf 79' lang='grc' dir='ltr'><strong>οὓς</strong></span> <span class='ocrx_word' id='word_1_259' title='bbox 1722 2116 1820 2170; x_wconf 72' lang='grc' dir='ltr'><strong>ἐπὶ</strong></span> 
     </span>
    </p>
   </div>
   <div class='ocr_carea' id='block_1_38' title="bbox 269 2211 1820 2293">
    <p class='ocr_par' dir='ltr' id='par_1_38' title="bbox 269 2211 1820 2293">
     <span class='ocr_line' id='line_1_38' title="bbox 269 2211 1820 2293; baseline -0.01 -17"><span class='ocrx_word' id='word_1_260' title='bbox 269 2221 447 2293; x_wconf 68' lang='grc' dir='ltr'>κόρρης</span> <span class='ocrx_word' id='word_1_261' title='bbox 503 2220 552 2273; x_wconf 81' lang='lat' dir='ltr'><strong>oi</strong></span> <span class='ocrx_word' id='word_1_262' title='bbox 624 2216 814 2271; x_wconf 71' lang='grc' dir='ltr'>πολλοὶ</span> <span class='ocrx_word' id='word_1_263' title='bbox 872 2214 1312 2278; x_wconf 75' lang='grc' dir='ltr'>ἐπιτωθάξοντες</span> <span class='ocrx_word' id='word_1_264' title='bbox 1385 2211 1608 2266; x_wconf 87' lang='grc' dir='ltr'>παίουσι</span> <span class='ocrx_word' id='word_1_265' title='bbox 1671 2225 1820 2277; x_wconf 86' lang='grc' dir='ltr'>παρ-</span> 
     </span>
    </p>
   </div>
   <div class='ocr_carea' id='block_1_39' title="bbox 261 2301 1818 2383">
    <p class='ocr_par' dir='ltr' id='par_1_39' title="bbox 261 2301 1818 2383">
     <span class='ocr_line' id='line_1_39' title="bbox 261 2301 1818 2383; baseline -0.012 -14"><span class='ocrx_word' id='word_1_266' title='bbox 261 2313 560 2383; x_wconf 72' lang='grc' dir='ltr'>εφθέγξατο,</span> <span class='ocrx_word' id='word_1_267' title='bbox 602 2305 764 2377; x_wconf 74' lang='grc' dir='ltr'>οὗτος</span> <span class='ocrx_word' id='word_1_268' title='bbox 807 2311 876 2381; x_wconf 83' lang='grc' dir='ltr'>τῇ</span> <span class='ocrx_word' id='word_1_269' title='bbox 916 2307 1055 2379; x_wconf 79' lang='grc' dir='ltr'>μέθῃ</span> <span class='ocrx_word' id='word_1_270' title='bbox 1093 2307 1195 2374; x_wconf 83' lang='grc' dir='ltr'>τῆς</span> <span class='ocrx_word' id='word_1_271' title='bbox 1223 2304 1482 2366; x_wconf 80' lang='grc' dir='ltr'>ἀπιστίας</span> <span class='ocrx_word' id='word_1_272' title='bbox 1513 2301 1818 2371; x_wconf 69' lang='grc' dir='ltr'>ἐκϐακχευ-</span> 
     </span>
    </p>
   </div>
   <div class='ocr_carea' id='block_1_40' title="bbox 261 2393 1869 2476">
    <p class='ocr_par' dir='ltr' id='par_1_40' title="bbox 261 2393 1869 2476">
     <span class='ocr_line' id='line_1_40' title="bbox 261 2393 1869 2476; baseline -0.008 -19"><span class='ocrx_word' id='word_1_273' title='bbox 261 2405 376 2469; x_wconf 61' lang='lat' dir='ltr'><strong>esis,</strong></span> <span class='ocrx_word' id='word_1_274' title='bbox 410 2403 502 2457; x_wconf 77' lang='grc' dir='ltr'>καὶ</span> <span class='ocrx_word' id='word_1_275' title='bbox 528 2402 612 2473; x_wconf 85' lang='grc' dir='ltr'>τῷ</span> <span class='ocrx_word' id='word_1_276' title='bbox 644 2402 843 2476; x_wconf 78' lang='grc' dir='ltr'>κράτει</span> <span class='ocrx_word' id='word_1_277' title='bbox 864 2400 967 2470; x_wconf 80' lang='grc' dir='ltr'>τῆς</span> <span class='ocrx_word' id='word_1_278' title='bbox 994 2398 1252 2461; x_wconf 87' lang='grc' dir='ltr'>ἀσεϐείας</span> <span class='ocrx_word' id='word_1_279' title='bbox 1278 2393 1670 2466; x_wconf 68' lang='grc' dir='ltr'>ὲξοιστρηοεὶς,</span> <span class='ocrx_word' id='word_1_280' title='bbox 1716 2409 1823 2445; x_wconf 87' lang='grc' dir='ltr'>πα-</span> <span class='ocrx_word' id='word_1_281' title='bbox 1859 2416 1869 2424; x_wconf 73' lang='grc' dir='ltr'><strong><em>ο</em></strong></span> 
     </span>
    </p>
   </div>
   <div class='ocr_carea' id='block_1_41' title="bbox 254 2484 1822 2570">
    <p class='ocr_par' dir='ltr' id='par_1_41' title="bbox 254 2484 1822 2570">
     <span class='ocr_line' id='line_1_41' title="bbox 254 2484 1822 2570; baseline -0.011 -17"><span class='ocrx_word' id='word_1_282' title='bbox 254 2497 604 2570; x_wconf 82' lang='grc' dir='ltr'>ραπεφὼνηκε</span> <span class='ocrx_word' id='word_1_283' title='bbox 622 2514 636 2528; x_wconf 80' lang='grc'><em>’</em></span> <span class='ocrx_word' id='word_1_284' title='bbox 667 2493 928 2568; x_wconf 84' lang='grc' dir='ltr'>τερθρεία</span> <span class='ocrx_word' id='word_1_285' title='bbox 950 2492 1062 2562; x_wconf 84' lang='grc' dir='ltr'>γὰρ</span> <span class='ocrx_word' id='word_1_286' title='bbox 1082 2492 1183 2562; x_wconf 76' lang='grc' dir='ltr'>ἤδη</span> <span class='ocrx_word' id='word_1_287' title='bbox 1208 2489 1388 2551; x_wconf 75' lang='grc' dir='ltr'>ταυτὶ,</span> <span class='ocrx_word' id='word_1_288' title='bbox 1413 2488 1510 2541; x_wconf 77' lang='grc' dir='ltr'><strong>καὶ</strong></span> <span class='ocrx_word' id='word_1_289' title='bbox 1538 2484 1822 2557; x_wconf 66' lang='grc' dir='ltr'>τηνόιὶλως</span> 
     </span>
    </p>
   </div>
   <div class='ocr_carea' id='block_1_42' title="bbox 248 2577 1822 2661">
    <p class='ocr_par' dir='ltr' id='par_1_42' title="bbox 248 2577 1822 2661">
     <span class='ocr_line' id='line_1_42' title="bbox 248 2577 1822 2661; baseline -0.01 -18"><span class='ocrx_word' id='word_1_290' title='bbox 248 2589 660 2661; x_wconf 76' lang='grc' dir='ltr'>ἐκπεπονημένα</span> <span class='ocrx_word' id='word_1_291' title='bbox 689 2586 861 2658; x_wconf 75' lang='grc' dir='ltr'>αὐτῷ.</span> <span class='ocrx_word' id='word_1_292' title='bbox 906 2585 1050 2638; x_wconf 77' lang='grc' dir='ltr'>Ἀλλ’</span> <span class='ocrx_word' id='word_1_293' title='bbox 1104 2582 1212 2636; x_wconf 83' lang='grc' dir='ltr'>είσί</span> <span class='ocrx_word' id='word_1_294' title='bbox 1261 2598 1406 2644; x_wconf 89' lang='grc' dir='ltr'>τινες</span> <span class='ocrx_word' id='word_1_295' title='bbox 1437 2579 1532 2633; x_wconf 78' lang='grc' dir='ltr'>ἐπὶ</span> <span class='ocrx_word' id='word_1_296' title='bbox 1563 2577 1822 2631; x_wconf 84' lang='grc' dir='ltr'>τοσοῦτον</span> 
     </span>
    </p>
   </div>
   <div class='ocr_carea' id='block_1_43' title="bbox 245 2669 1823 2754">
    <p class='ocr_par' dir='ltr' id='par_1_43' title="bbox 245 2669 1823 2754">
     <span class='ocr_line' id='line_1_43' title="bbox 245 2669 1823 2754; baseline -0.011 -16"><span class='ocrx_word' id='word_1_297' title='bbox 245 2683 476 2754; x_wconf 88' lang='grc' dir='ltr'>ἀμαθίας</span> <span class='ocrx_word' id='word_1_298' title='bbox 510 2682 613 2736; x_wconf 59' lang='grc' dir='ltr'><strong>καὶ⁵</strong></span> <span class='ocrx_word' id='word_1_299' title='bbox 666 2680 894 2748; x_wconf 79' lang='grc' dir='ltr'>ἀλογίας</span> <span class='ocrx_word' id='word_1_300' title='bbox 921 2678 1171 2749; x_wconf 74' lang='grc' dir='ltr'>ἧκον-τες,</span> <span class='ocrx_word' id='word_1_301' title='bbox 1230 2673 1306 2736; x_wconf 84' lang='grc' dir='ltr'>ὡς</span> <span class='ocrx_word' id='word_1_302' title='bbox 1364 2672 1577 2726; x_wconf 79' lang='grc' dir='ltr'>οἴεσθαι</span> <span class='ocrx_word' id='word_1_303' title='bbox 1637 2669 1823 2730; x_wconf 73' lang='grc' dir='ltr'>αὐτοῖς</span> 
     </span>
    </p>
   </div>
   <div class='ocr_carea' id='block_1_44' title="bbox 241 2758 1822 2847">
    <p class='ocr_par' dir='ltr' id='par_1_44' title="bbox 241 2758 1822 2847">
     <span class='ocr_line' id='line_1_44' title="bbox 241 2758 1822 2847; baseline -0.011 -18"><span class='ocrx_word' id='word_1_304' title='bbox 241 2774 533 2847; x_wconf 74' lang='grc' dir='ltr'>ἐνορᾶσθαι</span> <span class='ocrx_word' id='word_1_305' title='bbox 556 2774 720 2842; x_wconf 85' lang='grc' dir='ltr'>λόγου</span> <span class='ocrx_word' id='word_1_306' title='bbox 753 2789 807 2825; x_wconf 90' lang='grc' dir='ltr'><strong>τι</strong></span> <span class='ocrx_word' id='word_1_307' title='bbox 843 2770 1010 2835; x_wconf 81' lang='grc' dir='ltr'>ἀξιον.</span> <span class='ocrx_word' id='word_1_308' title='bbox 1035 2768 1129 2821; x_wconf 77' lang='grc' dir='ltr'><strong>Διὸ</strong></span> <span class='ocrx_word' id='word_1_309' title='bbox 1153 2763 1484 2847; x_wconf 29' lang='grc' dir='ltr'>’ἀναγκαίαν</span> <span class='ocrx_word' id='word_1_310' title='bbox 1513 2758 1822 2830; x_wconf 79' lang='grc' dir='ltr'>ποιούμεθα</span> 
     </span>
    </p>
   </div>
   <div class='ocr_carea' id='block_1_45' title="bbox 236 2853 1823 2934">
    <p class='ocr_par' dir='ltr' id='par_1_45' title="bbox 236 2853 1823 2934">
     <span class='ocr_line' id='line_1_45' title="bbox 236 2853 1823 2934; baseline -0.011 -13"><span class='ocrx_word' id='word_1_311' title='bbox 236 2869 331 2921; x_wconf 82' lang='grc' dir='ltr'><strong>οὐκ</strong></span> <span class='ocrx_word' id='word_1_312' title='bbox 353 2869 440 2921; x_wconf 77' lang='grc' dir='ltr'><strong>ἐπ’</strong></span> <span class='ocrx_word' id='word_1_313' title='bbox 471 2864 806 2934; x_wconf 79' lang='grc' dir='ltr'>ἀναγκαίοις</span> <span class='ocrx_word' id='word_1_314' title='bbox 831 2863 931 2934; x_wconf 80' lang='grc' dir='ltr'><strong>τὴν</strong></span> <span class='ocrx_word' id='word_1_315' title='bbox 966 2861 1239 2926; x_wconf 76' lang='grc' dir='ltr'>ἐξέτασιν.</span> <span class='ocrx_word' id='word_1_316' title='bbox 1275 2858 1340 2910; x_wconf 90' lang='grc' dir='ltr'>Τί</span> <span class='ocrx_word' id='word_1_317' title='bbox 1385 2855 1495 2927; x_wconf 77' lang='grc' dir='ltr'>γὰρ</span> <span class='ocrx_word' id='word_1_318' title='bbox 1529 2853 1639 2908; x_wconf 83' lang='grc' dir='ltr'><strong>τῶν</strong></span> <span class='ocrx_word' id='word_1_319' title='bbox 1666 2854 1823 2923; x_wconf 85' lang='grc' dir='ltr'>είρη-</span> 
     </span>
    </p>
   </div>
   <div class='ocr_carea' id='block_1_46' title="bbox 245 2943 1824 3028">
    <p class='ocr_par' dir='ltr' id='par_1_46' title="bbox 245 2943 1824 3028">
     <span class='ocr_line' id='line_1_46' title="bbox 245 2943 1824 3028; baseline -0.011 -16"><span class='ocrx_word' id='word_1_320' title='bbox 245 2958 412 3028; x_wconf 78' lang='grc' dir='ltr'>μένων</span> <span class='ocrx_word' id='word_1_321' title='bbox 446 2957 831 3026; x_wconf 80' lang='grc' dir='ltr'>ἀλογώτερον,</span> <span class='ocrx_word' id='word_1_322' title='bbox 862 2953 895 3025; x_wconf 84' lang='grc' dir='ltr'><strong>ἥ</strong></span> <span class='ocrx_word' id='word_1_323' title='bbox 926 2950 1417 3022; x_wconf 85' lang='grc' dir='ltr'>ἀδιανοητότερον;</span> <span class='ocrx_word' id='word_1_324' title='bbox 1447 2945 1582 3001; x_wconf 72' lang='grc' dir='ltr'><strong>Οὐδὲ</strong></span> <span class='ocrx_word' id='word_1_325' title='bbox 1614 2945 1722 3015; x_wconf 75' lang='grc' dir='ltr'>γὰρ</span> <span class='ocrx_word' id='word_1_326' title='bbox 1757 2943 1824 2996; x_wconf 83' lang='grc' dir='ltr'><strong>ἂν</strong></span> 
     </span>
    </p>
   </div>
   <div class='ocr_carea' id='block_1_47' title="bbox 240 3035 1820 3120">
    <p class='ocr_par' dir='ltr' id='par_1_47' title="bbox 240 3035 1820 3120">
     <span class='ocr_line' id='line_1_47' title="bbox 240 3035 1820 3120; baseline -0.009 -17"><span class='ocrx_word' id='word_1_327' title='bbox 240 3049 316 3120; x_wconf 83' lang='grc' dir='ltr'><strong>είη</strong></span> <span class='ocrx_word' id='word_1_328' title='bbox 341 3047 527 3102; x_wconf 81' lang='grc' dir='ltr'>ταῦτα</span> <span class='ocrx_word' id='word_1_329' title='bbox 551 3048 660 3102; x_wconf 84' lang='grc' dir='ltr'>τῶν</span> <span class='ocrx_word' id='word_1_330' title='bbox 701 3046 990 3110; x_wconf 75' lang='grc' dir='ltr'>σωζόντων</span> <span class='ocrx_word' id='word_1_331' title='bbox 1017 3044 1078 3097; x_wconf 83' lang='grc' dir='ltr'>τὸ</span> <span class='ocrx_word' id='word_1_332' title='bbox 1122 3044 1180 3096; x_wconf 82' lang='grc' dir='ltr'>ὲν</span> <span class='ocrx_word' id='word_1_333' title='bbox 1206 3039 1476 3101; x_wconf 83' lang='grc' dir='ltr'>διανοίαις</span> <span class='ocrx_word' id='word_1_334' title='bbox 1502 3035 1820 3090; x_wconf 81' lang='grc' dir='ltr'>ἀκόλουθον.</span> 
     </span>
    </p>
   </div>
   <div class='ocr_carea' id='block_1_48' title="bbox 242 3127 1896 3231">
    <p class='ocr_par' dir='ltr' id='par_1_48' title="bbox 242 3127 1896 3231">
     <span class='ocr_line' id='line_1_48' title="bbox 242 3127 1896 3231; baseline -0.013 -35"><span class='ocrx_word' id='word_1_335' title='bbox 242 3143 298 3195; x_wconf 85' lang='grc' dir='ltr'><strong>Εἰ</strong></span> <span class='ocrx_word' id='word_1_336' title='bbox 337 3142 434 3213; x_wconf 83' lang='grc' dir='ltr'><strong>μὲν</strong></span> <span class='ocrx_word' id='word_1_337' title='bbox 492 3140 614 3211; x_wconf 81' lang='grc' dir='ltr'><strong>γὰρ</strong></span> <span class='ocrx_word' id='word_1_338' title='bbox 650 3139 781 3211; x_wconf 74' lang='grc' dir='ltr'>περὶ</span> <span class='ocrx_word' id='word_1_339' title='bbox 812 3137 1056 3208; x_wconf 83' lang='grc' dir='ltr'>φυσικῆς</span> <span class='ocrx_word' id='word_1_340' title='bbox 1091 3133 1322 3231; x_wconf 62' lang='grc' dir='ltr'>εἰκόνος,</span> <span class='ocrx_word' id='word_1_341' title='bbox 1360 3131 1508 3231; x_wconf 75' lang='grc' dir='ltr'>ἥπερ</span> <span class='ocrx_word' id='word_1_342' title='bbox 1536 3127 1601 3231; x_wconf 80' lang='grc' dir='ltr'>δὴ</span> <span class='ocrx_word' id='word_1_343' title='bbox 1640 3130 1708 3199; x_wconf 79' lang='grc' dir='ltr'>τῇ</span> <span class='ocrx_word' id='word_1_344' title='bbox 1850 3171 1896 3231; x_wconf 74' lang='lat' dir='ltr'><strong>C</strong></span> 
     </span>
    </p>
   </div>
   <div class='ocr_carea' id='block_1_49' title="bbox 242 3218 1823 3305">
    <p class='ocr_par' dir='ltr' id='par_1_49' title="bbox 242 3218 1823 3305">
     <span class='ocr_line' id='line_1_49' title="bbox 242 3218 1823 3305; baseline -0.009 -19"><span class='ocrx_word' id='word_1_345' title='bbox 242 3237 401 3305; x_wconf 77' lang='grc' dir='ltr'>χνητῇ</span> <span class='ocrx_word' id='word_1_346' title='bbox 439 3229 984 3293; x_wconf 77' lang='grc' dir='ltr'>ἀντιδιαστέλλεται,</span> <span class='ocrx_word' id='word_1_347' title='bbox 1026 3225 1324 3297; x_wconf 77' lang='grc' dir='ltr'>προῠκειτο</span> <span class='ocrx_word' id='word_1_348' title='bbox 1363 3220 1512 3292; x_wconf 80' lang='grc' dir='ltr'>αὐτῷ</span> <span class='ocrx_word' id='word_1_349' title='bbox 1536 3223 1564 3275; x_wconf 89' lang='grc' dir='ltr'><strong>ό</strong></span> <span class='ocrx_word' id='word_1_350' title='bbox 1598 3218 1823 3285; x_wconf 74' lang='grc' dir='ltr'>σκοπὸς,</span> 
     </span>
    </p>
   </div>
   <div class='ocr_carea' id='block_1_50' title="bbox 239 3311 1828 3392">
    <p class='ocr_par' dir='ltr' id='par_1_50' title="bbox 239 3311 1828 3392">
     <span class='ocr_line' id='line_1_50' title="bbox 239 3311 1828 3392; baseline -0.009 -14"><span class='ocrx_word' id='word_1_351' title='bbox 239 3325 421 3379; x_wconf 81' lang='grc' dir='ltr'>ὁποίαν</span> <span class='ocrx_word' id='word_1_352' title='bbox 457 3321 612 3378; x_wconf 76' lang='grc' dir='ltr'>εἶναι</span> <span class='ocrx_word' id='word_1_353' title='bbox 641 3322 737 3376; x_wconf 89' lang='grc' dir='ltr'><strong>τοῦ</strong></span> <span class='ocrx_word' id='word_1_354' title='bbox 762 3321 977 3392; x_wconf 82' lang='grc' dir='ltr'>Πατρδς</span> <span class='ocrx_word' id='word_1_355' title='bbox 1004 3319 1244 3388; x_wconf 85' lang='grc' dir='ltr'>λέγομεν</span> <span class='ocrx_word' id='word_1_356' title='bbox 1268 3315 1361 3369; x_wconf 86' lang='grc' dir='ltr'><strong>τὸν</strong></span> <span class='ocrx_word' id='word_1_357' title='bbox 1386 3314 1542 3375; x_wconf 80' lang='grc' dir='ltr'>Υἰὸν,</span> <span class='ocrx_word' id='word_1_358' title='bbox 1575 3311 1828 3366; x_wconf 82' lang='grc' dir='ltr'>εὐώδωτο</span> 
     </span>
    </p>
   </div>
   <div class='ocr_carea' id='block_1_51' title="bbox 236 3402 1829 3489">
    <p class='ocr_par' dir='ltr' id='par_1_51' title="bbox 236 3402 1829 3489">
     <span class='ocr_line' id='line_1_51' title="bbox 236 3402 1829 3489; baseline -0.01 -18"><span class='ocrx_word' id='word_1_359' title='bbox 236 3419 301 3471; x_wconf 81' lang='grc' dir='ltr'>ἂν</span> <span class='ocrx_word' id='word_1_360' title='bbox 333 3417 483 3489; x_wconf 80' lang='grc' dir='ltr'>αὐτῷ</span> <span class='ocrx_word' id='word_1_361' title='bbox 528 3434 646 3480; x_wconf 86' lang='grc' dir='ltr'><strong>πως</strong></span> <span class='ocrx_word' id='word_1_362' title='bbox 682 3416 817 3478; x_wconf 77' lang='grc' dir='ltr'>ἴσως</span> <span class='ocrx_word' id='word_1_363' title='bbox 850 3416 878 3468; x_wconf 85' lang='grc' dir='ltr'>ὁ</span> <span class='ocrx_word' id='word_1_364' title='bbox 910 3414 1100 3481; x_wconf 86' lang='grc' dir='ltr'>λόγος·</span> <span class='ocrx_word' id='word_1_365' title='bbox 1138 3410 1390 3463; x_wconf 82' lang='grc' dir='ltr'>διέπιπτε</span> <span class='ocrx_word' id='word_1_366' title='bbox 1421 3406 1479 3460; x_wconf 81' lang='grc' dir='ltr'>δὲ</span> <span class='ocrx_word' id='word_1_367' title='bbox 1513 3405 1575 3458; x_wconf 83' lang='grc' dir='ltr'><strong>τὸ</strong></span> <span class='ocrx_word' id='word_1_368' title='bbox 1608 3405 1667 3457; x_wconf 81' lang='grc' dir='ltr'>ὲν</span> <span class='ocrx_word' id='word_1_369' title='bbox 1702 3402 1829 3457; x_wconf 87' lang='grc' dir='ltr'>τού-</span> 
     </span>
    </p>
   </div>
   <div class='ocr_carea' id='block_1_52' title="bbox 240 3495 1830 3581">
    <p class='ocr_par' dir='ltr' id='par_1_52' title="bbox 240 3495 1830 3581">
     <span class='ocr_line' id='line_1_52' title="bbox 240 3495 1830 3581; baseline -0.01 -17"><span class='ocrx_word' id='word_1_370' title='bbox 240 3529 344 3576; x_wconf 83' lang='grc' dir='ltr'>τοις</span> <span class='ocrx_word' id='word_1_371' title='bbox 373 3512 635 3581; x_wconf 87' lang='grc' dir='ltr'>ἀνοήτως</span> <span class='ocrx_word' id='word_1_372' title='bbox 665 3504 1206 3579; x_wconf 79' lang='grc' dir='ltr'>παραλαμϐάνεσθαι</span> <span class='ocrx_word' id='word_1_373' title='bbox 1234 3501 1297 3554; x_wconf 83' lang='grc' dir='ltr'><strong>τὸ</strong></span> <span class='ocrx_word' id='word_1_374' title='bbox 1332 3499 1660 3568; x_wconf 88' lang='grc' dir='ltr'>ἀπείκασμα</span> <span class='ocrx_word' id='word_1_375' title='bbox 1679 3512 1692 3527; x_wconf 71' lang='grc'><strong><em>⁸</em></strong></span> <span class='ocrx_word' id='word_1_376' title='bbox 1737 3495 1830 3549; x_wconf 84' lang='grc' dir='ltr'>οὐ·</span> 
     </span>
    </p>
   </div>
   <div class='ocr_carea' id='block_1_53' title="bbox 238 3590 1828 3675">
    <p class='ocr_par' dir='ltr' id='par_1_53' title="bbox 238 3590 1828 3675">
     <span class='ocr_line' id='line_1_53' title="bbox 238 3590 1828 3675; baseline -0.011 -18"><span class='ocrx_word' id='word_1_377' title='bbox 238 3605 319 3657; x_wconf 73' lang='grc' dir='ltr'><strong>δὲν</strong></span> <span class='ocrx_word' id='word_1_378' title='bbox 339 3603 447 3675; x_wconf 70' lang='grc' dir='ltr'>γὰρ</span> <span class='ocrx_word' id='word_1_379' title='bbox 480 3604 677 3670; x_wconf 82' lang='grc' dir='ltr'>δεήσει</span> <span class='ocrx_word' id='word_1_380' title='bbox 726 3598 1165 3668; x_wconf 84' lang='grc' dir='ltr'>ἁπεικασμάτων</span> <span class='ocrx_word' id='word_1_381' title='bbox 1209 3592 1452 3649; x_wconf 80' lang='grc' dir='ltr'>ἐνταῦθα</span> <span class='ocrx_word' id='word_1_382' title='bbox 1486 3590 1585 3645; x_wconf 78' lang='grc' dir='ltr'>καὶ</span> <span class='ocrx_word' id='word_1_383' title='bbox 1627 3604 1828 3657; x_wconf 81' lang='grc' dir='ltr'>στοχα-</span> 
     </span>
    </p>
   </div>
   <div class='ocr_carea' id='block_1_54' title="bbox 243 3683 1830 3764">
    <p class='ocr_par' dir='ltr' id='par_1_54' title="bbox 243 3683 1830 3764">
     <span class='ocr_line' id='line_1_54' title="bbox 243 3683 1830 3764; baseline -0.009 -17"><span class='ocrx_word' id='word_1_384' title='bbox 243 3697 482 3764; x_wconf 79' lang='grc' dir='ltr'>σμάτων.</span> <span class='ocrx_word' id='word_1_385' title='bbox 538 3694 654 3748; x_wconf 88' lang='grc' dir='ltr'>Ούκ</span> <span class='ocrx_word' id='word_1_386' title='bbox 690 3692 841 3745; x_wconf 76' lang='grc' dir='ltr'>ἔστιν</span> <span class='ocrx_word' id='word_1_387' title='bbox 882 3686 978 3744; x_wconf 81' lang='grc' dir='ltr'>οὗν</span> <span class='ocrx_word' id='word_1_388' title='bbox 1023 3688 1119 3742; x_wconf 76' lang='grc' dir='ltr'>ἐπὶ</span> <span class='ocrx_word' id='word_1_389' title='bbox 1174 3687 1380 3741; x_wconf 88' lang='grc' dir='ltr'>τούτων</span> <span class='ocrx_word' id='word_1_390' title='bbox 1433 3683 1830 3751; x_wconf 80' lang='grc' dir='ltr'>ἀπεικάσματα</span> 
     </span>
    </p>
   </div>
   <div class='ocr_carea' id='block_1_55' title="bbox 240 3771 1833 3854">
    <p class='ocr_par' dir='ltr' id='par_1_55' title="bbox 240 3771 1833 3854">
     <span class='ocr_line' id='line_1_55' title="bbox 240 3771 1833 3854; baseline -0.01 -15"><span class='ocrx_word' id='word_1_391' title='bbox 240 3784 448 3854; x_wconf 80' lang='grc' dir='ltr'>λέγειν’</span> <span class='ocrx_word' id='word_1_392' title='bbox 481 3784 905 3852; x_wconf 69' lang='grc' dir='ltr'>ἀσυνετώτεροι)</span> <span class='ocrx_word' id='word_1_393' title='bbox 950 3780 1061 3852; x_wconf 85' lang='grc' dir='ltr'>γὰρ</span> <span class='ocrx_word' id='word_1_394' title='bbox 1123 3779 1219 3832; x_wconf 70' lang='grc' dir='ltr'><strong>καὶ</strong></span> <span class='ocrx_word' id='word_1_395' title='bbox 1277 3776 1639 3843; x_wconf 85' lang='grc' dir='ltr'>ἀσεϐέστερον</span> <span class='ocrx_word' id='word_1_396' title='bbox 1672 3771 1833 3825; x_wconf 83' lang='grc' dir='ltr'>τοῦτο</span> 
     </span>
    </p>
   </div>
   <div class='ocr_carea' id='block_1_56' title="bbox 243 3864 1832 3949">
    <p class='ocr_par' dir='ltr' id='par_1_56' title="bbox 243 3864 1832 3949">
     <span class='ocr_line' id='line_1_56' title="bbox 243 3864 1832 3949; baseline -0.01 -15"><span class='ocrx_word' id='word_1_397' title='bbox 243 3879 441 3948; x_wconf 80' lang='grc' dir='ltr'>μᾶλλον</span> <span class='ocrx_word' id='word_1_398' title='bbox 465 3879 500 3949; x_wconf 82' lang='grc' dir='ltr'><strong>ἢ</strong></span> <span class='ocrx_word' id='word_1_399' title='bbox 543 3878 742 3931; x_wconf 82' lang='grc' dir='ltr'>ἐκεῖνο.</span> <span class='ocrx_word' id='word_1_400' title='bbox 770 3875 883 3929; x_wconf 71' lang='grc' dir='ltr'>Καὶ</span> <span class='ocrx_word' id='word_1_401' title='bbox 908 3874 1069 3944; x_wconf 80' lang='grc' dir='ltr'>δῆλον</span> <span class='ocrx_word' id='word_1_402' title='bbox 1100 3873 1248 3926; x_wconf 85' lang='grc' dir='ltr'>ποιεῖ</span> <span class='ocrx_word' id='word_1_403' title='bbox 1279 3868 1473 3925; x_wconf 80' lang='grc' dir='ltr'>ἑαυτὸν</span> <span class='ocrx_word' id='word_1_404' title='bbox 1511 3867 1573 3933; x_wconf 77' lang='grc' dir='ltr'>ἐξ</span> <span class='ocrx_word' id='word_1_405' title='bbox 1604 3864 1832 3920; x_wconf 79' lang='grc' dir='ltr'>ἀλλοκό-</span> 
     </span>
    </p>
   </div>
   <div class='ocr_carea' id='block_1_57' title="bbox 238 3962 1472 4045">
    <p class='ocr_par' dir='ltr' id='par_1_57' title="bbox 238 3962 1472 4045">
     <span class='ocr_line' id='line_1_57' title="bbox 238 3962 1472 4045; baseline -0.007 -20"><span class='ocrx_word' id='word_1_406' title='bbox 238 3989 342 4026; x_wconf 88' lang='grc' dir='ltr'><strong>των</strong></span> <span class='ocrx_word' id='word_1_407' title='bbox 369 3972 469 4027; x_wconf 85' lang='grc' dir='ltr'><strong>καὶ</strong></span> <span class='ocrx_word' id='word_1_408' title='bbox 493 3969 843 4042; x_wconf 82' lang='grc' dir='ltr'>ἀσυμϐάτων</span> <span class='ocrx_word' id='word_1_409' title='bbox 863 3967 955 4021; x_wconf 80' lang='grc' dir='ltr'>τὸν</span> <span class='ocrx_word' id='word_1_410' title='bbox 992 3966 1155 4045; x_wconf 83' lang='grc' dir='ltr'>λόγον</span> <span class='ocrx_word' id='word_1_411' title='bbox 1186 3962 1472 4035; x_wconf 83' lang='grc' dir='ltr'>προάγων.</span> 
     </span>
    </p>
   </div>
   <div class='ocr_carea' id='block_1_58' title="bbox 306 4130 1836 4217">
    <p class='ocr_par' dir='ltr' id='par_1_58' title="bbox 306 4130 1836 4217">
     <span class='ocr_line' id='line_1_58' title="bbox 306 4130 1836 4217; baseline -0.014 -11"><span class='ocrx_word' id='word_1_412' title='bbox 306 4158 403 4217; x_wconf 80' lang='grc' dir='ltr'>ις’.</span> <span class='ocrx_word' id='word_1_413' title='bbox 436 4148 569 4204; x_wconf 87' lang='grc' dir='ltr'>Νῦν</span> <span class='ocrx_word' id='word_1_414' title='bbox 598 4147 657 4201; x_wconf 85' lang='grc' dir='ltr'>δὲ</span> <span class='ocrx_word' id='word_1_415' title='bbox 693 4142 887 4215; x_wconf 77' lang='grc' dir='ltr'>ἐπειδὴ</span> <span class='ocrx_word' id='word_1_416' title='bbox 915 4142 1044 4213; x_wconf 69' lang='grc' dir='ltr'>περὶ</span> <span class='ocrx_word' id='word_1_417' title='bbox 1060 4137 1496 4209; x_wconf 82' lang='grc' dir='ltr'>ἀπεικασμάτων</span> <span class='ocrx_word' id='word_1_418' title='bbox 1529 4134 1624 4190; x_wconf 75' lang='grc' dir='ltr'><strong>καὶ</strong></span> <span class='ocrx_word' id='word_1_419' title='bbox 1643 4130 1836 4206; x_wconf 78' lang='grc' dir='ltr'>τεχνη·</span> 
     </span>
    </p>
   </div>
   <div class='ocr_carea' id='block_1_59' title="bbox 235 4226 1835 4304">
    <p class='ocr_par' dir='ltr' id='par_1_59' title="bbox 235 4226 1835 4304">
     <span class='ocr_line' id='line_1_59' title="bbox 235 4226 1835 4304; baseline -0.012 -8"><span class='ocrx_word' id='word_1_420' title='bbox 235 4244 342 4299; x_wconf 85' lang='grc' dir='ltr'><strong>τῶν</strong></span> <span class='ocrx_word' id='word_1_421' title='bbox 380 4241 625 4297; x_wconf 83' lang='grc' dir='ltr'>εἰκόνων</span> <span class='ocrx_word' id='word_1_422' title='bbox 653 4238 682 4290; x_wconf 81' lang='grc' dir='ltr'><strong>ό</strong></span> <span class='ocrx_word' id='word_1_423' title='bbox 710 4236 871 4304; x_wconf 87' lang='grc' dir='ltr'>λόγος</span> <span class='ocrx_word' id='word_1_424' title='bbox 886 4232 1054 4303; x_wconf 70' lang='grc' dir='ltr'>«αὐτῷ</span> <span class='ocrx_word' id='word_1_425' title='bbox 1084 4231 1396 4302; x_wconf 79' lang='grc' dir='ltr'>κεκίνηται,</span> <span class='ocrx_word' id='word_1_426' title='bbox 1433 4227 1581 4297; x_wconf 72' lang='grc' dir='ltr'>ἅπερ</span> <span class='ocrx_word' id='word_1_427' title='bbox 1620 4226 1680 4291; x_wconf 73' lang='grc' dir='ltr'>ἐξ</span> <span class='ocrx_word' id='word_1_428' title='bbox 1701 4226 1835 4295; x_wconf 80' lang='grc' dir='ltr'>ὕλης</span> 
     </span>
    </p>
   </div>
   <div class='ocr_carea' id='block_1_60' title="bbox 238 4317 1837 4403">
    <p class='ocr_par' dir='ltr' id='par_1_60' title="bbox 238 4317 1837 4403">
     <span class='ocr_line' id='line_1_60' title="bbox 238 4317 1837 4403; baseline -0.013 -14"><span class='ocrx_word' id='word_1_429' title='bbox 238 4334 623 4403; x_wconf 78' lang='grc' dir='ltr'>ὑποκειμένης</span> <span class='ocrx_word' id='word_1_430' title='bbox 652 4328 850 4399; x_wconf 83' lang='grc' dir='ltr'>τέχνης</span> <span class='ocrx_word' id='word_1_431' title='bbox 891 4342 950 4378; x_wconf 91' lang='grc' dir='ltr'><strong>τε</strong></span> <span class='ocrx_word' id='word_1_432' title='bbox 983 4324 1078 4377; x_wconf 78' lang='grc' dir='ltr'>καὶ</span> <span class='ocrx_word' id='word_1_433' title='bbox 1114 4325 1213 4394; x_wconf 81' lang='grc' dir='ltr'><strong>τῆς</strong></span> <span class='ocrx_word' id='word_1_434' title='bbox 1249 4320 1346 4374; x_wconf 87' lang='grc' dir='ltr'><strong>τοῦ</strong></span> <span class='ocrx_word' id='word_1_435' title='bbox 1384 4320 1664 4391; x_wconf 84' lang='grc' dir='ltr'>μετιόντος</span> <span class='ocrx_word' id='word_1_436' title='bbox 1702 4317 1837 4372; x_wconf 77' lang='grc' dir='ltr'>ταύο</span> 
     </span>
    </p>
   </div>
   <div class='ocr_carea' id='block_1_61' title="bbox 235 4409 1836 4500">
    <p class='ocr_par' dir='ltr' id='par_1_61' title="bbox 235 4409 1836 4500">
     <span class='ocr_line' id='line_1_61' title="bbox 235 4409 1836 4500; baseline -0.012 -17"><span class='ocrx_word' id='word_1_437' title='bbox 235 4444 332 4500; x_wconf 81' lang='grc' dir='ltr'><strong>την</strong></span> <span class='ocrx_word' id='word_1_438' title='bbox 362 4427 615 4497; x_wconf 79' lang='grc' dir='ltr'>εὐφυΐας</span> <span class='ocrx_word' id='word_1_439' title='bbox 663 4421 1038 4486; x_wconf 82' lang='grc' dir='ltr'>ἀποτελεῖται,</span> <span class='ocrx_word' id='word_1_440' title='bbox 1080 4417 1165 4482; x_wconf 87' lang='grc' dir='ltr'><strong>τίς</strong></span> <span class='ocrx_word' id='word_1_441' title='bbox 1221 4416 1332 4470; x_wconf 84' lang='grc' dir='ltr'>τῶν</span> <span class='ocrx_word' id='word_1_442' title='bbox 1381 4409 1441 4468; x_wconf 80' lang='grc' dir='ltr'><strong>εὖ</strong></span> <span class='ocrx_word' id='word_1_443' title='bbox 1489 4412 1836 4484; x_wconf 80' lang='grc' dir='ltr'>φρονούντων</span> 
     </span>
    </p>
   </div>
   <div class='ocr_carea' id='block_1_62' title="bbox 1922 1916 3503 1987">
    <p class='ocr_par' dir='ltr' id='par_1_62' title="bbox 1922 1916 3503 1987">
     <span class='ocr_line' id='line_1_62' title="bbox 1922 1916 3503 1987; baseline 0.001 -17"><span class='ocrx_word' id='word_1_444' title='bbox 1922 1916 1994 1970; x_wconf 92' lang='lat' dir='ltr'><strong>tia</strong></span> <span class='ocrx_word' id='word_1_445' title='bbox 2018 1927 2099 1971; x_wconf 88' lang='lat' dir='ltr'><strong>est</strong></span> <span class='ocrx_word' id='word_1_446' title='bbox 2125 1918 2192 1972; x_wconf 91' lang='lat' dir='ltr'><strong>ab</strong></span> <span class='ocrx_word' id='word_1_447' title='bbox 2216 1918 2451 1987; x_wconf 81' lang='lat' dir='ltr'><strong>imagine</strong></span> <span class='ocrx_word' id='word_1_448' title='bbox 2485 1919 2730 1987; x_wconf 76' lang='lat' dir='ltr'><strong>ﬁgurata.</strong></span> <span class='ocrx_word' id='word_1_449' title='bbox 2752 1917 2914 1972; x_wconf 88' lang='lat' dir='ltr'><strong>Aliud</strong></span> <span class='ocrx_word' id='word_1_450' title='bbox 2942 1918 3089 1972; x_wconf 88' lang='lat' dir='ltr'><strong>enim</strong></span> <span class='ocrx_word' id='word_1_451' title='bbox 3120 1929 3202 1973; x_wconf 84' lang='lat' dir='ltr'><strong>est</strong></span> <span class='ocrx_word' id='word_1_452' title='bbox 3229 1919 3503 1983; x_wconf 85' lang='lat' dir='ltr'><strong>Christus,</strong></span> 
     </span>
    </p>
   </div>
   <div class='ocr_carea' id='block_1_63' title="bbox 1920 2008 3507 2080">
    <p class='ocr_par' dir='ltr' id='par_1_63' title="bbox 1920 2008 3507 2080">
     <span class='ocr_line' id='line_1_63' title="bbox 1920 2008 3507 2080; baseline 0.002 -18"><span class='ocrx_word' id='word_1_453' title='bbox 1920 2008 2066 2063; x_wconf 85' lang='lat' dir='ltr'><strong>aliud</strong></span> <span class='ocrx_word' id='word_1_454' title='bbox 2096 2009 2321 2063; x_wconf 80' lang='lat' dir='ltr'><strong>materia</strong></span> <span class='ocrx_word' id='word_1_455' title='bbox 2359 2024 2423 2063; x_wconf 74' lang='lat' dir='ltr'><strong>ex</strong></span> <span class='ocrx_word' id='word_1_456' title='bbox 2463 2025 2567 2078; x_wconf 90' lang='lat' dir='ltr'><strong>qua</strong></span> <span class='ocrx_word' id='word_1_457' title='bbox 2607 2011 2653 2064; x_wconf 92' lang='lat' dir='ltr'><strong>is</strong></span> <span class='ocrx_word' id='word_1_458' title='bbox 2685 2010 2974 2080; x_wconf 75' lang='lat' dir='ltr'><strong>ﬁguratur.</strong></span> <span class='ocrx_word' id='word_1_459' title='bbox 3013 2010 3138 2065; x_wconf 85' lang='lat' dir='ltr'><strong>Haec</strong></span> <span class='ocrx_word' id='word_1_460' title='bbox 3173 2027 3301 2065; x_wconf 87' lang='lat' dir='ltr'><strong>vero</strong></span> <span class='ocrx_word' id='word_1_461' title='bbox 3336 2025 3364 2064; x_wconf 85' lang='lat' dir='ltr'><strong>a</strong></span> <span class='ocrx_word' id='word_1_462' title='bbox 3407 2026 3507 2065; x_wconf 90' lang='lat' dir='ltr'><strong>no-</strong></span> 
     </span>
    </p>
   </div>
   <div class='ocr_carea' id='block_1_64' title="bbox 1920 2099 3498 2168">
    <p class='ocr_par' dir='ltr' id='par_1_64' title="bbox 1920 2099 3498 2168">
     <span class='ocr_line' id='line_1_64' title="bbox 1920 2099 3498 2168; baseline -0.001 -14"><span class='ocrx_word' id='word_1_463' title='bbox 1920 2099 2005 2155; x_wconf 88' lang='lat' dir='ltr'><strong>bis</strong></span> <span class='ocrx_word' id='word_1_464' title='bbox 2038 2100 2325 2168; x_wconf 80' lang='lat' dir='ltr'><strong>redargui,</strong></span> <span class='ocrx_word' id='word_1_465' title='bbox 2368 2116 2548 2155; x_wconf 92' lang='lat' dir='ltr'><strong>nonne</strong></span> <span class='ocrx_word' id='word_1_466' title='bbox 2594 2116 2808 2156; x_wconf 91' lang='lat' dir='ltr'><strong>summe</strong></span> <span class='ocrx_word' id='word_1_467' title='bbox 2841 2102 3128 2156; x_wconf 86' lang='lat' dir='ltr'><strong>ridiculum</strong></span> <span class='ocrx_word' id='word_1_468' title='bbox 3190 2102 3304 2156; x_wconf 83' lang='lat' dir='ltr'><strong>sit?</strong></span> <span class='ocrx_word' id='word_1_469' title='bbox 3361 2100 3498 2155; x_wconf 84' lang='lat' dir='ltr'><strong>Nam</strong></span> 
     </span>
    </p>
   </div>
   <div class='ocr_carea' id='block_1_65' title="bbox 1921 2191 3507 2263">
    <p class='ocr_par' dir='ltr' id='par_1_65' title="bbox 1921 2191 3507 2263">
     <span class='ocr_line' id='line_1_65' title="bbox 1921 2191 3507 2263; baseline 0.003 -18"><span class='ocrx_word' id='word_1_470' title='bbox 1921 2205 2042 2261; x_wconf 65' lang='lat' dir='ltr'><strong>quae</strong></span> <span class='ocrx_word' id='word_1_471' title='bbox 2074 2206 2141 2245; x_wconf 91' lang='lat' dir='ltr'><strong>ne</strong></span> <span class='ocrx_word' id='word_1_472' title='bbox 2186 2191 2384 2247; x_wconf 88' lang='lat' dir='ltr'><strong>mimus</strong></span> <span class='ocrx_word' id='word_1_473' title='bbox 2411 2192 2630 2259; x_wconf 81' lang='lat' dir='ltr'><strong>quidem</strong></span> <span class='ocrx_word' id='word_1_474' title='bbox 2678 2194 2950 2263; x_wconf 89' lang='lat' dir='ltr'><strong>quispiam</strong></span> <span class='ocrx_word' id='word_1_475' title='bbox 2989 2194 3244 2253; x_wconf 79' lang='lat' dir='ltr'><strong>dixisset,</strong></span> <span class='ocrx_word' id='word_1_476' title='bbox 3296 2204 3389 2247; x_wconf 89' lang='lat' dir='ltr'><strong>ant</strong></span> <span class='ocrx_word' id='word_1_477' title='bbox 3436 2194 3507 2249; x_wconf 78' lang='lat' dir='ltr'><strong>d9</strong></span> 
     </span>
    </p>
   </div>
   <div class='ocr_carea' id='block_1_66' title="bbox 1924 2282 3510 2353">
    <p class='ocr_par' dir='ltr' id='par_1_66' title="bbox 1924 2282 3510 2353">
     <span class='ocr_line' id='line_1_66' title="bbox 1924 2282 3510 2353; baseline 0.002 -18"><span class='ocrx_word' id='word_1_478' title='bbox 1924 2284 2084 2337; x_wconf 86' lang='lat' dir='ltr'><strong>trivio</strong></span> <span class='ocrx_word' id='word_1_479' title='bbox 2112 2282 2312 2353; x_wconf 89' lang='lat' dir='ltr'><strong>aliquis</strong></span> <span class='ocrx_word' id='word_1_480' title='bbox 2354 2283 2568 2337; x_wconf 88' lang='lat' dir='ltr'><strong>illorum</strong></span> <span class='ocrx_word' id='word_1_481' title='bbox 2595 2300 2733 2351; x_wconf 85' lang='lat' dir='ltr'><strong>quos</strong></span> <span class='ocrx_word' id='word_1_482' title='bbox 2769 2285 2821 2338; x_wconf 91' lang='lat' dir='ltr'><strong>iu</strong></span> <span class='ocrx_word' id='word_1_483' title='bbox 2867 2284 3117 2338; x_wconf 78' lang='lat' dir='ltr'><strong>maxillas</strong></span> <span class='ocrx_word' id='word_1_484' title='bbox 3165 2284 3317 2338; x_wconf 88' lang='lat' dir='ltr'><strong>multi</strong></span> <span class='ocrx_word' id='word_1_485' title='bbox 3368 2286 3510 2339; x_wconf 89' lang='lat' dir='ltr'><strong>ludi-</strong></span> 
     </span>
    </p>
   </div>
   <div class='ocr_carea' id='block_1_67' title="bbox 1923 2373 3509 2444">
    <p class='ocr_par' dir='ltr' id='par_1_67' title="bbox 1923 2373 3509 2444">
     <span class='ocr_line' id='line_1_67' title="bbox 1923 2373 3509 2444; baseline 0 -14"><span class='ocrx_word' id='word_1_486' title='bbox 1923 2374 2090 2430; x_wconf 88' lang='lat' dir='ltr'><strong>bundi</strong></span> <span class='ocrx_word' id='word_1_487' title='bbox 2140 2373 2474 2437; x_wconf 81' lang='lat' dir='ltr'><strong>verberant,</strong></span> <span class='ocrx_word' id='word_1_488' title='bbox 2526 2373 2618 2429; x_wconf 90' lang='lat' dir='ltr'><strong>hic</strong></span> <span class='ocrx_word' id='word_1_489' title='bbox 2664 2375 3063 2430; x_wconf 78' lang='lat' dir='ltr'><strong>incredulitatis</strong></span> <span class='ocrx_word' id='word_1_490' title='bbox 3111 2378 3334 2444; x_wconf 85' lang='lat' dir='ltr'><strong>crapula</strong></span> <span class='ocrx_word' id='word_1_491' title='bbox 3384 2378 3509 2431; x_wconf 82' lang='lat' dir='ltr'><strong>hac-</strong></span> 
     </span>
    </p>
   </div>
   <div class='ocr_carea' id='block_1_68' title="bbox 1922 2462 3508 2533">
    <p class='ocr_par' dir='ltr' id='par_1_68' title="bbox 1922 2462 3508 2533">
     <span class='ocr_line' id='line_1_68' title="bbox 1922 2462 3508 2533; baseline 0.004 -16"><span class='ocrx_word' id='word_1_492' title='bbox 1922 2462 2115 2527; x_wconf 86' lang='lat' dir='ltr'><strong>chans,</strong></span> <span class='ocrx_word' id='word_1_493' title='bbox 2148 2471 2202 2518; x_wconf 88' lang='lat' dir='ltr'><strong>et</strong></span> <span class='ocrx_word' id='word_1_494' title='bbox 2232 2463 2533 2532; x_wconf 85' lang='lat' dir='ltr'><strong>impietatis</strong></span> <span class='ocrx_word' id='word_1_495' title='bbox 2560 2466 2915 2533; x_wconf 70' lang='lat' dir='ltr'><strong>praepotentis</strong></span> <span class='ocrx_word' id='word_1_496' title='bbox 2959 2466 3288 2521; x_wconf 82' lang='lat' dir='ltr'><strong>iul&#39;nrorem</strong></span> <span class='ocrx_word' id='word_1_497' title='bbox 3318 2478 3508 2527; x_wconf 86' lang='lat' dir='ltr'><strong>actus.</strong></span> 
     </span>
    </p>
   </div>
   <div class='ocr_carea' id='block_1_69' title="bbox 1924 2555 3511 2629">
    <p class='ocr_par' dir='ltr' id='par_1_69' title="bbox 1924 2555 3511 2629">
     <span class='ocr_line' id='line_1_69' title="bbox 1924 2555 3511 2629; baseline 0.004 -21"><span class='ocrx_word' id='word_1_498' title='bbox 1924 2555 2030 2608; x_wconf 91' lang='lat' dir='ltr'><strong>alta</strong></span> <span class='ocrx_word' id='word_1_499' title='bbox 2062 2569 2192 2610; x_wconf 87' lang='lat' dir='ltr'><strong>voce.</strong></span> <span class='ocrx_word' id='word_1_500' title='bbox 2214 2555 2596 2623; x_wconf 81' lang='lat' dir='ltr'><strong>proclamavit.</strong></span> <span class='ocrx_word' id='word_1_501' title='bbox 2625 2555 2789 2626; x_wconf 86' lang='lat' dir='ltr'><strong>Atqui</strong></span> <span class='ocrx_word' id='word_1_502' title='bbox 2813 2573 2967 2628; x_wconf 66' lang='lat' dir='ltr'><strong>nugre</strong></span> <span class='ocrx_word' id='word_1_503' title='bbox 2993 2558 3075 2612; x_wconf 68' lang='lat' dir='ltr'><strong>hrc</strong></span> <span class='ocrx_word' id='word_1_504' title='bbox 3095 2573 3243 2621; x_wconf 89' lang='lat' dir='ltr'><strong>sunt,</strong></span> <span class='ocrx_word' id='word_1_505' title='bbox 3276 2565 3511 2629; x_wconf 85' lang='lat' dir='ltr'><strong>vanique</strong></span> 
     </span>
    </p>
   </div>
   <div class='ocr_carea' id='block_1_70' title="bbox 1924 2645 3511 2716">
    <p class='ocr_par' dir='ltr' id='par_1_70' title="bbox 1924 2645 3511 2716">
     <span class='ocr_line' id='line_1_70' title="bbox 1924 2645 3511 2716; baseline 0.005 -17"><span class='ocrx_word' id='word_1_506' title='bbox 1924 2646 2142 2701; x_wconf 87' lang='lat' dir='ltr'><strong>labores</strong></span> <span class='ocrx_word' id='word_1_507' title='bbox 2161 2647 2301 2716; x_wconf 86' lang='lat' dir='ltr'><strong>ejus.</strong></span> <span class='ocrx_word' id='word_1_508' title='bbox 2336 2645 2444 2701; x_wconf 86' lang='lat' dir='ltr'><strong>Sed</strong></span> <span class='ocrx_word' id='word_1_509' title='bbox 2480 2657 2606 2702; x_wconf 90' lang='lat' dir='ltr'><strong>sunt</strong></span> <span class='ocrx_word' id='word_1_510' title='bbox 2648 2649 2890 2703; x_wconf 80' lang='lat' dir='ltr'><strong>nonnulli</strong></span> <span class='ocrx_word' id='word_1_511' title='bbox 2923 2652 2976 2703; x_wconf 93' lang='lat' dir='ltr'><strong>in</strong></span> <span class='ocrx_word' id='word_1_512' title='bbox 3016 2659 3225 2704; x_wconf 89' lang='lat' dir='ltr'><strong>tantum</strong></span> <span class='ocrx_word' id='word_1_513' title='bbox 3283 2652 3511 2707; x_wconf 69' lang='lat' dir='ltr'><strong>inscitia:</strong></span> 
     </span>
    </p>
   </div>
   <div class='ocr_carea' id='block_1_71' title="bbox 1924 2738 3510 2813">
    <p class='ocr_par' dir='ltr' id='par_1_71' title="bbox 1924 2738 3510 2813">
     <span class='ocr_line' id='line_1_71' title="bbox 1924 2738 3510 2813; baseline 0.003 -21"><span class='ocrx_word' id='word_1_514' title='bbox 1924 2747 2089 2808; x_wconf 88' lang='lat' dir='ltr'><strong>atque</strong></span> <span class='ocrx_word' id='word_1_515' title='bbox 2135 2738 2506 2808; x_wconf 75' lang='lat' dir='ltr'><strong>incogitantia:</strong></span> <span class='ocrx_word' id='word_1_516' title='bbox 2554 2740 2838 2807; x_wconf 77' lang='lat' dir='ltr'><strong>proveCIi,</strong></span> <span class='ocrx_word' id='word_1_517' title='bbox 2870 2752 2929 2794; x_wconf 91' lang='lat' dir='ltr'><strong>ut</strong></span> <span class='ocrx_word' id='word_1_518' title='bbox 2969 2755 3027 2793; x_wconf 88' lang='lat' dir='ltr'><strong>se</strong></span> <span class='ocrx_word' id='word_1_519' title='bbox 3071 2750 3260 2810; x_wconf 87' lang='lat' dir='ltr'><strong>putent</strong></span> <span class='ocrx_word' id='word_1_520' title='bbox 3305 2743 3510 2813; x_wconf 87' lang='lat' dir='ltr'><strong>aliquid</strong></span> 
     </span>
    </p>
   </div>
   <div class='ocr_carea' id='block_1_72' title="bbox 1925 2833 3515 2903">
    <p class='ocr_par' dir='ltr' id='par_1_72' title="bbox 1925 2833 3515 2903">
     <span class='ocr_line' id='line_1_72' title="bbox 1925 2833 3515 2903; baseline 0.002 -16"><span class='ocrx_word' id='word_1_521' title='bbox 1925 2833 1977 2887; x_wconf 94' lang='lat' dir='ltr'><strong>in</strong></span> <span class='ocrx_word' id='word_1_522' title='bbox 2000 2834 2083 2887; x_wconf 87' lang='lat' dir='ltr'><strong>his</strong></span> <span class='ocrx_word' id='word_1_523' title='bbox 2118 2833 2255 2903; x_wconf 77' lang='lat' dir='ltr'><strong>frugi</strong></span> <span class='ocrx_word' id='word_1_524' title='bbox 2291 2848 2537 2888; x_wconf 80' lang='lat' dir='ltr'><strong>cernere.</strong></span> <span class='ocrx_word' id='word_1_525' title='bbox 2592 2834 2716 2888; x_wconf 83' lang='lat' dir='ltr'><strong>Ideo</strong></span> <span class='ocrx_word' id='word_1_526' title='bbox 2741 2848 2839 2887; x_wconf 91' lang='lat' dir='ltr'><strong>nos</strong></span> <span class='ocrx_word' id='word_1_527' title='bbox 2870 2835 3241 2889; x_wconf 84' lang='lat' dir='ltr'><strong>necessariam</strong></span> <span class='ocrx_word' id='word_1_528' title='bbox 3275 2835 3515 2890; x_wconf 89' lang='lat' dir='ltr'><strong>institui-</strong></span> 
     </span>
    </p>
   </div>
   <div class='ocr_carea' id='block_1_73' title="bbox 1924 2925 3511 2995">
    <p class='ocr_par' dir='ltr' id='par_1_73' title="bbox 1924 2925 3511 2995">
     <span class='ocr_line' id='line_1_73' title="bbox 1924 2925 3511 2995; baseline 0.001 -16"><span class='ocrx_word' id='word_1_529' title='bbox 1924 2940 2047 2979; x_wconf 85' lang='lat' dir='ltr'><strong>mus</strong></span> <span class='ocrx_word' id='word_1_530' title='bbox 2105 2925 2158 2978; x_wconf 90' lang='lat' dir='ltr'><strong>in</strong></span> <span class='ocrx_word' id='word_1_531' title='bbox 2218 2940 2276 2979; x_wconf 92' lang='lat' dir='ltr'><strong>re</strong></span> <span class='ocrx_word' id='word_1_532' title='bbox 2309 2925 2529 2979; x_wconf 90' lang='lat' dir='ltr'><strong>minime</strong></span> <span class='ocrx_word' id='word_1_533' title='bbox 2583 2926 2893 2980; x_wconf 77' lang='lat' dir='ltr'><strong>necessaria</strong></span> <span class='ocrx_word' id='word_1_534' title='bbox 2938 2927 3320 2995; x_wconf 80' lang='lat' dir='ltr'><strong>qna-stionem.</strong></span> <span class='ocrx_word' id='word_1_535' title='bbox 3370 2925 3511 2994; x_wconf 75' lang='lat' dir='ltr'><strong>Quid</strong></span> 
     </span>
    </p>
   </div>
   <div class='ocr_carea' id='block_1_74' title="bbox 1923 3018 3514 3088">
    <p class='ocr_par' dir='ltr' id='par_1_74' title="bbox 1923 3018 3514 3088">
     <span class='ocr_line' id='line_1_74' title="bbox 1923 3018 3514 3088; baseline 0.001 -15"><span class='ocrx_word' id='word_1_536' title='bbox 1923 3020 2068 3073; x_wconf 87' lang='lat' dir='ltr'><strong>enim</strong></span> <span class='ocrx_word' id='word_1_537' title='bbox 2115 3018 2202 3072; x_wconf 90' lang='lat' dir='ltr'><strong>his</strong></span> <span class='ocrx_word' id='word_1_538' title='bbox 2242 3018 2406 3073; x_wconf 86' lang='lat' dir='ltr'><strong>dictis</strong></span> <span class='ocrx_word' id='word_1_539' title='bbox 2438 3018 2730 3072; x_wconf 86' lang='lat' dir='ltr'><strong>absurdius</strong></span> <span class='ocrx_word' id='word_1_540' title='bbox 2766 3028 2858 3071; x_wconf 86' lang='lat' dir='ltr'><strong>aut</strong></span> <span class='ocrx_word' id='word_1_541' title='bbox 2889 3018 3322 3088; x_wconf 80' lang='lat' dir='ltr'><strong>incogitantius?</strong></span> <span class='ocrx_word' id='word_1_542' title='bbox 3349 3020 3514 3075; x_wconf 89' lang='lat' dir='ltr'><strong>Certe</strong></span> 
     </span>
    </p>
   </div>
   <div class='ocr_carea' id='block_1_75' title="bbox 1926 3108 3509 3179">
    <p class='ocr_par' dir='ltr' id='par_1_75' title="bbox 1926 3108 3509 3179">
     <span class='ocr_line' id='line_1_75' title="bbox 1926 3108 3509 3179; baseline 0.001 -17"><span class='ocrx_word' id='word_1_543' title='bbox 1926 3109 2069 3163; x_wconf 89' lang='lat' dir='ltr'><strong>haud</strong></span> <span class='ocrx_word' id='word_1_544' title='bbox 2126 3109 2405 3164; x_wconf 84' lang='lat' dir='ltr'><strong>hominum</strong></span> <span class='ocrx_word' id='word_1_545' title='bbox 2462 3108 2575 3163; x_wconf 68' lang='lat' dir='ltr'><strong>haec</strong></span> <span class='ocrx_word' id='word_1_546' title='bbox 2623 3110 2790 3163; x_wconf 87' lang='lat' dir='ltr'><strong>verba</strong></span> <span class='ocrx_word' id='word_1_547' title='bbox 2838 3118 3001 3175; x_wconf 82' lang='lat' dir='ltr'><strong>sunt,</strong></span> <span class='ocrx_word' id='word_1_548' title='bbox 3039 3108 3133 3178; x_wconf 80' lang='lat' dir='ltr'><strong>qui</strong></span> <span class='ocrx_word' id='word_1_549' title='bbox 3172 3110 3509 3179; x_wconf 78' lang='lat' dir='ltr'><strong>rogitatuum</strong></span> 
     </span>
    </p>
   </div>
   <div class='ocr_carea' id='block_1_76' title="bbox 1927 3196 3510 3255">
    <p class='ocr_par' dir='ltr' id='par_1_76' title="bbox 1927 3196 3510 3255">
     <span class='ocr_line' id='line_1_76' title="bbox 1927 3196 3510 3255; baseline -0.001 -1"><span class='ocrx_word' id='word_1_550' title='bbox 1927 3214 2148 3254; x_wconf 90' lang='lat' dir='ltr'><strong>suorum</strong></span> <span class='ocrx_word' id='word_1_551' title='bbox 2186 3213 2385 3253; x_wconf 81' lang='lat' dir='ltr'><strong>nexum</strong></span> <span class='ocrx_word' id='word_1_552' title='bbox 2417 3199 2709 3252; x_wconf 80' lang='lat' dir='ltr'><strong>retineant.</strong></span> <span class='ocrx_word' id='word_1_553' title='bbox 2746 3196 2881 3251; x_wconf 86' lang='lat' dir='ltr'><strong>Nam</strong></span> <span class='ocrx_word' id='word_1_554' title='bbox 2919 3199 2965 3251; x_wconf 87' lang='lat' dir='ltr'><strong>si</strong></span> <span class='ocrx_word' id='word_1_555' title='bbox 3004 3200 3068 3253; x_wconf 85' lang='lat' dir='ltr'><strong>de</strong></span> <span class='ocrx_word' id='word_1_556' title='bbox 3098 3201 3331 3253; x_wconf 87' lang='lat' dir='ltr'><strong>naturali</strong></span> <span class='ocrx_word' id='word_1_557' title='bbox 3372 3201 3510 3255; x_wconf 80' lang='lat' dir='ltr'><strong>ima-</strong></span> 
     </span>
    </p>
   </div>
   <div class='ocr_carea' id='block_1_77' title="bbox 1930 3292 3511 3362">
    <p class='ocr_par' dir='ltr' id='par_1_77' title="bbox 1930 3292 3511 3362">
     <span class='ocr_line' id='line_1_77' title="bbox 1930 3292 3511 3362; baseline -0.001 -18"><span class='ocrx_word' id='word_1_558' title='bbox 1930 3293 2076 3362; x_wconf 78' lang='lat' dir='ltr'><strong>gine,</strong></span> <span class='ocrx_word' id='word_1_559' title='bbox 2112 3301 2383 3361; x_wconf 87' lang='lat' dir='ltr'><strong>quatenus</strong></span> <span class='ocrx_word' id='word_1_560' title='bbox 2434 3292 2713 3346; x_wconf 87' lang='lat' dir='ltr'><strong>artiﬁciali</strong></span> <span class='ocrx_word' id='word_1_561' title='bbox 2765 3294 3093 3361; x_wconf 90' lang='lat' dir='ltr'><strong>opponitur,</strong></span> <span class='ocrx_word' id='word_1_562' title='bbox 3145 3293 3307 3346; x_wconf 84' lang='lat' dir='ltr'><strong>verba</strong></span> <span class='ocrx_word' id='word_1_563' title='bbox 3358 3294 3511 3359; x_wconf 82' lang='lat' dir='ltr'><strong>facit,</strong></span> 
     </span>
    </p>
   </div>
   <div class='ocr_carea' id='block_1_78' title="bbox 1929 3383 3509 3453">
    <p class='ocr_par' dir='ltr' id='par_1_78' title="bbox 1929 3383 3509 3453">
     <span class='ocr_line' id='line_1_78' title="bbox 1929 3383 3509 3453; baseline 0.003 -17"><span class='ocrx_word' id='word_1_564' title='bbox 1929 3383 2141 3453; x_wconf 88' lang='lat' dir='ltr'><strong>qualem</strong></span> <span class='ocrx_word' id='word_1_565' title='bbox 2172 3383 2352 3437; x_wconf 76' lang='lat' dir='ltr'><strong>Patris</strong></span> <span class='ocrx_word' id='word_1_566' title='bbox 2389 3384 2676 3453; x_wconf 77' lang='lat' dir='ltr'><strong>imaginem</strong></span> <span class='ocrx_word' id='word_1_567' title='bbox 2707 3400 2829 3437; x_wconf 71' lang='lat' dir='ltr'><strong>esse</strong></span> <span class='ocrx_word' id='word_1_568' title='bbox 2874 3384 3069 3438; x_wconf 80' lang='lat' dir='ltr'><strong>Filium</strong></span> <span class='ocrx_word' id='word_1_569' title='bbox 3104 3386 3359 3444; x_wconf 79' lang='lat' dir='ltr'><strong>dicimus.</strong></span> <span class='ocrx_word' id='word_1_570' title='bbox 3397 3385 3509 3441; x_wconf 78' lang='lat' dir='ltr'><strong>for-</strong></span> 
     </span>
    </p>
   </div>
   <div class='ocr_carea' id='block_1_79' title="bbox 1928 3476 3513 3543">
    <p class='ocr_par' dir='ltr' id='par_1_79' title="bbox 1928 3476 3513 3543">
     <span class='ocr_line' id='line_1_79' title="bbox 1928 3476 3513 3543; baseline 0.001 -11"><span class='ocrx_word' id='word_1_571' title='bbox 1928 3484 2074 3532; x_wconf 87' lang='lat' dir='ltr'><strong>tasse</strong></span> <span class='ocrx_word' id='word_1_572' title='bbox 2100 3491 2281 3531; x_wconf 88' lang='lat' dir='ltr'><strong>sermo</strong></span> <span class='ocrx_word' id='word_1_573' title='bbox 2309 3476 2427 3543; x_wconf 84' lang='lat' dir='ltr'><strong>eius</strong></span> <span class='ocrx_word' id='word_1_574' title='bbox 2460 3487 2605 3532; x_wconf 90' lang='lat' dir='ltr'><strong>recte</strong></span> <span class='ocrx_word' id='word_1_575' title='bbox 2627 3489 2687 3530; x_wconf 86' lang='lat' dir='ltr'><strong>se</strong></span> <span class='ocrx_word' id='word_1_576' title='bbox 2718 3479 2957 3533; x_wconf 90' lang='lat' dir='ltr'><strong>habebit.</strong></span> <span class='ocrx_word' id='word_1_577' title='bbox 2984 3477 3144 3532; x_wconf 80' lang='lat' dir='ltr'><strong>Errat</strong></span> <span class='ocrx_word' id='word_1_578' title='bbox 3187 3490 3365 3533; x_wconf 80' lang='lat' dir='ltr'><strong>autem</strong></span> <span class='ocrx_word' id='word_1_579' title='bbox 3386 3481 3513 3533; x_wconf 87' lang='lat' dir='ltr'><strong>dum</strong></span> 
     </span>
    </p>
   </div>
   <div class='ocr_carea' id='block_1_80' title="bbox 1929 3569 3516 3640">
    <p class='ocr_par' dir='ltr' id='par_1_80' title="bbox 1929 3569 3516 3640">
     <span class='ocr_line' id='line_1_80' title="bbox 1929 3569 3516 3640; baseline 0 -17"><span class='ocrx_word' id='word_1_580' title='bbox 1929 3569 2110 3638; x_wconf 86' lang='lat' dir='ltr'><strong>inepte</strong></span> <span class='ocrx_word' id='word_1_581' title='bbox 2182 3569 2234 3622; x_wconf 89' lang='lat' dir='ltr'><strong>in</strong></span> <span class='ocrx_word' id='word_1_582' title='bbox 2290 3569 2375 3624; x_wconf 92' lang='lat' dir='ltr'><strong>his</strong></span> <span class='ocrx_word' id='word_1_583' title='bbox 2421 3569 2698 3623; x_wconf 83' lang='lat' dir='ltr'><strong>simulacri</strong></span> <span class='ocrx_word' id='word_1_584' title='bbox 2782 3585 2977 3625; x_wconf 87' lang='lat' dir='ltr'><strong>nomen</strong></span> <span class='ocrx_word' id='word_1_585' title='bbox 3051 3576 3313 3640; x_wconf 79' lang='lat' dir='ltr'><strong>usurpat‘;</strong></span> <span class='ocrx_word' id='word_1_586' title='bbox 3382 3572 3516 3625; x_wconf 85' lang='lat' dir='ltr'><strong>nihil</strong></span> 
     </span>
    </p>
   </div>
   <div class='ocr_carea' id='block_1_81' title="bbox 1929 3661 3516 3733">
    <p class='ocr_par' dir='ltr' id='par_1_81' title="bbox 1929 3661 3516 3733">
     <span class='ocr_line' id='line_1_81' title="bbox 1929 3661 3516 3733; baseline -0.001 -16"><span class='ocrx_word' id='word_1_587' title='bbox 1929 3663 2074 3717; x_wconf 89' lang='lat' dir='ltr'><strong>enim</strong></span> <span class='ocrx_word' id='word_1_588' title='bbox 2110 3661 2200 3716; x_wconf 89' lang='lat' dir='ltr'><strong>hic</strong></span> <span class='ocrx_word' id='word_1_589' title='bbox 2243 3676 2380 3730; x_wconf 90' lang='lat' dir='ltr'><strong>opus</strong></span> <span class='ocrx_word' id='word_1_590' title='bbox 2412 3671 2499 3717; x_wconf 90' lang='lat' dir='ltr'><strong>est</strong></span> <span class='ocrx_word' id='word_1_591' title='bbox 2544 3661 2855 3716; x_wconf 79' lang='lat' dir='ltr'><strong>simulacris</strong></span> <span class='ocrx_word' id='word_1_592' title='bbox 2892 3670 2983 3715; x_wconf 89' lang='lat' dir='ltr'><strong>aut</strong></span> <span class='ocrx_word' id='word_1_593' title='bbox 3020 3665 3516 3733; x_wconf 80' lang='lat' dir='ltr'><strong>argumentationi-</strong></span> 
     </span>
    </p>
   </div>
   <div class='ocr_carea' id='block_1_82' title="bbox 1930 3752 3515 3824">
    <p class='ocr_par' dir='ltr' id='par_1_82' title="bbox 1930 3752 3515 3824">
     <span class='ocr_line' id='line_1_82' title="bbox 1930 3752 3515 3824; baseline 0.001 -15"><span class='ocrx_word' id='word_1_594' title='bbox 1930 3754 2050 3809; x_wconf 88' lang='lat' dir='ltr'><strong>bus.</strong></span> <span class='ocrx_word' id='word_1_595' title='bbox 2096 3752 2318 3810; x_wconf 87' lang='lat' dir='ltr'><strong>Frustra</strong></span> <span class='ocrx_word' id='word_1_596' title='bbox 2365 3754 2532 3824; x_wconf 87' lang='lat' dir='ltr'><strong>igitur</strong></span> <span class='ocrx_word' id='word_1_597' title='bbox 2581 3754 2684 3810; x_wconf 90' lang='lat' dir='ltr'><strong>hoc</strong></span> <span class='ocrx_word' id='word_1_598' title='bbox 2713 3754 2835 3809; x_wconf 88' lang='lat' dir='ltr'><strong>loco</strong></span> <span class='ocrx_word' id='word_1_599' title='bbox 2887 3755 3305 3810; x_wconf 70' lang='lat' dir='ltr'><strong>simuiacrorum</strong></span> <span class='ocrx_word' id='word_1_600' title='bbox 3359 3772 3515 3810; x_wconf 82' lang='lat' dir='ltr'><strong>men-</strong></span> 
     </span>
    </p>
   </div>
   <div class='ocr_carea' id='block_1_83' title="bbox 1930 3845 3517 3917">
    <p class='ocr_par' dir='ltr' id='par_1_83' title="bbox 1930 3845 3517 3917">
     <span class='ocr_line' id='line_1_83' title="bbox 1930 3845 3517 3917; baseline 0 -17"><span class='ocrx_word' id='word_1_601' title='bbox 1930 3845 2007 3900; x_wconf 93' lang='lat' dir='ltr'><strong>tio</strong></span> <span class='ocrx_word' id='word_1_602' title='bbox 2042 3846 2103 3900; x_wconf 95' lang='lat' dir='ltr'><strong>ﬁt</strong></span> <span class='ocrx_word' id='word_1_603' title='bbox 2146 3862 2162 3901; x_wconf 89' lang='lat'><strong>:</strong></span> <span class='ocrx_word' id='word_1_604' title='bbox 2213 3859 2446 3915; x_wconf 87' lang='lat' dir='ltr'><strong>namque</strong></span> <span class='ocrx_word' id='word_1_605' title='bbox 2482 3846 2585 3901; x_wconf 92' lang='lat' dir='ltr'><strong>hoc</strong></span> <span class='ocrx_word' id='word_1_606' title='bbox 2612 3860 2723 3916; x_wconf 69' lang='lat' dir='ltr'><strong>pra:</strong></span> <span class='ocrx_word' id='word_1_607' title='bbox 2758 3846 2850 3901; x_wconf 89' lang='lat' dir='ltr'><strong>illo</strong></span> <span class='ocrx_word' id='word_1_608' title='bbox 2886 3846 3111 3901; x_wconf 86' lang='lat' dir='ltr'><strong>stultius</strong></span> <span class='ocrx_word' id='word_1_609' title='bbox 3143 3855 3196 3901; x_wconf 92' lang='lat' dir='ltr'><strong>et</strong></span> <span class='ocrx_word' id='word_1_610' title='bbox 3250 3846 3517 3917; x_wconf 76' lang='lat' dir='ltr'><strong>irreligio-</strong></span> 
     </span>
    </p>
   </div>
   <div class='ocr_carea' id='block_1_84' title="bbox 1930 3936 3523 4008">
    <p class='ocr_par' dir='ltr' id='par_1_84' title="bbox 1930 3936 3523 4008">
     <span class='ocr_line' id='line_1_84' title="bbox 1930 3936 3523 4008; baseline 0.001 -16"><span class='ocrx_word' id='word_1_611' title='bbox 1930 3938 2046 3993; x_wconf 88' lang='lat' dir='ltr'><strong>sius</strong></span> <span class='ocrx_word' id='word_1_612' title='bbox 2072 3946 2175 3993; x_wconf 87' lang='lat' dir='ltr'><strong>est.</strong></span> <span class='ocrx_word' id='word_1_613' title='bbox 2204 3936 2272 3991; x_wconf 78' lang='lat' dir='ltr'><strong>Et</strong></span> <span class='ocrx_word' id='word_1_614' title='bbox 2297 3938 2520 3993; x_wconf 90' lang='lat' dir='ltr'><strong>omnino</strong></span> <span class='ocrx_word' id='word_1_615' title='bbox 2566 3937 2747 4006; x_wconf 87' lang='lat' dir='ltr'><strong>palam</strong></span> <span class='ocrx_word' id='word_1_616' title='bbox 2803 3937 2936 3992; x_wconf 77' lang='lat' dir='ltr'><strong>facit</strong></span> <span class='ocrx_word' id='word_1_617' title='bbox 2976 3953 3036 3992; x_wconf 91' lang='lat' dir='ltr'><strong>se</strong></span> <span class='ocrx_word' id='word_1_618' title='bbox 3066 3952 3135 3992; x_wconf 78' lang='lat' dir='ltr'><strong>ex</strong></span> <span class='ocrx_word' id='word_1_619' title='bbox 3182 3937 3436 3992; x_wconf 90' lang='lat' dir='ltr'><strong>absurdis</strong></span> <span class='ocrx_word' id='word_1_620' title='bbox 3464 3948 3523 4008; x_wconf 71' lang='lat' dir='ltr'><strong>et</strong></span> 
     </span>
    </p>
   </div>
   <div class='ocr_carea' id='block_1_85' title="bbox 1934 4030 3158 4101">
    <p class='ocr_par' dir='ltr' id='par_1_85' title="bbox 1934 4030 3158 4101">
     <span class='ocr_line' id='line_1_85' title="bbox 1934 4030 3158 4101; baseline -0.002 -15"><span class='ocrx_word' id='word_1_621' title='bbox 1934 4030 2420 4101; x_wconf 79' lang='lat' dir='ltr'><strong>incongruentibus</strong></span> <span class='ocrx_word' id='word_1_622' title='bbox 2469 4045 2776 4085; x_wconf 91' lang='lat' dir='ltr'><strong>sermonem</strong></span> <span class='ocrx_word' id='word_1_623' title='bbox 2841 4039 3158 4086; x_wconf 77' lang='lat' dir='ltr'><strong>contexere.</strong></span> 
     </span>
    </p>
   </div>
   <div class='ocr_carea' id='block_1_86' title="bbox 2006 4122 3519 4193">
    <p class='ocr_par' dir='ltr' id='par_1_86' title="bbox 2006 4122 3519 4193">
     <span class='ocr_line' id='line_1_86' title="bbox 2006 4122 3519 4193; baseline -0.001 -16"><span class='ocrx_word' id='word_1_624' title='bbox 2006 4122 2090 4178; x_wconf 82' lang='lat' dir='ltr'><strong>l6.</strong></span> <span class='ocrx_word' id='word_1_625' title='bbox 2137 4123 2289 4179; x_wconf 83' lang='lat' dir='ltr'><strong>Nune</strong></span> <span class='ocrx_word' id='word_1_626' title='bbox 2314 4123 2575 4193; x_wconf 90' lang='lat' dir='ltr'><strong>quoniam</strong></span> <span class='ocrx_word' id='word_1_627' title='bbox 2606 4122 2672 4177; x_wconf 91' lang='lat' dir='ltr'><strong>de</strong></span> <span class='ocrx_word' id='word_1_628' title='bbox 2699 4122 3017 4177; x_wconf 81' lang='lat' dir='ltr'><strong>simulacris</strong></span> <span class='ocrx_word' id='word_1_629' title='bbox 3052 4133 3216 4193; x_wconf 86' lang='lat' dir='ltr'><strong>atque</strong></span> <span class='ocrx_word' id='word_1_630' title='bbox 3251 4122 3519 4176; x_wconf 85' lang='lat' dir='ltr'><strong>artiﬁcia-</strong></span> 
     </span>
    </p>
   </div>
   <div class='ocr_carea' id='block_1_87' title="bbox 1934 4213 3521 4285">
    <p class='ocr_par' dir='ltr' id='par_1_87' title="bbox 1934 4213 3521 4285">
     <span class='ocr_line' id='line_1_87' title="bbox 1934 4213 3521 4285; baseline 0.001 -17"><span class='ocrx_word' id='word_1_631' title='bbox 1934 4214 2423 4285; x_wconf 88' lang='lat' dir='ltr'><strong>libnsimaginibus</strong></span> <span class='ocrx_word' id='word_1_632' title='bbox 2457 4229 2639 4270; x_wconf 85' lang='lat' dir='ltr'><strong>sermo</strong></span> <span class='ocrx_word' id='word_1_633' title='bbox 2674 4215 2744 4269; x_wconf 89' lang='lat' dir='ltr'><strong>ab</strong></span> <span class='ocrx_word' id='word_1_634' title='bbox 2790 4214 2881 4268; x_wconf 90' lang='lat' dir='ltr'><strong>illo</strong></span> <span class='ocrx_word' id='word_1_635' title='bbox 2912 4224 3222 4270; x_wconf 89' lang='lat' dir='ltr'><strong>commotus</strong></span> <span class='ocrx_word' id='word_1_636' title='bbox 3259 4213 3377 4277; x_wconf 79' lang='lat' dir='ltr'><strong>fuit,</strong></span> <span class='ocrx_word' id='word_1_637' title='bbox 3400 4230 3521 4283; x_wconf 75' lang='lat' dir='ltr'><strong>qua:</strong></span> 
     </span>
    </p>
   </div>
   <div class='ocr_carea' id='block_1_88' title="bbox 1934 4306 3598 4377">
    <p class='ocr_par' dir='ltr' id='par_1_88' title="bbox 1934 4306 3598 4377">
     <span class='ocr_line' id='line_1_88' title="bbox 1934 4306 3598 4377; baseline -0.004 -14"><span class='ocrx_word' id='word_1_638' title='bbox 1934 4323 1998 4363; x_wconf 79' lang='lat' dir='ltr'><strong>ex</strong></span> <span class='ocrx_word' id='word_1_639' title='bbox 2021 4307 2264 4377; x_wconf 83' lang='lat' dir='ltr'><strong>subjecta</strong></span> <span class='ocrx_word' id='word_1_640' title='bbox 2320 4307 2549 4363; x_wconf 83' lang='lat' dir='ltr'><strong>materia</strong></span> <span class='ocrx_word' id='word_1_641' title='bbox 2600 4316 2765 4377; x_wconf 88' lang='lat' dir='ltr'><strong>atque</strong></span> <span class='ocrx_word' id='word_1_642' title='bbox 2815 4315 2955 4371; x_wconf 87' lang='lat' dir='ltr'><strong>arte,</strong></span> <span class='ocrx_word' id='word_1_643' title='bbox 3003 4316 3060 4361; x_wconf 85' lang='lat' dir='ltr'><strong>et</strong></span> <span class='ocrx_word' id='word_1_644' title='bbox 3092 4307 3212 4375; x_wconf 84' lang='lat' dir='ltr'><strong>ejus</strong></span> <span class='ocrx_word' id='word_1_645' title='bbox 3240 4307 3330 4375; x_wconf 82' lang='lat' dir='ltr'><strong>qui</strong></span> <span class='ocrx_word' id='word_1_646' title='bbox 3375 4306 3519 4359; x_wconf 89' lang='lat' dir='ltr'><strong>hanc</strong></span> <span class='ocrx_word' id='word_1_647' title='bbox 3586 4346 3598 4356; x_wconf 79' lang='lat'><strong>.</strong></span> 
     </span>
    </p>
   </div>
   <div class='ocr_carea' id='block_1_89' title="bbox 1937 4392 3523 4467">
    <p class='ocr_par' dir='ltr' id='par_1_89' title="bbox 1937 4392 3523 4467">
     <span class='ocr_line' id='line_1_89' title="bbox 1937 4392 3523 4467; baseline -0.004 -15"><span class='ocrx_word' id='word_1_648' title='bbox 1937 4399 2221 4467; x_wconf 72' lang='lat' dir='ltr'><strong>profitetur</strong></span> <span class='ocrx_word' id='word_1_649' title='bbox 2250 4398 2468 4466; x_wconf 83' lang='lat' dir='ltr'><strong>ingenio</strong></span> <span class='ocrx_word' id='word_1_650' title='bbox 2503 4398 2657 4463; x_wconf 89' lang='lat' dir='ltr'><strong>ﬁunt,</strong></span> <span class='ocrx_word' id='word_1_651' title='bbox 2688 4396 2814 4466; x_wconf 87' lang='lat' dir='ltr'><strong>quis</strong></span> <span class='ocrx_word' id='word_1_652' title='bbox 2863 4395 3120 4451; x_wconf 82' lang='lat' dir='ltr'><strong>cordatus</strong></span> <span class='ocrx_word' id='word_1_653' title='bbox 3168 4395 3408 4463; x_wconf 87' lang='lat' dir='ltr'><strong>patietur</strong></span> <span class='ocrx_word' id='word_1_654' title='bbox 3438 4392 3523 4447; x_wconf 83' lang='lat' dir='ltr'><strong>di-</strong></span> 
     </span>
    </p>
   </div>
   <div class='ocr_carea' id='block_1_90' title="bbox 235 4484 1825 4584">
    <p class='ocr_par' dir='ltr' id='par_1_90' title="bbox 235 4484 1825 4584">
     <span class='ocr_line' id='line_1_90' title="bbox 235 4484 1825 4584; baseline -0.01 -10"><span class='ocrx_word' id='word_1_655' title='bbox 235 4484 463 4577; x_wconf 69' lang='grc' dir='ltr'>ἀκούειν</span> <span class='ocrx_word' id='word_1_656' title='bbox 515 4484 782 4584; x_wconf 55' lang='grc' dir='ltr'>ἀνέξεται</span> <span class='ocrx_word' id='word_1_657' title='bbox 854 4484 1109 4582; x_wconf 78' lang='grc' dir='ltr'>λέγοντος</span> <span class='ocrx_word' id='word_1_658' title='bbox 1166 4508 1456 4581; x_wconf 87' lang='grc' dir='ltr'>όμοούσιον</span> <span class='ocrx_word' id='word_1_659' title='bbox 1506 4506 1825 4581; x_wconf 81' lang='grc' dir='ltr'>ἀπείκασμα</span> 
     </span>
    </p>
   </div>
   <div class='ocr_carea' id='block_1_91' title="bbox 1930 4484 3519 4584">
    <p class='ocr_par' dir='ltr' id='par_1_91' title="bbox 1937 4484 3519 4556">
     <span class='ocr_line' id='line_1_91' title="bbox 1937 4484 3519 4556; baseline -0.004 -11"><span class='ocrx_word' id='word_1_660' title='bbox 1937 4499 2188 4556; x_wconf 87' lang='lat' dir='ltr'><strong>centem,</strong></span> <span class='ocrx_word' id='word_1_661' title='bbox 2235 4497 2467 4543; x_wconf 89' lang='lat' dir='ltr'><strong>statuam</strong></span> <span class='ocrx_word' id='word_1_662' title='bbox 2518 4487 2601 4542; x_wconf 89' lang='lat' dir='ltr'><strong>vel</strong></span> <span class='ocrx_word' id='word_1_663' title='bbox 2651 4488 2943 4556; x_wconf 77' lang='lat' dir='ltr'><strong>imaginem</strong></span> <span class='ocrx_word' id='word_1_664' title='bbox 2993 4484 3519 4541; x_wconf 84' lang='lat' dir='ltr'><strong>consubstantialem</strong></span> 
     </span>
    </p>
   </div>
   <div class='ocr_carea' id='block_1_92' title="bbox 235 4595 1836 4678">
    <p class='ocr_par' dir='ltr' id='par_1_92' title="bbox 235 4595 1836 4678">
     <span class='ocr_line' id='line_1_92' title="bbox 235 4595 1836 4678; baseline -0.012 -10"><span class='ocrx_word' id='word_1_665' title='bbox 235 4614 326 4667; x_wconf 72' lang='grc' dir='ltr'>καὶ</span> <span class='ocrx_word' id='word_1_666' title='bbox 352 4612 555 4667; x_wconf 77' lang='grc' dir='ltr'>εἰκόνα</span> <span class='ocrx_word' id='word_1_667' title='bbox 587 4607 685 4663; x_wconf 86' lang='grc' dir='ltr'><strong>τοῦ</strong></span> <span class='ocrx_word' id='word_1_668' title='bbox 740 4604 1105 4678; x_wconf 87' lang='grc' dir='ltr'>πρωτοτύπου</span> <span class='ocrx_word' id='word_1_669' title='bbox 1135 4599 1383 4671; x_wconf 84' lang='grc' dir='ltr'>γίνεσθαι</span> <span class='ocrx_word' id='word_1_670' title='bbox 1410 4615 1424 4664; x_wconf 92' lang='grc'><strong>;</strong></span> <span class='ocrx_word' id='word_1_671' title='bbox 1462 4596 1686 4669; x_wconf 86' lang='grc' dir='ltr'>Πρῶτον</span> <span class='ocrx_word' id='word_1_672' title='bbox 1736 4595 1836 4667; x_wconf 82' lang='grc' dir='ltr'>μὲν</span> 
     </span>
    </p>
   </div>
   <div class='ocr_carea' id='block_1_93' title="bbox 235 4687 1837 4774">
    <p class='ocr_par' dir='ltr' id='par_1_93' title="bbox 235 4687 1837 4774">
     <span class='ocr_line' id='line_1_93' title="bbox 235 4687 1837 4774; baseline -0.012 -16"><span class='ocrx_word' id='word_1_673' title='bbox 235 4706 343 4774; x_wconf 81' lang='grc' dir='ltr'>γὰρ</span> <span class='ocrx_word' id='word_1_674' title='bbox 385 4699 819 4771; x_wconf 80' lang='grc' dir='ltr'>διασφάλλεται,</span> <span class='ocrx_word' id='word_1_675' title='bbox 861 4698 941 4760; x_wconf 89' lang='grc' dir='ltr'><strong>είς</strong></span> <span class='ocrx_word' id='word_1_676' title='bbox 988 4693 1186 4749; x_wconf 79' lang='grc' dir='ltr'>ταύτὸν</span> <span class='ocrx_word' id='word_1_677' title='bbox 1224 4691 1375 4760; x_wconf 77' lang='grc' dir='ltr'>ἄγων</span> <span class='ocrx_word' id='word_1_678' title='bbox 1405 4689 1599 4742; x_wconf 85' lang='grc' dir='ltr'>οὐσίαν</span> <span class='ocrx_word' id='word_1_679' title='bbox 1654 4705 1716 4741; x_wconf 86' lang='grc' dir='ltr'><strong>τε</strong></span> <span class='ocrx_word' id='word_1_680' title='bbox 1741 4687 1837 4741; x_wconf 70' lang='grc' dir='ltr'><strong>καὶ</strong></span> 
     </span>
    </p>
   </div>
   <div class='ocr_carea' id='block_1_94' title="bbox 232 4781 1837 4867">
    <p class='ocr_par' dir='ltr' id='par_1_94' title="bbox 232 4781 1837 4867">
     <span class='ocr_line' id='line_1_94' title="bbox 232 4781 1837 4867; baseline -0.009 -20"><span class='ocrx_word' id='word_1_681' title='bbox 232 4796 456 4867; x_wconf 83' lang='grc' dir='ltr'>τέχνην,</span> <span class='ocrx_word' id='word_1_682' title='bbox 525 4792 679 4860; x_wconf 73' lang='grc' dir='ltr'>ἅπερ</span> <span class='ocrx_word' id='word_1_683' title='bbox 728 4788 976 4860; x_wconf 82' lang='grc' dir='ltr'>ἀλλήλων</span> <span class='ocrx_word' id='word_1_684' title='bbox 1026 4784 1320 4857; x_wconf 82' lang='grc' dir='ltr'>παραπολὺ</span> <span class='ocrx_word' id='word_1_685' title='bbox 1374 4782 1677 4854; x_wconf 83' lang='grc' dir='ltr'>διενήνοχε.</span> <span class='ocrx_word' id='word_1_686' title='bbox 1725 4781 1837 4851; x_wconf 83' lang='grc' dir='ltr'><strong>Τὴν</strong></span> 
     </span>
    </p>
   </div>
   <div class='ocr_carea' id='block_1_95' title="bbox 238 4871 1838 4958">
    <p class='ocr_par' dir='ltr' id='par_1_95' title="bbox 238 4871 1838 4958">
     <span class='ocr_line' id='line_1_95' title="bbox 238 4871 1838 4958; baseline -0.011 -15"><span class='ocrx_word' id='word_1_687' title='bbox 238 4887 334 4957; x_wconf 70' lang='grc' dir='ltr'>μὲν</span> <span class='ocrx_word' id='word_1_688' title='bbox 355 4887 472 4958; x_wconf 78' lang='grc' dir='ltr'>γὰρ</span> <span class='ocrx_word' id='word_1_689' title='bbox 490 4884 663 4956; x_wconf 73' lang='grc' dir='ltr'>φύσιν</span> <span class='ocrx_word' id='word_1_690' title='bbox 680 4885 710 4937; x_wconf 85' lang='grc' dir='ltr'><strong>ὁ</strong></span> <span class='ocrx_word' id='word_1_691' title='bbox 737 4878 1084 4953; x_wconf 83' lang='grc' dir='ltr'>Δημιουργδς</span> <span class='ocrx_word' id='word_1_692' title='bbox 1131 4879 1233 4945; x_wconf 66' lang='grc' dir='ltr'>καὶ</span> <span class='ocrx_word' id='word_1_693' title='bbox 1281 4875 1536 4958; x_wconf 81' lang='grc' dir='ltr'>τεχνίτης</span> <span class='ocrx_word' id='word_1_694' title='bbox 1567 4872 1676 4927; x_wconf 85' lang='grc' dir='ltr'><strong>τῶν</strong></span> <span class='ocrx_word' id='word_1_695' title='bbox 1701 4871 1838 4925; x_wconf 83' lang='grc' dir='ltr'>ὅλων</span> 
     </span>
    </p>
   </div>
   <div class='ocr_carea' id='block_1_96' title="bbox 236 4956 1839 5050">
    <p class='ocr_par' dir='ltr' id='par_1_96' title="bbox 236 4956 1839 5050">
     <span class='ocr_line' id='line_1_96' title="bbox 236 4956 1839 5050; baseline -0.01 -18"><span class='ocrx_word' id='word_1_696' title='bbox 236 4956 297 5032; x_wconf 65' lang='grc' dir='ltr'>ἐκ</span> <span class='ocrx_word' id='word_1_697' title='bbox 330 4979 410 5050; x_wconf 81' lang='grc' dir='ltr'><strong>μὴ</strong></span> <span class='ocrx_word' id='word_1_698' title='bbox 438 4956 609 5038; x_wconf 67' lang='grc' dir='ltr'>ϐντος</span> <span class='ocrx_word' id='word_1_699' title='bbox 642 4974 725 5037; x_wconf 85' lang='grc' dir='ltr'><strong>είς</strong></span> <span class='ocrx_word' id='word_1_700' title='bbox 777 4973 840 5027; x_wconf 82' lang='grc' dir='ltr'><strong>τὸ</strong></span> <span class='ocrx_word' id='word_1_701' title='bbox 871 4966 1017 5027; x_wconf 78' lang='grc' dir='ltr'>εἶναι</span> <span class='ocrx_word' id='word_1_702' title='bbox 1048 4970 1344 5041; x_wconf 86' lang='grc' dir='ltr'>παρήγαγε</span> <span class='ocrx_word' id='word_1_703' title='bbox 1367 4956 1522 5030; x_wconf 71' lang='grc' dir='ltr'>ὸεός.</span> <span class='ocrx_word' id='word_1_704' title='bbox 1564 4965 1631 5018; x_wconf 86' lang='grc' dir='ltr'><strong>Ἦ</strong></span> <span class='ocrx_word' id='word_1_705' title='bbox 1665 4963 1723 5018; x_wconf 82' lang='grc' dir='ltr'>δὲ</span> <span class='ocrx_word' id='word_1_706' title='bbox 1746 4964 1839 5017; x_wconf 83' lang='grc' dir='ltr'><strong>τέ-</strong></span> 
     </span>
    </p>
   </div>
   <div class='ocr_carea' id='block_1_97' title="bbox 235 5053 1834 5143">
    <p class='ocr_par' dir='ltr' id='par_1_97' title="bbox 235 5053 1834 5143">
     <span class='ocr_line' id='line_1_97' title="bbox 235 5053 1834 5143; baseline -0.008 -20"><span class='ocrx_word' id='word_1_707' title='bbox 235 5088 335 5143; x_wconf 83' lang='grc' dir='ltr'>χνη</span> <span class='ocrx_word' id='word_1_708' title='bbox 372 5072 645 5143; x_wconf 83' lang='grc' dir='ltr'>μιμεῖται</span> <span class='ocrx_word' id='word_1_709' title='bbox 669 5066 772 5137; x_wconf 80' lang='grc' dir='ltr'>τὴν</span> <span class='ocrx_word' id='word_1_710' title='bbox 825 5065 1015 5137; x_wconf 81' lang='grc' dir='ltr'>φύσιν,</span> <span class='ocrx_word' id='word_1_711' title='bbox 1057 5064 1158 5117; x_wconf 83' lang='grc' dir='ltr'><strong>οὐκ</strong></span> <span class='ocrx_word' id='word_1_712' title='bbox 1191 5059 1334 5133; x_wconf 83' lang='grc' dir='ltr'>αὐτὴ</span> <span class='ocrx_word' id='word_1_713' title='bbox 1366 5059 1552 5130; x_wconf 84' lang='grc' dir='ltr'>ἐκείνη</span> <span class='ocrx_word' id='word_1_714' title='bbox 1586 5074 1652 5127; x_wconf 90' lang='grc' dir='ltr'><strong>γε</strong></span> <span class='ocrx_word' id='word_1_715' title='bbox 1678 5053 1834 5121; x_wconf 80' lang='grc' dir='ltr'>οὖσα,</span> 
     </span>
    </p>
   </div>
   <div class='ocr_carea' id='block_1_98' title="bbox 237 5150 1840 5234">
    <p class='ocr_par' dir='ltr' id='par_1_98' title="bbox 237 5150 1840 5234">
     <span class='ocr_line' id='line_1_98' title="bbox 237 5150 1840 5234; baseline -0.011 -15"><span class='ocrx_word' id='word_1_716' title='bbox 237 5165 374 5219; x_wconf 78' lang='grc' dir='ltr'>ἀλλὰ</span> <span class='ocrx_word' id='word_1_717' title='bbox 405 5164 474 5217; x_wconf 80' lang='grc' dir='ltr'><strong>τὸ</strong></span> <span class='ocrx_word' id='word_1_718' title='bbox 493 5160 734 5234; x_wconf 83' lang='grc' dir='ltr'>φυσικδν</span> <span class='ocrx_word' id='word_1_719' title='bbox 754 5157 897 5222; x_wconf 86' lang='grc' dir='ltr'>εἶδος</span> <span class='ocrx_word' id='word_1_720' title='bbox 917 5158 994 5223; x_wconf 82' lang='grc' dir='ltr'>ὡς</span> <span class='ocrx_word' id='word_1_721' title='bbox 1032 5155 1392 5228; x_wconf 82' lang='grc' dir='ltr'>παράδειγμα</span> <span class='ocrx_word' id='word_1_722' title='bbox 1424 5153 1522 5207; x_wconf 78' lang='grc' dir='ltr'>καὶ</span> <span class='ocrx_word' id='word_1_723' title='bbox 1550 5150 1840 5223; x_wconf 75' lang='grc' dir='ltr'>πρωτότο-</span> 
     </span>
    </p>
   </div>
   <div class='ocr_carea' id='block_1_99' title="bbox 238 5238 1834 5326">
    <p class='ocr_par' dir='ltr' id='par_1_99' title="bbox 238 5238 1834 5326">
     <span class='ocr_line' id='line_1_99' title="bbox 238 5238 1834 5326; baseline -0.01 -16"><span class='ocrx_word' id='word_1_724' title='bbox 238 5271 337 5310; x_wconf 79' lang='grc' dir='ltr'><strong>πον</strong></span> <span class='ocrx_word' id='word_1_725' title='bbox 364 5238 799 5326; x_wconf 71' lang='grc' dir='ltr'>παραλάϐοῦσα,</span> <span class='ocrx_word' id='word_1_726' title='bbox 829 5248 1008 5312; x_wconf 77' lang='grc' dir='ltr'>ἐοικός</span> <span class='ocrx_word' id='word_1_727' title='bbox 1035 5267 1088 5303; x_wconf 93' lang='grc' dir='ltr'><strong>τι</strong></span> <span class='ocrx_word' id='word_1_728' title='bbox 1115 5247 1211 5302; x_wconf 73' lang='grc' dir='ltr'><strong>καὶ</strong></span> <span class='ocrx_word' id='word_1_729' title='bbox 1252 5247 1440 5316; x_wconf 79' lang='grc' dir='ltr'>ὅμοιον</span> <span class='ocrx_word' id='word_1_730' title='bbox 1483 5243 1834 5306; x_wconf 81' lang='grc' dir='ltr'>ἀπετέλεσεν,</span> 
     </span>
    </p>
   </div>
   <div class='ocr_carea' id='block_1_100' title="bbox 237 5327 1840 5410">
    <p class='ocr_par' dir='ltr' id='par_1_100' title="bbox 237 5327 1840 5410">
     <span class='ocr_line' id='line_1_100' title="bbox 237 5327 1840 5410; baseline -0.011 -7"><span class='ocrx_word' id='word_1_731' title='bbox 237 5347 312 5410; x_wconf 76' lang='grc' dir='ltr'>ὡς</span> <span class='ocrx_word' id='word_1_732' title='bbox 343 5345 505 5402; x_wconf 73' lang='grc' dir='ltr'>ἔστιν</span> <span class='ocrx_word' id='word_1_733' title='bbox 532 5342 631 5399; x_wconf 61' lang='grc' dir='ltr'>ἐπὶ</span> <span class='ocrx_word' id='word_1_734' title='bbox 652 5342 919 5397; x_wconf 85' lang='grc' dir='ltr'>πλειόνων</span> <span class='ocrx_word' id='word_1_735' title='bbox 948 5327 1255 5395; x_wconf 64' lang='grc' dir='ltr'>τοῦτοῖδεῖν</span> <span class='ocrx_word' id='word_1_736' title='bbox 1276 5337 1577 5408; x_wconf 85' lang='grc' dir='ltr'>τεχνητῶν.</span> <span class='ocrx_word' id='word_1_737' title='bbox 1606 5334 1840 5387; x_wconf 76' lang='grc' dir='ltr'>Ἔπειτα</span> 
     </span>
    </p>
   </div>
   <div class='ocr_carea' id='block_1_101' title="bbox 236 5425 1837 5504">
    <p class='ocr_par' dir='ltr' id='par_1_101' title="bbox 236 5425 1837 5504">
     <span class='ocr_line' id='line_1_101' title="bbox 236 5425 1837 5504; baseline -0.011 -10"><span class='ocrx_word' id='word_1_738' title='bbox 236 5437 296 5493; x_wconf 66' lang='grc' dir='ltr'>δὲ</span> <span class='ocrx_word' id='word_1_739' title='bbox 322 5436 422 5493; x_wconf 86' lang='grc' dir='ltr'><strong>τοῦ</strong></span> <span class='ocrx_word' id='word_1_740' title='bbox 458 5436 682 5499; x_wconf 70' lang='grc' dir='ltr'>εἰκότος</span> <span class='ocrx_word' id='word_1_741' title='bbox 707 5435 804 5489; x_wconf 72' lang='grc' dir='ltr'>καὶ</span> <span class='ocrx_word' id='word_1_742' title='bbox 829 5433 929 5488; x_wconf 88' lang='grc' dir='ltr'><strong>νῦν</strong></span> <span class='ocrx_word' id='word_1_743' title='bbox 950 5432 1362 5504; x_wconf 84' lang='grc' dir='ltr'>παρενήνεκται</span> <span class='ocrx_word' id='word_1_744' title='bbox 1392 5425 1680 5500; x_wconf 79' lang='grc' dir='ltr'>λογισμοῦ,</span> <span class='ocrx_word' id='word_1_745' title='bbox 1713 5425 1837 5479; x_wconf 86' lang='grc' dir='ltr'>κατ’</span> 
     </span>
    </p>
   </div>
   <div class='ocr_carea' id='block_1_102' title="bbox 240 5517 1842 5598">
    <p class='ocr_par' dir='ltr' id='par_1_102' title="bbox 240 5517 1842 5598">
     <span class='ocr_line' id='line_1_102' title="bbox 240 5517 1842 5598; baseline -0.011 -11"><span class='ocrx_word' id='word_1_746' title='bbox 240 5530 399 5586; x_wconf 65' lang='grc' dir='ltr'>οὐδὲν</span> <span class='ocrx_word' id='word_1_747' title='bbox 421 5526 718 5598; x_wconf 74' lang='grc' dir='ltr'>διαφέρειν</span> <span class='ocrx_word' id='word_1_748' title='bbox 745 5525 841 5580; x_wconf 88' lang='grc' dir='ltr'><strong>τοῦ</strong></span> <span class='ocrx_word' id='word_1_749' title='bbox 877 5524 1088 5596; x_wconf 80' lang='grc' dir='ltr'>ἀψύχου</span> <span class='ocrx_word' id='word_1_750' title='bbox 1110 5524 1172 5577; x_wconf 77' lang='grc' dir='ltr'>τὸ</span> <span class='ocrx_word' id='word_1_751' title='bbox 1206 5522 1449 5593; x_wconf 80' lang='grc' dir='ltr'>ἔμψυχον</span> <span class='ocrx_word' id='word_1_752' title='bbox 1480 5517 1842 5590; x_wconf 80' lang='grc' dir='ltr'>καθοριξόμε-</span> 
     </span>
    </p>
   </div>
   <div class='ocr_carea' id='block_1_103' title="bbox 243 5614 1840 5692">
    <p class='ocr_par' dir='ltr' id='par_1_103' title="bbox 243 5614 1840 5692">
     <span class='ocr_line' id='line_1_103' title="bbox 243 5614 1840 5692; baseline -0.011 -9"><span class='ocrx_word' id='word_1_753' title='bbox 243 5638 359 5691; x_wconf 76' lang='grc' dir='ltr'>νος,</span> <span class='ocrx_word' id='word_1_754' title='bbox 387 5622 512 5681; x_wconf 81' lang='grc' dir='ltr'>ἀλλ’</span> <span class='ocrx_word' id='word_1_755' title='bbox 578 5617 720 5676; x_wconf 75' lang='grc' dir='ltr'>εἶναι</span> <span class='ocrx_word' id='word_1_756' title='bbox 762 5621 932 5692; x_wconf 74' lang='grc' dir='ltr'>ἄμφω</span> <span class='ocrx_word' id='word_1_757' title='bbox 974 5619 1275 5690; x_wconf 81' lang='grc' dir='ltr'>όμοούσια·</span> <span class='ocrx_word' id='word_1_758' title='bbox 1344 5616 1536 5686; x_wconf 80' lang='grc' dir='ltr'>ἐπειδὴ</span> <span class='ocrx_word' id='word_1_759' title='bbox 1577 5616 1655 5680; x_wconf 83' lang='grc' dir='ltr'>ὡς</span> <span class='ocrx_word' id='word_1_760' title='bbox 1706 5614 1840 5684; x_wconf 80' lang='grc' dir='ltr'>φέρε</span> 
     </span>
    </p>
   </div>
   <div class='ocr_carea' id='block_1_104' title="bbox 247 5701 1840 5785">
    <p class='ocr_par' dir='ltr' id='par_1_104' title="bbox 247 5701 1840 5785">
     <span class='ocr_line' id='line_1_104' title="bbox 247 5701 1840 5785; baseline -0.009 -15"><span class='ocrx_word' id='word_1_761' title='bbox 247 5715 427 5770; x_wconf 70' lang='grc' dir='ltr'>εἰπεῖν</span> <span class='ocrx_word' id='word_1_762' title='bbox 482 5715 517 5768; x_wconf 82' lang='grc' dir='ltr'><strong>ὁ</strong></span> <span class='ocrx_word' id='word_1_763' title='bbox 575 5701 868 5785; x_wconf 79' lang='grc' dir='ltr'>ἄνθρωπος</span> <span class='ocrx_word' id='word_1_764' title='bbox 925 5710 1191 5783; x_wconf 75' lang='grc' dir='ltr'>ἔμψυχον,</span> <span class='ocrx_word' id='word_1_765' title='bbox 1226 5710 1309 5763; x_wconf 79' lang='grc' dir='ltr'><strong>δεῖ</strong></span> <span class='ocrx_word' id='word_1_766' title='bbox 1354 5709 1449 5763; x_wconf 74' lang='grc' dir='ltr'>καὶ</span> <span class='ocrx_word' id='word_1_767' title='bbox 1488 5708 1588 5779; x_wconf 75' lang='grc' dir='ltr'>τὴν</span> <span class='ocrx_word' id='word_1_768' title='bbox 1646 5705 1840 5759; x_wconf 64' lang='grc' dir='ltr'>τούτου</span> 
     </span>
    </p>
   </div>
   <div class='ocr_carea' id='block_1_105' title="bbox 249 5794 1841 5874">
    <p class='ocr_par' dir='ltr' id='par_1_105' title="bbox 249 5794 1841 5874">
     <span class='ocr_line' id='line_1_105' title="bbox 249 5794 1841 5874; baseline -0.008 -18"><span class='ocrx_word' id='word_1_769' title='bbox 249 5799 440 5858; x_wconf 71' lang='grc' dir='ltr'>εἰκόνα</span> <span class='ocrx_word' id='word_1_770' title='bbox 471 5800 724 5874; x_wconf 68' lang='grc' dir='ltr'>ἔμψυχον</span> <span class='ocrx_word' id='word_1_771' title='bbox 759 5794 920 5869; x_wconf 71' lang='grc' dir='ltr'>εἶναι,</span> <span class='ocrx_word' id='word_1_772' title='bbox 947 5801 1042 5853; x_wconf 76' lang='grc' dir='ltr'>καὶ</span> <span class='ocrx_word' id='word_1_773' title='bbox 1067 5799 1129 5852; x_wconf 77' lang='grc' dir='ltr'>τὸ</span> <span class='ocrx_word' id='word_1_774' title='bbox 1156 5796 1504 5867; x_wconf 74' lang='grc' dir='ltr'>ἀπείκασμα,</span> <span class='ocrx_word' id='word_1_775' title='bbox 1533 5795 1627 5848; x_wconf 70' lang='grc' dir='ltr'>καὶ</span> <span class='ocrx_word' id='word_1_776' title='bbox 1661 5795 1770 5848; x_wconf 76' lang='grc' dir='ltr'><strong>ἀπα</strong></span> <span class='ocrx_word' id='word_1_777' title='bbox 1784 5809 1841 5863; x_wconf 88' lang='grc' dir='ltr'>ρ-</span> 
     </span>
    </p>
   </div>
   <div class='ocr_carea' id='block_1_106' title="bbox 1937 4578 3517 4653">
    <p class='ocr_par' dir='ltr' id='par_1_106' title="bbox 1937 4578 3517 4653">
     <span class='ocr_line' id='line_1_106' title="bbox 1937 4578 3517 4653; baseline -0.004 -16"><span class='ocrx_word' id='word_1_778' title='bbox 1937 4596 2061 4637; x_wconf 90' lang='lat' dir='ltr'><strong>esse</strong></span> <span class='ocrx_word' id='word_1_779' title='bbox 2092 4592 2378 4653; x_wconf 83' lang='lat' dir='ltr'><strong>prototypo</strong></span> <span class='ocrx_word' id='word_1_780' title='bbox 2398 4583 2422 4635; x_wconf 70' lang='grc' dir='ltr'>ἲ</span> <span class='ocrx_word' id='word_1_781' title='bbox 2443 4581 2626 4636; x_wconf 86' lang='lat' dir='ltr'><strong>Primo</strong></span> <span class='ocrx_word' id='word_1_782' title='bbox 2653 4581 2796 4636; x_wconf 88' lang='lat' dir='ltr'><strong>enim</strong></span> <span class='ocrx_word' id='word_1_783' title='bbox 2829 4580 3150 4646; x_wconf 90' lang='lat' dir='ltr'><strong>errat,dum</strong></span> <span class='ocrx_word' id='word_1_784' title='bbox 3178 4579 3401 4648; x_wconf 82' lang='lat' dir='ltr'><strong>perinde</strong></span> <span class='ocrx_word' id='word_1_785' title='bbox 3423 4578 3517 4632; x_wconf 82' lang='lat' dir='ltr'><strong>ha-</strong></span> 
     </span>
    </p>
   </div>
   <div class='ocr_carea' id='block_1_107' title="bbox 1938 4673 3527 4743">
    <p class='ocr_par' dir='ltr' id='par_1_107' title="bbox 1938 4673 3527 4743">
     <span class='ocr_line' id='line_1_107' title="bbox 1938 4673 3527 4743; baseline -0.003 -12"><span class='ocrx_word' id='word_1_786' title='bbox 1938 4676 2029 4731; x_wconf 89' lang='lat' dir='ltr'><strong>bet</strong></span> <span class='ocrx_word' id='word_1_787' title='bbox 2051 4676 2414 4729; x_wconf 75' lang='lat' dir='ltr'><strong>substantiam</strong></span> <span class='ocrx_word' id='word_1_788' title='bbox 2453 4685 2618 4743; x_wconf 86' lang='lat' dir='ltr'><strong>atque</strong></span> <span class='ocrx_word' id='word_1_789' title='bbox 2657 4682 2863 4740; x_wconf 90' lang='lat' dir='ltr'><strong>artem,</strong></span> <span class='ocrx_word' id='word_1_790' title='bbox 2889 4688 3009 4743; x_wconf 72' lang='lat' dir='ltr'><strong>qua:</strong></span> <span class='ocrx_word' id='word_1_791' title='bbox 3036 4673 3269 4727; x_wconf 81' lang='lat' dir='ltr'><strong>invicem</strong></span> <span class='ocrx_word' id='word_1_792' title='bbox 3302 4686 3527 4742; x_wconf 83' lang='lat' dir='ltr'><strong>magno-</strong></span> 
     </span>
    </p>
   </div>
   <div class='ocr_carea' id='block_1_108' title="bbox 1941 4762 3527 4838">
    <p class='ocr_par' dir='ltr' id='par_1_108' title="bbox 1941 4762 3527 4838">
     <span class='ocr_line' id='line_1_108' title="bbox 1941 4762 3527 4838; baseline -0.001 -17"><span class='ocrx_word' id='word_1_793' title='bbox 1941 4782 2068 4838; x_wconf 85' lang='lat' dir='ltr'><strong>pere</strong></span> <span class='ocrx_word' id='word_1_794' title='bbox 2139 4767 2416 4822; x_wconf 85' lang='lat' dir='ltr'><strong>diﬁ‘erunt.</strong></span> <span class='ocrx_word' id='word_1_795' title='bbox 2474 4765 2611 4820; x_wconf 84' lang='lat' dir='ltr'><strong>Nam</strong></span> <span class='ocrx_word' id='word_1_796' title='bbox 2662 4773 2880 4820; x_wconf 85' lang='lat' dir='ltr'><strong>creator</strong></span> <span class='ocrx_word' id='word_1_797' title='bbox 2926 4764 3282 4833; x_wconf 89' lang='lat' dir='ltr'><strong>omniumque</strong></span> <span class='ocrx_word' id='word_1_798' title='bbox 3343 4762 3527 4832; x_wconf 77' lang='lat' dir='ltr'><strong>opifex</strong></span> 
     </span>
    </p>
   </div>
   <div class='ocr_carea' id='block_1_109' title="bbox 1942 4855 3528 4923">
    <p class='ocr_par' dir='ltr' id='par_1_109' title="bbox 1942 4855 3528 4923">
     <span class='ocr_line' id='line_1_109' title="bbox 1942 4855 3528 4923; baseline -0.004 -9"><span class='ocrx_word' id='word_1_799' title='bbox 1942 4861 2084 4914; x_wconf 89' lang='lat' dir='ltr'><strong>Deus</strong></span> <span class='ocrx_word' id='word_1_800' title='bbox 2107 4870 2354 4913; x_wconf 86' lang='lat' dir='ltr'><strong>naturam</strong></span> <span class='ocrx_word' id='word_1_801' title='bbox 2385 4874 2450 4913; x_wconf 79' lang='lat' dir='ltr'><strong>ex</strong></span> <span class='ocrx_word' id='word_1_802' title='bbox 2482 4875 2587 4912; x_wconf 92' lang='lat' dir='ltr'><strong>non</strong></span> <span class='ocrx_word' id='word_1_803' title='bbox 2612 4866 2865 4913; x_wconf 80' lang='lat' dir='ltr'><strong>exstante</strong></span> <span class='ocrx_word' id='word_1_804' title='bbox 2897 4857 2964 4910; x_wconf 91' lang='lat' dir='ltr'><strong>ad</strong></span> <span class='ocrx_word' id='word_1_805' title='bbox 2982 4855 3356 4923; x_wconf 78' lang='lat' dir='ltr'><strong>exsistendum</strong></span> <span class='ocrx_word' id='word_1_806' title='bbox 3401 4870 3528 4923; x_wconf 85' lang='lat' dir='ltr'><strong>pro-</strong></span> 
     </span>
    </p>
   </div>
   <div class='ocr_carea' id='block_1_110' title="bbox 1943 4945 3523 5013">
    <p class='ocr_par' dir='ltr' id='par_1_110' title="bbox 1943 4945 3523 5013">
     <span class='ocr_line' id='line_1_110' title="bbox 1943 4945 3523 5013; baseline -0.006 -7"><span class='ocrx_word' id='word_1_807' title='bbox 1943 4951 2113 5006; x_wconf 78' lang='lat' dir='ltr'><strong>duxit.</strong></span> <span class='ocrx_word' id='word_1_808' title='bbox 2143 4950 2247 5004; x_wconf 80' lang='lat' dir='ltr'><strong>Ars</strong></span> <span class='ocrx_word' id='word_1_809' title='bbox 2272 4958 2683 5004; x_wconf 80' lang='lat' dir='ltr'><strong>vero‘naturam</strong></span> <span class='ocrx_word' id='word_1_810' title='bbox 2719 4949 2987 5011; x_wconf 89' lang='lat' dir='ltr'><strong>imitatur,</strong></span> <span class='ocrx_word' id='word_1_811' title='bbox 3029 4962 3139 5001; x_wconf 91' lang='lat' dir='ltr'><strong>non</strong></span> <span class='ocrx_word' id='word_1_812' title='bbox 3177 4953 3358 5001; x_wconf 85' lang='lat' dir='ltr'><strong>autem</strong></span> <span class='ocrx_word' id='word_1_813' title='bbox 3407 4945 3523 5013; x_wconf 87' lang='lat' dir='ltr'><strong>ipsa</strong></span> 
     </span>
    </p>
   </div>
   <div class='ocr_carea' id='block_1_111' title="bbox 1944 5041 3524 5111">
    <p class='ocr_par' dir='ltr' id='par_1_111' title="bbox 1944 5041 3524 5111">
     <span class='ocr_line' id='line_1_111' title="bbox 1944 5041 3524 5111; baseline -0.008 -10"><span class='ocrx_word' id='word_1_814' title='bbox 1944 5056 2135 5101; x_wconf 87' lang='lat' dir='ltr'><strong>natura</strong></span> <span class='ocrx_word' id='word_1_815' title='bbox 2160 5052 2262 5108; x_wconf 88' lang='lat' dir='ltr'><strong>est,</strong></span> <span class='ocrx_word' id='word_1_816' title='bbox 2294 5043 2390 5096; x_wconf 88' lang='lat' dir='ltr'><strong>sed</strong></span> <span class='ocrx_word' id='word_1_817' title='bbox 2425 5042 2728 5098; x_wconf 87' lang='lat' dir='ltr'><strong>naturalem</strong></span> <span class='ocrx_word' id='word_1_818' title='bbox 2761 5041 3022 5111; x_wconf 88' lang='lat' dir='ltr'><strong>speciem.</strong></span> <span class='ocrx_word' id='word_1_819' title='bbox 3052 5049 3307 5107; x_wconf 84' lang='lat' dir='ltr'><strong>tanquam</strong></span> <span class='ocrx_word' id='word_1_820' title='bbox 3334 5050 3524 5091; x_wconf 80' lang='lat' dir='ltr'><strong>exem-</strong></span> 
     </span>
    </p>
   </div>
   <div class='ocr_carea' id='block_1_112' title="bbox 1944 5126 3525 5208">
    <p class='ocr_par' dir='ltr' id='par_1_112' title="bbox 1944 5126 3525 5208">
     <span class='ocr_line' id='line_1_112' title="bbox 1944 5126 3525 5208; baseline -0.005 -20"><span class='ocrx_word' id='word_1_821' title='bbox 1944 5138 2061 5208; x_wconf 86' lang='lat' dir='ltr'><strong>plar</strong></span> <span class='ocrx_word' id='word_1_822' title='bbox 2103 5146 2559 5205; x_wconf 78' lang='lat' dir='ltr'><strong>prototypnmqne</strong></span> <span class='ocrx_word' id='word_1_823' title='bbox 2586 5147 2895 5197; x_wconf 85' lang='lat' dir='ltr'><strong>assumens,</strong></span> <span class='ocrx_word' id='word_1_824' title='bbox 2927 5146 3025 5200; x_wconf 89' lang='lat' dir='ltr'><strong>par</strong></span> <span class='ocrx_word' id='word_1_825' title='bbox 3049 5130 3320 5199; x_wconf 85' lang='lat' dir='ltr'><strong>quiddam</strong></span> <span class='ocrx_word' id='word_1_826' title='bbox 3339 5140 3405 5181; x_wconf 89' lang='lat' dir='ltr'><strong>ac</strong></span> <span class='ocrx_word' id='word_1_827' title='bbox 3449 5126 3525 5180; x_wconf 81' lang='lat' dir='ltr'><strong>si-</strong></span> 
     </span>
    </p>
   </div>
   <div class='ocr_carea' id='block_1_113' title="bbox 1942 5219 3520 5297">
    <p class='ocr_par' dir='ltr' id='par_1_113' title="bbox 1942 5219 3520 5297">
     <span class='ocr_line' id='line_1_113' title="bbox 1942 5219 3520 5297; baseline -0.009 -13"><span class='ocrx_word' id='word_1_828' title='bbox 1942 5230 2070 5285; x_wconf 88' lang='lat' dir='ltr'><strong>mile</strong></span> <span class='ocrx_word' id='word_1_829' title='bbox 2102 5226 2266 5294; x_wconf 81' lang='lat' dir='ltr'><strong>facit,</strong></span> <span class='ocrx_word' id='word_1_830' title='bbox 2316 5229 2460 5297; x_wconf 90' lang='lat' dir='ltr'><strong>quod</strong></span> <span class='ocrx_word' id='word_1_831' title='bbox 2524 5227 2576 5280; x_wconf 94' lang='lat' dir='ltr'><strong>in</strong></span> <span class='ocrx_word' id='word_1_832' title='bbox 2634 5224 2878 5295; x_wconf 88' lang='lat' dir='ltr'><strong>pluribus</strong></span> <span class='ocrx_word' id='word_1_833' title='bbox 2922 5222 3155 5293; x_wconf 88' lang='lat' dir='ltr'><strong>opiﬁciis</strong></span> <span class='ocrx_word' id='word_1_834' title='bbox 3192 5219 3373 5273; x_wconf 78' lang='lat' dir='ltr'><strong>videre</strong></span> <span class='ocrx_word' id='word_1_835' title='bbox 3415 5225 3520 5271; x_wconf 88' lang='lat' dir='ltr'><strong>est.</strong></span> 
     </span>
    </p>
   </div>
   <div class='ocr_carea' id='block_1_114' title="bbox 1948 5310 3521 5388">
    <p class='ocr_par' dir='ltr' id='par_1_114' title="bbox 1948 5310 3521 5388">
     <span class='ocr_line' id='line_1_114' title="bbox 1948 5310 3521 5388; baseline -0.008 -11"><span class='ocrx_word' id='word_1_836' title='bbox 1948 5323 2076 5378; x_wconf 89' lang='lat' dir='ltr'><strong>Dein</strong></span> <span class='ocrx_word' id='word_1_837' title='bbox 2104 5336 2249 5375; x_wconf 89' lang='lat' dir='ltr'><strong>nunc</strong></span> <span class='ocrx_word' id='word_1_838' title='bbox 2288 5334 2506 5388; x_wconf 89' lang='lat' dir='ltr'><strong>quoque</strong></span> <span class='ocrx_word' id='word_1_839' title='bbox 2547 5318 2829 5372; x_wconf 76' lang='lat' dir='ltr'><strong>Mamonas</strong></span> <span class='ocrx_word' id='word_1_840' title='bbox 2856 5314 3045 5386; x_wconf 87' lang='lat' dir='ltr'><strong>procul</strong></span> <span class='ocrx_word' id='word_1_841' title='bbox 3082 5329 3239 5382; x_wconf 45' lang='lat' dir='ltr'><strong>atquo</strong></span> <span class='ocrx_word' id='word_1_842' title='bbox 3295 5310 3521 5364; x_wconf 84' lang='lat' dir='ltr'><strong>ratioci-</strong></span> 
     </span>
    </p>
   </div>
   <div class='ocr_carea' id='block_1_115' title="bbox 1945 5403 3523 5484">
    <p class='ocr_par' dir='ltr' id='par_1_115' title="bbox 1945 5403 3523 5484">
     <span class='ocr_line' id='line_1_115' title="bbox 1945 5403 3523 5484; baseline -0.008 -15"><span class='ocrx_word' id='word_1_843' title='bbox 1945 5416 2034 5469; x_wconf 91' lang='lat' dir='ltr'><strong>nio</strong></span> <span class='ocrx_word' id='word_1_844' title='bbox 2061 5426 2311 5484; x_wconf 86' lang='lat' dir='ltr'><strong>vagatur,</strong></span> <span class='ocrx_word' id='word_1_845' title='bbox 2338 5411 2466 5465; x_wconf 91' lang='lat' dir='ltr'><strong>dum</strong></span> <span class='ocrx_word' id='word_1_846' title='bbox 2498 5411 2570 5465; x_wconf 89' lang='lat' dir='ltr'><strong>nil</strong></span> <span class='ocrx_word' id='word_1_847' title='bbox 2610 5410 2831 5466; x_wconf 74' lang='lat' dir='ltr'><strong>diﬁerre</strong></span> <span class='ocrx_word' id='word_1_848' title='bbox 2871 5406 3109 5462; x_wconf 84' lang='lat' dir='ltr'><strong>iuanime</strong></span> <span class='ocrx_word' id='word_1_849' title='bbox 3156 5404 3225 5458; x_wconf 87' lang='lat' dir='ltr'><strong>ab</strong></span> <span class='ocrx_word' id='word_1_850' title='bbox 3257 5403 3523 5466; x_wconf 76' lang='lat' dir='ltr'><strong>animato,</strong></span> 
     </span>
    </p>
   </div>
   <div class='ocr_carea' id='block_1_116' title="bbox 1944 5495 3529 5568">
    <p class='ocr_par' dir='ltr' id='par_1_116' title="bbox 1944 5495 3529 5568">
     <span class='ocr_line' id='line_1_116' title="bbox 1944 5495 3529 5568; baseline -0.011 -4"><span class='ocrx_word' id='word_1_851' title='bbox 1944 5510 2038 5564; x_wconf 89' lang='lat' dir='ltr'><strong>sed</strong></span> <span class='ocrx_word' id='word_1_852' title='bbox 2062 5509 2223 5562; x_wconf 87' lang='lat' dir='ltr'><strong>ambo</strong></span> <span class='ocrx_word' id='word_1_853' title='bbox 2257 5518 2381 5559; x_wconf 89' lang='lat' dir='ltr'><strong>esse</strong></span> <span class='ocrx_word' id='word_1_854' title='bbox 2428 5499 2941 5568; x_wconf 59' lang='lat' dir='ltr'><strong>consubstantialia,</strong></span> <span class='ocrx_word' id='word_1_855' title='bbox 2979 5497 3197 5561; x_wconf 84' lang='lat' dir='ltr'><strong>deﬁnit;</strong></span> <span class='ocrx_word' id='word_1_856' title='bbox 3246 5495 3529 5565; x_wconf 86' lang='lat' dir='ltr'><strong>quoniam,</strong></span> 
     </span>
    </p>
   </div>
   <div class='ocr_carea' id='block_1_117' title="bbox 1947 5585 3530 5668">
    <p class='ocr_par' dir='ltr' id='par_1_117' title="bbox 1947 5585 3530 5668">
     <span class='ocr_line' id='line_1_117' title="bbox 1947 5585 3530 5668; baseline -0.009 -15"><span class='ocrx_word' id='word_1_857' title='bbox 1947 5600 2095 5654; x_wconf 83' lang='lat' dir='ltr'><strong>verbi</strong></span> <span class='ocrx_word' id='word_1_858' title='bbox 2131 5599 2328 5668; x_wconf 78' lang='lat' dir='ltr'><strong>gratia,</strong></span> <span class='ocrx_word' id='word_1_859' title='bbox 2378 5598 2422 5651; x_wconf 88' lang='lat' dir='ltr'><strong>si</strong></span> <span class='ocrx_word' id='word_1_860' title='bbox 2474 5595 2637 5651; x_wconf 81' lang='lat' dir='ltr'><strong>homo</strong></span> <span class='ocrx_word' id='word_1_861' title='bbox 2664 5592 2940 5646; x_wconf 82' lang='lat' dir='ltr'><strong>animatus</strong></span> <span class='ocrx_word' id='word_1_862' title='bbox 2970 5595 3073 5651; x_wconf 83' lang='lat' dir='ltr'><strong>est,</strong></span> <span class='ocrx_word' id='word_1_863' title='bbox 3110 5585 3271 5656; x_wconf 83' lang='lat' dir='ltr'><strong>hujus</strong></span> <span class='ocrx_word' id='word_1_864' title='bbox 3313 5598 3530 5654; x_wconf 80' lang='lat' dir='ltr'><strong>quoque</strong></span> 
     </span>
    </p>
   </div>
   <div class='ocr_carea' id='block_1_118' title="bbox 1949 5675 3533 5761">
    <p class='ocr_par' dir='ltr' id='par_1_118' title="bbox 1949 5675 3533 5761">
     <span class='ocr_line' id='line_1_118' title="bbox 1949 5675 3533 5761; baseline -0.013 -14"><span class='ocrx_word' id='word_1_865' title='bbox 1949 5693 2241 5761; x_wconf 75' lang='lat' dir='ltr'><strong>imaginem</strong></span> <span class='ocrx_word' id='word_1_866' title='bbox 2286 5691 2579 5744; x_wconf 89' lang='lat' dir='ltr'><strong>animatam</strong></span> <span class='ocrx_word' id='word_1_867' title='bbox 2622 5699 2746 5739; x_wconf 85' lang='lat' dir='ltr'><strong>esse</strong></span> <span class='ocrx_word' id='word_1_868' title='bbox 2773 5690 3048 5752; x_wconf 88' lang='lat' dir='ltr'><strong>oporteat,</strong></span> <span class='ocrx_word' id='word_1_869' title='bbox 3098 5679 3335 5749; x_wconf 78' lang='lat' dir='ltr'><strong>itemque</strong></span> <span class='ocrx_word' id='word_1_870' title='bbox 3366 5675 3533 5731; x_wconf 80' lang='lat' dir='ltr'><strong>sintu-</strong></span> 
     </span>
    </p>
   </div>
   <div class='ocr_carea' id='block_1_119' title="bbox 1949 5767 3524 5853">
    <p class='ocr_par' dir='ltr' id='par_1_119' title="bbox 1949 5767 3524 5853">
     <span class='ocr_line' id='line_1_119' title="bbox 1949 5767 3524 5853; baseline -0.013 -13"><span class='ocrx_word' id='word_1_871' title='bbox 1949 5787 2191 5853; x_wconf 86' lang='lat' dir='ltr'><strong>lacrnm;</strong></span> <span class='ocrx_word' id='word_1_872' title='bbox 2223 5785 2297 5839; x_wconf 88' lang='lat' dir='ltr'><strong>ita</strong></span> <span class='ocrx_word' id='word_1_873' title='bbox 2328 5792 2383 5838; x_wconf 91' lang='lat' dir='ltr'><strong>ut</strong></span> <span class='ocrx_word' id='word_1_874' title='bbox 2415 5779 2622 5837; x_wconf 84' lang='lat' dir='ltr'><strong>colores</strong></span> <span class='ocrx_word' id='word_1_875' title='bbox 2652 5787 2709 5834; x_wconf 90' lang='lat' dir='ltr'><strong>et</strong></span> <span class='ocrx_word' id='word_1_876' title='bbox 2731 5775 2935 5847; x_wconf 83' lang='lat' dir='ltr'><strong>reliqua</strong></span> <span class='ocrx_word' id='word_1_877' title='bbox 2980 5771 3205 5829; x_wconf 83' lang='lat' dir='ltr'><strong>materia</strong></span> <span class='ocrx_word' id='word_1_878' title='bbox 3250 5767 3524 5837; x_wconf 80' lang='lat' dir='ltr'><strong>inanimis,</strong></span> 
     </span>
    </p>
   </div>
  </div>
