3978 6488
467 382 573 446 227

1501 380 1562 439 S.
1607 378 2027 441 NICEPHORI
2068 376 2572 438 PATRIARCIlrE
2611 375 2720 434 (ΣΡ.

3649 377 3747 437 $23

469 508 533 547 ex
561 492 756 563 quibus
802 490 983 560 imago
1028 496 1268 552 constat,
1303 490 1368 542 ab
1418 490 1655 545 hominis
1706 501 1899 545 natura
1943 506 2047 543 non

2169 487 2433 551 ιλλόικτως
2490 487 2636 556 ἔχειν
2663 485 2732 539 τά
2760 501 2819 538 τε
2848 483 3115 555 χρώματα
3153 485 3244 538 καὶ
3272 485 3379 556 τὴν
3417 485 3591 556 ἀλλην
3622 488 3747 559 ὓλην

471 585 742 651 uiderant.
778 583 1073 653 Oporterct
1095 592 1299 648 autem,
1338 583 1638 637 secundum
1687 583 1828 637 idem
1882 581 2052 635 ratio-

469 678 695 741 cinium,
722 686 778 731 nt
797 693 886 732 res
902 688 1133 745 utraque
1146 676 1394 730 eamdem
1419 676 1638 730 baheret
1660 674 2053 738 deﬁnitionem,

483 780 646 839 atque
675 771 923 824 eamdem
950 776 1271 841 sequeretur
1291 766 1835 821 consubstantialinm
1871 765 2058 818 condi-

474 864 713 917 tionem:
749 875 942 930 nempe
972 871 1027 913 ut
1051 861 1212 913 homo
1241 858 1465 912 relative
1496 859 1558 910 ad
1592 858 1756 910 alium
1784 858 2055 911 hominem

473 952 573 1004 sub
614 950 860 1004 eamdem
908 950 1053 1004 cadit
1091 949 1462 1003 deﬁnitionem
1490 988 1503 1010 ,
1534 949 1605 999 ita
1650 956 1706 1000 et
1748 948 1942 1014 ligura.
1993 947 2059 1000 Et

477 1040 734 1108 quoniam
774 1040 934 1094 homo
956 1038 1260 1093 estanimal
1289 1037 1578 1101 rationale,
1615 1038 1864 1099 mortale,
1908 1051 2060 1090 men-

481 1134 546 1186 tis
579 1140 633 1185 et
658 1131 900 1185 scicntia:
936 1147 1102 1201 caan
1127 1173 1139 1195 ,
1176 1131 1467 1198 imaginem
1503 1129 1706 1199 pariter
1738 1144 1871 1197 opus
1922 1129 2060 1183 foret

482 1223 748 1277 ratiunnle
782 1222 981 1277 animal
1010 1237 1152 1284 esse,
1188 1222 1434 1282 mortale,
1467 1221 1665 1274 tuentis
1708 1221 2061 1288 scientiteque

476 1331 668 1383 capax,
694 1314 948 1382 nullaque
971 1329 1027 1367 re
1047 1313 1328 1368 diderens.
1359 1312 1522 1380 Atqui
1545 1312 1658 1365 ﬁeri
1692 1328 1796 1365 non
1823 1326 1977 1381 posse
2004 1320 2061 1365 ut

476 1408 579 1459 ulla
609 1406 912 1460 similitudo
958 1414 1128 1459 totam
1187 1404 1520 1458 adamnssim
1570 1413 1824 1472 exarquet
1860 1404 2062 1457 verita-

478 1504 608 1555 tem,
636 1493 753 1560 ipsa
803 1493 1005 1546 veritas
1036 1492 1270 1545 ailirmnt
1307 1505 1429 1544 cum
1456 1491 1820 1544 summatibus
1850 1490 2061 1543 theolo-

477 1586 561 1651 gis
591 1584 726 1653 (18).
767 1584 880 1638 lmo
908 1584 1072 1636 etiam
1123 1598 1249 1636 vere
1281 1582 1479 1635 dicitur
1526 1580 1689 1636 homo
1741 1582 1854 1651 ipse
1900 1598 1928 1634 ιι
1979 1596 2065 1634 se-

492 1685 603 1728 met
632 1673 878 1738 differre,
909 1690 972 1728 ex
997 1673 1226 1727 diversis
1256 1673 1468 1726 naturis
1513 1682 1773 1726 constans
1797 1710 1812 1735 ,
1861 1671 2060 1735 anima,

481 1769 729 1837 inquam,
755 1777 809 1820 et
832 1781 1102 1833 corpore;
1138 1765 1351 1818 etiamsi
1382 1780 1548 1818 unum
1576 1766 1705 1833 quid
1738 1779 1802 1817 ex
1836 1766 1918 1819 his
1966 1779 2062 1817 ex-

2156 578 2256 647 τὴν
2284 578 2490 647 ἄψυχον
2520 576 2580 643 ἐξ
2610 569 2685 629 ὧν
2722 577 2753 645 ἠ
2790 573 2953 628 εἰκὼν
2999 574 3332 646 συνέστηκε,
3363 575 3513 648 πρὸς
3540 577 3638 646 τὴν
3665 580 3750 631 ἁν-

2158 668 2382 737 θρώπου
2420 668 2604 737 φύσιν.
2638 665 2841 737 Ἐχρῆν
2862 666 2942 731 δὲ,
2974 665 3117 719 κατὰ
3155 667 3246 720 τὸν
3273 658 3537 722 τοιοῗὲτον
3573 669 3749 737 λόγον,

2158 762 2254 815 καὶ
2279 762 2650 814 ἐπικοινωνεῖν
2676 759 2754 829 τῷ
2779 758 2994 830 ὁρισμῷ
3017 759 3453 831 ἀμφότερα,καὶ
3472 760 3567 813 τὸν
3595 762 3749 814 αὐτὸν

2160 852 2472 917 ἀποσώζειν
2488 854 2647 921 λόγον
2669 850 2780 904 τῶν
2797 852 2824 904 6
2832 854 3105 921 μοουσίων
3128 867 3143 883 ο
3169 846 3281 905 οἷον
3300 850 3509 922 ὥσπερ
3543 852 3752 923 ἄνθρω-

2160 961 2259 1008 πος
2317 947 2457 1015 πρὸς
2491 942 2781 1013 ἄνθρωπον
2840 941 2919 1013 τῷ
2953 941 3105 1011 αύτῷ
3154 943 3266 1013 ὅρῳ
3319 942 3748 1006 ὑποπεπτωκεν,

2160 1037 2303 1090 οὕτω
2331 1038 2426 1090 καὶ
2457 1036 2518 1088 τὺ
2543 1035 2868 1105 ἀπείκασμα
2890 1049 2903 1063 ⁸
2931 1034 3024 1087 καί
3052 1035 3099 1086 εξ
3124 1036 3151 1087 ό
3180 1034 3486 1105 ἄνθρωπος
3517 1034 3753 1099 {Bovia-

2160 1130 2337 1199 γικδν,
2372 1127 2590 1198 θνητὸν,
2613 1125 2711 1180 νοῦ
2745 1125 2842 1181 καὶ
2874 1127 3191 1197 ἐπιστήμης
3215 1125 3507 1190 δεκτικὸν,
3545 1127 3640 1179 καὶ
3662 1142 3753 1198 την

2162 1223 2347 1275 εἰκόνα
2400 1220 2539 1285 ζῶον
2588 1219 2832 1288 λογικὸν,
2875 1217 3091 1287 θνητὴν,
3124 1217 3232 1270 »νοῦ
3279 1218 3382 1271 καὶ
3444 1219 3752 1288 ἐπιστήμης

2160 1313 2409 1366 δεκτικὸν
2457 1312 2723 1373 ὡσαύτως
2781 1307 2943 1370 εἶναι.
3005 1308 3177 1380 μηδὲν
3227 1308 3746 1379 παραλλὰσσουσαν.

2175 1405 2314 1458 Ἀλλ’
2341 1405 2438 1473 οὐχ
2458 1399 2570 1456 οἷόν
2588 1419 2649 1455 τε
2670 1402 2775 1457 τῶν
2799 1402 3171 1472 είκαζομένων
3193 1401 3354 1454 οὐδὲν
3411 1402 3558 1472 πρὸς
3585 1403 3752 1457 πᾶσαν

2162 1496 2493 1561 ἐξικνεῖσθαι
2542 1494 2802 1562 καθαρῶς
2846 1495 2946 1564 τὴν
2978 1493 3266 1563 ἀλήθειαν,
3314 1494 3349 1563 ἠ
3401 1493 3642 1565 ἀλήθεια
3670 1493 3749 1563 βε-

2164 1590 2329 1647 ϐαιοῖ,
2357 1590 2450 1641 καὶ
2469 1586 2576 1639 τῶν
2604 1587 2871 1654 θεολόγων
2898 1588 2948 1637 oi
2983 1585 3247 1654 ἔκκριτοι.
3286 1585 3403 1637 Καὶ
3433 1587 3464 1637 6
3498 1584 3602 1653 μὲν
3630 1585 3749 1655 ἀλη·

2166 1680 2264 1749 θὴς
2302 1680 2459 1747 λόγος
2491 1679 2583 1731 καὶ
2614 1677 2707 1730 τὸν
2755 1676 3044 1747 ἄνθρωπον
3101 1675 3266 1728 αὑτὸν
3332 1673 3543 1728 ἑαυτοῦ
3577 1673 3751 1743 διαφέ-

2169 1785 2285 1839 ρειν
2314 1764 2474 1832 οἶδεν,
2499 1767 2558 1831 ἐξ
2585 1765 2898 1837 ὲτεροφυῶν
2925 1764 3259 1826 συνεστῶτα,
3286 1765 3480 1834 ψυχῆς
3499 1764 3643 1834 λέγω
3665 1767 3750 1819 καὶ

481 1861 627 1913 sistit
652 1860 813 1911 homo
848 1876 860 1910 :
899 1866 1132 1926 utraque
1164 1858 1308 1910 enim
1346 1871 1431 1933 res
1456 1857 1734 1925 propriam
1766 1855 1936 1910 habet
1978 1857 2065 1907 dc-

2169 1835 2444 1931 σώματος,
2473 1862 2523 1913 εί
2550 1860 2645 1914 καὶ
2673 1835 2732 1913 ’ἐν
2761 1876 2813 1912 τι
2847 1862 2911 1912 ὲκ
2954 1858 3163 1911 τούτων
3191 1861 3219 1911 6
3264 1859 3575 1930 ἄνθρωπος
3593 1876 3607 1889 ·
3633 1859 3749 1913 ἑκά·

482 1952 779 2005 linitionem
806 1967 821 2014 ;
853 1963 1087 2018 namque
1123 1948 1227 2001 alia
1255 1960 1339 2001 est
1375 1949 1571 2001 animm
1611 1948 1771 2014 ratio,
1806 1947 1908 2000 alia
1944 1962 2065 2000 ror-

481 2042 651 2111 poris,
674 2056 795 2095 cum
820 2039 1147 2094 dill'ercntiis
1179 2038 1425 2108 pluribus
1456 2047 1619 2107 atque
1659 2037 2060 2092 accidentibus.

484 2135 687 2189 Sumus
719 2133 917 2201 quippe
955 2147 1054 2185 nos
1081 2132 1390 2201 compositi,
1428 2130 1536 2185 imo
1580 2140 1634 2185 et
1671 2131 1903 2200 oppositi
1954 2138 2065 2183 tum

483 2226 642 2279 nobis
669 2223 801 2293 ipsis
835 2233 945 2276 tum
980 2222 1100 2277 aliis
1138 2223 1373 2276 invicem
1410 2222 1743 2276 hominibus.
1790 2222 2067 2275 Mamonas

485 2329 664 2371 autem
696 2329 762 2368 ne
781 2313 1077 2368 simulacra
1110 2309 1330 2382 Quidem
1362 2313 1431 2366 ab
1463 2313 1529 2367 iis
1574 2327 1632 2366 re
1664 2312 1795 2377 ulla,
1834 2326 2063 2381 quorum

484 2406 938 2469 suntsin:nl.tcra,
972 2403 1195 2460 diﬂ‘erre
1216 2407 1464 2475 putabat,
1500 2404 1592 2460 sed
1630 2406 1875 2460 eamdem
1903 2418 2068 2473 atque

484 2497 594 2571 24
621 2499 732 2564 illa,
765 2513 882 2566 qua:
911 2506 1326 2567 reprtesentant,
1359 2497 1594 2552 retinere
1620 2507 1874 2551 naturam
1902 2506 2067 2567 atque

487 2590 870 2644 substantiam.
901 2590 1156 2643 Attamen
1183 2588 1274 2657 qui
1307 2587 1425 2641 ﬁeri
1459 2595 1637 2658 potest
1663 2601 1723 2642 ut
1774 2588 1951 2658 imago
1980 2589 2064 2643 di-

487 2691 643 2733 catur
670 2679 751 2733 vel
779 2680 1156 2745 simulacrum,
1186 2679 1293 2733 nisi
1328 2679 1600 2733 diversam
1643 2678 1840 2734 habeat
1880 2694 1909 2734 a
1938 2695 2066 2750 pro-

489 2784 670 2844 tntypo
696 2787 793 2827 suo
828 2771 1115 2826 naturam?
1144 2772 1226 2827 Ab
1250 2772 1421 2836 omni,
1469 2771 1636 2840 igitur
1692 2772 1920 2827 veritate
1980 2787 2066 2827 se-

489 2865 737 2934 jungitur
776 2864 861 2918 hic
898 2862 1355 2931 sapientissimus,
1380 2871 1544 2930 atque
1584 2878 1613 2916 a
1647 2878 1826 2917 rerum
1861 2863 2064 2918 intelli-

488 2955 667 3024 gentia
709 2954 1027 3023 longissime
1071 2955 1244 3008 abest.
1301 2953 1376 3006 En
1411 2952 1553 3007 aliud
1591 2953 1811 3021 insuper
1850 2954 1994 3023 quod
2034 2968 2063 3007 a

488 3047 646 3102 nobis
678 3047 804 3101 huic
830 3047 933 3100 dici
966 3060 1177 3115 aequum
1228 3054 1349 3100 est:
1385 3059 1578 3114 nempe
1605 3046 1804 3111 nescis,
1857 3059 1889 3099 ο
1917 3045 2065 3099 colu-

490 3154 613 3193 men
650 3139 1095 3208 philosophorum
1118 3178 1134 3204 ,
1188 3149 1238 3192 te
1285 3138 1504 3193 tuismet
1550 3138 1890 3207 argumentis
1923 3137 2065 3192 irre-
2092 3178 2135 3236 ο

486 3230 577 3285 tiri
620 3250 634 3284 :
677 3230 801 3299 quia
836 3230 1005 3296 enim,
1038 3239 1096 3282 ut
1128 3237 1183 3282 tu
1209 3229 1325 3291 ais,
1362 3229 1886 3285 consubstantialem
1929 3229 2065 3283 ima-

487 3318 668 3387 ginem
697 3331 819 3372 esse
842 3327 1127 3387 prot0typo
1156 3326 1401 3386 oportet,
1440 3318 1729 3387 imaginem
1760 3327 1939 3373 autem
1962 3321 2068 3373 cir-

488 3407 879 3477 cumscriptam
929 3423 1052 3463 esse
1076 3420 1131 3463 tu
1167 3423 1382 3489 quoque
1419 3409 1683 3465 concedes
1708 3414 1907 3479 (neque
1929 3412 2069 3480 quis-

490 3515 651 3569 quam
675 3502 810 3555 adeo
836 3501 1091 3565 insaniet,
1119 3512 1175 3554 ut
1201 3502 1303 3555 hoc
1332 3500 1534 3573 neget),
1570 3504 1817 3571 sequitur
1852 3511 1912 3557 ut
1944 3518 2068 3573 pro-

493 3602 735 3663 totypum
784 3608 1038 3662 quoque,
1078 3604 1261 3664 utpote
1302 3596 1799 3661 consubstantiale,
1831 3598 2067 3651 circum—

490 3685 758 3755 scriptum
786 3687 878 3739 sit.
905 3685 1039 3738 Nam
1062 3686 1548 3742 consubstantialia
1577 3687 1798 3743 differre
1825 3689 1965 3743 inter
1988 3703 2065 3753 se,

490 3775 633 3843 quod
665 3776 729 3829 nd
766 3777 1125 3832 substantiam
1154 3778 1383 3844 attinet,
1418 3793 1642 3848 prorsus
1690 3788 1773 3834 est
1818 3779 2072 3849 impossi-

493 3865 597 3919 bile
642 3881 655 3918 :
691 3866 1129 3936 quandoquidem
1173 3876 1228 3922 tu
1272 3882 1489 3937 quoque
1516 3869 1983 3938 circumscriptum
2018 3877 2072 3924 et

491 3959 1020 4028 incircumscriptmn
1074 3959 1129 4013 in
1183 3960 1505 4014 substantiae
1569 3959 1779 4014 ratione
1822 3974 2072 4030 compre-

493 4051 709 4105 hendis.
738 4048 794 4103 Si
827 4065 958 4121 ergo
1012 4051 1154 4121 apud
1199 4059 1252 4106 te
1304 4052 1496 4120 dogma
1532 4053 1779 4116 steterit,
1818 4053 2069 4106 machina

491 4154 583 4195 tua
631 4142 938 4212 disjicitnr,
989 4150 1043 4197 et
1091 4152 1410 4214 argumenta
1453 4150 1772 4199 sternuntur
1825 4142 2071 4198 veritatis

492 4229 676 4293 funda,
712 4231 989 4301 armiSque
1016 4231 1138 4287 aliis
1166 4232 1340 4288 valide
1370 4241 1698 4302 expugnata.
1750 4230 1962 4301 Reapse
1992 4244 2073 4287 ta-

491 4324 621 4375 lium
672 4324 1058 4390 magistrorum
1106 4323 1314 4380 similes
1372 4340 1498 4382 esse
1539 4329 1820 4397 opportuit
1853 4338 2073 4383 exortes

492 4431 638 4471 nunc
687 4416 1016 4487 discipulos!
1053 4414 1270 4474 Talium
1309 4427 1456 4486 sunt,
1508 4419 1752 4489 inquam,
1816 4434 2071 4474 arvorum

2165 1972 2325 2025 τερον
2354 1954 2464 2025 γὰρ
2489 1955 2580 2006 τὸν
2607 1954 2805 2006 οἰκεῖον
2838 1951 2964 2021 ὅρον
2997 1951 3342 2021 ἀποφέρεται
3368 1965 3383 1979 ·
3422 1950 3588 2013 ἄλλος
3610 1949 3747 2019 γάρὸ

2166 2046 2265 2115 τῆς
2293 2045 2471 2115 ψυχῆς
2498 2042 2676 2112 λόγος,
2709 2043 2805 2097 καὶ
2832 2044 2862 2096 6
2893 2043 2985 2096 τοῦ
3031 2042 3286 2113 σώματος
3310 2042 3534 2112 ἔτερος,
3572 2042 3746 2111 διαφο-

2169 2139 2292 2207 ραῖς
2349 2135 2406 2189 δὲ
2455 2137 2550 2188 καὶ
2598 2135 2977 2205 συμϐεϐηκόσι
3032 2134 3271 2193 πλείοσι,
3332 2130 3597 2186 Σύνθετοι
3648 2133 3745 2202 γὰρ

2166 2230 2350 2297 ἡμεῖς,
2383 2226 2518 2280 ἀλλά
2544 2228 2639 2281 καὶ
2661 2226 2931 2280 ἀντίθετοι
2975 2227 3067 2278 καὶ
3097 2226 3317 2287 ἑαυτοῖς
3347 2223 3447 2277 καὶ
3480 2223 3741 2293 ἀλλήλοις.

2179 2321 2237 2373 '0
2267 2320 2324 2372 δὲ
2356 2319 2477 2373 οὐδὲ
2514 2319 2584 2372 τὰ
2617 2318 3008 2388 ἀπεικάσματα
3046 2317 3191 2372 κατά
3219 2333 3271 2369 τι
3342 2313 3480 2384 γοῦν
3529 2314 3634 2369 τῶν
3670 2307 3739 2366 ὧν

2165 2412 2304 2464 εἰσιν
2382 2410 2776 2479 ἀπεικάσματα
2852 2407 3263 2478 παραλλάσσειν
3328 2407 3525 2475 ἡγεῖτο
3556 2445 3570 2468 ,
3641 2400 3747 2459 tm."

2164 2499 2483 2570 ἀκραιφνῶς
2509 2497 2819 2561 ἀποσώζειν
2847 2498 2986 2569 πρὸς
3011 2497 3079 2550 τά
3106 2496 3535 2564 ἀπεικαζόμενα
3549 2494 3610 2547 τὸ
3629 2497 3744 2564 ὁμο-

2167 2593 2300 2663 φυὲς
2340 2592 2435 2645 καὶ
2467 2590 2754 2661 όμοούσιον
2776 2606 2790 2621 ο
2820 2588 2938 2653 πῶς
2963 2589 3010 2642 δ’
3053 2590 3118 2643 ἂν
3140 2588 3221 2642 ἔτι
3262 2590 3439 2641 εἰκὼν
3476 2589 3573 2640 καὶ
3595 2588 3740 2641 ἀπεί·

2166 2702 2355 2755 κασμα
2377 2682 2616 2753 λεχθείη,
2650 2683 2701 2734 εἰ
2733 2681 2808 2752 μὴ
2836 2682 2897 2735 τὸ
2948 2681 3208 2744 ἀπεοικὸς
3243 2680 3364 2751 ἔχει
3418 2678 3497 2750 τῷ
3531 2679 3739 2749 ἑτεροίῳ

2165 2778 2276 2832 τῶν
2302 2778 2554 2846 φύσεων;
2598 2776 2974 2848 Ἀπέρρηκται
3005 2771 3099 2828 οὖν
3129 2774 3313 2844 πάντη
3350 2773 3454 2842 τῆς
3495 2770 3739 2842 ἀληθείας

2165 2874 2194 2924 6
2220 2870 2552 2940 σοφώτατος,
2590 2869 2685 2921 καὶ
2719 2869 2909 2938 πόρρω
2957 2882 3061 2919 που
3112 2866 3213 2936 τῆς
3261 2865 3377 2919 τῶν
3412 2862 3740 2935 πραγμάτων

2167 2958 2524 3030 καταλήψεως
2549 2957 2974 3012 ἀποπέπτωκεν.
3009 2956 3195 3021 Ἀξιον
3222 2957 3283 3009 δὲ
3305 2957 3406 3011 καὶ
3434 2954 3594 3009 τοῦτο
3615 2953 3737 3024 πρὸς

2168 3054 2330 3108 αὑτὸν
2368 3054 2575 3106 εἰπεῖν’
2607 3052 2691 3105 ὅτι
2713 3051 2961 3122 Λέληθας
2998 3050 3224 3104 σεαυτὸν
3251 3048 3560 3116 κάνταῦθα,
3590 3041 3634 3102 ὦ
3661 3064 3739 3115 φι-

2167 3133 2534 3217 λοσοφώτατε,
2584 3148 2700 3208 τοῖς
2733 3143 2959 3208 οἰκείοις
3004 3144 3358 3216 περιπίπτων
3390 3142 3743 3213 ἐπιχειρήμα-

2171 3258 2255 3296 σιν
2277 3257 2291 3268 ·
2316 3238 2505 3311 ἐπειδὴ
2526 3239 2658 3308 γὰρ,
2685 3238 2826 3291 κατά
2855 3236 2948 3290 τὸν
2975 3235 3067 3289 σὺν
3096 3235 3277 3312 λόγον,
3297 3234 3595 3306 ὁμοούσιον
3613 3227 3740 3284 εἰναι

2167 3331 2249 3383 δεῖ
2281 3331 2382 3400 τὴν
2411 3329 2600 3381 εἰκόνα.
2632 3326 2711 3397 τῷ
2761 3324 3124 3398 πρωτοτύπῳ,
3155 3328 3188 3394 ή
3230 3326 3288 3379 δὲ
3323 3324 3496 3379 εἰκὼν
3537 3324 3616 3376 ὅτι
3656 3339 3741 3373 πε-

2171 3422 2449 3497 ριγραπτὴ
2483 3421 2792 3492 συμφήσεις
2824 3421 3041 3482 παντως
3069 3418 3163 3472 καί¹
3215 3418 3407 3485 αὐτὸς,
3445 3418 3508 3471 ού
3554 3420 3657 3486 γὰρ
3684 3414 3741 3467 ἂν

2170 3515 2312 3569 σ’ύτω
2348 3514 2544 3585 μανείη
2565 3529 2648 3574 τις
2681 3511 2756 3581 μὴ
2785 3509 2908 3581 οὐχὶ
2936 3510 3111 3573 οὕτως
3155 3508 3301 3579 ἔχειν
3348 3509 3526 3564 ταῦτα
3568 3507 3738 3577 φάναι,

2171 3606 2326 3660 ἔσται
2353 3606 2448 3658 καὶ
2474 3605 2535 3657 τὸ
2565 3605 2923 3675 πρωτότυπον
2942 3601 3320 3673 περιγραπτὸν
3341 3600 3422 3664 ὡς
3447 3601 3737 3670 ὁμοούσιον.

2171 3696 2251 3749 Τά
2279 3696 2389 3765 γὰρ
2426 3691 2685 3764 ὁμοούσια
2715 3692 2995 3764 διαφέρειν
3025 3692 3298 3763 ἀλλήλων,
3326 3693 3457 3745 ὅσον
3499 3688 3635 3743 κατά
3660 3688 3741 3739 τὸν

2170 3788 2270 3858 τῆς
2300 3787 2492 3849 οὐσίας
2522 3784 2703 3854 λόγον,
2735 3783 2988 3854 οὐδαμῶς
3013 3778 3125 3837 οἷόν
3149 3784 3209 3836 τέ
3232 3786 3386 3837 ἐστιν
3416 3801 3429 3815 ’
3471 3781 3631 3849 ἡνίκα
3660 3778 3742 3831 καὶ

2172 3878 2335 3941 αὐτὸς
2366 3877 2427 3930 τὸ
2451 3876 2833 3948 περιγραπτδν
2863 3877 2958 3929 καὶ
2979 3876 3404 3946 ἀπερίγραπτον
3433 3877 3514 3937 εἰς
3541 3872 3628 3925 τδν
3654 3869 3743 3936 τῆς

2171 3968 2360 4032 οὐσίας
2417 3967 2880 4040 παραλαμϐάνεις
2926 3967 3105 4036 λόγον.
3164 3965 3233 4019 Εἴ
3260 3983 3346 4020 σοι
3387 3962 3481 4020 οὖν
3537 3963 3602 4016 τά
3658 3959 3739 4013 τοῦ

2171 4060 2445 4131 δόγματος
2493 4061 2774 4130 στήσεται,
2823 4057 3239 4128 κατέστραπταί
3266 4074 3363 4110 σου
3425 4058 3458 4127 ή
3518 4049 3738 4124 μηχανὴν

2171 4149 2271 4204 καὶ
2304 4148 2661 4203 καταλέλυται
2703 4149 2773 4203 τὰ
2816 4149 3201 4219 ὲγχειρήματα
3251 4148 3318 4216 τῇ
3356 4143 3614 4216 σφενδόνῃ
3652 4140 3740 4205 τῆς

2173 4238 2437 4309 ἀληθείας
2472 4239 2712 4301 καὶτοῖς
2752 4237 2939 4299 ὅπλοις
2989 4233 3270 4305 κρπαιῶς
3317 4228 3735 4302 ἐκπορθούμενα.

2178 4334 2386 4392 Ὄντως
2407 4329 2514 4383 εδει
2538 4327 2802 4382 τοιούτων
2819 4326 3161 4398 διδασκάλων
3208 4324 3488 4387 τοιούτους
3508 4311 3641 4373 εἶναι
3657 4313 3739 4398 καὶ

2175 4421 2301 4483 τοὺς
2335 4418 2430 4473 νῦν
2453 4416 2839 4488 ἁνακύψαντας
2858 4414 3146 4486 φοιτητὰς,
3178 4414 3273 4467 καὶ
3302 4410 3562 4466 τοιούτων
3599 4403 3655 4467 ἐξ
3673 4394 3736 4454 ὧν

493 4510 738 4577 fructus,
769 4523 833 4562 ex
881 4510 1040 4566 malis
1073 4510 1330 4579 pessimi,
1359 4524 1424 4564 ex
1460 4511 1709 4580 turpibus
1747 4511 2067 4579 turpissimi.

2177 4513 2344 4582 ὃμοια
2396 4511 2466 4564 τὰ
2508 4507 2779 4579 γεώργια.
2830 4506 3020 4561 κακῶν
3073 4506 3314 4560 κάκιστα
3367 4504 3464 4558 καὶ
3518 4493 3737 4566 αἰσχρῶν

563 4712 652 4765 l7.
688 4711 878 4766 Adhuc
938 4713 990 4767 in
1048 4712 1236 4765 eadem
1283 4720 1485 4774 mente,
1534 4712 1638 4778 vel,
1691 4720 1749 4765 ιιι
1776 4710 1962 4766 verius
1995 4710 2072 4765 di-

492 4810 896 4875 cam,amentia
961 4823 1321 4879 perseverans
1356 4809 1527 4861 dicit:
1562 4825 1580 4857 ι
1621 4804 1694 4861 Ut
1740 4816 1911 4861 totum
1950 4819 2069 4860 ser-

494 4912 691 4967 vetur;
724 4900 926 4970 alioqui
975 4914 1043 4954 ne
1074 4900 1251 4969 imago
1277 4898 1518 4966 quidem.
1559 4915 1579 4949 ι
1634 4896 1690 4950 1ιΙ
1737 4910 1953 4966 quoque
2002 4899 2070 4951 ab

492 4994 704 5051 insania
735 4993 853 5062 ejus
889 5001 975 5047 est
1013 5000 1178 5060 atque
1205 4989 1543 5058 stnpiditate.
1584 4985 1716 5040 Nam
1744 4985 1832 5054 qui
1881 5000 2068 5041 sanam

490 5096 546 5140 et
577 5085 842 5154 integram
867 5091 1105 5138 mentem
1135 5080 1357 5145 habent,
1391 5090 1443 5133 et
1474 5078 1727 5148 loquendi
1788 5077 2072 5131 rectitudi-

495 5191 617 5230 ncm
648 5174 908 5240 retinent,
944 5158 1277 5227 contrarium
1310 5170 1492 5239 potius
1520 5169 1721 5233 dicent,
1754 5168 1895 5237 quod
1920 5167 1962 5220 si
1991 5178 2076 5220 to-

494 5277 604 5319 tum
647 5276 839 5332 nempe
866 5267 1135 5322 servatur,
1168 5259 1308 5313 haud
1336 5256 1450 5326 jam
1483 5258 1660 5330 imago
1687 5264 1788 5321 est,
1818 5254 1916 5310 sed
1945 5254 2074 5308 illud

494 5352 666 5420 ipsum
692 5352 835 5421 quod
872 5349 1136 5419 ﬁguratur
1179 5362 1195 5399 :
1225 5359 1461 5415 namque
1500 5346 1617 5399 hcce
1645 5345 1828 5414 specie
1869 5352 2075 5397 tantum

496 5456 604 5496 una
632 5442 931 5509 eademque
960 5453 1046 5494 res
1078 5438 1353 5498 videntur,
1399 5450 1505 5489 non
1535 5434 1783 5503 sbbjecto
1820 5451 1834 5487 :
1874 5432 2073 5487 Manio-

498 5548 599 5589 uas
627 5543 806 5587 autem
831 5533 1023 5596 credit,
1057 5530 1159 5585 nisi
1191 5531 1366 5598 imago
1401 5527 1638 5583 animata
1674 5526 1743 5581 sit
1773 5535 1829 5579 ct
1860 5526 2079 5593 proprio

2179 4603 2436 4671 αἴσχιστα

2254 4694 2339 4757 ιζ’·
2380 4692 2501 4744 Ἔτι
2533 4690 2630 4760 τῆς
2663 4690 2834 4761 αὐτῆς
2868 4689 3104 4753 ἑννοίας,
3160 4688 3193 4758 ἢ
3240 4686 3430 4749 ἀνοίας
3481 4679 3644 4734 εἰπεῖν
3665 4673 3735 4761 διε

2180 4785 2489 4852 καιότερον,
2514 4758 2774 4852 ὲχόμενός
2792 4758 2987 4851 φησιν·
3023 4798 3041 4831 ι
3074 4780 3194 4832 Ἵνα
3218 4778 3278 4831 τὸ
3304 4777 3425 4830 ὅλον
3452 4770 3614 4840 σωθῇ,
3632 4758 3736 4815 ἐπεὶ

2179 4875 2308 4930 οὐδὲ
2334 4851 2517 4929 εἰκών.
2611 4851 2724 4944 Τῆς
2758 4872 2969 4926 ἐκείνου
2996 4871 3171 4925 ταῦτα
3198 4866 3506 4939 παρανοίας
3532 4860 3618 4912 καὶ
3647 4851 3737 4919 τῆἶ

2179 4967 2510 5039 παχύτητος.
2542 4966 2606 5019 Οἱ
2635 4967 2745 5037 γὰρ
2779 4965 2911 5032 ὑγιᾶ
2946 4963 3045 5033 τὴν
3074 4963 3246 5034 φρένα
3276 4956 3621 5030 κεκτημένοι,
3650 4944 3735 5039 Xa}

2181 5064 2371 5132 ἄρτιον
2406 5060 2502 5112 καὶ
2527 5059 2589 5112 τὸ
2615 5060 2673 5111 ὲν
2703 5058 2885 5125 λόγοις
2915 5056 3133 5127 καίριον
3160 5042 3539 5132 διαᾷώξοντες,
3562 5047 3622 5099 ὲκ
3651 5053 3733 5092 του

2183 5128 2430 5209 ἐναντίου
2462 5152 2699 5223 φήσουσι
2728 5149 2952 5222 μᾶλλον,
2975 5149 3058 5201 ὅτι
3089 5150 3138 5200 εί
3168 5147 3229 5200 τὸ
3257 5128 3380 5200 δλον
3410 5136 3732 5198 διασώζεται.

2185 5246 2305 5300 οὐδὲ
2329 5245 2515 5307 εἰκὼν,
2545 5244 2665 5298 ἀλλ’
2707 5242 2843 5298 αὐτὸ
2876 5242 3057 5296 ἐκεῖνό
3082 5242 3204 5294 ἐστι.
3231 5239 3294 5293 τὸ
3333 5228 3731 5297 εἰκόνιζόμενον.

2186 5335 2267 5403 οἷς
2294 5338 2355 5391 τὸ
2390 5336 2589 5391 ταύτὸν
2626 5336 2758 5389 εἴδει
2793 5335 2976 5404 μόνον,
3035 5334 3152 5387 ἀλλ’
3209 5332 3269 5386 οὺ
3304 5330 3382 5401 τῷ
3418 5314 3732 5389 ὑποκειμένῳ

2178 5433 2541 5502 ἐμφαίνεται.
2585 5428 2676 5499 Τῷ
2698 5429 2753 5482 δὲ
2790 5428 3125 5498 ὑπείληπται
3154 5425 3230 5489 ὡς
3265 5428 3314 5479 εἰ
3354 5424 3427 5494 μὴ
3455 5416 3546 5474 καὶ
3581 5406 3734 5502 ibi?“

2186 5541 2279 5593 χον
2324 5524 2409 5593 εἴη
2464 5524 2559 5576 καὶ
2613 5521 2991 5590 αὐτοκίνητον,
3033 5518 3130 5573 καὶ
3160 5519 3262 5571 ὃσα
3310 5514 3404 5568 τοῦ
3454 5497 3730 5581 ἀρχετύπου

566 5738 679 5809 (18)
718 5735 1342 5809 lntclligitNicephorus
1376 5734 1786 5809 Nazianzeuum
1852 5737 1992 5793 orat,
2027 5725 2067 5778 ‘2

2169 5725 2268 5781 ll:
2348 5725 2604 5797 Μηδεμία
2652 5723 2818 5779 εἰκὼν
2878 5724 3072 5793 φθάνει
3134 5722 3271 5793 πρὸς
3321 5720 3418 5789 τὴν
3473 5705 3765 5777 diﬁcatum.

497 5807 848 5875 untia'imago
880 5807 1149 5859 veritatem
1177 5807 1496 5876 assequitur.
