3978 6468
259 392 372 458 229

1010 390 1643 456 ANTIRRHETICUS
1688 396 1711 455 I
1751 396 1919 458 ADV.
1961 395 2559 460 CONSTANTINUM
2592 400 2805 463 COPR.

3440 421 3547 487 230

258 505 389 560 οὐδὲ
416 499 608 557 εἰκών.
648 501 719 556 Εἰ
749 501 808 555 δὲ
836 499 1010 556 ταῦτα
1031 503 1134 557 οὐκ
1156 504 1391 570 εἰκόνος,
1413 507 1689 579 ἀνῄρηται
1714 507 1854 580 αὐτῷ

1974 518 2123 564 motu
2157 511 2404 581 praedita,
2428 521 2481 566 et
2504 514 2686 567 omnia
2718 514 2998 588 archetypi
3026 518 3288 577 attributa
3328 523 3552 595 habeat;

257 600 289 651 ὁ
321 595 426 667 τῆς
464 594 675 658 εἰκόνος
694 594 856 664 λόγος
880 597 1221 652 παντάπασι.
1255 598 1321 652 Τί
1348 596 1441 653 οὖν
1469 601 1726 655 ἐντεῦθεν
1750 620 1764 668 ;
1796 603 1857 657 τὸ

257 688 324 742 ἓν
353 688 451 741 καὶ
503 687 726 754 ταύτὸν,
782 689 927 741 κατὰ
972 689 1171 744 ταύτὸν
1205 691 1302 745 καί
1336 691 1395 745 ἓν
1445 690 1586 748 εἶναι
1636 678 1858 748 καὶδύο

259 779 652 850 συμϐήσεταιθ
691 779 832 834 ἁλλά
881 780 975 834 καὶ
1016 780 1269 853 ἀλλήλων
1319 784 1539 848 εἰκόνας
1589 785 1856 857 γνωρίζε-

262 873 392 928 σθαι
432 874 531 926 κα“ι
572 871 890 944 ἀρχέτυπα,
938 873 1035 928 καὶ
1070 875 1259 945 ὅμοιον
1292 878 1472 930 ἐκεῖνο
1523 878 1723 949 τούτῳ,
1760 879 1858 933 καὶ

263 965 504 1038 ἔμπαλιν
527 965 692 1019 τοῦτο
720 966 943 1037 ἐκείνῳ.
975 969 1087 1037 Οὐχ
1114 967 1310 1040 ὥσπερ
1344 969 1437 1023 ἐπί
1469 988 1616 1033 τινος
1645 970 1858 1043 ἀνθρὼ-

262 1081 393 1127 που,
423 1061 561 1133 φέρε
593 1064 796 1130 εἰπεῖν,
821 1062 985 1132 ὁμοία
1017 1061 1116 1135 μὲν
1144 1064 1295 1134 αὐτῷ
1326 1065 1548 1133 λέγεται
1577 1068 1609 1137 ή
1639 1067 1852 1120 ἐκείνου

254 1154 451 1220 εἰκὼν,
478 1154 597 1207 ἀλλ’
625 1155 726 1208 ούκ
747 1155 958 1217 ἐκεῖνος
990 1155 1181 1225 ὅμοιος
1210 1156 1369 1226 αὐτῇ.
1396 1157 1508 1210 Καὶ
1539 1157 1603 1228 δὴ
1632 1160 1726 1211 καὶ
1760 1159 1854 1210 ἀνο

251 1250 671 1320 τιστρέφουσαν
744 1246 864 1318 τὴν,
906 1249 1324 1319 ἐνυπάρχουσαν
1387 1250 1576 1313 αὐτοῖς
1646 1249 1852 1320 σχέσιν,

252 1340 463 1410 ἐπίσης
519 1339 617 1393 καὶ
669 1338 1116 1409 ἀπαραλλάκτως
1180 1338 1361 1409 ἔχειν,
1414 1340 1511 1392 καὶ
1564 1339 1854 1410 ἄνθρωπον

251 1433 496 1494 εἰκόνος,
546 1431 621 1503 μὴ
656 1431 738 1483 ὅτι
783 1430 947 1501 μόνον
987 1429 1283 1503 ἀνθρώπου
1332 1432 1518 1485 εἰκόνα
1559 1431 1851 1502 εἰρῆσθαιο

250 1525 351 1576 ἐπὶ
390 1523 612 1586 τούτοις
640 1522 744 1594 ἤδη
780 1522 878 1576 καὶ
900 1522 1300 1594 διαπορεῖσθαι,
1331 1524 1595 1594 ὁπότερον
1619 1523 1851 1594 θατέρου

246 1614 437 1670 αἴτιον
466 1609 608 1668 εἶναι
641 1615 733 1667 καὶ
759 1615 1053 1685 πρότερον.
1077 1613 1266 1669 Ταῦτα
1295 1614 1352 1668 δὲ
1384 1616 1483 1687 τὴν
1516 1616 1730 1670 ἐκείνου
1758 1633 1854 1668 σα-

248 1708 374 1778 φῶς
410 1709 720 1779 παρίστησι
758 1708 997 1762 σύνεσιν.
1032 1702 1183 1777 Ἀρα
1212 1708 1322 1781 γὰρ
1370 1710 1430 1762 οὐ
1465 1709 1726 1781 κιϐδήλου
1755 1709 1852 1762 καὶ

250 1801 767 1874 παρενηνεγμένης
818 1792 1055 1873 φρενὸς,
1081 1800 1174 1855 ατὰ
1227 1801 1461 1856 τοιαῦτα
1517 1803 1848 1874 compara;

250 1893 543 1949 Τοσοῦτον
570 1894 986 1958 ἀνεπίσκεπτος
1016 1895 1116 1965 τῆς
1144 1894 1254 1948 τῶν
1288 1894 1461 1949 ὄντων
1496 1894 1733 1964 φύσεως,
1759 1895 1854 1948 καὶ
1886 1869 1926 1925 Β

248 1989 367 2041 τῶν
399 1986 621 2059 ἀληθῶν
640 1986 863 2058 μακρὰν
883 1985 1245 2057 διῳκισμένος
1263 1985 1653 2051 κινδυνεύσειε,
1676 1986 1853 2039 ταῦτα

255 2081 418 2133 οῦδὲν
448 2080 677 2149 ἄμεινον
702 2073 848 2131 εἶναι
878 2076 989 2131 τῶν
1012 2080 1070 2131 ὲν
1100 2080 1213 2140 τοῖς
1240 2077 1659 2146 γυναικωνίτισι
1700 2076 1852 2147 παρὰ

260 2176 381 2236 τοῖς
425 2170 896 2239 κωθωνιζομένοις
929 2170 1203 2242 γραῖδίοις
1261 2171 1406 2224 κατά
1470 2170 1576 2234 τάς
1632 2171 1855 2241 μακρὰς

261 2264 493 2334 ὁμιλίας
519 2262 791 2335 ᾀδομένων
822 2260 1277 2333 μυθολογήματα.

329 2452 423 2517 ιη’.
466 2444 555 2509 Ὠς
582 2440 676 2499 οὖν
706 2444 912 2515 ἥκιστα
944 2444 1403 2517 αύτῷεύσεὸείας
1439 2449 1651 2520 προσῆν
1691 2449 1852 2503 ἔναυ-

251 2549 372 2605 σμα
404 2534 652 2602 πώποτε,
700 2534 824 2588 οὐδὲ
866 2535 1096 2606 λογικῆς
1154 2536 1474 2609 ἐπιστήμης
1518 2537 1623 2592 κᾶν
1677 2538 1852 2610 βραχῦ

247 2625 389 2693 γοῦν
416 2643 472 2678 τι
504 2625 850 2695 περιγέγονε.
885 2624 1061 2678 Πόθεν
1088 2625 1197 2696 γὰρ
1239 2626 1392 2697 αὐτῷ
1431 2627 1607 2681 αἰτίου
1640 2630 1736 2683 καὶ
1762 2631 1851 2683 αἱ·

245 2717 446 2772 τιατοῦ
478 2717 511 2789 ἢ
540 2720 640 2788 τῆς
668 2717 764 2770 τοῦ
795 2717 987 2788 ὁμοίου
1020 2719 1383 2789 παραθέσεως
1407 2720 1435 2772 ὁ
1465 2717 1627 2788 λόγος
1649 2720 1851 2774 διασω-

251 2810 512 2880 θήσεται,
556 2808 681 2880 ῆτὸ
739 2808 967 2879 μετέχον
1003 2811 1100 2863 καὶ
1154 2810 1543 2880 μετεχόμενον,
1596 2812 1853 2884 ἑτερότης

253 2919 313 2954 τε
378 2901 480 2954 καὶ
539 2902 774 2972 διαιρορά
814 2901 1278 2973 ὲπικριθήσεται;
1316 2904 1463 2974 ειπερ
1510 2904 1603 2957 ἐπί
1650 2922 1710 2958 τε
1753 2905 1849 2959 τοῦ

254 2992 703 3063 ἀρχετύπου.καὶ
733 2994 835 3063 τῆς
864 2994 1074 3058 εἰκόνος
1102 2993 1348 3062 φυσικῶς
1375 2994 1744 3066 ὲνῡεωρείται,
1783 2997 1853 3053 τὰ

258 3089 364 3156 μὲν
385 3086 487 3157 τὴν
513 3087 699 3155 σχέσιν
728 3087 824 3139 καὶ
849 3086 951 3158 τήν
994 3086 1257 3157 ποιότητα
1295 3087 1393 3158 τὴν
1426 3089 1485 3141 ὲν
1531 3089 1737 3158 αὐτοῖς,
1778 3088 1850 3143 τά

1962 619 2029 656 ne
2063 603 2352 673 imaginem
2386 605 2606 675 quidem
2637 622 2794 677 posse
2833 609 2960 665 dici.
2995 610 3149 681 Quod
3189 616 3234 671 si
3284 616 3401 673 haec
3441 636 3550 676 non

1956 704 2084 748 sunt
2117 695 2367 766 imaginis
2400 698 2642 767 propria,
2668 702 2847 757 oumis
2880 705 3019 759 ratio
3052 707 3304 778 imaginis
3341 709 3417 766 illi
3452 729 3549 781 pe-

1958 784 2050 837 rit.
2088 783 2228 850 Quid
2256 801 2384 858 ergo
2409 789 2535 844 hinc
2558 793 2849 860 sequitur?
2871 810 3065 867 nempe
3097 807 3154 851 ut
3185 816 3291 855 una
3325 805 3551 859 cadem-

1955 889 2061 944 que
2088 891 2194 944 res,
2222 888 2274 931 et
2303 894 2409 934 una
2454 880 2614 935 simul
2656 882 2727 937 sit
2777 893 2832 939 et
2876 887 3036 943 duas:
3091 888 3200 944 imo
3258 901 3314 946 ut
3360 905 3550 948 mutuo

1956 967 2219 1038 imagines
2249 972 2434 1025 sintet
2467 975 2804 1047 archetypa;
2844 988 2899 1033 et
2951 980 3054 1034 hoc
3094 982 3192 1045 illi,
3241 983 3371 1039 illud
3420 986 3552 1041 huic

1954 1061 2193 1115 vicissim
2221 1064 2397 1117 simile
2426 1066 2515 1120 sit.
2546 1068 2738 1134 Aliter,
2766 1073 3000 1140 exentpii
3041 1089 3230 1141 causa,
3277 1084 3440 1146 atque
3491 1084 3546 1132 in
3594 1066 3605 1073 ’

1956 1151 2175 1208 homine
2221 1158 2513 1223 usuvenit,
2566 1161 2650 1212 cui
2692 1160 2870 1231 imago
2916 1165 3114 1218 dicitur
3174 1167 3403 1232 similis,
3442 1186 3549 1225 non

1957 1246 2120 1319 homo
2146 1245 2390 1317 imagini.
2420 1250 2637 1318 Alioqui
2681 1255 3105 1319 convertibiletn,
3139 1258 3402 1314 haberent
3449 1262 3547 1314 de.

1956 1337 2383 1392 nominationem
2416 1355 2608 1409 suam;
2657 1342 2727 1398 ita
2755 1353 2813 1397 ut
2849 1361 3002 1416 mque
3055 1349 3546 1421 indifferenter-que

1958 1429 2119 1483 homo
2153 1432 2317 1485 etiam
2340 1433 2614 1504 imaginis,
2642 1446 2694 1490 et
2730 1453 2836 1491 non
2874 1449 3082 1493 tantum
3149 1442 3325 1515 imago
3366 1446 3545 1499 homi-

1957 1522 2041 1575 nis
2077 1522 2353 1578 diceretur
2407 1534 2613 1594 :atque
2666 1528 2738 1582 ita
2776 1530 3126 1585 dubitaretur
3158 1543 3338 1586 utrum
3364 1536 3548 1598 ttlrius

1953 1614 2110 1683 origo
2159 1623 2302 1669 esset
2354 1625 2408 1669 et
2444 1619 2793 1674 antecedens.
2846 1619 2972 1676 Ηιιιο
3023 1623 3235 1677 scilicet
3281 1624 3545 1681 Mamertae

1955 1717 2183 1756 acumen
2217 1703 2520 1762 declarant.
2566 1706 2753 1763 Nonne
2778 1708 2922 1762 enim
2974 1710 3143 1767 futilis
3188 1722 3242 1766 et
3293 1714 3545 1768 alienata:

1957 1794 2316 1850 mentisth
2367 1807 2677 1852 commenta
2720 1802 2884 1854 sunt?
2915 1801 3139 1857 Adeone
3191 1804 3282 1858 hic
3342 1805 3545 1860 inscius

1955 1894 2162 1939 natum
2194 1900 2372 1939 rerum
2403 1900 2517 1952 est,
2563 1897 2616 1942 et
2647 1905 2676 1943 a
2728 1892 2960 1947 veritate
3010 1896 3199 1963 procul
3257 1905 3544 1954 seruulus?

1955 1975 2262 2032 Periculum
2293 1987 2485 2043 est,ut
2537 1981 2652 2035 haec
2719 1983 2890 2037 nihilo
2939 1987 3161 2041 meliora
3210 1990 3339 2055 sint,
3374 2006 3539 2059 quam

1956 2081 2075 2135 qua:
2111 2069 2162 2122 in
2212 2072 2481 2140 gynarceis
2528 2089 2555 2123 ιι
2595 2073 2876 2129 bibacibus
2912 2065 3106 2134 vetulis
3159 2081 3300 2136 inter
3357 2082 3541 2153 longas

1954 2159 2430 2227 confabulationes
2484 2164 2669 2218 nantia:
2706 2177 2995 2223 canuntur.

2029 2436 2114 2493 18.
2141 2435 2334 2491 Nullus
2370 2439 2556 2509 itaque
2579 2439 2709 2495 huic
2739 2439 2882 2497 inest
2906 2448 3076 2497 rectae
3102 2443 3379 2511 religionis
3406 2445 3541 2515 igni-

1954 2528 2140 2598 culusi,
2184 2545 2360 2599 neque
2406 2530 2594 2597 logica:
2630 2532 2874 2587 scientia:
2917 2533 3001 2589 vel
3039 2536 3332 2590 tantillum.
3387 2535 3543 2593 Unde.

1953 2618 2096 2672 enim
2138 2619 2186 2674 ei
2228 2634 2394 2674 causa
2425 2630 2478 2675 et
2522 2632 2843 2686 causatum,
2892 2623 3005 2679 vel.
3033 2625 3291 2679 similium
3357 2642 3541 2680 mtllttzt

1954 2710 2292 2780 comparatio
2323 2713 2634 2767 constabit?
2673 2714 2756 2767 vel
2792 2715 3125 2784 participans
3163 2725 3215 2770 ct
3256 2718 3544 2788 participa-

1957 2811 2091 2870 tum,
2118 2803 2203 2858 vel
2234 2803 2525 2858 diversitas
2559 2815 2614 2858 et
2645 2804 2951 2861 differentia
2981 2807 3402 2876 dijudicabitur?
3423 2826 3544 2879 qua:

1954 2895 2170 2962 quidem
2194 2895 2244 2949 in
2271 2898 2568 2967 archetypo
2596 2906 2653 2950 et
2698 2898 2932 2967 imagine
2972 2901 3299 2954 naturaliter
3328 2907 3544 2966 conspi-

1953 2986 2191 3050 ciuntur,
2219 2989 2418 3056 partim
2465 2989 2787 3042 relationem
2822 2989 3045 3045 illorum
3091 3000 3146 3045 et
3196 2993 3540 3060 qualitatem.

1952 3078 2149 3146 partim
2182 3079 2409 3149 subjecti
2443 3080 2813 3136 diversitatem
2842 3081 2997 3137 nobis
3021 3084 3423 3139 describentia?
3446 3086 3486 3140 Η
3514 3105 3545 3140 c

254 3173 315 3230 δὲ
337 3176 405 3229 τὸ
431 3177 676 3247 ἑτεροῖον
713 3175 811 3228 τοῦ
845 3175 1222 3250 ὑποκειμένου
1267 3177 1400 3247 ἡμῖν
1434 3177 1845 3249 ὑπογράφοντα.

1957 3179 2131 3225 autem
2185 3170 2326 3226 idem
2386 3182 2550 3240 atque
2576 3171 2891 3228 indiﬂ'erens
2958 3174 3010 3228 in
3067 3185 3300 3246 utroque
3333 3194 3543 3247 ponens

256 3262 439 3331 οὗτος
484 3269 542 3321 δὲ
578 3267 640 3320 τὸ
677 3267 877 3321 ταύτὸν
920 3268 1016 3322 καὶ
1050 3268 1475 3338 ἀπαράλλακτον
1523 3271 1607 3323 ἐπ’
1642 3271 1849 3342 ἀμφοῖν

258 3360 577 3430 τιθέμενος,
612 3361 813 3434 ἀγνοίᾳ.
835 3360 938 3431 τῆς
970 3361 1080 3415 τῶν
1113 3361 1285 3415 ὄντων
1331 3362 1698 3432 ἐπισκέψεως,
1756 3363 1851 3418 τὸν

259 3449 363 3520 τῆς
389 3450 600 3514 εἰκόνος
636 3450 796 3516 λόγον
852 3450 1166 3522 όλοτρόπως
1220 3451 1453 3517 ἀνεῖλεν,
1509 3454 1665 3525 ὅπερ
1699 3455 1851 3509 ἐστὶν

260 3542 554 3597 ἀδύνατον.
605 3542 763 3597 Οὖτω
795 3542 905 3614 γὰρ
934 3545 1031 3597 καὶ
1081 3544 1191 3597 τῶν
1224 3545 1571 3616 πραγμάτων
1608 3547 1641 3616 ἡ
1677 3545 1848 3614 φύσις

259 3634 421 3705 αὐτῷ
452 3636 968 3706 παρακεχαρακται.
1008 3635 1150 3690 Ἀλλ’
1178 3636 1330 3690 ἔοικα
1363 3640 1427 3708 τῇ
1471 3638 1608 3710 αὐτῇ
1655 3639 1851 3710 ἐκείνῳ

257 3723 600 3795 ἀπαιδευσίᾳ
631 3724 1198 3796 συμπεριηνεγμένος,
1231 3725 1323 3778 τὸν
1348 3727 1431 3789 εἰς
1471 3727 1694 3798 μνήμην
1722 3726 1850 3781 τού-

260 3832 378 3868 των
408 3815 509 3868 οὐκ
529 3815 834 3886 ἀφιγμένον
863 3815 1089 3870 πώποτε
1116 3814 1587 3886 καταιτιώμενος.-
1621 3818 1850 3890 Δόξαιμι

259 3903 377 3975 γὰρ
400 3902 468 3957 ἂν
497 3905 690 3957 ταύτόν
721 3922 774 3958 τι
800 3908 999 3970 ποιεῖν,
1024 3905 1100 3969 ὡς
1121 3905 1176 3958 εἰ
1198 3923 1285 3969 τις
1304 3905 1398 3959 τὸν
1424 3907 1667 3978 γεωργὸν
1695 3909 1727 3979 ἢ
1758 3910 1851 3965 τὸν

262 3996 561 4065 βάναυσον,
592 3996 670 4066 τῷ
709 3996 1031 4069 θεωρητικῷ
1071 3997 1373 4053 διευθύνειν
1418 4001 1748 4074 ἐπιχειροίη.
1785 4003 1851 4056 Τί

258 4086 379 4157 γὰρ
405 4084 488 4138 δεῖ
504 4085 595 4138 τὸν
627 4085 956 4157 ἀνδροφόνον
1015 4087 1112 4140 καὶ
1163 4088 1403 4158 ἄμουσον
1456 4088 1705 4159 λογικαῖς
1752 4093 1851 4162 ἐφ-

261 4172 413 4239 όδοις
443 4178 925 4249 μετέρχεσθαι,τὸν
945 4177 1172 4249 αῐμασιν
1190 4180 1551 4252 ἀνθρωπείοις
1568 4183 1660 4236 καὶ
1678 4182 1852 4239 ταῦτα

258 4269 611 4340 Χριστιανῶν
642 4269 926 4342 χαίροντα,
956 4270 1083 4324 κυσί
1112 4289 1170 4324 τε
1201 4273 1298 4326 καὶ
1346 4273 1501 4326 συσὶν
1544 4274 1853 4343 ἐπαγαλλό-

262 4376 453 4431 μενον,
477 4355 558 4423 οἷς
588 4361 652 4414 τὸ
681 4361 848 4418 πλέον
869 4361 972 4433 τῆς
993 4357 1142 4432 ζωῆς
1187 4363 1551 4434 χαριζόμενος
1592 4364 1810 4436 ἔνειμεν
1834 4380 1848 4430 ;
1896 4398 1899 4405 ι

260 4452 392 4506 ὅθεν
423 4451 572 4523 αὐτῷ
606 4453 638 4524 ή
671 4453 871 4525 μελέτη
900 4453 1010 4508 τῶν
1045 4453 1337 4525 δογμάτων
1369 4454 1695 4526 ἐξήρτηται,
1752 4455 1852 4509 καὶ

1952 3259 2175 3330 (quippe
2214 3276 2303 3317 res
2339 3263 2719 3318 considerandi
2773 3264 3017 3335 ignarus)
3067 3275 3232 3320 totam
3286 3268 3542 3339 imaginis

1952 3353 2218 3408 rationem
2275 3355 2527 3419 sustulit,
2584 3358 2728 3424 quod
2782 3371 3007 3425 prorsus
3055 3357 3169 3411 fieri
3212 3361 3416 3427 nequit.
3449 3359 3542 3412 Sir:

1952 3445 2096 3499 enim
2133 3460 2315 3500 rerum
2342 3460 2559 3514 quoque
2611 3456 2804 3500 natura
2861 3448 2930 3502 ab
2960 3463 3025 3504 eo
3057 3449 3387 3504 aboleretur.
3430 3451 3537 3505 Sed

1946 3532 2056 3602 jam
2090 3534 2221 3588 mihi
2260 3533 2446 3589 videor
2481 3539 2532 3590 in
2565 3536 2754 3590 eadem
2798 3552 2861 3591 ac
2899 3538 3015 3606 ipse
3050 3538 3263 3593 inscitia
3293 3542 3498 3594 versari
3523 3582 3538 3603 ,

1953 3626 2079 3679 dum
2107 3640 2230 3680 eum
2259 3625 2599 3696 reprehendo
2626 3627 2719 3697 qui
2748 3627 2949 3682 nullam
2976 3645 3209 3699 unquam
3239 3645 3418 3684 rerum
3447 3632 3540 3687 ha-

1954 3731 2073 3770 rum
2107 3717 2352 3772 notitiam
2379 3718 2591 3773 habuit.
2633 3717 2844 3774 Cred‘ar
2873 3721 3017 3774 cnim
3053 3723 3192 3777 idem
3238 3722 3439 3789 facere,
3475 3741 3540 3777 ac

1955 3807 1999 3862 si
2020 3808 2140 3876 quis
2168 3807 2463 3879 agricolam
2483 3818 2579 3863 aut
2604 3809 2843 3874 bajulum
2875 3810 3206 3879 spcculativa
3228 3812 3535 3880 .discipltuu

1953 3898 2083 3953 velit
2107 3896 2423 3953 informare.
2461 3898 3083 3964 Quidenimmammonae
3120 3913 3354 3957 cruento
3392 3905 3540 3958 rudi-

1952 4004 2058 4059 que
2081 3988 2287 4044 bomini
2313 4005 2436 4045 cum
2470 3990 2662 4060 logicis
2705 3989 3054 4048 facultatibus
3095 3994 3295 4064 negotii
3329 3995 3437 4048 sit?
3487 3997 3539 4051 ei

1955 4096 2145 4150 nempe
2170 4082 2260 4151 qui
2288 4081 2545 4147 humano,
2578 4092 2629 4136 et
2659 4082 2876 4152 quidem
2904 4084 3366 4149 Christianorum,
3407 4101 3539 4140 san-

1953 4174 2112 4241 guiue
2137 4171 2244 4243 25
2272 4173 2486 4244 gaudet,
2522 4174 2751 4229 canibus
2778 4176 3032 4245 aprisqtte
3064 4178 3383 4243 delectatur,
3420 4182 3542 4249 qui-

1952 4265 2053 4320 bus
2078 4265 2366 4334 plurimam
2391 4266 2516 4320 vita:
2554 4281 2665 4321 sua:
2702 4278 2909 4336 partem
2969 4270 3269 4336 impendit;
3315 4272 3456 4325 unde
3492 4273 3540 4325 is

1952 4357 2204 4413 videlicet
2230 4358 2641 4413 meditationem
2666 4362 2974 4429 dogmatum
3004 4362 3225 4426 didicit,
3255 4363 3542 4433 multaeque

1953 4446 2190 4501 scientize
2216 4447 2284 4501 ab
2318 4446 2687 4515 hujuscemodi
2717 4449 2993 4503 exercitiis
3018 4464 3286 4503 summam
3306 4451 3538 4522 collegit.

261 4544 364 4616 τῆς
395 4543 597 4615 πολλῆς
624 4544 940 4617 ἐπιστήμης
985 4544 1076 4600 διὰ
1107 4545 1208 4617 τῆς
1232 4545 1342 4600 τῶν
1380 4545 1641 4621 τοιούτων
1667 4547 1850 4617 ἀσκήυ

1957 4537 2231 4594 Mittamus
2279 4553 2423 4593 nunc
2476 4538 2741 4607 reliquam
2772 4541 2937 4593 vitam
2983 4540 3186 4605 dicere,
3216 4558 3375 4611 quam
3415 4559 3541 4597 nar-

262 4653 409 4699 σεως
440 4636 897 4708 συναγήγερταιή
923 4635 1251 4708 κατάληψις.
1292 4638 1503 4709 Ἐὦμεν
1532 4634 1705 4691 τᾶλλα
1755 4637 1853 4692 τοῦ

264 4728 389 4799 βίου
413 4728 593 4797 λέγειν
611 4728 680 4782 τά
701 4727 821 4796 νῦν,
843 4727 879 4783 ἀ
904 4731 999 4782 καὶ
1026 4728 1212 4798 λέγειν
1231 4731 1481 4802 αἰσχρὸν,
1508 4731 1604 4784 καὶ
1629 4729 1855 4785 ἀκούειν

260 4819 540 4889 λεγόντων
561 4820 917 4891 αἰσχρότερόν
943 4837 1004 4874 τε
1030 4820 1126 4875 καὶ
1155 4821 1589 4893 βλαϐερώτερον.
1618 4823 1713 4886 Τίς
1745 4822 1854 4893 γὰρ

264 4913 338 4968 ἂν
364 4912 471 4966 ἰδοι
491 4911 782 4984 ἄνθρωπον
806 4912 1217 4982 κυνηλατοῦντα
1270 4914 1363 4966 καὶ
1407 4914 1552 4967 συῶν
1603 4911 1701 4967 καὶ
1733 4913 1856 4968 ne.

265 5018 390 5070 φων
427 5000 548 5071 ἰχνη
599 5000 730 5055 κυσὶ
763 5002 857 5055 καὶ
890 5000 1087 5073 θηρσὶν
1115 4996 1380 5064 ὡσᾶύτως
1427 5000 1853 5074 περιαθροῦντα,

266 5095 367 5149 καὶ
400 5094 503 5165 τῆς
529 5093 695 5165 φίλης
728 5094 955 5158 ἱππείας
981 5094 1055 5158 ὡς
1089 5094 1318 5166 ἡδίστης
1343 5093 1855 5166 περιαληλιμμένον

266 5190 367 5242 καὶ
394 5188 742 5258 δεδευμένον,
770 5189 867 5243 καὶ
895 5188 973 5252 ὡς
995 5187 1233 5251 εὐώδους
1282 5187 1459 5259 μύρου
1484 5186 1857 5258 ἀντειλημμέ-

261 5298 383 5345 νον,
412 5282 529 5343 τοῖς
551 5279 781 5350 ὑψηλοῖς
801 5280 901 5352 τῆς
931 5279 1232 5344 εὐσεϐείας·
1249 5280 1509 5350 ἀσφαλῶς
1561 5282 1652 5333 καὶ
1686 5280 1855 5348 ὑγιῶς

264 5370 680 5444 προσϐαίνοντα
736 5371 1002 5442 δόγμασι;
1048 5371 1207 5443 Ῥᾷον
1251 5372 1359 5443 γὰρ
1404 5373 1469 5426 ἅν
1500 5390 1584 5436 τις
1641 5371 1857 5427 ἀκούων

264 5465 495 5532 οίσειεν,
516 5468 585 5519 ’ὲν
621 5463 787 5537 κώπῃ
821 5464 922 5536 τὴν
967 5465 1275 5536 κεραμείαν
1310 5465 1344 5535 ἢ
1391 5465 1686 5534 γεωργίαν,
1721 5464 1858 5518 ἀλλὰ

272 5559 354 5631 μὴ
381 5556 482 5629 τὴν
508 5557 791 5611 ναυτιλίαν
819 5556 948 5610 τινὰ
985 5554 1429 5618 ὲκπαιδεύεσθαι,
1466 5557 1559 5608 καὶ
1610 5555 1859 5626 θωρακο-

270 5646 552 5719 φοροῠντα
582 5647 938 5702 θαλαττεύειν
970 5646 1175 5718 μᾶλλον
1204 5648 1304 5717 οὐχ
1338 5645 1668 5709 ὁπλιτεύειν,
1702 5645 1734 5715 ἦ
1767 5644 1859 5699 τὸν

268 5744 332 5795 ἐν
366 5741 573 5813 mpii;
598 5739 1072 5812 καὶαίσχρότησιν
1101 5740 1364 5812 ἀρρήτοις
1394 5737 1856 5809 ἐμμολυνόμενον,

273 5831 372 5889 καὶ
405 5834 568 5903 χερσὶ
618 5832 1103 5907 καθῃμαγμέναις,
1140 5834 1246 5891 ,καὶ
1286 5831 1571 5901 ἀκολάστῳ
1611 5831 1856 5902 γλώσσῃ,

1957 4645 2080 4686 rare
2107 4640 2266 4699 turpe
2304 4639 2412 4697 est,
2449 4630 2638 4685 audire
2684 4641 2866 4686 autem
2925 4644 3200 4688 narratam
3237 4638 3449 4705 turpius
3476 4652 3541 4691 ac

1955 4723 2339 4793 perniciosius.
2372 4720 2509 4778 Nam
2543 4724 2665 4792 quis
2691 4740 2927 4793 unquam
2965 4726 3098 4780 vidit
3132 4727 3403 4781 hominem
3452 4744 3542 4782 ve-

1958 4826 2227 4880 natorem,
2260 4830 2519 4886 aprorum
2546 4830 2942 4887 cervorumque
2973 4819 3220 4889 vestigia,
3254 4835 3351 4874 ceu
3377 4836 3542 4876 canes

1956 4903 2193 4974 feraeque
2225 4905 2430 4972 solent,
2461 4914 2905 4979 persequentem,
2935 4908 3133 4963 dilecm
3162 4909 3541 4976 agitaudorutu

1957 5011 2217 5067 equorum
2246 4997 2691 5052 studiodeditum
2724 4985 2780 5052 et
2812 4998 3163 5063 devinctum,
3209 4998 3369 5068 idque
3417 5015 3545 5054 sua-

1958 5089 2164 5145 vissimi
2206 5090 2471 5161 unguenti
2501 5089 2622 5144 loco
2650 5089 2963 5156 habentem,
2988 5089 3313 5146 sublimibus
3339 5092 3545 5160 pariter

1961 5181 2241 5251 religionis
2274 5181 2620 5251 dogmatibus
2662 5189 2781 5237 tuto
2811 5197 2876 5237 ac
2901 5182 3197 5238 salubriter
3254 5198 3313 5237 se
3360 5183 3543 5236 immi-
3610 5172 3619 5187 ’

1959 5272 2228 5327 scentem?
2246 5271 2483 5326 Facilius
2511 5273 2781 5342 quispiam
2806 5272 3012 5340 credet,
3046 5273 3114 5327 ab
3132 5288 3197 5326 eo
3217 5273 3306 5341 qui
3335 5287 3543 5328 remum

1961 5375 2107 5420 tenet
2135 5363 2373 5435 figlinum
2406 5375 2497 5419 aut
2540 5366 2928 5436 agriculturam
2961 5380 3063 5435 pro
3105 5381 3161 5417 re
3194 5364 3411 5418 nautica
3446 5370 3546 5419 du-

1961 5457 2098 5522 ceri,
2127 5457 2211 5511 vel
2246 5457 2535 5512 loricatum
2562 5458 2832 5513 hominem
2870 5456 3236 5527 navigationis
3273 5456 3389 5509 loco
3441 5458 3547 5510 mi-

1962 5550 2091 5604 litia:
2113 5549 2329 5613 addici;
2359 5564 2521 5618 quam
2558 5550 2831 5603 hominem
2887 5557 3131 5602 stercore
3189 5544 3547 5618 nefmdisque

1966 5641 2394 5712 turpitudinibus
2411 5642 2771 5707 sordidatum,
2794 5639 3048 5696 manibus
3073 5640 3508 5711 sanguinolentis
3526 5679 3546 5706 ,

1963 5737 2141 5806 lingua
2179 5735 2598 5803 intemperante,
2632 5734 2980 5804 marcidaque
3013 5743 3216 5797 mente,
3249 5732 3426 5788 divina
3450 5734 3550 5787 «ιο-ν

1963 5835 2140 5899 gmata
2169 5826 2457 5897 attingere,
2501 5824 2703 5896 Deique
2728 5827 2984 5899 mysteria
3013 5826 3215 5896 eloqui,
3243 5839 3360 5896 quae
3387 5841 3544 5880 mun-
