3978 6450
253 455 342 522 ill

944 454 1574 516 ANTIRRHET—ICUS
1615 455 1640 513 Ι
1682 454 1850 514 Αῡγ.
1892 455 2486 516 CONS'I‘AN'l‘lNUM
2524 455 2735 518 COPR.

3398 451 3500 516 242

252 573 372 624 πτὸν
388 565 597 630 πάντως
629 565 767 618 ἐστί.
801 566 910 619 Ποῦ
951 570 1059 636 γὰρ
1093 567 1359 637 ἣκουσται
1391 567 1456 622 ἐκ
1477 565 1572 620 τοῦ
1608 567 1813 628 παντὸς

1943 569 2211 622 unnitevo
2270 571 2513 624 auditum
2553 578 2638 625 est
2698 582 2894 637 corpus
2917 565 3502 636 incircumscriptuut?

253 660 428 722 αἰῶνος
453 659 614 728 σῶμα
642 659 1098 731 ἀπερίγραπτονς
1141 660 1320 723 ἄλλως
1366 676 1427 712 τε
1460 661 1552 713 καὶ
1599 659 1709 712 τῶν
1741 651 1816 711 ὢν

252 754 340 808 οὐκ
365 751 487 805 ἄνευ
517 753 549 820 ἡ
583 754 920 823 περιγραφή.
962 753 1047 815 Ὠς
1081 751 1187 822 rip
1215 753 1315 806 οὐκ
1346 751 1461 806 ἐστι
1494 752 1653 821 σῶμα
1687 751 1814 804 ἄνευ

252 842 457 912 τόπουῆ
486 842 705 914 χρόνον,
740 842 917 906 οὕτως
939 843 1063 904 οὐδὲ
1096 843 1449 915 περιγραφῆς
1480 843 1620 914 δίχα.
1649 863 1667 894 ι
1712 844 1819 896 Καὶ

254 935 352 1006 γὰρ
373 935 402 986 ό
437 933 602 996 τόπος
637 935 972 1004 περιγράφει
993 935 1089 988 κα)⁵
1110 935 1428 1006 περιέκειτο
1458 937 1639 1003 σῶμα,
1660 936 1818 1004 εἴπερ

254 1027 401 1088 τόπος
443 1026 562 1078 ἐστὶ
597 1026 775 1094 πέρας
811 1026 907 1079 τοῦ
942 1029 1288 1099 περιέχοντος
1322 1030 1378 1081 ὲν
1407 1022 1450 1096 ᾧ
1485 1028 1735 1100 περιέχει
1759 1029 1819 1080 τὸ

257 1116 652 1188 περιεχόμενον.
681 1135 698 1168 ι
731 1117 805 1170 Τὸ
834 1113 927 1170 οὖν
954 1117 1134 1187 λέγειν
1171 1121 1246 1189 μὴ
1275 1119 1716 1190 περιγράφεσθαι
1759 1118 1820 1172 τὸ

257 1209 637 1278 σῶμα,ταυτόν
672 1209 792 1260 ἐστι
824 1209 1005 1277 λέγειν
1038 1211 1112 1280 μὴ
1143 1205 1284 1265 εἶναι
1330 1212 1388 1264 ὲν
1414 1211 1586 1280 τόπῳ.
1645 1210 1719 1262 Τὸ
1763 1210 1820 1263 δὲ

259 1302 324 1373 μὴ
345 1300 398 1353 ὃν
427 1302 486 1352 ὲν
515 1301 687 1370 τόπῳ,
721 1301 843 1354 οὐδὲ
869 1301 1051 1370 σῶμα.
1077 1302 1142 1356 Τί
1163 1303 1208 1356 δ’
1233 1299 1327 1357 οὖν
1355 1305 1418 1356 ἐκ
1442 1304 1648 1356 τούτων
1686 1321 1816 1356 συν-

256 1393 455 1460 άγεται,
510 1391 548 1468 ἦ
590 1391 653 1443 τὸ
685 1393 846 1461 σῶμα
898 1392 973 1463 μὴ
1003 1389 1143 1446 εἶναι
1198 1394 1399 1464 stipa;
1455 1393 1617 1447 τοῦτο
1673 1395 1730 1448 δὲ
1769 1394 1821 1446 τί

257 1485 445 1554 ἄλλο,ῆ
506 1484 690 1554 πάσης
719 1485 1064 1556 ἠλιθιότητος
1115 1487 1210 1540 καὶ
1253 1488 1694 1558 φρενοϐλαϐείας,
1724 1490 1823 1541 ἐπ-

259 1579 430 1631 έκεινα
458 1577 752 1647 τυγχάνεις
797 1577 1068 1632 Ἐάλωκεν
1090 1575 1183 1632 οὖν
1224 1579 1252 1631 ὁ
1277 1580 1385 1633 τῶν
1420 1581 1678 1634 τοιούτων
1707 1581 1826 1650 δογ-

264 1672 428 1742 μάτων
448 1671 639 1742 πατὴρ
652 1674 765 1736 τοῖς
777 1672 1003 1735 οἰκείοις
1018 1676 1262 1745 πτεροῖς,
1279 1673 1373 1727 καὶ
1386 1674 1608 1743 περιτέτ
1619 1691 1824 1746 ραπται

264 1763 395 1834 αὑτῷ
427 1764 512 1828 είς
536 1764 848 1817 τούναντίον
885 1766 954 1818 τὰ
1001 1767 1100 1834 τῆς
1129 1767 1546 1838 ἐπιχειρήσεως,
1604 1766 1700 1820 καὶ
1733 1768 1826 1820 ὲκ-

267 1856 447 1927 ϐέϐηκε
494 1856 563 1909 τὰ
593 1856 702 1914 τῶν
743 1857 993 1926 σοϐαρῶν
1034 1859 1126 1911 καὶ
1156 1858 1345 1912 δεινῶν
1394 1858 1822 1930 προϐλημάτων,

268 1925 394 2019 ειπερ
413 1945 560 2018 ᾤετο,
579 1925 919 2018 ἀδιεξίτητον
945 1951 1042 2003 καὶ⁹
1093 1925 1509 2021 ἀναπόδραστον
1560 1925 1704 2020 ἔχειν
1731 1952 1829 2022 τὴν
1862 1925 1908 1982 Β

273 2038 458 2108 ἔφοδον,
517 2040 789 2096 παιδικῶν
840 2041 1228 2114 ψελλισμάτων
1267 2046 1346 2108 είς
1415 2043 1584 2116 μηδὲν
1635 2045 1825 2113 διαφέσ

283 2148 436 2203 ροντα.
469 2132 798 2203 Νηπιώδους
847 2135 958 2205 γὰρ
1017 2134 1190 2200 ὅντως
1235 2137 1410 2193 ταῦτα
1465 2137 1683 2208 φρενὸς,
1728 2138 1828 2190 καὶ

288 2222 670 2294 βριφοπρεποῢς
699 2225 1001 2290 διαθέσεως
1022 2228 1176 2280 οὐδὲν
1201 2227 1409 2298 βέλτιον
1441 2228 1785 2299 διακείμενα.

357 2316 430 2379 Ὠς
462 2316 522 2370 ἂν
548 2318 605 2370 δὲ
639 2318 840 2390 ἴδωμεν
873 2321 956 2382 είς
989 2321 1016 2373 ὃ
1048 2337 1101 2373 τι
1140 2322 1330 2384 αὐτοῖς
1387 2321 1450 2374 τὸ
1484 2321 1677 2393 περιὸν
1733 2325 1832 2394 τῆς

283 2406 446 2474 σοφίας
496 2409 824 2478 ἐκϐήσεται,
884 2411 1106 2464 κάκεῖνο
1141 2413 1256 2475 τοῖς
1305 2413 1621 2484 εἰρημένοις
1661 2431 1833 2485 προσ-

276 2493 493 2565 θείη-μεν.
517 2498 662 2568 Πρὸς
687 2499 905 2552 πάντων
920 2500 1032 2554 τῶν
1058 2501 1184 2556 νοῦν
1208 2503 1444 2573 ἐχόντων
1461 2506 1834 2578 ὡμολόγηται,

269 2588 345 2639 ὃτι
368 2590 466 2642 πᾶν
491 2591 672 2656 πάθος
697 2594 1118 2665 προσομιλῆσαν
1141 2596 1302 2666 ήμῶν
1329 2598 1432 2668 ήδη
1461 2599 1540 2670 τῷ
1592 2599 1834 2672 σώματι,

269 2681 388 2750 παρ’
412 2682 640 2737 ὁτουοῦν
674 2701 783 2738 τινι
839 2688 1297 2758 προσγινόμενον,
1335 2685 1446 2744 οἷον
1475 2692 1537 2746 τὸ
1578 2694 1839 2764 μαστίζε-

271 2774 402 2838 σθαι,
438 2775 506 2829 τὸ
546 2776 974 2848 τιτρώσκεσθαι,
1005 2781 1068 2834 τὸ
1099 2783 1416 2852 τέμνεσθαι,
1447 2785 1509 2838 τὸ
1554 2787 1834 2856 καίεσθαι,

263 2870 346 2921 καὶ
371 2872 422 2923 εί
439 2887 500 2924 τι
529 2872 774 2926 τοιοῦτον
810 2874 1025 2944 ἕτερον,
1054 2876 1090 2930 ἃ.
1129 2876 1452 2948 λυμαίνεται
1497 2881 1592 2934 καὶ
1624 2882 1839 2955 φθείρει

260 2966 314 3017 τὸ
344 2966 530 3037 σῶμα,
569 2967 760 3041 ὥσπερ
791 2974 1229 3044 προσφυόμενον,
1267 2976 1355 3029 ἐπ’
1380 2977 1544 3031 αὐτὸν
1573 2978 1839 3034 διαϐαίνει

257 3056 342 3110 τὸν
365 3060 673 3129 πάσχοντα,
711 3064 806 3116 καὶ
839 3065 915 3128 ὡς
942 3066 1006 3120 άν
1036 3083 1121 3131 τις
1151 3067 1297 3122 εῐποι
1334 3071 1536 3124 οἰκεῖον
1570 3071 1664 3126 καὶ
1688 3074 1841 3138 ἐντὸς

259 3147 414 3201 αὐτοῦ
444 3150 691 3217 γίνεται.
733 3151 798 3207 Ἦ
825 3154 882 3208 δὲ
916 3155 985 3227 ἦν
1014 3173 1154 3226 φατε
1206 3161 1582 3232 περιγραφὴν,
1627 3163 1747 3234 ἦτοι
1779 3164 1841 3217 τὸ

257 3241 642 3310 είκονίζεσθαι,
675 3245 851 3301 οὐδενὶ
882 3247 1092 3304 τούτων
1116 3250 1535 3318 ὑποπέπτωκεν,
1569 3253 1665 3308 ἂτε
1703 3258 1832 3328 περὶ
1859 3273 1902 3332 c

256 3333 318 3385 τά
348 3335 518 3399 ἐκτὸς
542 3332 682 3390 οὖσα
704 3339 797 3392 καὶ
817 3341 1019 3412 ἥκιστα
1051 3344 1336 3416 ἁπτομένη
1399 3345 1494 3400 τοῦ
1544 3347 1796 3418 σώματος
1820 3364 1834 3378 ·

255 3425 328 3479 ὅτι
360 3427 434 3498 μὴ
453 3427 546 3496 τίς)
577 3430 709 3484 εἴδει
741 3433 903 3500 μόνον
931 3435 1270 3490 κοινωνοῦσα
1314 3438 1409 3490 τοῦ
1459 3441 1837 3510 γραφομένου,

257 3519 341 3568 καὶ
359 3517 436 3586 τῷ
463 3520 740 3590 σχήματι.
768 3523 918 3593 Ὂσῳ
944 3519 1038 3579 οὖν
1069 3526 1350 3597 ἐγγυτέρω
1371 3527 1434 3580 τὸ
1462 3529 1698 3598 πάσχειν
1746 3528 1838 3582 τοῦ

254 3609 626 3675 εἰκονίζεσθαι
660 3615 755 3666 καὶ
791 3616 1259 3686 περιγράφεσθαι,
1287 3618 1398 3671 τῶν
1428 3621 1558 3692 περὶ
1589 3620 1658 3674 τὰ
1683 3622 1841 3687 ἐκτὸς

252 3700 422 3756 ὄντων.
439 3703 557 3757 καὶ·
575 3705 732 3759 οὐδέν
764 3723 817 3760 τι
846 3708 986 3778 πρὸς
1017 3709 1224 3774 πάθους
1271 3695 1574 3781 γινομένων
1603 3713 1697 3766 τοῦ
1734 3714 1841 3767 σὼ-

256 3807 446 3859 ματος,
492 3793 634 3860 ἔδει,
665 3796 814 3849 κατὰ
830 3797 921 3850 τὸν
953 3797 1224 3870 ὑμέτερον
1259 3799 1442 3866 λόγον,
1481 3801 1575 3854 τὸν
1604 3804 1842 3872 Χριστὸν

255 3886 415 3956 σαρκὶ
458 3886 755 3956 πάσχοντα
785 3889 882 3941 καὶ
915 3889 1089 3953 πάθος
1115 3891 1256 3962 ὑπὲρ
1283 3894 1444 3962 ἡμῶν
1475 3894 1730 3966 φέροντα,
1769 3897 1844 3967 μὴ

255 3980 824 4050 συμπεριγράφεσθαι
876 3983 1037 4052 μόνον
1093 3987 1160 4055 τῇ
1217 3987 1405 4056 σαρκὶ,
1448 3987 1584 4041 ἀλλὰ
1636 3988 1700 4059 δὴ
1753 3991 1846 4042 καὶ

254 4071 612 4141 συμπάσχειν
660 4071 796 4143 αὐτῇ
833 4075 900 4144 τῇ
959 4074 1081 4127 κατ’
1122 4076 1289 4129 αὑτὸν
1326 4075 1565 4147 θεότητι.
1604 4079 1696 4150 Τῷ
1735 4082 1844 4151 γὰρ

251 4162 580 4233 οίκειοτέρῳ
613 4163 815 4233 μᾶλλον
839 4167 937 4218 καὶ
969 4166 1257 4238 ἐγγυτέρῳ
1305 4167 1666 4241 δικαιότερον,
1703 4173 1738 4242 ἢ
1772 4171 1846 4242 τῷ

253 4253 325 4322 μὴ
358 4253 543 4319 οὕτως
574 4257 775 4326 ἐχοντι,
805 4259 1131 4327 συμῗαίνειν
1177 4277 1238 4312 τε
1274 4264 1368 4314 καὶ
1423 4261 1842 4331 προστίθεσθαι.

250 4346 315 4397 Τί
346 4343 441 4400 οὖν
477 4349 670 4419 σάρκα
703 4350 997 4414 ἀκούοντες
1046 4351 1138 4404 τὸν
1179 4351 1408 4425 Κύριον,
1446 4355 1540 4407 καὶ
1592 4354 1720 4408 Υίὸν
1755 4360 1848 4411 ἀν-

249 4439 500 4510 θρώπου,
549 4441 649 4496 καὶ
683 4442 859 4495 είδὸτα
891 4443 1082 4513 φέρειν
1117 4443 1414 4514 μαλακίαν,
1455 4445 1548 4497 καὶ
1572 4445 1626 4498 εί
1649 4463 1700 4499 τι
1727 4447 1850 4500 rod”-

251 4548 361 4596 τοις
393 4533 794 4605 παραπλήσιον
817 4535 875 4587 ὲν
892 4536 1015 4598 ταῖς
1047 4533 1218 4599 θείαις
1249 4537 1494 4606 Γραφαῖς
1519 4537 1648 4608 περὶ
1679 4539 1846 4593 αὐτοῦ

1924 660 2140 730 Alioqui
2170 664 2235 715 de
2284 676 2464 717 rerum
2515 661 2948 718 necessariarum
2994 675 3224 716 numero
3263 659 3500 714 circum~

1925 755 2149 825 scriptio
2177 764 2280 810 est.
2304 755 2456 811 Sicut
2487 755 2631 811 enim
2664 769 2769 810 non
2803 763 2887 810 est
2917 769 3114 823 corpus
3152 755 3358 823 absque
3384 751 3504 806 loco

1925 857 2299 917 auttetnpore,
2320 850 2391 902 ita
2418 863 2592 919 neque
2609 848 2725 904 sine
2743 847 3274 917 circumscriptione.
3303 866 3321 896 ι
3354 845 3486 899 Nam

1926 938 2078 994 locus
2105 940 2507 997 circumscribit
2533 943 2890 1012 continetque
2926 950 3163 1010 corpus;
3223 938 3492 1008 siquidem
3536 961 3547 981 ι

1927 1033 2082 1087 locus
2142 1035 2409 1090 terminus
2430 1045 2514 1089 est
2537 1037 2890 1104 continentis,
2925 1017 3196 1107 quatenus
3255 1034 3502 1090 continet

1927 1142 1989 1181 ea
2008 1142 2128 1196 qua:
2156 1127 2502 1182 continentur
2519 1127 2655 1198 (2t).
2678 1146 2698 1181 ι
2735 1127 2921 1198 Itaque
2938 1127 3122 1183 dicere
3148 1141 3348 1197 corpus
3383 1141 3490 1180 non

1929 1220 2334 1285 circumscribi,
2367 1222 2507 1276 idem
2544 1231 2626 1277 est
2647 1235 2711 1276 ac
2743 1222 2928 1277 dicere
2949 1236 3056 1277 non
3081 1235 3202 1277 esse
3235 1219 3287 1274 in
3340 1218 3458 1273 loco
3485 1237 3496 1270 :
3554 1214 3560 1272 ζ

1929 1314 2071 1383 quod
2103 1323 2406 1370 autemnon
2441 1315 2491 1368 in
2525 1313 2663 1379 loco,
2681 1329 2748 1369 ne
2764 1329 2963 1383 corpus
2981 1313 3200 1384 quidem
3221 1320 3326 1367 est.
3356 1311 3498 1378 Quid

1929 1419 2060 1473 ergo
2076 1419 2140 1458 ex
2159 1403 2630 1459 hiscoucluditur?
2647 1402 2783 1458 Num
2799 1417 2997 1472 corpus
3012 1419 3118 1456 non
3136 1417 3255 1457 esse
3276 1400 3514 1470 corpus?

1933 1492 2046 1549 Hoc
2070 1495 2287 1550 demum
2321 1495 2450 1564 quid
2473 1495 2618 1549 aliud
2649 1503 2754 1560 est,
2779 1510 2941 1564 quant
2969 1509 3162 1548 onmes
3193 1491 3511 1547 stoliditatis

1933 1596 2096 1656 atque
2132 1588 2384 1642 amentia:
2419 1587 2556 1642 lines
2587 1587 2960 1658 praetervehi?
2991 1585 3202 1663 Captus
3227 1593 3309 1640 est
3351 1583 3517 1654 igitur

1935 1680 2126 1734 horum
2169 1681 2482 1750 dogmatum
2519 1695 2719 1750 parens
2756 1681 2985 1734 suismet
3022 1679 3228 1749 pinnis,
3258 1675 3512 1743 versique

1935 1780 2124 1826 contra
2158 1772 2329 1840 ipsum
2357 1782 2482 1827 sunt
2513 1771 2718 1844 proprii
2749 1781 3014 1839 conatus;
3047 1770 3372 1826 exciderunt
3417 1785 3501 1822 su-

1935 1863 2098 1931 perba
2121 1873 2176 1917 et
2198 1863 2460 1918 terribilia
2483 1871 2827 1935 argumenta,
2849 1876 3083 1933 quorum
3115 1856 3516 1929 ipseimpetum

1937 1954 2304 2009 inevitabilem
2326 1953 2839 2022 intolerandumque
2863 1951 3109 2022 putabat,
3133 1951 3356 2017 visaque
3386 1958 3515 2003 sunt

1933 2061 1962 2098 a
1997 2047 2343 2115 parvulorum
2400 2046 2641 2101 balbutie
2683 2061 2790 2100 nou
2829 2044 3070 2100 differre.
3116 2043 3332 2112 Reapse
3383 2043 3501 2097 base

1934 2137 2154 2205 puerilis
2184 2137 2380 2192 mentis
2404 2145 2530 2191 sunt
2558 2137 2799 2206 propria,
2831 2151 3010 2206 neque
3074 2132 3310 2189 iltfantili
3373 2149 3512 2188 con-

1934 2228 2139 2284 ditione
2167 2229 2362 2290 melius
2385 2243 2446 2284 se
2477 2229 2699 2284 habent.

2010 2319 2078 2376 Ut
2109 2328 2290 2374 autem
2345 2320 2520 2390 palam
2573 2319 2689 2386 fiat,
2735 2334 2974 2389 quonam
3040 2318 3172 2388 ipsis
3230 2318 3516 2398 sapipntite

1935 2427 2046 2467 sua:
2071 2412 2225 2478 copia
2285 2413 2504 2476 evadat,
2529 2411 2663 2466 illud
2697 2411 2860 2466 etiam
2921 2411 3196 2480 praedictis
3223 2411 3510 2463 add-annis.

1937 2505 2152 2560 Sensati
2183 2505 2362 2560 cuneti
2397 2504 2658 2570 fatentur,
2693 2503 3246 2574 passioitemomnem
3306 2502 3520 2570 corpori

1937 2608 2124 2652 nostro
2175 2613 2204 2650 a
2265 2596 2516 2666 qualibet
2559 2595 2850 2651 occasione
2906 2594 3268 2658 accidentem,
3303 2608 3400 2647 ceu
3435 2602 3521 2646 Cal

1937 2689 2251 2758 verberari,
2309 2689 2484 2756 feriri,
2537 2688 2706 2753 ca:di,
2780 2689 2909 2754 uri,
2976 2698 3031 2742 et
3091 2687 3310 2758 quidvis
3370 2686 3519 2741 aliud

1936 2782 2046 2857 30
2063 2797 2250 2837 eorum
2290 2797 2410 2858 quae
2437 2797 2636 2854 corpus
2670 2780 3003 2837 labefactant
3029 2788 3518 2850 autcorrumpunt,

1937 2875 2107 2928 veluti
2163 2873 2417 2928 adnatam
2473 2873 2711 2929 transire
2767 2874 2820 2928 in
2871 2874 3171 2944 patientem
3219 2873 3520 2936 hominem,

1939 2966 2182 3036 ejusque,
2215 2977 2272 3020 ut
2292 2965 2362 3020 ita
2387 2965 2588 3030 dicam,
2616 2965 2891 3036 propriam
2922 2976 3088 3036 atque
3110 2964 3355 3018 intimam
3379 2963 3521 3018 fieri.

1939 3059 2032 3114 Illa
2068 3068 2247 3112 tamen
2283 3073 2404 3128 quae
2457 3074 2487 3112 a
2523 3057 2676 3112 vobis
2703 3057 2906 3113 dicitttr
2951 3056 3417 3125 circumscriptio,
3468 3055 3521 3108 id

1940 3160 2022 3204 est
2059 3149 2333 3219 liguratio,
2394 3148 2528 3202 nihil
2581 3149 2964 3218 praedictorum
3009 3148 3196 3212 habet,
3241 3147 3366 3217 quia
3413 3154 3525 3202 tota
3574 3161 3584 3171 '

1939 3242 2178 3296 esterior
2225 3250 2328 3304 est,
2381 3253 2555 3310 neque
2591 3241 2862 3295 ullatenus
2919 3256 3118 3311 corpus
3149 3239 3392 3311 attingit,
3419 3239 3524 3294 nisi

1941 3342 2206 3403 quatenus
2257 3333 2452 3403 speciei
2505 3341 2709 3387 tantum
2755 3343 2810 3387 et
2849 3333 3034 3387 forma:
3097 3333 3312 3403 ligurati
3375 3347 3525 3387 com-

1943 3423 2205 3478 municat.
2264 3419 2398 3490 Quia
2455 3424 2621 3493 igitur
2672 3425 2855 3495 passio
2917 3424 3089 3497 magis
3154 3408 3372 3495 propria
3420 3436 3526 3492 est,

1944 3532 2107 3584 quam
2143 3515 2393 3584 figuratio
2441 3527 2495 3572 ct
2548 3517 3162 3587 circumscriptio,qu
3224 3518 3528 3573 extet-iores

1943 3619 2093 3676 sunt,
2129 3625 2302 3679 neque
2329 3626 2526 3680 corpus
2552 3607 2814 3675 alliciunt,
2846 3611 3002 3682 plane
3059 3620 3350 3682 oporteret,
3376 3613 3530 3681 juxta

1947 3712 2183 3756 vestrum
2253 3703 2626 3768 ratiocinium,
2683 3702 2967 3762 Clll‘iallllll
3058 3721 3223 3760 carne
3295 3722 3528 3775 .passum

1946 3799 2328 3876 cruciatusque
2369 3808 2598 3868 propter
2658 3816 2755 3854 nos
2793 3800 3176 3868 perferentem,
3206 3816 3314 3852 non
3372 3802 3532 3854 modo

1947 3906 2112 3946 carne
2139 3887 2538 3957 circumscribi,
2570 3891 2666 3945 sed
2699 3893 2862 3945 etiam
2892 3906 2998 3945 una
3048 3907 3172 3945 cum
3225 3891 3532 3954 divinitate,

1947 3984 2164 4036 easdem
2217 3983 2543 4052 participare
2589 3972 2892 4052 passiones.
2948 3982 3080 4036 Nam
3152 3983 3294 4051 quod
3362 3985 3534 4051 inagis

1947 4075 2227 4142 proprium
2279 4082 2447 4128 estet
2487 4072 2866 4142 propinquius,
2914 4073 2964 4126 id
3015 4073 3266 4128 accidere
3294 4081 3350 4127 et
3387 4073 3528 4135 fieri,
3564 4102 3573 4112 -

1949 4182 2111 4237 quam
2151 4167 2296 4236 quod
2354 4165 2517 4220 aliter
2541 4181 2600 4220 se
2665 4166 2851 4228 habet,
2883 4167 3090 4234 aequius
3117 4174 3219 4220 est.
3252 4165 3363 4220 Cur
3405 4180 3534 4234 ergo

1950 4276 2072 4314 cum
2105 4274 2328 4314 carnem
2369 4257 2570 4312 factum
2631 4257 2917 4312 Dominum
2977 4258 3200 4322 auditis,
3227 4269 3284 4312 et
3342 4257 3535 4310 Filium

1953 4349 2210 4412 hominis,
2268 4355 2323 4402 et
2383 4345 2670 4414 languores
2711 4356 3020 4414 expertum,
3065 4355 3118 4397 et
3171 4345 3213 4398 si
3276 4343 3402 4412 quid
3453 4345 3536 4395 his

1952 4441 2132 4495 simile
2162 4441 2216 4494 iu
2266 4439 2467 4493 divinis
2507 4437 2807 4506 Scripturis
2841 4437 2908 4492 de
2940 4452 3005 4490 eo
3034 4437 3257 4498 dicitur,
3295 4451 3413 4497 cur,
3453 4437 3537 4485 in-

1953 4548 2140 4602 quatn,
2169 4533 2423 4602 quoniam
2449 4528 2827 4598 inseparabilis
2851 4541 2933 4583 est
2963 4529 3192 4581 duarum
3219 4536 3406 4581 natura
3419 4542 3535 4578 t'nm

249 4625 497 4694 λέγεται,
524 4627 722 4698 ἐπειδὴ
764 4626 1072 4698 ἀχώριστον
1111 4628 1224 4682 τῶν
1266 4627 1361 4681 δύο
1411 4625 1628 4698 φύσεων
1674 4629 1736 4683 τὸ
1785 4630 1838 4684 ἓν

1955 4626 2115 4680 unica
2175 4639 2426 4694 persona,
2481 4639 2587 4677 non
2651 4621 2809 4678 simul
2852 4621 3182 4690 deprimitis,
3237 4620 3536 4676 secundum

253 4717 558 4787 πρόσωπόν
597 4720 737 4780 ἐστι,
784 4718 859 4788 μὴ
906 4709 1329 4771 συνταπεινοῦτε
1367 4719 1571 4788 μᾶλλον
1609 4721 1848 4786 τούτοις,

250 4807 376 4866 ὅσον
406 4809 562 4863 κατὰ
609 4808 714 4872 τὰς
751 4809 1027 4880 ὑμετέρας
1069 4810 1392 4881 ὑπολήψεις,
1444 4813 1538 4864 καὶ
1572 4813 1674 4884 τὴν
1725 4815 1850 4866 κατ’

253 4902 417 4954 αὐτὸν
454 4902 729 4971 θεότητα;
775 4903 899 4955 Ἐπὶ
948 4903 1135 4956 πλεῖον
1192 4905 1302 4976 γὰρ
1359 4905 1387 4956 ὁ
1442 4904 1618 4958 ταῦτα
1668 4905 1848 4976 λέγων

253 4994 818 5066 συγκατασμικρύνει
855 4995 954 5067 τὴν
978 4995 1201 5050 πάντων
1242 4995 1494 5068 βασιλίδα
1529 4998 1716 5066 φύσιν,
1749 4999 1782 5069 ἢ
1824 5001 1854 5052 ό

255 5088 634 5160 περιγράφων
670 5087 816 5142 κατὰ
839 5089 939 5158 τὴν
977 5090 1178 5161 σάρκα.
1229 5089 1341 5142 Καὶ
1378 5092 1427 5143 εί
1470 5089 1729 5160 βούλεσθέ
1787 5108 1848 5160 γε

251 5179 452 5246 οὕτως,
486 5181 592 5234 καὶ
613 5181 1210 5254 συμπεριτμηθήσεται
1231 5184 1296 5254 τῇ
1330 5184 1516 5252 σαρκὶ,
1542 5185 1637 5236 καὶ
1676 5184 1858 5238 συλλιο

254 5275 626 5348 θασθήσεται,
657 5277 950 5348 ὑπομείναι
978 5277 1023 5330 δ’
1057 5275 1123 5330 ἂν
1148 5277 1241 5331 καὶ⁵
1288 5277 1544 5348 σταυρὸν,
1595 5279 1688 5330 καὶ
1728 5296 1859 5331 συν-

254 5371 702 5441 νεκρωθήσεται,
732 5369 829 5423 καὶ
849 5356 1019 5423 τάλλα
1051 5369 1322 5433 πείσεται,
1341 5369 1442 5422 ὅσα
1461 5368 1692 5438 κάκείνη
1718 5369 1860 5440 ὑπὲρ

255 5464 413 5532 ἡμῶν
433 5461 774 5518 πεπονθέναι
793 5462 1130 5519 πιστεύεται.
1151 5463 1312 5518 Ἀλλά
1333 5462 1414 5526 τίς
1437 5461 1612 5525 οὕτως
1636 5463 1860 5532 ἐξέστη-

257 5574 355 5620 κε;
397 5558 488 5621 τίς
529 5554 710 5619 οὕτως
755 5557 946 5628 ἄφρων
986 5557 1078 5609 καὶ
1124 5556 1515 5626 παραπληξίας
1559 5559 1640 5619 είς
1689 5555 1858 5624 ἄκρον

257 5647 618 5719 ἐκϐεϐηκὼς,
642 5648 700 5710 ὃς
728 5645 838 5700 τῶν
866 5649 986 5711 ταῖς
1015 5646 1313 5718 ὑμετέραις
1344 5646 1673 5702 ὑποθέσεσιν
1726 5646 1855 5701 ἐπο-

1955 4729 2164 4772 vestras
2183 4726 2330 4772 certe
2362 4715 2666 4785 opiniones,
2700 4715 2869 4784 ipsius
2904 4730 3122 4784 quoque
3147 4714 3539 4767 divinitatem?

1955 4801 2126 4879 Magis
2151 4791 2294 4863 enim
2327 4809 2418 4877 qui
2447 4810 2560 4861 htnc
2595 4807 2754 4889 dicit,
2781 4818 3034 4860 naturam
3061 4805 3346 4877 (divinam)
3416 4808 3537 4859 uni-

1955 4903 2097 4957 versi
2122 4902 2364 4971 rcginam
2399 4885 2878 4968 imminuit,quam
2899 4901 2988 4964 qui
3021 4901 3073 4951 in
3104 4915 3269 4952 carne
3296 4913 3415 4951 eam
3437 4901 3545 4951 cit‘—
3629 4885 3636 4896 ’

1958 4991 2293 5049 cuntseribit.
2315 4991 2420 5046 Sic
2455 4992 2656 5060 itaque,
2686 4991 2728 5045 si
2764 4993 2918 5046 vobis
2951 4992 3149 5057 placet,
3186 4990 3442 5042 divinitas
3471 4991 3544 5040 si-

1961 5086 2072 5141 tnul
2095 5101 2218 5141 eum
2233 5099 2396 5138 carne
2412 5082 2851 5147 circumcidctur,
2872 5082 3030 5138 simul
3053 5082 3401 5151 lapidabitur,
3421 5098 3512 5132 cru
3527 5110 3540 5119 υ

1963 5195 2081 5234 cett!
2097 5192 2314 5248 quoque
2333 5176 2538 5247 pariter
2555 5176 2868 5242 sustinebit,
2891 5176 3305 5239 commurietur,
3328 5172 3544 5240 aliaque

1968 5274 2299 5343 perpetietur
2326 5279 2596 5340 quotquot
2616 5286 2744 5325 caro
2774 5284 2871 5338 pro
2897 5267 3051 5322 nobis
3079 5282 3233 5334 passa
3262 5265 3536 5318 creditur.

1963 5367 2350 5420 Verumtamen
2382 5363 2504 5432 quis
2543 5370 2827 5431 tantopere
2878 5358 3119 5414 delirat?
3145 5356 3275 5423 Quis
3322 5357 3393 5409 ita
3446 5355 3546 5410 dc-

1960 5473 2115 5513 tuens
2146 5467 2364 5525 tamque
2399 5455 2505 5509 alte
2535 5455 2587 5508 in
2619 5453 2846 5508 insania:
2870 5451 3076 5506 foveam
3136 5452 3444 5518 prolapsus.
3481 5458 3540 5504 ut

1960 5549 2228 5608 absurdos
2258 5547 2475 5616 Deoque
2504 5545 2734 5601 hostiles
2779 5556 3086 5605 scrtnones,
3120 5542 3210 5609 qui
3240 5556 3310 5596 ex
3349 5541 3547 5594 νοείτω

1959 5641 2425 5713 propositionibus
2485 5645 2914 5705 consequuntur,
2967 5633 3201 5688 toleret?
3249 5632 3381 5698 Quis
3424 5641 3547 5684 latt-

333 5848 448 5919 (Ἡ)
511 5847 738 5919 Brem-nt
811 5849 946 5900 hanc
991 5847 1312 5900 sententiam
1362 5849 1628 5917 excerpsit
1674 5865 1735 5902 ex
1779 5863 1838 5900 me

1943 5846 2231 5916 iit-opltoro
2284 5843 2374 5899 Fr.
2428 5841 2730 5898 'l‘urriatuts
2784 5841 2924 5908 apud
2989 5838 3307 5901 Canisittm.,
3367 5835 3550 5904 Antiq-

264 5921 382 5976 [ρει.
421 5922 511 5976 ed.
543 5918 586 5972 Β
626 5935 705 5976 συ.
736 5934 770 5974 ι,
808 5919 869 5983 Il,
905 5929 1041 5988 pat‘l.
1079 5934 1133 5983 ιι,
1165 5934 1214 5988 p.
1251 5919 1334 5976 ll.
