3978 6458
467 380 571 450 247

1494 375 1553 453 ἑ.
1589 369 2015 455 'NICEPHORI
2056 393 2562 457 PATRIARCHd-l
2600 398 2710 457 cr.

3604 398 3700 462 248

467 504 645 567 initio,
677 512 730 557 et
762 501 1067 569 invisibilis,
1095 502 1461 574 intangibilis,
1488 504 1695 573 absque
1718 502 1824 557 ulla
1855 502 2047 573 ﬁgura,

2154 523 2214 558 τε
2243 509 2338 559 καὶ
2373 507 2810 577 ἀσχημάτιστον,
2846 508 2940 560 καὶ
2974 508 3073 561 ὅσα
3110 507 3236 578 περὶ
3270 507 3360 561 τὸν
3392 507 3561 575 Λόγον
3595 512 3701 565 ἔστι

465 605 519 651 ct
550 608 904 665 quaecunque
944 596 1053 650 alia
1089 596 1145 650 in
1179 595 1358 652 Verbo
1408 594 1877 666 contemplamur?
1905 610 2046 665 prm-

463 685 654 741 sertim
685 684 811 753 quia
852 686 970 741 hac
999 686 1236 742 invicem
1265 688 1706 755 subsequuntur:
1744 701 1868 740 nam
1903 687 2047 755 quod

465 785 552 832 est
611 778 1173 848 incircumscriptum,
1230 778 1372 834 idem
1423 787 1506 833 est
1559 777 1859 845 invisibile;
1905 779 2049 849 quod

467 866 764 934 invisibile,
785 868 928 924 idem
963 869 1231 925 inﬁnitum
1255 887 1270 937 ;
1295 869 1399 924 hoc
1433 881 1616 923 autem
1636 869 2048 940 incomprehen-

467 958 629 1015 sibile
645 960 811 1015 etiam
832 970 936 1017 est.
958 960 1095 1017 Tum
1122 961 1264 1030 quod
1288 972 1370 1016 est
1393 960 1751 1031 impassibile,
1787 961 1931 1017 idem
1963 963 2049 1016 in-

469 1050 860 1121 corruptibile;
890 1054 1033 1121 quod
1066 1051 1500 1122 incorruptibile,
1528 1050 1675 1107 idem
1702 1051 2047 1120 immortale;

469 1143 613 1212 quod
657 1142 987 1207 immortale,
1019 1143 1411 1214 sempiternum
1442 1157 1660 1214 quoque
1689 1152 1794 1209 est,
1817 1143 2050 1213 ideoque

470 1233 577 1289 line
624 1247 838 1293 carens.
875 1233 971 1288 Sic
1022 1232 1207 1303 itaque
1239 1248 1300 1290 se
1329 1233 1552 1289 habebit
1600 1235 1764 1290 etiam
1814 1248 1964 1299 caro,
1993 1243 2051 1289 ut

467 1334 722 1396 tanquam
770 1328 1058 1395 congénita
1093 1327 1273 1384 Verbo
1319 1336 1374 1383 et
1410 1329 1845 1384 substantialiter
1901 1345 2051 1385 com-

467 1430 648 1487 paeta,
687 1427 853 1488 atque
880 1434 1076 1474 omnes
1106 1420 1472 1489 proprietates
1504 1422 1715 1493 adepta,
1751 1436 1818 1477 ex
1854 1422 2053 1493 quibus

466 1511 631 1572 Verbi
681 1518 987 1572 substantia
1045 1518 1409 1588 dignoscitur,
1458 1520 1625 1574 etiam
1690 1521 2051 1575 conSubstan—

471 1606 616 1664 tialis
644 1607 723 1664 illi
753 1610 969 1665 evadat.
1002 1608 1115 1665 lmo
1139 1651 1155 1676 ,
1183 1609 1229 1665 si
1277 1625 1374 1664 nos
1402 1619 1615 1680 oportet
1646 1609 2048 1677 rationabilius,

467 1699 748 1754 vobiscum
803 1701 1244 1770 congredientes,
1304 1700 1524 1767 dicere,
1582 1688 1843 1771 quoniam
1897 1716 2050 1766 caro,

467 1809 536 1848 ex
589 1794 864 1850 sententia
907 1805 1111 1859 vestra,
1147 1793 1634 1849 consubstantialis
1695 1793 1876 1850 Verbo
1922 1794 2049 1849 data

2151 598 2508 669 θεωρούμενα
2531 615 2545 664 ;
2567 599 2690 651 ἐπεὶ
2718 598 2812 651 καὶ
2832 598 3026 651 ἕπεται
3056 599 3131 663 ὡς
3153 600 3223 653 τὰ
3244 599 3411 652 πολλὰ
3432 594 3670 669 ἀλλήλοις
3687 620 3700 632 ·

2148 688 2211 740 τὸ
2248 689 2358 758 γὰρ
2386 689 2825 761 ἀπερίγραπτον,
2853 692 2945 744 καὶ
2975 691 3207 762 ἀόρατον
3228 706 3244 721 ⁸
3280 691 3341 744 τὸ
3369 691 3426 745 δὲ
3457 693 3701 763 ἀόρατον,

2151 781 2245 833 καὶ
2276 780 2531 854 ἀόριστον
2555 796 2569 811 ο
2594 780 2756 833 τοῦτο
2783 781 2862 846 δὲ,
2899 782 3145 851 ἄληπτον
3165 799 3180 814 ο
3208 782 3267 835 τὸ
3298 782 3354 834 δὲ
3399 784 3497 835 καὶ
3517 784 3706 847 ἀπαθὲς

2150 873 2246 925 καὶ
2296 873 2609 942 ἄφθαρτονο
2641 872 2703 924 τὸ
2737 871 2793 925 δὲ
2822 871 3123 943 ἄφθαρτον,
3168 873 3264 926 καὶ
3309 872 3575 927 ἀθάνατον
3597 889 3611 902 '
3642 875 3707 928 ’τὸ

2148 961 2205 1014 δὲ
2236 960 2530 1027 ἀθάνατον,
2562 963 2653 1016 καί
2683 963 2879 1027 ἀΐδιον,
2902 963 3077 1034 ταύτῃ
3102 980 3187 1017 τοι
3217 964 3311 1017 καὶ
3340 965 3707 1034 ἀτελεύτητον.

2154 1055 2349 1107 Ἔσται
2374 1054 2432 1108 δὲ
2459 1055 2631 1109 ταῦτα
2658 1055 2757 1109 καὶ
2787 1057 2821 1126 ἡ
2848 1055 3007 1127 σὰρξ,
3031 1056 3117 1109 ἵνα
3142 1055 3394 1127 καθάπερ
3416 1060 3711 1126 συμφυεὶσα

2148 1144 2228 1214 τῷ
2250 1145 2408 1216 Λόγῳ
2432 1146 2528 1201 καί
2556 1146 3009 1212 συνουσιωθεῖσα,
3035 1148 3132 1202 καὶ
3161 1148 3341 1202 πάντα
3364 1149 3436 1201 τὰ
3459 1148 3711 1218 ἰδιώματα

2150 1238 2401 1309 φυσικῶς
2446 1238 3023 1310 κατακληρωσαμένη,
3055 1241 3115 1307 ἒξ
3153 1233 3228 1294 ὧν
3261 1240 3429 1293 αὐτοῦ
3482 1243 3516 1311 ὴ
3567 1240 3709 1294 οὐσία

2150 1328 2643 1401 χαρακτηρίζεται,
2674 1331 2770 1384 καὶ
2790 1330 3081 1402 όμοούσιος
3107 1332 3259 1402 αὐτῷ
3282 1331 3392 1402 εἴη.
3416 1333 3591 1385 Καὶεὶ
3611 1333 3707 1403 χρὴ

2149 1421 2519 1494 λογικώτερον
2554 1424 2686 1494 ὑμῖν
2748 1424 3175 1495 συμπλακέντας
3217 1425 3425 1487 εἰπεῖν,
3464 1424 3549 1476 ὃτι
3575 1425 3710 1476 ἐπει-

2150 1515 2217 1584 δὴ
2238 1515 2525 1586 όμοούσιος
2565 1516 2598 1586 ἡ
2638 1514 2797 1585 σὰρξ,
2827 1516 2953 1570 καθ’
2989 1517 3158 1588 ὑμᾶς,
3191 1516 3269 1586 τῷ
3309 1517 3472 1586 Λόγῳ
3494 1515 3708 1581 δέδεται,

2151 1610 2179 1663 ό
2209 1609 2265 1662 δὲ
2298 1609 2475 1678 Λόγος
2504 1609 2581 1682 τῷ
2612 1612 2789 1682 Πατρί
2817 1611 3126 1682 όμοούσιος,
3168 1612 3310 1666 ἔστω
3339 1613 3427 1667 διὰ
3460 1613 3554 1665 τὸν
3588 1613 3711 1682 ὑμέ-

2149 1716 2308 1771 τερον
2328 1699 2486 1769 λόγον
2516 1700 2611 1754 καὶ
2639 1701 2672 1771 ἡ
2700 1699 2838 1770 σὰρξ
2867 1701 2946 1772 τῷ
2990 1703 3166 1774 Πατρὶ
3193 1702 3506 1774 όμοοὺσιος,
3543 1702 3711 1763 ὡσαύ-

2150 1809 2256 1855 τως
2290 1791 2346 1845 δὲ
2370 1794 2464 1846 καὶ⁵
2495 1791 2574 1863 τῷ
2616 1793 2921 1864 Πνεύματι.
2979 1794 3074 1858 Εἰς
3103 1795 3263 1848 τοῦτο
3300 1795 3449 1865 ὑμᾶς
3476 1794 3573 1865 τῆς
3600 1796 3713 1847 ἀσε-

465 1893 550 1940 est
588 1927 606 1953 ,
650 1883 888 1941 Verbum
945 1896 1127 1942 autem
1173 1884 1325 1940 Patri
1402 1893 1487 1941 est
1550 1885 2050 1953 consubstantiale,

2157 1884 2311 1949 ϐείας
2340 1884 2401 1938 τὸ
2454 1886 2901 1957 κεκομψευμένον
2946 1887 3046 1940 καὶ
3072 1886 3353 1957 ἐκπρεπὲς
3381 1886 3475 1940 τοῦ
3529 1889 3709 1958 ἀπερι-

464 1976 718 2045 seqnitur
756 2017 772 2044 ,
813 1978 969 2049 juxta
1047 1978 1393 2035 ratiocinium
1450 1989 1692 2035 vestrum
1723 2022 1739 2047 ,
1810 1988 1871 2033 ut
1923 1993 2052 2034 caro

464 2065 613 2124 Patri
672 2084 890 2141 quoque
965 2070 1041 2126 sit
1090 2070 1610 2138 consubstantialis,
1647 2070 1885 2141 itemque
1930 2071 2053 2139 Spi-

468 2159 621 2216 ritui.
673 2159 735 2215 In
795 2170 1004 2217 tantum
1046 2177 1143 2218 vos
1201 2162 1500 2233 impietatis
1551 2163 1870 2219 barathrum
1937 2179 2057 2234 spe-

468 2253 615 2307 ciosa
654 2252 768 2308 haec
827 2261 883 2308 et
929 2252 1193 2322 praeclara
1246 2254 1739 2323 incircumscriptio
1790 2254 2050 2325 proiecit!

471 2343 578 2400 Sed
628 2353 683 2399 et
732 2343 864 2403 illud
910 2345 1104 2400 addam
1144 2386 1160 2411 ,
1224 2343 1383 2403 aliter
1426 2344 1590 2400 etiam
1643 2344 1907 2400 Mamonae
1957 2361 2053 2400 no-

468 2435 570 2492 stri
595 2451 904 2493 sermonem
943 2437 996 2491 in
1050 2447 1354 2492 extremam
1384 2436 1633 2492 desinere
1660 2434 1998 2505 impietatem
2034 2455 2049 2490 :

467 2536 623 2584 certe
680 2528 736 2585 in
805 2539 1068 2599 quantam
1145 2528 1512 2599 irreligionem
1579 2527 1863 2597 abripiat,
1926 2527 2053 2582 hinc

470 2635 781 2677 noscemus.
812 2620 1061 2690 Namque
1118 2621 1173 2676 hi
1224 2622 1370 2678 sicut
1416 2620 1562 2677 circa
1616 2617 2052 2673 incarnationem

470 2713 524 2765 in
554 2712 669 2781 ipsa
703 2712 779 2767 rei
815 2727 1026 2767 summa
1077 2713 1355 2778 aberrant,
1381 2710 1454 2766 ita
1485 2712 1648 2767 etiam
1696 2710 1752 2763 in
1806 2707 2051 2764 doctrina

468 2800 537 2859 de
565 2804 680 2874 ipso
714 2802 825 2859 Deo
842 2803 1206 2870 attendentes,
1239 2802 1493 2873 capitalis
1526 2786 1772 2856 criminis
1799 2800 1872 2855 rei
1912 2800 2054 2854 suis-

2150 1974 2400 2048 γράπτου
2452 1977 2767 2049 ὲξηκόντισε
2826 1979 3154 2051 βάραθρονι
3211 1979 3433 2034 Ὀποῖον
3483 1978 3540 2032 δὲ
3579 1978 3710 2049 δήτι

2152 2069 2376 2123 κάκεῖνό
2403 2087 2571 2141 φημι,
2599 2071 2674 2133 ὡς
2695 2071 2790 2125 καὶ
2821 2071 2999 2135 ἄλλως
3030 2073 3109 2134 εἰς
3139 2071 3238 2143 τὴν
3268 2070 3462 2124 πασῶν
3494 2070 3710 2140 ἐσχάτην

2150 2163 2179 2215 ὁ
2215 2159 2374 2230 λόγος
2407 2161 2560 2233 αὐτῷ
2598 2162 2924 2218 δυσσέϐειαν
2960 2163 3248 2235 ὲξοίχοιτο,
3280 2162 3375 2217 καὶ
3417 2164 3545 2216 ὅποι
3594 2161 3712 2214 ποτὲ

2152 2252 2343 2317 ἀθεῒας
2392 2254 2622 2323 ἀπάγει,
2673 2254 2928 2309 ἐντεῦθεν
2979 2253 3265 2326 εἰσόμεθα.
3299 2252 3572 2323 Καθάπερ
3616 2250 3711 2322 γὰρ

2154 2347 2250 2400 ἐπὶ
2270 2346 2371 2416 τῆς
2401 2346 2717 2417 οἰκονομίας
2749 2349 2831 2412 εἰς
2862 2347 3003 2404 αὐτὰ
3028 2346 3478 2418 ἀποσφάλλονται
3505 2345 3574 2398 τὰ
3601 2360 3710 2397 συν-

2150 2438 2516 2503 εκτικώτατα,
2549 2439 2626 2511 τῷ
2659 2439 2811 2511 αὐτῷ
2840 2439 2906 2511 δὴ
2936 2441 3113 2512 τούτῳ
3156 2439 3346 2511 τρόταρ
3381 2439 3485 2493 καὶ
3514 2436 3604 2492 ἐπὶ
3630 2435 3711 2505 τῆς

2152 2529 2434 2599 θεολογίας
2488 2532 2942 2601 προσπταίοντες,
2976 2533 3058 2596 εἰς
3099 2530 3170 2585 τὰ
3212 2530 3408 2602 καίρια
3470 2527 3710 2599 φωραθή-

2153 2637 2362 2687 σονται,
2384 2624 2498 2686 τοῖς
2515 2622 2970 2694 ὲαυτῶνηβρόχοις
2994 2622 3347 2692 ἁλισκόμενοι
3363 2620 3706 2676 ἀϐουλότατα·

2149 2712 2345 2785 ἐπειδὴ
2396 2713 2877 2779 ἁντιπεπονθότως
2934 2714 3006 2768 τὰ
3047 2713 3155 2779 τῶν
3204 2713 3452 2784 σχέσεων
3493 2712 3580 2766 διὰ
3622 2710 3708 2781 τὴν

2151 2801 2471 2872 ἐπαλλαγὴν
2502 2804 2560 2856 ἐν
2596 2802 2837 2875 ἑκατέρᾳ
2865 2802 3175 2875 θεωρεῖται.

470 2903 581 2951 met
633 2895 780 2966 capti
834 2894 1044 2966 laqueis
1115 2894 1492 2951 incautissime
1548 2891 2043 2963 deprehendantur.
2084 2891 2301 2949 Etenim
2333 2896 2531 2952 talione
2592 2896 2993 2967 quodammodo
3051 2896 3342 2953 relationes
3370 2895 3638 2952 alternare
3662 2893 3707 2947 iu

466 3001 702 3063 utraque
728 3005 789 3046 re
818 3000 1137 3047 cernuntur.

535 3135 631 3190 2|.
673 3132 808 3189 Nam
840 3132 982 3189 sicut
1044 3133 1096 3187 in
1155 3131 1537 3189 incarnatione
1592 3132 1918 3205 copulantur
1957 3149 2052 3188 na-

2231 3128 2339 3186 κα¹.
2370 3123 2447 3202 *ῌ
2487 3130 2585 3201 μὲν
2616 3128 2725 3199 γὰρ
2758 3126 3009 3181 ἑνοῦνται
3038 3125 3133 3180 ἐπὶ
3165 3123 3267 3195 τῆς
3312 3122 3628 3193 οἰκονομίας
3661 3123 3708 3176 αἱ

468 3236 605 3282 turae
649 3225 718 3281 ad
757 3223 1115 3295 hypostasim,
1147 3223 1224 3278 ita
1251 3223 1637 3295 discernuntur
1682 3224 1736 3277 iu
1768 3222 2047 3278 Trinilale

2154 3220 2348 3291 φύσεις
2380 3220 2518 3292 πρὸς
2554 3219 2653 3290 τὴν
2676 3220 3005 3283 ὑπόστασιν,
3028 3217 3202 3289 ταύτῃ
3231 3216 3607 3287 διακέκρινται
3630 3215 3709 3268 ἐπὶ

465 3319 795 3390 hypostases
828 3320 1050 3386 pr0pter
1097 3314 1414 3384 personales
1456 3313 1842 3385 proprietates.
1874 3313 2048 3368 Vit-is-

465 3409 569 3462 sim
595 3406 920 3477 copulantur
951 3406 1003 3458 in
1029 3402 1301 3460 Trinitate
1332 3405 1674 3476 hypostases,
1707 3405 1775 3460 ob
1798 3404 2045 3459 eamdem

410 3542 431 3561 ,
467 3500 525 3553 in
618 3497 704 3552 his
779 3506 1065 3564 naturam;
1137 3496 1514 3551 discernuntur
1586 3506 1765 3551 autem
1840 3506 2048 3551 natura!

469 3591 525 3644 in
575 3589 972 3655 incarnatione,
1015 3599 1245 3658 propter
1287 3589 1603 3643 substantim
1661 3587 2044 3652 diﬂ‘erentiam,

470 3682 630 3736 faeta;
677 3681 990 3736 individua.
1025 3680 1179 3738 Sicut
1206 3694 1337 3753 ergo
1386 3681 1439 3735 hi
1486 3696 1593 3736 non
1633 3681 1917 3750 assignant
1951 3693 2046 3750 pe-

468 3774 709 3829 culiares
764 3783 1082 3829 naturarum
1134 3775 1186 3828 in
1233 3775 1610 3829 incarnatione
1668 3772 2045 3843 proprietates,

467 3882 591 3931 qua:
654 3866 776 3922 illas
825 3866 895 3922 ab
946 3865 1325 3936 heterogeneis
1372 3874 1684 3930 secet-naut,
1754 3866 1827 3918 ita
1873 3878 1941 3919 ne
1992 3863 2045 3916 in

470 3957 741 4012 Trinitate
782 3955 1002 4026 quidem
1078 3955 1366 4010 distinctas
1418 3956 1643 4009 omnino
1711 3952 2049 4008 exhibebunt

472 4051 836 4118 hypostaseon
865 4055 1046 4108 notas,
1097 4061 1218 4115 qua!
1274 4046 1418 4115 ipsas
1452 4047 1772 4116 hypostases
1831 4046 1885 4097 in
1941 4057 2047 4096 una

471 4139 773 4207 eademque
851 4136 1152 4197 substantia
1246 4145 1535 4203 spectatas
1583 4135 1723 4189 inter
1798 4147 1860 4189 se
1935 4135 2047 4189 dis-

474 4232 753 4302 tinguunt.
810 4228 988 4299 Atque
1034 4237 1093 4281 ut
1159 4226 1271 4282 illic
1329 4227 1398 4281 de
1446 4226 1763 4296 hypostasi,
1818 4225 1893 4281 ita
1962 4224 2050 4280 hic

471 4329 542 4382 de
600 4332 794 4381 natura
844 4323 1172 4380 rixabuntnr
1242 4340 1255 4375 :
1311 4320 1581 4392 siquidem
1653 4320 2048 4390 proprietatum

472 4419 613 4490 apud
657 4418 806 4488 ipsos
859 4432 965 4472 non
1002 4415 1216 4487 videtur
1250 4416 1362 4469 tleri
1418 4412 1717 4468 distinctio.
1752 4411 1887 4478 Quid
1921 4425 2051 4478 ergo

470 4513 538 4567 ad
575 4512 693 4567 haec
723 4510 996 4566 dicimus?
1020 4508 1220 4577 Nempe
1244 4509 1387 4577 quod
1418 4508 1459 4561 si
1486 4506 1639 4573 juxta
1666 4505 1879 4558 illorum
1927 4519 2053 4574 pro-

2152 3311 2253 3380 τῆς
2282 3309 2560 3379 θεολογίας
2593 3309 2649 3362 al
2706 3308 3055 3373 ὑποστάσεις,
3088 3307 3176 3361 διὰ
3224 3306 3325 3370 τὰς
3371 3305 3710 3378 προσωπικὰς

2156 3398 2432 3469 ἰδιότητας
2455 3413 2470 3428 ⁸
2578 3397 2635 3451 δὲ
2663 3398 2899 3469 ἦνωνται
2922 3398 3015 3450 ἐπὶ
3042 3396 3139 3467 τῆς
3167 3394 3451 3465 θεολογίας
3493 3398 3549 3451 αἱ
3592 3396 3710 3447 ὑπο-

2156 3489 2378 3551 στάσεις
2416 3488 2502 3541 sta
2550 3488 2651 3560 τὴν
2690 3486 2926 3558 φυσικὴν
2975 3488 3304 3558 ταυτότητα,
3334 3487 3515 3560 ταύτῃ
3543 3485 3708 3540 διακέ-

2154 3597 2371 3651 κρινται
2401 3581 2495 3632 ἐπὶ
2525 3579 2623 3650 τῆς
2647 3562 2982 3650 οἰκονομίας,
3016 3579 3159 3633 κατὰ
3178 3580 3279 3642 τὰς
3302 3578 3497 3648 φύσεις
3524 3578 3608 3634 διὰ
3624 3578 3710 3642 τὰς
3747 3626 3752 3632 .

2152 3673 2432 3737 οὑσιώδεις
2476 3671 2743 3742 διαφορὰς
2784 3671 3105 3742 ἰδιούμεναι.
3155 3673 3367 3741 Ὠσπερ
3414 3669 3511 3726 οὖν
3555 3673 3614 3724 οὐ
3639 3671 3707 3724 δι-

2153 3765 2340 3820 δόασιν
2371 3766 2551 3817 ἐκεῖσε
2574 3765 2642 3817 τὰ
2669 3765 3153 3835 χαρακτηριστικὰ
3191 3765 3301 3820 τῶν
3332 3767 3549 3836 φύσεων
3579 3762 3707 3817 ἰδιὼο

2158 3872 2327 3925 ματα,
2352 3856 2496 3927 ἅπερ
2513 3854 2682 3918 αὐτὰς
2709 3855 2816 3908 τῶν
2842 3856 3151 3925 ἑτεροφυῶν
3180 3856 3474 3928 διίστησιν,
3493 3856 3609 3910 οὐδὲ
3639 3856 3712 3908 ὲν-

2157 3946 2333 4001 ταῦθα
2355 3947 2577 4010 πάντως
2597 3948 2666 4000 τὰ
2700 3947 3033 4018 ἀφοριστικὰ
3060 3948 3172 4001 τῶν
3205 3950 3556 4004 ὑποστάσεων
3590 3963 3713 4015 παρ-

2152 4039 2337 4106 έξουσι
2366 4040 2749 4110 γνωρίσματα,
2783 4041 2927 4111 ἅπερ
2957 4040 3128 4104 αὑτὰς
3158 4044 3287 4112 περὶ
3315 4043 3417 4113 τὴν
3442 4041 3605 4112 αὐτὴν
3626 4040 3708 4093 καὶ

2159 4131 2290 4201 μίαν
2313 4131 2500 4184 οὐσίαν
2540 4131 2943 4202 θεωρουμένας,
2968 4132 3065 4185 ἀπ’
3095 4132 3341 4204 ἀλλήλων
3368 4133 3709 4205 διακρίνουσι.

2157 4224 2270 4278 Καὶ
2292 4226 2394 4278 ὅσα
2445 4225 2633 4277 λοιπὸν
2667 4227 2798 4295 περὶ
2827 4225 2926 4295 τὴν
2957 4225 3263 4278 ὑπόστασιν
3311 4227 3449 4291 ἐκεῖ,
3493 4222 3709 4278 τοσαῦτα

2157 4315 2255 4369 καὶ
2284 4316 2376 4369 διὰ
2410 4315 2509 4387 τὴν
2544 4316 2709 4385 φύσιν
2759 4315 2993 4371 ἐνταῦθα
3040 4317 3541 4387 ζυγομαχήσουσιν,
3571 4315 3709 4381 είπερ

2162 4407 2425 4479 ἰδιότητος
2452 4410 2583 4481 παρ’
2614 4411 2798 4472 αὐτοῖς
2817 4410 2915 4479 οὐχ
2941 4410 3136 4480 ὁρᾶται
3163 4409 3445 4480 διαστολή.
3471 4410 3611 4479 Πρὸς
3632 4401 3710 4459 οὖν

2156 4500 2212 4552 τί
2244 4498 2419 4553 ταῦτά
2450 4517 2630 4571 φημι;
2662 4501 2786 4553 Ὀτι
2814 4502 2864 4553 εἰ
2898 4500 3042 4554 κατὰ
3074 4501 3173 4563 τὰς
3205 4501 3495 4562 ὑποθέσεις
3526 4495 3708 4559 αὐτῶν,

472 4604 796 4674 positiones,
842 4612 1067 4672 propter
1126 4601 1383 4655 unionem
1426 4615 1550 4654 cum
1607 4597 1823 4662 Verbo,
1883 4612 2049 4667 opor-

2155 4592 2247 4647 διὰ
2280 4593 2379 4664 τὴν
2406 4594 2541 4665 πρὸς
2570 4593 2662 4646 τὸν
2694 4594 2867 4661 Λόγον
2891 4592 3109 4657 ἕνωσιν,
3146 4594 3563 4665 ἀπερίγραπτον
3590 4587 3712 4642 εἶναι

478 4706 554 4752 tet
603 4708 822 4749 carnem
865 4709 989 4749 esse
1039 4693 1608 4760 incircumscriptant',
1649 4705 1872 4745 necesse
1911 4697 2054 4742 este

474 4787 780 4849 contrario,
813 4786 1070 4855 quoniam
1101 4785 1404 4854 oppositam
1441 4784 1703 4837 rationem
1744 4797 1829 4835 res
1871 4782 2051 4835 incar-

478 4878 720 4935 nationis
782 4877 1008 4943 habent,
1034 4876 1174 4930 idem
1241 4874 1500 4946 consequi
1566 4874 1871 4943 ﬂagitium,
1910 4876 2055 4925 situt

477 4986 664 5028 sermo
736 4979 924 5024 noster
991 4969 1288 5021 decurrens
1341 4964 1752 5019 demonstrabit.
1824 4961 1955 5016 Nam
2006 4963 2051 5016 si

478 5066 643 5121 Pater
688 5072 773 5119 cst
828 5062 1124 5132 ingenitus,
1184 5060 1355 5115 Filius
1407 5068 1586 5111 autem
1644 5056 1894 5128 genitus;
1946 5054 2054 5107 erit

479 5167 702 5230 prOpter
756 5170 918 5210 unam
980 5154 1338 5222 eamdemque
1391 5160 1691 5212 naturam,
1751 5147 2051 5202 secundum

477 5266 640 5323 quam
678 5247 1058 5306 rindiﬂ’erentia
1113 5257 1167 5302 et
1207 5242 1490 5315 a'qualitas
1526 5242 1576 5295 in
1606 5239 1871 5295 ambobus
1901 5253 2055 5306 spec-

481 5354 648 5407 tatur,
695 5344 825 5409 erit,
887 5344 1130 5413 inquam,
1177 5339 1338 5394 Pater
1391 5349 1607 5405 quoque
1662 5332 1918 5403 genitus,
1972 5330 2053 5384 vel

480 5436 685 5506 alioqui
711 5436 885 5492 Filius
913 5435 1217 5506 ingenitus;
1256 5429 1514 5498 idemque
1545 5440 1727 5481 sermo
1754 5426 1822 5477 de
1852 5422 2056 5492 Spiritu

480 5526 645 5582 etiam
701 5537 893 5584 sancto
934 5525 1157 5580 valebit.
1189 5523 1302 5579 Hoc
1325 5529 1505 5575 autem
1556 5516 1684 5588 quid
1737 5516 1844 5570 dici
1882 5523 2058 5585 potest

482 5615 772 5671 scelestius
794 5625 850 5672 et
896 5611 1291 5684 irreligiosius‘.’
1320 5610 1426 5666 Sed
1454 5608 1563 5676 jam
1589 5606 1749 5659 \adco
1809 5602 2056 5658 absurdis

479 5707 722 5771 omissis,
748 5709 814 5761 ad
848 5707 1082 5779 reliquas
1110 5704 1377 5762 sermonis
1397 5710 1579 5773 partes
1606 5712 1913 5768 pergamus.

548 5819 655 5895 33
704 5820 793 5876 Ἦ.
827 5819 1179 5891 Prosequitur
1216 5834 1346 5889 ergo
1371 5816 1647 5873 Mamonas
1686 5831 1694 5865 :
1736 5830 1754 5864 ι
1787 5809 2050 5878 Quoniam

2156 4686 2258 4756 τὴν
2313 4686 2492 4757 σάρκα
2530 4687 2631 4747 δεῖ,
2687 4685 2905 4754 ἀνάγκη
2959 4687 3025 4739 ὲκ
3087 4685 3180 4739 τοῦ
3239 4686 3508 4748 ἐναντίου,
3544 4677 3715 4746 ἐπειδὴ

2157 4777 2401 4846 ἔμπαλιν
2426 4777 2665 4830 ἐνταῦθα
2687 4778 2718 4848 ἢ
2742 4778 2835 4830 ἐπὶ
2855 4777 2955 4847 τῆς
2981 4778 3301 4848 οἰκονομίας
3328 4777 3461 4846 ἔχει,
3498 4775 3562 4827 τὰ
3589 4768 3713 4826 αὐτὰ

2160 4869 2521 4941 περαίνεσθαι
2552 4869 2791 4937 ἄθεσμα,
2818 4869 2892 4933 ὡς
2914 4869 3115 4940 όλόγος
3141 4869 3411 4939 ἐφοδεύων
3450 4862 3711 4938 ’παραστειῇ⁴

2159 4981 2330 5019 σειεν.
2363 4954 2437 5017 Εἴ
2462 4964 2573 5033 γὰρ
2598 4963 2633 5015 ό
2674 4962 2859 5032 Πατὴρ
2899 4963 3216 5033 ἀγέννητος,
3246 4965 3274 5016 ό
3301 4962 3357 5015 δὲ
3380 4960 3507 5023 Υἱὸς
3546 4971 3706 5026 γεννη-

2160 5058 2274 5120 τὸς,
2310 5055 2452 5109 ἔστω
2484 5054 2570 5109 διὰ
2611 5055 2712 5125 τὴν
2746 5055 2876 5125 μίαν
2907 5057 3004 5109 καὶ
3032 5057 3242 5125 ταυτὴν
3290 5053 3474 5123 φύσιν,
3507 5048 3621 5104 καθ’
3651 5046 3710 5115 ῆν

2159 5149 2221 5200 τὸ
2252 5147 2453 5201 ταυτὸν
2482 5147 2577 5201 καὶ
2614 5145 3042 5218 ἁπαρᾷἀλακτον
3072 5146 3161 5199 ἐπ’
3191 5143 3705 5217 ἀμφοῖνἬεωρεῖται.

2163 5242 2256 5293 καὶ
2283 5226 2311 5292 ό
2344 5240 2535 5309 Πατὴρ
2574 5240 2854 5309 γεννητὸς,
2884 5239 2917 5309 ἢ
2951 5240 2978 5291 ό
3004 5238 3131 5302 Υἱὸς
3163 5238 3458 5309 ἀγέννητος
3479 5252 3492 5266 ·
3519 5235 3545 5287 ὁ
3567 5227 3710 5288 αὐτὸς

2161 5331 2218 5384 δὲ
2251 5331 2409 5397 λόγος
2448 5332 2715 5401 κρατήσει
2747 5329 2993 5401 καὶπερὶ
3037 5327 3132 5382 τοῦ
3175 5327 3334 5397 ἁγίου
3390 5322 3706 5393 Πνεύματος·

2159 5422 2378 5476 Τούτων
2403 5421 2460 5474 δὲ
2493 5422 2546 5475 τί
2582 5421 2649 5475 ἂν
2684 5420 2899 5490 γένοιτο
2927 5414 3289 5491 ἀσεϐέστερον
3326 5417 3360 5489 ἢ
3392 5416 3709 5483 ἀθεώτερονς

2170 5512 2329 5566 Ἀλλὰ
2356 5512 2463 5567 τῶν
2493 5511 2665 5577 οὕτως
2690 5513 2908 5566 ἀτόπων
2939 5513 3227 5583 ἀφέμενοι,
3262 5508 3445 5565 sane
3475 5506 3596 5574 ἑξῆς
3625 5496 3706 5555 τοῦ

2156 5605 2319 5675 λόγου
2346 5607 2537 5679 ἴωμεν.

2238 5812 2339 5883 κβλ
2401 5812 2626 5882 Ἐπὰγει
2675 5810 2803 5880 γοῦν
2831 5825 2844 5841 ’
2882 5830 2898 5863 ι
2980 5808 3197 5878 Ἐπειδὴ
3236 5805 3370 5878 μετὰ
3402 5801 3492 5873 τὴν
3540 5794 3709 5849 ἕνωσιν
