3978 6422
167 376 172 380 “
265 376 358 439 249

956 376 1580 442 ANTIRRIIETICUS
1619 383 1644 441 Ι
1687 387 1851 445 ADV.
1896 387 2490 453 CONS’I‘ANTINUM
2529 395 2740 456 COPR.

3391 380 3500 457 250

264 491 472 560 ἐκείνην
509 487 814 557 ἀχώριστος
854 490 884 560 ἡ
931 494 1307 562 πραγματεία,
1335 494 1410 558 ὡς
1444 494 1822 565 ὁμολογοῦμεν

1930 512 2046 568 post
2075 502 2218 556 illam
2244 505 2498 560 unionem
2537 508 2765 560 indivisa
2806 516 2887 560 est
2914 506 3079 570 actio,
3117 505 3334 560 sicutin
3372 509 3502 576 dog-

265 587 317 636 ὲν
339 581 412 649 τῷ
431 580 691 648 δόγματι·
723 582 771 633 εί
801 581 857 634 δὲ
888 583 981 635 καὶ
1026 584 1129 653 τῆς
1159 585 1362 653 σαρκὸς
1411 586 1582 656 μόνης
1634 587 1821 639 εἰκόνα

269 673 422 736 ποιεῖ,
463 668 649 722 λοιπὸν
692 671 787 724 καὶ
828 671 1127 742 πρόσωπον
1155 674 1250 727 ἐπὶ
1275 678 1341 744 τῇ
1377 675 1546 744 σαρκὶ
1579 675 1710 728 ἴδιον
1743 675 1822 728 δί-

262 761 380 812 δωσι
405 773 418 786 ·
440 757 532 808 καὶ
559 756 770 824 γίνεται
798 758 959 812 τοῦτο
986 763 1048 830 τῇ
1072 761 1166 832 ὅλῃ
1201 761 1418 831 θεότητι
1444 762 1640 832 τέρας,
1672 781 1824 817 τουτ-

262 847 366 901 έστι
396 847 524 916 τρία
553 848 825 917 πρόσωπα
855 851 951 902 ἐπὶ
984 851 1081 920 τῆς
1121 852 1396 918 θεότητος,
1428 853 1523 903 καὶ
1553 851 1612 905 ἓν
1634 853 1695 904 τὸ
1723 853 1824 922 τῆς

263 936 690 1006 ἀνθρωποτητος,
725 940 820 991 καὶ
870 938 986 992 ἐστι
1036 942 1226 1003 κακῶς
1252 941 1434 994 τοῦτοί
1477 962 1494 992 ι
1558 943 1704 995 Ἀνω
1729 945 1823 1005 καὶ

261 1032 397 1084 uisu)
433 1028 532 1096 τὴν
563 1028 758 1083 ἕνωσιν
789 1029 1086 1103 διαθρολεῖ,
1121 1031 1189 1102 ἦν
1220 1032 1527 1103 ἀχώριστόν
1577 1049 1742 1102 φησιν
1795 1037 1824 1088 ὁ

261 1125 445 1196 σοφός’
482 1124 571 1178 ινα
603 1123 673 1178 δι’
722 1126 894 1196 αὐτῆς
939 1127 1068 1200 δόξῃ
1101 1129 1394 1198 κρατύνειν
1439 1127 1500 1182 τὸ
1541 1127 1719 1198 δόγμα
1763 1129 1826 1182 τὸ

259 1216 464 1283 ἑαυτοῦ,
479 1219 574 1270 καὶ
586 1215 686 1287 τὴν
705 1217 847 1270 κατὰ
858 1219 1096 1288 Χριστὸν
1111 1219 1514 1290 ἁνθρωπότητα
1528 1220 1819 1291 συσκιάσῃ.

259 1310 347 1364 Διὰ
370 1307 529 1362 τοῦτό
582 1325 770 1378 φησιν,
803 1310 887 1363 ὅτι
935 1313 986 1362 εί
1035 1312 1135 1382 τῆς
1179 1312 1383 1382 σαρκὸς
1430 1311 1590 1382 μόνον
1639 1312 1825 1364 εἰκόνα

259 1403 409 1454 ποιεῖ.
437 1399 550 1454 Καὶ
579 1400 820 1454 ἐνταῦθα
843 1401 904 1454 τὸ
929 1403 1092 1472 σοφὸν
1121 1404 1302 1456 ἐκεῖνο
1331 1401 1586 1456 ὑπειπεῖν
1615 1404 1819 1472 λόγιον,

259 1496 333 1548 ὅτι
378 1493 571 1562 Σοφία
613 1493 1054 1564 ἀνεξέλεγκτος
1108 1493 1433 1561 πλανᾶται,
1491 1496 1588 1549 καὶ
1637 1497 1825 1563 σοφία

258 1586 440 1658 μωροῦ
461 1585 828 1654 ἀδιεξίτητοι
855 1588 1026 1656 λόγοι
1047 1604 1061 1618 ο
1095 1588 1211 1654 καὶ,
1239 1589 1383 1643 Οὐαί
1409 1591 1462 1642 oi
1481 1587 1666 1657 σοφοὶ
1687 1588 1824 1657 παρ’

257 1677 498 1744 ἑαυτοῖς,
539 1677 642 1731 καὶ
682 1674 944 1732 ἐνώπιον
989 1678 1223 1733 ἑαυτῶν
1268 1680 1700 1749 ἐπιστήμονες]
1734 1681 1825 1733 ὅτι

258 1770 550 1840 ἐμωράνθη
568 1770 607 1835 ἡ
633 1771 933 1837 ἀσύνετος
961 1770 1166 1842 αὐτῶν
1194 1772 1388 1841 ψυχὴ,
1415 1772 1511 1826 καί
1543 1769 1822 1840 ἐπωρώθη

260 1864 438 1919 αὐτῶν
460 1866 537 1917 τὰ
585 1863 984 1933 διανοήματα.
1033 1865 1180 1934 Πρὸς
1208 1865 1318 1936 γὰρ
1367 1865 1466 1934 τὴν
1511 1864 1822 1934 ἀληθότητα

263 1957 358 2011 τῶν
381 1955 559 2026 ὀρθῶν
604 1957 709 2026 τῆς
762 1955 1098 2028 Ἐκκλησίας
1123 1957 1417 2028 δογμάτων
1451 1957 1639 2011 τέλεον
1685 1960 1823 2010 ἀπο-

271 2049 608 2117 σφάλλονται·
659 2046 787 2101 οὔτε
836 2050 938 2112 τὰς
989 2052 1054 2102 ὲκ
1108 2049 1217 2102 τῶν
1270 2050 1585 2103 ὑποθέσεων
1641 2047 1822 2102 αὐτῶν

273 2139 686 2210 ὰναφαινομένας
722 2139 956 2202 ἀτοπίας
1000 2139 1409 2210 προειδόμενοι,
1439 2142 1521 2204 εἰς
1567 2134 1680 2194 οἷον
1721 2140 1821 2192 αύ-

275 2232 385 2292 sab;
408 2229 673 2296 ἀπάγουσι
708 2231 954 2302 κρημνόν
975 2249 992 2264 ο
1026 2231 1120 2285 καὶ
1149 2231 1304 2284 οὐδὲν
1333 2221 1518 2294 αὐτοῖς
1547 2231 1720 2293 οὕτως
1741 2233 1822 2295 είς

274 2321 564 2390 περιουσίαν
599 2320 940 2392 φιλοτιμίας,
975 2323 1052 2386 ὡς
1075 2324 1176 2394 τῆς
1209 2323 1451 2393 ἀμαθίας
1477 2327 1511 2395 ἡ
1549 2325 1820 2395 μάθησιςο

265 2415 320 2482 τῇ
351 2413 447 2482 γὰρ
480 2411 590 2483 ἰδία
629 2411 865 2486 αἰσχύνῃ
905 2413 1408 2482 ὲγκαλλωπίζονται
1429 2433 1442 2446 ο
1478 2409 1552 2470 ὧν
1578 2415 1653 2479 ὡς
1687 2417 1822 2487 ἀλη-

259 2500 407 2570 θῶςή
442 2501 574 2566 δόξα
609 2504 669 2555 έν
694 2505 759 2573 τῇ
792 2503 1003 2557 ἑαυτῶν
1041 2505 1298 2578 αἰσχύνῃ.
1342 2506 1505 2559 Ἀλλὰ
1552 2507 1720 2577 φαίην
1755 2507 1822 2560 ἂν

252 2591 413 2661 ιγωγε
464 2594 609 2664 πρὸς
639 2595 732 2648 τὸν
779 2589 882 2648 ὦδε
931 2595 1271 2667 διειληφότα,
1328 2599 1424 2651 καὶ
1474 2599 1623 2662 ὅστις
1652 2599 1824 2652 ταῦτα

251 2687 454 2752 φρονεῖν
485 2684 808 2756 προῄρητο·
842 2687 915 2740 Σὺ
955 2681 1050 2741 οὖν
1086 2687 1181 2742 δύο
1211 2688 1404 2757 φύσεις
1453 2690 1512 2744 ὲν
1546 2693 1659 2752 τοῖς
1709 2692 1824 2753 σοῖς

247 2777 414 2846 λόγοις
449 2777 868 2849 ὑποτιθέμενος,
921 2780 1086 2834 ποίαν
1127 2781 1335 2835 τούτων
1381 2781 1672 2853 ὁμολογεῖς
1731 2783 1824 2835 ἐπὶ

243 2868 332 2936 τῆς
367 2867 516 2921 κατὰ
549 2869 789 2940 Χριστὸν
843 2871 1081 2941 μορφῆς,
1131 2874 1228 2925 καὶ
1256 2871 1352 2925 τοῦ
1402 2873 1697 2940 προσώπου
1726 2873 1823 2928 τοῦ

243 2957 538 3029 ὁραθέντος
566 2961 660 3014 καὶ
712 2961 1016 3029 φανέντος;
1051 2963 1112 3016 Ei
1146 2964 1244 3033 μὲν
1288 2964 1387 3034 τὴν
1423 2964 1576 3018 θείαν
1623 2965 1820 3030 εἴποις,

243 3047 468 3101 ἐνταῦθα
498 3049 712 3119 ὁρατὴν
747 3051 1036 3120 ἀπέφηνας
1061 3052 1158 3123 τὴν
1190 3053 1432 3123 ἄληπτον
1469 3055 1563 3106 καὶ
1593 3055 1823 3125 ἀόρατον

242 3141 328 3192 τοῦ
377 3142 593 3241 Λόγου.
629 3143 895 3214 θεότητα·
943 3145 1098 3198 οὐδὲν
1149 3147 1205 3200 δὲ
1235 3147 1425 3200 διοίσει
1481 3150 1681 3211 εἰπεῖν,
1730 3150 1823 3201 καὶ
1850 3181 1894 3241 C

244 3234 654 3305 περιγραπτήν.
707 3236 822 3288 Πᾶν
854 3236 966 3306 γὰρ
999 3236 1061 3290 τὸ
1109 3236 1410 3308 ὁρώμενον,
1447 3239 1824 3310 περιγραπτὸν

243 3326 330 3376 καὶ
372 3326 623 3395 ὁριστὸν,
672 3329 747 3390 ὡς
805 3330 872 3398 τῇ
927 3329 1182 3398 αἰσθήσει
1247 3331 1687 3393 ὑποπεπτωκὸς·
1730 3332 1826 3384 καὶ

238 3415 369 3485 ὅπερ
410 3415 612 3470 δοῦναι
642 3420 708 3486 τῇ
753 3419 918 3488 σαρκὶ
959 3419 1060 3472 οὐκ
1112 3420 1364 3490 ἠνέσχου,
1419 3420 1579 3474 τοῦτο
1609 3423 1673 3492 τῇ
1706 3420 1826 3491 θεία

241 3507 396 3575 φύσει
416 3508 832 3582 προσέρῤιῷας.
859 3511 972 3563 Καὶ
1001 3513 1102 3564 οὐκ
1123 3511 1363 3583 ἐκφεύξῃ
1390 3513 1450 3565 τὸ
1477 3511 1824 3582 βλάσφημον,

236 3601 352 3654 οὐδὲ
396 3601 718 3672 παρανοίας
775 3603 1146 3673 ἐγκλημάτων
1188 3604 1451 3666 ἀπέλθοις
1499 3603 1822 3667 ἀνεύθυνος·

236 3690 314 3742 ὅτι
346 3691 414 3762 δὴ
447 3692 550 3745 διὰ
584 3691 848 3762 πλείστης
879 3692 1011 3761 ὅσης
1049 3692 1307 3762 σπουδῆς,
1347 3691 1408 3744 τὸ
1433 3691 1628 3762 ὀρατδν
1662 3691 1828 3764 ἀόρα-

232 3799 344 3851 τον,
373 3787 474 3840 καὶ
505 3785 574 3838 τὸ
608 3785 992 3856 περιγραπτὺν
1024 3785 1440 3856 ἁπερίγραπτον
1471 3785 1826 3856 παραστῆσαι

239 3875 558 3948 βουληθεὶς,
588 3882 654 3949 τῇ
696 3879 1021 3948 ματαιότητι
1051 3880 1160 3932 τῶν
1192 3878 1300 3932 σῶν
1330 3878 1552 3932 ἐννοιῶν
1586 3879 1827 3934 ἀποϐου-

236 3969 606 4041 κολούμενος,
625 3972 708 4035 είς
733 3972 795 4024 τὸ
824 3971 1068 4041 ἔμπαλίν
1129 3988 1211 4025 σοι
1238 3971 1308 4024 τὰ
1337 3970 1629 4040 τοῦλόγου
1672 3989 1829 4042 περι-

237 4062 471 4132 ήγαγες.
500 4060 582 4113 Tb
599 4061 706 4132 γὰρ
735 4061 990 4133 ἀόρατον,
1013 4063 1078 4116 ἐκ
1097 4062 1192 4116 τοῦ
1219 4064 1463 4118 ἐναντίου
1493 4065 1710 4136 ὁρατὸν,
1735 4067 1830 4119 καὶ

240 4153 302 4207 τὸ
368 4154 803 4228 ἀπερίγραπτον
882 4157 1258 4227 περιγραπτὸν
1328 4155 1498 4220 οὕτως
1560 4157 1624 4212 ἂν
1681 4160 1834 4230 εἰσή-

236 4259 431 4312 γαγες.
725 4251 727 4256 ’

316 4379 466 4431 Ἀλλ’
527 4379 580 4432 εί
639 4378 714 4450 μὴ
761 4381 920 4433 τοῦτο
969 4384 1146 4436 εἰπεῖν
1177 4384 1676 4457 κατατολμήσεισς,
1728 4385 1828 4460 τὴν

235 4468 604 4542 ἀνθρωπίνην
651 4471 760 4542 ἄρα
791 4473 966 4543 μόνην
1008 4476 1108 4544 τὴν
1151 4478 1439 4548 ὁρωμένην
1487 4477 1547 4542 ἐξ
1578 4478 1829 4547 ἀνάγκης

1925 604 2074 648 male
2130 593 2488 661 COIIﬁlt‘Illlll‘;
2566 608 2619 650 et
2694 611 3022 665 quamquam
3088 596 3261 648 solius
3319 599 3501 651 carnis

1926 683 2214 753 imaginem
2263 684 2393 740 facit
2439 686 2701 758 (artifex),
2737 697 2974 740 attamen
3008 687 3171 740 etiam
3211 702 3498 756 personam

1925 776 2076 828 carni
2132 777 2408 846 prOpriam
2445 779 2558 831 dat.
2594 777 2784 846 Fitque
2814 777 2916 831 hoc
2967 777 3020 830 iu
3060 786 3170 829 tota
3202 776 3529 830 divinitate-

1927 876 2223 922 munstrum
2257 909 2272 932 ,
2336 869 2386 922 id
2437 879 2520 923 est
2583 881 2693 923 tres
2752 869 2806 921 in
2856 867 3140 921 divinitate
3205 881 3498 934 personat,

1925 963 1979 1007 et
2040 969 2146 1007 una
2211 957 2570 1012 humanitatis
2613 974 2627 1010 :
2669 957 2812 1025 quod
2875 956 3122 1025 profecto
3180 969 3498 1024 perversum

1925 1055 2009 1100 est
2036 1046 2170 1116 (29).
2217 1067 2235 1099 ι
2298 1047 2580 1118 Susdeque
2617 1050 2869 1104 unionem
2909 1049 3184 1111 decantat,
3211 1058 3377 1116 quam
3412 1046 3498 1099 in-

1925 1140 2282 1208 separabilem
2321 1141 2407 1196 hic
2436 1137 2653 1210 sapiens
2682 1142 2828 1203 dicit,
2867 1150 2923 1194 ut
2951 1157 3046 1210 per
3072 1140 3217 1194 illam
3251 1139 3502 1192 videatur

1927 1234 2122 1299 dOgma
2177 1246 2338 1286 suum
2396 1229 2700 1296 roborare,
2751 1242 2914 1300 atque
2973 1232 3045 1285 ita
3101 1231 3499 1283 humanitatem

1925 1319 2128 1374 Christi
2157 1321 2504 1376 obumbrare.
2532 1320 2738 1376 Idcirco
2765 1323 2841 1375 ait
2879 1339 2892 1375 :
2930 1320 3153 1374 Etiamsi
3190 1321 3358 1375 solius
3381 1334 3502 1373 car-

1927 1414 2012 1468 nis
2060 1413 2350 1484 imaginem
2389 1413 2539 1468 facit.
2569 1414 2746 1482 Atque
2794 1411 2897 1467 hoc
2939 1412 3060 1467 loco
3108 1412 3324 1481 sapiens
3370 1411 3500 1466 illud

1925 1503 2206 1558 oraculum
2238 1501 2574 1557 recitandum
2621 1512 2703 1556 est
2743 1519 2756 1556 :
2806 1520 2825 1552 ι
2867 1500 3140 1570 Sapientia
3182 1516 3365 1554 carens
3418 1499 3503 1552 in-

1930 1594 2248 1664 crepatione,
2293 1604 2476 1658 errat;
2524 1604 2571 1649 et
2605 1594 2871 1663 sapientia
2909 1592 3188 1658 insensati,
3213 1591 3504 1659 inexplica-

1928 1684 2053 1738 bilia
2078 1685 2228 1739 verba
2246 1686 2384 1740 "°"’.
2405 1683 2473 1740 Et
2497 1703 2510 1740 :
2548 1683 2635 1740 Va:
2655 1687 2722 1738 iis
2739 1691 2828 1755 qui
2847 1684 2986 1750 apud
3011 1699 3065 1736 se
3089 1684 3229 1752 ipsas
3245 1682 3504 1750 sapientes

1927 1788 2072 1841 sunt,
2103 1786 2153 1830 et
2187 1776 2397 1844 judicio
2445 1777 2662 1852 proprio
2713 1776 2996 1844 prurientes
3013 1775 3035 1826 .'
3062 1773 3201 1838 Quia
3233 1773 3506 1840 infatuata

1927 1879 2002 1922 est
2030 1867 2280 1933 insipiens
2307 1866 2542 1933 ipsorum
2562 1866 2761 1929 anima,
2783 1874 2831 1918 et
2867 1873 3132 1918 excecata
3159 1861 3348 1915 mentis
3371 1875 3502 1914 con-

1927 1958 2050 2013 silia
2083 1957 2148 2011 “.
2174 1957 2422 2027 Namque
2454 1971 2482 2010 a
2518 1958 2747 2010 veritate
2775 1967 3046 2010 rectorum
3083 1952 3341 2008 Ecclesiae
3368 1951 3507 2022 dog-

1930 2061 2133 2105 matum
2195 2051 2429 2120 denique
2499 2051 2806 2114 excidunt;
2863 2063 3038 2117 neque
3082 2047 3387 2103 emicantes
3435 2058 3504 2099 ex

1927 2145 2045 2200 suis
2173 2146 2640 2214 propositionibus
2671 2144 3037 2198 absurditates
3081 2140 3404 2210 praavident,
3447 2139 3502 2193 in

1927 2237 2086 2306 quale
2113 2236 2366 2290 videlicet
2397 2251 2492 2290 eos
2518 2235 2837 2305 pertrahunt
2884 2231 3242 2302 praecipitium
3285 2247 3300 2284 :
3341 2227 3505 2282 nihil-

1929 2345 2035 2398 que
2069 2327 2169 2396 ipsi
2199 2327 2372 2396 magis
2423 2325 2662 2391 student,
2705 2338 2867 2393 quam
2898 2323 3262 2393 ignorantiam
3315 2316 3503 2374 condi-

1929 2426 2203 2485 scere;et
2237 2417 2456 2486 quidem
2483 2430 2583 2470 suo
2633 2413 2873 2484 ipsorum
2919 2412 3216 2482 opprobrio
3263 2408 3505 2482 glorian-

1933 2520 2054 2576 tur;
2083 2523 2316 2577 quorum
2353 2521 2538 2561 revera
2574 2506 2744 2576 gloria
2771 2515 2856 2561 est
2878 2505 2930 2560 in
2971 2503 3286 2560 eorumdem
3346 2503 3504 2572 igno-

1929 2599 2097 2654 minia
2127 2601 2190 2654 ¹⁹.
2221 2599 2501 2668 Atquiego
2529 2599 2654 2652 huic
2677 2597 2749 2650 ita
2792 2594 3168 2670 contendenti,
3199 2603 3253 2648 et
3277 2592 3506 2647 cuilibet

1930 2695 2080 2764 paria
2107 2692 2319 2761 opinari
2353 2691 2552 2744 volenti
2581 2690 2663 2744 sic
2688 2703 2972 2743 occurram
2996 2704 3011 2740 :
3035 2685 3118 2741 Tu
3143 2699 3296 2755 ergo,
3321 2699 3501 2754 quan-

1930 2785 2220 2854 doquidem
2249 2783 2383 2838 duas
2416 2792 2640 2836 naturas
2672 2794 2795 2836 esse
2822 2781 3035 2845 dellnis,
3069 2787 3244 2832 utram
3309 2777 3500 2830 harum

1929 2877 2207 2932 confiteris
2239 2875 2292 2929 in
2324 2874 2526 2930 Christi
2559 2873 2758 2938 forma,
2796 2883 2852 2926 et
2882 2872 2935 2926 in
2973 2885 3200 2941 persona
3233 2884 3354 2938 qua:
3385 2881 3504 2920 cer-

1931 2967 2081 3022 nitur
2107 2977 2271 3036 atque
2305 2966 2566 3035 apparet?
2598 2967 2654 3019 Si
2691 2964 2926 3018 divinam
2964 2963 3188 3028 dixeris,
3226 2972 3354 3016 tunc
3375 2960 3505 3015 visi-

1930 3059 2091 3114 bilem
2130 3074 2250 3112 esse
2277 3057 2512 3112 afﬁrmas
2551 3055 2708 3112 Verbi
2741 3055 2946 3124 alioqui
2974 3053 3502 3121 incomprehensibi-

1931 3150 2035 3205 lem
2072 3160 2236 3219 atque
2289 3149 2614 3203 iuvisibilem
2671 3148 2966 3212 deitatem;
2995 3147 3137 3215 quod
3169 3146 3391 3214 perinde
3417 3153 3505 3200 est

1927 3255 1992 3294 ac
2026 3239 2071 3294 si
2119 3240 2271 3294 dicas
2323 3238 2818 3308 circumscriptam.
2853 3236 3097 3306 Namque
3149 3251 3312 3290 omne
3357 3236 3500 3304 quod

1926 3333 2186 3397 cernitur,
2233 3331 2704 3399 circumscriptum
2745 3339 2831 3383 est
2879 3345 2945 3384 ac
3007 3328 3310 3393 definitum,
3374 3327 3501 3395 quia

1927 3425 2175 3479 videlicet
2235 3424 2336 3478 sub
2389 3437 2586 3477 sensus
2627 3422 2772 3476 cadit
2821 3437 2836 3474 :
2883 3421 3139 3491 quodque
3202 3418 3504 3474 attribuere

1927 3516 2080 3572 carni
2139 3508 2382 3581 noluiSti,
2431 3512 2485 3568 id
2550 3514 2604 3567 in
2653 3513 2891 3566 divinam
2947 3520 3200 3565 naturam
3259 3509 3501 3578 projicis.

1925 3611 2118 3681 Neque
2141 3623 2272 3666 sane
2296 3606 2497 3662 vitabis
2527 3605 2939 3676 blasphemiam,
2975 3618 3150 3673 neque
3179 3603 3244 3658 de
3274 3601 3505 3656 crimine

1927 3699 2215 3756 dementias
2265 3712 2394 3753 reus
2429 3712 2537 3752 non
2566 3696 2711 3760 eris;
2758 3695 2880 3763 quia
2925 3702 3048 3763 post
3096 3695 3198 3747 hoc
3242 3691 3502 3744 eximium

1926 3793 2166 3850 Studium
2217 3799 2368 3845 tuum
2396 3829 2411 3854 ,
2441 3789 2567 3844 dum
2609 3787 2822 3841 visibile
2867 3800 2988 3840 esse
3049 3782 3321 3838 invisibile
3357 3822 3371 3843 .
3396 3781 3507 3834 cir-

1929 3884 2317 3952 cumscriptum
2371 3895 2493 3936 esse
2549 3877 3081 3946 incircumscriptum
3129 3867 3504 3929 demonstrare

1930 3975 2034 4040 vis,
2087 3973 2474 4044 cogitationum
2541 3981 2754 4025 tuarum
2795 3968 3035 4023 vanitate
3099 3967 3354 4034 deceptus
3385 4003 3401 4030 ,
3449 3964 3502 4016 in

1929 4066 2264 4120 contrarium
2297 4078 2513 4118 sensum
2537 4063 2696 4117 verba
2721 4069 2811 4114 tua
2837 4058 3170 4114 convertisti.
3194 4056 3326 4110 Nam
3361 4060 3504 4124 quod

1929 4167 2012 4212 est
2067 4155 2357 4219 invisibile,
2411 4163 2597 4207 contra
2652 4153 2712 4204 fit
2800 4150 3056 4214 visibile;
3099 4159 3154 4203 et
3216 4149 3507 4202 incircum-

1931 4247 2216 4316 scriplum,
2234 4255 2285 4299 te
2318 4246 2550 4307 dicente,
2571 4243 2626 4297 lit
2651 4241 3142 4310 circumscriptum.

2001 4377 2072 4434 At
2119 4379 2165 4434 si
2208 4379 2348 4433 forte
2379 4377 2559 4433 dicere
2584 4377 2636 4431 id
2666 4391 2772 4430 non
2799 4376 3026 4439 audeas,
3062 4375 3352 4428 humanam
3379 4380 3504 4427 tan-

1935 4471 2216 4526 tummodo
2263 4469 2526 4524 visibilem
2599 4480 2854 4522 naturam
2923 4465 3141 4521 Christo
3212 4465 3503 4521 attribues.

235 4535 466 4626 δώσεις.
510 4535 626 4616 Κ-αὶ
660 4535 748 4616 ἵνα
774 4535 873 4635 τὴν
900 4535 1099 4635 δμοίαν
1123 4535 1201 4637 τῶ
1235 4535 1311 4638 ei}
1342 4535 1486 4640 λύγῳ
1525 4535 1825 4639 ἆπάνέησίᾆ

1935 4565 2110 4632 Atque
2169 4570 2228 4616 ut
2283 4560 2515 4616 similem
2572 4559 2807 4615 orationi
2856 4567 2963 4612 tuae
3013 4557 3502 4613 contradictionem

238 4651 644 4722 ποιησώμεθα,
676 4655 1010 4726 μεμέρισται
1043 4675 1124 4710 σοι
1149 4659 1181 4724 ἡ
1211 4659 1529 4724 ὑπόστασις,
1561 4661 1657 4714 καὶ
1681 4661 1833 4730 ψιλὸν

237 4745 548 4815 ἄνθρωπον
581 4746 672 4797 τὸν
701 4747 939 4817 Χριστὸν
971 4749 1360 4820 ἐδογμάτισας,
1385 4752 1480 4806 καὶ
1500 4753 1834 4825 ἀπήρτισταί

237 4852 320 4888 σοι
343 4837 730 4907 τρανέστερον
763 4841 854 4892 καὶ
877 4842 1395 4914 περιφανέστερονή
1425 4845 1644 4914 τετράς.
1674 4845 1834 4901 ἰδιον

233 4927 343 4994 γὰρ
386 4925 699 4996 πρόσωπον
742 4931 808 4999 τῇ
861 4932 1030 4998 σαρκὶ
1082 4930 1325 5001 ἔνειμας,
1366 4934 1462 4987 καὶ
1521 4936 1828 5006 πεποίηκας

234 5017 324 5070 τὸν
353 5019 610 5088 Χριστὸν
635 5019 838 5087 κτίσμα
869 5021 1054 5089 μόνον,
1083 5023 1158 5086 ὡς
1187 5025 1287 5092 τὴν
1317 5024 1546 5096 θεότητα
1580 5027 1656 5096 μὴ
1688 5023 1831 5080 εἶναι

234 5108 315 5172 είς
347 5109 568 5163 αὐτόν’
609 5111 704 5162 καὶ
741 5111 1123 5182 περιέγραψας
1149 5115 1479 5188 τελεώτερον
1515 5119 1611 5170 καὶ
1656 5121 1833 5188 ἀσφα-

235 5199 532 5273 λέστερον,
580 5202 674 5254 καὶ
719 5203 878 5256 τοῦτο
936 5204 1058 5256 λίαν
1109 5206 1298 5268 κακῶς
1347 5209 1440 5260 καὶ
1489 5209 1828 5276 ἐπισφαλῶς.

246 5289 467 5355 Ἑάλως
503 5291 604 5344 οὖν
631 5295 744 5356 τοῖς
774 5294 1001 5358 οἰκείοις
1045 5295 1328 5348 κάνταῦθα
1372 5299 1688 5370 περιπεσὼν
1723 5317 1830 5368 μη-

238 5385 559 5453 χανήμασι.
593 5384 718 5448 Πῶς
743 5384 878 5456 -γὰρ
924 5375 1112 5441 λοιπὸν
1166 5391 1264 5460 τῆς
1296 5390 1596 5461 Νεστορίου
1634 5407 1829 5462 φρενο-

309 5585 432 5621 ¹³οι⁷
471 5583 644 5640 Prov.
682 5600 734 5653 ι,
769 5589 850 5646 l7.
928 5588 971 5620 ‘3
1014 5588 1178 5645 Eccli.
1222 5606 1334 5658 xxI,
1364 5591 1453 5644 at.

313 5769 434 5844 (29)
471 5771 673 5830 Recole
704 5772 902 5830 dictant
937 5787 962 5826 a
1000 5771 1252 5839 Macario,
1296 5789 1346 5842 p.
1375 5773 1464 5838 26,
1499 5781 1616 5827 not.
1649 5771 1729 5827 l9.

1930 4654 2231 4718 faciamus,
2278 4651 2610 4722 hypostasim
2650 4661 2705 4704 tu
2751 4649 3018 4714 divisisti,
3093 4649 3506 4718 simplicemque

1933 4743 2206 4799 hominem
2255 4741 2533 4797 Christum
2579 4755 2699 4795 esse
2748 4739 3006 4804 definisti,
3034 4739 3314 4808 magisque
3377 4753 3505 4807 per-

1930 4837 2115 4906 spicue
2143 4844 2307 4904 atque
2335 4832 2618 4888 evidenter
2651 4833 3074 4904 quaternilatem
3097 4830 3345 4886 effecisti.
3372 4831 3508 4884 Pro-

1932 4928 2106 4996 priam
2153 4925 2298 4980 enim
2361 4938 2645 4992 personam
2694 4925 2845 4979 carni
2900 4924 3225 4988 attribuisti,
3263 4923 3506 4991 nihilque

1937 5021 2084 5075 aliud
2109 5034 2274 5089 quam
2299 5029 2605 5073 creaturam
2632 5017 2906 5074 Christum
2937 5017 3135 5083 fecisti,
3179 5017 3254 5071 ita
3287 5025 3346 5070 ut
3387 5017 3500 5070 dei-

1935 5123 2018 5168 tas
2049 5111 2101 5166 in
2125 5127 2190 5166 eo
2225 5125 2330 5165 non
2393 5111 2484 5174 sit,
2510 5110 2908 5179 perfectiusque
2935 5117 2991 5164 et
3027 5108 3239 5163 ﬁrmius
3269 5108 3501 5161 circum-

1931 5203 2228 5274 scripsisti;
2251 5204 2407 5272 idque
2426 5217 2584 5272 prave
2607 5203 2893 5256 admodum
2917 5211 2971 5254 et
3000 5199 3284 5254 fallaciter.
3304 5199 3505 5266 Captus

1934 5297 2118 5367 itaque
2169 5311 2228 5351 es
2278 5295 2496 5350 tuismet
2551 5295 2846 5365 implicitus
2893 5293 3162 5348 artificiis.
3207 5290 3340 5345 Nam
3395 5307 3508 5358 quo

1935 5399 2092 5461 pacto
2145 5389 2396 5460 deinceps
2453 5388 2782 5443 Nestoriunae
2843 5387 3064 5442 insania‘
3118 5385 3507 5452 divisionisqnu

1537 5592 1578 5624 ιο
1619 5590 1812 5662 Philip.
1849 5608 1927 5660 Ill,
1977 5592 2057 5647 l9.
