  <div class='ocr_page' id='page_1' title='image "/cluster/home/n/w/nwhite01/storage/ocr_20150623/100/coo.31924054870047/136.png"; bbox 0 0 3978 6442; ppageno 0'>
   <div class='ocr_carea' id='block_1_1' title="bbox 245 276 409 385">
    <p class='ocr_par' dir='ltr' id='par_1_1' title="bbox 245 276 409 385">
     <span class='ocr_line' id='line_1_1' title="bbox 245 276 409 385; baseline 0 0"><span class='ocrx_word' id='word_1_1' title='bbox 245 318 347 385; x_wconf 68' lang='grc' dir='ltr'><strong>Ξὸτ</strong></span> <span class='ocrx_word' id='word_1_2' title='bbox 404 276 409 281; x_wconf 13' lang='grc' dir='ltr'>Ἰ</span> 
     </span>
    </p>
   </div>
   <div class='ocr_carea' id='block_1_2' title="bbox 968 318 2752 388">
    <p class='ocr_par' dir='ltr' id='par_1_2' title="bbox 968 318 2752 388">
     <span class='ocr_line' id='line_1_2' title="bbox 968 318 2752 388; baseline 0.005 -9"><span class='ocrx_word' id='word_1_3' title='bbox 968 318 1593 381; x_wconf 77' lang='lat' dir='ltr'><strong>ANTIRRHETICUS</strong></span> <span class='ocrx_word' id='word_1_4' title='bbox 1632 321 1661 382; x_wconf 88' lang='grc' dir='ltr'><strong>Ι</strong></span> <span class='ocrx_word' id='word_1_5' title='bbox 1700 321 1870 385; x_wconf 85' lang='lat' dir='ltr'><strong>ADV.</strong></span> <span class='ocrx_word' id='word_1_6' title='bbox 1910 321 2499 387; x_wconf 81' lang='lat' dir='ltr'><strong>CONSTANTINUM</strong></span> <span class='ocrx_word' id='word_1_7' title='bbox 2538 325 2752 388; x_wconf 77' lang='lat' dir='ltr'><strong>COPB.</strong></span> 
     </span>
    </p>
   </div>
   <div class='ocr_carea' id='block_1_3' title="bbox 3393 330 3500 394">
    <p class='ocr_par' dir='ltr' id='par_1_3' title="bbox 3393 330 3500 394">
     <span class='ocr_line' id='line_1_3' title="bbox 3393 330 3500 394; baseline 0 0"><span class='ocrx_word' id='word_1_8' title='bbox 3393 330 3500 394; x_wconf 74' lang='lat'><strong>258</strong></span> 
     </span>
    </p>
   </div>
   <div class='ocr_carea' id='block_1_4' title="bbox 243 417 1804 513">
    <p class='ocr_par' dir='ltr' id='par_1_4' title="bbox 243 417 1784 506">
     <span class='ocr_line' id='line_1_4' title="bbox 243 417 1784 506; baseline 0 -19"><span class='ocrx_word' id='word_1_9' title='bbox 243 429 523 500; x_wconf 73' lang='grc' dir='ltr'><strong>ὀμοούσιον</strong></span> <span class='ocrx_word' id='word_1_10' title='bbox 546 420 680 480; x_wconf 69' lang='grc' dir='ltr'><strong>εἶναι</strong></span> <span class='ocrx_word' id='word_1_11' title='bbox 712 428 794 482; x_wconf 76' lang='grc' dir='ltr'><strong>δεῖ</strong></span> <span class='ocrx_word' id='word_1_12' title='bbox 819 417 911 482; x_wconf 71' lang='grc' dir='ltr'><strong>τοῧ</strong></span> <span class='ocrx_word' id='word_1_13' title='bbox 935 429 1293 502; x_wconf 73' lang='grc' dir='ltr'><strong>εἰκαζομένου</strong></span> <span class='ocrx_word' id='word_1_14' title='bbox 1323 431 1386 484; x_wconf 78' lang='grc' dir='ltr'><strong>τὸ</strong></span> <span class='ocrx_word' id='word_1_15' title='bbox 1410 432 1784 506; x_wconf 80' lang='grc' dir='ltr'><strong>ἀπεικόνισμα</strong></span> 
     </span>
    </p>
   </div>
   <div class='ocr_carea' id='block_1_5' title="bbox 1907 417 3498 513">
    <p class='ocr_par' dir='ltr' id='par_1_5' title="bbox 1924 435 3498 513">
     <span class='ocr_line' id='line_1_5' title="bbox 1924 435 3498 513; baseline 0.003 -23"><span class='ocrx_word' id='word_1_16' title='bbox 1924 435 2070 500; x_wconf 86' lang='lat' dir='ltr'><strong>beat,</strong></span> <span class='ocrx_word' id='word_1_17' title='bbox 2101 450 2242 505; x_wconf 88' lang='lat' dir='ltr'><strong>opus</strong></span> <span class='ocrx_word' id='word_1_18' title='bbox 2263 450 2384 492; x_wconf 86' lang='lat' dir='ltr'><strong>esse</strong></span> <span class='ocrx_word' id='word_1_19' title='bbox 2409 436 2638 508; x_wconf 81' lang='lat' dir='ltr'><strong>ﬁguram</strong></span> <span class='ocrx_word' id='word_1_20' title='bbox 2661 440 3186 498; x_wconf 76' lang='lat' dir='ltr'><strong>consubstantialem</strong></span> <span class='ocrx_word' id='word_1_21' title='bbox 3214 456 3335 499; x_wconf 76' lang='lat' dir='ltr'><strong>esse</strong></span> <span class='ocrx_word' id='word_1_22' title='bbox 3360 442 3498 513; x_wconf 81' lang='lat' dir='ltr'><strong>tign-</strong></span> 
     </span>
    </p>
   </div>
   <div class='ocr_carea' id='block_1_6' title="bbox 245 519 1818 599">
    <p class='ocr_par' dir='ltr' id='par_1_6' title="bbox 245 519 1818 599">
     <span class='ocr_line' id='line_1_6' title="bbox 245 519 1818 599; baseline 0.004 -24"><span class='ocrx_word' id='word_1_23' title='bbox 245 524 321 594; x_wconf 77' lang='grc' dir='ltr'><strong>μὴ</strong></span> <span class='ocrx_word' id='word_1_24' title='bbox 359 519 515 583; x_wconf 81' lang='grc' dir='ltr'><strong>εἰδὼς</strong></span> <span class='ocrx_word' id='word_1_25' title='bbox 555 519 656 591; x_wconf 76' lang='grc' dir='ltr'><strong>τὴν</strong></span> <span class='ocrx_word' id='word_1_26' title='bbox 700 522 760 574; x_wconf 84' lang='grc' dir='ltr'><strong>ἐν</strong></span> <span class='ocrx_word' id='word_1_27' title='bbox 793 521 981 585; x_wconf 84' lang='grc' dir='ltr'><strong>αὐτοῖς</strong></span> <span class='ocrx_word' id='word_1_28' title='bbox 1021 522 1052 592; x_wconf 77' lang='grc' dir='ltr'><strong>ἧ</strong></span> <span class='ocrx_word' id='word_1_29' title='bbox 1089 523 1267 587; x_wconf 81' lang='grc' dir='ltr'><strong>διδοὺς</strong></span> <span class='ocrx_word' id='word_1_30' title='bbox 1296 523 1597 596; x_wconf 79' lang='grc' dir='ltr'><strong>διαφορὰν,</strong></span> <span class='ocrx_word' id='word_1_31' title='bbox 1626 525 1818 599; x_wconf 81' lang='grc' dir='ltr'><strong>ὥσπερ</strong></span> 
     </span>
    </p>
   </div>
   <div class='ocr_carea' id='block_1_7' title="bbox 240 611 1816 691">
    <p class='ocr_par' dir='ltr' id='par_1_7' title="bbox 240 611 1816 691">
     <span class='ocr_line' id='line_1_7' title="bbox 240 611 1816 691; baseline 0.003 -22"><span class='ocrx_word' id='word_1_32' title='bbox 240 615 358 670; x_wconf 67' lang='grc' dir='ltr'><strong>οὐδὲ</strong></span> <span class='ocrx_word' id='word_1_33' title='bbox 387 611 637 683; x_wconf 68' lang='grc' dir='ltr'><strong>ἐμψύχου</strong></span> <span class='ocrx_word' id='word_1_34' title='bbox 668 613 762 664; x_wconf 79' lang='grc' dir='ltr'><strong>καὶ</strong></span> <span class='ocrx_word' id='word_1_35' title='bbox 802 611 1035 682; x_wconf 67' lang='grc' dir='ltr'><strong>ἀψύχου,</strong></span> <span class='ocrx_word' id='word_1_36' title='bbox 1071 614 1104 684; x_wconf 82' lang='grc' dir='ltr'>ἢ</span> <span class='ocrx_word' id='word_1_37' title='bbox 1136 614 1356 683; x_wconf 84' lang='grc' dir='ltr'><strong>λογικοῦ</strong></span> <span class='ocrx_word' id='word_1_38' title='bbox 1396 617 1491 669; x_wconf 77' lang='grc' dir='ltr'><strong>καὶ</strong></span> <span class='ocrx_word' id='word_1_39' title='bbox 1528 618 1748 686; x_wconf 77' lang='grc' dir='ltr'><strong>ἀλόγου,</strong></span> <span class='ocrx_word' id='word_1_40' title='bbox 1782 619 1816 691; x_wconf 73' lang='grc' dir='ltr'>ἢ</span> 
     </span>
    </p>
   </div>
   <div class='ocr_carea' id='block_1_8' title="bbox 240 701 1818 777">
    <p class='ocr_par' dir='ltr' id='par_1_8' title="bbox 240 701 1818 777">
     <span class='ocr_line' id='line_1_8' title="bbox 240 701 1818 777; baseline 0.003 -18"><span class='ocrx_word' id='word_1_41' title='bbox 240 705 345 759; x_wconf 83' lang='grc' dir='ltr'><strong>τῶν</strong></span> <span class='ocrx_word' id='word_1_42' title='bbox 379 702 552 766; x_wconf 79' lang='grc' dir='ltr'><strong>οὕτως</strong></span> <span class='ocrx_word' id='word_1_43' title='bbox 586 701 1180 774; x_wconf 80' lang='grc' dir='ltr'><strong>ἀντιδιαστελλομένων</strong></span> <span class='ocrx_word' id='word_1_44' title='bbox 1214 706 1354 777; x_wconf 86' lang='grc' dir='ltr'><strong>πρὸς</strong></span> <span class='ocrx_word' id='word_1_45' title='bbox 1379 706 1586 775; x_wconf 80' lang='grc' dir='ltr'><strong>ἄλληλα</strong></span> <span class='ocrx_word' id='word_1_46' title='bbox 1614 709 1675 763; x_wconf 84' lang='grc' dir='ltr'><strong>τὺ</strong></span> <span class='ocrx_word' id='word_1_47' title='bbox 1703 709 1818 764; x_wconf 84' lang='grc' dir='ltr'><strong>διά-</strong></span> 
     </span>
    </p>
   </div>
   <div class='ocr_carea' id='block_1_9' title="bbox 240 787 1817 873">
    <p class='ocr_par' dir='ltr' id='par_1_9' title="bbox 240 787 1817 873">
     <span class='ocr_line' id='line_1_9' title="bbox 240 787 1817 873; baseline -0.003 -13"><span class='ocrx_word' id='word_1_48' title='bbox 240 801 401 866; x_wconf 77' lang='grc' dir='ltr'>φορον</span> <span class='ocrx_word' id='word_1_49' title='bbox 448 793 848 863; x_wconf 66' lang='grc' dir='ltr'><strong>ἐπιστάμενος,</strong></span> <span class='ocrx_word' id='word_1_50' title='bbox 906 793 967 860; x_wconf 77' lang='grc' dir='ltr'>ἐξ</span> <span class='ocrx_word' id='word_1_51' title='bbox 1011 787 1073 872; x_wconf 73' lang='grc' dir='ltr'><strong>οὗ</strong></span> <span class='ocrx_word' id='word_1_52' title='bbox 1112 794 1387 851; x_wconf 79' lang='grc' dir='ltr'><strong>δείκνυται</strong></span> <span class='ocrx_word' id='word_1_53' title='bbox 1435 799 1498 853; x_wconf 83' lang='grc' dir='ltr'><strong>τὸ</strong></span> <span class='ocrx_word' id='word_1_54' title='bbox 1525 800 1671 854; x_wconf 80' lang='grc' dir='ltr'><strong>κατὰ</strong></span> <span class='ocrx_word' id='word_1_55' title='bbox 1717 800 1817 873; x_wconf 81' lang='grc' dir='ltr'><strong>τὴν</strong></span> 
     </span>
    </p>
   </div>
   <div class='ocr_carea' id='block_1_10' title="bbox 240 885 1811 966">
    <p class='ocr_par' dir='ltr' id='par_1_10' title="bbox 240 885 1811 966">
     <span class='ocr_line' id='line_1_10' title="bbox 240 885 1811 966; baseline 0.004 -26"><span class='ocrx_word' id='word_1_56' title='bbox 240 886 464 957; x_wconf 74' lang='grc' dir='ltr'><strong>γνώμην</strong></span> <span class='ocrx_word' id='word_1_57' title='bbox 498 885 785 956; x_wconf 86' lang='grc' dir='ltr'><strong>ἀνίδρυτον</strong></span> <span class='ocrx_word' id='word_1_58' title='bbox 828 888 923 941; x_wconf 81' lang='grc' dir='ltr'><strong>καὶ</strong></span> <span class='ocrx_word' id='word_1_59' title='bbox 959 887 1339 960; x_wconf 71' lang='grc' dir='ltr'><strong>ἀστεόθμητον</strong></span> <span class='ocrx_word' id='word_1_60' title='bbox 1383 889 1811 966; x_wconf 67' lang='grc' dir='ltr'><strong>[ἀστάθμητον]⁵</strong></span> 
     </span>
    </p>
   </div>
   <div class='ocr_carea' id='block_1_11' title="bbox 243 979 1811 1060">
    <p class='ocr_par' dir='ltr' id='par_1_11' title="bbox 243 979 1811 1060">
     <span class='ocr_line' id='line_1_11' title="bbox 243 979 1811 1060; baseline 0.023 -24"><span class='ocrx_word' id='word_1_61' title='bbox 243 982 375 1037; x_wconf 77' lang='grc' dir='ltr'><strong>οὕτω</strong></span> <span class='ocrx_word' id='word_1_62' title='bbox 412 981 479 1052; x_wconf 84' lang='grc' dir='ltr'><strong>δὴ</strong></span> <span class='ocrx_word' id='word_1_63' title='bbox 516 983 622 1036; x_wconf 75' lang='grc' dir='ltr'><strong>κάν</strong></span> <span class='ocrx_word' id='word_1_64' title='bbox 650 979 865 1046; x_wconf 78' lang='grc' dir='ltr'><strong>τούτοις</strong></span> <span class='ocrx_word' id='word_1_65' title='bbox 894 985 960 1054; x_wconf 76' lang='grc' dir='ltr'><strong>τῇ</strong></span> <span class='ocrx_word' id='word_1_66' title='bbox 997 983 1135 1057; x_wconf 74' lang='grc' dir='ltr'><strong>αὐτῇ</strong></span> <span class='ocrx_word' id='word_1_67' title='bbox 1163 985 1376 1056; x_wconf 68' lang='grc' dir='ltr'><strong>διανοίᾳ</strong></span> <span class='ocrx_word' id='word_1_68' title='bbox 1399 985 1703 1057; x_wconf 59' lang='grc' dir='ltr'><strong>χρώμενος’</strong></span> <span class='ocrx_word' id='word_1_69' title='bbox 1743 990 1811 1060; x_wconf 68' lang='grc' dir='ltr'><strong>τῇ</strong></span> 
     </span>
    </p>
   </div>
   <div class='ocr_carea' id='block_1_12' title="bbox 243 1072 1814 1149">
    <p class='ocr_par' dir='ltr' id='par_1_12' title="bbox 243 1072 1814 1149">
     <span class='ocr_line' id='line_1_12' title="bbox 243 1072 1814 1149; baseline 0.005 -21"><span class='ocrx_word' id='word_1_70' title='bbox 243 1076 354 1128; x_wconf 78' lang='grc' dir='ltr'><strong>κατ’</strong></span> <span class='ocrx_word' id='word_1_71' title='bbox 380 1074 545 1127; x_wconf 68' lang='grc' dir='ltr'><strong>αὑτὸν</strong></span> <span class='ocrx_word' id='word_1_72' title='bbox 582 1072 834 1146; x_wconf 81' lang='grc' dir='ltr'><strong>θεολογίᾳ</strong></span> <span class='ocrx_word' id='word_1_73' title='bbox 862 1074 960 1144; x_wconf 77' lang='grc' dir='ltr'><strong>τὴν</strong></span> <span class='ocrx_word' id='word_1_74' title='bbox 996 1074 1321 1146; x_wconf 81' lang='grc' dir='ltr'><strong>μυθολογίαν</strong></span> <span class='ocrx_word' id='word_1_75' title='bbox 1350 1078 1414 1132; x_wconf 79' lang='grc' dir='ltr'><strong>ἐκ</strong></span> <span class='ocrx_word' id='word_1_76' title='bbox 1443 1079 1646 1149; x_wconf 82' lang='grc' dir='ltr'><strong>πολλῆς</strong></span> <span class='ocrx_word' id='word_1_77' title='bbox 1675 1081 1814 1149; x_wconf 84' lang='grc' dir='ltr'><strong>ἄγαν</strong></span> 
     </span>
    </p>
   </div>
   <div class='ocr_carea' id='block_1_13' title="bbox 240 1162 1812 1240">
    <p class='ocr_par' dir='ltr' id='par_1_13' title="bbox 240 1162 1812 1240">
     <span class='ocr_line' id='line_1_13' title="bbox 240 1162 1812 1240; baseline 0.006 -23"><span class='ocrx_word' id='word_1_78' title='bbox 240 1164 515 1233; x_wconf 72' lang='grc' dir='ltr'><strong>ἀγχινοίας</strong></span> <span class='ocrx_word' id='word_1_79' title='bbox 538 1167 631 1216; x_wconf 71' lang='grc' dir='ltr'><strong>καὶ</strong></span> <span class='ocrx_word' id='word_1_80' title='bbox 657 1162 778 1226; x_wconf 80' lang='grc' dir='ltr'><strong>νοὸς</strong></span> <span class='ocrx_word' id='word_1_81' title='bbox 811 1163 1023 1234; x_wconf 72' lang='grc' dir='ltr'><strong>νήψεως</strong></span> <span class='ocrx_word' id='word_1_82' title='bbox 1058 1168 1138 1229; x_wconf 83' lang='grc' dir='ltr'><strong>είς</strong></span> <span class='ocrx_word' id='word_1_83' title='bbox 1173 1167 1342 1240; x_wconf 79' lang='grc' dir='ltr'><strong>ἄκρον</strong></span> <span class='ocrx_word' id='word_1_84' title='bbox 1384 1172 1689 1235; x_wconf 72' lang='grc' dir='ltr'><strong>συντιθεὶς.</strong></span> <span class='ocrx_word' id='word_1_85' title='bbox 1732 1174 1812 1237; x_wconf 81' lang='grc' dir='ltr'><strong>είς</strong></span> 
     </span>
    </p>
   </div>
   <div class='ocr_carea' id='block_1_14' title="bbox 236 1253 1813 1331">
    <p class='ocr_par' dir='ltr' id='par_1_14' title="bbox 236 1253 1813 1331">
     <span class='ocr_line' id='line_1_14' title="bbox 236 1253 1813 1331; baseline 0.006 -22"><span class='ocrx_word' id='word_1_86' title='bbox 236 1253 427 1312; x_wconf 80' lang='grc' dir='ltr'><strong>ταυτὸν</strong></span> <span class='ocrx_word' id='word_1_87' title='bbox 462 1254 587 1323; x_wconf 80' lang='grc' dir='ltr'><strong>ἄγει</strong></span> <span class='ocrx_word' id='word_1_88' title='bbox 642 1256 996 1326; x_wconf 76' lang='grc' dir='ltr'><strong>πρωτότυπον</strong></span> <span class='ocrx_word' id='word_1_89' title='bbox 1053 1261 1149 1313; x_wconf 80' lang='grc' dir='ltr'><strong>καὶ</strong></span> <span class='ocrx_word' id='word_1_90' title='bbox 1182 1263 1539 1331; x_wconf 81' lang='grc' dir='ltr'><strong>παράγωγον.</strong></span> <span class='ocrx_word' id='word_1_91' title='bbox 1579 1265 1687 1318; x_wconf 81' lang='grc' dir='ltr'><strong>Καὶ</strong></span> <span class='ocrx_word' id='word_1_92' title='bbox 1735 1267 1813 1330; x_wconf 81' lang='grc' dir='ltr'><strong>ὡς</strong></span> 
     </span>
    </p>
   </div>
   <div class='ocr_carea' id='block_1_15' title="bbox 238 1346 1811 1427">
    <p class='ocr_par' dir='ltr' id='par_1_15' title="bbox 238 1346 1811 1427">
     <span class='ocr_line' id='line_1_15' title="bbox 238 1346 1811 1427; baseline 0.006 -25"><span class='ocrx_word' id='word_1_93' title='bbox 238 1347 337 1403; x_wconf 73' lang='grc' dir='ltr'><strong>ἀνὰ</strong></span> <span class='ocrx_word' id='word_1_94' title='bbox 370 1346 538 1417; x_wconf 82' lang='grc' dir='ltr'><strong>μέσον</strong></span> <span class='ocrx_word' id='word_1_95' title='bbox 565 1347 721 1417; x_wconf 81' lang='grc' dir='ltr'><strong>ἁγίου</strong></span> <span class='ocrx_word' id='word_1_96' title='bbox 770 1349 864 1402; x_wconf 78' lang='grc' dir='ltr'><strong>καὶ</strong></span> <span class='ocrx_word' id='word_1_97' title='bbox 899 1348 1134 1421; x_wconf 75' lang='grc' dir='ltr'><strong>βεϐήλου</strong></span> <span class='ocrx_word' id='word_1_98' title='bbox 1185 1352 1484 1408; x_wconf 85' lang='grc' dir='ltr'><strong>διαστεῖλαι</strong></span> <span class='ocrx_word' id='word_1_99' title='bbox 1518 1356 1579 1409; x_wconf 85' lang='grc' dir='ltr'><strong>οὑ</strong></span> <span class='ocrx_word' id='word_1_100' title='bbox 1620 1358 1811 1427; x_wconf 83' lang='grc' dir='ltr'><strong>προεί-</strong></span> 
     </span>
    </p>
   </div>
   <div class='ocr_carea' id='block_1_16' title="bbox 188 1438 1809 1517">
    <p class='ocr_par' dir='ltr' id='par_1_16' title="bbox 188 1438 1809 1517">
     <span class='ocr_line' id='line_1_16' title="bbox 188 1438 1809 1517; baseline 0.006 -25"><span class='ocrx_word' id='word_1_101' title='bbox 188 1448 195 1497; x_wconf 76' lang='grc' dir='ltr'><em>ζ</em></span> <span class='ocrx_word' id='word_1_102' title='bbox 237 1441 386 1501; x_wconf 81' lang='grc' dir='ltr'><strong>λετο,</strong></span> <span class='ocrx_word' id='word_1_103' title='bbox 413 1439 541 1492; x_wconf 79' lang='grc' dir='ltr'><strong>οὐδὲ</strong></span> <span class='ocrx_word' id='word_1_104' title='bbox 586 1438 794 1493; x_wconf 87' lang='grc' dir='ltr'><strong>τούτων</strong></span> <span class='ocrx_word' id='word_1_105' title='bbox 843 1441 947 1495; x_wconf 78' lang='grc' dir='ltr'><strong>ἀνὰ</strong></span> <span class='ocrx_word' id='word_1_106' title='bbox 985 1442 1152 1512; x_wconf 90' lang='grc' dir='ltr'><strong>μέσον</strong></span> <span class='ocrx_word' id='word_1_107' title='bbox 1188 1444 1464 1516; x_wconf 77' lang='grc' dir='ltr'><strong>διακρῖναι</strong></span> <span class='ocrx_word' id='word_1_108' title='bbox 1508 1448 1809 1517; x_wconf 79' lang='grc' dir='ltr'><strong>ἠνέσχετο,</strong></span> 
     </span>
    </p>
   </div>
   <div class='ocr_carea' id='block_1_17' title="bbox 237 1530 1808 1607">
    <p class='ocr_par' dir='ltr' id='par_1_17' title="bbox 237 1530 1808 1607">
     <span class='ocr_line' id='line_1_17' title="bbox 237 1530 1808 1607; baseline 0.004 -21"><span class='ocrx_word' id='word_1_109' title='bbox 237 1533 338 1587; x_wconf 74' lang='grc' dir='ltr'><strong>οὐδ’</strong></span> <span class='ocrx_word' id='word_1_110' title='bbox 375 1533 500 1586; x_wconf 86' lang='grc' dir='ltr'><strong>ὅσον</strong></span> <span class='ocrx_word' id='word_1_111' title='bbox 545 1530 635 1585; x_wconf 67' lang='grc' dir='ltr'><strong>ἐπ’</strong></span> <span class='ocrx_word' id='word_1_112' title='bbox 680 1530 828 1603; x_wconf 74' lang='grc' dir='ltr'><strong>ἄκρᾳ</strong></span> <span class='ocrx_word' id='word_1_113' title='bbox 857 1532 1078 1606; x_wconf 84' lang='grc' dir='ltr'><strong>γλώσσῃ</strong></span> <span class='ocrx_word' id='word_1_114' title='bbox 1120 1534 1214 1588; x_wconf 85' lang='grc' dir='ltr'><strong>τοῦ</strong></span> <span class='ocrx_word' id='word_1_115' title='bbox 1249 1537 1379 1607; x_wconf 74' lang='grc' dir='ltr'><strong>περὶ</strong></span> <span class='ocrx_word' id='word_1_116' title='bbox 1416 1537 1600 1592; x_wconf 78' lang='grc' dir='ltr'><strong>αὐτῶν</strong></span> <span class='ocrx_word' id='word_1_117' title='bbox 1647 1540 1808 1607; x_wconf 84' lang='grc' dir='ltr'><strong>λόγου</strong></span> 
     </span>
    </p>
   </div>
   <div class='ocr_carea' id='block_1_18' title="bbox 238 1621 1810 1700">
    <p class='ocr_par' dir='ltr' id='par_1_18' title="bbox 238 1621 1810 1700">
     <span class='ocr_line' id='line_1_18' title="bbox 238 1621 1810 1700; baseline 0.005 -23"><span class='ocrx_word' id='word_1_118' title='bbox 238 1621 567 1692; x_wconf 67' lang='grc' dir='ltr'><strong>ἐφάψασθαι.</strong></span> <span class='ocrx_word' id='word_1_119' title='bbox 619 1622 681 1676; x_wconf 86' lang='lat'><strong>&#39;0</strong></span> <span class='ocrx_word' id='word_1_120' title='bbox 711 1624 821 1694; x_wconf 77' lang='grc' dir='ltr'><strong>γὰρ</strong></span> <span class='ocrx_word' id='word_1_121' title='bbox 849 1623 937 1677; x_wconf 77' lang='grc' dir='ltr'><strong>διὰ</strong></span> <span class='ocrx_word' id='word_1_122' title='bbox 976 1626 1076 1694; x_wconf 83' lang='grc' dir='ltr'><strong>τῆς</strong></span> <span class='ocrx_word' id='word_1_123' title='bbox 1106 1626 1318 1691; x_wconf 73' lang='grc' dir='ltr'><strong>εἰκόνος</strong></span> <span class='ocrx_word' id='word_1_124' title='bbox 1363 1629 1685 1700; x_wconf 77' lang='grc' dir='ltr'><strong>μερίζεσθαι</strong></span> <span class='ocrx_word' id='word_1_125' title='bbox 1717 1632 1810 1685; x_wconf 80' lang='grc' dir='ltr'><strong>τὸν</strong></span> 
     </span>
    </p>
   </div>
   <div class='ocr_carea' id='block_1_19' title="bbox 242 1714 1809 1792">
    <p class='ocr_par' dir='ltr' id='par_1_19' title="bbox 242 1714 1809 1792">
     <span class='ocr_line' id='line_1_19' title="bbox 242 1714 1809 1792; baseline 0.004 -22"><span class='ocrx_word' id='word_1_126' title='bbox 242 1715 462 1785; x_wconf 74' lang='grc' dir='ltr'><strong>Χριστὸν</strong></span> <span class='ocrx_word' id='word_1_127' title='bbox 500 1714 770 1782; x_wconf 75' lang='grc' dir='ltr'><strong>οἰόμενος,</strong></span> <span class='ocrx_word' id='word_1_128' title='bbox 812 1714 968 1770; x_wconf 74' lang='grc' dir='ltr'><strong>οὐδὲν</strong></span> <span class='ocrx_word' id='word_1_129' title='bbox 1008 1715 1196 1789; x_wconf 77' lang='grc' dir='ltr'><strong>ἕτερον</strong></span> <span class='ocrx_word' id='word_1_130' title='bbox 1218 1718 1431 1786; x_wconf 76' lang='grc' dir='ltr'><strong>δοξάζει</strong></span> <span class='ocrx_word' id='word_1_131' title='bbox 1470 1721 1503 1792; x_wconf 78' lang='grc' dir='ltr'>ἦ</span> <span class='ocrx_word' id='word_1_132' title='bbox 1541 1721 1625 1776; x_wconf 80' lang='grc' dir='ltr'><strong>ὅτι</strong></span> <span class='ocrx_word' id='word_1_133' title='bbox 1658 1723 1809 1777; x_wconf 81' lang='grc' dir='ltr'><strong>οὐδὲν</strong></span> 
     </span>
    </p>
   </div>
   <div class='ocr_carea' id='block_1_20' title="bbox 243 1804 1807 1879">
    <p class='ocr_par' dir='ltr' id='par_1_20' title="bbox 243 1804 1807 1879">
     <span class='ocr_line' id='line_1_20' title="bbox 243 1804 1807 1879; baseline 0.006 -21"><span class='ocrx_word' id='word_1_134' title='bbox 243 1806 417 1859; x_wconf 77' lang='grc' dir='ltr'><strong>διοίσει</strong></span> <span class='ocrx_word' id='word_1_135' title='bbox 466 1804 706 1879; x_wconf 74' lang='grc' dir='ltr'><strong>Χριστὸς</strong></span> <span class='ocrx_word' id='word_1_136' title='bbox 749 1804 848 1875; x_wconf 82' lang='grc' dir='ltr'><strong>τῆς</strong></span> <span class='ocrx_word' id='word_1_137' title='bbox 890 1805 1090 1860; x_wconf 82' lang='grc' dir='ltr'><strong>ἑαυτοῦ</strong></span> <span class='ocrx_word' id='word_1_138' title='bbox 1121 1808 1366 1874; x_wconf 76' lang='grc' dir='ltr'><strong>εἰκόνος,</strong></span> <span class='ocrx_word' id='word_1_139' title='bbox 1422 1811 1559 1867; x_wconf 83' lang='grc' dir='ltr'><strong>ἀλλὰ</strong></span> <span class='ocrx_word' id='word_1_140' title='bbox 1610 1814 1807 1868; x_wconf 73' lang='grc' dir='ltr'><strong>ταυτὸν</strong></span> 
     </span>
    </p>
   </div>
   <div class='ocr_carea' id='block_1_21' title="bbox 246 1895 1807 1975">
    <p class='ocr_par' dir='ltr' id='par_1_21' title="bbox 246 1895 1807 1975">
     <span class='ocr_line' id='line_1_21' title="bbox 246 1895 1807 1975; baseline 0.007 -26"><span class='ocrx_word' id='word_1_141' title='bbox 246 1895 371 1951; x_wconf 67' lang='grc' dir='ltr'><strong>εἶναι</strong></span> <span class='ocrx_word' id='word_1_142' title='bbox 424 1896 737 1968; x_wconf 77' lang='grc' dir='ltr'><strong>ἀμφότερα.</strong></span> <span class='ocrx_word' id='word_1_143' title='bbox 783 1896 870 1960; x_wconf 86' lang='grc' dir='ltr'><strong>Ὠς</strong></span> <span class='ocrx_word' id='word_1_144' title='bbox 913 1897 1062 1967; x_wconf 81' lang='grc' dir='ltr'><strong>εἴγε</strong></span> <span class='ocrx_word' id='word_1_145' title='bbox 1118 1898 1685 1975; x_wconf 15' lang='grc' dir='ltr'><strong>τὴν-τούτωνίκρίσιν</strong></span> <span class='ocrx_word' id='word_1_146' title='bbox 1728 1905 1807 1959; x_wconf 91' lang='grc' dir='ltr'><strong>δι-</strong></span> 
     </span>
    </p>
   </div>
   <div class='ocr_carea' id='block_1_22' title="bbox 251 1988 1805 2065">
    <p class='ocr_par' dir='ltr' id='par_1_22' title="bbox 251 1988 1805 2065">
     <span class='ocr_line' id='line_1_22' title="bbox 251 1988 1805 2065; baseline 0.003 -19"><span class='ocrx_word' id='word_1_147' title='bbox 251 1989 528 2065; x_wconf 62' lang='grc' dir='ltr'><strong>έγπ.ω,οὖκ</strong></span> <span class='ocrx_word' id='word_1_148' title='bbox 570 1988 636 2042; x_wconf 83' lang='grc' dir='ltr'><strong>ἂν</strong></span> <span class='ocrx_word' id='word_1_149' title='bbox 663 1988 773 2041; x_wconf 81' lang='grc' dir='ltr'><strong>τῶν</strong></span> <span class='ocrx_word' id='word_1_150' title='bbox 815 1989 979 2060; x_wconf 78' lang='grc' dir='ltr'><strong>ἱερῶν</strong></span> <span class='ocrx_word' id='word_1_151' title='bbox 1018 1991 1115 2045; x_wconf 73' lang='grc' dir='ltr'><strong>καὶ</strong></span> <span class='ocrx_word' id='word_1_152' title='bbox 1149 1991 1423 2063; x_wconf 78' lang='grc' dir='ltr'><strong>σεϐασμοῦ</strong></span> <span class='ocrx_word' id='word_1_153' title='bbox 1458 1993 1624 2061; x_wconf 81' lang='grc' dir='ltr'><strong>ἀξίων</strong></span> <span class='ocrx_word' id='word_1_154' title='bbox 1675 2014 1805 2051; x_wconf 86' lang='grc' dir='ltr'><strong>κατ-</strong></span> 
     </span>
    </p>
   </div>
   <div class='ocr_carea' id='block_1_23' title="bbox 256 2080 1804 2160">
    <p class='ocr_par' dir='ltr' id='par_1_23' title="bbox 256 2080 1804 2160">
     <span class='ocr_line' id='line_1_23' title="bbox 256 2080 1804 2160; baseline 0.004 -24"><span class='ocrx_word' id='word_1_155' title='bbox 256 2085 400 2152; x_wconf 76' lang='grc' dir='ltr'><strong>έγνω.</strong></span> <span class='ocrx_word' id='word_1_156' title='bbox 429 2082 504 2155; x_wconf 82' lang='grc' dir='ltr'><strong>Τῇ</strong></span> <span class='ocrx_word' id='word_1_157' title='bbox 545 2080 657 2152; x_wconf 73' lang='grc' dir='ltr'><strong>γὰρ</strong></span> <span class='ocrx_word' id='word_1_158' title='bbox 689 2083 820 2152; x_wconf 80' lang='grc' dir='ltr'><strong>κενῇ</strong></span> <span class='ocrx_word' id='word_1_159' title='bbox 847 2081 976 2155; x_wconf 81' lang='grc' dir='ltr'><strong>δόξῃ</strong></span> <span class='ocrx_word' id='word_1_160' title='bbox 1004 2083 1099 2137; x_wconf 75' lang='grc' dir='ltr'><strong>καὶ</strong></span> <span class='ocrx_word' id='word_1_161' title='bbox 1130 2085 1457 2155; x_wconf 76' lang='grc' dir='ltr'><strong>ματαιότητι</strong></span> <span class='ocrx_word' id='word_1_162' title='bbox 1481 2088 1575 2145; x_wconf 78' lang='grc' dir='ltr'><strong>τοῦ</strong></span> <span class='ocrx_word' id='word_1_163' title='bbox 1602 2088 1804 2160; x_wconf 81' lang='grc' dir='ltr'><strong>κόσμου</strong></span> 
     </span>
    </p>
   </div>
   <div class='ocr_carea' id='block_1_24' title="bbox 260 2172 1806 2249">
    <p class='ocr_par' dir='ltr' id='par_1_24' title="bbox 260 2172 1806 2249">
     <span class='ocr_line' id='line_1_24' title="bbox 260 2172 1806 2249; baseline 0.004 -22"><span class='ocrx_word' id='word_1_164' title='bbox 260 2175 572 2245; x_wconf 73' lang='grc' dir='ltr'><strong>ἡττώμενος,</strong></span> <span class='ocrx_word' id='word_1_165' title='bbox 622 2173 719 2225; x_wconf 74' lang='grc' dir='ltr'><strong>καὶ</strong></span> <span class='ocrx_word' id='word_1_166' title='bbox 773 2172 1033 2245; x_wconf 74' lang='grc' dir='ltr'><strong>φιλαυτία</strong></span> <span class='ocrx_word' id='word_1_167' title='bbox 1080 2175 1175 2229; x_wconf 74' lang='grc' dir='ltr'><strong>καὶ</strong></span> <span class='ocrx_word' id='word_1_168' title='bbox 1226 2176 1504 2249; x_wconf 82' lang='grc' dir='ltr'><strong>έμπαθείᾳ</strong></span> <span class='ocrx_word' id='word_1_169' title='bbox 1556 2179 1806 2234; x_wconf 84' lang='grc' dir='ltr'><strong>καταϐα-</strong></span> 
     </span>
    </p>
   </div>
   <div class='ocr_carea' id='block_1_25' title="bbox 262 2264 1809 2344">
    <p class='ocr_par' dir='ltr' id='par_1_25' title="bbox 262 2264 1809 2344">
     <span class='ocr_line' id='line_1_25' title="bbox 262 2264 1809 2344; baseline 0.002 -23"><span class='ocrx_word' id='word_1_170' title='bbox 262 2267 579 2336; x_wconf 77' lang='grc' dir='ltr'><strong>πτιζόμενος,</strong></span> <span class='ocrx_word' id='word_1_171' title='bbox 608 2264 901 2336; x_wconf 77' lang='grc' dir='ltr'><strong>ἐσκοτίσθη</strong></span> <span class='ocrx_word' id='word_1_172' title='bbox 929 2265 1029 2337; x_wconf 78' lang='grc' dir='ltr'><strong>τὴν</strong></span> <span class='ocrx_word' id='word_1_173' title='bbox 1066 2265 1265 2338; x_wconf 79' lang='grc' dir='ltr'><strong>ψυχὴν,</strong></span> <span class='ocrx_word' id='word_1_174' title='bbox 1294 2268 1390 2322; x_wconf 76' lang='grc' dir='ltr'><strong>καὶ</strong></span> <span class='ocrx_word' id='word_1_175' title='bbox 1427 2269 1521 2324; x_wconf 84' lang='grc' dir='ltr'><strong>τοῦ</strong></span> <span class='ocrx_word' id='word_1_176' title='bbox 1554 2271 1654 2340; x_wconf 80' lang='grc' dir='ltr'><strong>τῆς</strong></span> <span class='ocrx_word' id='word_1_177' title='bbox 1676 2272 1809 2344; x_wconf 84' lang='grc' dir='ltr'><strong>άλη-</strong></span> 
     </span>
    </p>
   </div>
   <div class='ocr_carea' id='block_1_26' title="bbox 258 2354 1805 2431">
    <p class='ocr_par' dir='ltr' id='par_1_26' title="bbox 258 2354 1805 2431">
     <span class='ocr_line' id='line_1_26' title="bbox 258 2354 1805 2431; baseline 0.003 -20"><span class='ocrx_word' id='word_1_178' title='bbox 258 2356 386 2420; x_wconf 84' lang='grc' dir='ltr'><strong>θεὶας</strong></span> <span class='ocrx_word' id='word_1_179' title='bbox 409 2355 698 2427; x_wconf 73' lang='grc' dir='ltr'><strong>ἐστέρηται</strong></span> <span class='ocrx_word' id='word_1_180' title='bbox 730 2354 910 2425; x_wconf 80' lang='grc' dir='ltr'><strong>φωτὸς</strong></span> <span class='ocrx_word' id='word_1_181' title='bbox 932 2398 946 2423; x_wconf 89' lang='grc'><strong>,</strong></span> <span class='ocrx_word' id='word_1_182' title='bbox 977 2356 1131 2410; x_wconf 79' lang='grc' dir='ltr'><strong>οὐδὲν</strong></span> <span class='ocrx_word' id='word_1_183' title='bbox 1164 2357 1328 2411; x_wconf 83' lang='grc' dir='ltr'>πλέον</span> <span class='ocrx_word' id='word_1_184' title='bbox 1368 2359 1477 2412; x_wconf 88' lang='grc' dir='ltr'><strong>τῶν</strong></span> <span class='ocrx_word' id='word_1_185' title='bbox 1509 2361 1805 2431; x_wconf 83' lang='grc' dir='ltr'><strong>ὁρωμένων</strong></span> 
     </span>
    </p>
   </div>
   <div class='ocr_carea' id='block_1_27' title="bbox 248 2443 1805 2519">
    <p class='ocr_par' dir='ltr' id='par_1_27' title="bbox 248 2443 1805 2519">
     <span class='ocr_line' id='line_1_27' title="bbox 248 2443 1805 2519; baseline 0.004 -20"><span class='ocrx_word' id='word_1_186' title='bbox 248 2446 385 2509; x_wconf 77' lang='grc' dir='ltr'><strong>εἰδὼς</strong></span> <span class='ocrx_word' id='word_1_187' title='bbox 432 2444 463 2516; x_wconf 76' lang='grc' dir='ltr'>ἢ</span> <span class='ocrx_word' id='word_1_188' title='bbox 516 2443 949 2515; x_wconf 72' lang='grc' dir='ltr'><strong>φανταζόμενος.</strong></span> <span class='ocrx_word' id='word_1_189' title='bbox 1000 2446 1039 2498; x_wconf 87' lang='grc' dir='ltr'><strong>Γ</strong></span> <span class='ocrx_word' id='word_1_190' title='bbox 1042 2443 1217 2518; x_wconf 74' lang='grc' dir='ltr'><strong>εὼδης</strong></span> <span class='ocrx_word' id='word_1_191' title='bbox 1252 2443 1357 2519; x_wconf 80' lang='grc' dir='ltr'><strong>γὰρ</strong></span> <span class='ocrx_word' id='word_1_192' title='bbox 1402 2446 1479 2503; x_wconf 83' lang='grc' dir='ltr'><strong>ὢν</strong></span> <span class='ocrx_word' id='word_1_193' title='bbox 1511 2449 1605 2503; x_wconf 81' lang='grc' dir='ltr'><strong>καὶ</strong></span> <span class='ocrx_word' id='word_1_194' title='bbox 1653 2451 1805 2505; x_wconf 85' lang='grc' dir='ltr'><strong>κάτω</strong></span> 
     </span>
    </p>
   </div>
   <div class='ocr_carea' id='block_1_28' title="bbox 243 2537 1805 2614">
    <p class='ocr_par' dir='ltr' id='par_1_28' title="bbox 243 2537 1805 2614">
     <span class='ocr_line' id='line_1_28' title="bbox 243 2537 1805 2614; baseline 0.003 -21"><span class='ocrx_word' id='word_1_195' title='bbox 243 2537 510 2602; x_wconf 83' lang='grc' dir='ltr'><strong>νενευκὼς,</strong></span> <span class='ocrx_word' id='word_1_196' title='bbox 542 2537 648 2609; x_wconf 82' lang='grc' dir='ltr'><strong>τὴν</strong></span> <span class='ocrx_word' id='word_1_197' title='bbox 683 2537 1141 2610; x_wconf 76' lang='grc' dir='ltr'><strong>ἐγκεκρυμμένην</strong></span> <span class='ocrx_word' id='word_1_198' title='bbox 1163 2541 1276 2603; x_wconf 86' lang='grc' dir='ltr'><strong>τοῖς</strong></span> <span class='ocrx_word' id='word_1_199' title='bbox 1316 2541 1483 2612; x_wconf 79' lang='grc' dir='ltr'><strong>ἱεροῖς</strong></span> <span class='ocrx_word' id='word_1_200' title='bbox 1511 2542 1674 2614; x_wconf 81' lang='grc' dir='ltr'><strong>χάριν</strong></span> <span class='ocrx_word' id='word_1_201' title='bbox 1709 2544 1805 2597; x_wconf 74' lang='grc' dir='ltr'><strong>καὶ</strong></span> 
     </span>
    </p>
   </div>
   <div class='ocr_carea' id='block_1_29' title="bbox 235 2618 1804 2706">
    <p class='ocr_par' dir='ltr' id='par_1_29' title="bbox 235 2618 1804 2706">
     <span class='ocr_line' id='line_1_29' title="bbox 235 2618 1804 2706; baseline 0.002 -22"><span class='ocrx_word' id='word_1_202' title='bbox 235 2630 657 2701; x_wconf 74' lang='grc' dir='ltr'><strong>ἐναποκειμένην</strong></span> <span class='ocrx_word' id='word_1_203' title='bbox 682 2629 741 2682; x_wconf 78' lang='grc' dir='ltr'><strong>οὐ</strong></span> <span class='ocrx_word' id='word_1_204' title='bbox 764 2618 1115 2700; x_wconf 82' lang='grc' dir='ltr'><strong>κατενόησεν,</strong></span> <span class='ocrx_word' id='word_1_205' title='bbox 1141 2624 1340 2701; x_wconf 75' lang='grc' dir='ltr'><strong>οἷάπερ</strong></span> <span class='ocrx_word' id='word_1_206' title='bbox 1370 2632 1534 2704; x_wconf 88' lang='grc' dir='ltr'><strong>μέχρι</strong></span> <span class='ocrx_word' id='word_1_207' title='bbox 1551 2635 1648 2705; x_wconf 83' lang='grc' dir='ltr'><strong>τῆς</strong></span> <span class='ocrx_word' id='word_1_208' title='bbox 1671 2632 1804 2706; x_wconf 73' lang='grc' dir='ltr'><strong>ὕλης</strong></span> 
     </span>
    </p>
   </div>
   <div class='ocr_carea' id='block_1_30' title="bbox 232 2721 1525 2795">
    <p class='ocr_par' dir='ltr' id='par_1_30' title="bbox 232 2721 1525 2795">
     <span class='ocr_line' id='line_1_30' title="bbox 232 2721 1525 2795; baseline 0.002 -17"><span class='ocrx_word' id='word_1_209' title='bbox 232 2725 315 2778; x_wconf 84' lang='grc' dir='ltr'><strong>καὶ</strong></span> <span class='ocrx_word' id='word_1_210' title='bbox 335 2721 438 2776; x_wconf 85' lang='grc' dir='ltr'><strong>τῶν</strong></span> <span class='ocrx_word' id='word_1_211' title='bbox 461 2721 784 2792; x_wconf 79' lang='grc' dir='ltr'><strong>κτισμάτων</strong></span> <span class='ocrx_word' id='word_1_212' title='bbox 821 2722 912 2775; x_wconf 82' lang='grc' dir='ltr'><strong>τὸν</strong></span> <span class='ocrx_word' id='word_1_213' title='bbox 942 2721 1068 2776; x_wconf 82' lang='grc' dir='ltr'><strong>νοῦν</strong></span> <span class='ocrx_word' id='word_1_214' title='bbox 1104 2723 1525 2795; x_wconf 80' lang='grc' dir='ltr'><strong>συνιστάμενος.</strong></span> 
     </span>
    </p>
   </div>
   <div class='ocr_carea' id='block_1_31' title="bbox 303 2811 1803 2888">
    <p class='ocr_par' dir='ltr' id='par_1_31' title="bbox 303 2811 1803 2888">
     <span class='ocr_line' id='line_1_31' title="bbox 303 2811 1803 2888; baseline 0.002 -17"><span class='ocrx_word' id='word_1_215' title='bbox 303 2816 455 2871; x_wconf 77' lang='grc' dir='ltr'><strong>Ἀλλὰ</strong></span> <span class='ocrx_word' id='word_1_216' title='bbox 502 2815 567 2887; x_wconf 81' lang='grc' dir='ltr'><strong>δὴ</strong></span> <span class='ocrx_word' id='word_1_217' title='bbox 615 2816 643 2869; x_wconf 86' lang='grc' dir='ltr'><strong>ὃ</strong></span> <span class='ocrx_word' id='word_1_218' title='bbox 690 2832 755 2884; x_wconf 87' lang='grc' dir='ltr'><strong>γε</strong></span> <span class='ocrx_word' id='word_1_219' title='bbox 785 2815 1040 2887; x_wconf 77' lang='grc' dir='ltr'><strong>ἑλόμενος</strong></span> <span class='ocrx_word' id='word_1_220' title='bbox 1066 2857 1081 2882; x_wconf 93' lang='grc'><strong>,</strong></span> <span class='ocrx_word' id='word_1_221' title='bbox 1124 2811 1215 2871; x_wconf 76' lang='grc' dir='ltr'><strong>οἷα</strong></span> <span class='ocrx_word' id='word_1_222' title='bbox 1263 2820 1292 2872; x_wconf 84' lang='grc' dir='ltr'><strong>ό</strong></span> <span class='ocrx_word' id='word_1_223' title='bbox 1346 2818 1663 2888; x_wconf 82' lang='grc' dir='ltr'><strong>σοφώτατος</strong></span> <span class='ocrx_word' id='word_1_224' title='bbox 1707 2822 1803 2876; x_wconf 60' lang='grc' dir='ltr'><strong>καὶ⁸</strong></span> 
     </span>
    </p>
   </div>
   <div class='ocr_carea' id='block_1_32' title="bbox 228 2901 1803 2985">
    <p class='ocr_par' dir='ltr' id='par_1_32' title="bbox 228 2901 1803 2985">
     <span class='ocr_line' id='line_1_32' title="bbox 228 2901 1803 2985; baseline 0.002 -21"><span class='ocrx_word' id='word_1_225' title='bbox 228 2907 707 2982; x_wconf 85' lang='grc' dir='ltr'><strong>θεωρητικώτατος</strong></span> <span class='ocrx_word' id='word_1_226' title='bbox 744 2901 898 2974; x_wconf 79' lang='grc' dir='ltr'><strong>οὗτος</strong></span> <span class='ocrx_word' id='word_1_227' title='bbox 920 2949 935 2974; x_wconf 88' lang='grc'><strong>,</strong></span> <span class='ocrx_word' id='word_1_228' title='bbox 970 2912 1189 2981; x_wconf 77' lang='grc' dir='ltr'><strong>φρονεῖν</strong></span> <span class='ocrx_word' id='word_1_229' title='bbox 1218 2928 1277 2963; x_wconf 90' lang='grc' dir='ltr'><strong>τε</strong></span> <span class='ocrx_word' id='word_1_230' title='bbox 1325 2913 1419 2965; x_wconf 81' lang='grc' dir='ltr'><strong>καὶ</strong></span> <span class='ocrx_word' id='word_1_231' title='bbox 1455 2913 1803 2985; x_wconf 77' lang='grc' dir='ltr'><strong>προχειρίζεο</strong></span> 
     </span>
    </p>
   </div>
   <div class='ocr_carea' id='block_1_33' title="bbox 226 3002 1803 3075">
    <p class='ocr_par' dir='ltr' id='par_1_33' title="bbox 226 3002 1803 3075">
     <span class='ocr_line' id='line_1_33' title="bbox 226 3002 1803 3075; baseline 0.001 -17"><span class='ocrx_word' id='word_1_232' title='bbox 226 3005 369 3069; x_wconf 86' lang='grc' dir='ltr'><strong>σθαι,</strong></span> <span class='ocrx_word' id='word_1_233' title='bbox 412 3002 708 3075; x_wconf 77' lang='grc' dir='ltr'><strong>ἐρομένοις</strong></span> <span class='ocrx_word' id='word_1_234' title='bbox 769 3005 904 3074; x_wconf 76' lang='grc' dir='ltr'><strong>ἡμῖν</strong></span> <span class='ocrx_word' id='word_1_235' title='bbox 956 3002 1380 3075; x_wconf 80' lang='grc' dir='ltr'><strong>ἀποκρινέσθω,</strong></span> <span class='ocrx_word' id='word_1_236' title='bbox 1437 3006 1532 3060; x_wconf 66' lang='grc' dir='ltr'><strong>καὶ⁹</strong></span> <span class='ocrx_word' id='word_1_237' title='bbox 1583 3006 1803 3060; x_wconf 81' lang='grc' dir='ltr'><strong>συνδια-</strong></span> 
     </span>
    </p>
   </div>
   <div class='ocr_carea' id='block_1_34' title="bbox 1922 529 3498 592">
    <p class='ocr_par' dir='ltr' id='par_1_34' title="bbox 1922 529 3498 592">
     <span class='ocr_line' id='line_1_34' title="bbox 1922 529 3498 592; baseline 0.005 -11"><span class='ocrx_word' id='word_1_238' title='bbox 1922 537 2061 591; x_wconf 86' lang='lat' dir='ltr'><strong>rato,</strong></span> <span class='ocrx_word' id='word_1_239' title='bbox 2090 529 2346 589; x_wconf 82' lang='lat' dir='ltr'><strong>nesciens</strong></span> <span class='ocrx_word' id='word_1_240' title='bbox 2394 530 2477 587; x_wconf 88' lang='lat' dir='ltr'><strong>vel</strong></span> <span class='ocrx_word' id='word_1_241' title='bbox 2512 547 2626 588; x_wconf 90' lang='lat' dir='ltr'><strong>non</strong></span> <span class='ocrx_word' id='word_1_242' title='bbox 2682 535 2989 591; x_wconf 82' lang='lat' dir='ltr'><strong>concedens</strong></span> <span class='ocrx_word' id='word_1_243' title='bbox 3048 535 3409 592; x_wconf 72' lang='lat' dir='ltr'><strong>differentiam</strong></span> <span class='ocrx_word' id='word_1_244' title='bbox 3444 537 3498 590; x_wconf 90' lang='lat' dir='ltr'><strong>in</strong></span> 
     </span>
    </p>
   </div>
   <div class='ocr_carea' id='block_1_35' title="bbox 1917 616 3498 697">
    <p class='ocr_par' dir='ltr' id='par_1_35' title="bbox 1917 616 3498 697">
     <span class='ocr_line' id='line_1_35' title="bbox 1917 616 3498 697; baseline 0.006 -26"><span class='ocrx_word' id='word_1_245' title='bbox 1917 616 2072 686; x_wconf 87' lang='lat' dir='ltr'><strong>ipsis,</strong></span> <span class='ocrx_word' id='word_1_246' title='bbox 2101 618 2249 674; x_wconf 87' lang='lat' dir='ltr'><strong>velut</strong></span> <span class='ocrx_word' id='word_1_247' title='bbox 2273 635 2450 690; x_wconf 88' lang='lat' dir='ltr'><strong>neque</strong></span> <span class='ocrx_word' id='word_1_248' title='bbox 2479 623 2705 678; x_wconf 89' lang='lat' dir='ltr'><strong>animati</strong></span> <span class='ocrx_word' id='word_1_249' title='bbox 2762 634 2818 679; x_wconf 91' lang='lat' dir='ltr'><strong>et</strong></span> <span class='ocrx_word' id='word_1_250' title='bbox 2849 624 3157 690; x_wconf 83' lang='lat' dir='ltr'><strong>inanimati,</strong></span> <span class='ocrx_word' id='word_1_251' title='bbox 3185 641 3360 697; x_wconf 88' lang='lat' dir='ltr'><strong>neque</strong></span> <span class='ocrx_word' id='word_1_252' title='bbox 3405 642 3498 681; x_wconf 90' lang='lat' dir='ltr'><strong>ra-</strong></span> 
     </span>
    </p>
   </div>
   <div class='ocr_carea' id='block_1_36' title="bbox 1919 708 3492 787">
    <p class='ocr_par' dir='ltr' id='par_1_36' title="bbox 1919 708 3492 787">
     <span class='ocr_line' id='line_1_36' title="bbox 1919 708 3492 787; baseline 0.006 -24"><span class='ocrx_word' id='word_1_253' title='bbox 1919 708 2141 765; x_wconf 87' lang='lat' dir='ltr'><strong>tionalis</strong></span> <span class='ocrx_word' id='word_1_254' title='bbox 2184 720 2241 765; x_wconf 90' lang='lat' dir='ltr'><strong>et</strong></span> <span class='ocrx_word' id='word_1_255' title='bbox 2298 711 2655 781; x_wconf 75' lang='lat' dir='ltr'><strong>irrationalis,</strong></span> <span class='ocrx_word' id='word_1_256' title='bbox 2706 715 2790 768; x_wconf 90' lang='lat' dir='ltr'><strong>vel</strong></span> <span class='ocrx_word' id='word_1_257' title='bbox 2840 714 3069 770; x_wconf 91' lang='lat' dir='ltr'><strong>aliarum</strong></span> <span class='ocrx_word' id='word_1_258' title='bbox 3112 732 3293 771; x_wconf 88' lang='lat' dir='ltr'><strong>rerum</strong></span> <span class='ocrx_word' id='word_1_259' title='bbox 3330 717 3492 787; x_wconf 80' lang='lat' dir='ltr'><strong>plane</strong></span> 
     </span>
    </p>
   </div>
   <div class='ocr_carea' id='block_1_37' title="bbox 1906 799 3486 878">
    <p class='ocr_par' dir='ltr' id='par_1_37' title="bbox 1906 799 3486 878">
     <span class='ocr_line' id='line_1_37' title="bbox 1906 799 3486 878; baseline 0.007 -24"><span class='ocrx_word' id='word_1_260' title='bbox 1906 799 2060 875; x_wconf 81' lang='lat' dir='ltr'><strong>inter</strong></span> <span class='ocrx_word' id='word_1_261' title='bbox 2080 815 2143 859; x_wconf 85' lang='lat' dir='ltr'><strong>se</strong></span> <span class='ocrx_word' id='word_1_262' title='bbox 2181 802 2566 859; x_wconf 87' lang='lat' dir='ltr'><strong>distinctarum</strong></span> <span class='ocrx_word' id='word_1_263' title='bbox 2620 806 2998 861; x_wconf 76' lang='lat' dir='ltr'><strong>diversitatem</strong></span> <span class='ocrx_word' id='word_1_264' title='bbox 3041 823 3381 878; x_wconf 73' lang='lat' dir='ltr'><strong>agnoscens;</strong></span> <span class='ocrx_word' id='word_1_265' title='bbox 3417 824 3486 865; x_wconf 76' lang='lat' dir='ltr'><strong>ex</strong></span> 
     </span>
    </p>
   </div>
   <div class='ocr_carea' id='block_1_38' title="bbox 1916 895 3499 967">
    <p class='ocr_par' dir='ltr' id='par_1_38' title="bbox 1916 895 3499 967">
     <span class='ocr_line' id='line_1_38' title="bbox 1916 895 3499 967; baseline 0.008 -24"><span class='ocrx_word' id='word_1_266' title='bbox 1916 905 2026 961; x_wconf 80' lang='lat' dir='ltr'><strong>quo</strong></span> <span class='ocrx_word' id='word_1_267' title='bbox 2057 896 2384 949; x_wconf 75' lang='lat' dir='ltr'><strong>sententiam</strong></span> <span class='ocrx_word' id='word_1_268' title='bbox 2425 895 2544 965; x_wconf 83' lang='lat' dir='ltr'><strong>ejus</strong></span> <span class='ocrx_word' id='word_1_269' title='bbox 2586 907 2813 967; x_wconf 81' lang='lat' dir='ltr'><strong>apparet</strong></span> <span class='ocrx_word' id='word_1_270' title='bbox 2858 897 3129 953; x_wconf 84' lang='lat' dir='ltr'><strong>inﬁrmant</strong></span> <span class='ocrx_word' id='word_1_271' title='bbox 3162 915 3283 954; x_wconf 85' lang='lat' dir='ltr'><strong>esse</strong></span> <span class='ocrx_word' id='word_1_272' title='bbox 3314 910 3368 955; x_wconf 80' lang='lat' dir='ltr'><strong>et</strong></span> <span class='ocrx_word' id='word_1_273' title='bbox 3414 900 3499 954; x_wconf 83' lang='lat' dir='ltr'><strong>in-</strong></span> 
     </span>
    </p>
   </div>
   <div class='ocr_carea' id='block_1_39' title="bbox 1914 983 3497 1057">
    <p class='ocr_par' dir='ltr' id='par_1_39' title="bbox 1914 983 3497 1057">
     <span class='ocr_line' id='line_1_39' title="bbox 1914 983 3497 1057; baseline 0.008 -22"><span class='ocrx_word' id='word_1_274' title='bbox 1914 983 2197 1040; x_wconf 80' lang='lat' dir='ltr'><strong>stabilem:</strong></span> <span class='ocrx_word' id='word_1_275' title='bbox 2220 987 2374 1041; x_wconf 86' lang='lat' dir='ltr'><strong>sicin</strong></span> <span class='ocrx_word' id='word_1_276' title='bbox 2409 988 2494 1043; x_wconf 86' lang='lat' dir='ltr'><strong>his</strong></span> <span class='ocrx_word' id='word_1_277' title='bbox 2510 989 2701 1057; x_wconf 88' lang='lat' dir='ltr'><strong>etiam,</strong></span> <span class='ocrx_word' id='word_1_278' title='bbox 2730 991 2920 1044; x_wconf 90' lang='lat' dir='ltr'><strong>eadem</strong></span> <span class='ocrx_word' id='word_1_279' title='bbox 2933 1000 3122 1045; x_wconf 84' lang='lat' dir='ltr'><strong>mente</strong></span> <span class='ocrx_word' id='word_1_280' title='bbox 3140 1002 3318 1057; x_wconf 90' lang='lat' dir='ltr'><strong>utens,</strong></span> <span class='ocrx_word' id='word_1_281' title='bbox 3341 992 3497 1047; x_wconf 87' lang='lat' dir='ltr'><strong>theo-</strong></span> 
     </span>
    </p>
   </div>
   <div class='ocr_carea' id='block_1_40' title="bbox 1917 1072 3497 1149">
    <p class='ocr_par' dir='ltr' id='par_1_40' title="bbox 1917 1072 3497 1149">
     <span class='ocr_line' id='line_1_40' title="bbox 1917 1072 3497 1149; baseline 0.007 -23"><span class='ocrx_word' id='word_1_282' title='bbox 1917 1072 2075 1145; x_wconf 67' lang='lat' dir='ltr'><strong>logize</strong></span> <span class='ocrx_word' id='word_1_283' title='bbox 2101 1078 2630 1149; x_wconf 67' lang='lat' dir='ltr'><strong>snaamythologiam</strong></span> <span class='ocrx_word' id='word_1_284' title='bbox 2690 1081 2860 1134; x_wconf 89' lang='lat' dir='ltr'><strong>multo</strong></span> <span class='ocrx_word' id='word_1_285' title='bbox 2914 1081 3197 1136; x_wconf 87' lang='lat' dir='ltr'><strong>enimvero</strong></span> <span class='ocrx_word' id='word_1_286' title='bbox 3239 1085 3497 1137; x_wconf 83' lang='lat' dir='ltr'><strong>acumine</strong></span> 
     </span>
    </p>
   </div>
   <div class='ocr_carea' id='block_1_41' title="bbox 1914 1167 3496 1243">
    <p class='ocr_par' dir='ltr' id='par_1_41' title="bbox 1914 1167 3496 1243">
     <span class='ocr_line' id='line_1_41' title="bbox 1914 1167 3496 1243; baseline 0.008 -25"><span class='ocrx_word' id='word_1_287' title='bbox 1914 1179 1982 1218; x_wconf 86' lang='lat' dir='ltr'><strong>ac</strong></span> <span class='ocrx_word' id='word_1_288' title='bbox 2010 1167 2210 1237; x_wconf 87' lang='lat' dir='ltr'><strong>mentis</strong></span> <span class='ocrx_word' id='word_1_289' title='bbox 2240 1168 2541 1226; x_wconf 85' lang='lat' dir='ltr'><strong>sobrietate</strong></span> <span class='ocrx_word' id='word_1_290' title='bbox 2571 1171 2844 1240; x_wconf 73' lang='lat' dir='ltr'><strong>exquisite</strong></span> <span class='ocrx_word' id='word_1_291' title='bbox 2880 1172 3214 1241; x_wconf 87' lang='lat' dir='ltr'><strong>admiscens,</strong></span> <span class='ocrx_word' id='word_1_292' title='bbox 3265 1175 3496 1243; x_wconf 86' lang='lat' dir='ltr'><strong>perinde</strong></span> 
     </span>
    </p>
   </div>
   <div class='ocr_carea' id='block_1_42' title="bbox 1916 1257 3492 1332">
    <p class='ocr_par' dir='ltr' id='par_1_42' title="bbox 1916 1257 3492 1332">
     <span class='ocr_line' id='line_1_42' title="bbox 1916 1257 3492 1332; baseline 0.006 -20"><span class='ocrx_word' id='word_1_293' title='bbox 1916 1257 2083 1313; x_wconf 82' lang='lat' dir='ltr'><strong>habet</strong></span> <span class='ocrx_word' id='word_1_294' title='bbox 2103 1269 2454 1332; x_wconf 79' lang='lat' dir='ltr'><strong>prototypum</strong></span> <span class='ocrx_word' id='word_1_295' title='bbox 2493 1271 2549 1318; x_wconf 92' lang='lat' dir='ltr'><strong>et</strong></span> <span class='ocrx_word' id='word_1_296' title='bbox 2579 1262 2698 1329; x_wconf 87' lang='lat' dir='ltr'><strong>eius</strong></span> <span class='ocrx_word' id='word_1_297' title='bbox 2715 1265 3182 1321; x_wconf 89' lang='lat' dir='ltr'><strong>simulamentum.</strong></span> <span class='ocrx_word' id='word_1_298' title='bbox 3225 1268 3302 1321; x_wconf 86' lang='lat' dir='ltr'><strong>Ac</strong></span> <span class='ocrx_word' id='word_1_299' title='bbox 3330 1268 3492 1321; x_wconf 87' lang='lat' dir='ltr'><strong>sicuti</strong></span> 
     </span>
    </p>
   </div>
   <div class='ocr_carea' id='block_1_43' title="bbox 1914 1350 3492 1428">
    <p class='ocr_par' dir='ltr' id='par_1_43' title="bbox 1914 1350 3492 1428">
     <span class='ocr_line' id='line_1_43' title="bbox 1914 1350 3492 1428; baseline 0.005 -24"><span class='ocrx_word' id='word_1_300' title='bbox 1914 1350 2057 1405; x_wconf 88' lang='lat' dir='ltr'><strong>inter</strong></span> <span class='ocrx_word' id='word_1_301' title='bbox 2113 1364 2362 1407; x_wconf 85' lang='lat' dir='ltr'><strong>sanctum</strong></span> <span class='ocrx_word' id='word_1_302' title='bbox 2416 1363 2470 1407; x_wconf 89' lang='lat' dir='ltr'><strong>et</strong></span> <span class='ocrx_word' id='word_1_303' title='bbox 2506 1355 2766 1424; x_wconf 88' lang='lat' dir='ltr'><strong>pollutum</strong></span> <span class='ocrx_word' id='word_1_304' title='bbox 2809 1372 2916 1410; x_wconf 91' lang='lat' dir='ltr'><strong>non</strong></span> <span class='ocrx_word' id='word_1_305' title='bbox 2960 1359 3078 1411; x_wconf 89' lang='lat' dir='ltr'><strong>vult</strong></span> <span class='ocrx_word' id='word_1_306' title='bbox 3118 1358 3492 1428; x_wconf 62' lang='lat' dir='ltr'><strong>distinguere;</strong></span> 
     </span>
    </p>
   </div>
   <div class='ocr_carea' id='block_1_44' title="bbox 1914 1440 3494 1515">
    <p class='ocr_par' dir='ltr' id='par_1_44' title="bbox 1914 1440 3494 1515">
     <span class='ocr_line' id='line_1_44' title="bbox 1914 1440 3494 1515; baseline 0.006 -23"><span class='ocrx_word' id='word_1_307' title='bbox 1914 1455 1981 1493; x_wconf 87' lang='lat' dir='ltr'><strong>ne</strong></span> <span class='ocrx_word' id='word_1_308' title='bbox 2023 1440 2168 1493; x_wconf 87' lang='lat' dir='ltr'><strong>inter</strong></span> <span class='ocrx_word' id='word_1_309' title='bbox 2210 1446 2324 1495; x_wconf 64' lang='lat' dir='ltr'><strong>haec</strong></span> <span class='ocrx_word' id='word_1_310' title='bbox 2376 1445 2595 1512; x_wconf 82' lang='lat' dir='ltr'><strong>quidem</strong></span> <span class='ocrx_word' id='word_1_311' title='bbox 2655 1445 2975 1501; x_wconf 85' lang='lat' dir='ltr'><strong>discernere</strong></span> <span class='ocrx_word' id='word_1_312' title='bbox 3029 1447 3256 1515; x_wconf 88' lang='lat' dir='ltr'><strong>patitur,</strong></span> <span class='ocrx_word' id='word_1_313' title='bbox 3317 1461 3369 1501; x_wconf 90' lang='lat' dir='ltr'><strong>et</strong></span> <span class='ocrx_word' id='word_1_314' title='bbox 3427 1463 3494 1502; x_wconf 88' lang='lat' dir='ltr'><strong>ne</strong></span> 
     </span>
    </p>
   </div>
   <div class='ocr_carea' id='block_1_45' title="bbox 1892 1532 3489 1601">
    <p class='ocr_par' dir='ltr' id='par_1_45' title="bbox 1892 1532 3489 1601">
     <span class='ocr_line' id='line_1_45' title="bbox 1892 1532 3489 1601; baseline 0.005 -17"><span class='ocrx_word' id='word_1_315' title='bbox 1892 1532 2140 1601; x_wconf 83' lang='lat' dir='ltr'><strong>summis</strong></span> <span class='ocrx_word' id='word_1_316' title='bbox 2170 1533 2388 1601; x_wconf 85' lang='lat' dir='ltr'><strong>quidem</strong></span> <span class='ocrx_word' id='word_1_317' title='bbox 2443 1534 2612 1591; x_wconf 88' lang='lat' dir='ltr'><strong>labris</strong></span> <span class='ocrx_word' id='word_1_318' title='bbox 2666 1537 2972 1592; x_wconf 80' lang='lat' dir='ltr'><strong>doctrinam</strong></span> <span class='ocrx_word' id='word_1_319' title='bbox 3034 1539 3175 1593; x_wconf 89' lang='lat' dir='ltr'><strong>hanc</strong></span> <span class='ocrx_word' id='word_1_320' title='bbox 3223 1538 3489 1593; x_wconf 73' lang='lat' dir='ltr'><strong>delibare.</strong></span> 
     </span>
    </p>
   </div>
   <div class='ocr_carea' id='block_1_46' title="bbox 1910 1623 3489 1699">
    <p class='ocr_par' dir='ltr' id='par_1_46' title="bbox 1910 1623 3489 1699">
     <span class='ocr_line' id='line_1_46' title="bbox 1910 1623 3489 1699; baseline 0.003 -21"><span class='ocrx_word' id='word_1_321' title='bbox 1910 1623 2046 1678; x_wconf 83' lang='lat' dir='ltr'><strong>Nam</strong></span> <span class='ocrx_word' id='word_1_322' title='bbox 2090 1626 2184 1695; x_wconf 90' lang='lat' dir='ltr'><strong>qui</strong></span> <span class='ocrx_word' id='word_1_323' title='bbox 2244 1626 2315 1681; x_wconf 89' lang='lat' dir='ltr'><strong>ob</strong></span> <span class='ocrx_word' id='word_1_324' title='bbox 2368 1628 2570 1680; x_wconf 77' lang='lat' dir='ltr'><strong>factam</strong></span> <span class='ocrx_word' id='word_1_325' title='bbox 2642 1628 2934 1699; x_wconf 80' lang='lat' dir='ltr'><strong>imaginem</strong></span> <span class='ocrx_word' id='word_1_326' title='bbox 2990 1631 3156 1684; x_wconf 89' lang='lat' dir='ltr'><strong>dividi</strong></span> <span class='ocrx_word' id='word_1_327' title='bbox 3210 1630 3489 1686; x_wconf 76' lang='lat' dir='ltr'><strong>Christum</strong></span> 
     </span>
    </p>
   </div>
   <div class='ocr_carea' id='block_1_47' title="bbox 1914 1716 3492 1787">
    <p class='ocr_par' dir='ltr' id='par_1_47' title="bbox 1914 1716 3492 1787">
     <span class='ocr_line' id='line_1_47' title="bbox 1914 1716 3492 1787; baseline 0.006 -21"><span class='ocrx_word' id='word_1_328' title='bbox 1914 1724 2089 1784; x_wconf 86' lang='lat' dir='ltr'><strong>putat,</strong></span> <span class='ocrx_word' id='word_1_329' title='bbox 2151 1716 2286 1771; x_wconf 91' lang='lat' dir='ltr'><strong>nihil</strong></span> <span class='ocrx_word' id='word_1_330' title='bbox 2341 1718 2489 1774; x_wconf 83' lang='lat' dir='ltr'><strong>aliud</strong></span> <span class='ocrx_word' id='word_1_331' title='bbox 2544 1721 2870 1787; x_wconf 87' lang='lat' dir='ltr'><strong>arbitratur,</strong></span> <span class='ocrx_word' id='word_1_332' title='bbox 2923 1722 3027 1776; x_wconf 87' lang='lat' dir='ltr'><strong>nisi</strong></span> <span class='ocrx_word' id='word_1_333' title='bbox 3083 1723 3363 1776; x_wconf 86' lang='lat' dir='ltr'><strong>Christum</strong></span> <span class='ocrx_word' id='word_1_334' title='bbox 3423 1722 3492 1776; x_wconf 86' lang='lat' dir='ltr'><strong>ab</strong></span> 
     </span>
    </p>
   </div>
   <div class='ocr_carea' id='block_1_48' title="bbox 1916 1805 3486 1876">
    <p class='ocr_par' dir='ltr' id='par_1_48' title="bbox 1916 1805 3486 1876">
     <span class='ocr_line' id='line_1_48' title="bbox 1916 1805 3486 1876; baseline 0.004 -16"><span class='ocrx_word' id='word_1_335' title='bbox 1916 1805 2150 1876; x_wconf 81' lang='lat' dir='ltr'><strong>imagine</strong></span> <span class='ocrx_word' id='word_1_336' title='bbox 2185 1823 2281 1862; x_wconf 87' lang='lat' dir='ltr'><strong>sua</strong></span> <span class='ocrx_word' id='word_1_337' title='bbox 2324 1825 2428 1863; x_wconf 91' lang='lat' dir='ltr'><strong>non</strong></span> <span class='ocrx_word' id='word_1_338' title='bbox 2480 1809 2730 1875; x_wconf 81' lang='lat' dir='ltr'><strong>differre,</strong></span> <span class='ocrx_word' id='word_1_339' title='bbox 2772 1815 2867 1867; x_wconf 82' lang='lat' dir='ltr'><strong>sed</strong></span> <span class='ocrx_word' id='word_1_340' title='bbox 2901 1815 3062 1868; x_wconf 87' lang='lat' dir='ltr'><strong>ambo</strong></span> <span class='ocrx_word' id='word_1_341' title='bbox 3121 1828 3243 1868; x_wconf 89' lang='lat' dir='ltr'><strong>esse</strong></span> <span class='ocrx_word' id='word_1_342' title='bbox 3295 1828 3486 1867; x_wconf 91' lang='lat' dir='ltr'><strong>unum.</strong></span> 
     </span>
    </p>
   </div>
   <div class='ocr_carea' id='block_1_49' title="bbox 1914 1896 3492 1969">
    <p class='ocr_par' dir='ltr' id='par_1_49' title="bbox 1914 1896 3492 1969">
     <span class='ocr_line' id='line_1_49' title="bbox 1914 1896 3492 1969; baseline 0.003 -17"><span class='ocrx_word' id='word_1_343' title='bbox 1914 1896 2104 1963; x_wconf 79' lang='lat' dir='ltr'><strong>Sectis,</strong></span> <span class='ocrx_word' id='word_1_344' title='bbox 2135 1899 2179 1952; x_wconf 86' lang='lat' dir='ltr'><strong>si</strong></span> <span class='ocrx_word' id='word_1_345' title='bbox 2219 1899 2336 1954; x_wconf 66' lang='lat' dir='ltr'><strong>haec</strong></span> <span class='ocrx_word' id='word_1_346' title='bbox 2383 1902 2632 1957; x_wconf 78' lang='lat' dir='ltr'><strong>novisset</strong></span> <span class='ocrx_word' id='word_1_347' title='bbox 2666 1903 3005 1969; x_wconf 82' lang='lat' dir='ltr'><strong>discernere,</strong></span> <span class='ocrx_word' id='word_1_348' title='bbox 3060 1919 3148 1959; x_wconf 89' lang='lat' dir='ltr'><strong>res</strong></span> <span class='ocrx_word' id='word_1_349' title='bbox 3206 1912 3492 1959; x_wconf 73' lang='lat' dir='ltr'><strong>sacras&#39;et</strong></span> 
     </span>
    </p>
   </div>
   <div class='ocr_carea' id='block_1_50' title="bbox 1912 1989 3485 2066">
    <p class='ocr_par' dir='ltr' id='par_1_50' title="bbox 1912 1989 3485 2066">
     <span class='ocr_line' id='line_1_50' title="bbox 1912 1989 3485 2066; baseline 0.003 -23"><span class='ocrx_word' id='word_1_350' title='bbox 1912 1989 2060 2043; x_wconf 86' lang='lat' dir='ltr'><strong>cultu</strong></span> <span class='ocrx_word' id='word_1_351' title='bbox 2091 1990 2282 2059; x_wconf 78' lang='lat' dir='ltr'><strong>dignas</strong></span> <span class='ocrx_word' id='word_1_352' title='bbox 2324 2007 2428 2045; x_wconf 90' lang='lat' dir='ltr'><strong>non</strong></span> <span class='ocrx_word' id='word_1_353' title='bbox 2458 1993 2791 2048; x_wconf 85' lang='lat' dir='ltr'><strong>damnasset.</strong></span> <span class='ocrx_word' id='word_1_354' title='bbox 2832 1993 2899 2048; x_wconf 84' lang='lat' dir='ltr'><strong>At</strong></span> <span class='ocrx_word' id='word_1_355' title='bbox 2929 1995 3074 2049; x_wconf 89' lang='lat' dir='ltr'><strong>enim</strong></span> <span class='ocrx_word' id='word_1_356' title='bbox 3106 2010 3243 2049; x_wconf 88' lang='lat' dir='ltr'><strong>vana</strong></span> <span class='ocrx_word' id='word_1_357' title='bbox 3292 1995 3485 2066; x_wconf 91' lang='lat' dir='ltr'><strong>gloria,</strong></span> 
     </span>
    </p>
   </div>
   <div class='ocr_carea' id='block_1_51' title="bbox 1911 2081 3488 2157">
    <p class='ocr_par' dir='ltr' id='par_1_51' title="bbox 1911 2081 3488 2157">
     <span class='ocr_line' id='line_1_51' title="bbox 1911 2081 3488 2157; baseline 0.002 -22"><span class='ocrx_word' id='word_1_358' title='bbox 1911 2091 1968 2135; x_wconf 85' lang='lat' dir='ltr'><strong>et</strong></span> <span class='ocrx_word' id='word_1_359' title='bbox 1993 2081 2178 2139; x_wconf 89' lang='lat' dir='ltr'><strong>mundi</strong></span> <span class='ocrx_word' id='word_1_360' title='bbox 2211 2084 2445 2139; x_wconf 88' lang='lat' dir='ltr'><strong>stultitia</strong></span> <span class='ocrx_word' id='word_1_361' title='bbox 2478 2085 2679 2150; x_wconf 89' lang='lat' dir='ltr'><strong>victus,</strong></span> <span class='ocrx_word' id='word_1_362' title='bbox 2715 2086 2878 2141; x_wconf 81' lang='lat' dir='ltr'><strong>nimis</strong></span> <span class='ocrx_word' id='word_1_363' title='bbox 2908 2087 2992 2142; x_wconf 92' lang='lat' dir='ltr'><strong>sui</strong></span> <span class='ocrx_word' id='word_1_364' title='bbox 3034 2090 3306 2142; x_wconf 83' lang='lat' dir='ltr'><strong>amans‘et</strong></span> <span class='ocrx_word' id='word_1_365' title='bbox 3334 2089 3488 2157; x_wconf 83' lang='lat' dir='ltr'><strong>cupi-</strong></span> 
     </span>
    </p>
   </div>
   <div class='ocr_carea' id='block_1_52' title="bbox 1911 2174 3487 2251">
    <p class='ocr_par' dir='ltr' id='par_1_52' title="bbox 1911 2174 3487 2251">
     <span class='ocr_line' id='line_1_52' title="bbox 1911 2174 3487 2251; baseline 0.001 -21"><span class='ocrx_word' id='word_1_366' title='bbox 1911 2174 2172 2230; x_wconf 86' lang='lat' dir='ltr'><strong>ditatibus</strong></span> <span class='ocrx_word' id='word_1_367' title='bbox 2207 2191 2443 2244; x_wconf 89' lang='lat' dir='ltr'><strong>mersus,</strong></span> <span class='ocrx_word' id='word_1_368' title='bbox 2484 2176 2720 2231; x_wconf 90' lang='lat' dir='ltr'><strong>animam</strong></span> <span class='ocrx_word' id='word_1_369' title='bbox 2746 2178 2887 2248; x_wconf 80' lang='lat' dir='ltr'><strong>gerit</strong></span> <span class='ocrx_word' id='word_1_370' title='bbox 2917 2179 3350 2251; x_wconf 81' lang='lat' dir='ltr'><strong>obtenebratam,</strong></span> <span class='ocrx_word' id='word_1_371' title='bbox 3390 2194 3487 2232; x_wconf 90' lang='lat' dir='ltr'><strong>ve—</strong></span> 
     </span>
    </p>
   </div>
   <div class='ocr_carea' id='block_1_53' title="bbox 1914 2264 3488 2339">
    <p class='ocr_par' dir='ltr' id='par_1_53' title="bbox 1914 2264 3488 2339">
     <span class='ocr_line' id='line_1_53' title="bbox 1914 2264 3488 2339; baseline 0.004 -21"><span class='ocrx_word' id='word_1_372' title='bbox 1914 2264 2202 2336; x_wconf 88' lang='lat' dir='ltr'><strong>ritatisque</strong></span> <span class='ocrx_word' id='word_1_373' title='bbox 2231 2266 2438 2322; x_wconf 88' lang='lat' dir='ltr'><strong>lumine</strong></span> <span class='ocrx_word' id='word_1_374' title='bbox 2461 2278 2635 2332; x_wconf 89' lang='lat' dir='ltr'><strong>caret,</strong></span> <span class='ocrx_word' id='word_1_375' title='bbox 2673 2269 2810 2324; x_wconf 89' lang='lat' dir='ltr'><strong>nihil</strong></span> <span class='ocrx_word' id='word_1_376' title='bbox 2835 2279 3033 2339; x_wconf 75' lang='lat' dir='ltr'><strong>pra-ter</strong></span> <span class='ocrx_word' id='word_1_377' title='bbox 3052 2270 3288 2326; x_wconf 85' lang='lat' dir='ltr'><strong>visihiiia</strong></span> <span class='ocrx_word' id='word_1_378' title='bbox 3310 2272 3488 2325; x_wconf 77' lang='lat' dir='ltr'><strong>sriens</strong></span> 
     </span>
    </p>
   </div>
   <div class='ocr_carea' id='block_1_54' title="bbox 1912 2356 3488 2425">
    <p class='ocr_par' dir='ltr' id='par_1_54' title="bbox 1912 2356 3488 2425">
     <span class='ocr_line' id='line_1_54' title="bbox 1912 2356 3488 2425; baseline 0.003 -17"><span class='ocrx_word' id='word_1_379' title='bbox 1912 2364 2078 2424; x_wconf 84' lang='lat' dir='ltr'><strong>atque</strong></span> <span class='ocrx_word' id='word_1_380' title='bbox 2139 2356 2648 2425; x_wconf 76' lang='lat' dir='ltr'><strong>imagittans.-Nam</strong></span> <span class='ocrx_word' id='word_1_381' title='bbox 2701 2367 2954 2414; x_wconf 91' lang='lat' dir='ltr'><strong>terrenus</strong></span> <span class='ocrx_word' id='word_1_382' title='bbox 3004 2366 3171 2421; x_wconf 87' lang='lat' dir='ltr'><strong>totus,</strong></span> <span class='ocrx_word' id='word_1_383' title='bbox 3229 2368 3283 2413; x_wconf 86' lang='lat' dir='ltr'><strong>et</strong></span> <span class='ocrx_word' id='word_1_384' title='bbox 3338 2360 3488 2413; x_wconf 85' lang='lat' dir='ltr'><strong>humi</strong></span> 
     </span>
    </p>
   </div>
   <div class='ocr_carea' id='block_1_55' title="bbox 1910 2447 3486 2520">
    <p class='ocr_par' dir='ltr' id='par_1_55' title="bbox 1910 2447 3486 2520">
     <span class='ocr_line' id='line_1_55' title="bbox 1910 2447 3486 2520; baseline 0.004 -21"><span class='ocrx_word' id='word_1_385' title='bbox 1910 2460 2142 2516; x_wconf 90' lang='lat' dir='ltr'><strong>pronus,</strong></span> <span class='ocrx_word' id='word_1_386' title='bbox 2195 2447 2441 2502; x_wconf 84' lang='lat' dir='ltr'><strong>abditam</strong></span> <span class='ocrx_word' id='word_1_387' title='bbox 2493 2450 2945 2520; x_wconf 87' lang='lat' dir='ltr'><strong>reconditamque</strong></span> <span class='ocrx_word' id='word_1_388' title='bbox 2997 2450 3049 2503; x_wconf 92' lang='lat' dir='ltr'><strong>in</strong></span> <span class='ocrx_word' id='word_1_389' title='bbox 3099 2450 3278 2506; x_wconf 87' lang='lat' dir='ltr'><strong>sacris</strong></span> <span class='ocrx_word' id='word_1_390' title='bbox 3322 2451 3486 2506; x_wconf 83' lang='lat' dir='ltr'><strong>rebus</strong></span> 
     </span>
    </p>
   </div>
   <div class='ocr_carea' id='block_1_56' title="bbox 1909 2539 3486 2612">
    <p class='ocr_par' dir='ltr' id='par_1_56' title="bbox 1909 2539 3486 2612">
     <span class='ocr_line' id='line_1_56' title="bbox 1909 2539 3486 2612; baseline 0.004 -21"><span class='ocrx_word' id='word_1_391' title='bbox 1909 2539 2137 2609; x_wconf 77' lang='lat' dir='ltr'><strong>gratiam</strong></span> <span class='ocrx_word' id='word_1_392' title='bbox 2177 2555 2282 2593; x_wconf 87' lang='lat' dir='ltr'><strong>non</strong></span> <span class='ocrx_word' id='word_1_393' title='bbox 2320 2541 2589 2609; x_wconf 78' lang='lat' dir='ltr'><strong>agnoscit,</strong></span> <span class='ocrx_word' id='word_1_394' title='bbox 2627 2550 2814 2610; x_wconf 82' lang='lat' dir='ltr'><strong>utpote</strong></span> <span class='ocrx_word' id='word_1_395' title='bbox 2861 2543 2958 2612; x_wconf 89' lang='lat' dir='ltr'><strong>qui</strong></span> <span class='ocrx_word' id='word_1_396' title='bbox 3007 2541 3149 2596; x_wconf 89' lang='lat' dir='ltr'><strong>intra</strong></span> <span class='ocrx_word' id='word_1_397' title='bbox 3201 2544 3486 2598; x_wconf 84' lang='lat' dir='ltr'><strong>materiam</strong></span> 
     </span>
    </p>
   </div>
   <div class='ocr_carea' id='block_1_57' title="bbox 1908 2635 3075 2689">
    <p class='ocr_par' dir='ltr' id='par_1_57' title="bbox 1908 2635 3075 2689">
     <span class='ocr_line' id='line_1_57' title="bbox 1908 2635 3075 2689; baseline 0.005 -7"><span class='ocrx_word' id='word_1_398' title='bbox 1908 2636 2119 2684; x_wconf 85' lang='lat' dir='ltr'><strong>tantum</strong></span> <span class='ocrx_word' id='word_1_399' title='bbox 2155 2642 2208 2686; x_wconf 92' lang='lat' dir='ltr'><strong>et</strong></span> <span class='ocrx_word' id='word_1_400' title='bbox 2240 2642 2522 2689; x_wconf 75' lang='lat' dir='ltr'><strong>creaturas</strong></span> <span class='ocrx_word' id='word_1_401' title='bbox 2556 2643 2789 2689; x_wconf 83' lang='lat' dir='ltr'><strong>mentem</strong></span> <span class='ocrx_word' id='word_1_402' title='bbox 2813 2635 3075 2688; x_wconf 87' lang='lat' dir='ltr'><strong>continet.</strong></span> 
     </span>
    </p>
   </div>
   <div class='ocr_carea' id='block_1_58' title="bbox 1876 2804 3488 2887">
    <p class='ocr_par' dir='ltr' id='par_1_58' title="bbox 1876 2804 3488 2887">
     <span class='ocr_line' id='line_1_58' title="bbox 1876 2804 3488 2887; baseline 0.003 -22"><span class='ocrx_word' id='word_1_403' title='bbox 1876 2804 1885 2887; x_wconf 52' lang='grc' dir='ltr'><strong><em>ς</em></strong></span> <span class='ocrx_word' id='word_1_404' title='bbox 1979 2812 2092 2881; x_wconf 74' lang='lat' dir='ltr'><strong>Age</strong></span> <span class='ocrx_word' id='word_1_405' title='bbox 2126 2826 2256 2868; x_wconf 89' lang='lat' dir='ltr'><strong>vero</strong></span> <span class='ocrx_word' id='word_1_406' title='bbox 2282 2812 2326 2867; x_wconf 89' lang='lat' dir='ltr'><strong>si</strong></span> <span class='ocrx_word' id='word_1_407' title='bbox 2367 2813 2510 2883; x_wconf 87' lang='lat' dir='ltr'><strong>quis,</strong></span> <span class='ocrx_word' id='word_1_408' title='bbox 2569 2827 2723 2883; x_wconf 74' lang='lat' dir='ltr'><strong>aeque</strong></span> <span class='ocrx_word' id='word_1_409' title='bbox 2760 2828 2826 2868; x_wconf 91' lang='lat' dir='ltr'><strong>ac</strong></span> <span class='ocrx_word' id='word_1_410' title='bbox 2891 2814 2992 2868; x_wconf 91' lang='lat' dir='ltr'><strong>iste</strong></span> <span class='ocrx_word' id='word_1_411' title='bbox 3045 2814 3488 2883; x_wconf 75' lang='lat' dir='ltr'><strong>sapientissimus</strong></span> 
     </span>
    </p>
   </div>
   <div class='ocr_carea' id='block_1_59' title="bbox 1907 2903 3487 2977">
    <p class='ocr_par' dir='ltr' id='par_1_59' title="bbox 1907 2903 3487 2977">
     <span class='ocr_line' id='line_1_59' title="bbox 1907 2903 3487 2977; baseline 0.002 -20"><span class='ocrx_word' id='word_1_412' title='bbox 1907 2913 2071 2974; x_wconf 90' lang='lat' dir='ltr'><strong>atque</strong></span> <span class='ocrx_word' id='word_1_413' title='bbox 2097 2903 2472 2971; x_wconf 86' lang='lat' dir='ltr'><strong>acutissimus,</strong></span> <span class='ocrx_word' id='word_1_414' title='bbox 2517 2905 2591 2960; x_wconf 91' lang='lat' dir='ltr'><strong>ita</strong></span> <span class='ocrx_word' id='word_1_415' title='bbox 2629 2905 2873 2977; x_wconf 83' lang='lat' dir='ltr'><strong>cogitare</strong></span> <span class='ocrx_word' id='word_1_416' title='bbox 2910 2912 2965 2960; x_wconf 86' lang='lat' dir='ltr'><strong>et</strong></span> <span class='ocrx_word' id='word_1_417' title='bbox 3008 2906 3251 2977; x_wconf 87' lang='lat' dir='ltr'><strong>protiteri</strong></span> <span class='ocrx_word' id='word_1_418' title='bbox 3298 2907 3487 2961; x_wconf 89' lang='lat' dir='ltr'><strong>decre-</strong></span> 
     </span>
    </p>
   </div>
   <div class='ocr_carea' id='block_1_60' title="bbox 1911 2997 3488 3070">
    <p class='ocr_par' dir='ltr' id='par_1_60' title="bbox 1911 2997 3488 3070">
     <span class='ocr_line' id='line_1_60' title="bbox 1911 2997 3488 3070; baseline 0.002 -21"><span class='ocrx_word' id='word_1_419' title='bbox 1911 2997 2008 3063; x_wconf 88' lang='lat' dir='ltr'><strong>vit,</strong></span> <span class='ocrx_word' id='word_1_420' title='bbox 2041 2997 2503 3067; x_wconf 82' lang='lat' dir='ltr'><strong>interrogantibus</strong></span> <span class='ocrx_word' id='word_1_421' title='bbox 2533 2997 2688 3054; x_wconf 89' lang='lat' dir='ltr'><strong>nohis</strong></span> <span class='ocrx_word' id='word_1_422' title='bbox 2714 3000 3067 3070; x_wconf 77' lang='lat' dir='ltr'><strong>respondeat,</strong></span> <span class='ocrx_word' id='word_1_423' title='bbox 3106 3015 3170 3054; x_wconf 86' lang='lat' dir='ltr'><strong>ac</strong></span> <span class='ocrx_word' id='word_1_424' title='bbox 3197 3014 3363 3070; x_wconf 90' lang='lat' dir='ltr'><strong>porro</strong></span> <span class='ocrx_word' id='word_1_425' title='bbox 3392 2999 3488 3052; x_wconf 87' lang='lat' dir='ltr'><strong>det</strong></span> 
     </span>
    </p>
   </div>
   <div class='ocr_carea' id='block_1_61' title="bbox 225 3091 1804 3180">
    <p class='ocr_par' dir='ltr' id='par_1_61' title="bbox 225 3095 1800 3172">
     <span class='ocr_line' id='line_1_61' title="bbox 225 3095 1800 3172; baseline 0.003 -23"><span class='ocrx_word' id='word_1_426' title='bbox 225 3096 573 3159; x_wconf 78' lang='grc' dir='ltr'><strong>σκεπτέσθω,</strong></span> <span class='ocrx_word' id='word_1_427' title='bbox 628 3095 705 3160; x_wconf 83' lang='grc' dir='ltr'><strong>ὡς</strong></span> <span class='ocrx_word' id='word_1_428' title='bbox 757 3095 824 3149; x_wconf 88' lang='grc' dir='ltr'><strong>ἂν</strong></span> <span class='ocrx_word' id='word_1_429' title='bbox 870 3096 1027 3166; x_wconf 86' lang='grc' dir='ltr'><strong>γνοίη</strong></span> <span class='ocrx_word' id='word_1_430' title='bbox 1083 3096 1207 3150; x_wconf 85' lang='grc' dir='ltr'><strong>ὅποι</strong></span> <span class='ocrx_word' id='word_1_431' title='bbox 1270 3097 1340 3152; x_wconf 81' lang='grc' dir='ltr'><strong>τά</strong></span> <span class='ocrx_word' id='word_1_432' title='bbox 1391 3099 1499 3153; x_wconf 84' lang='grc' dir='ltr'><strong>τῶν</strong></span> <span class='ocrx_word' id='word_1_433' title='bbox 1556 3100 1800 3172; x_wconf 79' lang='grc' dir='ltr'><strong>προϐλη-</strong></span> 
     </span>
    </p>
   </div>
   <div class='ocr_carea' id='block_1_62' title="bbox 1907 3091 3486 3180">
    <p class='ocr_par' dir='ltr' id='par_1_62' title="bbox 1910 3091 3486 3161">
     <span class='ocr_line' id='line_1_62' title="bbox 1910 3091 3486 3161; baseline -0.001 -18"><span class='ocrx_word' id='word_1_434' title='bbox 1910 3104 2130 3158; x_wconf 79' lang='lat' dir='ltr'><strong>Operam</strong></span> <span class='ocrx_word' id='word_1_435' title='bbox 2167 3099 2512 3161; x_wconf 87' lang='lat' dir='ltr'><strong>utagnoscat</strong></span> <span class='ocrx_word' id='word_1_436' title='bbox 2544 3105 2828 3161; x_wconf 83' lang='lat' dir='ltr'><strong>quousque</strong></span> <span class='ocrx_word' id='word_1_437' title='bbox 2885 3091 3289 3161; x_wconf 85' lang='lat' dir='ltr'><strong>propositiones</strong></span> <span class='ocrx_word' id='word_1_438' title='bbox 3340 3091 3486 3145; x_wconf 82' lang='lat' dir='ltr'><strong>illius</strong></span> 
     </span>
    </p>
   </div>
   <div class='ocr_carea' id='block_1_63' title="bbox 224 3185 1802 3261">
    <p class='ocr_par' dir='ltr' id='par_1_63' title="bbox 224 3185 1802 3261">
     <span class='ocr_line' id='line_1_63' title="bbox 224 3185 1802 3261; baseline 0.003 -22"><span class='ocrx_word' id='word_1_439' title='bbox 224 3188 397 3261; x_wconf 80' lang='grc' dir='ltr'><strong>μάτων</strong></span> <span class='ocrx_word' id='word_1_440' title='bbox 450 3186 612 3258; x_wconf 76' lang='grc' dir='ltr'><strong>αὐτῷ</strong></span> <span class='ocrx_word' id='word_1_441' title='bbox 665 3185 820 3251; x_wconf 78' lang='grc' dir='ltr'><strong>ἐξίοι.</strong></span> <span class='ocrx_word' id='word_1_442' title='bbox 878 3186 1102 3255; x_wconf 86' lang='grc' dir='ltr'><strong>Λεγέτω</strong></span> <span class='ocrx_word' id='word_1_443' title='bbox 1151 3188 1262 3258; x_wconf 73' lang='grc' dir='ltr'><strong>γὰρ</strong></span> <span class='ocrx_word' id='word_1_444' title='bbox 1312 3189 1445 3259; x_wconf 81' lang='grc' dir='ltr'><strong>ἡμῖν</strong></span> <span class='ocrx_word' id='word_1_445' title='bbox 1497 3189 1802 3260; x_wconf 89' lang='grc' dir='ltr'><strong>πρότερον,</strong></span> 
     </span>
    </p>
   </div>
   <div class='ocr_carea' id='block_1_64' title="bbox 222 3275 1807 3348">
    <p class='ocr_par' dir='ltr' id='par_1_64' title="bbox 222 3275 1807 3348">
     <span class='ocr_line' id='line_1_64' title="bbox 222 3275 1807 3348; baseline 0.001 -16"><span class='ocrx_word' id='word_1_446' title='bbox 222 3280 264 3332; x_wconf 78' lang='grc' dir='ltr'><strong>εί</strong></span> <span class='ocrx_word' id='word_1_447' title='bbox 308 3280 436 3348; x_wconf 80' lang='grc' dir='ltr'><strong>παρ’</strong></span> <span class='ocrx_word' id='word_1_448' title='bbox 489 3276 724 3332; x_wconf 74' lang='grc' dir='ltr'><strong>ὁτουοῦν</strong></span> <span class='ocrx_word' id='word_1_449' title='bbox 779 3276 1125 3347; x_wconf 79' lang='grc' dir='ltr'><strong>Χριστιανῶν</strong></span> <span class='ocrx_word' id='word_1_450' title='bbox 1175 3275 1319 3331; x_wconf 71' lang='grc' dir='ltr'><strong>οὕτω</strong></span> <span class='ocrx_word' id='word_1_451' title='bbox 1365 3277 1526 3348; x_wconf 77' lang='grc' dir='ltr'><strong>δόξης</strong></span> <span class='ocrx_word' id='word_1_452' title='bbox 1573 3279 1807 3334; x_wconf 80' lang='grc' dir='ltr'><strong>ἐπύθετο</strong></span> 
     </span>
    </p>
   </div>
   <div class='ocr_carea' id='block_1_65' title="bbox 220 3366 1805 3441">
    <p class='ocr_par' dir='ltr' id='par_1_65' title="bbox 220 3366 1805 3441">
     <span class='ocr_line' id='line_1_65' title="bbox 220 3366 1805 3441; baseline 0.001 -18"><span class='ocrx_word' id='word_1_453' title='bbox 220 3369 441 3441; x_wconf 74' lang='grc' dir='ltr'><strong>ἔχοντος.</strong></span> <span class='ocrx_word' id='word_1_454' title='bbox 539 3366 683 3422; x_wconf 83' lang='grc' dir='ltr'><strong>Ἀλλ’</strong></span> <span class='ocrx_word' id='word_1_455' title='bbox 725 3367 827 3420; x_wconf 80' lang='grc' dir='ltr'><strong>οὐκ</strong></span> <span class='ocrx_word' id='word_1_456' title='bbox 876 3366 944 3421; x_wconf 84' lang='grc' dir='ltr'><strong>ἂν</strong></span> <span class='ocrx_word' id='word_1_457' title='bbox 993 3368 1170 3421; x_wconf 84' lang='grc' dir='ltr'><strong>εἰπεῖν</strong></span> <span class='ocrx_word' id='word_1_458' title='bbox 1221 3368 1523 3438; x_wconf 81' lang='grc' dir='ltr'><strong>ίσχύσειεν,</strong></span> <span class='ocrx_word' id='word_1_459' title='bbox 1575 3370 1676 3423; x_wconf 79' lang='grc' dir='ltr'><strong>οὐκ</strong></span> <span class='ocrx_word' id='word_1_460' title='bbox 1738 3370 1805 3424; x_wconf 82' lang='grc' dir='ltr'><strong>ἂν</strong></span> 
     </span>
    </p>
   </div>
   <div class='ocr_carea' id='block_1_66' title="bbox 223 3457 1804 3534">
    <p class='ocr_par' dir='ltr' id='par_1_66' title="bbox 223 3457 1804 3534">
     <span class='ocr_line' id='line_1_66' title="bbox 223 3457 1804 3534; baseline -0.001 -21"><span class='ocrx_word' id='word_1_461' title='bbox 223 3460 319 3531; x_wconf 72' lang='grc' dir='ltr'><strong>ἔχοι</strong></span> <span class='ocrx_word' id='word_1_462' title='bbox 348 3460 530 3526; x_wconf 75' lang='grc' dir='ltr'><strong>δεῖξαι</strong></span> <span class='ocrx_word' id='word_1_463' title='bbox 555 3473 570 3487; x_wconf 88' lang='grc'><strong>·</strong></span> <span class='ocrx_word' id='word_1_464' title='bbox 612 3457 896 3530; x_wconf 81' lang='grc' dir='ltr'><strong>τέχνασμα</strong></span> <span class='ocrx_word' id='word_1_465' title='bbox 937 3457 1047 3528; x_wconf 84' lang='grc' dir='ltr'><strong>γὰρ</strong></span> <span class='ocrx_word' id='word_1_466' title='bbox 1078 3458 1172 3512; x_wconf 74' lang='grc' dir='ltr'><strong>καὶ</strong></span> <span class='ocrx_word' id='word_1_467' title='bbox 1202 3458 1574 3534; x_wconf 79' lang='grc' dir='ltr'><strong>κακούργημα</strong></span> <span class='ocrx_word' id='word_1_468' title='bbox 1599 3463 1804 3517; x_wconf 70' lang='grc' dir='ltr'><strong>οἰκεῖον</strong></span> 
     </span>
    </p>
   </div>
   <div class='ocr_carea' id='block_1_67' title="bbox 223 3550 1806 3624">
    <p class='ocr_par' dir='ltr' id='par_1_67' title="bbox 223 3550 1806 3624">
     <span class='ocr_line' id='line_1_67' title="bbox 223 3550 1806 3624; baseline 0.007 -25"><span class='ocrx_word' id='word_1_469' title='bbox 223 3552 504 3624; x_wconf 65' lang='grc' dir='ltr'><strong>προφανῶς</strong></span> <span class='ocrx_word' id='word_1_470' title='bbox 561 3550 712 3623; x_wconf 80' lang='grc' dir='ltr'><strong>αὐτῷ</strong></span> <span class='ocrx_word' id='word_1_471' title='bbox 767 3551 871 3623; x_wconf 71' lang='grc' dir='ltr'><strong>ἤδη</strong></span> <span class='ocrx_word' id='word_1_472' title='bbox 922 3550 1317 3624; x_wconf 80' lang='grc' dir='ltr'><strong>προϐέϐληται.</strong></span> <span class='ocrx_word' id='word_1_473' title='bbox 1370 3550 1562 3622; x_wconf 76' lang='grc' dir='ltr'><strong>Ὅμως</strong></span> <span class='ocrx_word' id='word_1_474' title='bbox 1611 3553 1657 3607; x_wconf 89' lang='grc' dir='ltr'><strong>δ’</strong></span> <span class='ocrx_word' id='word_1_475' title='bbox 1712 3551 1806 3610; x_wconf 76' lang='grc' dir='ltr'><strong>οὖν</strong></span> 
     </span>
    </p>
   </div>
   <div class='ocr_carea' id='block_1_68' title="bbox 219 3642 1806 3718">
    <p class='ocr_par' dir='ltr' id='par_1_68' title="bbox 219 3642 1806 3718">
     <span class='ocr_line' id='line_1_68' title="bbox 219 3642 1806 3718; baseline 0.003 -20"><span class='ocrx_word' id='word_1_476' title='bbox 219 3647 336 3717; x_wconf 62' lang='grc' dir='ltr'><strong>ποία</strong></span> <span class='ocrx_word' id='word_1_477' title='bbox 360 3646 603 3714; x_wconf 65' lang='grc' dir='ltr'><strong>δυνάμει</strong></span> <span class='ocrx_word' id='word_1_478' title='bbox 648 3642 742 3697; x_wconf 74' lang='grc' dir='ltr'><strong>καὶ</strong></span> <span class='ocrx_word' id='word_1_479' title='bbox 769 3643 876 3713; x_wconf 78' lang='grc' dir='ltr'><strong>ὅτῳ</strong></span> <span class='ocrx_word' id='word_1_480' title='bbox 901 3644 1093 3713; x_wconf 84' lang='grc' dir='ltr'><strong>τρόπῳ</strong></span> <span class='ocrx_word' id='word_1_481' title='bbox 1126 3644 1452 3714; x_wconf 80' lang='grc' dir='ltr'><strong>συμϐαίνειν</strong></span> <span class='ocrx_word' id='word_1_482' title='bbox 1478 3645 1651 3700; x_wconf 80' lang='grc' dir='ltr'><strong>ταῦτα</strong></span> <span class='ocrx_word' id='word_1_483' title='bbox 1680 3647 1806 3718; x_wconf 77' lang='grc' dir='ltr'><strong>βού-</strong></span> 
     </span>
    </p>
   </div>
   <div class='ocr_carea' id='block_1_69' title="bbox 217 3734 1802 3809">
    <p class='ocr_par' dir='ltr' id='par_1_69' title="bbox 217 3734 1802 3809">
     <span class='ocr_line' id='line_1_69' title="bbox 217 3734 1802 3809; baseline 0.002 -17"><span class='ocrx_word' id='word_1_484' title='bbox 217 3740 357 3792; x_wconf 78' lang='grc' dir='ltr'><strong>λεται</strong></span> <span class='ocrx_word' id='word_1_485' title='bbox 401 3740 431 3791; x_wconf 78' lang='grc' dir='ltr'>ὁ</span> <span class='ocrx_word' id='word_1_486' title='bbox 457 3735 581 3790; x_wconf 79' lang='grc' dir='ltr'><strong>τῶν</strong></span> <span class='ocrx_word' id='word_1_487' title='bbox 620 3734 822 3788; x_wconf 79' lang='grc' dir='ltr'><strong>καινῶν</strong></span> <span class='ocrx_word' id='word_1_488' title='bbox 867 3735 1074 3788; x_wconf 81' lang='grc' dir='ltr'><strong>τούτων</strong></span> <span class='ocrx_word' id='word_1_489' title='bbox 1120 3735 1408 3806; x_wconf 75' lang='grc' dir='ltr'><strong>δογμάτων</strong></span> <span class='ocrx_word' id='word_1_490' title='bbox 1440 3737 1703 3809; x_wconf 79' lang='grc' dir='ltr'><strong>εὑρετής;</strong></span> <span class='ocrx_word' id='word_1_491' title='bbox 1741 3742 1802 3795; x_wconf 81' lang='lat' dir='ltr'><strong>Ei</strong></span> 
     </span>
    </p>
   </div>
   <div class='ocr_carea' id='block_1_70' title="bbox 217 3826 1802 3901">
    <p class='ocr_par' dir='ltr' id='par_1_70' title="bbox 217 3826 1802 3901">
     <span class='ocr_line' id='line_1_70' title="bbox 217 3826 1802 3901; baseline -0.007 -16"><span class='ocrx_word' id='word_1_492' title='bbox 217 3833 315 3901; x_wconf 81' lang='grc' dir='ltr'><strong>γΞιρ</strong></span> <span class='ocrx_word' id='word_1_493' title='bbox 339 3829 557 3899; x_wconf 82' lang='grc' dir='ltr'><strong>κτίσμα</strong></span> <span class='ocrx_word' id='word_1_494' title='bbox 585 3827 749 3897; x_wconf 81' lang='grc' dir='ltr'><strong>μόνον</strong></span> <span class='ocrx_word' id='word_1_495' title='bbox 774 3828 803 3879; x_wconf 85' lang='grc' dir='ltr'>ὁ</span> <span class='ocrx_word' id='word_1_496' title='bbox 827 3826 1064 3898; x_wconf 82' lang='grc' dir='ltr'><strong>Χριστὸς</strong></span> <span class='ocrx_word' id='word_1_497' title='bbox 1094 3828 1639 3899; x_wconf 69' lang='grc' dir='ltr'><strong>χαραικτηριζόμενος</strong></span> <span class='ocrx_word' id='word_1_498' title='bbox 1662 3832 1802 3885; x_wconf 83' lang='grc' dir='ltr'><strong>ἀπο-</strong></span> 
     </span>
    </p>
   </div>
   <div class='ocr_carea' id='block_1_71' title="bbox 216 3917 1802 3995">
    <p class='ocr_par' dir='ltr' id='par_1_71' title="bbox 216 3917 1802 3995">
     <span class='ocr_line' id='line_1_71' title="bbox 216 3917 1802 3995; baseline 0.003 -23"><span class='ocrx_word' id='word_1_499' title='bbox 216 3922 486 3986; x_wconf 76' lang='grc' dir='ltr'><strong>λείπεται,</strong></span> <span class='ocrx_word' id='word_1_500' title='bbox 549 3920 650 3989; x_wconf 78' lang='grc' dir='ltr'><strong>τῆς</strong></span> <span class='ocrx_word' id='word_1_501' title='bbox 694 3917 846 3983; x_wconf 85' lang='grc' dir='ltr'><strong>θείας</strong></span> <span class='ocrx_word' id='word_1_502' title='bbox 884 3917 1149 3988; x_wconf 79' lang='grc' dir='ltr'><strong>ἁμοιροῦν</strong></span> <span class='ocrx_word' id='word_1_503' title='bbox 1205 3917 1420 3987; x_wconf 81' lang='grc' dir='ltr'><strong>φύσεως</strong></span> <span class='ocrx_word' id='word_1_504' title='bbox 1465 3919 1544 3991; x_wconf 82' lang='grc' dir='ltr'><strong>τῷ</strong></span> <span class='ocrx_word' id='word_1_505' title='bbox 1593 3922 1802 3995; x_wconf 83' lang='grc' dir='ltr'><strong>ταύτην</strong></span> 
     </span>
    </p>
   </div>
   <div class='ocr_carea' id='block_1_72' title="bbox 215 4009 1799 4084">
    <p class='ocr_par' dir='ltr' id='par_1_72' title="bbox 215 4009 1799 4084">
     <span class='ocr_line' id='line_1_72' title="bbox 215 4009 1799 4084; baseline 0.001 -18"><span class='ocrx_word' id='word_1_506' title='bbox 215 4014 474 4084; x_wconf 79' lang='grc' dir='ltr'><strong>ὑπάρχειν</strong></span> <span class='ocrx_word' id='word_1_507' title='bbox 491 4010 941 4082; x_wconf 80' lang='grc' dir='ltr'><strong>ἀπερίγραπτον,</strong></span> <span class='ocrx_word' id='word_1_508' title='bbox 970 4009 1149 4080; x_wconf 85' lang='grc' dir='ltr'><strong>πολλῷ</strong></span> <span class='ocrx_word' id='word_1_509' title='bbox 1167 4009 1230 4083; x_wconf 87' lang='grc' dir='ltr'><strong>δή</strong></span> <span class='ocrx_word' id='word_1_510' title='bbox 1263 4028 1367 4064; x_wconf 88' lang='grc' dir='ltr'><strong>που</strong></span> <span class='ocrx_word' id='word_1_511' title='bbox 1400 4013 1799 4084; x_wconf 74' lang='grc' dir='ltr'><strong>σαρκούμενον,</strong></span> 
     </span>
    </p>
   </div>
   <div class='ocr_carea' id='block_1_73' title="bbox 215 4100 1802 4178">
    <p class='ocr_par' dir='ltr' id='par_1_73' title="bbox 215 4100 1802 4178">
     <span class='ocr_line' id='line_1_73' title="bbox 215 4100 1802 4178; baseline -0.002 -20"><span class='ocrx_word' id='word_1_512' title='bbox 215 4106 363 4158; x_wconf 71' lang='grc' dir='ltr'><strong>τοῦτο</strong></span> <span class='ocrx_word' id='word_1_513' title='bbox 390 4104 673 4178; x_wconf 75' lang='grc' dir='ltr'><strong>πρότερον</strong></span> <span class='ocrx_word' id='word_1_514' title='bbox 698 4100 1029 4155; x_wconf 71' lang='grc' dir='ltr'><strong>πεπονθέναι</strong></span> <span class='ocrx_word' id='word_1_515' title='bbox 1054 4100 1162 4154; x_wconf 76' lang='grc' dir='ltr'><strong>ἔδει</strong></span> <span class='ocrx_word' id='word_1_516' title='bbox 1179 4118 1193 4132; x_wconf 72' lang='grc'><strong>⁸</strong></span> <span class='ocrx_word' id='word_1_517' title='bbox 1225 4102 1458 4156; x_wconf 84' lang='grc' dir='ltr'><strong>καθόσον</strong></span> <span class='ocrx_word' id='word_1_518' title='bbox 1483 4104 1579 4158; x_wconf 73' lang='grc' dir='ltr'><strong>καὶ</strong></span> <span class='ocrx_word' id='word_1_519' title='bbox 1604 4108 1634 4177; x_wconf 78' lang='grc' dir='ltr'><strong>η</strong></span> <span class='ocrx_word' id='word_1_520' title='bbox 1662 4109 1802 4161; x_wconf 86' lang='grc' dir='ltr'><strong>ἁνει.</strong></span> 
     </span>
    </p>
   </div>
   <div class='ocr_carea' id='block_1_74' title="bbox 214 4192 1802 4270">
    <p class='ocr_par' dir='ltr' id='par_1_74' title="bbox 214 4192 1802 4270">
     <span class='ocr_line' id='line_1_74' title="bbox 214 4192 1802 4270; baseline 0.001 -18"><span class='ocrx_word' id='word_1_521' title='bbox 214 4201 461 4270; x_wconf 81' lang='grc' dir='ltr'><strong>λημμένη</strong></span> <span class='ocrx_word' id='word_1_522' title='bbox 492 4195 580 4268; x_wconf 80' lang='grc' dir='ltr'><strong>τῷ</strong></span> <span class='ocrx_word' id='word_1_523' title='bbox 622 4195 782 4266; x_wconf 74' lang='grc' dir='ltr'><strong>Λόγῳ</strong></span> <span class='ocrx_word' id='word_1_524' title='bbox 812 4193 985 4263; x_wconf 62' lang='grc' dir='ltr'><strong>σὰρξέ,</strong></span> <span class='ocrx_word' id='word_1_525' title='bbox 1018 4192 1324 4265; x_wconf 76' lang='grc' dir='ltr'><strong>οἰκειοτέρα</strong></span> <span class='ocrx_word' id='word_1_526' title='bbox 1362 4196 1512 4266; x_wconf 79' lang='grc' dir='ltr'><strong>αὐτῷ</strong></span> <span class='ocrx_word' id='word_1_527' title='bbox 1541 4198 1643 4268; x_wconf 83' lang='grc' dir='ltr'><strong>τῆς</strong></span> <span class='ocrx_word' id='word_1_528' title='bbox 1679 4202 1802 4253; x_wconf 86' lang='grc' dir='ltr'><strong>κατ’</strong></span> 
     </span>
    </p>
   </div>
   <div class='ocr_carea' id='block_1_75' title="bbox 216 4287 1800 4362">
    <p class='ocr_par' dir='ltr' id='par_1_75' title="bbox 216 4287 1800 4362">
     <span class='ocr_line' id='line_1_75' title="bbox 216 4287 1800 4362; baseline 0.004 -22"><span class='ocrx_word' id='word_1_529' title='bbox 216 4291 375 4362; x_wconf 63' lang='grc' dir='ltr'><strong>αὐτὴν</strong></span> <span class='ocrx_word' id='word_1_530' title='bbox 414 4288 635 4351; x_wconf 86' lang='grc' dir='ltr'><strong>εἰκόνος</strong></span> <span class='ocrx_word' id='word_1_531' title='bbox 666 4287 740 4351; x_wconf 82' lang='grc' dir='ltr'><strong>ὡς</strong></span> <span class='ocrx_word' id='word_1_532' title='bbox 778 4287 1112 4356; x_wconf 79' lang='grc' dir='ltr'><strong>ἀρχέτυπον.</strong></span> <span class='ocrx_word' id='word_1_533' title='bbox 1179 4287 1401 4359; x_wconf 81' lang='grc' dir='ltr'><strong>Ἐπειδὴ</strong></span> <span class='ocrx_word' id='word_1_534' title='bbox 1444 4290 1697 4361; x_wconf 76' lang='grc' dir='ltr'><strong>οὐδαμῶς</strong></span> <span class='ocrx_word' id='word_1_535' title='bbox 1736 4310 1800 4361; x_wconf 83' lang='grc' dir='ltr'><strong>γε</strong></span> 
     </span>
    </p>
   </div>
   <div class='ocr_carea' id='block_1_76' title="bbox 214 4377 1801 4454">
    <p class='ocr_par' dir='ltr' id='par_1_76' title="bbox 214 4377 1801 4454">
     <span class='ocr_line' id='line_1_76' title="bbox 214 4377 1801 4454; baseline -0.008 -17"><span class='ocrx_word' id='word_1_536' title='bbox 214 4385 246 4452; x_wconf 77' lang='grc' dir='ltr'><strong>ἡ</strong></span> <span class='ocrx_word' id='word_1_537' title='bbox 280 4382 366 4436; x_wconf 80' lang='grc' dir='ltr'><strong>διὰ</strong></span> <span class='ocrx_word' id='word_1_538' title='bbox 391 4382 492 4436; x_wconf 76' lang='grc' dir='ltr'><strong>τοῦ</strong></span> <span class='ocrx_word' id='word_1_539' title='bbox 525 4377 1030 4451; x_wconf 75' lang='grc' dir='ltr'><strong>χαρακτηρίζεσθαι</strong></span> <span class='ocrx_word' id='word_1_540' title='bbox 1070 4377 1301 4449; x_wconf 86' lang='grc' dir='ltr'><strong>μίμησις</strong></span> <span class='ocrx_word' id='word_1_541' title='bbox 1330 4379 1512 4443; x_wconf 84' lang='grc' dir='ltr'><strong>καλῶς</strong></span> <span class='ocrx_word' id='word_1_542' title='bbox 1554 4382 1801 4454; x_wconf 77' lang='grc' dir='ltr'><strong>τηρηοή-</strong></span> 
     </span>
    </p>
   </div>
   <div class='ocr_carea' id='block_1_77' title="bbox 1907 3182 3486 3254">
    <p class='ocr_par' dir='ltr' id='par_1_77' title="bbox 1907 3182 3486 3254">
     <span class='ocr_line' id='line_1_77' title="bbox 1907 3182 3486 3254; baseline -0.003 -13"><span class='ocrx_word' id='word_1_543' title='bbox 1907 3185 2155 3241; x_wconf 86' lang='lat' dir='ltr'><strong>evadant.</strong></span> <span class='ocrx_word' id='word_1_544' title='bbox 2187 3182 2341 3239; x_wconf 88' lang='lat' dir='ltr'><strong>Dicat</strong></span> <span class='ocrx_word' id='word_1_545' title='bbox 2380 3184 2525 3237; x_wconf 87' lang='lat' dir='ltr'><strong>enim</strong></span> <span class='ocrx_word' id='word_1_546' title='bbox 2562 3183 2717 3239; x_wconf 91' lang='lat' dir='ltr'><strong>nobis</strong></span> <span class='ocrx_word' id='word_1_547' title='bbox 2749 3184 3007 3253; x_wconf 84' lang='lat' dir='ltr'><strong>primum.</strong></span> <span class='ocrx_word' id='word_1_548' title='bbox 3046 3200 3174 3238; x_wconf 87' lang='lat' dir='ltr'><strong>nunt</strong></span> <span class='ocrx_word' id='word_1_549' title='bbox 3206 3185 3274 3237; x_wconf 89' lang='lat' dir='ltr'><strong>ab</strong></span> <span class='ocrx_word' id='word_1_550' title='bbox 3305 3184 3486 3254; x_wconf 83' lang='lat' dir='ltr'><strong>aliquo</strong></span> 
     </span>
    </p>
   </div>
   <div class='ocr_carea' id='block_1_78' title="bbox 1909 3271 3486 3344">
    <p class='ocr_par' dir='ltr' id='par_1_78' title="bbox 1909 3271 3486 3344">
     <span class='ocr_line' id='line_1_78' title="bbox 1909 3271 3486 3344; baseline -0.003 -11"><span class='ocrx_word' id='word_1_551' title='bbox 1909 3276 2228 3333; x_wconf 86' lang='lat' dir='ltr'><strong>Christiano</strong></span> <span class='ocrx_word' id='word_1_552' title='bbox 2297 3273 2369 3328; x_wconf 90' lang='lat' dir='ltr'><strong>ita</strong></span> <span class='ocrx_word' id='word_1_553' title='bbox 2428 3272 2686 3344; x_wconf 84' lang='lat' dir='ltr'><strong>opinante</strong></span> <span class='ocrx_word' id='word_1_554' title='bbox 2740 3274 3026 3328; x_wconf 86' lang='lat' dir='ltr'><strong>didicerit?</strong></span> <span class='ocrx_word' id='word_1_555' title='bbox 3075 3271 3333 3328; x_wconf 79' lang='lat' dir='ltr'><strong>Profecto</strong></span> <span class='ocrx_word' id='word_1_556' title='bbox 3386 3289 3486 3329; x_wconf 89' lang='lat' dir='ltr'><strong>nec</strong></span> 
     </span>
    </p>
   </div>
   <div class='ocr_carea' id='block_1_79' title="bbox 1906 3364 3481 3435">
    <p class='ocr_par' dir='ltr' id='par_1_79' title="bbox 1906 3364 3481 3435">
     <span class='ocr_line' id='line_1_79' title="bbox 1906 3364 3481 3435; baseline -0.005 -13"><span class='ocrx_word' id='word_1_557' title='bbox 1906 3366 2181 3422; x_wconf 82' lang='lat' dir='ltr'><strong>allirmare</strong></span> <span class='ocrx_word' id='word_1_558' title='bbox 2212 3365 2263 3420; x_wconf 89' lang='lat' dir='ltr'><strong>id</strong></span> <span class='ocrx_word' id='word_1_559' title='bbox 2300 3367 2519 3435; x_wconf 91' lang='lat' dir='ltr'><strong>poterit,</strong></span> <span class='ocrx_word' id='word_1_560' title='bbox 2554 3379 2653 3420; x_wconf 89' lang='lat' dir='ltr'><strong>nec</strong></span> <span class='ocrx_word' id='word_1_561' title='bbox 2684 3364 3102 3419; x_wconf 89' lang='lat' dir='ltr'><strong>demonstrare:</strong></span> <span class='ocrx_word' id='word_1_562' title='bbox 3138 3378 3295 3418; x_wconf 86' lang='lat' dir='ltr'><strong>suum</strong></span> <span class='ocrx_word' id='word_1_563' title='bbox 3335 3365 3481 3418; x_wconf 88' lang='lat' dir='ltr'><strong>enim</strong></span> 
     </span>
    </p>
   </div>
   <div class='ocr_carea' id='block_1_80' title="bbox 1909 3456 3485 3530">
    <p class='ocr_par' dir='ltr' id='par_1_80' title="bbox 1909 3456 3485 3530">
     <span class='ocr_line' id='line_1_80' title="bbox 1909 3456 3485 3530; baseline 0 -17"><span class='ocrx_word' id='word_1_564' title='bbox 1909 3459 2076 3530; x_wconf 87' lang='lat' dir='ltr'><strong>ipsius</strong></span> <span class='ocrx_word' id='word_1_565' title='bbox 2102 3467 2155 3513; x_wconf 85' lang='lat' dir='ltr'><strong>et</strong></span> <span class='ocrx_word' id='word_1_566' title='bbox 2187 3458 2476 3513; x_wconf 81' lang='lat' dir='ltr'><strong>artiﬁcium</strong></span> <span class='ocrx_word' id='word_1_567' title='bbox 2501 3468 2557 3513; x_wconf 89' lang='lat' dir='ltr'><strong>et</strong></span> <span class='ocrx_word' id='word_1_568' title='bbox 2588 3456 2914 3512; x_wconf 80' lang='lat' dir='ltr'><strong>maleficium</strong></span> <span class='ocrx_word' id='word_1_569' title='bbox 2935 3457 3053 3513; x_wconf 90' lang='lat' dir='ltr'><strong>sine</strong></span> <span class='ocrx_word' id='word_1_570' title='bbox 3078 3457 3243 3512; x_wconf 87' lang='lat' dir='ltr'><strong>dubio</strong></span> <span class='ocrx_word' id='word_1_571' title='bbox 3272 3456 3485 3528; x_wconf 86' lang='lat' dir='ltr'><strong>jamdiu</strong></span> 
     </span>
    </p>
   </div>
   <div class='ocr_carea' id='block_1_81' title="bbox 1906 3548 3480 3621">
    <p class='ocr_par' dir='ltr' id='par_1_81' title="bbox 1906 3548 3480 3621">
     <span class='ocr_line' id='line_1_81' title="bbox 1906 3548 3480 3621; baseline -0.003 -16"><span class='ocrx_word' id='word_1_572' title='bbox 1906 3567 2019 3621; x_wconf 63' lang='lat' dir='ltr'><strong>pra;</strong></span> <span class='ocrx_word' id='word_1_573' title='bbox 2055 3565 2114 3611; x_wconf 86' lang='lat' dir='ltr'><strong>se</strong></span> <span class='ocrx_word' id='word_1_574' title='bbox 2155 3548 2281 3605; x_wconf 79' lang='lat' dir='ltr'><strong>fert.</strong></span> <span class='ocrx_word' id='word_1_575' title='bbox 2316 3549 2728 3612; x_wconf 80' lang='lat' dir='ltr'><strong>Verumtamen,</strong></span> <span class='ocrx_word' id='word_1_576' title='bbox 2773 3564 2878 3618; x_wconf 89' lang='lat' dir='ltr'><strong>qua</strong></span> <span class='ocrx_word' id='word_1_577' title='bbox 2935 3549 3008 3614; x_wconf 87' lang='lat' dir='ltr'><strong>vi,</strong></span> <span class='ocrx_word' id='word_1_578' title='bbox 3067 3564 3242 3618; x_wconf 88' lang='lat' dir='ltr'><strong>quove</strong></span> <span class='ocrx_word' id='word_1_579' title='bbox 3297 3552 3480 3614; x_wconf 88' lang='lat' dir='ltr'><strong>modo,</strong></span> 
     </span>
    </p>
   </div>
   <div class='ocr_carea' id='block_1_82' title="bbox 1908 3641 3485 3711">
    <p class='ocr_par' dir='ltr' id='par_1_82' title="bbox 1908 3641 3485 3711">
     <span class='ocr_line' id='line_1_82' title="bbox 1908 3641 3485 3711; baseline -0.002 -14"><span class='ocrx_word' id='word_1_580' title='bbox 1908 3645 2023 3698; x_wconf 81' lang='lat' dir='ltr'><strong>lnec</strong></span> <span class='ocrx_word' id='word_1_581' title='bbox 2065 3644 2207 3697; x_wconf 89' lang='lat' dir='ltr'><strong>inter</strong></span> <span class='ocrx_word' id='word_1_582' title='bbox 2229 3658 2289 3698; x_wconf 87' lang='lat' dir='ltr'><strong>se</strong></span> <span class='ocrx_word' id='word_1_583' title='bbox 2317 3657 2644 3711; x_wconf 85' lang='lat' dir='ltr'><strong>componere</strong></span> <span class='ocrx_word' id='word_1_584' title='bbox 2684 3641 2797 3696; x_wconf 85' lang='lat' dir='ltr'><strong>vult</strong></span> <span class='ocrx_word' id='word_1_585' title='bbox 2830 3643 2917 3696; x_wconf 90' lang='lat' dir='ltr'><strong>hic</strong></span> <span class='ocrx_word' id='word_1_586' title='bbox 2957 3642 3269 3711; x_wconf 80' lang='lat' dir='ltr'><strong>dogmatnm</strong></span> <span class='ocrx_word' id='word_1_587' title='bbox 3319 3658 3485 3694; x_wconf 82' lang='lat' dir='ltr'><strong>novo-</strong></span> 
     </span>
    </p>
   </div>
   <div class='ocr_carea' id='block_1_83' title="bbox 1905 3732 3484 3802">
    <p class='ocr_par' dir='ltr' id='par_1_83' title="bbox 1905 3732 3484 3802">
     <span class='ocr_line' id='line_1_83' title="bbox 1905 3732 3484 3802; baseline -0.001 -12"><span class='ocrx_word' id='word_1_588' title='bbox 1905 3751 2024 3790; x_wconf 87' lang='lat' dir='ltr'><strong>rum</strong></span> <span class='ocrx_word' id='word_1_589' title='bbox 2056 3734 2348 3789; x_wconf 82' lang='lat' dir='ltr'><strong>inventor?</strong></span> <span class='ocrx_word' id='word_1_590' title='bbox 2377 3734 2432 3788; x_wconf 89' lang='lat' dir='ltr'><strong>Si</strong></span> <span class='ocrx_word' id='word_1_591' title='bbox 2466 3734 2610 3789; x_wconf 89' lang='lat' dir='ltr'><strong>enim</strong></span> <span class='ocrx_word' id='word_1_592' title='bbox 2647 3734 2896 3788; x_wconf 86' lang='lat' dir='ltr'><strong>Christus</strong></span> <span class='ocrx_word' id='word_1_593' title='bbox 2944 3732 3204 3802; x_wconf 76' lang='lat' dir='ltr'><strong>figuratus</strong></span> <span class='ocrx_word' id='word_1_594' title='bbox 3233 3744 3484 3789; x_wconf 84' lang='lat' dir='ltr'><strong>creatura</strong></span> 
     </span>
    </p>
   </div>
   <div class='ocr_carea' id='block_1_84' title="bbox 1905 3825 3486 3895">
    <p class='ocr_par' dir='ltr' id='par_1_84' title="bbox 1905 3825 3486 3895">
     <span class='ocr_line' id='line_1_84' title="bbox 1905 3825 3486 3895; baseline -0.001 -14"><span class='ocrx_word' id='word_1_595' title='bbox 1905 3837 2112 3881; x_wconf 89' lang='lat' dir='ltr'><strong>tantum</strong></span> <span class='ocrx_word' id='word_1_596' title='bbox 2144 3837 2408 3889; x_wconf 85' lang='lat' dir='ltr'><strong>remanet,</strong></span> <span class='ocrx_word' id='word_1_597' title='bbox 2432 3825 2735 3894; x_wconf 72' lang='lat' dir='ltr'><strong>divinmqne</strong></span> <span class='ocrx_word' id='word_1_598' title='bbox 2761 3841 2958 3895; x_wconf 82' lang='lat' dir='ltr'><strong>expers</strong></span> <span class='ocrx_word' id='word_1_599' title='bbox 2986 3834 3190 3879; x_wconf 72' lang='lat' dir='ltr'><strong>natur-re</strong></span> <span class='ocrx_word' id='word_1_600' title='bbox 3220 3827 3340 3894; x_wconf 81' lang='lat' dir='ltr'><strong>quia</strong></span> <span class='ocrx_word' id='word_1_601' title='bbox 3372 3826 3486 3880; x_wconf 81' lang='lat' dir='ltr'><strong>lnrc</strong></span> 
     </span>
    </p>
   </div>
   <div class='ocr_carea' id='block_1_85' title="bbox 1909 3898 3482 3987">
    <p class='ocr_par' dir='ltr' id='par_1_85' title="bbox 1909 3898 3482 3987">
     <span class='ocr_line' id='line_1_85' title="bbox 1909 3898 3482 3987; baseline 0 -19"><span class='ocrx_word' id='word_1_602' title='bbox 1909 3915 2383 3984; x_wconf 87' lang='lat' dir='ltr'><strong>incircumscripta</strong></span> <span class='ocrx_word' id='word_1_603' title='bbox 2418 3922 2517 3977; x_wconf 70' lang='lat' dir='ltr'><strong>est.</strong></span> <span class='ocrx_word' id='word_1_604' title='bbox 2560 3915 2727 3969; x_wconf 85' lang='lat' dir='ltr'><strong>multo</strong></span> <span class='ocrx_word' id='word_1_605' title='bbox 2787 3898 2838 3970; x_wconf 88' lang='lat' dir='ltr'><strong>id</strong></span> <span class='ocrx_word' id='word_1_606' title='bbox 2904 3917 3054 3987; x_wconf 89' lang='lat' dir='ltr'><strong>prius</strong></span> <span class='ocrx_word' id='word_1_607' title='bbox 3111 3916 3220 3987; x_wconf 87' lang='lat' dir='ltr'><strong>pati</strong></span> <span class='ocrx_word' id='word_1_608' title='bbox 3274 3918 3482 3979; x_wconf 80' lang='lat' dir='ltr'><strong>debuit,</strong></span> 
     </span>
    </p>
   </div>
   <div class='ocr_carea' id='block_1_86' title="bbox 1904 4007 3484 4077">
    <p class='ocr_par' dir='ltr' id='par_1_86' title="bbox 1904 4007 3484 4077">
     <span class='ocr_line' id='line_1_86' title="bbox 1904 4007 3484 4077; baseline 0 -15"><span class='ocrx_word' id='word_1_609' title='bbox 1904 4022 2027 4062; x_wconf 85' lang='lat' dir='ltr'><strong>cum</strong></span> <span class='ocrx_word' id='word_1_610' title='bbox 2056 4016 2140 4061; x_wconf 89' lang='lat' dir='ltr'><strong>est</strong></span> <span class='ocrx_word' id='word_1_611' title='bbox 2193 4008 2545 4074; x_wconf 84' lang='lat' dir='ltr'><strong>incarnatus;</strong></span> <span class='ocrx_word' id='word_1_612' title='bbox 2585 4016 2856 4076; x_wconf 85' lang='lat' dir='ltr'><strong>quatenus</strong></span> <span class='ocrx_word' id='word_1_613' title='bbox 2903 4017 3179 4077; x_wconf 82' lang='lat' dir='ltr'><strong>assumpta</strong></span> <span class='ocrx_word' id='word_1_614' title='bbox 3218 4007 3484 4063; x_wconf 81' lang='lat' dir='ltr'><strong>a,Vcrho</strong></span> 
     </span>
    </p>
   </div>
   <div class='ocr_carea' id='block_1_87' title="bbox 1901 4098 3487 4173">
    <p class='ocr_par' dir='ltr' id='par_1_87' title="bbox 1901 4098 3487 4173">
     <span class='ocr_line' id='line_1_87' title="bbox 1901 4098 3487 4173; baseline 0.003 -20"><span class='ocrx_word' id='word_1_615' title='bbox 1901 4114 2053 4162; x_wconf 90' lang='lat' dir='ltr'><strong>caro,</strong></span> <span class='ocrx_word' id='word_1_616' title='bbox 2088 4098 2259 4169; x_wconf 83' lang='lat' dir='ltr'><strong>magis</strong></span> <span class='ocrx_word' id='word_1_617' title='bbox 2285 4099 2501 4168; x_wconf 70' lang='lat' dir='ltr'><strong>propria</strong></span> <span class='ocrx_word' id='word_1_618' title='bbox 2554 4100 2671 4170; x_wconf 92' lang='lat' dir='ltr'><strong>ejus</strong></span> <span class='ocrx_word' id='word_1_619' title='bbox 2705 4111 2810 4164; x_wconf 90' lang='lat' dir='ltr'><strong>est,</strong></span> <span class='ocrx_word' id='word_1_620' title='bbox 2849 4116 3010 4171; x_wconf 84' lang='lat' dir='ltr'><strong>quam</strong></span> <span class='ocrx_word' id='word_1_621' title='bbox 3070 4101 3249 4173; x_wconf 84' lang='lat' dir='ltr'><strong>imago</strong></span> <span class='ocrx_word' id='word_1_622' title='bbox 3299 4104 3487 4157; x_wconf 73' lang='lat' dir='ltr'><strong>art-he-</strong></span> 
     </span>
    </p>
   </div>
   <div class='ocr_carea' id='block_1_88' title="bbox 1903 4191 3485 4264">
    <p class='ocr_par' dir='ltr' id='par_1_88' title="bbox 1903 4191 3485 4264">
     <span class='ocr_line' id='line_1_88' title="bbox 1903 4191 3485 4264; baseline 0.003 -19"><span class='ocrx_word' id='word_1_623' title='bbox 1903 4192 2010 4264; x_wconf 85' lang='lat' dir='ltr'><strong>typi</strong></span> <span class='ocrx_word' id='word_1_624' title='bbox 2043 4208 2057 4245; x_wconf 91' lang='lat'>:</span> <span class='ocrx_word' id='word_1_625' title='bbox 2090 4191 2527 4262; x_wconf 88' lang='lat' dir='ltr'><strong>quandoquidem</strong></span> <span class='ocrx_word' id='word_1_626' title='bbox 2554 4208 2616 4246; x_wconf 86' lang='lat' dir='ltr'><strong>ea</strong></span> <span class='ocrx_word' id='word_1_627' title='bbox 2663 4207 2784 4260; x_wconf 71' lang='lat' dir='ltr'><strong>qum</strong></span> <span class='ocrx_word' id='word_1_628' title='bbox 2825 4192 3109 4262; x_wconf 80' lang='lat' dir='ltr'><strong>ﬁgurando</strong></span> <span class='ocrx_word' id='word_1_629' title='bbox 3147 4193 3205 4248; x_wconf 77' lang='lat' dir='ltr'><strong>ﬁt</strong></span> <span class='ocrx_word' id='word_1_630' title='bbox 3252 4194 3485 4249; x_wconf 77' lang='lat' dir='ltr'><strong>imitatio</strong></span> 
     </span>
    </p>
   </div>
   <div class='ocr_carea' id='block_1_89' title="bbox 1903 4284 3483 4356">
    <p class='ocr_par' dir='ltr' id='par_1_89' title="bbox 1903 4284 3483 4356">
     <span class='ocr_line' id='line_1_89' title="bbox 1903 4284 3483 4356; baseline 0.001 -17"><span class='ocrx_word' id='word_1_631' title='bbox 1903 4302 2010 4339; x_wconf 91' lang='lat' dir='ltr'><strong>non</strong></span> <span class='ocrx_word' id='word_1_632' title='bbox 2044 4286 2183 4340; x_wconf 87' lang='lat' dir='ltr'><strong>bene</strong></span> <span class='ocrx_word' id='word_1_633' title='bbox 2207 4286 2533 4351; x_wconf 86' lang='lat' dir='ltr'><strong>servabitur,</strong></span> <span class='ocrx_word' id='word_1_634' title='bbox 2562 4285 2661 4339; x_wconf 67' lang='lat' dir='ltr'><strong>lli&gt;i</strong></span> <span class='ocrx_word' id='word_1_635' title='bbox 2689 4284 2991 4354; x_wconf 72' lang='lat' dir='ltr'><strong>exemplari</strong></span> <span class='ocrx_word' id='word_1_636' title='bbox 3021 4288 3198 4355; x_wconf 84' lang='lat' dir='ltr'><strong>quoad</strong></span> <span class='ocrx_word' id='word_1_637' title='bbox 3232 4286 3346 4340; x_wconf 79' lang='lat' dir='ltr'><strong>ﬁeri</strong></span> <span class='ocrx_word' id='word_1_638' title='bbox 3384 4303 3483 4356; x_wconf 82' lang='lat' dir='ltr'><strong>po-</strong></span> 
     </span>
    </p>
   </div>
   <div class='ocr_carea' id='block_1_90' title="bbox 1904 4373 3484 4447">
    <p class='ocr_par' dir='ltr' id='par_1_90' title="bbox 1904 4373 3484 4447">
     <span class='ocr_line' id='line_1_90' title="bbox 1904 4373 3484 4447; baseline 0.004 -21"><span class='ocrx_word' id='word_1_639' title='bbox 1904 4382 2009 4427; x_wconf 87' lang='lat' dir='ltr'><strong>test</strong></span> <span class='ocrx_word' id='word_1_640' title='bbox 2037 4374 2391 4428; x_wconf 88' lang='lat' dir='ltr'><strong>assimiletur.</strong></span> <span class='ocrx_word' id='word_1_641' title='bbox 2427 4373 2712 4440; x_wconf 83' lang='lat' dir='ltr'><strong>Quomodo</strong></span> <span class='ocrx_word' id='word_1_642' title='bbox 2755 4376 2898 4428; x_wconf 83' lang='lat' dir='ltr'><strong>enim</strong></span> <span class='ocrx_word' id='word_1_643' title='bbox 2949 4377 3091 4443; x_wconf 88' lang='lat' dir='ltr'><strong>quod</strong></span> <span class='ocrx_word' id='word_1_644' title='bbox 3127 4376 3192 4431; x_wconf 90' lang='lat' dir='ltr'><strong>ad</strong></span> <span class='ocrx_word' id='word_1_645' title='bbox 3252 4377 3484 4447; x_wconf 76' lang='lat' dir='ltr'><strong>alicujus</strong></span> 
     </span>
    </p>
   </div>
   <div class='ocr_carea' id='block_1_91' title="bbox 216 4465 1804 4542">
    <p class='ocr_par' dir='ltr' id='par_1_91' title="bbox 216 4465 1799 4542">
     <span class='ocr_line' id='line_1_91' title="bbox 216 4465 1799 4542; baseline 0.001 -18"><span class='ocrx_word' id='word_1_646' title='bbox 216 4489 381 4534; x_wconf 81' lang='grc' dir='ltr'><strong>σεται,</strong></span> <span class='ocrx_word' id='word_1_647' title='bbox 413 4473 464 4523; x_wconf 85' lang='grc' dir='ltr'><strong>εἰ</strong></span> <span class='ocrx_word' id='word_1_648' title='bbox 499 4470 580 4542; x_wconf 83' lang='grc' dir='ltr'><strong>μὴ</strong></span> <span class='ocrx_word' id='word_1_649' title='bbox 611 4472 726 4533; x_wconf 84' lang='grc' dir='ltr'><strong>τοῖς</strong></span> <span class='ocrx_word' id='word_1_650' title='bbox 751 4470 1190 4539; x_wconf 75' lang='grc' dir='ltr'><strong>προηγουμένοις</strong></span> <span class='ocrx_word' id='word_1_651' title='bbox 1213 4467 1289 4532; x_wconf 83' lang='grc' dir='ltr'><strong>ὡς</strong></span> <span class='ocrx_word' id='word_1_652' title='bbox 1314 4465 1427 4522; x_wconf 77' lang='grc' dir='ltr'><strong>οἷόν</strong></span> <span class='ocrx_word' id='word_1_653' title='bbox 1449 4487 1506 4522; x_wconf 86' lang='grc' dir='ltr'><strong>τε</strong></span> <span class='ocrx_word' id='word_1_654' title='bbox 1538 4469 1799 4541; x_wconf 77' lang='grc' dir='ltr'><strong>ἐξομοιω-</strong></span> 
     </span>
    </p>
   </div>
   <div class='ocr_carea' id='block_1_92' title="bbox 1907 4465 3482 4542">
    <p class='ocr_par' dir='ltr' id='par_1_92' title="bbox 1907 4466 3482 4540">
     <span class='ocr_line' id='line_1_92' title="bbox 1907 4466 3482 4540; baseline 0.004 -22"><span class='ocrx_word' id='word_1_655' title='bbox 1907 4466 2264 4521; x_wconf 85' lang='lat' dir='ltr'><strong>imitationent</strong></span> <span class='ocrx_word' id='word_1_656' title='bbox 2312 4467 2833 4536; x_wconf 88' lang='lat' dir='ltr'><strong>similitudinemquc</strong></span> <span class='ocrx_word' id='word_1_657' title='bbox 2897 4468 2990 4535; x_wconf 80' lang='lat' dir='ltr'><strong>iit,</strong></span> <span class='ocrx_word' id='word_1_658' title='bbox 3060 4484 3223 4537; x_wconf 77' lang='lat' dir='ltr'><strong>agere</strong></span> <span class='ocrx_word' id='word_1_659' title='bbox 3276 4470 3482 4540; x_wconf 80' lang='lat' dir='ltr'><strong>aliquid</strong></span> 
     </span>
    </p>
   </div>
   <div class='ocr_carea' id='block_1_93' title="bbox 214 4552 1796 4633">
    <p class='ocr_par' dir='ltr' id='par_1_93' title="bbox 214 4552 1796 4633">
     <span class='ocr_line' id='line_1_93' title="bbox 214 4552 1796 4633; baseline 0 -17"><span class='ocrx_word' id='word_1_660' title='bbox 214 4552 346 4633; x_wconf 82' lang='grc' dir='ltr'><strong>θείη.</strong></span> <span class='ocrx_word' id='word_1_661' title='bbox 403 4563 533 4625; x_wconf 72' lang='grc' dir='ltr'><strong>Πῶς</strong></span> <span class='ocrx_word' id='word_1_662' title='bbox 581 4560 691 4631; x_wconf 73' lang='grc' dir='ltr'><strong>γὰρ</strong></span> <span class='ocrx_word' id='word_1_663' title='bbox 737 4561 797 4614; x_wconf 59' lang='grc' dir='ltr'><strong>τὸ</strong></span> <span class='ocrx_word' id='word_1_664' title='bbox 835 4563 892 4614; x_wconf 76' lang='grc' dir='ltr'><strong>ἐν</strong></span> <span class='ocrx_word' id='word_1_665' title='bbox 952 4560 1186 4631; x_wconf 87' lang='grc' dir='ltr'><strong>μιμήσει</strong></span> <span class='ocrx_word' id='word_1_666' title='bbox 1222 4559 1368 4623; x_wconf 84' lang='grc' dir='ltr'><strong>τινὸς</strong></span> <span class='ocrx_word' id='word_1_667' title='bbox 1401 4560 1496 4614; x_wconf 80' lang='grc' dir='ltr'><strong>καὶ</strong></span> <span class='ocrx_word' id='word_1_668' title='bbox 1538 4562 1796 4632; x_wconf 84' lang='grc' dir='ltr'><strong>ὁμοιώσει</strong></span> 
     </span>
    </p>
   </div>
   <div class='ocr_carea' id='block_1_94' title="bbox 212 4651 1801 4727">
    <p class='ocr_par' dir='ltr' id='par_1_94' title="bbox 212 4651 1801 4727">
     <span class='ocr_line' id='line_1_94' title="bbox 212 4651 1801 4727; baseline 0.001 -20"><span class='ocrx_word' id='word_1_669' title='bbox 212 4656 516 4726; x_wconf 78' lang='grc' dir='ltr'><strong>γινόμενον,</strong></span> <span class='ocrx_word' id='word_1_670' title='bbox 542 4651 750 4722; x_wconf 82' lang='grc' dir='ltr'><strong>δρᾶσαί</strong></span> <span class='ocrx_word' id='word_1_671' title='bbox 779 4671 833 4705; x_wconf 77' lang='grc' dir='ltr'><strong>τι</strong></span> <span class='ocrx_word' id='word_1_672' title='bbox 864 4652 1153 4722; x_wconf 82' lang='grc' dir='ltr'><strong>δυνήσεται</strong></span> <span class='ocrx_word' id='word_1_673' title='bbox 1192 4652 1224 4722; x_wconf 80' lang='grc' dir='ltr'>ἢ</span> <span class='ocrx_word' id='word_1_674' title='bbox 1264 4652 1448 4716; x_wconf 80' lang='grc' dir='ltr'><strong>πάθοι,</strong></span> <span class='ocrx_word' id='word_1_675' title='bbox 1480 4655 1527 4706; x_wconf 83' lang='grc' dir='ltr'><strong>εἰ</strong></span> <span class='ocrx_word' id='word_1_676' title='bbox 1563 4654 1639 4724; x_wconf 84' lang='grc' dir='ltr'><strong>μὴ</strong></span> <span class='ocrx_word' id='word_1_677' title='bbox 1670 4655 1801 4727; x_wconf 83' lang='grc' dir='ltr'><strong>πρό-</strong></span> 
     </span>
    </p>
   </div>
   <div class='ocr_carea' id='block_1_95' title="bbox 210 4741 1801 4819">
    <p class='ocr_par' dir='ltr' id='par_1_95' title="bbox 210 4741 1801 4819">
     <span class='ocr_line' id='line_1_95' title="bbox 210 4741 1801 4819; baseline 0.001 -18"><span class='ocrx_word' id='word_1_678' title='bbox 210 4764 360 4819; x_wconf 77' lang='grc' dir='ltr'><strong>τερον</strong></span> <span class='ocrx_word' id='word_1_679' title='bbox 391 4748 454 4801; x_wconf 74' lang='grc' dir='ltr'><strong>τὸ</strong></span> <span class='ocrx_word' id='word_1_680' title='bbox 485 4743 550 4801; x_wconf 75' lang='grc' dir='ltr'><strong>οὗ</strong></span> <span class='ocrx_word' id='word_1_681' title='bbox 581 4749 734 4799; x_wconf 78' lang='grc' dir='ltr'><strong>ἐστιν</strong></span> <span class='ocrx_word' id='word_1_682' title='bbox 762 4743 1044 4815; x_wconf 80' lang='grc' dir='ltr'><strong>ὁμοίωμα,</strong></span> <span class='ocrx_word' id='word_1_683' title='bbox 1078 4743 1224 4798; x_wconf 69' lang='grc' dir='ltr'><strong>οὕτω</strong></span> <span class='ocrx_word' id='word_1_684' title='bbox 1257 4745 1504 4813; x_wconf 78' lang='grc' dir='ltr'><strong>πέφυκεν</strong></span> <span class='ocrx_word' id='word_1_685' title='bbox 1527 4741 1707 4815; x_wconf 78' lang='grc' dir='ltr'><strong>εἶναι;</strong></span> <span class='ocrx_word' id='word_1_686' title='bbox 1740 4749 1801 4802; x_wconf 75' lang='lat' dir='ltr'><strong>Ei</strong></span> 
     </span>
    </p>
   </div>
   <div class='ocr_carea' id='block_1_96' title="bbox 210 4834 1803 4907">
    <p class='ocr_par' dir='ltr' id='par_1_96' title="bbox 210 4834 1803 4907">
     <span class='ocr_line' id='line_1_96' title="bbox 210 4834 1803 4907; baseline 0.001 -15"><span class='ocrx_word' id='word_1_687' title='bbox 210 4837 262 4891; x_wconf 79' lang='grc' dir='ltr'><strong>δὲ</strong></span> <span class='ocrx_word' id='word_1_688' title='bbox 311 4838 373 4892; x_wconf 70' lang='grc' dir='ltr'><strong>τὸ</strong></span> <span class='ocrx_word' id='word_1_689' title='bbox 427 4836 615 4892; x_wconf 79' lang='grc' dir='ltr'><strong>ταῦτα</strong></span> <span class='ocrx_word' id='word_1_690' title='bbox 670 4835 885 4905; x_wconf 86' lang='grc' dir='ltr'><strong>λέγειν,</strong></span> <span class='ocrx_word' id='word_1_691' title='bbox 932 4834 1169 4906; x_wconf 79' lang='grc' dir='ltr'><strong>ἐσχάτης</strong></span> <span class='ocrx_word' id='word_1_692' title='bbox 1216 4835 1651 4907; x_wconf 73' lang='grc' dir='ltr'><strong>παραφροσύνης</strong></span> <span class='ocrx_word' id='word_1_693' title='bbox 1708 4840 1803 4893; x_wconf 77' lang='grc' dir='ltr'><strong>καὶ</strong></span> 
     </span>
    </p>
   </div>
   <div class='ocr_carea' id='block_1_97' title="bbox 209 4927 1803 4999">
    <p class='ocr_par' dir='ltr' id='par_1_97' title="bbox 209 4927 1803 4999">
     <span class='ocr_line' id='line_1_97' title="bbox 209 4927 1803 4999; baseline -0.003 -15"><span class='ocrx_word' id='word_1_694' title='bbox 209 4929 530 4995; x_wconf 79' lang='grc' dir='ltr'><strong>δυσσεϐείας</strong></span> <span class='ocrx_word' id='word_1_695' title='bbox 559 4929 704 4996; x_wconf 76' lang='grc' dir='ltr'><strong>ἐστὶ,</strong></span> <span class='ocrx_word' id='word_1_696' title='bbox 735 4928 855 4993; x_wconf 82' lang='grc' dir='ltr'><strong>πῶς</strong></span> <span class='ocrx_word' id='word_1_697' title='bbox 883 4928 1004 4998; x_wconf 72' lang='grc' dir='ltr'><strong>οὐχὶ</strong></span> <span class='ocrx_word' id='word_1_698' title='bbox 1035 4929 1265 4980; x_wconf 83' lang='grc' dir='ltr'><strong>κάκεῖνα</strong></span> <span class='ocrx_word' id='word_1_699' title='bbox 1310 4927 1511 4997; x_wconf 87' lang='grc' dir='ltr'><strong>μανίας</strong></span> <span class='ocrx_word' id='word_1_700' title='bbox 1539 4928 1639 4999; x_wconf 87' lang='grc' dir='ltr'><strong>τῆς</strong></span> <span class='ocrx_word' id='word_1_701' title='bbox 1669 4930 1803 4983; x_wconf 80' lang='grc' dir='ltr'><strong>ἀνω-</strong></span> 
     </span>
    </p>
   </div>
   <div class='ocr_carea' id='block_1_98' title="bbox 209 5000 1801 5091">
    <p class='ocr_par' dir='ltr' id='par_1_98' title="bbox 209 5000 1801 5091">
     <span class='ocr_line' id='line_1_98' title="bbox 209 5000 1801 5091; baseline 0.001 -18"><span class='ocrx_word' id='word_1_702' title='bbox 209 5021 382 5088; x_wconf 75' lang='grc' dir='ltr'><strong>τάτως</strong></span> <span class='ocrx_word' id='word_1_703' title='bbox 418 5022 487 5075; x_wconf 73' lang='lat' dir='ltr'><strong>Et</strong></span> <span class='ocrx_word' id='word_1_704' title='bbox 526 5021 639 5091; x_wconf 83' lang='grc' dir='ltr'><strong>γάρ</strong></span> <span class='ocrx_word' id='word_1_705' title='bbox 671 5036 756 5083; x_wconf 86' lang='grc' dir='ltr'><strong>τις</strong></span> <span class='ocrx_word' id='word_1_706' title='bbox 787 5019 922 5090; x_wconf 86' lang='grc' dir='ltr'><strong>φαίη</strong></span> <span class='ocrx_word' id='word_1_707' title='bbox 959 5017 1135 5089; x_wconf 75' lang='grc' dir='ltr'><strong>ἁληθῆ</strong></span> <span class='ocrx_word' id='word_1_708' title='bbox 1165 5021 1347 5071; x_wconf 78' lang='grc' dir='ltr'><strong>ἐκεῖνα</strong></span> <span class='ocrx_word' id='word_1_709' title='bbox 1372 5012 1514 5073; x_wconf 81' lang='grc' dir='ltr'><strong>εἶναι</strong></span> <span class='ocrx_word' id='word_1_710' title='bbox 1534 5061 1549 5084; x_wconf 93' lang='grc'><strong>,</strong></span> <span class='ocrx_word' id='word_1_711' title='bbox 1579 5000 1801 5084; x_wconf 66' lang='grc' dir='ltr'><strong>πάντως</strong></span> 
     </span>
    </p>
   </div>
   <div class='ocr_carea' id='block_1_99' title="bbox 213 5110 1801 5184">
    <p class='ocr_par' dir='ltr' id='par_1_99' title="bbox 213 5110 1801 5184">
     <span class='ocr_line' id='line_1_99' title="bbox 213 5110 1801 5184; baseline -0.001 -17"><span class='ocrx_word' id='word_1_712' title='bbox 213 5131 307 5168; x_wconf 76' lang='grc' dir='ltr'><strong>που</strong></span> <span class='ocrx_word' id='word_1_713' title='bbox 353 5114 503 5169; x_wconf 73' lang='grc' dir='ltr'><strong>κατὰ</strong></span> <span class='ocrx_word' id='word_1_714' title='bbox 535 5112 598 5166; x_wconf 78' lang='grc' dir='ltr'><strong>τὸ</strong></span> <span class='ocrx_word' id='word_1_715' title='bbox 645 5111 941 5166; x_wconf 81' lang='grc' dir='ltr'><strong>ἀκόλουθον</strong></span> <span class='ocrx_word' id='word_1_716' title='bbox 989 5111 1085 5164; x_wconf 73' lang='grc' dir='ltr'><strong>τοῦ</strong></span> <span class='ocrx_word' id='word_1_717' title='bbox 1127 5111 1309 5179; x_wconf 81' lang='grc' dir='ltr'><strong>λόγου,</strong></span> <span class='ocrx_word' id='word_1_718' title='bbox 1355 5110 1547 5182; x_wconf 78' lang='grc' dir='ltr'><strong>ἐπειδὴ</strong></span> <span class='ocrx_word' id='word_1_719' title='bbox 1582 5112 1801 5184; x_wconf 81' lang='grc' dir='ltr'><strong>ἀληθῶς</strong></span> 
     </span>
    </p>
   </div>
   <div class='ocr_carea' id='block_1_100' title="bbox 214 5203 1800 5276">
    <p class='ocr_par' dir='ltr' id='par_1_100' title="bbox 214 5203 1800 5276">
     <span class='ocr_line' id='line_1_100' title="bbox 214 5203 1800 5276; baseline 0.001 -19"><span class='ocrx_word' id='word_1_720' title='bbox 214 5206 395 5276; x_wconf 83' lang='grc' dir='ltr'><strong>ὡράθη</strong></span> <span class='ocrx_word' id='word_1_721' title='bbox 430 5205 752 5275; x_wconf 81' lang='grc' dir='ltr'><strong>ἀνθρώποις</strong></span> <span class='ocrx_word' id='word_1_722' title='bbox 783 5204 1046 5276; x_wconf 83' lang='grc' dir='ltr'><strong>πεφηνὼς</strong></span> <span class='ocrx_word' id='word_1_723' title='bbox 1071 5203 1197 5257; x_wconf 81' lang='grc' dir='ltr'><strong>καθ’</strong></span> <span class='ocrx_word' id='word_1_724' title='bbox 1226 5204 1374 5274; x_wconf 79' lang='grc' dir='ltr'><strong>ἡμᾶς</strong></span> <span class='ocrx_word' id='word_1_725' title='bbox 1399 5206 1427 5258; x_wconf 87' lang='grc' dir='ltr'><strong>ὁ</strong></span> <span class='ocrx_word' id='word_1_726' title='bbox 1456 5205 1711 5275; x_wconf 81' lang='grc' dir='ltr'><strong>Χριστὸς,</strong></span> <span class='ocrx_word' id='word_1_727' title='bbox 1738 5206 1800 5258; x_wconf 82' lang='grc' dir='ltr'><strong>οὐ</strong></span> 
     </span>
    </p>
   </div>
   <div class='ocr_carea' id='block_1_101' title="bbox 215 5295 1802 5371">
    <p class='ocr_par' dir='ltr' id='par_1_101' title="bbox 215 5295 1802 5371">
     <span class='ocr_line' id='line_1_101' title="bbox 215 5295 1802 5371; baseline -0.001 -19"><span class='ocrx_word' id='word_1_728' title='bbox 215 5299 415 5370; x_wconf 72' lang='grc' dir='ltr'><strong>πέφυκε</strong></span> <span class='ocrx_word' id='word_1_729' title='bbox 444 5300 507 5353; x_wconf 78' lang='grc' dir='ltr'><strong>δὲ</strong></span> <span class='ocrx_word' id='word_1_730' title='bbox 543 5302 577 5371; x_wconf 82' lang='grc' dir='ltr'>ἠ</span> <span class='ocrx_word' id='word_1_731' title='bbox 609 5298 731 5353; x_wconf 83' lang='grc' dir='ltr'><strong>θεία</strong></span> <span class='ocrx_word' id='word_1_732' title='bbox 758 5297 918 5368; x_wconf 76' lang='grc' dir='ltr'><strong>φύσις</strong></span> <span class='ocrx_word' id='word_1_733' title='bbox 948 5296 1205 5367; x_wconf 83' lang='grc' dir='ltr'><strong>δρᾶσθαι,</strong></span> <span class='ocrx_word' id='word_1_734' title='bbox 1237 5297 1375 5349; x_wconf 82' lang='grc' dir='ltr'><strong>πολὺ</strong></span> <span class='ocrx_word' id='word_1_735' title='bbox 1404 5295 1608 5365; x_wconf 81' lang='grc' dir='ltr'><strong>μᾶλλον</strong></span> <span class='ocrx_word' id='word_1_736' title='bbox 1647 5295 1802 5368; x_wconf 76' lang='grc' dir='ltr'><strong>παρὰ</strong></span> 
     </span>
    </p>
   </div>
   <div class='ocr_carea' id='block_1_102' title="bbox 214 5387 1801 5464">
    <p class='ocr_par' dir='ltr' id='par_1_102' title="bbox 214 5387 1801 5464">
     <span class='ocr_line' id='line_1_102' title="bbox 214 5387 1801 5464; baseline -0.003 -19"><span class='ocrx_word' id='word_1_737' title='bbox 214 5392 266 5445; x_wconf 77' lang='grc' dir='ltr'><strong>τὸ</strong></span> <span class='ocrx_word' id='word_1_738' title='bbox 300 5392 375 5464; x_wconf 78' lang='grc' dir='ltr'><strong>μὴ</strong></span> <span class='ocrx_word' id='word_1_739' title='bbox 404 5390 647 5464; x_wconf 76' lang='grc' dir='ltr'><strong>ἀρᾶσθαι</strong></span> <span class='ocrx_word' id='word_1_740' title='bbox 675 5390 868 5461; x_wconf 74' lang='grc' dir='ltr'><strong>αὐτὴν,</strong></span> <span class='ocrx_word' id='word_1_741' title='bbox 902 5389 1109 5459; x_wconf 86' lang='grc' dir='ltr'><strong>κτίσμα</strong></span> <span class='ocrx_word' id='word_1_742' title='bbox 1153 5389 1314 5458; x_wconf 89' lang='grc' dir='ltr'><strong>μόνον</strong></span> <span class='ocrx_word' id='word_1_743' title='bbox 1343 5387 1405 5440; x_wconf 84' lang='grc' dir='ltr'><strong>τὸ</strong></span> <span class='ocrx_word' id='word_1_744' title='bbox 1440 5387 1634 5441; x_wconf 80' lang='grc' dir='ltr'><strong>θεαθὲν</strong></span> <span class='ocrx_word' id='word_1_745' title='bbox 1668 5389 1801 5441; x_wconf 77' lang='grc' dir='ltr'><strong>ὑποο</strong></span> 
     </span>
    </p>
   </div>
   <div class='ocr_carea' id='block_1_103' title="bbox 212 5478 1799 5555">
    <p class='ocr_par' dir='ltr' id='par_1_103' title="bbox 212 5478 1799 5555">
     <span class='ocr_line' id='line_1_103' title="bbox 212 5478 1799 5555; baseline -0.005 -15"><span class='ocrx_word' id='word_1_746' title='bbox 212 5485 487 5554; x_wconf 76' lang='grc' dir='ltr'><strong>λελεῖφθαι</strong></span> <span class='ocrx_word' id='word_1_747' title='bbox 518 5484 898 5555; x_wconf 82' lang='grc' dir='ltr'><strong>συμϐήσεται,</strong></span> <span class='ocrx_word' id='word_1_748' title='bbox 932 5483 1033 5552; x_wconf 79' lang='grc' dir='ltr'><strong>τῆς</strong></span> <span class='ocrx_word' id='word_1_749' title='bbox 1066 5482 1218 5546; x_wconf 85' lang='grc' dir='ltr'><strong>θείας</strong></span> <span class='ocrx_word' id='word_1_750' title='bbox 1248 5481 1323 5551; x_wconf 81' lang='grc' dir='ltr'><strong>μὴ</strong></span> <span class='ocrx_word' id='word_1_751' title='bbox 1355 5478 1521 5550; x_wconf 76' lang='grc' dir='ltr'><strong>οὔσης</strong></span> <span class='ocrx_word' id='word_1_752' title='bbox 1557 5480 1616 5532; x_wconf 85' lang='grc' dir='ltr'><strong>ἐν</strong></span> <span class='ocrx_word' id='word_1_753' title='bbox 1647 5480 1799 5551; x_wconf 80' lang='grc' dir='ltr'><strong>αὐτῷ</strong></span> 
     </span>
    </p>
   </div>
   <div class='ocr_carea' id='block_1_104' title="bbox 214 5571 1798 5647">
    <p class='ocr_par' dir='ltr' id='par_1_104' title="bbox 214 5571 1798 5647">
     <span class='ocr_line' id='line_1_104' title="bbox 214 5571 1798 5647; baseline -0.004 -16"><span class='ocrx_word' id='word_1_754' title='bbox 214 5579 445 5647; x_wconf 79' lang='grc' dir='ltr'><strong>φύσεως,</strong></span> <span class='ocrx_word' id='word_1_755' title='bbox 487 5580 589 5633; x_wconf 76' lang='grc' dir='ltr'><strong>καὶ</strong></span> <span class='ocrx_word' id='word_1_756' title='bbox 632 5576 887 5631; x_wconf 84' lang='grc' dir='ltr'><strong>τοσοῦτον</strong></span> <span class='ocrx_word' id='word_1_757' title='bbox 914 5577 1039 5630; x_wconf 84' lang='grc' dir='ltr'><strong>ὅσον</strong></span> <span class='ocrx_word' id='word_1_758' title='bbox 1081 5575 1176 5628; x_wconf 76' lang='grc' dir='ltr'><strong>καὶ</strong></span> <span class='ocrx_word' id='word_1_759' title='bbox 1207 5576 1442 5645; x_wconf 82' lang='grc' dir='ltr'><strong>πρώτως</strong></span> <span class='ocrx_word' id='word_1_760' title='bbox 1485 5571 1798 5643; x_wconf 83' lang='grc' dir='ltr'><strong>ἀνθρώποις</strong></span> 
     </span>
    </p>
   </div>
   <div class='ocr_carea' id='block_1_105' title="bbox 214 5662 1793 5745">
    <p class='ocr_par' dir='ltr' id='par_1_105' title="bbox 214 5662 1793 5745">
     <span class='ocr_line' id='line_1_105' title="bbox 214 5662 1793 5745; baseline -0.006 -21"><span class='ocrx_word' id='word_1_761' title='bbox 214 5671 429 5745; x_wconf 79' lang='grc' dir='ltr'><strong>ὼράθη,</strong></span> <span class='ocrx_word' id='word_1_762' title='bbox 474 5669 623 5725; x_wconf 73' lang='grc' dir='ltr'><strong>οὕτω</strong></span> <span class='ocrx_word' id='word_1_763' title='bbox 668 5687 728 5723; x_wconf 88' lang='grc' dir='ltr'><strong>τε</strong></span> <span class='ocrx_word' id='word_1_764' title='bbox 776 5662 1292 5741; x_wconf 86' lang='grc' dir='ltr'><strong>χαρακτηρισθῆναι</strong></span> <span class='ocrx_word' id='word_1_765' title='bbox 1334 5663 1555 5735; x_wconf 81' lang='grc' dir='ltr'><strong>ἐδέησεν</strong></span> <span class='ocrx_word' id='word_1_766' title='bbox 1581 5681 1596 5695; x_wconf 79' lang='grc' dir='ltr'><strong>ο</strong></span> <span class='ocrx_word' id='word_1_767' title='bbox 1635 5665 1683 5715; x_wconf 86' lang='grc' dir='ltr'><strong>εί</strong></span> <span class='ocrx_word' id='word_1_768' title='bbox 1716 5663 1793 5734; x_wconf 81' lang='grc' dir='ltr'><strong>μὴ</strong></span> 
     </span>
    </p>
   </div>
   <div class='ocr_carea' id='block_1_106' title="bbox 216 5755 1787 5850">
    <p class='ocr_par' dir='ltr' id='par_1_106' title="bbox 216 5755 1787 5850">
     <span class='ocr_line' id='line_1_106' title="bbox 216 5755 1787 5850; baseline -0.005 -32"><span class='ocrx_word' id='word_1_769' title='bbox 216 5766 319 5838; x_wconf 69' lang='grc' dir='ltr'><strong>γὰρ</strong></span> <span class='ocrx_word' id='word_1_770' title='bbox 360 5764 627 5818; x_wconf 67' lang='grc' dir='ltr'><strong>ἐθεάσατό</strong></span> <span class='ocrx_word' id='word_1_771' title='bbox 656 5780 761 5825; x_wconf 84' lang='grc' dir='ltr'><strong>τις.</strong></span> <span class='ocrx_word' id='word_1_772' title='bbox 795 5761 916 5817; x_wconf 70' lang='grc' dir='ltr'><strong>οὐδὲ</strong></span> <span class='ocrx_word' id='word_1_773' title='bbox 960 5758 1369 5850; x_wconf 70' lang='grc' dir='ltr'><strong>ἐχαρακτήρισέ</strong></span> <span class='ocrx_word' id='word_1_774' title='bbox 1401 5773 1505 5809; x_wconf 83' lang='grc' dir='ltr'><strong>που</strong></span> <span class='ocrx_word' id='word_1_775' title='bbox 1551 5755 1787 5820; x_wconf 80' lang='grc' dir='ltr'><strong>πάντως.</strong></span> 
     </span>
    </p>
   </div>
   <div class='ocr_carea' id='block_1_107' title="bbox 1903 4557 3481 4627">
    <p class='ocr_par' dir='ltr' id='par_1_107' title="bbox 1903 4557 3481 4627">
     <span class='ocr_line' id='line_1_107' title="bbox 1903 4557 3481 4627; baseline 0.003 -16"><span class='ocrx_word' id='word_1_776' title='bbox 1903 4567 1997 4612; x_wconf 87' lang='lat' dir='ltr'><strong>aut</strong></span> <span class='ocrx_word' id='word_1_777' title='bbox 2036 4559 2143 4627; x_wconf 85' lang='lat' dir='ltr'><strong>pati</strong></span> <span class='ocrx_word' id='word_1_778' title='bbox 2180 4559 2400 4626; x_wconf 88' lang='lat' dir='ltr'><strong>poterit,</strong></span> <span class='ocrx_word' id='word_1_779' title='bbox 2459 4557 2562 4612; x_wconf 85' lang='lat' dir='ltr'><strong>nisi</strong></span> <span class='ocrx_word' id='word_1_780' title='bbox 2598 4566 2753 4612; x_wconf 82' lang='lat' dir='ltr'><strong>antea</strong></span> <span class='ocrx_word' id='word_1_781' title='bbox 2790 4558 2842 4612; x_wconf 87' lang='lat' dir='ltr'><strong>id</strong></span> <span class='ocrx_word' id='word_1_782' title='bbox 2896 4562 3051 4627; x_wconf 80' lang='lat' dir='ltr'><strong>cujus</strong></span> <span class='ocrx_word' id='word_1_783' title='bbox 3086 4572 3168 4617; x_wconf 80' lang='lat' dir='ltr'><strong>est</strong></span> <span class='ocrx_word' id='word_1_784' title='bbox 3219 4561 3481 4627; x_wconf 69' lang='lat' dir='ltr'><strong>imital’to,</strong></span> 
     </span>
    </p>
   </div>
   <div class='ocr_carea' id='block_1_108' title="bbox 1904 4647 3481 4715">
    <p class='ocr_par' dir='ltr' id='par_1_108' title="bbox 1904 4647 3481 4715">
     <span class='ocr_line' id='line_1_108' title="bbox 1904 4647 3481 4715; baseline 0.002 -13"><span class='ocrx_word' id='word_1_785' title='bbox 1904 4648 1977 4703; x_wconf 89' lang='lat' dir='ltr'><strong>ita</strong></span> <span class='ocrx_word' id='word_1_786' title='bbox 2008 4666 2065 4702; x_wconf 89' lang='lat' dir='ltr'><strong>se</strong></span> <span class='ocrx_word' id='word_1_787' title='bbox 2094 4649 2326 4702; x_wconf 83' lang='lat' dir='ltr'><strong>haheat?</strong></span> <span class='ocrx_word' id='word_1_788' title='bbox 2357 4648 2507 4715; x_wconf 88' lang='lat' dir='ltr'><strong>Quod</strong></span> <span class='ocrx_word' id='word_1_789' title='bbox 2540 4648 2585 4702; x_wconf 80' lang='lat' dir='ltr'><strong>si</strong></span> <span class='ocrx_word' id='word_1_790' title='bbox 2617 4647 2732 4703; x_wconf 68' lang='lat' dir='ltr'><strong>lucc</strong></span> <span class='ocrx_word' id='word_1_791' title='bbox 2764 4651 2971 4714; x_wconf 89' lang='lat' dir='ltr'><strong>dicere,</strong></span> <span class='ocrx_word' id='word_1_792' title='bbox 3004 4666 3215 4704; x_wconf 88' lang='lat' dir='ltr'><strong>summa</strong></span> <span class='ocrx_word' id='word_1_793' title='bbox 3249 4651 3481 4707; x_wconf 82' lang='lat' dir='ltr'><strong>demen-</strong></span> 
     </span>
    </p>
   </div>
   <div class='ocr_carea' id='block_1_109' title="bbox 1905 4740 3484 4811">
    <p class='ocr_par' dir='ltr' id='par_1_109' title="bbox 1905 4740 3484 4811">
     <span class='ocr_line' id='line_1_109' title="bbox 1905 4740 3484 4811; baseline 0.003 -19"><span class='ocrx_word' id='word_1_794' title='bbox 1905 4742 1976 4794; x_wconf 81' lang='lat' dir='ltr'><strong>tia</strong></span> <span class='ocrx_word' id='word_1_795' title='bbox 2008 4740 2366 4811; x_wconf 84' lang='lat' dir='ltr'><strong>impietasqne</strong></span> <span class='ocrx_word' id='word_1_796' title='bbox 2387 4751 2492 4807; x_wconf 89' lang='lat' dir='ltr'><strong>est,</strong></span> <span class='ocrx_word' id='word_1_797' title='bbox 2532 4740 2720 4811; x_wconf 87' lang='lat' dir='ltr'><strong>quidni</strong></span> <span class='ocrx_word' id='word_1_798' title='bbox 2771 4752 2826 4796; x_wconf 90' lang='lat' dir='ltr'><strong>et</strong></span> <span class='ocrx_word' id='word_1_799' title='bbox 2864 4742 2950 4795; x_wconf 86' lang='lat' dir='ltr'><strong>illa</strong></span> <span class='ocrx_word' id='word_1_800' title='bbox 2985 4744 3037 4796; x_wconf 90' lang='lat' dir='ltr'><strong>in</strong></span> <span class='ocrx_word' id='word_1_801' title='bbox 3074 4745 3294 4798; x_wconf 77' lang='lat' dir='ltr'><strong>vesania</strong></span> <span class='ocrx_word' id='word_1_802' title='bbox 3332 4759 3484 4797; x_wconf 88' lang='lat' dir='ltr'><strong>sum-</strong></span> 
     </span>
    </p>
   </div>
   <div class='ocr_carea' id='block_1_110' title="bbox 1903 4832 3483 4902">
    <p class='ocr_par' dir='ltr' id='par_1_110' title="bbox 1903 4832 3483 4902">
     <span class='ocr_line' id='line_1_110' title="bbox 1903 4832 3483 4902; baseline 0.002 -16"><span class='ocrx_word' id='word_1_803' title='bbox 1903 4848 1989 4886; x_wconf 86' lang='lat' dir='ltr'><strong>ma</strong></span> <span class='ocrx_word' id='word_1_804' title='bbox 2033 4832 2357 4887; x_wconf 73' lang='lat' dir='ltr'><strong>versentur?</strong></span> <span class='ocrx_word' id='word_1_805' title='bbox 2402 4832 2534 4889; x_wconf 81' lang='lat' dir='ltr'><strong>Nam</strong></span> <span class='ocrx_word' id='word_1_806' title='bbox 2582 4833 2628 4888; x_wconf 88' lang='lat' dir='ltr'><strong>si</strong></span> <span class='ocrx_word' id='word_1_807' title='bbox 2660 4834 2787 4902; x_wconf 83' lang='lat' dir='ltr'><strong>quis</strong></span> <span class='ocrx_word' id='word_1_808' title='bbox 2828 4834 2919 4887; x_wconf 85' lang='lat' dir='ltr'><strong>illa</strong></span> <span class='ocrx_word' id='word_1_809' title='bbox 2963 4849 3090 4889; x_wconf 86' lang='lat' dir='ltr'><strong>vera</strong></span> <span class='ocrx_word' id='word_1_810' title='bbox 3139 4851 3259 4891; x_wconf 87' lang='lat' dir='ltr'><strong>esse</strong></span> <span class='ocrx_word' id='word_1_811' title='bbox 3315 4838 3483 4902; x_wconf 73' lang='lat' dir='ltr'><strong>ditat,</strong></span> 
     </span>
    </p>
   </div>
   <div class='ocr_carea' id='block_1_111' title="bbox 1904 4924 3486 4996">
    <p class='ocr_par' dir='ltr' id='par_1_111' title="bbox 1904 4924 3486 4996">
     <span class='ocr_line' id='line_1_111' title="bbox 1904 4924 3486 4996; baseline 0.003 -18"><span class='ocrx_word' id='word_1_812' title='bbox 1904 4940 2131 4990; x_wconf 88' lang='lat' dir='ltr'><strong>prorsus</strong></span> <span class='ocrx_word' id='word_1_813' title='bbox 2168 4924 2441 4980; x_wconf 88' lang='lat' dir='ltr'><strong>sermonis</strong></span> <span class='ocrx_word' id='word_1_814' title='bbox 2494 4926 2805 4980; x_wconf 88' lang='lat' dir='ltr'><strong>necessario</strong></span> <span class='ocrx_word' id='word_1_815' title='bbox 2850 4940 3018 4992; x_wconf 87' lang='lat' dir='ltr'><strong>nexu,</strong></span> <span class='ocrx_word' id='word_1_816' title='bbox 3063 4928 3319 4996; x_wconf 88' lang='lat' dir='ltr'><strong>quoniam</strong></span> <span class='ocrx_word' id='word_1_817' title='bbox 3355 4944 3486 4985; x_wconf 85' lang='lat' dir='ltr'><strong>vere</strong></span> 
     </span>
    </p>
   </div>
   <div class='ocr_carea' id='block_1_112' title="bbox 1902 5013 3486 5088">
    <p class='ocr_par' dir='ltr' id='par_1_112' title="bbox 1902 5013 3486 5088">
     <span class='ocr_line' id='line_1_112' title="bbox 1902 5013 3486 5088; baseline 0.005 -21"><span class='ocrx_word' id='word_1_818' title='bbox 1902 5013 2217 5068; x_wconf 88' lang='lat' dir='ltr'><strong>hominibus</strong></span> <span class='ocrx_word' id='word_1_819' title='bbox 2270 5013 2504 5070; x_wconf 87' lang='lat' dir='ltr'><strong>visibilis</strong></span> <span class='ocrx_word' id='word_1_820' title='bbox 2545 5013 2646 5069; x_wconf 83' lang='lat' dir='ltr'><strong>fuit</strong></span> <span class='ocrx_word' id='word_1_821' title='bbox 2697 5029 2821 5071; x_wconf 89' lang='lat' dir='ltr'><strong>cum</strong></span> <span class='ocrx_word' id='word_1_822' title='bbox 2874 5016 3017 5070; x_wconf 91' lang='lat' dir='ltr'><strong>inter</strong></span> <span class='ocrx_word' id='word_1_823' title='bbox 3062 5032 3160 5071; x_wconf 87' lang='lat' dir='ltr'><strong>nos</strong></span> <span class='ocrx_word' id='word_1_824' title='bbox 3234 5022 3486 5088; x_wconf 83' lang='lat' dir='ltr'><strong>apparuit</strong></span> 
     </span>
    </p>
   </div>
   <div class='ocr_carea' id='block_1_113' title="bbox 1902 5103 3481 5177">
    <p class='ocr_par' dir='ltr' id='par_1_113' title="bbox 1902 5103 3481 5177">
     <span class='ocr_line' id='line_1_113' title="bbox 1902 5103 3481 5177; baseline 0.005 -18"><span class='ocrx_word' id='word_1_825' title='bbox 1902 5103 2158 5160; x_wconf 90' lang='lat' dir='ltr'><strong>Christus</strong></span> <span class='ocrx_word' id='word_1_826' title='bbox 2188 5105 2519 5176; x_wconf 88' lang='lat' dir='ltr'><strong>(quanquam</strong></span> <span class='ocrx_word' id='word_1_827' title='bbox 2556 5107 2673 5161; x_wconf 79' lang='lat' dir='ltr'><strong>ﬁeri</strong></span> <span class='ocrx_word' id='word_1_828' title='bbox 2720 5108 2909 5177; x_wconf 89' lang='lat' dir='ltr'><strong>nequit</strong></span> <span class='ocrx_word' id='word_1_829' title='bbox 2941 5115 2999 5162; x_wconf 82' lang='grc' dir='ltr'><strong>ιιι</strong></span> <span class='ocrx_word' id='word_1_830' title='bbox 3048 5111 3229 5165; x_wconf 87' lang='lat' dir='ltr'><strong>divina</strong></span> <span class='ocrx_word' id='word_1_831' title='bbox 3285 5122 3481 5167; x_wconf 87' lang='lat' dir='ltr'><strong>natura</strong></span> 
     </span>
    </p>
   </div>
   <div class='ocr_carea' id='block_1_114' title="bbox 1903 5197 3485 5268">
    <p class='ocr_par' dir='ltr' id='par_1_114' title="bbox 1903 5197 3485 5268">
     <span class='ocr_line' id='line_1_114' title="bbox 1903 5197 3485 5268; baseline 0.003 -17"><span class='ocrx_word' id='word_1_832' title='bbox 1903 5197 2327 5268; x_wconf 80' lang='lat' dir='ltr'><strong>conspiciatur),</strong></span> <span class='ocrx_word' id='word_1_833' title='bbox 2366 5198 2638 5266; x_wconf 85' lang='lat' dir='ltr'><strong>sequitur,</strong></span> <span class='ocrx_word' id='word_1_834' title='bbox 2671 5198 2914 5266; x_wconf 88' lang='lat' dir='ltr'><strong>inquam,</strong></span> <span class='ocrx_word' id='word_1_835' title='bbox 2951 5209 3009 5253; x_wconf 88' lang='lat' dir='ltr'><strong>ut</strong></span> <span class='ocrx_word' id='word_1_836' title='bbox 3033 5201 3156 5268; x_wconf 90' lang='lat' dir='ltr'><strong>quia</strong></span> <span class='ocrx_word' id='word_1_837' title='bbox 3185 5201 3362 5256; x_wconf 79' lang='lat' dir='ltr'><strong>divina</strong></span> <span class='ocrx_word' id='word_1_838' title='bbox 3395 5218 3485 5256; x_wconf 86' lang='lat' dir='ltr'><strong>na-</strong></span> 
     </span>
    </p>
   </div>
   <div class='ocr_carea' id='block_1_115' title="bbox 1905 5290 3483 5361">
    <p class='ocr_par' dir='ltr' id='par_1_115' title="bbox 1905 5290 3483 5361">
     <span class='ocr_line' id='line_1_115' title="bbox 1905 5290 3483 5361; baseline 0.004 -19"><span class='ocrx_word' id='word_1_839' title='bbox 1905 5299 2025 5343; x_wconf 87' lang='lat' dir='ltr'><strong>tura</strong></span> <span class='ocrx_word' id='word_1_840' title='bbox 2059 5304 2165 5343; x_wconf 92' lang='lat' dir='ltr'><strong>nou</strong></span> <span class='ocrx_word' id='word_1_841' title='bbox 2196 5299 2279 5344; x_wconf 90' lang='lat' dir='ltr'><strong>est</strong></span> <span class='ocrx_word' id='word_1_842' title='bbox 2304 5290 2622 5360; x_wconf 81' lang='lat' dir='ltr'><strong>conspicua,</strong></span> <span class='ocrx_word' id='word_1_843' title='bbox 2659 5290 2712 5343; x_wconf 87' lang='lat' dir='ltr'><strong>id</strong></span> <span class='ocrx_word' id='word_1_844' title='bbox 2744 5293 2890 5361; x_wconf 91' lang='lat' dir='ltr'><strong>quod</strong></span> <span class='ocrx_word' id='word_1_845' title='bbox 2924 5291 3186 5354; x_wconf 90' lang='lat' dir='ltr'><strong>cernitur,</strong></span> <span class='ocrx_word' id='word_1_846' title='bbox 3230 5306 3483 5349; x_wconf 83' lang='lat' dir='ltr'><strong>creatura</strong></span> 
     </span>
    </p>
   </div>
   <div class='ocr_carea' id='block_1_116' title="bbox 1903 5385 3485 5454">
    <p class='ocr_par' dir='ltr' id='par_1_116' title="bbox 1903 5385 3485 5454">
     <span class='ocr_line' id='line_1_116' title="bbox 1903 5385 3485 5454; baseline 0.001 -13"><span class='ocrx_word' id='word_1_847' title='bbox 1903 5386 2114 5454; x_wconf 86' lang='lat' dir='ltr'><strong>potiore</strong></span> <span class='ocrx_word' id='word_1_848' title='bbox 2154 5385 2278 5454; x_wconf 88' lang='lat' dir='ltr'><strong>jure</strong></span> <span class='ocrx_word' id='word_1_849' title='bbox 2316 5386 2692 5441; x_wconf 89' lang='lat' dir='ltr'><strong>tantummodo</strong></span> <span class='ocrx_word' id='word_1_850' title='bbox 2723 5387 2826 5452; x_wconf 92' lang='lat' dir='ltr'><strong>sit,</strong></span> <span class='ocrx_word' id='word_1_851' title='bbox 2866 5386 3047 5440; x_wconf 85' lang='lat' dir='ltr'><strong>divina</strong></span> <span class='ocrx_word' id='word_1_852' title='bbox 3094 5387 3164 5441; x_wconf 89' lang='lat' dir='ltr'><strong>ibi</strong></span> <span class='ocrx_word' id='word_1_853' title='bbox 3196 5403 3301 5441; x_wconf 91' lang='lat' dir='ltr'><strong>non</strong></span> <span class='ocrx_word' id='word_1_854' title='bbox 3335 5390 3485 5443; x_wconf 81' lang='lat' dir='ltr'><strong>exsi-</strong></span> 
     </span>
    </p>
   </div>
   <div class='ocr_carea' id='block_1_117' title="bbox 1902 5464 3486 5549">
    <p class='ocr_par' dir='ltr' id='par_1_117' title="bbox 1902 5464 3486 5549">
     <span class='ocr_line' id='line_1_117' title="bbox 1902 5464 3486 5549; baseline 0.001 -15"><span class='ocrx_word' id='word_1_855' title='bbox 1902 5488 2079 5534; x_wconf 89' lang='lat' dir='ltr'><strong>slenle</strong></span> <span class='ocrx_word' id='word_1_856' title='bbox 2112 5487 2325 5533; x_wconf 87' lang='lat' dir='ltr'><strong>natura.</strong></span> <span class='ocrx_word' id='word_1_857' title='bbox 2353 5477 2473 5535; x_wconf 83' lang='lat' dir='ltr'><strong>Jant</strong></span> <span class='ocrx_word' id='word_1_858' title='bbox 2509 5494 2641 5533; x_wconf 88' lang='lat' dir='ltr'><strong>vero</strong></span> <span class='ocrx_word' id='word_1_859' title='bbox 2683 5489 2953 5549; x_wconf 87' lang='lat' dir='ltr'><strong>quatenus</strong></span> <span class='ocrx_word' id='word_1_860' title='bbox 2985 5464 3237 5549; x_wconf 71' lang='lat' dir='ltr'><strong>primitus</strong></span> <span class='ocrx_word' id='word_1_861' title='bbox 3285 5482 3352 5535; x_wconf 90' lang='lat' dir='ltr'><strong>ab</strong></span> <span class='ocrx_word' id='word_1_862' title='bbox 3388 5482 3486 5536; x_wconf 85' lang='lat' dir='ltr'><strong>ho-</strong></span> 
     </span>
    </p>
   </div>
   <div class='ocr_carea' id='block_1_118' title="bbox 1900 5567 3484 5642">
    <p class='ocr_par' dir='ltr' id='par_1_118' title="bbox 1900 5567 3484 5642">
     <span class='ocr_line' id='line_1_118' title="bbox 1900 5567 3484 5642; baseline 0.003 -17"><span class='ocrx_word' id='word_1_863' title='bbox 1900 5571 2141 5625; x_wconf 86' lang='lat' dir='ltr'><strong>minibus</strong></span> <span class='ocrx_word' id='word_1_864' title='bbox 2193 5580 2517 5640; x_wconf 79' lang='lat' dir='ltr'><strong>conSpectns</strong></span> <span class='ocrx_word' id='word_1_865' title='bbox 2560 5567 2700 5637; x_wconf 81' lang='lat' dir='ltr'><strong>fuit,</strong></span> <span class='ocrx_word' id='word_1_866' title='bbox 2758 5579 2988 5626; x_wconf 87' lang='lat' dir='ltr'><strong>eatenus</strong></span> <span class='ocrx_word' id='word_1_867' title='bbox 3053 5572 3217 5625; x_wconf 82' lang='lat' dir='ltr'><strong>etiam</strong></span> <span class='ocrx_word' id='word_1_868' title='bbox 3267 5572 3484 5642; x_wconf 82' lang='lat' dir='ltr'><strong>ﬁgurari</strong></span> 
     </span>
    </p>
   </div>
   <div class='ocr_carea' id='block_1_119' title="bbox 1903 5661 3485 5736">
    <p class='ocr_par' dir='ltr' id='par_1_119' title="bbox 1903 5661 3485 5736">
     <span class='ocr_line' id='line_1_119' title="bbox 1903 5661 3485 5736; baseline 0.004 -21"><span class='ocrx_word' id='word_1_869' title='bbox 1903 5661 2130 5731; x_wconf 74' lang='lat' dir='ltr'><strong>debuit;</strong></span> <span class='ocrx_word' id='word_1_870' title='bbox 2163 5677 2286 5714; x_wconf 87' lang='lat' dir='ltr'><strong>nam</strong></span> <span class='ocrx_word' id='word_1_871' title='bbox 2320 5663 2422 5716; x_wconf 90' lang='lat' dir='ltr'><strong>nisi</strong></span> <span class='ocrx_word' id='word_1_872' title='bbox 2464 5662 2590 5731; x_wconf 89' lang='lat' dir='ltr'><strong>quis</strong></span> <span class='ocrx_word' id='word_1_873' title='bbox 2632 5662 2851 5724; x_wconf 89' lang='lat' dir='ltr'><strong>viderit,</strong></span> <span class='ocrx_word' id='word_1_874' title='bbox 2880 5677 2949 5717; x_wconf 87' lang='lat' dir='ltr'><strong>ne</strong></span> <span class='ocrx_word' id='word_1_875' title='bbox 2992 5661 3218 5732; x_wconf 73' lang='lat' dir='ltr'><strong>figuram</strong></span> <span class='ocrx_word' id='word_1_876' title='bbox 3266 5668 3485 5736; x_wconf 83' lang='lat' dir='ltr'><strong>quidem</strong></span> 
     </span>
    </p>
   </div>
   <div class='ocr_carea' id='block_1_120' title="bbox 1901 5751 3484 5830">
    <p class='ocr_par' dir='ltr' id='par_1_120' title="bbox 1901 5751 3484 5830">
     <span class='ocr_line' id='line_1_120' title="bbox 1901 5751 3484 5830; baseline 0.003 -20"><span class='ocrx_word' id='word_1_877' title='bbox 1901 5751 2115 5810; x_wconf 58' lang='grc' dir='ltr'><strong>(αἱρέει.</strong></span> <span class='ocrx_word' id='word_1_878' title='bbox 2144 5752 2297 5820; x_wconf 85' lang='lat' dir='ltr'><strong>Quod</strong></span> <span class='ocrx_word' id='word_1_879' title='bbox 2330 5755 2376 5807; x_wconf 51' lang='lat' dir='ltr'><strong>si</strong></span> <span class='ocrx_word' id='word_1_880' title='bbox 2401 5752 2766 5809; x_wconf 84' lang='lat' dir='ltr'><strong>criminantur</strong></span> <span class='ocrx_word' id='word_1_881' title='bbox 2803 5753 2872 5809; x_wconf 87' lang='lat' dir='ltr'><strong>ob</strong></span> <span class='ocrx_word' id='word_1_882' title='bbox 2909 5754 3087 5809; x_wconf 85' lang='lat' dir='ltr'><strong>dictas</strong></span> <span class='ocrx_word' id='word_1_883' title='bbox 3119 5768 3314 5811; x_wconf 77' lang='lat' dir='ltr'><strong>Causas</strong></span> <span class='ocrx_word' id='word_1_884' title='bbox 3370 5757 3484 5830; x_wconf 75' lang='lat' dir='ltr'><strong>pic-</strong></span> 
     </span>
    </p>
   </div>
  </div>
