3978 6432
282 418 385 483 269

984 404 1617 477 ANTIRRHETICUS
1655 416 1685 476 Ι
1752 417 1925 482 ADV.
1959 418 2555 483 CONSTANTINUM
2592 422 2805 486 COPR.

3435 438 3544 505 Ξῖ.)

283 532 452 593 ἐσται,
480 526 541 581 et
570 527 892 597 προσεοικὸς
922 526 1116 598 ἐκείνῳ
1131 528 1233 582 οὐκ
1256 528 1468 599 ἔχουσι.
1488 531 1608 585 Τίνι
1631 531 1690 585 δὲ
1720 532 1855 603 λόγῳ

1967 534 2157 605 scripti
2188 550 2397 602 sumus,
2422 537 2565 593 nulla
2599 540 2747 596 salus
2786 542 3025 613 eveniet,
3051 548 3177 616 quia
3210 562 3460 609 naturam
3492 560 3540 613 ci

282 623 309 673 ό
344 620 735 691 καινοποιήσας
788 619 880 673 διὰ
934 618 1037 689 τῆς
1087 620 1426 691 σαρκώσεως
1475 623 1643 677 αὐτοῦ
1688 624 1860 692 Λόγος

281 715 376 784 τὴν
406 712 529 775 καθ’
556 715 710 785 ἡμᾶς
744 714 932 783 φύσιν,
963 713 1032 767 τὰ
1062 714 1300 783 μέγιστα
1327 715 1728 787 δεδωρημένος,
1760 718 1860 785 τήν

279 824 334 861 τε
359 806 667 864 ἀθανασίαν
699 808 794 861 καὶ
823 806 1138 875 ἀφθαρσίαν
1167 807 1334 875 λέγω,
1359 809 1453 862 καὶ
1480 809 1651 864 τᾶλλα
1686 810 1786 864 ὅσα
1823 813 1856 880 ἡ

277 900 382 954 τῶν
411 897 719 968 μελλόντων
751 899 910 962 ἐλπὶς
940 899 1076 969 ἡμῖν
1099 900 1440 965 ὑποτίθεται,
1470 901 1663 956 τούτου
1694 903 1858 974 μόνου

279 988 549 1059 φθονήσας
589 991 743 1059 ἡμᾶς
775 991 1190 1073 ἀπεστέρησενς
1224 991 1478 1071 Οὐδαμοῦ
1514 993 1624 1067 γὰρ
1655 995 1714 1047 ἐν
1741 998 1860 1058 ταῖς

272 1081 631 1150 ἐπαγγελίαις
693 1080 756 1135 τὸ
828 1083 1245 1153 ἁπερίγραπτον
1324 1086 1859 1157 μεμυσταγωγηκὼς

277 1174 673 1245 καθυπέσχετο.
732 1173 871 1229 Οὔτε
930 1175 1062 1246 παρ’
1107 1176 1244 1250 ἄλλῃ
1298 1179 1511 1250 Γραφῇ.
1553 1179 1587 1251 ἢ
1640 1179 1701 1234 sit
1749 1181 1857 1235 τῶν

277 1266 613 1340 ίερομυστῶν
672 1267 1056 1333 διδασκάλιον,
1130 1271 1526 1342 εἰσηγούμενον
1583 1273 1854 1342 φαίνεται.

276 1360 367 1415 Δεῖ
382 1359 505 1428 μὲν
529 1355 647 1415 οὖν
662 1360 728 1414 τὸ
752 1361 1026 1430 φθαρτὸν
1049 1365 1227 1418 τοῦτο
1244 1363 1619 1421 ἐνδύσασθαι
1635 1367 1858 1434 ἀφθαρ-

275 1452 433 1514 σίαν,
489 1450 590 1505 καί
627 1450 694 1505 τὸ
732 1452 956 1519 θνητὸν
1000 1455 1180 1509 τοῦτο
1212 1455 1591 1511 ἐνδύσασθαι
1631 1459 1855 1512 ἀθανα-

276 1544 435 1608 σίαν,
488 1543 626 1612 φησί
656 1560 760 1597 που
787 1545 815 1596 ὁ
844 1543 992 1608 θεῖος
1019 1545 1367 1611 ’Λπόστολος,
1405 1549 1505 1602 καὶ
1538 1550 1571 1602 ὅ
1596 1566 1649 1603 τι
1680 1551 1856 1605 σπει-

273 1651 425 1704 ρεται
447 1635 520 1688 ἐν
536 1635 758 1705 ἀτιμίᾳ,
772 1635 1063 1705 ἐγείρεται
1089 1639 1161 1693 ἐν
1183 1638 1356 1708 δόξῃ.
1378 1638 1451 1694 Τὸ
1477 1644 1856 1713 περιγραπτδν

276 1729 331 1783 δὲ
373 1725 535 1782 τοῦτο
601 1727 931 1782 ἐνδύσασθαι
986 1731 1420 1801 ἀπεριγραψίαν,
1488 1734 1702 1789 οὐδέπω
1762 1737 1856 1790 καὶ

283 1822 535 1892 σήμερον,
565 1818 690 1874 οὔτε
742 1823 895 1893 παρὰ
929 1822 1166 1890 Παύλου,
1203 1823 1330 1877 οὔτε
1359 1827 1490 1897 παρ’
1516 1827 1708 1898 ἑτέρου
1744 1829 1855 1880 τῶν

1963 624 2297 683 conlormem
2336 645 2441 684 non
2485 631 2768 689 habemus.
2800 632 2911 689 Cur
2955 651 3084 693 vero
3118 638 3351 697 Verbum
3382 661 3543 701 reno-

1962 728 2086 774 vata
2112 733 2212 789 per
2234 736 2386 776 suam
2417 723 2852 779 incarnationem
2881 738 3066 783 nostra
3111 742 3325 799 natura,
3368 739 3545 792 maxi-

1960 812 2065 867 mis
2087 813 2245 868 donis
2300 814 2615 887 impertitis,
2650 816 3059 876 immortalitate
3092 825 3345 882 videlicet
3368 840 3421 883 et
3458 832 3541 883 in-

1959 905 2330 973 corruptione,
2365 914 2419 960 et
2453 906 2576 961 aliis
2615 918 2880 979 quotquot
2920 912 3077 966 nobis
3113 911 3415 972 futurarum
3457 936 3544 974 re-

1960 1010 2080 1049 rum
2122 1011 2247 1066 spes
2286 998 2574 1067 proponit,
2614 999 2753 1055 hanc
2789 1018 2952 1058 unam
3002 1020 3114 1058 rem
3165 1011 3543 1067 tantummodo

1960 1084 2118 1141 nobis
2150 1087 2384 1144 invidit?
2427 1088 2712 1160 Nunquam
2744 1094 2885 1147 enim
2921 1095 3065 1151 inter
3109 1101 3378 1167 promissa
3420 1118 3540 1166 sua,

1961 1177 2086 1231 dum
2118 1179 2375 1248 doceret,
2410 1183 3035 1254 lncircumscriptionem
3072 1193 3394 1260 spopondit.
3430 1195 3541 1247 Nec

1959 1270 2016 1322 in
2048 1271 2171 1325 aliis
2200 1270 2502 1342 Scriptum
2533 1276 2663 1331 locis
2695 1279 2778 1332 vel
2809 1281 2999 1349 quavis
3032 1281 3418 1353 magistrorum
3452 1302 3539 1342 sa-

1958 1377 2178 1417 crorum
2232 1364 2609 1423 lucubratione
2658 1370 2861 1425 dictqu
2921 1372 3026 1427 hoc
3074 1388 3327 1445 apparet.
3400 1377 3538 1449 Erga

1960 1462 2162 1527 oportet
2187 1455 2396 1523 quidem
2421 1458 2769 1527 corruptibile
2805 1465 2902 1513 hoc
2926 1462 3147 1518 induere
3187 1467 3544 1537 incorruptio-

1958 1555 2098 1605 nem,
2125 1550 2176 1595 et
2208 1544 2432 1597 mortale
2450 1545 2548 1598 hoc
2576 1546 2798 1600 induere
2827 1550 3299 1620 immortalitatem,
3330 1555 3404 1607 ait
3444 1556 3544 1608 ali-

1958 1634 2084 1687 cubi
2118 1635 2275 1690 divus
2300 1636 2498 1693 Paulus
2534 1638 2614 1704 ";
2643 1650 2697 1693 et
2725 1659 2738 1694 :
2778 1642 3159 1697 Sentinaturiu
3189 1646 3540 1715 ignobiiitate,

1957 1726 2129 1795 surgit
2163 1727 2217 1781 in
2265 1728 2438 1799 gloria
2465 1731 2532 1785 ".
2571 1729 2676 1787 Sed
2707 1742 2885 1788 tamen
2919 1737 3393 1809 circumscriptum
3436 1742 3541 1796 hoc

1958 1816 2184 1873 induere
2218 1819 2865 1893 incircumscriptionetn,
2898 1828 3134 1882 nondum
3169 1847 3343 1900 neque
3374 1848 3537 1893 nunc.

284 1918 371 1985 τῆς
417 1914 750 1983 Ἑκκλησίας
792 1916 1178 1985 μυσταγωγῶν
1230 1930 1314 1981 τις
1355 1918 1582 1988 ἀκήκοε.
1638 1918 1749 1991 Τὴν
1795 1919 1852 1973 δὲ

1961 1924 2137 1979 neque
2159 1926 2186 1964 a
2216 1910 2404 1976 Paulo,
2432 1927 2607 1983 neque
2636 1916 2704 1970 ab
2735 1916 2841 1972 alio
2871 1934 2934 1972 ex
2967 1919 3222 1976 Ecclesia:
3263 1923 3540 1993 magistris

290 2006 473 2077 πολλὴν
522 2008 726 2078 λέσχην
775 2009 1219 2081 περιιστάμενοι,
1273 2011 1331 2063 ἓν
1385 2011 1550 2065 τοῦτο
1582 2012 1848 2082 φήσομεν·

291 2100 405 2155 αὐτὸ
429 2100 487 2154 ἐδ
514 2102 780 2155 ὲνοικῖσαι
809 2099 1145 2172 ίὲνοικῆσαι]
1166 2103 1225 2154 ὲν
1247 2103 1312 2172 τῇ
1337 2102 1639 2173 παρθενικῇ
1669 2105 1853 2175 μήτρᾳ

295 2193 376 2245 τὸν
417 2192 672 2261 Χριστὸν,
719 2193 767 2245 εί
801 2192 876 2263 μὴ
916 2194 1364 2264 περιγεγράφθω
1422 2195 1750 2266 σωματικῶς
1794 2197 1852 2248 ὲν

297 2286 417 2356 αὐτῇ
442 2284 681 2347 δέξαιντο
707 2284 783 2348 ὡς
813 2284 873 2338 τὸ
900 2285 1000 2356 τῆς
1031 2286 1289 2356 ἀληθείας
1322 2286 1687 2355 ὲναστράπτει
1711 2286 1849 2357 φῶς,

292 2378 341 2429 τί
360 2376 419 2429 ἂν
448 2375 636 2446 ἕτερον
666 2377 899 2441 εἴποιεν,
929 2376 961 2448 ἧ
999 2377 1062 2429 τὸ
1090 2378 1148 2430 ὲν
1182 2380 1499 2448 περιγραφῇ
1531 2376 1624 2429 τὸν
1653 2378 1851 2448 ἀπερί-

287 2485 511 2538 γραπτον
550 2468 765 2524 οἴεσθαι.
800 2470 1015 2537 Λόγονζ
1051 2468 1224 2523 Τοῦτο
1245 2469 1302 2523 δὲ
1340 2470 1499 2534 ποίας
1530 2470 1852 2536 δυσσεϐείας

281 2559 371 2614 καὶ
425 2559 622 2624 ἁθεῖας
669 2560 981 2633 ὑπερϐολὴν
1034 2561 1396 2627 καταλείπεις
1455 2562 1693 2632 Ἀνάγκη
1743 2563 1852 2631 γὰρ

276 2650 413 2705 δυοῖν
462 2652 739 2722 θάτερον,
787 2653 823 2723 ἢ
898 2653 1298 2726 μετεσχηκέναι
1349 2655 1500 2725 παρὰ
1535 2656 1634 2726 τῆς
1692 2657 1853 2725 ἁγίας

274 2744 555 2815 Παρθένου
588 2746 972 2816 περιγράπτου
998 2746 1272 2818 σώματος,
1306 2747 1339 2819 ἢ
1373 2749 1589 2812 πάντως
1617 2766 1681 2817 γε
1712 2751 1852 2805 κατὰ

275 2837 391 2901 τοὺς
418 2837 609 2908 πάντη
627 2837 1599 2911 διεστραμμένους,ἀντιστραφείσης
1615 2844 1713 2912 τῆς
1744 2843 1851 2897 τῶν

273 2930 639 3004 πραγμάτων.
671 2931 932 3001 σχέσεως,
969 2933 1290 2987 ἀντιδιδόναι
1336 2933 1398 2986 τὸ
1439 2936 1854 3006 ἁπερίγραπτον

271 3027 401 3097 αὐτῇ
421 3044 435 3057 ο
469 3025 541 3079 ἓν
578 3027 687 3099 γάρ
715 3044 768 3081 τι
798 3028 1011 3082 τούτων
1039 3030 1070 3099 ἡ
1103 3029 1296 3097 ἕνωσις
1322 3031 1415 3084 καὶ
1456 3033 1489 3102 ἠ
1523 3032 1644 3086 κατ’
1682 3030 1853 3104 αὐτὴν

268 3119 357 3173 τοῦ
403 3121 594 3189 Λόγου
632 3120 912 3191 ἐνοίκησις
954 3121 1354 3194 ἀπειργάσατο,
1400 3124 1561 3177 Ἀλλὰ
1617 3126 1725 3197 μὴν
1756 3143 1853 3179 πε-

268 3211 560 3281 ριγραπτὴ
596 3213 631 3281 ἡ
660 3211 958 3283 Παρθένος,
987 3215 1081 3267 καὶ
1109 3214 1171 3269 τὸ
1195 3215 1290 3268 τοῦ
1325 3215 1532 3286 Κυρίου
1561 3216 1670 3288 ἄρα
1693 3217 1853 3287 σῶμα
1880 3258 1920 3316 C

268 3316 505 3377 περιγρα
515 3306 673 3369 πτὸν,
695 3304 772 3370 ὡς
791 3306 857 3359 ὲκ
878 3308 1262 3378 περιγραπτοῢ
1286 3308 1549 3377 προελθὸν
1580 3310 1851 3381 σώματος.

330 3584 394 3639 Εἰ
414 3582 537 3655 γὰρ
561 3582 716 3638 οὐδὲν
747 3582 956 3638 τούτων
984 3584 1144 3649 δοῖεν,
1162 3577 1462 3654 ὲκφῦγοιεν
1477 3585 1535 3639 δὲ
1564 3586 1634 3640 τὰ
1653 3586 1851 3654 ἄτοπα,

265 3672 588 3746 λελείψεται
618 3676 816 3739 αὐτοὺς
846 3677 1185 3749 ἀτοπωτέρῳ
1221 3680 1546 3747 περιπεσεῖν
1574 3679 1851 3748 πτώματι.

264 3764 388 3833 τοῖς
420 3768 778 3832 διδασκάλοις
827 3768 937 3839 γὰρ
967 3769 1067 3838 τῆς
1096 3768 1502 3838 παλαιωθεέσης
1549 3771 1853 3837 φαντασίας

267 3859 556 3917 κάνταῦθα
586 3859 870 3929 ἑπόμενοι,
905 3858 1099 3929 ὥσπερ
1126 3859 1214 3913 διὰ
1245 3858 1488 3928 σωλῆνος
1519 3861 1619 3929 τῆς
1641 3859 1855 3929 Παρθέ-

266 3967 357 4005 νου
405 3948 633 4007 mea
678 3950 1128 4019 σαρκοφοροῠντα
1177 3949 1379 4019 διῖχθαι
1411 3949 1502 4004 τὸν
1534 3949 1730 4016 Λόγον,
1766 3949 1855 4002 ἵνα

270 4042 342 4113 μὴ
395 4042 442 4096 δ’
476 4042 756 4112 ὁπότερον
801 4040 1036 4109 θατέρου
1102 4041 1385 4111 μετάσχοι.
1438 4041 1852 4113 δογματίσουσι.

265 4135 634 4205 Δικαιότερον
656 4131 705 4187 δ’
732 4131 799 4188 ἂν
827 4134 940 4191 τοῖς
979 4132 1333 4204 κατακρίτοις
1373 4133 1852 4206 συναριθμηθεῖεν,

265 4231 376 4289 τοῖς
409 4226 579 4298 παρὰ
606 4224 718 4278 τῶν
763 4224 936 4293 ἁγίων
966 4227 1218 4297 φρικτοῖς
1264 4224 1572 4295 ἀναθέμασι
1611 4227 1856 4281 καθυπο-

265 4315 615 4389 6αλλόμενοι.
650 4315 837 4369 Ταῦτα
862 4312 978 4386 μὲν
1005 4316 1383 4378 ἐκϐασανίζων
1413 4316 1605 4389 ὥσπερ
1640 4320 1670 4368 ό
1698 4318 1856 4383 λόγος

264 4408 409 4463 οὕτω
483 4408 769 4471 διέξεισιν.
843 4407 900 4461 '0
949 4407 1145 4478 γάρτοι
1226 4407 1686 4479 θεολογικώτατος
1761 4410 1855 4462 καὶ

264 4499 759 4571 ὣγματικιῦτατος
827 4498 1040 4569 οὐδαμῆ
1131 4499 1320 4567 σαφῶς
1396 4499 1850 4573 διευιιιρινήσατο⁹

1959 2002 2245 2071 quisquam
2270 2004 2495 2059 audivit.
2529 2004 2647 2060 1am
2684 2022 2811 2063 vero
2839 2010 3102 2079 prolixam
3152 2012 3538 2083 loquacitatem

1959 2105 2235 2161 caventes,
2269 2111 2432 2150 unum
2463 2097 2565 2151 hoc
2590 2099 2836 2155 dicemus
2870 2119 2882 2153 :
2910 2102 3081 2172 ipsam
3118 2119 3310 2174 nempe
3333 2105 3536 2161 Christi

1960 2183 2012 2237 in
2039 2185 2288 2254 virginali
2326 2196 2483 2242 utero
2513 2190 2934 2255 habitationem,
2985 2194 3086 2249 nisi
3121 2209 3245 2249 eum
3281 2212 3540 2266 corpora-

1958 2275 2083 2329 liter
2097 2276 2702 2349 circumscriptumisti
2738 2284 3065 2349 concedant,
3100 2300 3198 2339 ceu
3229 2301 3419 2355 reapse
3443 2304 3537 2342 ve-

1960 2369 2140 2425 ritatis
2168 2368 2350 2425 lumen
2376 2373 2662 2442 splendide
2687 2377 2945 2444 ostendit,
2974 2379 3100 2446 quid
3130 2379 3276 2433 aliud
3301 2395 3421 2435 esse
3451 2382 3537 2435 di-

1960 2448 2105 2528 cent,
2143 2464 2248 2517 nisi
2283 2463 2519 2519 Verbum
2558 2467 3088 2538 incircumscriptum
3125 2473 3539 2544 circumscripto

1960 2553 2160 2609 inloco
2192 2563 2245 2608 ut
2280 2564 2471 2625 putant
2510 2557 2680 2613 fuisse
2710 2562 3064 2615 contentum?
3109 2560 3164 2616 Id
3207 2575 3389 2618 autem
3443 2566 3537 2636 qui

1961 2645 2078 2702 ﬁeri
2108 2657 2289 2718 potest
2321 2659 2379 2703 ιιι
2418 2648 2447 2703 s
2492 2666 2705 2706 summa
2739 2652 3017 2723 impietate
3069 2666 3233 2726 atque
3266 2658 3540 2713 atheistno

1958 2743 2136 2798 absit?
2157 2742 2294 2799 Nam
2325 2747 2394 2801 de
2421 2747 2628 2801 duobus
2659 2747 2982 2804 alterutrum
3027 2766 3252 2806 necesse
3301 2762 3419 2808 est:
3451 2753 3538 2806 vel

1958 2851 2152 2906 nempe
2182 2837 2473 2891 Ver-burna
2529 2848 2715 2893 sancta
2778 2839 3000 2911 Virgine
3062 2842 3538 2914 circumscriptum

1958 2942 2156 2997 corpus
2207 2931 2522 2999 accepisse;
2557 2932 2641 2985 vel
2677 2932 2904 2987 omnino
2951 2935 3249 2989 secundum
3286 2935 3386 2991 hos
3414 2953 3540 3006 per-

1960 3021 2342 3085 versissimos,
2376 3037 2637 3077 conversa
2669 3038 2849 3078 rerum
2901 3024 3182 3092 relatione,
3239 3027 3537 3084 incircum-

1964 3113 2319 3183 scriptionem
2370 3112 2575 3183 Virgini
2611 3116 2932 3172 attribuerc.
2966 3114 3166 3172 Horum
3199 3120 3343 3174 enim
3375 3122 3539 3177 alter-

1968 3215 2150 3258 utrum
2204 3205 2337 3259 unio
2376 3204 2557 3261 eﬂ‘ecit
2601 3215 2655 3261 et
2702 3204 2864 3261 Verbi
2902 3206 2957 3261 in
2994 3207 3215 3280 Virgine
3250 3212 3535 3267 habitatio.

1960 3296 2064 3349 Sed
2097 3311 2285 3350 revera
2313 3298 2729 3365 circumscripta
2757 3297 2921 3370 Virgo
2955 3298 3076 3365 iuit,
3121 3310 3176 3355 et
3221 3301 3434 3358 Domini
3461 3306 3537 3361 si-

1958 3388 2069 3441 mul
2102 3403 2298 3458 corpus
2323 3389 2836 3459 circumscriptum,
2869 3392 3070 3463 quippe
3101 3394 3244 3463 quod
3306 3396 3373 3449 de
3425 3397 3535 3451 cir-

1957 3478 2291 3547 cumscripto
2324 3492 2557 3547 corpore
2606 3480 2893 3546 processit.
2980 3510 2985 3513 λ

2026 3567 2162 3622 Nam
2202 3570 2249 3624 si
2294 3579 2548 3625 neutrum
2609 3572 2799 3625 horum
2831 3572 3226 3638 concesserint,
3266 3576 3536 3645 simulque

1957 3662 2195 3717 absurda
2225 3662 2401 3718 vitare
2434 3663 2622 3728 velint,
2663 3675 2911 3732 superest
2943 3674 2997 3717 ut
3029 3665 3128 3734 ipsi
3161 3666 3347 3738 pejora
3383 3668 3533 3740 lapsu

1960 3763 2138 3808 ruant.
2205 3752 2420 3809 Etenim
2474 3755 2631 3810 vieta:
2692 3757 2991 3825 phantasite
3048 3759 3339 3827 magistros
3392 3777 3535 3817 nunc

1958 3847 2121 3903 etiam
2176 3857 2473 3910 sectantes,
2506 3862 2605 3917 per
2630 3847 2933 3919 Virginem,
2959 3862 3077 3919 qua:
3110 3850 3304 3905 ﬁstula!
3358 3853 3536 3910 instar

1959 3937 2145 4003 fuerit,
2174 3939 2413 3993 Verbum
2433 3939 2505 3994 de
2525 3939 2666 3994 coelo
2696 3954 2920 3992 carnem
2943 3956 3095 3993 suam
3120 3942 3376 3997 detulisse
3402 3945 3534 4015 dog-

1959 4027 2331 4097 tnatizabuut;
2374 4031 2448 4084 ita
2481 4040 2538 4084 ιιι
2572 4031 2710 4085 alter
2736 4030 2962 4085 alterius
2991 4031 3208 4102 (nempe
3248 4034 3391 4089 illius
3420 4052 3537 4090 tua-

1958 4121 2081 4191 tris)
2126 4137 2233 4177 non
2274 4123 2345 4176 sit
2397 4123 2692 4194 particeps.
2725 4120 2834 4194 42
2867 4123 3026 4193 Atqui
3060 4127 3264 4193 aequius
3306 4135 3388 4179 est
3419 4143 3536 4180 ma-

1957 4214 2184 4270 ledictos
2211 4215 2310 4268 hos
2335 4215 2716 4269 connumerari
2744 4229 2864 4269 cum
2905 4217 2999 4279 iis,
3025 4231 3164 4286 quos
3205 4218 3380 4272 sancti
3431 4219 3535 4273 viri

1958 4308 2245 4364 horrendis
2274 4307 2713 4363 anathematibus
2756 4317 3181 4377 supposuerunt.
3224 4307 3398 4363 Porro
3434 4326 3539 4362 no.

1957 4411 2069 4456 stra
2100 4400 2279 4456 oratio
2322 4400 2421 4455 hos
2453 4400 2615 4457 veluti
2654 4399 2887 4453 fidiculis
2934 4414 3167 4470 urgens.
3220 4400 3292 4454 ita
3343 4401 3529 4456 dicere

1956 4492 2152 4563 pergit.
2179 4489 2381 4559 Nempe
2411 4505 2658 4545 summus
2693 4491 2780 4544 hic
2806 4490 3085 4560 theologus
3117 4506 3179 4545 ac
3207 4492 3539 4562 dogmatista

266 4591 479 4660 πηνίκα
530 4591 633 4645 καὶ
675 4589 806 4644 πότε
844 4591 1133 4661 χαρίζεται
1162 4592 1228 4661 τῇ
1263 4592 1429 4663 σαρκὶ
1456 4592 1517 4645 τὸ
1546 4593 1855 4663 ἀπερίγρα-

1961 4597 2223 4652 nusquam
2252 4582 2401 4638 clare
2419 4580 2697 4646 discernit,
2728 4582 3071 4650 cruatidonam
3098 4583 3245 4637 carni
3275 4585 3539 4651 largiatur

266 4699 422 4746 κτον,
459 4681 577 4753 πρὸ
603 4679 710 4751 τῆς
738 4680 987 4742 tubam;
1017 4678 1126 4754 ἆρα
1156 4684 1253 4752 τῆς
1290 4683 1426 4753 πρὸς
1459 4684 1551 4738 τὸν
1591 4684 1785 4751 Λόγον,
1825 4682 1858 4753 ἢ

270 4773 408 4843 μετᾶ
433 4775 541 4844 τὴν
558 4771 790 4839 ῐνωσινς
823 4772 1111 4845 Ἀλλὰπρὸ
1133 4774 1233 4844 μὲν
1255 4774 1355 4843 τῆς
1385 4772 1654 4837 ἑνώσεως,
1677 4774 1777 4827 οὐκ
1794 4772 1860 4825 ἂν

263 4865 343 4928 είς
371 4863 673 4927 τοσοῦτον,
696 4858 885 4934 οἶμαι,
907 4865 1212 4941 παρανοίας
1240 4864 1596 4937 ὲξολισθήσας
1622 4865 1824 4935 ἔφησεν
1842 4879 1858 4895 ·

264 4954 298 5024 ἢ
327 4954 444 5027 γὰρ
497 4953 572 5008 ἂν
600 4952 711 5011 οὐδ’
759 4954 1086 5024 ἀνειλῆφθαι
1117 4955 1180 5009 τὸ
1211 4956 1474 5025 παράπαν
1500 4955 1825 5029 ὡμολόγησε
1843 4970 1857 4984 ·

264 5044 324 5101 νδ
367 5046 486 5116 γὰρ
515 5044 963 5117 ἀπερίγραπτον,
1007 5046 1127 5101 οὐδὲ
1176 5047 1486 5118 ἄνθρωπος,
1526 5047 1661 5103 ἀλλὰ
1705 5047 1855 5108 Θεός.

266 5136 387 5191 Οὐδ’
413 5136 663 5208 ἄγγελος
689 5136 830 5207 τάχα
851 5135 997 5191 εἴποι
1018 5153 1102 5201 τις
1126 5136 1206 5208 τῷ
1225 5154 1289 5207 γε
1304 5137 1686 5209 κατειλῆφθαι.
1719 5138 1860 5192 Ἀλλ’

264 5226 344 5282 Gtt
381 5227 487 5299 μὲν
508 5227 773 5297 ἀγγέλων
795 5229 893 5281 οὐκ
918 5229 1181 5298 ἀνείληφε
1211 5227 1395 5299 φύσιν,
1425 5229 1453 5281 ὁ
1478 5228 1689 5293 Παῦλος
1714 5229 1863 5298 αὐτῷ

266 5319 524 5375 ὲκὸοάτω
564 5318 970 5389 μεγαλοφώνως
1033 5320 1244 5399 λέγων·
1309 5322 1393 5373 Οὐ
1453 5321 1565 5388 γὰρ
1607 5318 1683 5386 δή
1744 5336 1863 5374 που

267 5409 552 5481 ἀγγέλων
562 5410 1047 5482 ἐπιλαμϐάνεται,
1060 5404 1222 5467 ἀλλὰ
1239 5410 1584 5479 σπέρματος
1608 5411 1863 5478 Ἀϐραὰμ

265 5500 767 5573 ἁπιλαμϐἁνεται.
801 5503 1243 5576 Ἀπερίγραπτον
1268 5503 1323 5557 δὲ
1347 5504 1528 5569 λέγειν
1550 5502 1611 5555 τὸ
1631 5504 1855 5572 σπέρμα

268 5595 359 5650 τοῦ
396 5596 683 5668 Ἀϐραὰμ,
712 5596 809 5665 τῆς
838 5596 1051 5650 ἐκείνου
1081 5596 1274 5662 σοφίας
1296 5598 1472 5649 εἰπεῖν
1492 5611 1507 5625 ο
1546 5592 1857 5679 οὖδεὶςέγὰρ

269 5686 410 5741 οὕτω
434 5686 729 5757 κτηνώδης
751 5690 843 5741 καὶ
872 5688 1222 5752 ἀνούστατος,
1256 5689 1405 5749 ὅστις
1434 5685 1587 5755 αὐτῷ
1612 5684 1690 5754 τῷ
1712 5685 1859 5754 λόγῳ

338 5841 383 5876 ⁸³
423 5841 442 5897 1
479 5843 617 5898 Cor.
651 5858 738 5909 sv,
776 5843 866 5898 55.
940 5844 985 5875 ¹⁹
1027 5843 1155 5897 ibid.
1201 5844 1290 5897 43.
1370 5843 1414 5874 ³ο
1462 5841 1625 5898 Hebr.
1672 5857 1730 5907 tt,
1765 5839 1850 5895 ιϐ.

1958 4674 2612 4746 incircumscriptionem;
2664 4688 2790 4727 num
2837 4684 2965 4732 ante
3018 4675 3134 4744 ejus
3197 4689 3320 4730 cum
3366 4674 3540 4731 Verbo

1957 4769 2243 4833 unionem,
2269 4783 2337 4821 an
2374 4775 2583 4838 postea.
2633 4765 2742 4822 Sed
2795 4775 2920 4820 ante
2962 4766 3200 4837 quidem
3260 4756 3539 4833 unionezn‘,

1958 4864 2232 4915 neminem
2274 4863 2411 4917 adeo
2460 4860 2714 4915 stolidum
2764 4858 3055 4929 foreputo
3102 4861 3196 4931 qui
3236 4861 3378 4915 dicat
3411 4878 3422 4915 :
3454 4878 3542 4917 se-

1958 4967 2057 5008 cus
2102 4967 2177 5007 ne
2212 4952 2579 5021 assumpsisse
2603 4952 2820 5020 quidem
2868 4965 3087 5005 carnem
3145 4954 3487 5019 prolite'bitur
3524 4972 3536 5005 :

1962 5059 2086 5097 nam
2138 5058 2228 5097 res
2276 5043 2753 5113 incircumscripta
2796 5043 2958 5098 homo
2980 5059 3085 5098 non
3113 5051 3218 5108 est,
3252 5044 3347 5099 sed
3379 5046 3536 5097 Dens.

1961 5133 2146 5203 Neque
2184 5134 2482 5205 angelicam
2516 5133 2746 5188 fortasse
2767 5132 2994 5187 fortnam
3013 5140 3344 5200 assimtptam
3372 5135 3541 5188 fuis’su

1962 5230 2251 5297 quisquam
2275 5228 2441 5281 dicet.
2493 5224 2627 5281 Nam
2655 5225 2797 5295 quod
2829 5225 3062 5280 Verbum
3093 5225 3409 5294 angelorum
3440 5242 3539 5277 na-

1964 5330 2140 5373 turatn
2176 5320 2314 5372 haud
2337 5320 2449 5374 sibi
2479 5320 2753 5387 asciverit,
2787 5315 2989 5374 Paulus
3029 5322 3220 5389 magna
3250 5333 3381 5375 voce
3434 5320 3542 5372 cla-

1965 5427 2121 5466 mans
2175 5411 2355 5466 dicit:
2402 5407 2529 5464 Non
2569 5409 2707 5463 enim
2745 5409 2959 5478 angrios
3021 5409 3403 5479 apprehendit,
3451 5414 3541 5464 sed

1962 5500 2188 5554 Abrahae
2207 5516 2383 5555 semen
2420 5500 2759 5565 apprehendit
2790 5497 2857 5551 ³⁸.
2905 5499 3097 5553 Dicere
3150 5512 3329 5553 autem
3372 5502 3541 5554 incir-

1965 5594 2360 5661 cntttscriptttm
2413 5593 2643 5645 Alrt‘ulia!
2698 5606 2906 5651 semen.
2959 5589 3221 5645 Mantuam
3278 5594 3543 5660 sapientis

1967 5682 2195 5735 alliciant
2223 5692 2305 5736 est
2344 5698 2357 5732 :
2385 5696 2545 5735 nemo
2578 5693 2756 5736 tamen
2790 5682 2925 5735 adeo
2952 5682 3220 5737 bellulnus
3249 5697 3545 5752 amensque

2050 5804 2081 5821 Ι
