3978 6448
474 395 564 457 ΤΞΤ
577 393 592 456 l

1416 433 1423 436 --
1498 397 1581 456 ~S.
1623 396 2045 458 NICEPHORI
2083 396 2591 458 PATRIARCH/E
2629 398 2738 457 CP.

3647 395 3754 471 Ἕῗὲ

491 515 616 574 erit,
666 517 724 563 ut
773 524 894 565 cum
948 508 1169 579 proprio
1201 509 1462 582 suffragio
1490 513 1666 581 iuvet.
1710 513 1948 570 Necesse
1988 523 2074 568 est

2192 515 2525 587 πυνθήσοιτο.
2589 516 2831 586 Ἀνάγκη
2860 515 2954 571 οὖν
2997 516 3172 588 αὐτῷ,
3217 519 3309 572 ὅτε
3367 517 3397 570 ὁ
3440 519 3606 588 Λόγος
3635 524 3755 595 σὰρξ

492 603 530 653 it
551 616 674 670 ique
702 609 760 653 ut
789 599 1092 665 Matnonas,
1125 608 1255 654 tunc
1285 616 1407 656 cum
1443 599 1677 658 Verbum
1707 618 1838 658 caro
1873 603 2075 659 factum

489 705 572 750 est
609 709 662 750 et
704 695 966 750 habitarit
999 695 1052 750 itt
1105 697 1300 764 nobis,
1337 696 1452 750 sive
1484 706 1608 766 post
1647 697 1905 752 unionem
1955 712 2079 766 per-

492 795 693 850 actam,
717 786 1347 858 incircumscriptionem
1373 789 1528 842 carni
1565 788 1824 843 ascribat.
1860 787 1952 843 Sic
1980 804 2078 842 au-

492 890 600 934 tem
641 889 697 933 et
720 879 1240 950 impassibilitatem,
1275 889 1327 934 et
1360 880 1868 950 intangibilitatem,
1895 890 1949 934 et
1997 881 2078 934 in-

491 972 884 1038 visibilitatem,
924 981 977 1027 et
999 973 1042 1025 si
1077 971 1205 1042 quid
1233 971 1380 1026 aliud
1428 972 1745 1042 huiusmodi
1781 983 1888 1034 est,
1923 973 2078 1026 unio-

493 1065 581 1118 nis
609 1062 884 1133 Verbique
911 1077 1097 1128 causa,
1130 1064 1280 1118 carni
1310 1063 1576 1119 attribuat
1601 1081 1615 1118 :
1641 1081 1760 1134 quae
1791 1065 1934 1120 illico
1958 1073 2081 1132 post

492 1157 744 1214 unionem
777 1157 990 1226 negabit
1021 1171 1078 1211 se
1113 1156 1455 1226 passibilem,
1506 1156 1803 1222 visibilem,
1845 1157 2080 1227 tangibi-

378 1299 401 1310 ,
493 1249 621 1316 lem,
659 1257 713 1304 et
761 1259 960 1305 caetera
1005 1249 1205 1319 quibus
1246 1251 1427 1305 carnis
1461 1259 1654 1304 natura
1705 1251 2025 1320 agnoscitur
2061 1269 2074 1304 :

489 1341 719 1411 eritque,
751 1340 817 1395 tle
839 1340 1010 1394 nostri
1042 1340 1283 1395 auctoris
1313 1342 1606 1404 sententia.
1659 1341 1802 1396 idem
1845 1343 2081 1395 cireum-

489 1435 751 1504 scriptum
783 1442 839 1488 et
869 1433 1427 1502 incircumscriptum,
1463 1433 1724 1504 possibile
1745 1444 1800 1488 et
1831 1433 2082 1503 impassi.

474 1526 617 1590 “bile,
651 1524 909 1596 tangibile
932 1533 988 1579 et
1017 1524 1360 1595 intangibile,
1393 1536 1449 1580 et
1493 1534 1687 1581 caetera
1711 1525 1966 1596 quaelibet
2002 1525 2082 1578 itt-

495 1628 577 1670 ter
599 1631 658 1671 se
687 1617 955 1685 opposita.
990 1616 1169 1684 Atque
1199 1616 1302 1670 alia
1334 1616 1554 1686 quidem
1592 1617 1854 1672 attributa
1891 1631 1987 1686 per
2026 1632 2084 1672 se

477 1709 608 1773 ipsa
635 1707 937 1761 subsistent
971 1708 1136 1762 etiam
1179 1715 1305 1761 ante
1341 1708 1620 1771 unionem,
1657 1708 1762 1761 alia
1808 1719 1936 1762 vero
1989 1722 2084 1777 per

493 1799 637 1852 aliud
674 1800 836 1853 etiam
871 1807 993 1867 post
1031 1800 1284 1852 unionem
1315 1816 1327 1850 :
1373 1799 1624 1868 idemque
1663 1798 1822 1853 sitnn-l
1852 1799 1980 1861 erit,
2031 1808 2084 1852 et

2180 608 2402 678 ἐγένετο
2432 610 2529 664 καὶ
2559 609 2879 680 ἐσκήνωσεν
2909 611 2968 662 ὲν
3008 612 3163 680 ἡμῖν,
3194 611 3323 682 ἦτοι
3358 610 3500 682 μετά
3521 612 3616 681 τὴν
3636 615 3752 669 ἕνω-

2181 715 2295 761 σιν,
2325 696 2386 750 τὸ
2406 697 2832 768 ἁπερίγραπτον
2854 700 2920 769 τῇ
2947 700 3119 770 σαρκὶ
3146 699 3504 770 ἐπιγράφειν.
3532 700 3686 757 ὀὕτω
3708 703 3755 759 δι

2182 789 2366 842 καὶτὸ
2409 789 2649 852 ἀπαθὲς,
2693 790 2909 858 ἀναφές
2953 807 3014 843 τε
3052 790 3149 844 καί⁵
3185 791 3448 864 ἀόρατον,
3507 794 3599 846 καὶ
3643 795 3692 848 εί
3711 814 3756 850 τι

2179 880 2446 946 τοιοῦτον,
2479 882 2570 936 διά
2599 883 2699 953 τὴν
2726 882 2926 936 ἕνωσιν
2954 883 3054 938 καὶ
3085 884 3180 937 τὸν
3206 886 3373 938 αὑτὸν
3387 882 3576 954 Λόγον,
3609 905 3756 960 προσ-

2181 971 2397 1043 ένειμεν
2425 974 2491 1028 ἂν
2541 974 2762 1038 πάντως
2791 976 2930 1047 αὐτῇ
2974 976 3266 1049 ἠρνημένῃ
3303 978 3470 1039 εΰθῦς
3514 980 3648 1048 με’τά
3677 981 3758 1052 τὴν

2181 1063 2374 1117 ἕνωσιν
2403 1066 2467 1118 τὸ
2517 1066 2765 1136 παθητὸν
2809 1067 2907 1120 καί¹
2951 1069 3146 1141 ὁρατὸν
3207 1070 3304 1123 καὶ
3363 1070 3538 1122 ἁπτὸν
3570 1071 3660 1124 καὶ
3701 1073 3758 1126 τὰ

2182 1155 2370 1222 λοιπὰ,
2410 1152 2493 1221 οἷς
2518 1158 2580 1211 τὸ
2601 1156 2743 1211 εἰναι
2774 1159 2912 1232 σάρξ
2941 1160 3294 1231 γνωρίζεται.
3326 1163 3438 1215 Καὶ
3471 1161 3620 1216 ἔσται
3652 1163 3756 1217 κατ’

2184 1246 2350 1302 αὑτὸν
2385 1249 2447 1302 τὸ
2473 1249 2609 1303 αὐτὸ
2643 1251 2740 1304 καί¹
2803 1253 3185 1324 περιγραπτὸν
3211 1255 3307 1307 καὶ
3336 1254 3754 1326 ἀπερίγραπτον,

2186 1342 2283 1394 καὶ
2311 1340 2557 1412 παθητὸν
2588 1343 2684 1396 καὶ
2713 1344 2948 1409 ἀπαθὲς,
2975 1346 3148 1399 ἁπτόν
3189 1363 3248 1398 τε
3293 1347 3390 1398 καὶ
3427 1348 3648 1416 ἀναφὲς,
3680 1351 3757 1401 καὶ

2182 1434 2353 1489 τᾶλλα
2386 1434 2562 1487 ὁπόσα
2592 1435 2657 1488 ἂν
2729 1437 3111 1507 ἀντικείμενα.
3138 1440 3249 1492 Καὶ
3276 1438 3345 1492 τὰ
3373 1439 3474 1508 μὲν
3497 1439 3562 1491 δι’
3592 1441 3755 1504 ἑαυτὰ,

2185 1525 2279 1579 καὶ
2308 1525 2413 1596 πρὸ
2444 1526 2544 1596 τῆς
2575 1527 2828 1590 ἑνώσεως
2848 1544 2862 1558 ο
2890 1528 2960 1581 τὰ
3000 1529 3056 1581 δὲ
3085 1529 3153 1581 δι’
3181 1530 3371 1602 ἕτερα,
3403 1531 3498 1584 καὶ
3530 1534 3660 1600 μετὰ
3678 1533 3757 1603 τὴν

2184 1617 2380 1672 ἕνωσιν
2400 1635 2412 1647 ⁸
2441 1618 2504 1670 τὸ
2533 1620 2666 1672 αὐτὸ
2703 1619 2760 1671 δὲ
2789 1615 2933 1673 εἶναι
2966 1621 3108 1674 κατὰ
3132 1623 3357 1687 ταύτὸν,
3398 1623 3494 1675 καὶ
3523 1623 3759 1694 ὑπάρχειν

2189 1710 2257 1764 τὰ
2289 1712 2674 1782 ἀντικείμενα.
2713 1713 2849 1766 Οὐδὲ
2883 1713 3067 1783 μένειν
3086 1714 3166 1767 ἔτι
3201 1715 3367 1784 σῶμα
3391 1715 3759 1787 όμολογηθήςει

2187 1821 2299 1857 ται·
2327 1805 2557 1874 ἐκσταίη
2588 1806 2698 1877 γὰρ
2734 1807 2801 1860 ἂν
2829 1806 3048 1872 ἑαυτοῦ,
3082 1807 3179 1860 καὶ
3208 1810 3304 1860 τὸν
3349 1807 3484 1860 ἰδιον
3514 1811 3757 1878 παραιτή-

493 1899 674 1942 tamen
725 1890 884 1944 simul
924 1889 1091 1944 etiam
1137 1891 1492 1944 contrarium.
1532 1890 1719 1961 Neque
1740 1892 1852 1962 jam
1881 1905 2080 1960 corpus

2192 1916 2343 1953 σεται
2368 1901 2498 1971 ὅρον
2527 1918 2585 1954 τε
2608 1903 2703 1954 καὶ
2730 1901 2888 1970 λόγον
2910 1919 2924 1931 ⁸
2951 1895 3011 1955 οὗ
3036 1902 3091 1954 τί
3111 1902 3177 1955 ἂν
3208 1902 3430 1970 γένοιτο
3448 1901 3757 1972 ἀλογώτερον

493 1995 779 2049 superesse
829 1983 1106 2037 constabit
1160 1999 1175 2036 :
1235 1981 1479 2037 discedet
1532 1985 1680 2038 enim
1735 2000 1764 2038 a
1820 2000 1879 2041 se
1938 1989 2075 2057 ipso.

2188 1992 2219 2060 ἢ
2249 1994 2323 2062 ἀφ
2335 1993 2653 2064 ρονέστερον
2677 2012 2692 2062 ;

491 2096 752 2152 suamque
783 2080 1152 2136 deﬁnitionem
1189 2081 1406 2160 amittet
1435 2091 1597 2151 atque
1631 2083 1922 2140 rationem.
1949 2086 2063 2153 Qua
2105 2089 2323 2159 quidem
2383 2106 2444 2147 re
2481 2092 2616 2147 nihil
2678 2107 2803 2149 esse
2865 2102 3049 2162 potest
3097 2092 3480 2150 irrationalius
3522 2093 3600 2149 vel
3635 2092 3756 2146 insa-

495 2191 636 2231 ιιιιιε.

569 2269 721 2326 Unde
742 2268 888 2325 enim
917 2284 1085 2324 sacrae
1114 2270 1456 2336 oeconomiae,
1489 2269 1806 2341 Christique
1833 2289 1955 2328 cum
1985 2273 2082 2329 ho-

475 2363 732 2417 ..minibus
759 2361 1157 2428 ronversantis,
1196 2377 1282 2417 res
1314 2364 1685 2418 constabunt?
1714 2363 1886 2430 Unde,
1938 2365 2082 2432 quod

496 2454 790 2510 rsuriverit
842 2462 896 2508 et
945 2453 1201 2520 sitiverit,
1253 2456 1572 2525 apparebit?
1608 2455 1779 2518 Unde.
1825 2457 2083 2512 itinerum

477 2549 671 2612 .labor,
720 2546 910 2610 sudor.
965 2561 1154 2615 pavor,
1208 2547 1437 2618 aliaeque
1483 2562 1822 2619 quaecunque
1867 2549 2084 2621 corpori

474 2649 683 2696 .nostro
743 2640 993 2695 accidunt
1047 2639 1360 2708 passiones?
1413 2642 1557 2713 quod
1614 2657 1748 2698 sane
1783 2658 1890 2697 non
1929 2651 2084 2698 caret

475 2737 692 2804 .tigura,
731 2733 1023 2798 soliditate,
1056 2733 1252 2803 triplici
1310 2733 1677 2796 dimensione,
1713 2733 1921 2798 colore,
1975 2743 2088 2788 stac

476 2842 643 2894 .tura,
681 2837 734 2880 et
759 2826 1020 2896 pondere,
1065 2835 1328 2895 pra-terea
1365 2826 1752 2896 tangibilitate,
1781 2837 1837 2882 et
1868 2825 1972 2881 alia
2030 2840 2090 2880 re

491 2920 764 2988 qualibet,
807 2928 1078 2989 quotquot
1101 2917 1348 2988 corporis
1384 2917 1620 2987 propriae
1659 2927 1785 2973 sunt
1823 2927 1879 2971 et
1902 2917 2090 2972 dicun-

501 3026 606 3068 tur.
639 3011 922 3079 Quomodo
949 3011 1113 3081 igitur
1151 3009 1293 3080 quod
1325 3018 1410 3066 est
1437 3009 1719 3080 tangibile,
1753 3024 1860 3064 non
1891 3009 2089 3063 sitcir—

473 3105 926 3175 -ριιηιεονίμιυηιῖ
954 3114 1102 3159 ιιιιεκ
1143 3121 1248 3158 una
1277 3103 1612 3174 proprietate
1652 3103 1875 3173 reliquae
1927 3101 2090 3158 intel-

2272 2277 2360 2331 Ἑν
2416 2277 2522 2331 τίνι
2573 2276 2684 2348 γὰρ
2723 2277 2795 2332 τά
2839 2277 2942 2348 τῆς
2995 2277 3314 2350 οἰκονομίας
3354 2277 3451 2332 καὶ
3489 2279 3587 2348 τῆς
3641 2277 3757 2348 πρὸς

2185 2363 2512 2436 ἀνθρώπους
2551 2366 3000 2437 ὲμπολιτεύσεως
3033 2366 3130 2421 τοῦ
3167 2369 3411 2438 Χριστοῦ
3440 2370 3754 2439 φανήσεται;

2201 2453 2290 2506 Ἐν
2327 2454 2432 2508 τίνι
2469 2455 2529 2508 τὸ
2571 2459 2762 2526 πεινῇν
2793 2455 2892 2510 καὶ
2920 2455 3083 2527 διψῇν
3124 2456 3580 2529 θεωρηθήσεται;
3612 2457 3758 2510 Πόθεν

2185 2549 2214 2600 ό
2247 2547 2346 2616 τῆς
2396 2546 2710 2618 ὁδοιπορίας
2741 2548 2931 2612 κόπος,
2981 2550 3043 2602 τὸ
3084 2549 3268 2620 ἰδροῦν
3323 2567 3383 2603 τε
3419 2552 3513 2603 καί⁵
3555 2547 3756 2618 δειλιᾷν,

2189 2638 2284 2691 καὶ
2315 2637 2487 2692 τᾶλλα
2525 2638 2758 2708 πάσχειν
2785 2639 2885 2692 ὃσα
2913 2637 3008 2692 τοῦ
3043 2639 3320 2712 ἡμετέρου
3345 2639 3465 2694 ἐστὶ
3498 2639 3755 2709 σώματος;

2187 2721 2232 2797 ᾧ
2254 2729 2314 2782 τό
2343 2747 2400 2782 τε
2427 2729 2618 2801 σχῆμα
2649 2730 2745 2784 καὶ
2769 2733 2801 2803 ὴ
2836 2731 3130 2787 ἀντιτυπία
3162 2734 3256 2786 καὶ
3283 2735 3316 2804 ή
3348 2733 3543 2806 τρισσὴ
3572 2732 3757 2784 διάστα-

2191 2837 2298 2884 σις,
2345 2823 2440 2878 καὶ
2472 2820 2534 2873 τὸ
2569 2820 2772 2892 χρῶμα
2819 2821 2973 2901 καὶὴ
3028 2823 3335 2894 πηλικότης
3379 2825 3476 2877 καὶ
3502 2823 3561 2875 τὸ
3597 2822 3755 2892 βάρος.

2188 2913 2328 2984 πρὸς
2360 2914 2416 2968 δὲ
2448 2915 2542 2967 καὶ
2567 2914 2626 2968 τδ
2659 2915 2833 2968 ἁπτὸν
2869 2912 3032 2979 εἶναι,
3080 2918 3176 2970 καὶ
3227 2917 3331 2970 ὅσα
3367 2916 3503 2971 ἄλλα
3538 2917 3638 2968 ἴδια
3675 2913 3751 2966 τοῦ

2191 3005 2449 3077 σώματος
2492 3006 2609 3060 ἔστι
2640 3024 2699 3060 τε
2733 3008 2828 3060 καὶ
2865 3007 3111 3076 λέγεται.
3148 3007 3274 3072 Πῶς
3305 3005 3400 3063 οὖν
3428 3008 3488 3062 τὸ
3525 3007 3682 3062 ἁπτὸν
3707 3007 3755 3058 οὐ

2196 3099 2609 3170 περιγραπτόν;
2643 3100 2732 3155 ἵνα
2763 3099 2824 3165 ἐξ
2849 3100 2968 3164 ἑνός
3001 3117 3064 3169 γε
3097 3101 3191 3154 καί
3239 3101 3413 3154 τᾶλλα
3453 3092 3758 3171 συμπεριλη-

479 3201 754 3270 .Iigutttur,
801 3208 1067 3270 quotquot
1127 3200 1179 3252 in
1203 3197 1695 3267 .Christo.propter
1747 3206 2086 3266 assumptam

2195 3189 2377 3261 φθείη.
2417 3191 2518 3244 ὅσα
2545 3191 2632 3244 διὰ
2660 3190 2756 3244 τοῦ
2785 3192 3222 3263 προσλήμματος
3253 3194 3313 3245 ὲν
3337 3191 3560 3263 Χριστῷ
3589 3188 3758 3243 τεθεώ-

481 3295 896 3350 .humnnitatem
929 3301 1269 3362 spectantur.
1301 3289 1511 3357 Quibus
1545 3290 1651 3344 nisi
1679 3288 1964 3344 Manionas
1994 3304 2087 3344 as-

483 3383 1094 3449 -sentiatur,Christutn
1126 3391 1482 3454 corporatum
1531 3382 1717 3452 negari
1771 3384 1838 3436 ab
1882 3396 1949 3437 eo
2009 3382 2090 3436 di-

500 3487 646 3534 serte
678 3492 902 3532 necesse
925 3485 1032 3532 est.
1075 3475 1218 3546 Ergo
1251 3492 1316 3531 ne
1345 3490 1566 3545 passum
1600 3474 1820 3544 quidem
1863 3475 2091 3530 conﬁte-

483 3570 670 3634 bitur,
697 3577 752 3623 et
784 3567 1085 3637 redemptio
1114 3574 1298 3620 nostra
1330 3577 1648 3629 evanescet,
1683 3575 1845 3635 atque
1867 3567 1941 3620 ab
1972 3566 2091 3620 ido-

503 3661 570 3718 lis
596 3673 863 3724 recessus,
894 3658 1038 3728 quod
1077 3657 1167 3712 ille
1213 3657 1458 3727 apprime
1508 3655 1679 3710 voluit
1712 3673 1724 3709 :
1769 3671 1908 3708 vana
1965 3671 2090 3724 spes

503 3763 684 3808 nostra
719 3760 828 3819 est,
854 3761 910 3805 et
937 3763 1274 3820 qutecunque
1321 3748 1480 3802 nobis
1515 3763 1545 3801 a
1597 3746 1910 3802 Servatoris
1963 3763 2089 3817 pas-

500 3847 656 3902 sione
704 3846 1046 3901 obveneruut
1092 3859 1106 3896 :
1175 3840 1466 3912 Evangelia
1526 3841 1654 3894 item
1709 3838 1843 3892 nihil
1900 3855 2086 3894 verum

499 3937 876 3998 centiuebunt,
902 3943 958 3990 et
979 3932 1227 3992 doctrina
1257 3933 1435 3988 omnis
1466 3941 1763 3999 nostraque
1787 3927 1923 3984 lidcs
1943 3946 2084 3986 vana

503 4031 628 4084 huic
671 4028 963 4082 videbitur.

573 4119 699 4174 llaec
728 4128 917 4172 contra
945 4118 1109 4171 istum
1143 4116 1286 4170 dicta
1325 4123 1509 4180 sunto,
1551 4115 1642 4185 qui
1682 4115 2091 4172 incircumscri-

503 4213 740 4281 ptionem
762 4209 927 4265 stulte
960 4207 1314 4262 vociferatur.
1350 4205 1466 4261 Non
1505 4208 1576 4260 ita
1611 4217 1789 4263 tamen
1835 4225 1893 4264 se
1930 4209 2093 4264 habet

501 4301 750 4357 veritatis
780 4301 952 4366 ratio;
985 4299 1079 4354 sed
1110 4298 1252 4354 sicut
1284 4297 1517 4353 Verbum
1549 4301 1699 4355 carni
1733 4303 1944 4356 unitum
1970 4316 2092 4371 per-

500 4392 672 4448 fectas
701 4392 1048 4462 integrosque
1079 4401 1306 4443 naturas
1331 4391 1702 4455 conservavit,
1733 4407 1835 4446 nec
1886 4408 1912 4444 a
1953 4393 2090 4462 phy-

498 4487 633 4542 sicis
663 4485 922 4540 discessit
954 4483 1421 4554 proprietatibus,
1451 4493 1504 4537 et
1535 4496 1808 4553 quatenus
1852 4483 2087 4540 Verbum

2193 3297 2376 3352 ρηται.
2413 3279 2498 3344 Ὠς
2524 3281 2574 3333 εἰ
2605 3282 2678 3352 μὴ
2703 3281 2917 3344 τούτοις
2940 3281 3119 3348 ἔθετο,
3147 3283 3244 3336 καὶ
3269 3284 3332 3336 τὸ
3358 3279 3758 3354 σεσωματῶσθαι

2191 3372 2357 3424 αὐτὸν
2398 3373 2488 3424 τὸν
2519 3373 2724 3444 Κύριον
2746 3373 3042 3446 ἀπηρνήθη
3086 3374 3152 3429 ἂν
3184 3375 3536 3448 τελεώτερον.
3577 3371 3757 3430 Οὐκοῦν

2191 3462 2314 3518 οὐδὲ
2371 3464 2708 3516 πεπονθέναι
2761 3464 3182 3538 διωμολόγησε·
3233 3469 3332 3522 καὶ
3385 3469 3654 3538 οἰχήσεται
3701 3463 3756 3515 τὰ

2193 3557 2291 3627 τῆς
2323 3557 2650 3628 ἐλευθερίας
2699 3560 2853 3628 ἡμῖν,
2914 3559 3010 3614 καὶ
3043 3559 3102 3613 τὸ
3144 3561 3496 3634 ἀπηλλάχθαι
3530 3558 3756 3619 εἰδώλων,

2191 3649 2331 3721 ὅπερ
2371 3652 2582 3714 ἐκεῖνος
2611 3651 2920 3704 ἐσπούδακε
2945 3667 2957 3680 ·
3005 3653 3140 3706 κενὰ
3175 3653 3246 3706 τά
3285 3656 3390 3726 τῆς
3429 3654 3647 3715 ἐλπίδος,
3680 3648 3758 3703 καὶ

2192 3740 2294 3793 ὅσα
2344 3739 2431 3793 διὰ
2465 3740 2558 3794 τοῦ
2611 3741 2886 3811 σωτηρίου
2923 3743 3057 3812 ἡμῖν
3087 3743 3431 3812 προσγέγονε
3464 3739 3756 3803 πάθους-τά

2193 3832 2326 3902 γοῦν
2358 3833 2695 3902 Εὖαγγέλια,
2722 3835 2926 3904 ἥκιστα
2942 3835 3007 3905 δὴ
3037 3833 3100 3888 τὸ
3122 3835 3478 3907 ἀληθίζεσθαι
3499 3833 3755 3900 διακεκτή-

2196 3943 2372 3992 σεται,
2409 3925 2503 3978 καὶ
2530 3925 2594 3997 δὴ
2643 3927 2739 3979 καὶ
2774 3925 2913 3997 ὀφθῇ
2971 3926 3124 3997 αὑτῷ
3155 3928 3393 3998 μάταιον
3436 3927 3496 3982 τὸ
3525 3926 3753 3998 κήρυγμα

2193 4019 2346 4089 καὶὴ
2390 4019 2574 4081 πίστις
2609 4018 2788 4089 ἡμῶν.

2265 4111 2452 4164 Ταῦτα
2491 4111 2592 4181 μὲν
2629 4106 2724 4164 οὖν
2778 4110 3022 4182 εἰρήσθω
3072 4112 3210 4184 πρὸς
3257 4113 3448 4177 αὐτὸν,
3496 4110 3553 4164 τὸ
3582 4104 3753 4176 ἀπερί-

2195 4220 2446 4273 γραπτον
2486 4205 2697 4272 ἀλόγως
2752 4205 3130 4274 κομπάζοντα.
3180 4207 3294 4278 Οὐχ
3353 4201 3456 4260 ὦδε
3503 4205 3555 4258 δὲ
3604 4206 3628 4255 ό
3673 4200 3752 4268 τῆς

2194 4294 2454 4364 ἀληθείας
2489 4295 2604 4365 ἔχει
2639 4295 2818 4364 λόγος,
2863 4296 2999 4350 ἀλλά
3041 4297 3299 4368 καθάπερ
3348 4299 3378 4351 ό
3412 4297 3600 4364 Λόγος,
3635 4293 3750 4344 ὲνω’

2197 4388 2312 4451 θεὶς
2346 4391 2408 4460 τῇ
2458 4391 2645 4461 σαρκὶ,
2677 4390 2775 4452 τὰς
2831 4390 3024 4459 φύσεις
3055 4391 3270 4455 τελείας
3321 4396 3419 4448 καὶ
3473 4385 3752 4445 dilaniati;

2195 4478 2511 4551 διετήρησε,
2565 4479 2667 4534 ,καὶ
2699 4481 2811 4533 τῶν
2844 4480 3096 4550 φυσικῶν
3141 4483 3243 4535 οὐκ
3273 4482 3570 4549 ἐξέστηκεν
3629 4475 3750 4526 ἰδίω⁹

501 4588 608 4643 est.
631 4578 849 4632 diversa
885 4592 914 4629 a
943 4590 1173 4644 corpore
1206 4577 1405 4629 mansit
1435 4575 1776 4642 suhSIautia;
1815 4576 1894 4630 sic
1925 4577 2087 4630 etiam

2201 4571 2412 4641 μάτων,
2452 4572 2736 4641 μεμένηκε
2757 4572 2813 4626 δὲ
2859 4573 3004 4626 κατά
3029 4591 3091 4640 γε
3122 4574 3215 4627 τὸν
3256 4574 3352 4627 τοῦ
3398 4571 3536 4626 εἶναι
3589 4567 3746 4632 λόγον,

502 4686 703 4740 corpus
721 4669 997 4724 diversum
1034 4684 1062 4722 a
1106 4666 1283 4722 Verbo
1315 4677 1418 4732 est,
1442 4669 1584 4736 quod
1612 4669 1828 4734 attinet,
1847 4668 2093 4738 inquam,

505 4761 574 4813 ad
602 4758 990 4829 proprietatem
1026 4775 1039 4811 :
1077 4771 1181 4810 non
1207 4756 1404 4810 enima
1448 4755 1687 4827 propriis
1717 4758 1948 4811 secessit
1991 4771 2094 4811 no-

511 4852 767 4907 tionibns.
803 4849 868 4903 Et
893 4849 1054 4904 sicuti
1103 4847 1308 4902 factum
1351 4847 1448 4902 Dei
1488 4862 1690 4916 corpus
1759 4864 1866 4902 non
1932 4847 2096 4904 desiit

508 4958 634 5000 esse
658 4955 878 5012 corpus,
904 4941 1006 4994 etsi
1033 4941 1102 4993 ad
1147 4937 1428 4994 meliorem
1459 4939 1683 4994 omnino
1725 4940 2093 4993 conditionem

513 5037 715 5092 virtute
757 5032 915 5088 Verbi
951 5032 1316 5096 translatum,
1353 5032 1428 5085 ita
1481 5047 1549 5085 ne
1594 5031 1837 5101 physicis
1877 5031 2094 5101 quidem

2203 4664 2458 4734 ἐτεροίως
2487 4664 2625 4733 ἔχων
2669 4664 2808 4734 πρὸς
2855 4665 2919 4716 τὸ
2961 4665 3147 4734 σῶμα,
3213 4664 3358 4719 οὕτω
3401 4664 3494 4718 καὶ
3532 4660 3590 4714 τὸ
3613 4655 3749 4723 σῶμα

2201 4756 2459 4818 ἐναντίως
2492 4755 2603 4827 ἔχει
2645 4756 2782 4824 πρὸς
2823 4757 2915 4810 τὸν
2966 4758 3163 4825 Λόγον,
3205 4759 3350 4812 κατά
3398 4757 3461 4827 γέ
3497 4769 3629 4824 φημι
3666 4746 3748 4815 τὴν

2203 4846 2446 4917 ἰδιότητα
2468 4864 2480 4876 ·
2506 4847 2758 4918 οὐδαμῶς
2783 4848 2893 4919 γὰρ
2911 4849 3019 4903 τῶν
3040 4850 3185 4905 ἰδίων
3209 4847 3749 4919 ἀποπεφοίτηκεγνω-

2203 4941 2508 5011 Ρισμάτων·
2576 4941 2686 4993 καὶ
2721 4941 2797 5004 ὡς
2851 4943 3148 5013 γενόμενον
3209 4943 3347 4996 Θεοῦ
3421 4941 3592 5009 σῶμα,
3666 4929 3747 4984 οὐκ

2199 5032 2482 5102 ἀφῄρηται
2518 5031 2579 5088 τὸ
2629 5030 2772 5087 εἶναι
2817 5034 2998 5104 σῶμα,
3036 5038 3085 5090 εἰ
3141 5038 3238 5089 καὶ
3284 5038 3423 5108 πρὸς
3475 5034 3532 5087 τὸ
3565 5028 3746 5101 βέλτιον

511 5124 937 5198 proprietatibus
1006 5122 1298 5190 spoliatum
1366 5120 1488 5173 fuit.
1553 5120 1768 5189 Alioqui
1825 5120 2098 5187 quomodo

510 5230 662 5279 sarta
689 5229 832 5276 tecta
856 5221 1002 5271 esset
1027 5213 1334 5282 integritas,
1371 5228 1534 5280 quam
1558 5222 1740 5267 tamen
1778 5214 1843 5266 de
1879 5211 2098 5266 Christo

510 5311 938 5370 ecclesiasticum
967 5306 1341 5378 magisterium
1374 5307 1560 5366 tradit.
1595 5305 1738 5360 sicut
1795 5306 1845 5358 in
1893 5304 2099 5359 deitate

505 5408 580 5463 ita
609 5406 770 5461 etiam
802 5405 857 5457 in
887 5400 1258 5456 humanitate?
1285 5398 1394 5471 53
1426 5399 1587 5453 Certe
1625 5402 1668 5452 si
1691 5398 1823 5466 quid
1888 5397 1952 5450 ad
2000 5397 2096 5450 hu-

505 5499 822 5554 manitatem
860 5497 1141 5565 pertinens
1173 5493 1613 5556 subtraheretur,
1645 5490 1843 5544 nedum
1880 5489 1958 5543 rei
2006 5489 2093 5542 in-

505 5589 758 5660 tegritas,
805 5588 898 5641 sed
933 5603 999 5640 ne
1027 5601 1114 5640 res
1145 5584 1363 5654 quidem
1391 5583 1618 5638 omnino
1677 5581 1883 5650 reliqua
1932 5579 2091 5634 iuret.

509 5680 788 5747 Qumnotlo
815 5692 944 5746 ergo
969 5689 1154 5730 semen
1188 5676 1422 5729 Abrahae
1460 5674 1813 5743 apprehendit
1843 5712 1858 5735 ,
1905 5673 1949 5728 si
1987 5673 2093 5727 hoc

510 5775 685 5843 ipsum
735 5771 788 5824 in
836 5768 1055 5824 Christo
1096 5783 1200 5821 non
1249 5766 1762 5821 circumscribitur?
1813 5765 2094 5832 Quomodo

507 5864 689 5920 debuit
715 5879 813 5930 per
843 5864 1022 5917 omnia
1055 5861 1312 5915 fratribus
1340 5859 1651 5927 assitnilati,
1681 5861 1725 5915 is
1748 5861 1837 5930 qui
1869 5862 1918 5913 in
1951 5859 2092 5912 iutil-

2198 5125 2320 5177 ὅλον
2352 5126 2417 5195 τῇ
2447 5124 2678 5194 δυνάμει
2726 5125 2820 5179 τοῦ
2869 5127 3047 5193 Λόγου
3077 5117 3567 5199 μετεστοιχείωται,
3598 5118 3746 5174 οὕτως

2198 5213 2320 5267 οὐδὲ
2369 5215 2479 5267 τῶν
2543 5215 2790 5283 φυσικῶν
2855 5217 3166 5286 ἰδιωμάτων
3248 5218 3554 5288 ἐστέρηται.
3617 5200 3746 5258 Ἑπεί

2201 5306 2306 5358 ποῦ
2357 5305 2664 5377 σωθήσεται
2715 5308 2776 5360 τὸ
2841 5309 3072 5373 τέλειον,
3133 5311 3275 5363 κατά
3329 5311 3427 5379 τὴν
3488 5301 3744 5364 ἐκκλησιν

2207 5400 2399 5467 στικὴν
2428 5398 2778 5452 διδασκαλίαν
2827 5400 2920 5456 ἐπὶ
2954 5400 3216 5471 Χριστοῦ,
3252 5400 3440 5470 ὥσπερ
3469 5401 3520 5450 ὲν
3557 5389 3746 5452 θεότητί

2201 5491 2346 5544 οὕτω
2373 5492 2436 5562 δὴ
2468 5493 2564 5544 καὶ
2596 5494 2654 5545 ὲν
2675 5492 3097 5564 ἀνθρωπότητι;
3130 5495 3194 5547 Εἰ
3224 5497 3332 5564 γάρ
3363 5512 3414 5546 τι
3441 5489 3540 5543 τῶν
3568 5485 3638 5543 εἱς
3665 5479 3746 5543 75'."

2199 5583 2517 5653 τελειότητα
2539 5585 2783 5654 ἡκόντων
2814 5586 3164 5657 ἀφαιρεθείη,
3191 5587 3252 5640 οὐ
3281 5587 3440 5657 μόνον
3464 5582 3522 5634 οὐ
3551 5574 3742 5629 τέλειονι

2200 5673 2317 5726 ἀλλ’
2374 5673 2496 5726 οὐδὲ
2545 5674 2844 5745 ὑπάρξειεν
2907 5678 3066 5740 ὅλως.
3145 5679 3270 5741 Πῶς
3323 5678 3416 5732 οὖν
3466 5671 3742 5740 σπέρματος

2215 5765 2468 5836 ’Λϐραὰμ
2514 5766 2972 5837 ἐπιλαμϐάνεται,
3004 5773 3051 5822 εἰ
3108 5771 3227 5824 κατ’
3262 5772 3398 5823 αὑτό
3421 5785 3479 5836 γε
3527 5748 3737 5847 τοῦτο

2203 5859 2643 5928 περιγράφεται;
2679 5858 2852 5912 Πόθεν
2886 5860 3083 5929 ὤφειλε
3111 5862 3251 5915 κατὰ
3277 5862 3449 5916 πάντα
3480 5854 3579 5914 τοῖς
3611 5843 3735 5898 ἀδελ·
