3978 6448
280 445 390 511 2³ῖ3

1018 440 1646 504 ANTIRRH‘ETICUS
1684 442 1712 503 Ι
1748 442 1919 506 ADV.
1955 439 2553 504 CONSTANTINUM
2589 444 2804 506 COPR.

3438 440 3541 508 271

284 561 409 631 φοές
442 554 779 628 ὁμοιωθῆναι
819 553 936 609 ἃὲν
962 553 1181 618 πολλοῖς
1210 552 1464 624 ἀδελφοῖς
1495 553 1863 624 πρωτότοκος,

1981 556 2041 613 lis
2062 554 2851 628 fratribus-estprimogenitus
2896 553 2962 620 ³ί,
3000 553 3046 610 is
3077 553 3171 625 qui
3194 558 3304 625 per
3353 556 3539 611 omnia

282 653 311 706 ὁ
359 647 766 719 πεπειραμένος
821 645 966 700 κατὰ
1011 647 1190 700 πάντα
1247 644 1375 699 καθ’
1431 644 1737 715 ὁμοιότητα
1763 640 1864 717 τὴν

282 742 598 815 ἡμετέραἮ
640 740 766 803 Πῶς
814 738 930 802 υίὸς
981 736 1077 792 τοῦ
1131 736 1298 791 Δαόὶδ
1342 735 1719 809 χρηματίσειε,
1769 737 1865 791 καὶ

286 833 402 896 υίὸς
429 831 533 901 τῆς
568 828 846 898 παναγίας
873 828 1178 900 Παρθένου,
1211 823 1246 904 ᾖ
1279 827 1346 883 τὰ
1384 829 1487 900 τῆς
1513 829 1865 899 γενεαλογίας

287 926 349 977 ὲκ
369 920 467 976 τοῦ
497 920 788 975 Δαυῖτικοῦ
842 921 1056 975 κάτεισι
1108 919 1315 990 φὺλου;
1362 920 1427 974 El
1479 921 1552 994 μή
1610 938 1713 974 που
1769 920 1865 976 καὶ

286 1014 422 1081 αὐτῇ
453 1011 514 1065 τὸ
543 1009 963 1082 άπερίγραπτον
990 1011 1324 1081 ὲπεφήμισε,
1356 1008 1546 1081 ὥσπερ
1572 1010 1660 1064 διὰ
1685 1010 1865 1082 σωλῆὲ

287 1122 372 1167 τος
392 1103 768 1158 διαδεδυκέναι
793 1102 885 1155 τὸν
907 1103 1082 1172 Λόγον
1100 1102 1181 1156 δι’¹
1195 1102 1389 1172 αὐτῆς·
1410 1101 1501 1156 ἵνα
1521 1102 1643 1157 ὅλον
1661 1102 1752 1157 τὸν
1767 1103 1867 1174 τῆς

287 1194 587 1265 φαντασίας
613 1194 709 1248 καὶ
732 1192 1008 1264 δοκήσεως
1038 1193 1296 1264 ἄκρατον,
1331 1193 1631 1257 κατὰ-τοὺς
1670 1191 1865 1246 ἑαυτοῦ

285 1284 665 1348 διδασκάλους,
693 1283 980 1353 ὲγχὲηται.

353 1377 467 1431 Ποῦ
495 1377 603 1430 τῶν
652 1375 1031 1443 εὖαγγελικῶν
1064 1375 1438 1446 κηρυγμάτων
1488 1374 1796 1444 σωθήσεται
1830 1374 1867 1445 ἡ

287 1470 543 1539 almam;
575 1467 670 1521 τοῦ
709 1468 808 1537 μὲν
851 1467 963 1520 τῶν
990 1467 1507 1539 εὐαγγελισαμένων
1538 1466 1599 1520 τὸ
1628 1463 1865 1536 Χριστοῦ

292 1562 588 1633 μυστήριον
644 1560 897 1628 λέγοιτος
929 1576 945 1591 ·
1000 1560 1220 1626 Βίϐλος
1295 1559 1596 1628 γενέσεως
1656 1554 1867 1623 Ἰησοῦ

294 1653 548 1722 Χριστοῦ
594 1652 728 1707 υἱοῦ
773 1652 973 1717 Δαϐὶὸ,
1026 1650 1162 1707 υἱοῦ
1204 1651 1496 1721 Ἀϐραάμ·
1530 1649 1623 1704 τοῦ
1676 1648 1752 1713 δὲ,
1784 1648 1866 1701 ὅτι

309 1744 360 1797 '0
394 1745 584 1814 Λόγος
621 1743 778 1813 σὰρξ
804 1742 1043 1813 ἐγένετο
1064 1743 1165 1797 καὶ
1205 1741 1562 1809 ἐσκήνωσεν
1593 1741 1664 1794 ἐν
1696 1739 1867 1809 ἡμῖν.

298 1837 422 1890 Οὐδὲ
447 1836 616 1889 αὑτὸν
648 1836 883 1906 Χριστὸν
938 1838 1053 1899 τοῖς
1090 1835 1405 1898 λιθάξουσιν
1457 1835 1487 1886 ὁ
1532 1828 1867 1894 συλλιθάζων

1964 649 2038 705 ad
2093 648 2501 705 similitudinem
2547 655 2793 704 nostram
2843 645 2946 702 fuit
3003 656 3241 703 tentatus
3284 646 3367 702 ιιι
3396 646 3548 714 ρηο-

1968 742 2129 796 modo
2165 739 2305 795 filius
2352 739 2424 794 sit
2456 737 2700 804 Davidis,
2724 746 2782 793 et
2809 736 2949 792 illius
2977 736 3339 793 sanctissimae
3361 735 3536 806 Virgi~

1969 828 2074 892 nis,
2104 827 2257 897 cuius
2282 826 2594 897 genealogia
2636 829 2706 882 de
2745 825 3002 881 Davidica
3039 826 3182 881 trib’u
3220 825 3545 883 deducitur?

1966 914 2081 972 Nisi
2135 915 2273 972 forte
2309 928 2364 971 et
2397 917 2499 989 ipsi
2547 914 3403 987 Virgilii‘iueircumscriptionern
3441 914 3543 970 Ma.

1969 1022 2160 1064 monas
2182 1008 2538 1080 adiudicavit,
2590 1007 2663 1063 ita
2700 1017 2761 1063 ut
2788 1006 3024 1063 Verbum
3056 1022 3154 1078 per
3181 1022 3302 1063 eam
3332 1008 3351 1074 (
3384 1015 3444 1062 ut
3470 1007 3546 1061 di-

1968 1109 2123 1154 ctum
2143 1098 2248 1169 est)
2271 1113 2369 1154 ceu
2398 1112 2496 1168 per
2538 1098 2773 1154 ﬁstulam
2814 1097 3195 1169 pertransierit
3227 1115 3241 1152 :
3281 1110 3444 1167 atque
3497 1097 3545 1152 is

1969 1189 2043 1245 ita
2071 1197 2183 1244 toto
2211 1188 2719 1244 Phantasiastarum
2746 1198 2799 1245 et
2821 1188 3145 1245 Docetarum
3170 1188 3358 1255 calice,
3393 1203 3547 1243 more

1969 1295 2190 1337 suorum
2248 1282 2672 1351 magistrorum,
2718 1294 2780 1337 se
2818 1280 3040 1350 proluit.
3130 1280 3137 1285 ’

2041 1374 2322 1439 Quomodo
2369 1374 2497 1426 item
2537 1373 2976 1441 evangelicorum
3026 1373 3444 1442 praedicatorum
3473 1373 3547 1427 sit

1971 1464 2255 1518 incolumis
2283 1463 2788 1534 veritasi‘quorum
2821 1465 2959 1521 alitis
2982 1465 3183 1521 Christi
3227 1466 3541 1538 mysterium

1969 1554 2349 1626 evangelizans
2397 1556 2475 1610 ait
2516 1573 2530 1610 :
2573 1554 2730 1611 Liber
2772 1558 3126 1627 generationis
3169 1556 3304 1612 Iesu
3348 1556 3543 1611 Christi

1968 1646 2070 1714 ﬁlii
2097 1646 2289 1715 David,
2330 1646 2432 1715 ﬁlii
2460 1647 2725 1703 Abraham
2755 1648 2822 1702 ⁸³.
2853 1648 3007 1704 Alius
3035 1657 3216 1704 autem
3244 1665 3258 1702 :
3301 1646 3369 1702 Et
3414 1646 3546 1702 Ver-

1970 1736 2091 1790 bum
2120 1753 2247 1792 caro
2301 1738 2503 1807 factum
2551 1749 2648 1804 est,
2679 1748 2727 1793 et
2760 1739 3016 1794 habitavit
3048 1741 3106 1792 in
3158 1738 3305 1794 nobis
3339 1739 3405 1793 “.
3440 1737 3543 1795 Sed

1972 1838 2158 1883 noster
2197 1837 2393 1884 auctor
2432 1843 2500 1884 ne
2552 1829 2653 1897 ipsi
2693 1830 2910 1900 quidem
2972 1830 3273 1901 acquiescit
3327 1828 3548 1885 Christo

300 1928 509 1991 ἐδέξατο
557 1927 622 1980 ἂν
664 1927 930 1995 λέγοντα·
990 1926 1053 1980 Τί
1094 1942 1173 1995 με
1206 1923 1428 1992 ζητεῖτε
1486 1921 1861 1986 ἀποκτεῖναι,

1981 1922 2334 1991 Lapidautibus
2356 1934 2415 1977 se
2433 1920 2637 1976 dicenti
2669 1939 2683 1976 :
2723 1918 2838 1976 Cur
2869 1937 2950 1976 me
2968 1923 3213 1992 quazritis
3235 1922 3544 1991 interﬁcere,

303 2018 604 2089 ἄνθρωπού
656 2018 726 2083 ὃς
773 2017 885 2086 τὴν
938 2017 1233 2083 ἀλήθειαν
1284 2015 1427 2085 ὑμῖν
1497 2013 1866 2082 λελάληκα;

308 2113 405 2167 Ποῦ
435 2112 544 2165 τῶν
582 2110 921 2181 ἱεροφαντῶν
973 2110 1068 2163 καὶ
1096 2109 1363 2177 θεολόγων
1400 2107 1660 2178 Πατέρων
1707 2105 1866 2177 ἡμῶν

318 2203 704 2273 ήδιδασκαλίας
738 2202 789 2255 οἳ
822 2202 1081 2269 γεγόνασι
1103 2199 1214 2253 τῶν
1261 2197 1501 2269 Χριστοῦ
1553 2195 1868 2268 μυστηρίων

313 2291 491 2360 ταμίαι
518 2291 607 2343 καὶ
632 2290 855 2359 κάτοχοι
886 2290 964 2357 τῷ
995 2289 1138 2358 ἁγίῳ
1183 2287 1489 2358 Πνεύματι,
1535 2287 1630 2341 καὶ
1662 2286 1869 2339 τέλειον

310 2385 424 2453 ἡμῖν
454 2383 548 2434 τὸν
572 2382 737 2435 αὑτὸν
768 2383 825 2434 ὲν
859 2380 1079 2450 θεότητι
1107 2381 1203 2434 καὶ
1230 2379 1438 2433 τέλειον
1481 2380 1538 2433 ὲν
1574 2377 1867 2448 ἀνθρωπό-

300 2491 428 2545 τητι,
480 2474 782 2546 διαρρήδην
820 2473 1256 2536 ἑκδιδάσκουσιν,
1307 2470 1595 2543 ὀμοούσιον
1644 2468 1722 2542 τῷ
1751 2468 1871 2541 Θεῷ

298 2566 594 2636 scilla-:91
628 2566 771 2619 κατὰ
814 2566 916 2636 τὴν
974 2566 1228 2636 θεότητα,
1280 2565 1381 2618 καὶ
1411 2565 1542 2633 ἡμῖν
1590 2561 1731 2616 κατὰ
1774 2561 1872 2633 τὴν

296 2655 718 2726 άνθρωπὸτητα,
763 2656 1144 2728 περιγραπτδν
1195 2657 1288 2709 τὸν
1339 2654 1504 2708 αὐτὸν
1550 2652 1645 2706 καὶ
1678 2652 1874 2721 ἀπερί-

292 2765 557 2818 γραπτον.
595 2747 660 2800 Τί
690 2747 748 2800 δὲ
776 2748 915 2811 ὅλως
940 2748 1088 2819 ἡμᾶς
1118 2744 1297 2812 ὤνησε
1337 2745 1577 2817 Χριστὸς
1609 2760 1874 2814 πεΡιΥΡα’

294 2837 453 2902 meti;
484 2856 552 2908 γε
580 2838 760 2903 ὄντας,
793 2840 843 2891 si
869 2839 945 2910 μὴ
965 2837 1044 2909 τῷ
1064 2837 1236 2908 ὁμοίῳ
1266 2837 1326 2891 τὸ
1350 2836 1541 2906 ὅμοιον
1561 2834 1870 2904 ἀνεκάθηρέ

288 2947 345 2982 τε
371 2932 470 2983 καὶ
504 2928 761 2994 eadem
786 2945 798 2959 ·
839 2930 889 2982 εί
947 2930 1024 2998 μὴ
1077 2927 1139 2981 τὸ
1176 2929 1285 2981 πᾶν
1317 2926 1454 2996 ὅπερ
1510 2926 1680 2996 ἐσμὲν
1733 2925 1874 2995 πλὴν

288 3021 572 3090 ἁμαρτίας
602 3020 976 3092 προσείληφε;
1008 3018 1083 3073 Τὸ
1112 3019 1225 3089 γάρ
1242 3017 1652 3089 άπρόσληπτον,
1686 3018 1871 3084 φασὶν,

288 3113 692 3184 ἀθεράπευτον.
738 3112 829 3166 Ἑν
867 3106 951 3176 οἷς
982 3112 1093 3184 γάρ
1121 3112 1155 3182 ὴ
1188 3108 1349 3179 φύσις
1396 3110 1570 3164 ἐδεῖτο
1616 3109 1715 3179 τῆς
1745 3112 1876 3164 ἀνα-

292 3203 588 3266 πλάσεως,
635 3204 854 3274 ἀνάγκη
932 3201 1076 3256 κατὰ
1129 3202 1308 3255 πάντα
1361 3202 1546 3273 ὅμοιον
1598 3202 1665 3271 τῇ
1717 3198 1876 3269 φύσει

1968 2014 2226 2068 [nminem
2259 2016 2352 2083 qui
2376 2000 2644 2069 veritatem
2661 2015 2802 2070 vobis
2831 2014 3035 2069 locutus
3062 2031 3177 2069 sum
3206 2012 3287 2069 ιιι
3314 2012 3544 2069 Ubinam

1972 2108 2453 2177 hierophantarum
2488 2115 2545 2162 et
2580 2106 2954 2175 theologorum
2984 2105 3205 2160 Patrum
3234 2114 3544 2161 nostrorum

1974 2199 2385 2269 magisterium?
2417 2200 2506 2266 qui
2546 2199 2792 2270 mysterii
2825 2196 3030 2254 Christi
3065 2197 3216 2253 fuere
3267 2197 3546 2263 custodes,

1971 2300 2160 2348 sancto
2179 2290 2381 2361 Spiritu
2402 2290 2593 2356 amati,
2619 2290 3001 2360 Christumque
3025 2290 3325 2362 perfectum
3357 2289 3410 2344 in
3435 2290 3548 2344 dei-

1972 2391 2102 2447 tate,
2121 2382 2420 2452 perfectum
2456 2382 2583 2438 item
2616 2366 2670 2438 in
2721 2383 3084 2445 humanitate,
3125 2381 3346 2438 disertis
3368 2380 3551 2437 verbis

1974 2486 2072 2527 nos
2096 2474 2414 2539 docuerunt,
2447 2474 2963 2531 consubstantialem
3014 2473 3124 2529 Deo
3156 2472 3302 2528 Patri
3349 2472 3548 2529 divini-

1948 2565 2335 2631 ‘tate,-nobis
2395 2577 2578 2621 autem
2654 2565 3030 2630 humanitate,
3077 2564 3546 2634 circumscriptum

1974 2659 2223 2713 eumdem
2250 2666 2305 2712 et
2337 2658 2907 2730 incircumscriptum?
2934 2656 3071 2728 Quid
3101 2672 3231 2714 vero
3259 2657 3413 2712 nobis
3433 2672 3551 2711 om-
3582 2654 3591 2659 ’

1977 2750 2106 2805 nino
2160 2749 2362 2821 profuit
2409 2749 2693 2816 Christus,
2732 2752 2827 2820 qui
2882 2765 3071 2805 sumus
3128 2749 3549 2817 circumscripti.

1979 2841 2083 2895 nisi
2127 2841 2174 2896 is
2207 2856 2264 2901 re
2301 2841 2465 2896 simili
2503 2842 2736 2897 similem
2763 2841 3017 2912 purgavit
3067 2849 3231 2911 atque
3288 2839 3546 2908 sanavit;

1960 2933 2080 2988 nisi
2106 2942 2274 2988 totum
2314 2933 2459 3002 quod
2496 2947 2597 2989 nos
2626 2948 2852 2999 sumus,
2903 2934 3122 3002 dempto
3176 2941 3426 3002 peccato,
3458 2945 3552 2984 as-

1977 3025 2244 3095 sumpsit?
2286 3023 2418 3079 Nam
2466 3025 2607 3093 quod
2641 3025 2783 3080 sumi
2818 3041 2925 3079 non
2976 3034 3176 3093 potest,
3235 3038 3302 3078 ne
3364 3024 3546 3077 sanari

1977 3115 2193 3182 quidem
2227 3127 2385 3181 posse
2410 3115 2580 3168 aiunt.
2622 3113 2835 3169 Etenim
2868 3113 2922 3167 iu
2953 3114 3152 3184 quibus
3194 3121 3390 3168 natura
3421 3127 3552 3182 ege-

1980 3205 2071 3258 hat
2111 3202 2529 3271 reformatione,
2569 3205 2812 3273 oportuit
2875 3219 2999 3260 eum
3038 3219 3263 3275 prorsus
3318 3203 3551 3259 similem
3656 3271 3665 3278 ⁸

289 3296 574 3362 γενέσθαι.
627 3295 788 3349 Ἀλλὰ
825 3296 899 3366 μή
956 3311 1089 3348 ποτε
1130 3294 1182 3348 οἱ
1235 3293 1330 3348 νῦν
1379 3295 1482 3365 τῆς
1529 3292 1740 3362 πλάνης
1783 3292 1875 3345 καὶ

1982 3291 2094 3348 fieri
2142 3303 2342 3347 nostra:
2389 3303 2614 3349 naturae.
2662 3293 2847 3365 Neque
2899 3292 3011 3362 jam
3060 3295 3244 3348 dicant
3304 3294 3552 3349 hodierni

289 3388 397 3440 τῶν
430 3387 653 3440 ἐκείνου
699 3387 988 3457 δογμάτων
1038 3386 1473 3458 προασπίζοντες
1520 3383 1748 3448 εἴποιεν,
1792 3385 1875 3438 ὅτι

290 3479 384 3531 οὐκ
413 3477 775 3549 ἠκούσαμεν·
800 3478 929 3533 Mer
964 3474 1084 3533 οὖν
1134 3494 1201 3547 τε
1225 3480 1315 3544 είς
1358 3474 1568 3532 πᾶσαν
1612 3474 1729 3544 τὴν
1758 3473 1877 3546 γῆν

293 3565 559 3634 ἐξῆλθεν
587 3570 620 3621 ὁ
635 3568 895 3636 φθόγγος
917 3566 1139 3634 αὐτῶν,
1167 3567 1267 3621 καὶ
1295 3570 1381 3632 εις
1405 3567 1478 3620 τὰ
1506 3564 1734 3634 πέρατα
1762 3565 1878 3633 τῆς

293 3657 660 3727 οἰκουμένης
715 3657 787 3712 τὰ
825 3658 1068 3728 ῥήματα
1099 3658 1323 3711 αὐτῶν.
1372 3655 1530 3710 Οὕτω
1558 3656 1616 3709 δὲ
1671 3657 1879 3710 ἀπετυ-

295 3749 594 3817 exciteris-av
623 3751 690 3820 τῇ
727 3749 938 3802 ἑαυτῶν
978 3748 1232 3817 ἀπονοία,
1265 3747 1358 3801 καὶ
1399 3748 1528 3810 τοὺς
1568 3745 1879 3817 ὀφθαλμοὺς

296 3842 477 3895 αὐτῶν
516 3842 874 3912 ἐκάμμυσαν,
923 3843 1016 3895 καὶ
1065 3845 1179 3904 τοῖς
1213 3842 1316 3894 ὠσὶ
1356 3839 1566 3909 βαρέως
1614 3840 1877 3911 ἥκουσαν,

298 3934 391 3987 καὶ
419 3932 566 4004 πρὸς
594 3935 704 3987 πᾶν
748 3934 927 3988 ὁτιοῦν
982 3933 1377 3998 εἰςέΰσέόειαν
1408 3928 1566 4005 ἧκον,
1614 3949 1879 4003 πεπηρω-

303 4027 463 4094 μένον
517 4025 581 4078 τὸ
637 4026 864 4079 ὀπτικὸν
915 4026 1017 4095 τῆς
1069 4026 1314 4089 διανοίας
1374 4025 1748 4095 κτησάμενοι·
1781 4024 1881 4076 οὐκ

300 4117 699 4183 ὲναυγὰζονται
754 4115 832 4187 τῷ
885 4118 985 4187 τῆς
1045 4117 1330 4179 εὐσεϐείας
1388 4116 1549 4185 φωτὶ,
1609 4115 1745 4186 πρὸς
1781 4116 1881 4179 τὰς

302 4207 674 4277 εὑαγγελικᾶς
702 4208 796 4260 καὶ
824 4209 1099 4278 πατρικὰς
1129 4208 1314 4277 φωνὰς
1337 4210 1881 4278 άπαναισχυντήσαν-

298 4316 409 4361 τες,
443 4299 544 4352 καὶ
578 4298 1021 4369 ἁνερυθριάστως
1059 4298 1596 4368 ἁντικαθιστάμενοι.
1635 4298 1726 4350 Διὸ
1755 4297 1880 4350 οὐδὲ

299 4388 604 4457 ἀπολογίας
649 4388 839 4454 αὐτοῖς
889 4390 1041 4460 παρὰ
1086 4389 1166 4461 τῷ
1192 4389 1409 4461 ,δικαίῳ
1456 4391 1620 4462 κριτῇ
1677 4389 1885 4460 τρόπος

300 4479 706 4550 ὑπολειφθήσετ
718 4497 793 4537 1t.

369 4571 479 4634 κζ’.
514 4573 578 4625 Εί
611 4573 667 4626 δὲ
702 4572 1032 4643 διαιρεῖσθαι
1066 4573 1243 4639 ἐδόκει⁹
1285 4575 1394 4630 ἀπὸ
1429 4574 1525 4630 τοῦ
1567 4573 1883 4646 γεγράφθαι

300 4662 393 4716 τὸν
438 4663 707 4733 Χριστὸν,
758 4664 853 4721 καὶ
892 4665 1102 4735 κτίσμα
1145 4665 1306 4736 μόνον
1347 4664 1882 4736 καταλιμπάνεσθαι,

301 4753 435 4824 ὸρᾷν
462 4753 645 4819 ἔξεστι
672 4754 747 4826 μή
798 4771 931 4809 ποτε
961 4754 1085 4809 οὐδὲ
1109 4754 1353 4831 ἔμψυχον
1384 4756 1590 4828 κτίσμα
1621 4755 1765 4810 κατὰ
1794 4755 1886 4811 τὸν

302 4845 504 4899 ἑαυτοῦ
537 4845 698 4915 λόγον
725 4847 821 4901 τὸν
846 4847 1085 4919 Χριστὸν
1113 4848 1533 4903 καταλέλοιπεν.
1567 4849 1634 4903 El
1673 4847 1783 4918 γὰρ
1814 4847 1890 4920 μὴ

301 4938 490 4990 τέλεον
518 4942 576 4990 ὲν
605 4938 755 5008 αὐτῷ
782 4938 1101 5010 σωζομένας
1133 4942 1231 5005 τὰς
1262 4941 1408 4995 κατὰ
1449 4940 1541 4994 τὸν
1577 4940 1887 5012 ἄνθρωπον,

303 5026 361 5080 ὃν
392 5029 649 5097 ἀνέλαϐε,
675 5032 909 5099 φυσικὰς
928 5031 1196 5102 διαφοράς
1223 5029 1496 5097 ἐδόξαζεν,
1528 5030 1650 5085 οὐδὲ
1665 5031 1725 5085 τδ
1747 5024 1888 5091 εἶναι

304 5118 599 5190 ἄνθρωπον
653 5123 1106 5196 συγκεχώρηκεν.
1148 5123 1305 5178 Ἐπεὶ
1348 5124 1514 5178 πόθεν
1571 5125 1629 5176 αί
1696 5122 1891 5192 φύσεις

306 5215 566 5265 συσταῖεν
591 5213 782 5284 αὐτῴ;
815 5215 1029 5286 Ὠσπερ
1080 5217 1189 5287 γάρ
1221 5216 1501 5289 παροῦσαι
1552 5219 1619 5271 αῑΔ
1659 5217 1892 5287 φυσικαὶ

308 5300 545 5367 σώζουσι
590 5305 878 5378 διαφοραὶ,
932 5307 1078 5363 οὕτω
1120 5310 1215 5362 καὶ
1260 5308 1499 5363 άποῦσαι
1555 5309 1892 5381 φθείρουσιν.

321 5392 410 5458 Ὠς
445 5394 503 5449 ετ
522 5413 604 5459 τις
629 5397 838 5452 τούτων
863 5399 1118 5469 ἀφέλοιτο
1145 5417 1199 5454 τι
1228 5401 1320 5454 τὸν
1356 5401 1583 5474 Κύριον,
1635 5404 1697 5456 οὐ
1733 5403 1895 5474 μόνον

311 5481 469 5543 ψιλὸν
501 5484 786 5561 ἄνθρωπον
815 5490 979 5554 είποι,
1010 5490 1129 5542 ἀλλ’
1160 5490 1282 5544 οὐδὲ
1315 5490 1581 5562 ἔμψυχον,
1610 5493 1706 5547 καὶ
1734 5493 1891 5547 ἀνεν-

315 5574 550 5646 έργητον
591 5578 755 5632 αὑτὸν
791 5581 886 5633 καὶ
934 5581 1231 5652 ἀνδριάντα
1278 5584 1441 5651 μόνον
1487 5584 1890 5656 άποσχεδιάσας

389 5774 429 5803 ³¹
477 5769 631 5845 Rom.
680 5794 800 5845 vur,
836 5780 929 5836 29.

514 5779 631 5861 lem.
680 5794 800 5845 vm,
836 5780 929 5836 29.
1036 5781 1081 5814 "
1122 5779 1285 5840 Hebr.
1319 5798 1393 5849 tv,
1441 5783 1525 5838 15.

322 5855 482 5909 um,
512 5855 559 5901 5,

1644 5784 1688 5817 ⁸³
1727 5783 1920 5841 Matth.
1968 5801 2018 5852 t,
2062 5786 2110 5839 l.

1980 3385 2187 3454 patroni
2217 3384 2420 3439 erroris
2449 3384 2868 3455 dogmatumque
2897 3384 3180 3449 Mamonaa,
3221 3400 3318 3441 nos
3349 3385 3552 3454 praedi-

1978 3477 2246 3532 cationem
2283 3493 2386 3532 non
2418 3478 2689 3533 audivisse
2720 3494 2737 3533 :
2774 3476 3021 3547 Profecto
3047 3479 3102 3531 in
3135 3494 3338 3533 onmem
3361 3487 3555 3533 terram

1980 3567 2134 3622 exit-it
2180 3584 2341 3622 sonus
2385 3584 2604 3635 eorum,
2653 3578 2702 3623 et
2743 3584 2906 3639 usque
2956 3569 3027 3622 ad
3083 3569 3335 3623 terminos
3376 3569 3558 3622 mundi

1980 3660 2133 3731 verba
2181 3673 2364 3712 eorum
2404 3657 2469 3713 “.
2505 3657 2561 3712 In
2595 3667 2803 3712 tantum
2834 3660 3130 3714 excaecavit
3179 3675 3277 3715 eos
3326 3659 3555 3713 stultitia

1981 3764 2081 3804 sua
2105 3751 2350 3821 adeoque
2389 3749 2563 3806 oculis
2591 3751 2962 3815 caecutierunt,
3000 3760 3056 3807 et
3100 3751 3325 3805 auribus
3377 3749 3558 3818 gravi»

1984 3850 2066 3896 ter
2096 3843 2409 3910 audierunt,
2433 3852 2489 3898 et
2510 3852 2701 3897 contra
2737 3842 3119 3898 orthodoxiam
3151 3855 3560 3913 quaqtteversus

1982 3935 2286 3989 irrueruut!
2319 3933 2513 3990 Mentis
2539 3933 2756 3989 oculum
2781 3943 3109 3990 excaecatum
3145 3943 3416 4003 gerentes,
3450 3948 3557 3988 non

1984 4026 2327 4082 illustrantur
2360 4036 2523 4081 rectae
2556 4026 2835 4097 religionis
2861 4025 3087 4090 lumine,
3129 4025 3353 4080 Patrum
3391 4040 3558 4078 evan-

1984 4118 2172 4188 gelieis
2221 4118 2444 4172 vocibus
2504 4118 2845 4188 impudenter
2900 4116 3189 4184 resistunt,
3252 4127 3305 4172 et
3358 4115 3562 4185 absque

1988 4210 2098 4264 ulla
2150 4210 2460 4265 reverentia
2495 4209 2899 4266 contradicunt.
2956 4207 3321 4275 Quamobrem
3359 4207 3559 4261 nullum

1987 4303 2324 4358 defensionis
2346 4315 2516 4372 genus
2555 4302 2699 4374 apud
2742 4302 2947 4373 justum
2977 4301 3211 4371 iudicem
3243 4299 3323 4355 eis
3372 4315 3561 4371 supcr-

1985 4397 2109 4452 erit.

2054 4582 2149 4637 27.
2184 4580 2337 4648 Quod
2369 4582 2414 4637 si
2437 4579 2700 4635 Mamona
2725 4578 2939 4634 videtur
2963 4575 3128 4634 dividi
3157 4575 3409 4632 tiliristus
3436 4576 3560 4630 dum

1993 4675 2329 4745 depingitur,
2361 4682 2417 4730 et
2460 4688 2549 4743 res
2598 4682 2785 4729 creata
2816 4670 3198 4728 tantummodo
3256 4684 3562 4732 remanere,

1992 4775 2244 4838 superest
2287 4766 2584 4822 videndum
2622 4780 2690 4820 an
2727 4764 2871 4820 forte
2909 4779 2977 4819 ne
3018 4763 3318 4819 animatam
3346 4761 3565 4832 quidem

1991 4868 2328 4924 creaturam,
2363 4860 2638 4915 sermonis
2671 4858 2753 4913 sui
2788 4868 2996 4921 tenore,
3025 4856 3303 4912 Christum
3330 4870 3453 4911 esse
3476 4872 3569 4925 pa-

1993 4952 2181 5008 tiatur.
2230 4949 2346 5005 Nisi
2372 4951 2518 5006 enim
2558 4950 2720 5020 plane
2758 4947 3060 5003 incolurues
3103 4948 3343 5003 hominis
3404 4962 3565 5013 quem

1996 5039 2229 5097 Verbum
2259 5042 2558 5111 assumpsit
2599 5040 2855 5113 physicas
2896 5039 3187 5110 qualitates
3238 5039 3326 5092 hic
3378 5037 3572 5093 existi-

1993 5143 2124 5199 mat,
2156 5148 2224 5186 ne
2248 5132 2522 5187 hominem
2561 5132 2780 5202 quidem
2814 5145 2938 5186 esse
2964 5130 3236 5185 concedit.
3267 5127 3399 5182 Nam
3431 5142 3569 5199 quo-

1995 5226 2155 5279 modo
2189 5232 2398 5280 natura:
2423 5226 2472 5279 ei
2506 5223 2882 5280 constabunt?
2926 5221 3082 5278 Sicut
3125 5222 3269 5276 enim
3325 5219 3568 5289 physica:

1995 5313 2311 5371 diﬁ‘erentia:
2343 5326 2596 5373 naturam
2633 5324 2930 5382 prasentes
2961 5321 3308 5377 conservant,
3360 5311 3433 5364 ita
3473 5311 3571 5364 ab-

1993 5418 2178 5463 sentes
2198 5408 2444 5461 eamdem
2467 5406 2760 5474 perimunt.
2788 5404 2966 5472 Quare
2988 5404 3033 5458 si
3068 5402 3191 5472 quis
3221 5402 3322 5457 has
3343 5401 3571 5455 Demiuo

1995 5496 2293 5568 eripuerit,
2326 5512 2432 5552 non
2462 5505 2574 5552 tam
2606 5512 2814 5551 merum
2849 5496 3123 5552 hominem
3172 5496 3347 5564 ipsum
3401 5493 3566 5556 dicet,

1998 5606 2161 5660 quam
2188 5592 2355 5645 etiam
2399 5589 2756 5646 inanimatum
2811 5598 2869 5645 et
2912 5589 3293 5652 iuactuosum;
3336 5587 3570 5656 denique

3339 5785 3382 5818 ⁸⁸
3425 5784 3561 5844 i'sai.

2221 5785 2267 5817 “
2301 5785 2459 5843 Joan.
2554 5797 2593 5847 I,
2636 5785 2719 5841 Η.
2749 5783 3083 5858 "Joan.rut,
3156 5786 3237 5843 ιο.
