3978 6428
439 383 548 450 ΞΊΩ
1466 405 1527 465 S.
1568 405 1987 468 NICEPHORI

2107 405 2462 466 tTRIARCH
2574 409 2681 468 CP-.
3587 417 3681 480 230

439 495 626 560 eundi,
669 495 724 550 in
781 499 1122 572 omniaqum
1161 503 1428 572 ejusmodi
1482 523 1609 568 sunt
1644 524 1830 568 manat
1883 531 1899 568 :
1945 515 1988 567 si

2125 515 2235 584 γὰρ
2267 515 2360 568 ἐπὶ
2388 518 2607 570 πάντων
2633 516 2740 568 τῶν
2767 516 3029 570 τοιούτοιν
3069 518 3096 572 ὁ
3123 517 3216 574 τοῦ
3253 527 3680 596 συναναιρεῖσθαι

438 587 656 659 quidem
711 590 1002 662 aliquando
1051 592 1338 656 relationes
1383 602 1681 660 incolumes
1739 616 2018 660 remanent

439 681 602 734 rebus
624 682 828 736 orbata:
857 693 910 736 et
935 686 1112 750 nudat,
1141 698 1209 767 ut
1237 689 1288 744 in
1313 703 1467 761 patre
1505 705 1556 749 et
1587 695 1694 750 ﬁlio
1730 707 1783 750 et
1829 697 2020 750 simili-

437 769 538 825 bus
568 775 770 827 evenit.
806 773 938 828 Eum
969 779 1138 843 enim,
1173 783 1264 852 qui
1301 784 1544 853 recessit,
1595 796 1849 854 tanquam
1880 803 2016 856 prte-

437 871 672 927 sentem,
698 863 824 919 dum
851 881 950 936 per
965 861 1371 926 similitudinem
1401 883 1458 928 et
1489 876 1804 930 memoriam
1841 877 2014 931 forma

437 963 491 1005 et
515 953 692 1024 imago
729 961 992 1036 ostendit,
1029 960 1347 1018 relationem
1385 981 1508 1040 cum
1557 976 1800 1037 tempore
1833 969 2013 1022 couti-

437 1057 662 1103 nuatam
697 1035 920 1106 servat:
963 1053 1016 1108 id
1055 1064 1158 1120 est,
1196 1035 1508 1137 similitudo
1535 1035 1727 1132 relatio
1769 1063 2017 1132 quaedam

438 1138 614 1192 media
651 1145 913 1206 extremis
946 1145 1231 1216 interjecta
1268 1160 1374 1218 est,
1415 1149 1602 1206 formae
1631 1152 1843 1207 scilicet
1882 1153 2019 1209 assi-

437 1227 656 1295 milatas,
678 1243 728 1286 et
755 1236 838 1294 cui
863 1238 1158 1292 assimilata
1183 1249 1286 1304 est,
1307 1243 1570 1312 cupulaus
1590 1256 1708 1299 eam
1731 1261 1852 1300 cum
1892 1247 2021 1299 ima-

433 1322 579 1391 gine,
615 1324 740 1394 licet
774 1338 965 1394 natura
990 1330 1224 1388 diiTerat.
1249 1333 1364 1389 Etsi
1383 1337 1526 1390 enim
1553 1347 1844 1408 utrumque
1870 1337 2016 1393 aliud

433 1426 490 1468 et
523 1417 672 1491 aliud
712 1432 905 1487 natura
941 1435 1046 1488 est,
1081 1442 1186 1490 nou
1222 1439 1400 1498 tamen
1443 1430 1584 1485 alius
1621 1443 1676 1484 ct
1720 1430 1882 1492 alius.
1921 1431 2015 1484 sed

435 1507 549 1575 ipse
577 1509 666 1564 ille
693 1513 848 1580 cujus
885 1514 1062 1586 imago
1091 1527 1171 1570 est
1201 1537 1213 1572 :
1246 1535 1341 1588 per
1372 1520 1601 1591 ﬁguram
1633 1524 1776 1578 enim
1803 1522 2012 1588 fortine,

436 1611 556 1676 quae
595 1613 625 1652 a
659 1601 929 1672 principio
959 1605 1186 1668 exstitit,
1227 1610 1470 1676 cognitio
1511 1611 1658 1666 illius
1681 1612 1871 1668 formae
1894 1609 2013 1667 elﬁ-

435 1673 600 1758 eitnr,
633 1699 686 1744 et
717 1690 770 1744 in
809 1693 922 1763 ipsa
959 1695 1126 1764 ﬁgura
1162 1697 1251 1752 ille
1284 1673 1400 1766 ipse
1431 1701 1520 1770 qui
1549 1685 1722 1772 pictus
1751 1714 1858 1769 est,
1884 1693 2014 1758 cou-

435 1778 697 1847 spicitur;
737 1783 879 1851 quod
915 1785 1132 1854 quidem
1191 1788 1244 1842 in
1294 1789 1400 1844 alio
1434 1805 1644 1858 eorum,
1676 1808 1796 1864 qum
1826 1793 2013 1860 ltnjus-

2121 605 2296 676 διήκει
2325 608 2480 674 λόγος
2500 623 2514 636 ·
2550 606 2666 660 ἐσθ’
2689 609 2780 660 ὅτε
2807 608 2915 678 γὰρ
2949 609 3040 662 καὶ
3078 611 3133 664 αἱ
3158 611 3388 685 ,σχέσεις
3431 617 3684 688 καταλιμ-

2121 696 2422 766 πανόμεναι
2449 697 2827 762 διασώζονται,
2871 697 2983 751 τῶν
3015 701 3362 770 πραγμάτων
3395 704 3682 776 ἀπορφανι-

2120 787 2454 856 ςόμεναικαὶ
2485 789 2845 860 στερόμεναι·
2870 789 2949 866 ᾡς
2993 792 3086 847 ἐπί
3115 809 3176 845 τε
3208 794 3416 864 πατρὸς
3452 798 3546 850 καὶ
3571 799 3681 854 υἱοῦ

2120 879 2216 956 καὶ
2235 878 2342 931 τῶν
2365 878 2566 949 ὁμοίων
2591 880 2725 951 ἔχει.
2779 881 2866 946 Ὠς
2892 883 3140 954 παρόντα
3173 885 3406 956 γὰρ’καὶ
3433 887 3523 940 τὸν
3543 889 3684 944 ἀποι-

2117 951 2346 1052 χόμενον
2369 971 2458 1026 διά
2483 989 2543 1026 τε
2563 973 2664 1044 τῆς
2693 951 2996 1045 ἑμφερείας
3025 977 3121 1028 καὶ⁵
3153 951 3380 1048 μνήμης
3413 978 3446 1048 ἢ
3482 983 3686 1052 μορφῇς

2119 1057 2514 1130 ἐμφανίζουσα,
2540 1064 3161 1134 συμπαρεκτεινομένην
3190 1065 3268 1138 τῷ
3299 1067 3480 1139 χρόνῳ
3497 1068 3685 1124 διασώ-

2119 1147 2201 1212 ζει
2219 1150 2316 1219 τὴν
2332 1150 2516 1222 σχέσιν
2539 1168 2552 1182 ’
2577 1151 2758 1222 ἠγοῦν
2785 1151 3046 1222 ὁμοίωσις
3074 1153 3261 1224 σχέσις
3287 1173 3372 1214 τις
3397 1157 3536 1228 μέση
3559 1175 3684 1228 τυγ-

2118 1233 2378 1313 χάνουσα,
2403 1243 2678 1312 μεσιτεύει
2699 1246 2814 1308 τοῖς
2840 1245 3052 1320 ἄκροις,
3080 1245 3158 1324 τῷ
3186 1248 3533 1319 ὁμοιουμένῳ
3552 1254 3685 1323 φημὶ

2117 1333 2310 1404 καὶτῷ
2337 1333 2636 1404 ὁμοιοῦντι,
2683 1337 2882 1390 ἐνοῦσα
2905 1337 2985 1408 τῷ
3031 1338 3162 1392 εῖδει
3193 1340 3288 1397 καὶ
3324 1342 3680 1404 συνάπτουσα.

2115 1425 2221 1480 κᾶν
2239 1429 2306 1498 τῇ
2326 1427 2483 1496 φύσει
2498 1427 2805 1498 διήνεγκεν.
2831 1429 2892 1482 Ei
2913 1429 3022 1500 γὰρ
3036 1428 3164 1483 ἄλλο
3183 1431 3279 1489 καὶ
3294 1430 3424 1506 ἄλλο
3443 1435 3507 1505 τῇ
3533 1432 3682 1504 φύσει

2115 1519 2396 1590 ἑκάτερον,
2428 1520 2544 1595 ἀλλ’
2563 1520 2664 1574 οὐκ
2696 1521 2856 1585 ἄλλος
2888 1524 2981 1576 καὶ
3019 1523 3178 1588 ἄλλος
3202 1541 3216 1554 ³
3251 1525 3413 1589 ἄλλος
3444 1525 3502 1578 δὲ
3524 1526 3678 1605 αὐτὸς

2113 1611 2356 1676 ἐκεῖνος·
2397 1610 2485 1665 διὰ
2507 1611 2602 1664 τοῦ
2636 1611 2809 1664 τύπου
2857 1613 2968 1684 γὰρ
3007 1613 3104 1666 τοῦ
3143 1615 3203 1682 ἐξ
3241 1616 3420 1687 ἀρχῆς
3452 1617 3622 1679 εἴδους
3653 1619 3681 1687 ἡ

2114 1701 2315 1771 γνῶσις
2341 1703 2643 1772 ἐγγίνεται,
2682 1705 2780 1758 καὶ
2817 1706 2876 1759 ὲν
2902 1705 3053 1780 αὑτῷ
3098 1708 3192 1760 τοῦ
3226 1709 3618 1780 γεγραμμένου
3651 1712 3679 1780 ή

2116 1795 2418 1858 ὑπόστασις
2439 1794 2784 1866 καθορᾶται·
2815 1797 2952 1868 ὅπερ
2978 1799 3078 1850 οὐκ
3110 1801 3176 1854 ἂν
3221 1799 3311 1852 ἐπ’
3374 1801 3535 1856 ἄλλον
3583 1801 3680 1872 τῶν

435 1871 576 1922 modi
601 1881 748 1934 sunt.
783 1889 887 1929 non
921 1878 1185 1946 cernitur,
1224 1892 1281 1932 ut
1311 1883 1362 1936 in
1398 1892 1578 1950 patre,
1613 1894 1707 1940 aut
1738 1885 1870 1952 ﬁlio,
1913 1896 2002 1942 aut

2113 1883 2371 1938 τοιούτων
2394 1884 2638 1938 κατιδεῖν
2664 1886 2894 1951 ἔνεστιν,
2914 1882 3024 1941 οἷον
3051 1889 3144 1942 ἐπὶ
3175 1891 3408 1960 πατρὸς,
3434 1889 3625 1962 ἦυίοῦ,
3649 1893 3679 1962 ἦ

431 1963 628 2029 aulico.
689 1964 818 2022 Haec
879 1969 1024 2026 enim
1086 1981 1276 2028 contra
1347 1989 1411 2030 ac
1465 1977 1556 2032 illa
1629 1993 1688 2032 se
1749 1973 2006 2033 habent:

427 2060 853 2130 unumquodque
879 2062 1028 2121 enim
1062 2063 1256 2120 borum
1299 2081 1404 2122 non
1439 2049 1586 2122 aliud
1624 2077 1680 2124 et
1728 2069 1870 2124 aliud
1903 2081 2006 2136 est,

430 2145 699 2216 siquidem
751 2153 995 2207 eamdem
1028 2157 1407 2225 substantiam
1447 2144 1774 2231 participant
1815 2179 1830 2216 :
1871 2161 2011 2216 alius

428 2252 559 2292 vero
589 2249 643 2309 et
675 2241 812 2296 alius
843 2255 970 2298 sunt
1001 2245 1318 2304 diversitate
1365 2250 1753 2321 bypostaseun.
1779 2251 1933 2321 Quod
1963 2253 2009 2308 si

429 2327 484 2380 in
520 2327 604 2401 itis
635 2330 802 2385 etiam
838 2333 890 2386 itt
915 2334 1160 2390 diversas
1192 2339 1512 2410 hypostases
1540 2341 1760 2410 partitis
1814 2342 2010 2396 relatio

426 2432 534 2471 non
571 2419 730 2496 perit,
771 2421 938 2476 multo
977 2425 1146 2502 magis
1191 2427 1242 2480 in
1278 2428 1386 2482 illis
1421 2432 1862 2486 conservabitur.
1894 2431 2009 2492 Hoc

423 2524 555 2564 vero
596 2513 828 2580 amplius
879 2515 958 2594 ﬁt,
1012 2517 1156 2585 quod
1212 2519 1511 2594 similitudo
1557 2523 2007 2578 communitatem

427 2589 958 2687 nominislargiluré
988 2622 1094 2662 una
1124 2609 1268 2662 enim
1301 2618 1385 2688 est
1429 2590 1484 2664 in
1526 2613 1794 2668 ambobus
1825 2613 2009 2684 appel-

421 2689 574 2746 latio.
607 2691 723 2749 Rex
774 2697 920 2750 enim
951 2681 1166 2754 dicitur
1216 2683 1382 2754 etiam
1438 2702 1616 2771 imago
1658 2705 1829 2774 regis;
1887 2721 2010 2774 quae

421 2783 642 2848 quidem
679 2783 862 2840 dicere
905 2797 1088 2858 posset
1143 2808 1157 2844 :
1200 2789 1311 2862 Ego
1359 2799 1414 2846 et
1465 2809 1556 2848 rex
1595 2811 1759 2870 unum
1789 2811 2004 2860 sumus,

421 2869 635 2924 scilicet
665 2883 860 2941 praeter
889 2877 1210 2938 substantiae
1236 2879 1626 2938 diﬁcreutiam.
1659 2881 1783 2939 ll;cc
1819 2895 2004 2940 autem

421 2959 658 3016 diximus
733 2971 792 3018 ut
857 2966 1270 3024 ostenderemus
1329 2952 1638 3041 'quomodo
1707 2974 1886 3044 imago
1935 2975 2002 3030 ad

421 3053 796 3130 ::rcl_tetypum,
847 3071 966 3111 cum
999 3059 1176 3128 imago
1227 3064 1626 3130 consideratur,
1681 3067 2001 3122 relationem

419 3145 646 3214 habent;
691 3163 788 3203 nec
811 3149 955 3204 idem
1009 3135 1230 3208 sitcum
1288 3170 1352 3210 eo
1399 3140 1702 3234 secundum
1743 3161 2003 3226 substan-

415 3238 585 3317 tiam;
609 3238 721 3313 46
749 3256 846 3297 nec
867 3243 1374 3321 enimquaacunque
1399 3250 1466 3304 de
1494 3252 1812 3322 archetypo,
1839 3261 2000 3322 prout
2028 3237 2073 3298 ε

414 3339 500 3385 est
531 3329 906 3404 archetypum,
948 3336 1226 3404 dicuntur,
1258 3327 1572 3398 necessario
1602 3345 1668 3398 de
1703 3343 1820 3414 ejus
1850 3349 2000 3414 puri-

427 3429 516 3474 ter
544 3422 782 3492 imagine
811 3426 1090 3480 dicuntur.
1145 3427 1280 3484 Illud
1311 3432 1455 3486 enim
1500 3433 1748 3490 fortassis
1779 3445 1862 3490 est
1886 3437 2004 3507 ani-

340 3544 358 3562 .
417 3521 648 3580 metum,
691 3515 806 3571 lucc
849 3533 982 3574 vero
1017 3520 1318 3576 inanimata
1351 3542 1363 3578 :
1401 3535 1492 3580 aut
1534 3525 1664 3582 illud
1714 3536 1800 3582 est
1831 3531 2001 3584 ratio-

419 3607 501 3659 nis
529 3611 801 3680 particeps
835 3590 888 3666 et
921 3622 1190 3681 movetur,
1227 3616 1342 3673 hac
1376 3633 1506 3675 vero
1537 3621 1658 3676 sine
1691 3623 1903 3678 ratione
1935 3640 1999 3678 ae

414 3699 533 3753 sine
568 3710 734 3784 motu.
758 3700 876 3758 Non
907 3703 1074 3787 igitur
1109 3707 1271 3764 ambo
1295 3713 1434 3766 idem
1462 3727 1476 3766 :
1504 3713 1634 3784 quin
1667 3715 1843 3784 potius
1877 3731 2000 3786 par-

419 3793 510 3844 tim
551 3795 973 3862 similitudinem
1013 3799 1446 3872 imaginisinter
1486 3822 1547 3862 se
1597 3807 1820 3876 habent,
1868 3826 1997 3881 par-

415 3885 511 3942 tim
536 3885 1035 3947 dissimilitudinem
1069 3894 1410 3973 substautizn.
1446 3899 1582 3965 Quia
1615 3901 1781 3972 igitur
1819 3905 1999 3973 imago

413 3980 479 4032 de
506 3995 708 4048 genere
735 3979 923 4038 eorum
949 3995 1055 4060 est,
1083 3967 1203 4059 qua:
1250 3999 1492 4065 mutuam
1541 3993 1861 4050 relationem
1897 3997 1997 4051 Ita-

415 4070 564 4133 bent,
599 4071 804 4128 idcirco
843 4077 1110 4132 ltouoralo
1145 4089 1454 4154 protutypo,
1499 4084 1658 4139 simul
1694 4087 1998 4142 honoratur

417 4167 596 4234 imago
621 4165 772 4234 ejus:
813 4179 862 4222 cl
901 4186 1092 4242 rursus
1125 4174 1474 4246 inltonorato,
1510 4179 1670 4248 simul
1700 4180 1998 4254 inhonora-

414 4268 523 4312 tur.
562 4258 704 4330 Ergo
729 4277 848 4315 cum
891 4264 960 4333 sit
995 4248 1176 4335 agnita
1205 4269 1271 4340 in
1301 4269 1386 4324 bis
1423 4269 1727 4327 diil'erentia
1764 4285 1874 4338 tum
1909 4292 1996 4330 ra-

413 4353 559 4406 tione
590 4361 700 4406 tum
733 4354 1090 4438 deﬁnitione;
1122 4375 1353 4430 cumque
1403 4364 1610 4432 pictttra
1668 4367 1742 4420 sit
1795 4371 1861 4423 de
1899 4385 1994 4441 ge-

413 4457 540 4496 nere
565 4451 916 4500 cxlernorunt
950 4433 1190 4516 nihilque
1215 4467 1502 4509 commune
1524 4455 1842 4514 habentium
1869 4445 1992 4516 cum

2115 1975 2291 2043 φίλου.
2333 1974 2622 2038 Ἐναντίως
2649 1976 2758 2045 γὰρ
2804 1975 2836 2046 ἦ
2865 1975 3037 2030 ταῦτα
3077 1977 3190 2048 ἔχει
3217 1993 3231 2008 ·
3287 1980 3390 2031 οὐκ
3424 1978 3552 2032 ἄλλο
3582 1971 3680 2048 γὰρ

2113 2069 2208 2122 καὶ
2233 2063 2360 2120 ἄλλο
2401 2068 2607 2121 τούτων
2656 2069 2908 2133 ἕκαστον,
2955 2071 3080 2124 ἐπεὶ
3127 2071 3320 2133 ούσίας
3353 2073 3456 2138 τῆς
3519 2071 3679 2140 αὐτῆς

2111 2159 2509 2229 κεκοινώνηκεν
2529 2201 2544 2221 ,
2579 2159 2738 2222 ἄλλος
2769 2161 2825 2214 δὲ
2857 2162 2948 2214 καὶ
2979 2162 3136 2226 ἄλλος
3157 2204 3172 2224 ,
3214 2163 3294 2234 τῷ
3344 2164 3568 2233 ἑτεροίῳ
3606 2163 3678 2215 δι·

2111 2250 2427 2321 ενηνοχότες
2451 2251 2561 2302 τῶν
2589 2251 2963 2306 ύποστάσεων.
2997 2253 3106 2305 Καὶ
3131 2255 3292 2322 εῐπερ
3316 2254 3406 2306 ὲπί
3430 2253 3677 2321 τούτοιςή

2113 2342 2298 2412 σχέσις
2353 2343 2449 2394 καὶ
2501 2341 2885 2412 μεριζομένοις
2937 2343 2998 2395 ού
3031 2343 3293 2397 διόλλιται
3347 2342 3674 2416 [sianum],

2111 2433 2292 2507 πολλῷ
2348 2435 2548 2502 μᾶλλον
2591 2437 2676 2488 ἐπ’
2708 2435 2939 2498 ἐκείνοις
2999 2435 3549 2507 σνμφυλαχθήσεται.
3590 2435 3677 2489 Ἐκ

2111 2525 2428 2596 περιουσίας
2453 2525 2619 2578 δὲκαὶ
2647 2525 2745 2596 τὴν
2774 2527 3098 2598 ὁμωνυμίαν
3118 2527 3412 2598 χαρίζεται
3437 2531 3470 2596 ἡ
3489 2527 3676 2598 ὁμοίιο-

2111 2634 2196 2680 σις
2223 2631 2236 2645 ⁸
2271 2617 2370 2687 μία
2401 2616 2510 2688 γὰρ
2535 2617 2622 2670 ἐπ’
2659 2618 2863 2687 ἀμφοῖν
2911 2620 2944 2686 ἡ
2989 2617 3340 2689 προσηγορία
3363 2633 3376 2648 ·
3436 2616 3676 2688 βασιλεὺς

2108 2713 2218 2783 γὰρ
2272 2712 2427 2783 καὶὴ
2473 2711 2740 2782 βασιλέως
2799 2711 2966 2764 εἰκὼν
3015 2711 3271 2780 λέγεται·
3334 2712 3478 2764 εττιοι
3518 2711 3560 2763 δ’
3593 2708 3674 2775 ἂν,

2121 2802 2264 2872 Ἐγὼ
2285 2801 2378 2856 καὶ
2407 2805 2434 2856 ὁ
2460 2803 2716 2874 βασιλεὺς
2749 2802 2808 2856 ἓν
2837 2805 3026 2872 ἐσμεν,
3061 2805 3222 2874 δῆλον
3250 2803 3312 2858 δὲ
3338 2805 3419 2857 ὅτι
3454 2802 3595 2874 παρά
3622 2801 3677 2856 τὸ

2106 2894 2204 2965 τῆς
2235 2893 2422 2957 οὐσίας
2453 2893 2734 2964 διάφορον.
2764 2892 2952 2948 Ταῦτα
2989 2894 3046 2947 δὲ
3076 2894 3212 2964 ἡμῖν
3249 2893 3496 2965 εἴρηται,
3540 2891 3676 2947 ὥστε

2107 2983 2430 3053 παραδεῖξαι
2455 2981 2547 3036 τὸν
2577 2985 2682 3054 τῆς
2708 2985 2918 3048 εἰκόνος
2953 2985 3156 3057 τρόπον
3175 3003 3186 3014 ·
3217 2986 3350 3038 καθ’
3377 2986 3437 3039 ὁν
3462 2983 3592 3054 πρὸς
3619 2981 3676 3035 τὸ

2105 3076 2416 3147 ἀρχέτυπον
2459 3075 2848 3148 θεωρουμένη,
2902 3077 3000 3148 τὴν
3037 3077 3224 3150 σχέσιν
3280 3077 3430 3149 ἔχει’
3471 3079 3530 3130 οὐ
3565 3075 3676 3129 κατ’

2107 3168 2294 3221 οὐσίαν
2323 3167 2382 3220 τὸ
2415 3166 2610 3220 ταύτὸν
2639 3168 2976 3238 κεκτημένη,
3003 3171 3123 3225 οὐδὲ
3156 3170 3384 3241 γὰρ-ὅσα
3417 3167 3558 3224 κατὰ
3587 3167 3674 3222 τοῦ

2103 3257 2414 3330 ἀρχετύπου
2443 3257 2518 3321 ὡς
2548 3260 2858 3328 ἀρχετύπου
2887 3264 3302 3331 κατηγορεῖται,
3337 3262 3434 3314 καὶ
3462 3264 3558 3332 τῆς
3587 3259 3676 3313 ἀπ’

2103 3349 2268 3404 αὑτοῦ
2285 3349 2494 3412 εἰκόνος
2512 3351 2865 3422 κατηγορηθή
2877 3369 3028 3404 σεται
3047 3353 3284 3415 πάντως.
3309 3353 3386 3406 Τὸ
3407 3353 3502 3422 μὲν
3517 3350 3675 3421 γὰρεὶ

2103 3439 2541 3512 τύχοι,’ἒμψυχον
2567 3457 2579 3472 ο
2613 3444 2646 3512 ἡ
2674 3440 2752 3506 δὲ,
2783 3442 2988 3512 ἄψυχος
3011 3459 3024 3472 ⁶
3059 3441 3092 3512 ἢ
3125 3443 3351 3510 λογικὸν
3381 3445 3476 3496 καὶ
3508 3441 3676 3495 κινού·

2105 3551 2284 3605 μενον.
2317 3535 2349 3604 ἡ
2378 3533 2434 3586 δὲ
2458 3535 2646 3602 ἄλογος
2683 3534 2776 3588 καὶ
2805 3534 3064 3606 ἀκίνητος
3087 3551 3102 3566 ·
3151 3536 3354 3590 οὐκοῦν
3386 3537 3449 3589 ού
3489 3533 3673 3588 ταύτὸν

2101 3626 2410 3698 ἀμφότερα,
2426 3625 2560 3678 ἀλλὰ
2579 3626 2655 3696 πὴ
2677 3626 2774 3696 μὲν
2791 3625 2970 3681 ἔοικεν
2991 3625 3241 3697 ἀλλήλοις
3259 3627 3342 3697 τῷ
3361 3627 3512 3692 εἴδει,
3527 3624 3598 3696 πή
3623 3623 3674 3676 δὲ

2101 3719 2326 3773 ἀπέοικε
2355 3719 2420 3788 τῇ
2451 3717 2632 3788 οὐσίᾳ.
2677 3717 2832 3770 Ἐπεὶ
2854 3712 2948 3771 οὖν
2982 3718 3091 3771 τῶν
3125 3720 3185 3770 ὲν
3213 3714 3398 3786 σχέσει
3431 3720 3460 3788 ἡ
3495 3713 3668 3786 εἰκὼν,

2100 3807 2190 3862 διὰ
2235 3806 2398 3862 τοῦτο
2431 3805 2527 3859 καὶ
2555 3805 2940 3873 συνδοξάζεται
2969 3807 3048 3878 τῷ
3081 3809 3432 3881 πρωτοτύπῳ
3466 3808 3672 3878 δοξαζο-

2103 3902 2273 3972 μένῳ,
2301 3901 2396 3955 καὶ
2441 3900 2682 3972 ἔμπαλιν
2731 3903 3072 3974 ἠτιμωμένῳ
3111 3903 3530 3974 συνατιμοῦται.
3567 3901 3671 3970 Τῆς

2097 3994 2366 4065 διαφορᾶς
2403 3989 2496 4047 οὖν
2545 3995 2602 4045 ἐν
2647 3993 2860 4058 τούτοις
2912 3995 3326 4066 γνωριζομένης
3389 3997 3451 4049 ἐκ
3491 4011 3548 4046 τε
3585 3991 3670 4046 τοῦ

2097 4085 2280 4154 λόγου,
2317 4085 2412 4139 καὶ
2443 4084 2538 4138 τοῦ
2576 4086 2830 4156 ὁρισμοῦ,
2865 4087 2965 4157 τῆς
2989 4089 3047 4143 δὲ
3079 4088 3303 4160 γραφῆς
3341 4089 3454 4142 τῶν
3485 4087 3669 4152 ἔξωθεν

2097 4179 2286 4248 οὔσης,
2331 4181 2428 4234 καὶ
2468 4181 2625 4234 ούὸὲν
2659 4182 3128 4256 ὲπικοινωνούσης
3191 4185 3266 4254 τῷ
3315 4183 3529 4257 ὁρισρῷ
3579 4183 3670 4250 τῆς

2097 4272 2311 4337 οὐσίας,
2349 4275 2402 4324 τί
2429 4273 2606 4342 μάτην
2639 4273 2689 4325 οἱ
2714 4273 2781 4327 δι’
2810 4275 3061 4338 ἐναντίας
3100 4276 3486 4346 ταράττονται,
3537 4275 3666 4328 διαι-

2100 4365 2312 4434 ρεῖσθαι
2347 4364 2598 4430 ἐντεῦθεν
2628 4366 2696 4418 τὰ
2727 4366 2974 4434 φυσικῶς
3019 4368 3284 4438 ἡνωμένα
3319 4369 3666 4436 δοξάζοντεςς

2111 4453 2505 4526 Ἐμϐρόντητοι
2555 4451 2650 4508 οὖν
2703 4457 2797 4509 καὶ
2853 4458 3219 4532 παραπλῆγες
3242 4461 3494 4523 οείκὸτως
3529 4474 3670 4534 νομι-

409 4531 727 4590 substanliaa
773 4538 1123 4605 definitione;
1171 4559 1270 4597 cur
1327 4545 1604 4618 incassum
1689 4553 1990 4608 adversarii

2107 4547 2416 4626 σθήσονται.

411 4627 706 4693 trepidant,
777 4629 945 4684 dividi
999 4633 1086 4687 hic
1111 4626 1432 4712 naturaliter
1482 4640 1633 4705 unita
1692 4647 1989 4719 putantes?

409 4717 605 4772 stolidi
641 4719 812 4788 igitur
841 4725 1168 4798 attonitique
1202 4730 1397 4796 merito
1435 4737 1853 4800 reputabuntur.

477 4810 570 4866 3i.
611 4809 732 4866 Jatu
765 4813 810 4868 si
843 4827 1059 4884 oportet
1089 4819 1272 4876 dicere
1315 4823 1480 4894 etiam
1535 4829 1676 4882 unde
1718 4829 1836 4882 icon
1883 4847 1985 4884 nn-

406 4917 532 4956 tnen
562 4904 873 4971 provenerit
909 4905 1314 4981 {armatumque
1365 4915 1460 4980 sit,
1514 4919 1857 4990 etymologiae
1899 4939 1987 4978 ra—

406 4993 607 5048 tionem
641 5007 934 5068 sequentes
973 4999 1203 5058 dicimus
1235 5019 1356 5060 esse
1383 5023 1412 5060 a
1459 5011 1626 5063 verbo
1650 5010 1808 5074 εἴκω,
1844 5017 1989 5083 quod

405 5085 624 5153 quidem
659 5096 716 5141 et
746 5086 884 5144 alias
916 5089 1126 5160 aliquot
1174 5096 1339 5150 liabet
1385 5099 1838 5169 significationes,
1891 5108 1986 5166 sed

405 5179 624 5246 proprie
647 5179 921 5250 signiﬁcat
949 5200 962 5236 :
986 5181 1192 5243 Similis
1216 5205 1358 5242 sum.
1375 5189 1449 5244 Ειι
1472 5193 1572 5246 boe
1597 5193 1778 5265 itaque
1811 5199 1980 5260 verbo

404 5269 558 5346 εἴκω,
595 5286 875 5344 assumpta
915 5275 1096 5332 littera
1128 5297 1178 5347 ν,
1215 5281 1274 5334 ﬁt
1319 5281 1508 5348 εἰκὼν,
1543 5298 1668 5355 quae
1712 5289 1988 5356 signiﬁcat

406 5362 844 5422 similitudinem.
878 5365 1086 5424 Idcirco
1115 5381 1300 5425 autem
1333 5372 1454 5426 icon
1491 5375 1746 5444 injuriam
1779 5383 1986 5448 patitur

408 5452 474 5506 ab
507 5452 757 5510 hostibus
788 5458 1060 5523 veritatis,
1091 5474 1210 5528 qua;
1238 5459 1458 5515 Christo
1483 5463 1822 5522 assimilatur
1849 5469 1985 5541 (39).

407 5539 576 5599 l‘urro
613 5559 680 5601 ex
717 5547 862 5604 dicto
901 5551 1087 5616 verbo,
1122 5565 1219 5606 cett
1247 5553 1518 5623 principio
1549 5559 1782 5625 quodam
1817 5539 1870 5614 et
1902 5539 1989 5614 ra-

407 5635 544 5702 dice,
581 5639 802 5694 verbum
843 5657 1060 5712 quoque
1091 5641 1238 5696 ἔοικε
1289 5643 1579 5716 formatur,
1618 5653 1762 5719 quod
1805 5654 1982 5722 ipsum

2167 4825 2272 4894 λα’,
2299 4825 2361 4878 Ei
2386 4823 2444 4878 δὲ
2477 4825 2580 4896 χρὴ
2616 4825 2710 4894 καὶ
2735 4823 2861 4894 ὃθεν
2915 4828 3202 4898 παρῆκται
3253 4831 3348 4901 καὶ
3379 4829 3669 4908 ἐσχημάτι-

2099 4931 2224 4977 σται
2270 4915 2510 4985 τοῦνομα
2565 4919 2762 4983 εἰπεῖν,
2818 4919 2960 4972 κατά
3010 4921 3100 4973 τὸν
3160 4921 3262 4992 τῆς
3318 4922 3668 4995 ἐτυμολογίας

2093 5008 2320 5080 τρόπον,
2356 5007 2540 5079 φαμὲν
2577 5010 2663 5063 ὅτι
2695 5010 2804 5064 ἀπὸ
2837 5011 2933 5064 τοῦ
2961 5011 3102 5066 εἵκω
3133 5015 3404 5084 ῥήματος,
3435 5013 3464 5068 ὃ
3493 5015 3553 5086 δὴ
3579 5013 3667 5066 καὶ

2095 5103 2260 5174 ἕτερα
2293 5103 2393 5174 μέν
2447 5118 2569 5156 τινα
2620 5105 2900 5175 σημαίνει,
2939 5106 3262 5176 ἰδιοτρόπως
3299 5109 3358 5162 δὲ
3414 5107 3563 5180 δηλοί
3588 5105 3664 5168 τὸ,

2093 5195 2288 5266 ὀμοιῶ.
2334 5195 2428 5248 Ἐκ
2457 5194 2646 5250 τούτου
2677 5196 2772 5250 οὖν
2827 5197 2924 5250 τοῦ
2959 5197 3102 5252 εἵκω
3154 5199 3464 5271 προσλήψει
3508 5196 3600 5252 τοῦ
3631 5211 3668 5249 ν

2091 5287 2384 5356 στοιχείου,
2411 5288 2636 5356 γέγονεν
2666 5277 2972 5360 iniecitini}
2999 5293 3262 5360 σημαίνει
3291 5292 3353 5345 τὸ
3379 5291 3656 5363 ὁμοίωμα.

2088 5379 2182 5432 Διὸ
2207 5379 2300 5433 καὶ
2324 5379 2612 5450 ὑϐρίζεται
2653 5380 2803 5451 παρά
2839 5380 2950 5434 τῶν
2981 5381 3194 5454 ἐχθρῶν
3233 5383 3332 5454 τῆς
3385 5383 3658 5453 ἀληθείας.

2085 5473 2210 5544 ἥτις
2239 5474 2320 5544 τῷ
2352 5471 2576 5544 Χριστῷ
2613 5466 2764 5526 ἐστιν
2823 5475 3099 5546 ἐμφερής.
3147 5471 3242 5530 Ἐκ
3269 5477 3334 5549 δὴ
3383 5476 3477 5531 τοῦ
3525 5475 3664 5544 είρη·

2090 5563 2254 5633 μένου
2288 5563 2556 5636 ῥήματος,
2591 5563 2782 5634 ὥσπερ
2812 5565 2958 5629 τινος
2989 5567 3166 5637 ἀρχῆς
3207 5569 3302 5622 καὶ
3351 5565 3530 5637 ῥίζης.
3568 5563 3659 5618 καὶ

2085 5654 2147 5708 τὸ
2203 5654 2362 5709 ἔοικε
2413 5654 2568 5726 ῥῆμα
2619 5657 3044 5726 ἐσχημάτισται,
3079 5658 3108 5711 ὃ
3157 5657 3222 5730 δὴ
3267 5660 3362 5715 καὶ
3421 5656 3552 5713 αὐτὸ
3605 5653 3660 5706 τὲ

474 5791 588 5876 (ἐξελ)
634 5792 875 5878 Respicit
915 5797 980 5852 ad
1010 5797 1210 5855 Christi
1243 5801 1452 5857 Domini
1487 5803 1688 5860 dictum
1716 5806 1827 5878 Ege
1860 5825 1974 5862 sum
2018 5813 2228 5875 veritas,
2262 5809 2420 5867 Joan.
2466 5825 2574 5874 xw,
2610 5810 2664 5876 6,
2704 5817 2756 5867 ct
2791 5810 2942 5868 alibi.
