4050 6486
384 422 495 488 2'99

1422 422 1481 480 S.
1523 420 1943 481 NICEI’IIORI
1986 410 2492 480 ΡΑἸἩΙΛΗΕΞΙΕ
2530 421 2638 479 (ΖΡ.

3614 418 3731 482 300

386 538 749 604 lieterogenea
796 545 918 586 esse
960 531 1253 603 signiﬁcat.
1311 530 1455 587 Satis
1500 533 1602 587 hoc
1635 532 1793 587 nobis
1838 543 1961 602 per-

2077 534 2263 603 κρᾶμα
2296 532 2356 597 ἐξ
2382 533 2735 603 ἀμφοτέρων,
2788 531 2907 585 ούδὲ
2941 551 3023 596 τις
3052 531 3195 605 μίξις
3232 534 3364 586 τῶν
3402 530 3722 591 ἐναντίων,

385 627 615 681 suadeat
652 626 698 679 is
744 624 838 693 qui
895 624 1029 679 dicit
1072 640 1086 677 :
1148 645 1165 675 ι
1204 624 1447 679 Nondum
1498 634 1617 680 erat
1665 625 1964 691 cencretio,

386 734 563 788 neque
612 716 805 772 mistio
838 718 1240 787 oppositurum,
1278 738 1293 767 ι
1335 718 1402 772 de
1459 719 1697 772 humano
1745 732 1969 787 compo-

385 813 489 867 sito
520 810 634 881 (55)
671 810 949 865 disserens
990 820 1044 865 et
1093 810 1328 864 hominis
1375 809 1676 874 creatione,
1712 823 1872 877 quem
1901 825 1965 863 ex

386 904 652 959 invisibili
705 901 1022 971 visibiliqne
1072 910 1260 954 natura
1319 899 1638 965 formatum,
1672 899 1969 953 contrariis

382 984 539 1064 juxta
601 995 920 1056 collocatis,
982 977 1209 1047 scimus.
1267 992 1378 1047 Cur
1453 1006 1583 1061 ergo
1640 1006 1760 1044 cum
1825 992 1969 1045 dicat

387 1088 745 1157 compositam
781 1085 1115 1157 hypostasim
1138 1128 1152 1149 ,
1200 1085 1591 1137 convenientes
1626 1098 1840 1153 quoque
1871 1098 1968 1136 na-

391 1180 524 1231 turis
559 1178 757 1246 agnitis
806 1174 1102 1243 qualitates
1130 1172 1361 1228 libenter
1406 1184 1638 1242 apteque
1674 1187 1779 1225 non
1808 1172 1967 1225 attri-

387 1270 552 1326 buit?
581 1269 720 1322 Nam
750 1268 794 1321 si
822 1266 930 1339 55
958 1266 1177 1319 visihlle
1201 1266 1543 1319 contrarium
1566 1275 1650 1318 est
1683 1263 1967 1330 invisibili,

384 1371 441 1417 et
475 1360 734 1429 tangibile
786 1358 1117 1429 intangibili,
1153 1367 1209 1412 et
1241 1357 1600 1427 corruptibile
1642 1356 1972 1426 incorrupti-

386 1457 505 1521 bili,
551 1466 604 1509 et
641 1456 795 1522 siqua
839 1454 945 1505 alia
982 1451 1191 1521 pariter
1242 1451 1476 1505 invicem
1526 1460 1654 1505 sunt
1698 1450 1970 1519 opposita,

383 1564 559 1618 eaque
581 1549 634 1602 in
673 1563 778 1601 una
803 1545 1111 1612 cadentque
1133 1544 1336 1598 Christi
1371 1559 1606 1614 persona
1630 1552 1969 1613 spectantur,

383 1643 574 1712 quidni
614 1642 785 1695 altera
848 1654 1067 1709 quoque
1115 1639 1481 1692 antithesisiu
1519 1638 1710 1691 eodem
1750 1636 1973 1690 Christo

382 1733 747 1802 spcctabitur,
775 1731 1255 1801 circumscriptum
1291 1730 1413 1785 dico
1463 1741 1520 1785 et
1563 1730 1971 1785 incircumscri-

384 1828 577 1900 ptum?
636 1824 772 1880 Nam
817 1827 906 1894 qui
970 1839 1190 1879 carnem
1266 1822 1796 1893 incircumscriptam
1852 1836 1973 1876 esse

384 1924 567 1987 docet,
624 1918 759 1973 nihil
796 1917 942 1970 aliud
984 1916 1086 1976 ait.
1118 1915 1220 1969 nisi
1258 1915 1389 1968 nihil
1441 1914 1681 1969 divinam
1720 1927 1968 1968 naturain

2077 1928 2160 1964 σει
2197 1912 2229 1982 ἡ
2282 1911 2402 1964 Θεία
2434 1908 2595 1980 φύσις
2648 1911 2746 1981 τῆς
2782 1911 3134 1981 ἀνθρωπίνης
3162 1950 3177 1972 .

383 2014 452 2067 ab
486 2014 727 2066 humana
773 2006 1017 2072 differre,
1051 2006 1165 2061 sive
1201 2021 1312 2060 rem
1347 2007 1648 2060 increatam
1682 2022 1710 2059 a
1743 2014 1923 2059 creata
1954 2021 1967 2058 :

382 2104 489 2156 huc
517 2097 660 2154 enim
691 2105 985 2165 utrumque
1031 2096 1263 2160 recidit;
1291 2094 1603 2165 frustraque
1635 2095 1748 2163 jam
1799 2094 1887 2149 ille
1918 2104 1975 2148 et

383 2191 772 2262 intempestive
800 2189 1032 2244 duarum
1072 2196 1387 2242 naturarum
1438 2189 1772 2243 mentionem
1811 2185 1967 2241 facit.

381 2283 499 2339 Nisi
540 2284 689 2337 enim
744 2281 962 2347 utrique
1002 2289 1210 2333 natura:
1252 2278 1547 2348 qualitates
1596 2280 1852 2350 preprize,
1906 2294 1971 2333 ex

384 2376 586 2445 quibus
602 2384 866 2429 constant
902 2371 1296 2437 attribuantur,
1332 2372 1408 2426 ita
1433 2373 1569 2425 utin
1602 2374 1716 2425 suis
1745 2385 1973 2441 qumque

386 2466 819 2540 proprietatibus
846 2474 1199 2535 agnost-atur,
1249 2464 1519 2518 undeuam
1557 2464 1712 2518 nobis
1731 2462 1843 2532 jam
1878 2477 1973 2533 ap-

384 2560 657 2631 parebunt
713 2558 994 2612 naturales
1037 2556 1303 2625 Opposita:
1353 2554 1699 2619 dill'eréutiae,
1738 2564 1794 2609 et
1840 2554 1969 2608 sub-

383 2653 673 2709 stantiales
724 2649 1058 2720 qualitates?
1093 2648 1511 2717 Comperientur
1568 2647 1748 2718 itaque
1805 2662 1970 2700 nntnn

385 2746 514 2815 quid
544 2758 667 2800 esse
692 2759 812 2814 qua:
845 2748 973 2796 sunt
991 2740 1273 2812 opposita;
1314 2741 1459 2810 quod
1488 2750 1572 2795 est
1607 2738 1967 2809 impossibile.

457 2859 549 2913 40.
596 2859 922 2910 Arianorum
955 2862 1093 2908 sunt
1115 2853 1231 2907 lucc
1264 2864 1361 2908 nec
1399 2868 1504 2906 non
1550 2851 1883 2923 Apollinaris
1919 2862 1974 2907 et

389 2949 731 3023 Eutychetis,
759 2960 813 3003 et
837 2945 1299 3003 confusanearum
1331 2944 1824 3015 acephalarumque
1851 2959 1974 3013 par-

391 3039 526 3098 tium
558 3051 774 3113 spectra
803 3050 859 3095 ct
906 3038 1268 3109 sophismata,
1303 3052 1535 3106 quorum
1583 3036 1795 3107 aliquot
1824 3052 1976 3091 com-

390 3148 605 3206 parata,
659 3145 840 3192 utrum
895 3132 965 3187 ab
1017 3133 1123 3188 illis
1158 3132 1428 3186 Mantonm
1478 3130 1746 3197 differant,
1798 3132 1972 3202 palam

2026 676 2033 681 ,
2072 624 2203 695 περὶ
2242 622 2337 676 τοῦ
2371 624 2718 694 ανθρωπεῖου
2767 623 3077 693 φιλοσοφῶν
3130 623 3582 693 συγκρίματος,
3626 625 3727 674 καὶ

2068 714 2170 783 τῆς
2195 713 2336 768 κατὰ
2364 715 2454 766 τὸν
2478 713 2768 784 ἄνθρωπον
2793 714 3177 784 δημιουργίας,
3214 713 3282 781 ἐξ
3314 713 3589 784 ἀοράτου
3624 713 3730 766 καὶ

2070 807 2273 876 ὁρατῆς
2307 805 2524 873 φύσεως
2569 804 2994 869 διαπλασθέντα,
3048 806 3154 858 τῶν
3197 805 3501 859 ἐναντίων
3546 803 3729 874 ἁ).λή-

2071 900 2185 961 ).οις
2219 897 2491 967 κειμένων
2525 897 2833 969 προδήλως.
2871 898 2938 950 Τί
2974 898 3039 968 δὴ
3068 893 3163 951 οὖν
3199 897 3499 951 σύνθετον
3533 896 3727 965 λέγων

2070 992 2170 1060 τὴν
2204 991 2529 1053 ὑπόστασιν,
2582 989 2656 1061 μὴ
2692 990 2789 1043 καὶ
2836 990 2905 1044 τά
2958 991 3250 1061 πρόσφορα
3298 990 3424 1041 τῶν
3477 990 3542 1041 ἐν
3574 990 3724 1061 αὐτῇ

2074 1083 2490 1155 θεωρουμένων,
2524 1082 2887 1153 εὐγνωμόνως
2921 1084 3014 1135 καὶ
3040 1082 3264 1143 οἰκείως
3300 1080 3721 1144 ἀποδέδωκεν;

2072 1174 2136 1229 Εἰ
2172 1176 2284 1246 γὰρ
2309 1174 2556 1227 ἐναντίον
2580 1175 2642 1227 τὸ
2670 1175 2868 1244 ὁρατὸν
2897 1174 2974 1244 τῷ
3007 1176 3248 1245 ἀοράτῳ,
3285 1172 3399 1227 καὶ
3430 1172 3501 1226 τὸ
3534 1172 3724 1227 ἁπτδιν

2070 1269 2147 1339 τῷ
2176 1270 2394 1339 ἁναφεῖ,
2430 1269 2523 1321 καὶ
2552 1268 2613 1320 τὸ
2654 1266 2893 1338 φθαρτὸν
2922 1266 2998 1337 τῷ
3028 1265 3326 1337 ἀφθάρτῳ,
3369 1265 3475 1318 καὶ
3513 1264 3581 1317 τὸ
3612 1280 3725 1316 πα·

2072 1361 2234 1431 θητὸν
2268 1361 2347 1431 τῷ
2379 1360 2617 1424 ἀπαθεῖ,
2644 1360 2741 1413 καὶ
2772 1358 2825 1412 εί
2856 1376 2908 1413 τι
2942 1359 3151 1423 τούτοις
3183 1359 3410 1431 ὁμοίως
3446 1357 3724 1430 ἀλλήλοις

2074 1454 2418 1516 ἀντίκειται,
2454 1454 2549 1505 καὶ
2582 1452 2706 1522 περὶ
2744 1451 2803 1504 ἒν
2837 1453 2933 1506 καὶ
2973 1453 3035 1505 τὸ
3069 1452 3200 1506 αὐτὸ
3231 1451 3572 1521 πρόσωπον
3620 1449 3719 1502 τοῦ

2074 1542 2315 1614 Χριστοῦ
2351 1543 2723 1615 θεωροῦνται,
2752 1545 2877 1597 ὅτου
2916 1544 2980 1614 δὴ
3023 1545 3184 1615 χάριν
3213 1543 3295 1613 μὴ
3333 1542 3441 1595 καὶ
3473 1543 3509 1611 ἡ
3544 1541 3721 1609 ἑτέρα

2075 1633 2357 1697 ἁκτίθεσις
2404 1634 2494 1687 ἐπ’
2522 1633 2670 1704 αὐτῷ
2712 1632 3162 1705 θεωρηθήσεται·
3197 1633 3263 1686 τὸ
3297 1633 3720 1703 περιγραπτδν

2074 1726 2218 1796 λέγω
2247 1727 2340 1779 καὶ
2370 1726 2830 1799 ἁπερίγραπτονς
2869 1727 3327 1798 ’Ᾱπερίγραπτον
3352 1724 3479 1796 γὰρ
3513 1724 3714 1791 εἰσφέ-

2081 1836 2189 1889 ρων
2218 1819 2318 1888 τὴν
2346 1819 2529 1889 σάρκα
2549 1859 2564 1884 ,
2594 1818 2749 1871 οὐδὲν
2780 1818 2969 1888 ἕτερον
2996 1818 3144 1886 λέγει
3174 1817 3207 1888 ἢ
3238 1818 3331 1870 ὅτι
3360 1816 3536 1869 οὐδὲν
3572 1815 3714 1868 διοί-

3030 1895 3134 1979 Ῐνης
3162 1950 3177 1972 ,
3233 1909 3269 1979 ἢ
3324 1909 3397 1961 τὸ
3434 1909 3712 1963 άκτιστον

2073 2004 2170 2056 τοῦ
2216 2003 2472 2058 κτιστοῦο
2508 2004 2586 2067 είς
2635 2003 2835 2054 ταύτὴν
2882 2002 2992 2071 γὰρ
3026 2002 3183 2073 φέρει
3224 2003 3565 2074 ἀμφότερα,
3616 2003 3712 2055 καὶ

2076 2095 2337 2168 περισσὸν
2368 2093 2520 2165 αὐτῷ
2551 2096 2647 2148 καὶ
2682 2096 2913 2166 ἄκαιρον
2948 2095 3057 2147 τῶν
3082 2095 3176 2148 δύο
3203 2095 3443 2164 φύσεων
3478 2095 3578 2147 τὸν
3614 2094 3706 2148 λό’

2072 2204 2171 2257 γον
2202 2185 2676 2259 προχειρίζεσθαι.
2706 2186 2767 2238 Et
2800 2185 2876 2257 μὴ
2915 2185 3023 2255 γὰρ
3047 2185 3292 2256 ἑκατέρᾳ
3325 2185 3447 2238 τῶν
3476 2185 3708 2255 φύσεων

2072 2280 2143 2333 τὰ
2172 2281 2351 2333 οἰκεῖα
2383 2278 2476 2331 και
2517 2277 2544 2331 ὃ
2581 2279 2825 2345 πέφυκεν
2858 2275 2997 2344 αὑτὴ
3020 2315 3036 2340 ,
3078 2275 3382 2346 ἀποδοθείη
3419 2272 3723 2346 γνωριζιῖ
3798 2270 3804 2279 ’

2078 2370 2215 2443 μένῃ
2244 2372 2365 2433 ταῖς
2399 2368 2647 2437 ἰδιότησι,
2677 2366 2780 2419 ποῦ
2808 2367 2941 2436 ἡμῖν
2966 2367 3308 2436 φανήσονται
3344 2367 3409 2420 uti
3443 2366 3702 2420 ἐναντίαι

2073 2464 2170 2518 καὶ
2202 2462 2426 2532 φυσικαὶ
2455 2459 2715 2531 διαφοραὶ
2751 2459 2846 2513 καὶ
2881 2457 3165 2521 οὐσιιῦδεις
3194 2458 3552 2530 ποιότητες;
3588 2459 3699 2512 Καὶ

2075 2553 2437 2626 εὑρεθήσεται
2480 2551 2539 2608 ἓν
2575 2551 2673 2609 καὶ
2720 2550 2918 2604 ταύτὸν
2956 2549 3026 2604 τὰ
3058 2550 3319 2617 ἐναντία,
3371 2553 3522 2624 ὅπερ
3577 2551 3702 2605 ἀδύ-

2074 2662 2255 2701 νατον.

2144 2874 2224 2946 μ’.
2273 2874 2572 2947 ’Δρειανῶν
2600 2874 2778 2929 ταῦτα
2812 2873 2908 2928 καὶ
2949 2874 3339 2945 ’Δπολιναρίου
3374 2877 3480 2929 καὶ
3508 2876 3692 2929 Εὐτυ-

2072 2967 2226 3038 χοῢς,
2264 2967 2363 3022 καὶ
2396 2968 2495 3039 τῆς
2544 2965 2882 3037 συγχυτικῆς
2916 2966 3010 3020 καὶ
3051 2966 3340 3035 ἀκεφάλου
3378 2967 3592 3037 μοίρας
3624 2966 3694 3019 τὰ

2076 3058 2342 3131 φάσματα
2392 3058 2487 3111 καὶ
2540 3056 2890 3126 σοφίσματα,
2944 3048 3020 3110 ὧν
3063 3072 3190 3109 τινα
3256 3055 3687 3127 παρατεθέντα,

2076 3152 2199 3205 ὅσον
2228 3149 2421 3203 διοίσει
2462 3148 2573 3203 τῶν
2614 3148 2830 3203 ἐκείνου
2851 3187 2866 3212 ,
2897 3149 3177 3219 ἐμφανιεῖ.
3212 3143 3351 3204 ’Ὧδε
3385 3149 3505 3219 γὰρ
3541 3151 3692 3218 ἔχει’

390 3228 614 3282 facient.
644 3225 735 3281 Sic
766 3225 912 3280 enim
943 3224 1032 3277 hic
1080 3230 1269 3277 noster
1299 3237 1312 3274 :
1356 3240 1375 3272 ι
1408 3219 1490 3276 Ita
1518 3232 1576 3275 ut
1614 3236 1839 3277 carnem
1891 3221 1972 3275 di-

2086 3258 2107 3293 ι
2148 3240 2313 3294 Ὥστε
2368 3238 2551 3309 σάρκα
2608 3238 2890 3308 λέγοντες,
2953 3239 3012 3290 οὐ
3064 3238 3125 3291 τὸ
3181 3241 3397 3294 οἰκεῖον
3452 3240 3690 3310 ἔχουσαν

388 3330 603 3384 centes,
631 3335 752 3390 qua:
784 3334 893 3372 non
928 3318 1205 3387 propriam
1226 3315 1320 3370 sed
1355 3313 1449 3369 Dei
1475 3315 1639 3371 habet
1662 3330 1973 3384 personam,

393 3414 564 3467 Deum
591 3413 646 3465 in
671 3411 857 3465 divina
889 3409 1176 3474 majestate
1198 3406 1578 3475 prmdicemus.
1612 3425 1630 3458 ι
1654 3406 1721 3459 Ει
1746 3422 1974 3461 rursus:

396 3524 415 3555 ι
461 3504 520 3559 Si
560 3502 703 3557 enim
755 3501 962 3570 quiest
1002 3514 1067 3553 ex
1110 3496 1356 3569 Virgine,
1392 3514 1533 3553 unus
1573 3498 1833 3554 Dominae
1878 3513 1975 3568 ap-

392 3596 629 3665 pcllatus
647 3600 768 3659 ‘est,
801 3604 855 3646 et
885 3592 1004 3662 ipse
1037 3600 1119 3645 cst
1144 3606 1239 3660 per
1265 3604 1424 3660 quem
1455 3590 1639 3644 omnia
1674 3588 1815 3645 iacta
1829 3598 1975 3656 sunt,

393 3704 499 3742 una
552 3689 744 3756 utique
776 3695 969 3739 natura
1001 3691 1109 3750 est,
1137 3684 1396 3753 quoniam
1440 3698 1546 3737 una
1596 3698 1826 3752 persona
1868 3698 1975 3737 non

392 3782 597 3848 patitur
629 3780 680 3833 in
737 3778 846 3832 duo
887 3776 1213 3832 divisionem
1259 3795 1273 3831 :
1309 3776 1749 3847 quandoquidem
1801 3791 1979 3845 neque

392 3874 614 3943 propria
671 3882 868 3925 natura
905 3870 1178 3940 corporis,
1215 3879 1270 3923 et
1300 3869 1522 3940 propria
1573 3880 1769 3923 natura
1804 3869 1977 3924 deitas

391 3963 695 4018 secundum
750 3976 971 4017 carnen‘i
1016 3961 1154 4017 :sed
1209 3970 1266 4014 ut
1302 3961 1464 4016 homo
1512 3976 1616 4015 una
1649 3970 1866 4026 natura,
1899 3960 1977 4015 sic

394 4057 558 4111 etiam
593 4055 649 4108 in
684 4053 1097 4109 similitudinem
1125 4052 1406 4106 hominum
1438 4054 1617 4109 iactus
1644 4053 1917 4108 Christus.
1953 4070 1971 4102 ι

398 4147 670 4215 Quoniam
704 4143 795 4201 hic
821 4146 986 4216 igitur
1021 4160 1176 4215 aeque
1203 4160 1267 4199 ac
1291 4144 1365 4199 illi
1395 4144 1657 4215 loquitur,
1690 4153 1979 4199 consenta-

397 4253 560 4293 neum
593 4236 642 4291 ei
677 4246 820 4302 erat,
850 4245 908 4290 ut
939 4245 990 4293 et
1018 4251 1181 4290 unam
1214 4245 1465 4290 naturain
1500 4235 1553 4290 in
1583 4234 1804 4290 Christo
1826 4237 1973 4290 dice-

397 4339 482 4384 rct
513 4344 578 4383 ex
613 4328 880 4384 ambabus
924 4330 1305 4399 compositam,
1350 4346 1416 4384 ne
1466 4332 1646 4383 minus
1680 4344 1847 4398 quant
1903 4327 1977 4382 illi

389 4435 622 4492 peccare
653 4421 938 4478 videretur
996 4442 1008 4475 :
1066 4438 1297 4492 quorum
1335 4424 1421 4476 hic
1454 4438 1644 4494 reapse
1703 4425 1978 4493 impietate

399 4530 466 4569 ac
504 4514 841 4583 blasphemia
866 4515 1149 4580 laborans,
1180 4530 1431 4584 magnam
1457 4515 1599 4568 illam
1629 4525 1683 4569 et
1719 4529 1977 4569 numero-

2080 3330 2375 3402 πρόσωπον
2414 3329 2552 3384 ἀλλὰ
2600 3333 2660 3383 τὸ
2683 3329 2778 3384 τοῦ
2808 3329 2974 3398 Θεοῦ,
3008 3329 3142 3384 Θεὸν
3172 3331 3232 3383 ὲν
3258 3334 3332 3403 τῇ
3368 3332 3535 3402 θεῖκῇ
3559 3329 3687 3402 δόξῃ

2077 3422 2453 3493 κηρύσσομεν.
2496 3442 2514 3475 ι
2552 3422 2664 3475 Καὶ
2692 3417 2884 3486 αὖθις·
2927 3440 2945 3473 ι
2982 3423 3045 3477 Ei
3078 3423 3187 3494 γὰρ
3220 3424 3250 3475 ὁ
3279 3426 3349 3478 ὲκ
3381 3426 3490 3494 τῆς
3538 3425 3685 3495 Παρ-

2077 3514 2235 3567 θένου
2267 3509 2349 3578 εἷς
2373 3513 2581 3583 Κύριος
2620 3513 2976 3584 ὠνόμασται,
3019 3514 3115 3567 καὶ
3143 3516 3312 3579 αὐτός
3364 3518 3491 3569 ἐστι
3530 3516 3600 3569 δι’
3623 3507 3683 3568 οὗ

2076 3606 2145 3661 τὰ
2171 3606 2350 3659 πάντα
2374 3605 2591 3673 γέγονε,
2621 3605 2722 3676 μία
2744 3605 2909 3675 φύσις
2934 3607 3105 3673 ἐστὶν,
3138 3607 3339 3676 ἐπειδὴ
3383 3607 3684 3678 πρόσωπον

2069 3696 2135 3751 ,ἓν
2168 3698 2269 3750 οὐκ
2298 3696 2421 3768 ἔχον
2448 3697 2528 3760 είς
2552 3695 2647 3749 δύο
2687 3696 2955 3768 διαίρεσιν
2976 3714 2989 3727 ·
3016 3697 3140 3749 ἐπεὶ
3160 3695 3249 3767 μὴ
3282 3696 3344 3751 δὲ
3383 3697 3497 3751 ίδία
3519 3696 3684 3766 φύσις

2080 3787 2356 3858 σώματος,
2388 3787 2482 3840 καὶ
2516 3787 2624 3840 ἰδία
2656 3789 2821 3855 φύσις
2859 3787 2891 3856 ἡ
2925 3785 3117 3857 θεότης
3145 3787 3292 3840 κατὰ
3326 3787 3431 3859 τὴν
3463 3788 3679 3858 σάρκα⁴

2076 3879 2191 3933 ἀλλ’
2221 3879 2296 3940 ὡς
2320 3879 2611 3951 ἄνθρωπος
2642 3879 2741 3949 μία
2778 3879 2963 3948 φύσις,
2986 3875 3157 3940 οὕτως
3193 3880 3290 3932 καὶ
3332 3883 3362 3932 ὁ
3387 3882 3447 3932 ὲν
3478 3878 3681 3951 ὁμοιώο

2081 3988 2212 4042 ματι
2258 3968 2569 4041 ἀνθρώπων
2626 3971 2926 4040 γενόμενος
2974 3967 3236 4037 Χριστός.
3294 3990 3314 4020 ι
3379 3970 3539 4023 Ἐπεὶ
3586 3964 3678 4022 οὖν

2076 4046 2290 4126 τούτοις
2319 4060 2758 4132 συμφθέγγεται,
2792 4063 3089 4118 ἀκόλουθον
3112 4059 3178 4133 ἦν
3215 4063 3371 4132 αὐτῷ
3411 4065 3509 4116 καὶ
3550 4063 3678 4132 μίαν

2080 4154 2243 4223 φύσιν
2279 4153 2463 4223 λέγειν
2509 4156 2886 4227 συγκειμένην
2935 4154 2998 4220 ἐξ
3028 4157 3232 4225 ἀμφοῖν
3277 4157 3376 4209 ἐπὶ
3409 4155 3507 4211 τοῦ
3537 4157 3676 4226 Χρι-

2081 4245 2233 4309 στοῦ,
2273 4247 2363 4301 ίνα
2416 4246 2912 4318 συνεξαμαρτάνων
2962 4251 3148 4312 αὐτοῖς
3198 4252 3266 4321 τῇ
3320 4250 3560 4319 ἀσεϐείᾳ
3599 4247 3674 4318 μὴ

2078 4337 2334 4409 καθυφῇ’
2387 4338 2596 4391 τούτων
2643 4339 2750 4408 γὰρ
2784 4339 2845 4392 τὸ
2888 4338 3053 4393 ἄθεον
3093 4338 3264 4403 ὖντως
3298 4342 3400 4394 καὶ
3433 4340 3673 4409 βλάσφη-

2082 4447 2181 4500 μον
2210 4429 2406 4494 νοσῶν,
2437 4429 2537 4500 τὴν
2582 4430 2830 4501 μεγάλην
2858 4430 3077 4501 εκείνην
3104 4433 3197 4484 καὶ
3237 4431 3672 4502 πολυάνθρωπον

2084 4521 2239 4592 ίερὰν
2269 4521 2488 4576 σύνοδον
2524 4520 2792 4591 ἀθετῆσαι
2838 4521 3196 4587 ἐσπούδασεν,
3239 4522 3366 4593 ἥτις
3424 4523 3517 4576 τὸν
3546 4519 3670 4591 περὶ

389 4608 667 4662 sissimam
695 4609 915 4662 abolere
939 4610 1136 4678 sategit
1159 4624 1372 4662 sacram
1396 4612 1658 4678 synodum
1695 4609 1831 4681 (54),
1856 4625 1972 4681 quae

2080 4613 2180 4682 τῆς
2216 4613 2360 4666 κατὰ
2392 4612 2629 4683 Χριστὸν
2660 4613 3015 4676 ὑποστάσεως
3063 4613 3158 4666 καὶ⁵
3197 4612 3305 4666 τῶν
3354 4612 3479 4667 κατ’
3509 4610 3669 4665 αὐ.ὸν

397 4699 713 4753 dat-trinam
745 4699 811 4753 de
841 4699 1042 4754 Christi
1073 4701 1375 4772 hyposlasi,
1396 4703 1567 4770 deque
1587 4703 1704 4770 ejus
1743 4704 1974 4768 naturis,

393 4791 580 4846 divino
612 4790 827 4862 Spiritu
881 4805 1125 4861 permota
1160 4794 1474 4859 ediSseruit,
1509 4793 1708 4849 divina:
1752 4809 1976 4850 (eoeno-

396 4883 518 4936 mia:
560 4886 880 4952 mysterium
918 4884 1262 4940 manifestius
1315 4884 1469 4940 nobis
1513 4894 1565 4938 et
1608 4884 1811 4940 clarius
1840 4902 1981 4954 prte-

393 4972 599 5028 dieans.
1595 5023 1615 5031 -

464 5065 677 5119 Etenim
736 5064 913 5135 primo
949 5065 1491 5120 anitnadvertemhtm
1551 5076 1633 5120 est
1672 5065 1977 5121 Mamonam

331 5149 334 5153 ’
396 5158 483 5212 hic
529 5174 596 5213 ex
663 5157 875 5213 duabus
927 5172 1049 5211 esse
1105 5156 1388 5211 Christum
1451 5158 1662 5211 naturis
1715 5156 1976 5222 deﬁnire;

392 5252 580 5306 nescio
633 5252 817 5306 hercle
849 5266 956 5319 quo
1002 5249 1147 5317 jure,
1204 5251 1294 5318 qui
1347 5265 1414 5304 ne
1464 5264 1625 5301 unam
1678 5251 1893 5318 quidem
1930 5249 1977 5302 ei

394 5344 632 5397 formam
663 5343 824 5412 pauio
850 5354 975 5397 ante
1008 5342 1369 5397 concedebat.
1397 5336 1649 5394 Mtamen
1688 5340 1743 5396 in
1768 5339 1979 5396 duabus

394 5449 517 5489 esse
541 5437 752 5491 naturis
776 5437 1019 5490 nondum
1043 5432 1327 5488 Christum
1355 5434 1460 5488 dici
1484 5432 1552 5486 ab
1574 5447 1639 5487 eo
1661 5443 1809 5504 patet
1839 5433 1955 5503 (55)

471 5634 585 5705 (55)
626 5637 681 5689 In
708 5637 893 5691 codice
925 5634 1010 5691 est
1057 5632 1456 5703 συγκρίματος.
1500 5632 1602 5687 Sed
1650 5650 1747 5703 ego
1778 5634 1979 5693 λιιιειΙίιιὶ

400 5720 538 5775 συγκ
547 5708 616 5778 ρά
624 5724 812 5776 ματος.

470 5772 582 5849 (54)
607 5772 848 5849 Intelligo
868 5776 1140 5849 synodum
1169 5772 1689 5830 Chalcedonenscm.
1710 5772 1805 5832 Vel
1832 5787 1980 5833 certe

398 5845 579 5907 τςόοιε
616 5862 739 5917 cap.
776 5845 834 5918 (ᾗ,
861 5845 913 5915 νζ
950 5845 1037 5897 17.

2081 4707 2300 4776 φύσεων
2350 4706 2527 4773 λόγον,
2571 4703 2700 4774 θείῳ
2736 4704 3016 4777 Πνεύματι
3071 4705 3412 4776 κεκινημένη
3457 4701 3668 4771 διετρά-

2080 4815 2257 4862 νωσε,
2305 4796 2642 4867 σαφέστερον
2692 4798 2786 4851 καὶ
2836 4798 3193 4869 ἐκδηλότερον
3244 4799 3307 4852 τὸ
3354 4798 3454 4868 τῆς
3517 4794 3666 4856 θείας

2079 4887 2395 4958 οἰκονομίας
2422 4888 2721 4959 μυστήριον
2751 4890 2885 4958 ἡμῖν
2911 4888 3312 4961 διακηρύξασα.

3446 5022 3465 5051 Ι

2156 5067 2493 5139 Προσεκτέον
2519 5068 2630 5140 γὰρ
2666 5069 2958 5140 πρότερον,
2992 5069 3077 5122 ὅτι
3107 5072 3173 5122 ἐκ
3194 5068 3291 5123 δύο
3328 5069 3429 5140 μὲν
3455 5065 3663 5136 φύσεων

2086 5158 2325 5213 ἐνταῦθα
2359 5159 2681 5231 δογματίζει
2721 5159 2813 5214 τὸν
2856 5162 3094 5233 Χριστόν
3116 5178 3130 5191 ο
3175 5162 3276 5215 οὐκ
3315 5156 3411 5215 οἶδ’
3442 5160 3605 5220 ὅπως,
3635 5156 3663 5209 ά

2089 5251 2367 5323 μηδεμίαν
2410 5251 2561 5323 αὗτῷ
2617 5252 2836 5324 μορφὴν
2883 5253 2991 5323 πρὸ
3074 5253 3275 5325 μικροῦ
3347 5244 3661 5321 συγχωρῶν.

2099 5344 2189 5398 Ἐν
2236 5342 2359 5396 δυσὶ
2401 5344 2457 5397 δὲ
2500 5345 2664 5398 αὐτὸν
2720 5344 2970 5413 φύσεσιν,
3017 5344 3271 5414 οὐδαμῶς
3314 5345 3450 5404 τέως
3498 5333 3661 5392 εἰπὼν

2090 5436 2363 5507 φαίνεται.
2390 5438 2489 5509 Μή
2519 5440 2639 5491 ποτ’
2670 5435 2761 5491 οὖν
2794 5436 3075 5491 κάνταῦθα
3101 5438 3245 5491 κατὰ
3266 5435 3391 5497 τοὺς
3419 5428 3665 5486 διδασκά-

2163 5639 2275 5709 (55)
2311 5639 2666 5693 Notissimmn
2697 5647 2783 5693 est
2809 5637 3215 5709 Monopltysitas
3244 5635 3655 5709 orthodoxorum

2091 5707 2430 5778 argumentis
2461 5713 2764 5771 COIlVll'ltlS,
2794 5714 2971 5763 adhuc
3006 5707 3272 5778 refugium
3303 5707 3428 5759 illud
3464 5707 3653 5777 «μανει-

2085 5783 2233 5834 visse
2260 5792 2316 5833 ut
2340 5783 2585 5834 dicerent
2614 5782 2890 5833 Christum
2920 5796 3083 5832 unum
3112 5796 3178 5833 ex
3197 5779 3403 5832 duabus
3432 5781 3651 5827 naturis,

2024 5841 2041 5855 ⁸
2085 5864 2192 5904 non
2248 5859 2426 5903 tamen
2489 5850 2539 5903 in
2573 5851 2801 5905 duabus.
2846 5848 2902 5903 ld
2938 5858 3118 5903 autem
3177 5858 3287 5919 tum
3338 5857 3474 5913 saepe
3510 5838 3650 5900 alibi.
