4050 6420
371 351 479 425 301

1098 350 1726 422 ΑΝΤΙΗΒΙῙΕΤΞΟΗΞ
1778 361 1805 418 Ι
1845 360 2014 421 ADV.
2056 354 2651 421 CONSTANTINUM
2690 360 2904 439 COPR.

3531 358 3639 434 302

374 472 510 538 λους
530 471 717 537 αὐτοῦ,
760 471 850 524 διὰ
880 472 978 541 τὴν
1012 472 1140 542 μίαν
1170 472 1493 538 ὑπόστασιν,
1517 471 1613 525 καὶ
1642 470 1740 535 τὰς
1770 470 1959 540 φύσεις

2071 469 2211 524 Nunt
2271 486 2402 542 ergo
2458 470 2545 524 hic
2603 486 2844 539 quoque,
2919 470 3072 539 juxta
3130 474 3421 544 magistros
3479 491 3640 545 suos,

378 564 615 634 συγχεϊ;
664 562 725 615 τὸ
768 562 877 633 γὰρ
922 562 1299 633 περιγραπτὸν
1345 562 1650 635 περιελὼν,
1691 561 1948 633 δηλοῦται

376 653 479 707 καὶ
500 653 600 717 τὰς
629 652 823 715 λοιπὰς
851 651 951 722 τῆς
978 650 1179 722 σαρκὸς
1203 652 1641 723 ἁπαναινόμενος
1672 651 1958 722 διαφοράς.

390 742 454 795 '0
480 742 538 794 δὲ
569 740 730 794 τοῦτο
766 741 962 809 λέγων,
1009 740 1129 793 οὐδὲ
1171 740 1270 805 τὰς
1296 741 1393 809 τῆς
1418 741 1570 804 θείας
1607 742 1826 810 φύσεως
1862 757 1962 810 φυ-

376 832 533 898 λάξει
567 834 859 903 ἰδιότητας,
890 833 985 886 καὶ
1016 831 1142 885 οὔτε
1190 832 1577 905 περιγραπτὴν
1609 830 1732 886 οὔτε
1762 822 1962 901 ἀπερί-

377 941 631 995 γραπτον
679 925 778 994 τὴν
825 922 919 977 τοῦ
962 924 1171 996 Κυρίου
1217 924 1519 978 ὑπόστασιν
1570 924 1816 990 δέξεται·
1853 941 1964 976 τοι-

377 1015 542 1077 οῦτος
567 1017 679 1087 γάρ
701 1016 730 1068 ό
753 1016 854 1087 τῆς
881 1015 1198 1085 συγχύσεως
1227 1018 1429 1088 τρόπος
1449 1034 1463 1048 ο
1488 1016 1601 1069 οὐδ’
1624 1015 1885 1086 ὁπότερόν
1912 1034 1965 1068 τι

375 1106 496 1161 τῶν
527 1107 824 1177 ἡνωμένων
850 1107 1124 1161 δείκνυσιν
1150 1108 1462 1180 εδλικρινῶς
1486 1107 1567 1172 ὃν,
1607 1107 1797 1177 ἕτερον
1823 1106 1881 1159 δέ
1911 1124 1964 1158 τι

379 1204 670 1261 ἀποτελῶν
711 1204 788 1267 ὡς
836 1205 905 1259 τὰ
943 1206 1407 1277 συνεφθαρμένα·
1466 1206 1610 1260 καθά
1646 1205 1805 1260 τοῦτο
1865 1205 1965 1261 ίδοι

378 1315 471 1360 τις
489 1297 585 1350 καὶ
607 1296 699 1351 ἰπὶ
725 1298 824 1367 τῆς
869 1296 976 1350 τῶν
1010 1297 1230 1367 τηκτῶν
1264 1298 1578 1369 λεγομένων
1615 1297 1931 1369 συγχύσεως
1949 1338 1964 1360 ,

380 1390 486 1443 καὶ
509 1392 611 1459 τῆς
642 1390 751 1443 τῶν
788 1390 1129 1459 μεταλλικῶν
1155 1389 1406 1453 ένώσεως
1425 1405 1438 1418 ·
1470 1391 1569 1461 οὐχ
1595 1384 1756 1462 ἧττον
1783 1389 1838 1442 δὲ
1872 1390 1968 1442 καὶ

382 1483 481 1536 ἐπὶ
500 1482 606 1537 τῶν
628 1481 769 1536 κατὰ
795 1482 895 1553 τὴν
920 1482 1174 1556 ἰατρικὴν
1201 1481 1603 1553 συντιθεμένων
1636 1481 1965 1552 φαρμάκων,

382 1574 470 1629 ἔτι
498 1574 593 1628 καὶ
614 1574 708 1627 ἐπὶ
730 1575 829 1645 τῆς
857 1574 964 1628 τῶν
1002 1576 1285 1645 στοιχείων
1314 1573 1458 1627 κατὰ
1485 1568 1553 1627 τὰ
1581 1572 1813 1645 σώματα
1845 1590 1970 1626 συν-

382 1665 630 1735 δρομῆςο
664 1665 740 1728 ὡς
777 1664 931 1717 οὐδὲν
966 1664 1228 1736 καθαρῶς
1277 1667 1449 1729 ἐστιν,
1497 1664 1621 1718 οὔτε
1664 1665 1773 1736 γάρ
1806 1664 1967 1735 μόνον

385 1757 503 1827 πῦρ
529 1758 700 1818 ἐστιν,
731 1753 856 1809 οὔτε
883 1754 979 1826 γῆ,
1019 1753 1143 1808 οὔτε
1172 1772 1226 1807 τι
1268 1754 1380 1808 τῶν
1415 1754 1614 1808 ἄλλων.
1671 1755 1750 1808 Τά
1786 1770 1966 1822 παρα-

386 1848 596 1918 πλήσια
620 1846 677 1899 δὲ
712 1847 805 1900 καὶ
834 1845 964 1918 περὶ
993 1846 1102 1899 τῶν
1134 1845 1338 1900 διπλῶν
1371 1844 1666 1916 ἐνεργειῶν
1695 1845 1804 1898 τῶν
1828 1844 1969 1897 κατὰ

384 1936 624 2007 Χριστὸν
659 1935 1053 2006 θεωρουμένων
1096 1936 1412 2007 πεφρόνηκέ
1446 1952 1549 1988 που
1583 1935 1822 1998 πάντως.
1869 1934 1969 1987 Διά

389 2029 491 2099 τὴν
521 2028 647 2099 μίαν
677 2029 784 2098 γάρ
813 2026 1136 2090 ὑπόστασιν,
1174 2028 1269 2080 καὶ
1308 2026 1438 2097 μίαν
1467 2025 1752 2097 ἐνέργειαν
1794 2025 1968 2078 ἐδίδου

395 2120 491 2173 ἄν·
521 2118 759 2189 δειχθείη
812 2119 869 2171 δὲ
898 2118 991 2171 καὶ
1017 2116 1192 2181 οὕτως
1221 2114 1335 2181 τοῖς
1369 2118 1470 2186 τῆς
1506 2116 1824 2186 συγχύσεως
1875 2118 1970 2170 καὶ

403 2212 661 2282 δοκήσεως
677 2210 889 2281 καθηγη
898 2211 1151 2280 σαμένοις
1169 2210 1430 2280 ἑπόμενος
1444 2210 1803 2271 διδασκάλοις.
1821 2207 1972 2262 Καθ-

399 2305 533 2374 άπερ
561 2306 672 2373 γὰρ
720 2304 920 2355 ἐκεῖνοι
947 2302 1049 2371 τῆς
1097 2300 1191 2356 τοῦ
1221 2301 1457 2374 ἀριθμοῦ
1479 2300 1669 2363 δυάδος
1694 2298 1969 2363 δυσσεϐῶς

394 2394 483 2446 καὶ
526 2392 817 2462 κακοήθως
855 2389 1317 2463 έπιδραξάμενοι,
1366 2390 1425 2444 ὃν
1455 2391 1505 2442 oi
1544 2390 1644 2458 τῆς
1686 2388 1971 2451 εὐσεϐείας

390 2486 485 2537 καί
504 2483 598 2537 τοῦ
625 2483 788 2554 ὀρθοῦ
820 2484 1230 2553 προεστηκότες
1261 2481 1444 2550 λόγου,
1480 2482 1572 2535 ἐπὶ
1602 2480 1712 2534 τῶν
1742 2480 1835 2533 δύο
1867 2479 1968 2548 φύ-

389 2592 536 2631 σεων
565 2576 808 2640 εὐσεϐῶς
852 2577 1212 2647 ἐπρέσϐευον,
1258 2575 1355 2629 καὶ
1379 2568 1499 2628 εἶτα
1534 2574 1609 2636 ὡς
1634 2571 1808 2626 αἴτιον
1831 2571 1971 2624 διαι-

392 2668 597 2740 ρέσεως
628 2669 725 2738 τῆς
760 2669 905 2723 κατὰ
934 2666 1171 2738 Χριστὸν
1218 2667 1572 2731 ὑποστάσεως
1610 2650 1969 2736 προάγοντες,

389 2763 467 2825 ῶς
494 2760 528 2831 ἢ
557 2761 651 2815 δύο
684 2761 953 2831 πρόσωπα
972 2758 1062 2812 διὰ
1086 2759 1183 2821 τὰς
1217 2757 1411 2828 φύσεις
1437 2755 1782 2825 εἰσάγεσθαι,
1823 2756 1858 2828 ἢ
1882 2757 1969 2808 διὰ

388 2852 450 2905 τὸ
480 2851 539 2905 ἓν
573 2851 890 2921 πρόσωπον,
934 2850 1065 2920 μίαν
1100 2849 1157 2915 ἐξ
1204 2849 1453 2919 ἀνάγκης
1496 2848 1662 2917 φύσιν
1691 2847 1966 2911 δίδοσθαι,

386 2941 537 2999 οὕτω
560 2945 657 2997 καλ⁸
694 2935 851 3007 οὗτος
894 2946 960 3014 τῇ
1002 2944 1098 2997 τοῦ
1156 2944 1575 3013 άπεριγράπτου
1624 2944 1970 3014 προσπλεκό-

392 3051 557 3106 pavo;
578 3035 912 3100 λέξει,δοκεῖ
942 3034 1155 3105 βαθέως
1200 3035 1295 3087 καὶ
1327 3034 1468 3104 ἄγαν
1515 3034 1968 3101 κατασκευάζειν,

2066 571 2288 632 propter
2316 579 2479 616 uuam
2517 563 2855 634 hypostasim
2891 573 3115 619 naturas
3155 567 3364 634 pariter
3405 568 3638 622 confun-

2065 653 2186 709 dit?
2217 655 2353 708 Dum
2389 655 2532 710 enim
2588 655 3155 727 circumscriptionem
3202 659 3398 724 aufert,
3431 673 3643 716 Cuttslztl

2066 760 2189 800 eum
2236 756 2462 802 caeteras
2499 762 2719 818 quoque
2770 748 2954 803 carnis
3010 747 3346 807 differentias
3418 769 3637 823 negare.

2069 833 2238 891 Porro
2265 837 2357 905 qui
2383 838 2462 893 sic
2485 837 2747 908 loquitur,
2784 839 2832 894 is
2863 854 2932 894 ne
2962 840 3157 896 divime
3190 842 3405 910 quidem
3436 857 3643 898 natura:

2068 929 2429 997 proprietates
2481 931 2759 995 servabit,
2812 940 2864 986 et
2914 946 3092 999 nequc
3143 933 3641 1005 circumscriptam,

2070 1033 2246 1089 neque
2275 1020 2810 1093 incircumsm-iptam
2839 1023 3053 1079 Domini
3085 1025 3420 1096 hypostasim
3446 1030 3643 1082 admit-

2072 1120 2189 1176 tet;
2222 1111 2293 1165 ita
2319 1116 2464 1166 enim
2500 1112 2606 1167 fert
2634 1115 2973 1171 confusionis
3005 1118 3181 1183 ratio;
3214 1135 3390 1188 neque
3431 1133 3646 1175 utrum-

2068 1201 2203 1258 libet
2227 1205 2501 1258 unitorum
2532 1206 2778 1261 absolute
2800 1222 2895 1276 per
2911 1224 2969 1263 se
2991 1210 3258 1265 exsistens
3281 1212 3642 1277 demonstrat;

2073 1296 2167 1349 sed
2204 1296 2352 1349 aliud
2390 1298 2576 1355 nescio
2607 1300 2734 1366 quid
2769 1300 3009 1368 exhibet,
3058 1314 3116 1356 ut
3148 1303 3209 1356 fit
3251 1304 3301 1357 in
3336 1306 3645 1374 corruptio-

2072 1385 2268 1452 uibus;
2326 1387 2488 1442 veluti
2535 1404 2763 1445 cernere
2808 1391 2934 1447 licet
2962 1394 3013 1446 in
3068 1394 3395 1463 liquidorum
3452 1397 3648 1452 confu-

2070 1475 2243 1541 sione,
2277 1491 2343 1531 ac
2374 1478 2717 1532 metallorum
2763 1496 3050 1552 compage,
3100 1484 3341 1554 itemque
3382 1487 3434 1539 in
3478 1488 3649 1541 medi-

2070 1565 2331 1620 einalium
2365 1570 2786 1637 compositione,
2819 1580 2875 1627 et
2900 1572 3137 1642 denique
3165 1575 3215 1628 in
3253 1576 3646 1632 elementorum

2074 1657 2137 1709 ad
2191 1671 2427 1727 corpora
2480 1661 2820 1718 conficienda
2875 1677 3183 1732 concursu;
3238 1666 3290 1721 in
3325 1669 3522 1737 quibus
3573 1670 3649 1722 nil

2073 1761 2271 1813 purum
2309 1758 2414 1817 est,
2453 1766 2558 1806 non
2590 1751 2747 1822 ignis,
2784 1770 2889 1809 non
2932 1764 3102 1821 terra,
3157 1774 3261 1812 non
3294 1760 3442 1815 aliud
3475 1764 3650 1831 quod-

2003 1816 2042 1869 Β
2070 1835 2223 1891 libet.
2258 1816 2417 1893 Paria
2450 1841 2675 1897 omnino
2716 1844 2807 1900 hic
2847 1855 3035 1900 noster
3069 1849 3133 1902 de
3164 1848 3375 1905 duabus
3432 1816 3651 1922 quoque

2071 1930 2512 1996 operationibus,
2534 1948 2654 2002 qua:
2682 1934 2734 1988 in
2770 1934 2989 1991 Christo
3027 1945 3362 2007 spectantur,
3384 1945 3649 2012 opin..ba-

2074 2027 2179 2073 tur.
2218 2018 2431 2074 Etenim
2460 2036 2579 2076 cum
2608 2039 2712 2077 una
2753 2026 3057 2097 hypostasi,
3087 2045 3249 2084 uuam
3277 2035 3483 2101 pariter
3513 2052 3646 2106 ope-

2073 2109 2339 2165 rationem
2371 2111 2477 2183 55
2506 2114 2839 2171 attribuebat
2866 2127 3064 2189 :atquc
3087 2122 3160 2175 ita
3187 2123 3645 2181 confusaneornm

2071 2210 2126 2254 et
2172 2203 2487 2269 docetarum
2542 2210 2836 2274 tramitem,
2876 2214 3254 2285 magistrorum
3289 2235 3534 2289 suorum,
3565 2239 3651 2279 se-

2072 2293 2211 2348 ctari
2243 2309 2365 2347 eum
2402 2308 2647 2366 apparet.
2686 2300 2842 2354 Sicut
2882 2305 3037 2358 enim’
3077 2306 3154 2360 illi
3192 2309 3505 2368 dualitatcm
3544 2332 3647 2369 nu-

2076 2384 2207 2437 meri
2237 2385 2544 2456 irreligioso
2573 2390 2953 2462 malitioseque
2983 2396 3277 2464 arripiunt,
3317 2417 3479 2469 quam
3502 2418 3647 2459 vene

2076 2475 2360 2545 religionis
2396 2490 2667 2552 rectaeque
2708 2486 2969 2541 doctrinae
3001 2488 3318 2547 defensores
3341 2495 3405 2547 de
3438 2496 3648 2551 duabus

2072 2568 2283 2623 naturis
2306 2570 2392 2638 pic
2420 2570 2720 2639 afﬁrmant;
2748 2583 2910 2646 atque
2942 2580 3081 2634 hanc
3116 2581 3309 2638 deinde
3331 2586 3645 2642 dualitatem

2073 2675 2171 2714 ceu
2208 2661 2509 2719 dividendae
2539 2664 2746 2722 Christi
2784 2668 3141 2738 Itypostaseos
3170 2690 3393 2731 causam
3442 2681 3648 2747 produ-

2072 2762 2224 2820 cunt,
2264 2764 2321 2806 ut
2361 2755 2445 2810 vel
2480 2758 2614 2812 duas
2662 2774 2924 2828 personas
2972 2763 3042 2818 ob
3087 2774 3308 2825 naturas
3360 2769 3643 2836 invehunt,

2074 2847 2157 2903 vel
2189 2847 2257 2903 ob
2300 2866 2461 2907 unam
2496 2866 2782 2921 personam
2814 2855 3026 2911 unicam
3056 2862 3367 2917 necessario
3396 2875 3644 2918 naturam

2074 2949 2351 3007 statuant;
2400 2943 2469 2995 ita
2533 2944 2698 2998 etiam
2780 2946 2865 2999 hic
2944 2963 3127 3003 neSter
3184 2952 3644 3025 incit'cumscripti

2075 3032 2358 3095 adluat-ens
2386 3034 2674 3100 vocabulo,
2700 3037 2913 3090 videtur
2931 3039 3169 3108 graviter
3187 3041 3645 3115 vehementerque

388 3127 470 3190 ὡς
503 3126 538 3199 ἢ
568 3125 898 3197 διαιρεῖσθαι
932 3125 1023 3181 διὰ
1067 3126 1274 3195 ταύτην
1301 3128 1395 3180 καὶ
1433 3127 1533 3197 τὴν
1580 3126 1677 3179 τοῦ
1730 3126 1969 3198 Χριστοῦ

2077 3124 2287 3183 conari,
2319 3132 2378 3177 ut
2405 3126 2487 3179 vel
2541 3141 2640 3194 per
2675 3127 2774 3181 hoc
2802 3127 3007 3183 ChriSti
3049 3130 3380 3201 hypostasim
3414 3137 3640 3201 dividat,

390 3216 716 3282 ὑπόστασιν,
757 3218 791 3288 ἢ
821 3216 920 3271 καὶ
950 3216 1042 3269 τὸν
1075 3216 1236 3284 λόγον
1266 3219 1331 3288 τῇ
1378 3219 1545 3287 σαρκὶ
1581 3217 1966 3291 συμπεριγρὰ-

389 3308 610 3376 φεσθαι.
633 3310 784 3380 Ἔχει
812 3310 924 3379 γάρ
946 3309 1015 3361 τὰ
1046 3309 1371 3381 ἐπαγόμενα
1401 3308 1574 3374 οὕτως
1600 3331 1611 3341 ·

468 3471 580 3536 μα’.
623 3483 642 3516 ι
693 3465 833 3517 Ἀλλ’
881 3464 1041 3535 ﬁxa).
1103 3464 1164 3518 τὸ
1209 3463 1354 3519 θεῖον
1406 3464 1966 3536 συμπεριγράφεσθαι

387 3555 509 3627 ἔχει
537 3557 596 3610 ὲν
636 3560 701 3628 τῇ
731 3557 903 3610 εἰκόνι
944 3556 1153 3626 ἐκείνῃ,
1189 3554 1373 3619 καθώς
1400 3557 1551 3609 ἐστιν
1582 3558 1611 3609 ό
1638 3555 1873 3625 Χριστὸς
1905 3557 1970 3607 ὲκ

388 3646 740 3718 διπλότητος,
790 3646 824 3717 ἢ
864 3646 1023 3715 ψιλόν
1062 3636 1224 3716 μόνον
1265 3645 1557 3715 ἄνθρωπον
1593 3644 1835 3697 νοεῖσθαι
1880 3645 1970 3697 τὸν

386 3739 647 3809 Χριστὸν,
694 3739 790 3791 καὶ
819 3738 1111 3803 είκονίζειν
1142 3738 1308 3791 αὑτὸν
1334 3737 1531 3803 οὕτως,
1575 3738 1713 3790 καθὸ
1742 3740 1775 3806 ἡ
1805 3737 1970 3790 εἰκὼν

388 3827 690 3899 προσώπου
736 3829 886 3881 ἐστὶν
932 3826 1119 3892 εἰκὼν,
1166 3828 1351 3883 καὶτὸ
1390 3827 1535 3879 θεῖόν
1584 3828 1733 3880 ἐστιν
1779 3827 1972 3897 ιΞιπερί⁹

388 3938 625 3994 γραφον.
664 3939 685 3973 ι
726 3921 852 3983 Πῶς
900 3920 1063 3973 τοῦτο
1098 3920 1271 3986 λέγει,
1310 3918 1414 3973 κᾶν
1446 3918 1545 3992 ἔχῃ
1578 3918 1794 3988 φύσεως
1828 3919 1972 3971 οὕτω

385 4016 455 4067 τὸ
482 4014 735 4085 πρᾶγμα,
762 4012 868 4065 κᾶν
899 4013 1008 4083 μή;
1062 4011 1228 4065 Ἀλλά
1270 4010 1442 4065 ταῦτα
1476 4010 1597 4080 μὲν,
1626 4010 1702 4073 ὡς
1727 4009 1875 4062 δοκεῖ
1904 4011 1970 4080 τῇ

390 4106 761 4177 ματαιότητι,
797 4105 1140 4175 τυραννικῶς
1167 4102 1565 4171 ἀποφαίνεται,
1611 4103 1790 4156 οὐδενὶ
1827 4103 1970 4171 λόγῳ

385 4194 496 4268 τῆς
543 4197 802 4269 ἀληθείας
851 4196 1142 4267 συνηγόρῳ
1196 4195 1500 4267 χρώμενος.
1564 4194 1727 4264 Ἡμῖν
1768 4194 1825 4247 δὲ
1877 4196 1971 4246 καὶ

393 4288 586 4361 μικρῷ
636 4288 873 4358 πρόσθεν
917 4290 1048 4356 περὶ
1089 4286 1280 4341 τούτου
1323 4286 1422 4339 σὺν
1475 4284 1705 4355 ἀληθείᾳ
1752 4286 1970 4354 εἴρηται

386 4379 518 4449 ἤδη,
544 4378 618 4440 ὡς
646 4380 673 4431 ό
708 4377 851 4439 θεῖος
878 4376 1054 4445 Λόγος
1089 4375 1259 4449 μηδὲν
1288 4374 1549 4444 πεφυκὼς
1595 4376 1843 4444 πάσχειν,
1874 4375 1969 4427 καὶ

385 4474 452 4523 ἐν
493 4468 703 4538 σώματι
734 4469 1063 4538 γενόμενος,
1119 4466 1336 4537 ἀπαθής
1376 4483 1438 4535 γε
1490 4466 1643 4537 οὐδέν
1674 4462 1840 4536 ἦττον
1871 4482 1968 4535 με-
2002 4499 2045 4554 D

390 4562 631 4633 μένηκε,
684 4564 779 4616 καὶ
820 4562 928 4615 τῶν
981 4562 1104 4631 είκῆ
1132 4559 1609 4631 πεφλυαρημένων
1649 4557 1968 4635 ,ὁλοτρόπως

388 4655 717 4728 ἀπείρατος.
772 4655 884 4715 Καὶ
934 4652 1031 4707 νῦν
1078 4652 1142 4705 δὲ
1201 4652 1293 4705 διὰ
1351 4650 1600 4721 βραχέων
1663 4649 1963 4721 εἰρήσεται.

384 4747 633 4813 Λεκτέον
648 4746 775 4817 γὰρ,
797 4746 881 4799 ὅτι
899 4746 962 4798 οὐ
988 4744 1147 4815 μόνον
1160 4742 1635 4815 ,περιγραφομένῳ
1652 4740 1730 4806 τῷ
1754 4739 1965 4810 σώματι

383 4841 417 4892 ὁ
448 4836 619 4903 Λόγος
663 4837 724 4890 οὑ
752 4836 1350 4907 συμπεριγραφήσεται
1373 4875 1387 4901 ,
1425 4833 1542 4887 ἀλλ’
1575 4832 1696 4885 οὐδὲ
1724 4833 1784 4885 ὲν
1814 4831 1965 4902 αὐτῷ

381 4929 474 4998 τῷ
505 4928 718 4998 σώματι
774 4928 1016 4997 γεγονὼς
1048 4928 1529 5000 περιγέγραπται,
1564 4924 1742 4979 καίτοι
1774 4925 1972 4978 οὑσιω-

381 5018 521 5086 ζῶς,
556 5021 653 5073 καὶ
696 5020 1040 5083 ἀδιαστάτως
1072 5020 1223 5091 αὐτῷ
1267 5019 1625 5089 συνημμένῳ.
1671 5018 1783 5069 Καὶ
1810 5013 1969 5068 τοῦτο

380 5107 551 5179 οἶμαι
583 5110 772 5181 μηδενὶ
798 5112 1120 5181 ἠγνοῆσθαι,
1154 5112 1208 5165 εί
1230 5128 1283 5165 τι
1328 5110 1584 5164 πειστέον
1648 5111 1764 5172 τοῖς
1795 5108 1966 5176 εὐαγ-

382 5201 772 5271 γελισαμένοις
805 5203 938 5273 ἡμῖν
971 5203 1039 5255 τὰ
1070 5204 1163 5255 ἐπὶ
1190 5205 1256 5273 τῇ
1294 5202 1417 5272 θείᾳ
1442 5199 1807 5271 πεπραγμένα
1831 5192 1984 5265 συγ-’

382 5294 719 5350 καταϐάσει.
774 5295 899 5359 Πῶς
943 5296 1054 5367 γὰρ
1096 5295 1395 5367 ἀληθεύσει
1424 5298 1453 5349 ὁ
1499 5291 1672 5366 μέγας
1710 5292 1963 5360 Ἰωάννης

381 5391 459 5459 τῇ
512 5388 743 5459 ἀληθείᾳ
798 5389 1093 5459 μαρτυρῶν
1136 5390 1231 5441 καὶ
1284 5390 1498 5458 λέγων’
1553 5385 1756 5451 Μέσος
1798 5383 1968 5453 ὑμῶν

380 5483 655 5549 ἕστηκεν
684 5479 756 5533 ὃν
784 5481 953 5551 ὑμεῖς
981 5485 1091 5536 οὐκ
1136 5482 1368 5547 οἴδατε,
1402 5482 1493 5534 τὸν
1527 5479 1681 5533 οὔπω
1718 5477 1965 5548 παρόντα

2075 3214 2159 3266 vel
2195 3213 2359 3268 etiam
2413 3214 2647 3269 Verbum
2693 3232 2815 3270 cum
2853 3234 3016 3275 carne
3044 3222 3476 3280 circumscribat.
3505 3222 3640 3280 Nam

2072 3322 2191 3376 qtue
2219 3307 2387 3373 addit,
2424 3308 2493 3361 ita
2516 3322 2575 3361 se
2601 3308 2834 3363 habent:

2146 3464 2235 3517 41.
2274 3482 2293 3515 ι
2338 3463 2444 3517 Sed
2478 3463 2558 3519 vel
2591 3463 2846 3517 deitatem
2879 3466 3083 3534 pariter
3116 3470 3486 3524 circutnst'rihi
3512 3487 3642 3525 usu-

2074 3556 2291 3610 venitin
2318 3556 2406 3609 illa
2442 3557 2615 3620 icone,
2654 3566 2923 3625 quatenus
2959 3557 3210 3613 Christus
3242 3576 3305 3615 cx
3334 3565 3644 3631 duplicimte

2071 3648 2327 3713 exsistit;
2401 3647 2486 3701 vel
2542 3649 2842 3717 simplicem
2935 3654 3309 3707 tantummodo
3372 3656 3646 3713 hominem

2074 3738 2353 3792 Christum
2381 3737 2632 3806 intelligi,
2657 3748 2821 3808 atque
2848 3738 2920 3792 ita
2949 3755 3069 3794 eum
3100 3740 3348 3811 flgurari;
3376 3756 3645 3812 quatenus;

2074 3827 2197 3880 icon
2238 3837 2321 3880 est
2372 3840 2619 3895 persona:
2679 3827 2831 3893 icon;
2889 3838 2943 3883 et
2988 3828 3161 3883 dcitas
3206 3841 3289 3885 est
3349 3833 3643 3889 incircum-

2074 3918 2299 3989 scripta.
2339 3936 2359 3964 ι
2404 3918 2683 3985 Quomodo
2737 3921 2835 3974 hoc
2890 3921 3062 3975 dicit!
3115 3923 3228 3977 sive
3285 3924 3335 3977 id
3368 3927 3641 3995 negotium

2075 4010 2398 4065 naturaliter
2451 4012 2521 4064 ita
2560 4026 2619 4065 se
2671 4012 2888 4077 habeat,
2949 4013 3062 4067 sive
3098 4028 3276 4073 secus.
3338 4016 3445 4071 Sed
3499 4020 3642 4072 enim

2075 4104 2209 4168 hare,
2255 4109 2413 4171 prout
2440 4116 2550 4156 suae
2579 4101 2711 4159 libet
2764 4102 3032 4171 Stultitize,
3087 4107 3366 4174 tyrannice
3402 4124 3645 4177 pronun-

2076 4195 2196 4256 tiat,
2257 4193 2403 4247 nullo
2464 4205 2784 4263 argumento
2836 4195 3052 4249 veritati
3113 4197 3329 4252 favente
3397 4203 3643 4257 utcns.A

2075 4285 2229 4337 nobis
2279 4295 2458 4337 autem
2521 4284 2679 4352 paulo
2728 4286 2892 4339 etiam
2945 4297 3092 4342 retro
3149 4289 3218 4343 de
3269 4289 3371 4343 hac
3421 4306 3476 4343 re
3519 4306 3645 4343 vere

2075 4376 2276 4428 dictum
2325 4375 2443 4439 fuit,
2498 4389 2690 4443 nempe
2721 4377 2862 4444 quod
2905 4376 3135 4431 Verbum
3170 4377 3409 4431 divinum
3450 4393 3643 4433 natura

2074 4481 2170 4520 sua
2224 4462 2576 4533 impassib'ile.
2626 4469 2794 4519 etiam
2836 4481 3065 4537 corpore
3097 4479 3398 4539 assumpto,
3452 4471 3647 4525 nihilu-

2079 4557 2257 4610 minus
2291 4556 2627 4624 impassibile
2682 4558 2902 4620 mansit.
2939 4568 2991 4612 et
3045 4559 3235 4612 horum
3268 4575 3389 4629 qua:
3442 4562 3644 4617 frustra

2076 4650 2416 4711 dictitantur,
2480 4664 2704 4718 prorsus
2756 4665 2974 4721 expers.
3033 4651 3184 4719 Quod
3236 4668 3379 4708 nunc
3430 4670 3646 4724 quoque

2076 4740 2317 4795 breviter
2354 4748 2679 4809 repetemus.
2713 4740 3008 4796 Dicendum
3042 4751 3125 4796 est
3168 4744 3312 4798 enim
3349 4760 3454 4799 nou
3487 4742 3659 4801 modo

2072 4847 2193 4885 cum
2271 4824 2687 4900 circnmScripto
2739 4847 2968 4903 corpore
3028 4832 3264 4888 Verbum
3327 4836 3471 4890 haud
3535 4838 3646 4891 cir-

2074 4923 2393 4985 cumscribi,
2430 4923 2523 4977 sed
2565 4937 2741 4991 neque
2764 4925 2815 4976 in
2844 4926 2960 4993 ipso
2979 4939 3205 4993 corpore
3228 4928 3498 4981 exsistens
3525 4944 3647 4981 esse

2073 5014 2571 5082 circumscriptum,
2609 5014 2821 5068 etiamsi
2878 5029 3075 5083 corpus
3127 5019 3559 5073 subSIantialiter
3593 5002 3663 5074 et.

2058 5087 2513 5173 inseparabiliter
2564 5107 2739 5161 eidem
2798 5107 3105 5175 cepulatum
3152 5118 3258 5164 est.
3319 5110 3494 5176 Atque
3545 5111 3646 5164 hoc

2075 5198 2278 5251 nemini
2304 5202 2547 5268 ignotum
2595 5200 2851 5262 arbitror,
2904 5202 2947 5253 si
2982 5210 3133 5254 certe
3182 5202 3511 5254 credendum
3564 5215 3643 5257 est

2075 5289 2143 5341 iis
2171 5289 2264 5357 qui
2301 5290 2579 5358 negotium
2615 5305 2716 5342 nos
2748 5291 3048 5343 docuerunt
3096 5290 3290 5343 divina:
3314 5280 3665 5347 condescen;

2074 5381 2265 5435 siouis.
2298 5379 2579 5446 Quomodo
2615 5381 2759 5433 enim
2819 5396 2980 5434 verax
3013 5381 3202 5435 fuisset
3233 5396 3459 5450 magnus
3484 5383 3649 5439 Joan-

2075 5489 2193 5537 nes,
2251 5475 2340 5542 qui
2396 5474 2615 5527 veritati
2695 5473 3066 5527 testimonium
3123 5471 3353 5541 prmbuit
3409 5474 3644 5530 dicens:

389 5699 511 5742 tum
558 5686 610 5737 in
647 5687 804 5740 editis
838 5702 865 5738 a
914 5703 998 5740 me
1032 5687 1297 5739 adversus
1338 5681 1741 5752 Monophysitas
1797 5678 1962 5732 variis
2002 5687 2245 5729 veterum
2312 5684 2594 5728 aucturum
2632 5672 2853 5740 scriptis
2923 5670 3244 5727 ventilatqu
3279 5676 3413 5731 satis
3442 5677 3649 5731 refutzn

394 5768 625 5826 tumque
654 5758 971 5825 comperies.
