  <div class='ocr_page' id='page_1' title='image "/cluster/home/n/w/nwhite01/storage/ocr_20150623/100/coo.31924054870047/158.png"; bbox 0 0 4050 6428; ppageno 0'>
   <div class='ocr_carea' id='block_1_1' title="bbox 345 376 459 443">
    <p class='ocr_par' dir='ltr' id='par_1_1' title="bbox 345 376 459 443">
     <span class='ocr_line' id='line_1_1' title="bbox 345 376 459 443; baseline 0.026 -4"><span class='ocrx_word' id='word_1_1' title='bbox 345 376 459 443; x_wconf 71' lang='lat'><strong>305</strong></span> 
     </span>
    </p>
   </div>
   <div class='ocr_carea' id='block_1_2' title="bbox 1063 371 2876 435">
    <p class='ocr_par' dir='ltr' id='par_1_2' title="bbox 1063 371 2876 435">
     <span class='ocr_line' id='line_1_2' title="bbox 1063 371 2876 435; baseline -0.001 -2"><span class='ocrx_word' id='word_1_2' title='bbox 1063 371 1686 433; x_wconf 68' lang='lat' dir='ltr'><strong>ANTIRRIIETICUS</strong></span> <span class='ocrx_word' id='word_1_3' title='bbox 1726 373 1753 431; x_wconf 83' lang='grc' dir='ltr'>Ι</span> <span class='ocrx_word' id='word_1_4' title='bbox 1802 373 1972 433; x_wconf 87' lang='lat' dir='ltr'><strong>ADV.</strong></span> <span class='ocrx_word' id='word_1_5' title='bbox 2027 373 2626 435; x_wconf 82' lang='lat' dir='ltr'><strong>CONSTANTINUM</strong></span> <span class='ocrx_word' id='word_1_6' title='bbox 2662 375 2876 435; x_wconf 80' lang='lat' dir='ltr'>COPR.</span> 
     </span>
    </p>
   </div>
   <div class='ocr_carea' id='block_1_3' title="bbox 3513 372 3623 434">
    <p class='ocr_par' dir='ltr' id='par_1_3' title="bbox 3513 372 3623 434">
     <span class='ocr_line' id='line_1_3' title="bbox 3513 372 3623 434; baseline -0.036 1"><span class='ocrx_word' id='word_1_7' title='bbox 3513 372 3623 434; x_wconf 79' lang='grc' dir='ltr'><strong>3θῦ</strong></span> 
     </span>
    </p>
   </div>
   <div class='ocr_carea' id='block_1_4' title="bbox 352 477 1957 557">
    <p class='ocr_par' dir='ltr' id='par_1_4' title="bbox 352 477 1937 557">
     <span class='ocr_line' id='line_1_4' title="bbox 352 477 1937 557; baseline -0.004 -18"><span class='ocrx_word' id='word_1_8' title='bbox 352 504 521 557; x_wconf 82' lang='grc' dir='ltr'>μενος</span> <span class='ocrx_word' id='word_1_9' title='bbox 553 484 829 556; x_wconf 79' lang='grc' dir='ltr'>πρόνοιαν,</span> <span class='ocrx_word' id='word_1_10' title='bbox 866 481 1005 535; x_wconf 82' lang='grc' dir='ltr'>Ἀλλ’</span> <span class='ocrx_word' id='word_1_11' title='bbox 1035 482 1082 535; x_wconf 87' lang='grc' dir='ltr'><strong>εί</strong></span> <span class='ocrx_word' id='word_1_12' title='bbox 1108 481 1200 533; x_wconf 79' lang='grc' dir='ltr'>καὶ</span> <span class='ocrx_word' id='word_1_13' title='bbox 1225 478 1365 551; x_wconf 78' lang='grc' dir='ltr'>μετὰ</span> <span class='ocrx_word' id='word_1_14' title='bbox 1398 477 1700 549; x_wconf 86' lang='grc' dir='ltr'>ἀνθρώπων</span> <span class='ocrx_word' id='word_1_15' title='bbox 1736 497 1937 551; x_wconf 87' lang='grc' dir='ltr'>κεχρη-</span> 
     </span>
    </p>
   </div>
   <div class='ocr_carea' id='block_1_5' title="bbox 2061 477 3617 557">
    <p class='ocr_par' dir='ltr' id='par_1_5' title="bbox 2061 479 3617 554">
     <span class='ocr_line' id='line_1_5' title="bbox 2061 479 3617 554; baseline 0 -20"><span class='ocrx_word' id='word_1_16' title='bbox 2061 497 2223 536; x_wconf 71' lang='lat' dir='ltr'><strong>turam</strong></span> <span class='ocrx_word' id='word_1_17' title='bbox 2248 484 2488 538; x_wconf 87' lang='lat' dir='ltr'><strong>omnimn</strong></span> <span class='ocrx_word' id='word_1_18' title='bbox 2513 482 2675 554; x_wconf 86' lang='lat' dir='ltr'><strong>gerit.</strong></span> <span class='ocrx_word' id='word_1_19' title='bbox 2699 479 2901 536; x_wconf 88' lang='lat' dir='ltr'><strong>Verum</strong></span> <span class='ocrx_word' id='word_1_20' title='bbox 2914 481 3128 537; x_wconf 88' lang='lat' dir='ltr'><strong>etiamsi</strong></span> <span class='ocrx_word' id='word_1_21' title='bbox 3157 494 3278 536; x_wconf 90' lang='lat' dir='ltr'><strong>cum</strong></span> <span class='ocrx_word' id='word_1_22' title='bbox 3303 480 3617 536; x_wconf 87' lang='lat' dir='ltr'><strong>hominilms</strong></span> 
     </span>
    </p>
   </div>
   <div class='ocr_carea' id='block_1_6' title="bbox 350 570 1939 650">
    <p class='ocr_par' dir='ltr' id='par_1_6' title="bbox 350 570 1939 650">
     <span class='ocr_line' id='line_1_6' title="bbox 350 570 1939 650; baseline -0.006 -16"><span class='ocrx_word' id='word_1_23' title='bbox 350 580 593 650; x_wconf 80' lang='grc' dir='ltr'>μάτικεν</span> <span class='ocrx_word' id='word_1_24' title='bbox 642 578 718 641; x_wconf 84' lang='grc' dir='ltr'>ὡς</span> <span class='ocrx_word' id='word_1_25' title='bbox 760 574 974 646; x_wconf 81' lang='grc' dir='ltr'>ἀληθῶς</span> <span class='ocrx_word' id='word_1_26' title='bbox 1018 573 1324 644; x_wconf 77' lang='grc' dir='ltr'>ἄνθρωπος,</span> <span class='ocrx_word' id='word_1_27' title='bbox 1365 570 1475 623; x_wconf 84' lang='grc' dir='ltr'>τῶν</span> <span class='ocrx_word' id='word_1_28' title='bbox 1519 572 1806 643; x_wconf 83' lang='grc' dir='ltr'><strong>πατρικῶν</strong></span> <span class='ocrx_word' id='word_1_29' title='bbox 1839 572 1939 625; x_wconf 82' lang='grc' dir='ltr'><strong>οὐκ</strong></span> 
     </span>
    </p>
   </div>
   <div class='ocr_carea' id='block_1_7' title="bbox 348 658 1940 735">
    <p class='ocr_par' dir='ltr' id='par_1_7' title="bbox 348 658 1940 735">
     <span class='ocr_line' id='line_1_7' title="bbox 348 658 1940 735; baseline -0.004 -10"><span class='ocrx_word' id='word_1_30' title='bbox 348 672 687 725; x_wconf 76' lang='grc' dir='ltr'><strong>ἀπελείπετο</strong></span> <span class='ocrx_word' id='word_1_31' title='bbox 734 668 971 732; x_wconf 81' lang='grc' dir='ltr'><strong>κόλπων,</strong></span> <span class='ocrx_word' id='word_1_32' title='bbox 1019 665 1113 720; x_wconf 76' lang='grc' dir='ltr'>καὶ</span> <span class='ocrx_word' id='word_1_33' title='bbox 1145 666 1173 717; x_wconf 86' lang='grc' dir='ltr'>ὁ</span> <span class='ocrx_word' id='word_1_34' title='bbox 1205 661 1395 733; x_wconf 77' lang='grc' dir='ltr'>Πατὴρ</span> <span class='ocrx_word' id='word_1_35' title='bbox 1435 658 1503 735; x_wconf 79' lang='grc' dir='ltr'>ἦν</span> <span class='ocrx_word' id='word_1_36' title='bbox 1546 665 1604 717; x_wconf 78' lang='grc' dir='ltr'>ἐν</span> <span class='ocrx_word' id='word_1_37' title='bbox 1641 664 1812 735; x_wconf 79' lang='grc' dir='ltr'>αὐτῷ,</span> <span class='ocrx_word' id='word_1_38' title='bbox 1844 667 1940 720; x_wconf 80' lang='grc' dir='ltr'>καὶ</span> 
     </span>
    </p>
   </div>
   <div class='ocr_carea' id='block_1_8' title="bbox 350 761 943 832">
    <p class='ocr_par' dir='ltr' id='par_1_8' title="bbox 350 761 943 832">
     <span class='ocr_line' id='line_1_8' title="bbox 350 761 943 832; baseline -0.008 -12"><span class='ocrx_word' id='word_1_39' title='bbox 350 765 522 828; x_wconf 79' lang='grc' dir='ltr'>αὐτὸς</span> <span class='ocrx_word' id='word_1_40' title='bbox 552 767 610 818; x_wconf 77' lang='grc' dir='ltr'>ἐν</span> <span class='ocrx_word' id='word_1_41' title='bbox 641 762 720 832; x_wconf 81' lang='grc' dir='ltr'><strong>τῷ</strong></span> <span class='ocrx_word' id='word_1_42' title='bbox 750 761 943 832; x_wconf 85' lang='grc' dir='ltr'>Πατρί.</span> 
     </span>
    </p>
   </div>
   <div class='ocr_carea' id='block_1_9' title="bbox 422 852 1942 923">
    <p class='ocr_par' dir='ltr' id='par_1_9' title="bbox 422 852 1942 923">
     <span class='ocr_line' id='line_1_9' title="bbox 422 852 1942 923; baseline -0.005 -12"><span class='ocrx_word' id='word_1_43' title='bbox 422 859 489 910; x_wconf 74' lang='grc' dir='ltr'>Εἰ</span> <span class='ocrx_word' id='word_1_44' title='bbox 519 858 719 919; x_wconf 77' lang='grc' dir='ltr'><strong>τοίνυν,</strong></span> <span class='ocrx_word' id='word_1_45' title='bbox 755 853 1006 923; x_wconf 69' lang='grc' dir='ltr'>καθάπερ</span> <span class='ocrx_word' id='word_1_46' title='bbox 1028 855 1056 906; x_wconf 89' lang='grc' dir='ltr'><strong>ό</strong></span> <span class='ocrx_word' id='word_1_47' title='bbox 1082 854 1182 923; x_wconf 80' lang='grc' dir='ltr'>τῆς</span> <span class='ocrx_word' id='word_1_48' title='bbox 1211 853 1470 923; x_wconf 80' lang='grc' dir='ltr'><strong>ἀληθείας</strong></span> <span class='ocrx_word' id='word_1_49' title='bbox 1494 852 1771 922; x_wconf 76' lang='grc' dir='ltr'><strong>ἐφοδεύων</strong></span> <span class='ocrx_word' id='word_1_50' title='bbox 1802 868 1942 922; x_wconf 88' lang='grc' dir='ltr'>συμ-</span> 
     </span>
    </p>
   </div>
   <div class='ocr_carea' id='block_1_10' title="bbox 353 942 1942 1022">
    <p class='ocr_par' dir='ltr' id='par_1_10' title="bbox 353 942 1942 1022">
     <span class='ocr_line' id='line_1_10' title="bbox 353 942 1942 1022; baseline -0.003 -21"><span class='ocrx_word' id='word_1_51' title='bbox 353 950 609 1022; x_wconf 84' lang='grc' dir='ltr'>περαίνει</span> <span class='ocrx_word' id='word_1_52' title='bbox 656 949 836 1016; x_wconf 81' lang='grc' dir='ltr'>λόγος,</span> <span class='ocrx_word' id='word_1_53' title='bbox 870 947 928 998; x_wconf 83' lang='grc' dir='ltr'>ὲν</span> <span class='ocrx_word' id='word_1_54' title='bbox 973 945 1051 1016; x_wconf 81' lang='grc' dir='ltr'>τῷ</span> <span class='ocrx_word' id='word_1_55' title='bbox 1090 947 1207 1018; x_wconf 78' lang='grc' dir='ltr'>ἰδίῳ</span> <span class='ocrx_word' id='word_1_56' title='bbox 1253 947 1315 999; x_wconf 83' lang='grc' dir='ltr'>οὐ</span> <span class='ocrx_word' id='word_1_57' title='bbox 1353 945 1799 1017; x_wconf 80' lang='grc' dir='ltr'><strong>περιγέγραπται</strong></span> <span class='ocrx_word' id='word_1_58' title='bbox 1832 942 1942 997; x_wconf 82' lang='grc' dir='ltr'><strong>σώ-</strong></span> 
     </span>
    </p>
   </div>
   <div class='ocr_carea' id='block_1_11' title="bbox 357 1036 1941 1113">
    <p class='ocr_par' dir='ltr' id='par_1_11' title="bbox 357 1036 1941 1113">
     <span class='ocr_line' id='line_1_11' title="bbox 357 1036 1941 1113; baseline -0.004 -18"><span class='ocrx_word' id='word_1_59' title='bbox 357 1060 516 1113; x_wconf 89' lang='grc' dir='ltr'>ματι.</span> <span class='ocrx_word' id='word_1_60' title='bbox 557 1040 719 1102; x_wconf 84' lang='grc' dir='ltr'>ποίας</span> <span class='ocrx_word' id='word_1_61' title='bbox 749 1039 936 1101; x_wconf 77' lang='grc' dir='ltr'><strong>ἀνοίας</strong></span> <span class='ocrx_word' id='word_1_62' title='bbox 979 1038 1073 1090; x_wconf 65' lang='grc' dir='ltr'>καὶ</span> <span class='ocrx_word' id='word_1_63' title='bbox 1102 1038 1328 1107; x_wconf 78' lang='grc' dir='ltr'>ἀλογίας</span> <span class='ocrx_word' id='word_1_64' title='bbox 1358 1038 1441 1091; x_wconf 79' lang='grc' dir='ltr'>ἔτι</span> <span class='ocrx_word' id='word_1_65' title='bbox 1480 1039 1578 1091; x_wconf 76' lang='grc' dir='ltr'>καὶ</span> <span class='ocrx_word' id='word_1_66' title='bbox 1618 1036 1941 1101; x_wconf 84' lang='grc' dir='ltr'>δυσσεϐείας</span> 
     </span>
    </p>
   </div>
   <div class='ocr_carea' id='block_1_12' title="bbox 354 1128 1943 1206">
    <p class='ocr_par' dir='ltr' id='par_1_12' title="bbox 354 1128 1943 1206">
     <span class='ocr_line' id='line_1_12' title="bbox 354 1128 1943 1206; baseline -0.003 -17"><span class='ocrx_word' id='word_1_67' title='bbox 354 1138 459 1206; x_wconf 76' lang='grc' dir='ltr'>οὐχ</span> <span class='ocrx_word' id='word_1_68' title='bbox 487 1134 767 1204; x_wconf 83' lang='grc' dir='ltr'>ὑπεροίσει</span> <span class='ocrx_word' id='word_1_69' title='bbox 814 1132 1033 1203; x_wconf 80' lang='grc' dir='ltr'><strong>μέτρον,</strong></span> <span class='ocrx_word' id='word_1_70' title='bbox 1075 1130 1135 1183; x_wconf 79' lang='grc' dir='ltr'>τὸ</span> <span class='ocrx_word' id='word_1_71' title='bbox 1168 1130 1348 1199; x_wconf 80' lang='grc' dir='ltr'>λέγειν</span> <span class='ocrx_word' id='word_1_72' title='bbox 1385 1128 1943 1202; x_wconf 82' lang='grc' dir='ltr'>συμπεριγράφεσθαι</span> 
     </span>
    </p>
   </div>
   <div class='ocr_carea' id='block_1_13' title="bbox 356 1222 1941 1298">
    <p class='ocr_par' dir='ltr' id='par_1_13' title="bbox 356 1222 1941 1298">
     <span class='ocr_line' id='line_1_13' title="bbox 356 1222 1941 1298; baseline -0.004 -18"><span class='ocrx_word' id='word_1_73' title='bbox 356 1224 833 1298; x_wconf 81' lang='grc' dir='ltr'>περιγραφομένῳ</span> <span class='ocrx_word' id='word_1_74' title='bbox 874 1224 967 1276; x_wconf 83' lang='grc' dir='ltr'>τὸν</span> <span class='ocrx_word' id='word_1_75' title='bbox 1016 1223 1191 1292; x_wconf 87' lang='grc' dir='ltr'>Λόγον</span> <span class='ocrx_word' id='word_1_76' title='bbox 1224 1222 1303 1293; x_wconf 82' lang='grc' dir='ltr'><strong>τῷ</strong></span> <span class='ocrx_word' id='word_1_77' title='bbox 1340 1222 1597 1293; x_wconf 82' lang='grc' dir='ltr'>σώματι,</span> <span class='ocrx_word' id='word_1_78' title='bbox 1630 1222 1941 1292; x_wconf 83' lang='grc' dir='ltr'>ἀπεριγρά-</span> 
     </span>
    </p>
   </div>
   <div class='ocr_carea' id='block_1_14' title="bbox 356 1313 1943 1386">
    <p class='ocr_par' dir='ltr' id='par_1_14' title="bbox 356 1313 1943 1386">
     <span class='ocr_line' id='line_1_14' title="bbox 356 1313 1943 1386; baseline -0.003 -14"><span class='ocrx_word' id='word_1_79' title='bbox 356 1335 501 1372; x_wconf 69' lang='lat' dir='ltr'><strong>mou</strong></span> <span class='ocrx_word' id='word_1_80' title='bbox 532 1318 589 1372; x_wconf 80' lang='grc' dir='ltr'>δὲ</span> <span class='ocrx_word' id='word_1_81' title='bbox 625 1314 720 1370; x_wconf 86' lang='grc' dir='ltr'><strong>τοῦ</strong></span> <span class='ocrx_word' id='word_1_82' title='bbox 755 1315 902 1370; x_wconf 91' lang='grc' dir='ltr'>θείου</span> <span class='ocrx_word' id='word_1_83' title='bbox 937 1314 1091 1379; x_wconf 73' lang='grc' dir='ltr'>ὄντος</span> <span class='ocrx_word' id='word_1_84' title='bbox 1121 1316 1295 1382; x_wconf 84' lang='grc' dir='ltr'>Λόγου</span> <span class='ocrx_word' id='word_1_85' title='bbox 1323 1332 1340 1382; x_wconf 84' lang='grc'>;</span> <span class='ocrx_word' id='word_1_86' title='bbox 1387 1313 1943 1386; x_wconf 83' lang='grc' dir='ltr'>Συμπαραληφθῆναι</span> 
     </span>
    </p>
   </div>
   <div class='ocr_carea' id='block_1_15' title="bbox 357 1404 1944 1481">
    <p class='ocr_par' dir='ltr' id='par_1_15' title="bbox 357 1404 1944 1481">
     <span class='ocr_line' id='line_1_15' title="bbox 357 1404 1944 1481; baseline -0.002 -20"><span class='ocrx_word' id='word_1_87' title='bbox 357 1411 473 1481; x_wconf 65' lang='grc' dir='ltr'><strong>γὰρ</strong></span> <span class='ocrx_word' id='word_1_88' title='bbox 504 1410 584 1463; x_wconf 82' lang='grc' dir='ltr'>δεῖ</span> <span class='ocrx_word' id='word_1_89' title='bbox 621 1408 718 1462; x_wconf 74' lang='grc' dir='ltr'>καὶ</span> <span class='ocrx_word' id='word_1_90' title='bbox 757 1408 865 1461; x_wconf 79' lang='grc' dir='ltr'><strong>τῶν</strong></span> <span class='ocrx_word' id='word_1_91' title='bbox 904 1407 1257 1478; x_wconf 79' lang='grc' dir='ltr'>ζητουμένων</span> <span class='ocrx_word' id='word_1_92' title='bbox 1298 1405 1360 1458; x_wconf 83' lang='grc' dir='ltr'>τὸ</span> <span class='ocrx_word' id='word_1_93' title='bbox 1403 1404 1707 1476; x_wconf 80' lang='grc' dir='ltr'>σύστοιχον·</span> <span class='ocrx_word' id='word_1_94' title='bbox 1747 1405 1843 1458; x_wconf 78' lang='grc' dir='ltr'>καὶ</span> <span class='ocrx_word' id='word_1_95' title='bbox 1885 1407 1944 1459; x_wconf 80' lang='grc' dir='ltr'>ὲν</span> 
     </span>
    </p>
   </div>
   <div class='ocr_carea' id='block_1_16' title="bbox 360 1497 1945 1571">
    <p class='ocr_par' dir='ltr' id='par_1_16' title="bbox 360 1497 1945 1571">
     <span class='ocr_line' id='line_1_16' title="bbox 360 1497 1945 1571; baseline -0.004 -13"><span class='ocrx_word' id='word_1_96' title='bbox 360 1504 538 1559; x_wconf 72' lang='grc' dir='ltr'>ἅπασι</span> <span class='ocrx_word' id='word_1_97' title='bbox 564 1501 851 1571; x_wconf 76' lang='grc' dir='ltr'>παρόντος,</span> <span class='ocrx_word' id='word_1_98' title='bbox 874 1499 976 1569; x_wconf 78' lang='grc' dir='ltr'>τῆς</span> <span class='ocrx_word' id='word_1_99' title='bbox 1014 1499 1260 1569; x_wconf 80' lang='grc' dir='ltr'>μείζονος</span> <span class='ocrx_word' id='word_1_100' title='bbox 1284 1497 1352 1551; x_wconf 79' lang='grc' dir='ltr'>ἂν</span> <span class='ocrx_word' id='word_1_101' title='bbox 1380 1497 1464 1569; x_wconf 82' lang='grc' dir='ltr'><strong>εἴη</strong></span> <span class='ocrx_word' id='word_1_102' title='bbox 1497 1498 1699 1568; x_wconf 87' lang='grc' dir='ltr'>μανίας</span> <span class='ocrx_word' id='word_1_103' title='bbox 1720 1499 1815 1551; x_wconf 73' lang='grc' dir='ltr'>καὶ</span> <span class='ocrx_word' id='word_1_104' title='bbox 1844 1497 1945 1568; x_wconf 77' lang='grc' dir='ltr'>τῆς</span> 
     </span>
    </p>
   </div>
   <div class='ocr_carea' id='block_1_17' title="bbox 361 1587 1947 1665">
    <p class='ocr_par' dir='ltr' id='par_1_17' title="bbox 361 1587 1947 1665">
     <span class='ocr_line' id='line_1_17' title="bbox 361 1587 1947 1665; baseline -0.005 -16"><span class='ocrx_word' id='word_1_105' title='bbox 361 1594 605 1665; x_wconf 70' lang='grc' dir='ltr'>ἐσχάτης</span> <span class='ocrx_word' id='word_1_106' title='bbox 644 1589 1076 1664; x_wconf 79' lang='grc' dir='ltr'>παραφροσύνης</span> <span class='ocrx_word' id='word_1_107' title='bbox 1108 1590 1169 1644; x_wconf 80' lang='grc' dir='ltr'>τὸ</span> <span class='ocrx_word' id='word_1_108' title='bbox 1209 1589 1464 1661; x_wconf 78' lang='grc' dir='ltr'>φράζειν,</span> <span class='ocrx_word' id='word_1_109' title='bbox 1497 1588 1827 1660; x_wconf 79' lang='grc' dir='ltr'><strong>χωρίζεσθαι</strong></span> <span class='ocrx_word' id='word_1_110' title='bbox 1853 1587 1947 1642; x_wconf 73' lang='grc' dir='ltr'>τὸν</span> 
     </span>
    </p>
   </div>
   <div class='ocr_carea' id='block_1_18' title="bbox 362 1680 1944 1757">
    <p class='ocr_par' dir='ltr' id='par_1_18' title="bbox 362 1680 1944 1757">
     <span class='ocr_line' id='line_1_18' title="bbox 362 1680 1944 1757; baseline -0.005 -16"><span class='ocrx_word' id='word_1_111' title='bbox 362 1688 541 1757; x_wconf 83' lang='grc' dir='ltr'>Λόγον</span> <span class='ocrx_word' id='word_1_112' title='bbox 560 1683 653 1739; x_wconf 90' lang='grc' dir='ltr'><strong>τοῦ</strong></span> <span class='ocrx_word' id='word_1_113' title='bbox 684 1683 960 1754; x_wconf 85' lang='grc' dir='ltr'>σώματος,</span> <span class='ocrx_word' id='word_1_114' title='bbox 982 1683 1147 1753; x_wconf 78' lang='grc' dir='ltr'>ἡνίκα</span> <span class='ocrx_word' id='word_1_115' title='bbox 1176 1681 1553 1753; x_wconf 82' lang='grc' dir='ltr'>περιγραπτὸν</span> <span class='ocrx_word' id='word_1_116' title='bbox 1573 1680 1944 1752; x_wconf 83' lang='grc' dir='ltr'>ὡμολόγηται.</span> 
     </span>
    </p>
   </div>
   <div class='ocr_carea' id='block_1_19' title="bbox 364 1773 1948 1849">
    <p class='ocr_par' dir='ltr' id='par_1_19' title="bbox 364 1773 1948 1849">
     <span class='ocr_line' id='line_1_19' title="bbox 364 1773 1948 1849; baseline -0.005 -15"><span class='ocrx_word' id='word_1_117' title='bbox 364 1782 429 1835; x_wconf 83' lang='grc' dir='ltr'><strong>Εἰ</strong></span> <span class='ocrx_word' id='word_1_118' title='bbox 458 1780 567 1849; x_wconf 76' lang='grc' dir='ltr'><strong>γὰρ</strong></span> <span class='ocrx_word' id='word_1_119' title='bbox 596 1778 809 1841; x_wconf 78' lang='grc' dir='ltr'>οὐδενὸς</span> <span class='ocrx_word' id='word_1_120' title='bbox 846 1775 1080 1839; x_wconf 77' lang='grc' dir='ltr'>ἄπεστι,</span> <span class='ocrx_word' id='word_1_121' title='bbox 1115 1776 1211 1829; x_wconf 75' lang='grc' dir='ltr'>καὶ</span> <span class='ocrx_word' id='word_1_122' title='bbox 1239 1773 1542 1844; x_wconf 80' lang='grc' dir='ltr'>οὐδαμόθεν</span> <span class='ocrx_word' id='word_1_123' title='bbox 1569 1774 1948 1844; x_wconf 81' lang='grc' dir='ltr'>ἀπολιμπάνε-</span> 
     </span>
    </p>
   </div>
   <div class='ocr_carea' id='block_1_20' title="bbox 366 1865 1946 1942">
    <p class='ocr_par' dir='ltr' id='par_1_20' title="bbox 366 1865 1946 1942">
     <span class='ocr_line' id='line_1_20' title="bbox 366 1865 1946 1942; baseline -0.004 -17"><span class='ocrx_word' id='word_1_124' title='bbox 366 1889 486 1936; x_wconf 85' lang='grc' dir='ltr'>ται,</span> <span class='ocrx_word' id='word_1_125' title='bbox 517 1872 665 1942; x_wconf 74' lang='grc' dir='ltr'>πόσῳ</span> <span class='ocrx_word' id='word_1_126' title='bbox 693 1869 871 1938; x_wconf 85' lang='grc' dir='ltr'>λέγειν</span> <span class='ocrx_word' id='word_1_127' title='bbox 899 1867 1287 1937; x_wconf 81' lang='grc' dir='ltr'>ἀληθέστερον,</span> <span class='ocrx_word' id='word_1_128' title='bbox 1321 1866 1403 1921; x_wconf 75' lang='grc' dir='ltr'>ὅτι</span> <span class='ocrx_word' id='word_1_129' title='bbox 1428 1867 1486 1919; x_wconf 80' lang='grc' dir='ltr'>ὲν</span> <span class='ocrx_word' id='word_1_130' title='bbox 1522 1865 1602 1936; x_wconf 81' lang='grc' dir='ltr'>τῷ</span> <span class='ocrx_word' id='word_1_131' title='bbox 1627 1867 1841 1936; x_wconf 86' lang='grc' dir='ltr'>σώματι</span> <span class='ocrx_word' id='word_1_132' title='bbox 1866 1865 1946 1935; x_wconf 86' lang='grc' dir='ltr'>τῷ</span> 
     </span>
    </p>
   </div>
   <div class='ocr_carea' id='block_1_21' title="bbox 369 1938 1953 2028">
    <p class='ocr_par' dir='ltr' id='par_1_21' title="bbox 369 1938 1953 2028">
     <span class='ocr_line' id='line_1_21' title="bbox 369 1938 1953 2028; baseline -0.004 -13"><span class='ocrx_word' id='word_1_133' title='bbox 369 1938 555 2027; x_wconf 75' lang='grc' dir='ltr'>οἰκείῷ</span> <span class='ocrx_word' id='word_1_134' title='bbox 584 1961 676 2013; x_wconf 60' lang='grc' dir='ltr'>καὶ</span> <span class='ocrx_word' id='word_1_135' title='bbox 706 1957 829 2013; x_wconf 87' lang='grc' dir='ltr'>καθ’</span> <span class='ocrx_word' id='word_1_136' title='bbox 871 1959 1173 2011; x_wconf 72' lang='grc' dir='ltr'>ὑπόστασιν</span> <span class='ocrx_word' id='word_1_137' title='bbox 1203 1956 1352 2027; x_wconf 76' lang='grc' dir='ltr'><strong>αὐτῷ</strong></span> <span class='ocrx_word' id='word_1_138' title='bbox 1387 1957 1655 2028; x_wconf 79' lang='grc' dir='ltr'>ἡνωμένῳ</span> <span class='ocrx_word' id='word_1_139' title='bbox 1675 1996 1689 2019; x_wconf 94' lang='grc'><strong>,</strong></span> <span class='ocrx_word' id='word_1_140' title='bbox 1723 1956 1818 2009; x_wconf 73' lang='grc' dir='ltr'>καὶ</span> <span class='ocrx_word' id='word_1_141' title='bbox 1851 1972 1953 2010; x_wconf 78' lang='grc' dir='ltr'>πε-</span> 
     </span>
    </p>
   </div>
   <div class='ocr_carea' id='block_1_22' title="bbox 380 2046 1950 2122">
    <p class='ocr_par' dir='ltr' id='par_1_22' title="bbox 380 2046 1950 2122">
     <span class='ocr_line' id='line_1_22' title="bbox 380 2046 1950 2122; baseline -0.003 -17"><span class='ocrx_word' id='word_1_142' title='bbox 380 2049 659 2122; x_wconf 75' lang='grc' dir='ltr'>ριγραπτῷ</span> <span class='ocrx_word' id='word_1_143' title='bbox 693 2067 755 2115; x_wconf 82' lang='grc' dir='ltr'><strong>γε</strong></span> <span class='ocrx_word' id='word_1_144' title='bbox 786 2048 922 2115; x_wconf 79' lang='grc' dir='ltr'>ὄντι,</span> <span class='ocrx_word' id='word_1_145' title='bbox 955 2049 1041 2102; x_wconf 68' lang='grc' dir='ltr'><strong>ἀεὶ</strong></span> <span class='ocrx_word' id='word_1_146' title='bbox 1091 2049 1381 2118; x_wconf 83' lang='grc' dir='ltr'>πάρεστιν,</span> <span class='ocrx_word' id='word_1_147' title='bbox 1415 2048 1482 2099; x_wconf 77' lang='grc' dir='ltr'><strong>ἵν’</strong></span> <span class='ocrx_word' id='word_1_148' title='bbox 1525 2046 1642 2118; x_wconf 74' lang='grc' dir='ltr'>ἅμα</span> <span class='ocrx_word' id='word_1_149' title='bbox 1675 2048 1770 2101; x_wconf 68' lang='grc' dir='ltr'>καὶ</span> <span class='ocrx_word' id='word_1_150' title='bbox 1806 2047 1950 2101; x_wconf 81' lang='grc' dir='ltr'>κατὰ</span> 
     </span>
    </p>
   </div>
   <div class='ocr_carea' id='block_1_23' title="bbox 381 2139 1953 2212">
    <p class='ocr_par' dir='ltr' id='par_1_23' title="bbox 381 2139 1953 2212">
     <span class='ocr_line' id='line_1_23' title="bbox 381 2139 1953 2212; baseline -0.002 -15"><span class='ocrx_word' id='word_1_151' title='bbox 381 2144 564 2197; x_wconf 69' lang='grc' dir='ltr'>ταύτὸν</span> <span class='ocrx_word' id='word_1_152' title='bbox 598 2144 630 2211; x_wconf 81' lang='grc' dir='ltr'>ἡ</span> <span class='ocrx_word' id='word_1_153' title='bbox 668 2143 753 2194; x_wconf 81' lang='grc' dir='ltr'><strong>ἐπ’</strong></span> <span class='ocrx_word' id='word_1_154' title='bbox 786 2143 989 2212; x_wconf 82' lang='grc' dir='ltr'>ἀμφοῖν</span> <span class='ocrx_word' id='word_1_155' title='bbox 1019 2139 1147 2192; x_wconf 84' lang='grc' dir='ltr'><strong>τῶν</strong></span> <span class='ocrx_word' id='word_1_156' title='bbox 1169 2139 1382 2193; x_wconf 82' lang='grc' dir='ltr'>ἀσεϐῶν</span> <span class='ocrx_word' id='word_1_157' title='bbox 1415 2139 1617 2203; x_wconf 71' lang='grc' dir='ltr'>ἄτοπος</span> <span class='ocrx_word' id='word_1_158' title='bbox 1648 2141 1742 2194; x_wconf 71' lang='grc' dir='ltr'>καὶ</span> <span class='ocrx_word' id='word_1_159' title='bbox 1773 2141 1953 2212; x_wconf 83' lang='grc' dir='ltr'>παρά-</span> 
     </span>
    </p>
   </div>
   <div class='ocr_carea' id='block_1_24' title="bbox 389 2230 1953 2302">
    <p class='ocr_par' dir='ltr' id='par_1_24' title="bbox 389 2230 1953 2302">
     <span class='ocr_line' id='line_1_24' title="bbox 389 2230 1953 2302; baseline -0.001 -16"><span class='ocrx_word' id='word_1_160' title='bbox 389 2236 530 2301; x_wconf 48' lang='lat' dir='ltr'><strong>loro;</strong></span> <span class='ocrx_word' id='word_1_161' title='bbox 553 2232 899 2302; x_wconf 79' lang='grc' dir='ltr'>διελέγχηται</span> <span class='ocrx_word' id='word_1_162' title='bbox 943 2230 1287 2298; x_wconf 83' lang='grc' dir='ltr'>φιλονεικὶα;</span> <span class='ocrx_word' id='word_1_163' title='bbox 1330 2230 1391 2282; x_wconf 84' lang='grc' dir='ltr'><strong>Εἰ</strong></span> <span class='ocrx_word' id='word_1_164' title='bbox 1429 2230 1530 2299; x_wconf 85' lang='grc' dir='ltr'>μὲν</span> <span class='ocrx_word' id='word_1_165' title='bbox 1558 2230 1671 2301; x_wconf 83' lang='grc' dir='ltr'>γὰρ</span> <span class='ocrx_word' id='word_1_166' title='bbox 1703 2231 1735 2301; x_wconf 83' lang='grc' dir='ltr'><strong>ἡ</strong></span> <span class='ocrx_word' id='word_1_167' title='bbox 1774 2231 1953 2295; x_wconf 85' lang='grc' dir='ltr'>κτίσις</span> 
     </span>
    </p>
   </div>
   <div class='ocr_carea' id='block_1_25' title="bbox 385 2319 1955 2398">
    <p class='ocr_par' dir='ltr' id='par_1_25' title="bbox 385 2319 1955 2398">
     <span class='ocr_line' id='line_1_25' title="bbox 385 2319 1955 2398; baseline -0.001 -19"><span class='ocrx_word' id='word_1_168' title='bbox 385 2330 417 2397; x_wconf 74' lang='grc' dir='ltr'>ἡ</span> <span class='ocrx_word' id='word_1_169' title='bbox 445 2326 704 2397; x_wconf 77' lang='grc' dir='ltr'>σύμπασα</span> <span class='ocrx_word' id='word_1_170' title='bbox 806 2323 1070 2395; x_wconf 79' lang='grc' dir='ltr'>πάρεστιν</span> <span class='ocrx_word' id='word_1_171' title='bbox 1100 2323 1177 2387; x_wconf 88' lang='grc' dir='ltr'>ὼς</span> <span class='ocrx_word' id='word_1_172' title='bbox 1215 2322 1351 2386; x_wconf 77' lang='grc' dir='ltr'>Θεὸς</span> <span class='ocrx_word' id='word_1_173' title='bbox 1379 2323 1851 2395; x_wconf 84' lang='grc' dir='ltr'>ἀπεριγράπτως,</span> <span class='ocrx_word' id='word_1_174' title='bbox 1884 2319 1955 2397; x_wconf 78' lang='grc' dir='ltr'>ἦν</span> 
     </span>
    </p>
   </div>
   <div class='ocr_carea' id='block_1_26' title="bbox 378 2415 1953 2492">
    <p class='ocr_par' dir='ltr' id='par_1_26' title="bbox 378 2415 1953 2492">
     <span class='ocr_line' id='line_1_26' title="bbox 378 2415 1953 2492; baseline -0.001 -19"><span class='ocrx_word' id='word_1_175' title='bbox 378 2420 827 2492; x_wconf 79' lang='grc' dir='ltr'>ἁπερίγραπτος,</span> <span class='ocrx_word' id='word_1_176' title='bbox 860 2418 1090 2489; x_wconf 74' lang='grc' dir='ltr'>ἐξήνυεν</span> <span class='ocrx_word' id='word_1_177' title='bbox 1116 2416 1182 2470; x_wconf 78' lang='grc' dir='ltr'>ἄν</span> <span class='ocrx_word' id='word_1_178' title='bbox 1225 2433 1277 2470; x_wconf 87' lang='grc' dir='ltr'><strong>τι</strong></span> <span class='ocrx_word' id='word_1_179' title='bbox 1319 2416 1451 2479; x_wconf 88' lang='grc' dir='ltr'>ῐσως</span> <span class='ocrx_word' id='word_1_180' title='bbox 1492 2418 1521 2469; x_wconf 92' lang='grc' dir='ltr'><strong>ό</strong></span> <span class='ocrx_word' id='word_1_181' title='bbox 1566 2415 1727 2486; x_wconf 88' lang='grc' dir='ltr'>λόγος</span> <span class='ocrx_word' id='word_1_182' title='bbox 1780 2417 1953 2488; x_wconf 81' lang='grc' dir='ltr'>αὐτῷ.</span> 
     </span>
    </p>
   </div>
   <div class='ocr_carea' id='block_1_27' title="bbox 376 2507 1956 2582">
    <p class='ocr_par' dir='ltr' id='par_1_27' title="bbox 376 2507 1956 2582">
     <span class='ocr_line' id='line_1_27' title="bbox 376 2507 1956 2582; baseline -0.003 -15"><span class='ocrx_word' id='word_1_183' title='bbox 376 2510 440 2567; x_wconf 75' lang='grc' dir='ltr'><strong>Εἰ</strong></span> <span class='ocrx_word' id='word_1_184' title='bbox 479 2513 536 2566; x_wconf 82' lang='grc' dir='ltr'>δὲ</span> <span class='ocrx_word' id='word_1_185' title='bbox 571 2511 744 2566; x_wconf 86' lang='grc' dir='ltr'>πάντα</span> <span class='ocrx_word' id='word_1_186' title='bbox 776 2510 1138 2582; x_wconf 84' lang='grc' dir='ltr'>περιγραπτὰ</span> <span class='ocrx_word' id='word_1_187' title='bbox 1165 2511 1303 2577; x_wconf 76' lang='grc' dir='ltr'>ἐστι,</span> <span class='ocrx_word' id='word_1_188' title='bbox 1336 2509 1482 2573; x_wconf 88' lang='grc' dir='ltr'>τίνος</span> <span class='ocrx_word' id='word_1_189' title='bbox 1514 2507 1703 2562; x_wconf 75' lang='grc' dir='ltr'>ἕνεκεν</span> <span class='ocrx_word' id='word_1_190' title='bbox 1730 2511 1763 2580; x_wconf 71' lang='grc' dir='ltr'>ἡ</span> <span class='ocrx_word' id='word_1_191' title='bbox 1797 2509 1956 2563; x_wconf 85' lang='grc' dir='ltr'>ἀνού-</span> 
     </span>
    </p>
   </div>
   <div class='ocr_carea' id='block_1_28' title="bbox 376 2600 1956 2676">
    <p class='ocr_par' dir='ltr' id='par_1_28' title="bbox 376 2600 1956 2676">
     <span class='ocr_line' id='line_1_28' title="bbox 376 2600 1956 2676; baseline -0.004 -17"><span class='ocrx_word' id='word_1_192' title='bbox 376 2603 739 2676; x_wconf 50' lang='grc' dir='ltr'>στατοςναῦτη</span> <span class='ocrx_word' id='word_1_193' title='bbox 772 2604 869 2657; x_wconf 76' lang='grc' dir='ltr'>καὶ</span> <span class='ocrx_word' id='word_1_194' title='bbox 898 2602 1089 2674; x_wconf 68' lang='grc' dir='ltr'>ψυχρὰ</span> <span class='ocrx_word' id='word_1_195' title='bbox 1117 2601 1397 2669; x_wconf 74' lang='grc' dir='ltr'>ἔνστασις,</span> <span class='ocrx_word' id='word_1_196' title='bbox 1430 2600 1522 2654; x_wconf 89' lang='grc' dir='ltr'><strong>τοῦ</strong></span> <span class='ocrx_word' id='word_1_197' title='bbox 1561 2600 1763 2654; x_wconf 81' lang='grc' dir='ltr'>οἰκείου</span> <span class='ocrx_word' id='word_1_198' title='bbox 1797 2602 1956 2671; x_wconf 86' lang='grc' dir='ltr'>μόνον</span> 
     </span>
    </p>
   </div>
   <div class='ocr_carea' id='block_1_29' title="bbox 376 2692 1957 2770">
    <p class='ocr_par' dir='ltr' id='par_1_29' title="bbox 376 2692 1957 2770">
     <span class='ocr_line' id='line_1_29' title="bbox 376 2692 1957 2770; baseline -0.004 -19"><span class='ocrx_word' id='word_1_199' title='bbox 376 2696 744 2770; x_wconf 74' lang='grc' dir='ltr'>ὖπερορίσθαι</span> <span class='ocrx_word' id='word_1_200' title='bbox 792 2698 885 2750; x_wconf 74' lang='grc' dir='ltr'>τὸν</span> <span class='ocrx_word' id='word_1_201' title='bbox 944 2697 1118 2764; x_wconf 81' lang='grc' dir='ltr'>Λόγον</span> <span class='ocrx_word' id='word_1_202' title='bbox 1186 2692 1489 2761; x_wconf 68' lang='grc' dir='ltr'>σώματοςς</span> <span class='ocrx_word' id='word_1_203' title='bbox 1543 2693 1753 2756; x_wconf 83' lang='grc' dir='ltr'>Ὄντως</span> <span class='ocrx_word' id='word_1_204' title='bbox 1812 2693 1957 2746; x_wconf 82' lang='grc' dir='ltr'>ἰστὸν</span> 
     </span>
    </p>
   </div>
   <div class='ocr_carea' id='block_1_30' title="bbox 375 2783 1959 2863">
    <p class='ocr_par' dir='ltr' id='par_1_30' title="bbox 375 2783 1959 2863">
     <span class='ocr_line' id='line_1_30' title="bbox 375 2783 1959 2863; baseline -0.004 -19"><span class='ocrx_word' id='word_1_205' title='bbox 375 2792 626 2863; x_wconf 77' lang='grc' dir='ltr'>ἀράχνης</span> <span class='ocrx_word' id='word_1_206' title='bbox 672 2790 992 2861; x_wconf 72' lang='grc' dir='ltr'>ὑφαίνουσιν</span> <span class='ocrx_word' id='word_1_207' title='bbox 1042 2788 1096 2841; x_wconf 79' lang='lat' dir='ltr'><strong>oi</strong></span> <span class='ocrx_word' id='word_1_208' title='bbox 1141 2786 1315 2840; x_wconf 88' lang='grc' dir='ltr'>ταῦτα</span> <span class='ocrx_word' id='word_1_209' title='bbox 1361 2783 1689 2856; x_wconf 80' lang='grc' dir='ltr'>φρονοῦντες</span> <span class='ocrx_word' id='word_1_210' title='bbox 1734 2785 1827 2839; x_wconf 67' lang='grc' dir='ltr'>καὶ</span> <span class='ocrx_word' id='word_1_211' title='bbox 1866 2785 1959 2839; x_wconf 87' lang='grc' dir='ltr'>λέ-</span> 
     </span>
    </p>
   </div>
   <div class='ocr_carea' id='block_1_31' title="bbox 374 2902 590 2954">
    <p class='ocr_par' dir='ltr' id='par_1_31' title="bbox 374 2902 590 2954">
     <span class='ocr_line' id='line_1_31' title="bbox 374 2902 590 2954; baseline 0.009 -16"><span class='ocrx_word' id='word_1_212' title='bbox 374 2902 590 2954; x_wconf 86' lang='grc' dir='ltr'>γοντες.</span> 
     </span>
    </p>
   </div>
   <div class='ocr_carea' id='block_1_32' title="bbox 452 2968 1962 3045">
    <p class='ocr_par' dir='ltr' id='par_1_32' title="bbox 452 2968 1962 3045">
     <span class='ocr_line' id='line_1_32' title="bbox 452 2968 1962 3045; baseline -0.003 -16"><span class='ocrx_word' id='word_1_213' title='bbox 452 2975 563 3045; x_wconf 55' lang='grc' dir='ltr'><strong>μβκ</strong></span> <span class='ocrx_word' id='word_1_214' title='bbox 605 2973 822 3028; x_wconf 87' lang='grc' dir='ltr'>Τούτων</span> <span class='ocrx_word' id='word_1_215' title='bbox 861 2973 916 3027; x_wconf 81' lang='grc' dir='ltr'>δὲ</span> <span class='ocrx_word' id='word_1_216' title='bbox 959 2971 1133 3035; x_wconf 77' lang='grc' dir='ltr'>οὕτως</span> <span class='ocrx_word' id='word_1_217' title='bbox 1181 2969 1513 3044; x_wconf 75' lang='grc' dir='ltr'>εἰρημένων,</span> <span class='ocrx_word' id='word_1_218' title='bbox 1556 2970 1649 3024; x_wconf 80' lang='grc' dir='ltr'><strong>ἐπὶ</strong></span> <span class='ocrx_word' id='word_1_219' title='bbox 1681 2973 1749 3025; x_wconf 81' lang='grc' dir='ltr'>τὰ</span> <span class='ocrx_word' id='word_1_220' title='bbox 1794 2968 1962 3025; x_wconf 76' lang='grc' dir='ltr'>λοιπὰ</span> 
     </span>
    </p>
   </div>
   <div class='ocr_carea' id='block_1_33' title="bbox 374 3062 1959 3137">
    <p class='ocr_par' dir='ltr' id='par_1_33' title="bbox 374 3062 1959 3137">
     <span class='ocr_line' id='line_1_33' title="bbox 374 3062 1959 3137; baseline -0.002 -18"><span class='ocrx_word' id='word_1_221' title='bbox 374 3065 661 3133; x_wconf 78' lang='grc' dir='ltr'>τοῦλόγου</span> <span class='ocrx_word' id='word_1_222' title='bbox 707 3064 1059 3137; x_wconf 74' lang='grc' dir='ltr'>τρεψὼμεθα.</span> <span class='ocrx_word' id='word_1_223' title='bbox 1103 3065 1164 3118; x_wconf 85' lang='lat' dir='ltr'><strong>Ei</strong></span> <span class='ocrx_word' id='word_1_224' title='bbox 1199 3065 1265 3117; x_wconf 81' lang='grc' dir='ltr'>ἐκ</span> <span class='ocrx_word' id='word_1_225' title='bbox 1300 3062 1619 3135; x_wconf 87' lang='grc' dir='ltr'>διπλότητος</span> <span class='ocrx_word' id='word_1_226' title='bbox 1661 3063 1959 3135; x_wconf 89' lang='grc' dir='ltr'>πρεσϐεύει</span> 
     </span>
    </p>
   </div>
   <div class='ocr_carea' id='block_1_34' title="bbox 2041 560 3614 638">
    <p class='ocr_par' dir='ltr' id='par_1_34' title="bbox 2041 560 3614 638">
     <span class='ocr_line' id='line_1_34' title="bbox 2041 560 3614 638; baseline -0.001 -13"><span class='ocrx_word' id='word_1_227' title='bbox 2041 587 2137 625; x_wconf 86' lang='lat' dir='ltr'><strong>ceu</strong></span> <span class='ocrx_word' id='word_1_228' title='bbox 2170 587 2331 626; x_wconf 86' lang='lat' dir='ltr'><strong>verus</strong></span> <span class='ocrx_word' id='word_1_229' title='bbox 2360 573 2520 626; x_wconf 86' lang='lat' dir='ltr'><strong>homo</strong></span> <span class='ocrx_word' id='word_1_230' title='bbox 2549 560 2891 633; x_wconf 87' lang='lat' dir='ltr'><strong>versabatur,</strong></span> <span class='ocrx_word' id='word_1_231' title='bbox 2921 580 3203 638; x_wconf 91' lang='lat' dir='ltr'><strong>paternum</strong></span> <span class='ocrx_word' id='word_1_232' title='bbox 3258 583 3364 623; x_wconf 86' lang='lat' dir='ltr'><strong>non</strong></span> <span class='ocrx_word' id='word_1_233' title='bbox 3391 569 3614 624; x_wconf 86' lang='lat' dir='ltr'><strong>descre-</strong></span> 
     </span>
    </p>
   </div>
   <div class='ocr_carea' id='block_1_35' title="bbox 2042 662 3616 737">
    <p class='ocr_par' dir='ltr' id='par_1_35' title="bbox 2042 662 3616 737">
     <span class='ocr_line' id='line_1_35' title="bbox 2042 662 3616 737; baseline -0.003 -17"><span class='ocrx_word' id='word_1_234' title='bbox 2042 667 2135 720; x_wconf 91' lang='lat' dir='ltr'><strong>hat</strong></span> <span class='ocrx_word' id='word_1_235' title='bbox 2153 665 2330 721; x_wconf 88' lang='lat' dir='ltr'><strong>sinum</strong></span> <span class='ocrx_word' id='word_1_236' title='bbox 2354 664 2663 737; x_wconf 87' lang='lat' dir='ltr'><strong>;Paterque</strong></span> <span class='ocrx_word' id='word_1_237' title='bbox 2683 665 2875 721; x_wconf 88' lang='lat' dir='ltr'><strong>eratin</strong></span> <span class='ocrx_word' id='word_1_238' title='bbox 2908 662 3048 734; x_wconf 87' lang='lat' dir='ltr'><strong>ipso,</strong></span> <span class='ocrx_word' id='word_1_239' title='bbox 3069 671 3124 717; x_wconf 88' lang='lat' dir='ltr'><strong>et</strong></span> <span class='ocrx_word' id='word_1_240' title='bbox 3156 663 3272 733; x_wconf 88' lang='lat' dir='ltr'><strong>ipse</strong></span> <span class='ocrx_word' id='word_1_241' title='bbox 3296 663 3348 716; x_wconf 89' lang='lat' dir='ltr'><strong>in</strong></span> <span class='ocrx_word' id='word_1_242' title='bbox 3369 662 3530 717; x_wconf 81' lang='lat' dir='ltr'><strong>Patre</strong></span> <span class='ocrx_word' id='word_1_243' title='bbox 3545 663 3616 716; x_wconf 85' lang='grc'><strong>³³.</strong></span> 
     </span>
    </p>
   </div>
   <div class='ocr_carea' id='block_1_36' title="bbox 2117 841 3619 917">
    <p class='ocr_par' dir='ltr' id='par_1_36' title="bbox 2117 841 3619 917">
     <span class='ocr_line' id='line_1_36' title="bbox 2117 841 3619 917; baseline -0.003 -17"><span class='ocrx_word' id='word_1_244' title='bbox 2117 843 2173 900; x_wconf 87' lang='lat' dir='ltr'><strong>Si</strong></span> <span class='ocrx_word' id='word_1_245' title='bbox 2210 860 2364 917; x_wconf 83' lang='lat' dir='ltr'><strong>ergo,</strong></span> <span class='ocrx_word' id='word_1_246' title='bbox 2393 854 2452 901; x_wconf 92' lang='lat' dir='ltr'><strong>ut</strong></span> <span class='ocrx_word' id='word_1_247' title='bbox 2481 844 2731 901; x_wconf 86' lang='lat' dir='ltr'><strong>veritatis</strong></span> <span class='ocrx_word' id='word_1_248' title='bbox 2764 844 3062 900; x_wconf 85' lang='lat' dir='ltr'><strong>decurrens</strong></span> <span class='ocrx_word' id='word_1_249' title='bbox 3107 856 3286 898; x_wconf 85' lang='lat' dir='ltr'><strong>sermo</strong></span> <span class='ocrx_word' id='word_1_250' title='bbox 3324 841 3619 904; x_wconf 88' lang='lat' dir='ltr'><strong>concludit.</strong></span> 
     </span>
    </p>
   </div>
   <div class='ocr_carea' id='block_1_37' title="bbox 2045 934 3613 1008">
    <p class='ocr_par' dir='ltr' id='par_1_37' title="bbox 2045 934 3613 1008">
     <span class='ocr_line' id='line_1_37' title="bbox 2045 934 3613 1008; baseline -0.004 -15"><span class='ocrx_word' id='word_1_251' title='bbox 2045 937 2098 994; x_wconf 91' lang='lat' dir='ltr'><strong>in</strong></span> <span class='ocrx_word' id='word_1_252' title='bbox 2150 939 2370 1008; x_wconf 88' lang='lat' dir='ltr'><strong>proprio</strong></span> <span class='ocrx_word' id='word_1_253' title='bbox 2416 954 2522 993; x_wconf 91' lang='lat' dir='ltr'><strong>non</strong></span> <span class='ocrx_word' id='word_1_254' title='bbox 2577 935 3049 992; x_wconf 71' lang='lat' dir='ltr'><strong>circumscribitur</strong></span> <span class='ocrx_word' id='word_1_255' title='bbox 3094 948 3323 1004; x_wconf 85' lang='lat' dir='ltr'><strong>corpore</strong></span> <span class='ocrx_word' id='word_1_256' title='bbox 3359 972 3375 999; x_wconf 90' lang='lat'><strong>,</strong></span> <span class='ocrx_word' id='word_1_257' title='bbox 3428 934 3613 1001; x_wconf 88' lang='lat' dir='ltr'><strong>quidni</strong></span> 
     </span>
    </p>
   </div>
   <div class='ocr_carea' id='block_1_38' title="bbox 2044 1027 3622 1098">
    <p class='ocr_par' dir='ltr' id='par_1_38' title="bbox 2044 1027 3622 1098">
     <span class='ocr_line' id='line_1_38' title="bbox 2044 1027 3622 1098; baseline -0.004 -12"><span class='ocrx_word' id='word_1_258' title='bbox 2044 1045 2259 1086; x_wconf 91' lang='lat' dir='ltr'><strong>omnem</strong></span> <span class='ocrx_word' id='word_1_259' title='bbox 2275 1030 2539 1097; x_wconf 60' lang='lat' dir='ltr'><strong>stultitim,</strong></span> <span class='ocrx_word' id='word_1_260' title='bbox 2560 1029 2847 1084; x_wconf 79' lang='lat' dir='ltr'><strong>dementiae</strong></span> <span class='ocrx_word' id='word_1_261' title='bbox 2877 1027 3285 1098; x_wconf 79' lang='lat' dir='ltr'><strong>impietatisque</strong></span> <span class='ocrx_word' id='word_1_262' title='bbox 3306 1040 3622 1082; x_wconf 84' lang='lat' dir='ltr'><strong>mensuram</strong></span> 
     </span>
    </p>
   </div>
   <div class='ocr_carea' id='block_1_39' title="bbox 2045 1116 3623 1189">
    <p class='ocr_par' dir='ltr' id='par_1_39' title="bbox 2045 1116 3623 1189">
     <span class='ocr_line' id='line_1_39' title="bbox 2045 1116 3623 1189; baseline -0.006 -13"><span class='ocrx_word' id='word_1_263' title='bbox 2045 1120 2295 1186; x_wconf 72' lang='lat' dir='ltr'><strong>excedét,</strong></span> <span class='ocrx_word' id='word_1_264' title='bbox 2338 1120 2381 1175; x_wconf 89' lang='lat' dir='ltr'><strong>si</strong></span> <span class='ocrx_word' id='word_1_265' title='bbox 2418 1119 2544 1189; x_wconf 89' lang='lat' dir='ltr'><strong>quis</strong></span> <span class='ocrx_word' id='word_1_266' title='bbox 2590 1119 2739 1173; x_wconf 83' lang='lat' dir='ltr'><strong>dicat</strong></span> <span class='ocrx_word' id='word_1_267' title='bbox 2789 1116 3162 1173; x_wconf 86' lang='lat' dir='ltr'><strong>circumscribi</strong></span> <span class='ocrx_word' id='word_1_268' title='bbox 3206 1130 3331 1170; x_wconf 91' lang='lat' dir='ltr'><strong>cum</strong></span> <span class='ocrx_word' id='word_1_269' title='bbox 3380 1116 3623 1170; x_wconf 88' lang='lat' dir='ltr'><strong>circum-</strong></span> 
     </span>
    </p>
   </div>
   <div class='ocr_carea' id='block_1_40' title="bbox 2046 1208 3628 1282">
    <p class='ocr_par' dir='ltr' id='par_1_40' title="bbox 2046 1208 3628 1282">
     <span class='ocr_line' id='line_1_40' title="bbox 2046 1208 3628 1282; baseline -0.004 -14"><span class='ocrx_word' id='word_1_270' title='bbox 2046 1214 2253 1282; x_wconf 87' lang='lat' dir='ltr'><strong>scripto</strong></span> <span class='ocrx_word' id='word_1_271' title='bbox 2300 1227 2530 1281; x_wconf 86' lang='lat' dir='ltr'><strong>corpore</strong></span> <span class='ocrx_word' id='word_1_272' title='bbox 2583 1211 2844 1275; x_wconf 81' lang='lat' dir='ltr'><strong>Verbum,</strong></span> <span class='ocrx_word' id='word_1_273' title='bbox 2894 1224 3020 1265; x_wconf 90' lang='lat' dir='ltr'><strong>cum</strong></span> <span class='ocrx_word' id='word_1_274' title='bbox 3073 1223 3266 1278; x_wconf 82' lang='lat' dir='ltr'><strong>reapse</strong></span> <span class='ocrx_word' id='word_1_275' title='bbox 3324 1208 3628 1263; x_wconf 86' lang='lat' dir='ltr'><strong>incircum-</strong></span> 
     </span>
    </p>
   </div>
   <div class='ocr_carea' id='block_1_41' title="bbox 2048 1294 3625 1373">
    <p class='ocr_par' dir='ltr' id='par_1_41' title="bbox 2048 1294 3625 1373">
     <span class='ocr_line' id='line_1_41' title="bbox 2048 1294 3625 1373; baseline -0.006 -14"><span class='ocrx_word' id='word_1_276' title='bbox 2048 1304 2313 1373; x_wconf 90' lang='lat' dir='ltr'><strong>scriptum</strong></span> <span class='ocrx_word' id='word_1_277' title='bbox 2362 1302 2597 1357; x_wconf 84' lang='lat' dir='ltr'><strong>Verbum</strong></span> <span class='ocrx_word' id='word_1_278' title='bbox 2629 1300 2739 1356; x_wconf 85' lang='lat' dir='ltr'><strong>sit?</strong></span> <span class='ocrx_word' id='word_1_279' title='bbox 2784 1299 2916 1353; x_wconf 82' lang='lat' dir='ltr'><strong>Nam</strong></span> <span class='ocrx_word' id='word_1_280' title='bbox 2973 1297 3135 1352; x_wconf 89' lang='lat' dir='ltr'><strong>simul</strong></span> <span class='ocrx_word' id='word_1_281' title='bbox 3187 1306 3403 1366; x_wconf 89' lang='lat' dir='ltr'><strong>sumpta</strong></span> <span class='ocrx_word' id='word_1_282' title='bbox 3457 1294 3625 1349; x_wconf 79' lang='lat' dir='ltr'><strong>fuisse</strong></span> 
     </span>
    </p>
   </div>
   <div class='ocr_carea' id='block_1_42' title="bbox 2046 1389 3626 1467">
    <p class='ocr_par' dir='ltr' id='par_1_42' title="bbox 2046 1389 3626 1467">
     <span class='ocr_line' id='line_1_42' title="bbox 2046 1389 3626 1467; baseline -0.004 -17"><span class='ocrx_word' id='word_1_283' title='bbox 2046 1403 2263 1467; x_wconf 87' lang='lat' dir='ltr'><strong>oportet</strong></span> <span class='ocrx_word' id='word_1_284' title='bbox 2289 1394 2455 1451; x_wconf 89' lang='lat' dir='ltr'><strong>etiam</strong></span> <span class='ocrx_word' id='word_1_285' title='bbox 2507 1394 2790 1464; x_wconf 87' lang='lat' dir='ltr'><strong>conjugata</strong></span> <span class='ocrx_word' id='word_1_286' title='bbox 2833 1406 3020 1446; x_wconf 87' lang='lat' dir='ltr'><strong>eorum</strong></span> <span class='ocrx_word' id='word_1_287' title='bbox 3058 1405 3177 1457; x_wconf 70' lang='lat' dir='ltr'><strong>quae</strong></span> <span class='ocrx_word' id='word_1_288' title='bbox 3198 1400 3326 1444; x_wconf 91' lang='lat' dir='ltr'><strong>sunt</strong></span> <span class='ocrx_word' id='word_1_289' title='bbox 3372 1389 3425 1446; x_wconf 92' lang='lat' dir='ltr'><strong>in</strong></span> <span class='ocrx_word' id='word_1_290' title='bbox 3470 1403 3626 1458; x_wconf 74' lang='lat' dir='ltr'><strong>qua:-</strong></span> 
     </span>
    </p>
   </div>
   <div class='ocr_carea' id='block_1_43' title="bbox 2047 1481 3618 1556">
    <p class='ocr_par' dir='ltr' id='par_1_43' title="bbox 2047 1481 3618 1556">
     <span class='ocr_line' id='line_1_43' title="bbox 2047 1481 3618 1556; baseline -0.007 -11"><span class='ocrx_word' id='word_1_291' title='bbox 2047 1489 2245 1545; x_wconf 88' lang='lat' dir='ltr'><strong>stioue.</strong></span> <span class='ocrx_word' id='word_1_292' title='bbox 2270 1488 2516 1556; x_wconf 85' lang='lat' dir='ltr'><strong>Cumque</strong></span> <span class='ocrx_word' id='word_1_293' title='bbox 2540 1486 2794 1541; x_wconf 83' lang='lat' dir='ltr'><strong>omnibus</strong></span> <span class='ocrx_word' id='word_1_294' title='bbox 2822 1484 2983 1538; x_wconf 88' lang='lat' dir='ltr'><strong>rebus</strong></span> <span class='ocrx_word' id='word_1_295' title='bbox 3009 1482 3075 1537; x_wconf 87' lang='lat' dir='ltr'><strong>sit</strong></span> <span class='ocrx_word' id='word_1_296' title='bbox 3110 1495 3372 1551; x_wconf 68' lang='lat' dir='ltr'><strong>praesens,</strong></span> <span class='ocrx_word' id='word_1_297' title='bbox 3393 1481 3618 1551; x_wconf 82' lang='lat' dir='ltr'><strong>majoris</strong></span> 
     </span>
    </p>
   </div>
   <div class='ocr_carea' id='block_1_44' title="bbox 2049 1576 3628 1646">
    <p class='ocr_par' dir='ltr' id='par_1_44' title="bbox 2049 1576 3628 1646">
     <span class='ocr_line' id='line_1_44' title="bbox 2049 1576 3628 1646; baseline -0.004 -11"><span class='ocrx_word' id='word_1_298' title='bbox 2049 1579 2343 1637; x_wconf 83' lang='lat' dir='ltr'><strong>dementiae</strong></span> <span class='ocrx_word' id='word_1_299' title='bbox 2372 1577 2539 1633; x_wconf 80' lang='lat' dir='ltr'><strong>fuerit</strong></span> <span class='ocrx_word' id='word_1_300' title='bbox 2564 1577 2910 1646; x_wconf 76' lang='lat' dir='ltr'><strong>extremique</strong></span> <span class='ocrx_word' id='word_1_301' title='bbox 2941 1577 3116 1633; x_wconf 86' lang='lat' dir='ltr'><strong>delirii</strong></span> <span class='ocrx_word' id='word_1_302' title='bbox 3141 1578 3344 1642; x_wconf 88' lang='lat' dir='ltr'><strong>dicere,</strong></span> <span class='ocrx_word' id='word_1_303' title='bbox 3384 1576 3628 1646; x_wconf 77' lang='lat' dir='ltr'><strong>separari</strong></span> 
     </span>
    </p>
   </div>
   <div class='ocr_carea' id='block_1_45' title="bbox 2048 1668 3624 1742">
    <p class='ocr_par' dir='ltr' id='par_1_45' title="bbox 2048 1668 3624 1742">
     <span class='ocr_line' id='line_1_45' title="bbox 2048 1668 3624 1742; baseline -0.003 -16"><span class='ocrx_word' id='word_1_304' title='bbox 2048 1686 2078 1726; x_wconf 89' lang='lat' dir='ltr'><strong>a</strong></span> <span class='ocrx_word' id='word_1_305' title='bbox 2112 1686 2341 1742; x_wconf 89' lang='lat' dir='ltr'><strong>corpore</strong></span> <span class='ocrx_word' id='word_1_306' title='bbox 2368 1668 2631 1735; x_wconf 81' lang='lat' dir='ltr'><strong>Verbum,</strong></span> <span class='ocrx_word' id='word_1_307' title='bbox 2660 1671 2705 1725; x_wconf 89' lang='lat' dir='ltr'><strong>si</strong></span> <span class='ocrx_word' id='word_1_308' title='bbox 2731 1670 3206 1741; x_wconf 88' lang='lat' dir='ltr'><strong>circumscriptum</strong></span> <span class='ocrx_word' id='word_1_309' title='bbox 3230 1668 3473 1739; x_wconf 89' lang='lat' dir='ltr'><strong>(corpus)</strong></span> <span class='ocrx_word' id='word_1_310' title='bbox 3498 1682 3624 1724; x_wconf 87' lang='lat' dir='ltr'><strong>esse</strong></span> 
     </span>
    </p>
   </div>
   <div class='ocr_carea' id='block_1_46' title="bbox 2050 1759 3662 1832">
    <p class='ocr_par' dir='ltr' id='par_1_46' title="bbox 2050 1759 3662 1832">
     <span class='ocr_line' id='line_1_46' title="bbox 2050 1759 3662 1832; baseline -0.003 -17"><span class='ocrx_word' id='word_1_311' title='bbox 2050 1759 2370 1817; x_wconf 78' lang='lat' dir='ltr'><strong>aﬂirmetur.</strong></span> <span class='ocrx_word' id='word_1_312' title='bbox 2420 1759 2553 1816; x_wconf 87' lang='lat' dir='ltr'><strong>Nam</strong></span> <span class='ocrx_word' id='word_1_313' title='bbox 2600 1761 2711 1816; x_wconf 88' lang='lat' dir='ltr'><strong>sia</strong></span> <span class='ocrx_word' id='word_1_314' title='bbox 2767 1760 2912 1815; x_wconf 87' lang='lat' dir='ltr'><strong>nulla</strong></span> <span class='ocrx_word' id='word_1_315' title='bbox 2962 1776 3019 1815; x_wconf 90' lang='lat' dir='ltr'><strong>re</strong></span> <span class='ocrx_word' id='word_1_316' title='bbox 3048 1764 3223 1826; x_wconf 88' lang='lat' dir='ltr'><strong>abest,</strong></span> <span class='ocrx_word' id='word_1_317' title='bbox 3249 1768 3307 1815; x_wconf 87' lang='lat' dir='ltr'><strong>et</strong></span> <span class='ocrx_word' id='word_1_318' title='bbox 3359 1774 3662 1832; x_wconf 21' lang='lat' dir='ltr'><strong>nusquam,</strong></span> 
     </span>
    </p>
   </div>
   <div class='ocr_carea' id='block_1_47' title="bbox 2051 1836 3628 1925">
    <p class='ocr_par' dir='ltr' id='par_1_47' title="bbox 2051 1836 3628 1925">
     <span class='ocr_line' id='line_1_47' title="bbox 2051 1836 3628 1925; baseline -0.004 -14"><span class='ocrx_word' id='word_1_319' title='bbox 2051 1856 2227 1919; x_wconf 82' lang='lat' dir='ltr'><strong>deest,</strong></span> <span class='ocrx_word' id='word_1_320' title='bbox 2258 1854 2453 1925; x_wconf 83' lang='lat' dir='ltr'><strong>quidni</strong></span> <span class='ocrx_word' id='word_1_321' title='bbox 2505 1836 2689 1910; x_wconf 75' lang='lat' dir='ltr'><strong>verius</strong></span> <span class='ocrx_word' id='word_1_322' title='bbox 2721 1854 2959 1916; x_wconf 88' lang='lat' dir='ltr'><strong>dicatur,</strong></span> <span class='ocrx_word' id='word_1_323' title='bbox 2989 1852 3116 1908; x_wconf 91' lang='lat' dir='ltr'><strong>illud</strong></span> <span class='ocrx_word' id='word_1_324' title='bbox 3147 1852 3201 1908; x_wconf 90' lang='lat' dir='ltr'><strong>in</strong></span> <span class='ocrx_word' id='word_1_325' title='bbox 3238 1866 3469 1921; x_wconf 89' lang='lat' dir='ltr'><strong>corpore</strong></span> <span class='ocrx_word' id='word_1_326' title='bbox 3499 1865 3628 1921; x_wconf 87' lang='lat' dir='ltr'><strong>pro-</strong></span> 
     </span>
    </p>
   </div>
   <div class='ocr_carea' id='block_1_48' title="bbox 2051 1941 3624 2017">
    <p class='ocr_par' dir='ltr' id='par_1_48' title="bbox 2051 1941 3624 2017">
     <span class='ocr_line' id='line_1_48' title="bbox 2051 1941 3624 2017; baseline -0.005 -17"><span class='ocrx_word' id='word_1_327' title='bbox 2051 1946 2172 2017; x_wconf 90' lang='lat' dir='ltr'><strong>prio</strong></span> <span class='ocrx_word' id='word_1_328' title='bbox 2200 1944 2540 2016; x_wconf 88' lang='lat' dir='ltr'><strong>hypostatice</strong></span> <span class='ocrx_word' id='word_1_329' title='bbox 2567 1943 2671 1999; x_wconf 86' lang='lat' dir='ltr'><strong>sibi</strong></span> <span class='ocrx_word' id='word_1_330' title='bbox 2696 1943 2850 1997; x_wconf 91' lang='lat' dir='ltr'><strong>unito</strong></span> <span class='ocrx_word' id='word_1_331' title='bbox 2874 1951 2931 1996; x_wconf 89' lang='lat' dir='ltr'><strong>et</strong></span> <span class='ocrx_word' id='word_1_332' title='bbox 2953 1941 3374 2009; x_wconf 89' lang='lat' dir='ltr'><strong>circumscripto</strong></span> <span class='ocrx_word' id='word_1_333' title='bbox 3404 1952 3624 2008; x_wconf 88' lang='lat' dir='ltr'><strong>semper</strong></span> 
     </span>
    </p>
   </div>
   <div class='ocr_carea' id='block_1_49' title="bbox 2052 2027 3623 2099">
    <p class='ocr_par' dir='ltr' id='par_1_49' title="bbox 2052 2027 3623 2099">
     <span class='ocr_line' id='line_1_49' title="bbox 2052 2027 3623 2099; baseline -0.005 -11"><span class='ocrx_word' id='word_1_334' title='bbox 2052 2034 2285 2091; x_wconf 78' lang='lat' dir='ltr'><strong>adesse?</strong></span> <span class='ocrx_word' id='word_1_335' title='bbox 2331 2044 2389 2088; x_wconf 93' lang='lat' dir='ltr'><strong>ut</strong></span> <span class='ocrx_word' id='word_1_336' title='bbox 2422 2032 2605 2099; x_wconf 85' lang='lat' dir='ltr'><strong>simul,</strong></span> <span class='ocrx_word' id='word_1_337' title='bbox 2654 2042 2707 2087; x_wconf 88' lang='lat' dir='ltr'><strong>et</strong></span> <span class='ocrx_word' id='word_1_338' title='bbox 2757 2031 3055 2088; x_wconf 88' lang='lat' dir='ltr'><strong>secundum</strong></span> <span class='ocrx_word' id='word_1_339' title='bbox 3109 2031 3276 2095; x_wconf 86' lang='lat' dir='ltr'><strong>idem,</strong></span> <span class='ocrx_word' id='word_1_340' title='bbox 3332 2027 3623 2098; x_wconf 90' lang='lat' dir='ltr'><strong>impiorum</strong></span> 
     </span>
    </p>
   </div>
   <div class='ocr_carea' id='block_1_50' title="bbox 2054 2119 3622 2196">
    <p class='ocr_par' dir='ltr' id='par_1_50' title="bbox 2054 2119 3622 2196">
     <span class='ocr_line' id='line_1_50' title="bbox 2054 2119 3622 2196; baseline -0.006 -14"><span class='ocrx_word' id='word_1_341' title='bbox 2054 2127 2346 2196; x_wconf 83' lang='lat' dir='ltr'><strong>utrubique</strong></span> <span class='ocrx_word' id='word_1_342' title='bbox 2371 2125 2612 2181; x_wconf 88' lang='lat' dir='ltr'><strong>absurda</strong></span> <span class='ocrx_word' id='word_1_343' title='bbox 2643 2134 2698 2179; x_wconf 88' lang='lat' dir='ltr'><strong>et</strong></span> <span class='ocrx_word' id='word_1_344' title='bbox 2724 2124 2913 2179; x_wconf 84' lang='lat' dir='ltr'><strong>insana</strong></span> <span class='ocrx_word' id='word_1_345' title='bbox 2941 2131 3270 2192; x_wconf 81' lang='lat' dir='ltr'><strong>coarguatur</strong></span> <span class='ocrx_word' id='word_1_346' title='bbox 3295 2119 3622 2191; x_wconf 83' lang='lat' dir='ltr'><strong>pertinacia.</strong></span> 
     </span>
    </p>
   </div>
   <div class='ocr_carea' id='block_1_51' title="bbox 2054 2211 3631 2283">
    <p class='ocr_par' dir='ltr' id='par_1_51' title="bbox 2054 2211 3631 2283">
     <span class='ocr_line' id='line_1_51' title="bbox 2054 2211 3631 2283; baseline -0.005 -11"><span class='ocrx_word' id='word_1_347' title='bbox 2054 2218 2187 2272; x_wconf 85' lang='lat' dir='ltr'><strong>Nam</strong></span> <span class='ocrx_word' id='word_1_348' title='bbox 2238 2218 2286 2272; x_wconf 91' lang='lat' dir='ltr'><strong>si</strong></span> <span class='ocrx_word' id='word_1_349' title='bbox 2336 2217 2594 2272; x_wconf 86' lang='lat' dir='ltr'><strong>universa</strong></span> <span class='ocrx_word' id='word_1_350' title='bbox 2628 2226 2904 2281; x_wconf 78' lang='lat' dir='ltr'><strong>creatura,</strong></span> <span class='ocrx_word' id='word_1_351' title='bbox 2938 2217 3023 2270; x_wconf 87' lang='lat' dir='ltr'><strong>cui</strong></span> <span class='ocrx_word' id='word_1_352' title='bbox 3056 2227 3298 2283; x_wconf 68' lang='lat' dir='ltr'><strong>praesens</strong></span> <span class='ocrx_word' id='word_1_353' title='bbox 3341 2221 3427 2265; x_wconf 90' lang='lat' dir='ltr'><strong>est</strong></span> <span class='ocrx_word' id='word_1_354' title='bbox 3463 2211 3631 2265; x_wconf 87' lang='lat' dir='ltr'><strong>incir-</strong></span> 
     </span>
    </p>
   </div>
   <div class='ocr_carea' id='block_1_52' title="bbox 2054 2301 3627 2380">
    <p class='ocr_par' dir='ltr' id='par_1_52' title="bbox 2054 2301 3627 2380">
     <span class='ocr_line' id='line_1_52' title="bbox 2054 2301 3627 2380; baseline -0.009 -11"><span class='ocrx_word' id='word_1_355' title='bbox 2054 2311 2388 2380; x_wconf 88' lang='lat' dir='ltr'><strong>cumscripte</strong></span> <span class='ocrx_word' id='word_1_356' title='bbox 2422 2309 2591 2373; x_wconf 85' lang='lat' dir='ltr'><strong>Deus,</strong></span> <span class='ocrx_word' id='word_1_357' title='bbox 2632 2305 3106 2373; x_wconf 86' lang='lat' dir='ltr'><strong>incircumscripta</strong></span> <span class='ocrx_word' id='word_1_358' title='bbox 3139 2312 3311 2369; x_wconf 88' lang='lat' dir='ltr'><strong>esset,</strong></span> <span class='ocrx_word' id='word_1_359' title='bbox 3345 2302 3552 2357; x_wconf 87' lang='lat' dir='ltr'><strong>valeret</strong></span> <span class='ocrx_word' id='word_1_360' title='bbox 3577 2301 3627 2355; x_wconf 88' lang='lat' dir='ltr'><strong>ei</strong></span> 
     </span>
    </p>
   </div>
   <div class='ocr_carea' id='block_1_53' title="bbox 2055 2392 3627 2472">
    <p class='ocr_par' dir='ltr' id='par_1_53' title="bbox 2055 2392 3627 2472">
     <span class='ocr_line' id='line_1_53' title="bbox 2055 2392 3627 2472; baseline -0.009 -13"><span class='ocrx_word' id='word_1_361' title='bbox 2055 2404 2285 2460; x_wconf 84' lang='lat' dir='ltr'><strong>fortasse</strong></span> <span class='ocrx_word' id='word_1_362' title='bbox 2307 2401 2512 2472; x_wconf 87' lang='lat' dir='ltr'><strong>aliquid</strong></span> <span class='ocrx_word' id='word_1_363' title='bbox 2537 2398 2941 2471; x_wconf 79' lang='lat' dir='ltr'><strong>argumentatio</strong></span> <span class='ocrx_word' id='word_1_364' title='bbox 2961 2411 3085 2454; x_wconf 89' lang='lat' dir='ltr'><strong>sua.</strong></span> <span class='ocrx_word' id='word_1_365' title='bbox 3103 2395 3201 2450; x_wconf 90' lang='lat' dir='ltr'><strong>Sin</strong></span> <span class='ocrx_word' id='word_1_366' title='bbox 3225 2406 3413 2450; x_wconf 89' lang='lat' dir='ltr'><strong>contra</strong></span> <span class='ocrx_word' id='word_1_367' title='bbox 3442 2392 3627 2447; x_wconf 80' lang='lat' dir='ltr'><strong>omnia</strong></span> 
     </span>
    </p>
   </div>
   <div class='ocr_carea' id='block_1_54' title="bbox 2055 2485 3725 2566">
    <p class='ocr_par' dir='ltr' id='par_1_54' title="bbox 2055 2485 3725 2566">
     <span class='ocr_line' id='line_1_54' title="bbox 2055 2485 3725 2566; baseline -0.01 -11"><span class='ocrx_word' id='word_1_368' title='bbox 2055 2498 2472 2566; x_wconf 84' lang='lat' dir='ltr'><strong>circumscripta</strong></span> <span class='ocrx_word' id='word_1_369' title='bbox 2499 2504 2648 2562; x_wconf 87' lang='lat' dir='ltr'><strong>sunt,</strong></span> <span class='ocrx_word' id='word_1_370' title='bbox 2685 2510 2782 2549; x_wconf 90' lang='lat' dir='ltr'><strong>cur</strong></span> <span class='ocrx_word' id='word_1_371' title='bbox 2816 2494 2929 2548; x_wconf 63' lang='lat' dir='ltr'><strong>haac</strong></span> <span class='ocrx_word' id='word_1_372' title='bbox 2954 2490 3316 2548; x_wconf 86' lang='lat' dir='ltr'><strong>insulsissima</strong></span> <span class='ocrx_word' id='word_1_373' title='bbox 3341 2496 3397 2544; x_wconf 84' lang='lat' dir='ltr'><strong>et</strong></span> <span class='ocrx_word' id='word_1_374' title='bbox 3430 2485 3625 2557; x_wconf 80' lang='lat' dir='ltr'><strong>frigida</strong></span> <span class='ocrx_word' id='word_1_375' title='bbox 3670 2504 3674 2508; x_wconf 90' lang='grc'><strong>·</strong></span> <span class='ocrx_word' id='word_1_376' title='bbox 3724 2524 3725 2527; x_wconf 59' lang='grc' dir='ltr'><strong>η</strong></span> 
     </span>
    </p>
   </div>
   <div class='ocr_carea' id='block_1_55' title="bbox 2055 2577 3627 2657">
    <p class='ocr_par' dir='ltr' id='par_1_55' title="bbox 2055 2577 3627 2657">
     <span class='ocr_line' id='line_1_55' title="bbox 2055 2577 3627 2657; baseline -0.009 -13"><span class='ocrx_word' id='word_1_377' title='bbox 2055 2588 2335 2645; x_wconf 78' lang='lat' dir='ltr'><strong>contentio</strong></span> <span class='ocrx_word' id='word_1_378' title='bbox 2370 2586 2449 2651; x_wconf 84' lang='lat' dir='ltr'><strong>ﬁt,</strong></span> <span class='ocrx_word' id='word_1_379' title='bbox 2482 2600 2602 2657; x_wconf 77' lang='lat' dir='ltr'><strong>qua:</strong></span> <span class='ocrx_word' id='word_1_380' title='bbox 2632 2599 2663 2638; x_wconf 87' lang='lat' dir='ltr'><strong>a</strong></span> <span class='ocrx_word' id='word_1_381' title='bbox 2696 2581 2922 2653; x_wconf 80' lang='lat' dir='ltr'><strong>proprio</strong></span> <span class='ocrx_word' id='word_1_382' title='bbox 2959 2589 3175 2635; x_wconf 87' lang='lat' dir='ltr'><strong>tantum</strong></span> <span class='ocrx_word' id='word_1_383' title='bbox 3206 2591 3441 2650; x_wconf 89' lang='lat' dir='ltr'><strong>corpore</strong></span> <span class='ocrx_word' id='word_1_384' title='bbox 3491 2577 3627 2633; x_wconf 69' lang='lat' dir='ltr'><strong>Vero</strong></span> 
     </span>
    </p>
   </div>
   <div class='ocr_carea' id='block_1_56' title="bbox 2057 2668 3629 2740">
    <p class='ocr_par' dir='ltr' id='par_1_56' title="bbox 2057 2668 3629 2740">
     <span class='ocr_line' id='line_1_56' title="bbox 2057 2668 3629 2740; baseline -0.008 -4"><span class='ocrx_word' id='word_1_385' title='bbox 2057 2682 2183 2737; x_wconf 90' lang='lat' dir='ltr'><strong>bum</strong></span> <span class='ocrx_word' id='word_1_386' title='bbox 2211 2678 2578 2736; x_wconf 82' lang='lat' dir='ltr'><strong>exterminat?</strong></span> <span class='ocrx_word' id='word_1_387' title='bbox 2610 2675 2746 2732; x_wconf 80' lang='lat' dir='ltr'><strong>Vcrc</strong></span> <span class='ocrx_word' id='word_1_388' title='bbox 2780 2673 2939 2730; x_wconf 88' lang='lat' dir='ltr'><strong>telam</strong></span> <span class='ocrx_word' id='word_1_389' title='bbox 2975 2672 3161 2727; x_wconf 88' lang='lat' dir='ltr'><strong>aranei</strong></span> <span class='ocrx_word' id='word_1_390' title='bbox 3203 2678 3506 2727; x_wconf 76' lang='lat' dir='ltr'><strong>contexunt</strong></span> <span class='ocrx_word' id='word_1_391' title='bbox 3534 2668 3629 2740; x_wconf 88' lang='lat' dir='ltr'><strong>qui</strong></span> 
     </span>
    </p>
   </div>
   <div class='ocr_carea' id='block_1_57' title="bbox 2060 2769 2740 2844">
    <p class='ocr_par' dir='ltr' id='par_1_57' title="bbox 2060 2769 2740 2844">
     <span class='ocr_line' id='line_1_57' title="bbox 2060 2769 2740 2844; baseline -0.009 -14"><span class='ocrx_word' id='word_1_392' title='bbox 2060 2775 2160 2830; x_wconf 90' lang='lat' dir='ltr'><strong>ista</strong></span> <span class='ocrx_word' id='word_1_393' title='bbox 2194 2775 2413 2844; x_wconf 87' lang='lat' dir='ltr'><strong>sapiunt</strong></span> <span class='ocrx_word' id='word_1_394' title='bbox 2438 2782 2493 2828; x_wconf 89' lang='lat' dir='ltr'><strong>et</strong></span> <span class='ocrx_word' id='word_1_395' title='bbox 2518 2769 2740 2827; x_wconf 89' lang='lat' dir='ltr'><strong>dicunt!</strong></span> 
     </span>
    </p>
   </div>
   <div class='ocr_carea' id='block_1_58' title="bbox 2129 2949 3673 3029">
    <p class='ocr_par' dir='ltr' id='par_1_58' title="bbox 2129 2949 3673 3029">
     <span class='ocr_line' id='line_1_58' title="bbox 2129 2949 3673 3029; baseline -0.008 -12"><span class='ocrx_word' id='word_1_396' title='bbox 2129 2962 2222 3018; x_wconf 62' lang='lat' dir='ltr'><strong>i2.</strong></span> <span class='ocrx_word' id='word_1_397' title='bbox 2275 2960 2371 3018; x_wconf 83' lang='lat' dir='ltr'><strong>llis</strong></span> <span class='ocrx_word' id='word_1_398' title='bbox 2404 2960 2478 3016; x_wconf 86' lang='lat' dir='ltr'><strong>ita</strong></span> <span class='ocrx_word' id='word_1_399' title='bbox 2526 2957 2836 3029; x_wconf 84' lang='lat' dir='ltr'><strong>disputatis,</strong></span> <span class='ocrx_word' id='word_1_400' title='bbox 2867 2955 3106 3025; x_wconf 86' lang='lat' dir='ltr'><strong>reliquas</strong></span> <span class='ocrx_word' id='word_1_401' title='bbox 3136 2949 3416 3009; x_wconf 84' lang='lat' dir='ltr'><strong>&#39;sermonis</strong></span> <span class='ocrx_word' id='word_1_402' title='bbox 3450 2951 3620 3007; x_wconf 89' lang='lat' dir='ltr'><strong>nostri</strong></span> <span class='ocrx_word' id='word_1_403' title='bbox 3668 2990 3673 2993; x_wconf 57' lang='grc'>‹</span> 
     </span>
    </p>
   </div>
   <div class='ocr_carea' id='block_1_59' title="bbox 2058 3041 3629 3132">
    <p class='ocr_par' dir='ltr' id='par_1_59' title="bbox 2058 3041 3629 3132">
     <span class='ocr_line' id='line_1_59' title="bbox 2058 3041 3629 3132; baseline -0.007 -27"><span class='ocrx_word' id='word_1_404' title='bbox 2058 3062 2240 3132; x_wconf 73' lang='lat' dir='ltr'><strong>partes</strong></span> <span class='ocrx_word' id='word_1_405' title='bbox 2267 3064 2679 3121; x_wconf 89' lang='lat' dir='ltr'><strong>persequamur.</strong></span> <span class='ocrx_word' id='word_1_406' title='bbox 2733 3046 3000 3114; x_wconf 85' lang='lat' dir='ltr'><strong>Quoniam</strong></span> <span class='ocrx_word' id='word_1_407' title='bbox 3053 3059 3116 3096; x_wconf 78' lang='lat' dir='ltr'><strong>ex</strong></span> <span class='ocrx_word' id='word_1_408' title='bbox 3151 3041 3468 3113; x_wconf 83' lang='lat' dir='ltr'><strong>duplicitate</strong></span> <span class='ocrx_word' id='word_1_409' title='bbox 3497 3055 3629 3097; x_wconf 88' lang='lat' dir='ltr'><strong>con-</strong></span> 
     </span>
    </p>
   </div>
   <div class='ocr_carea' id='block_1_60' title="bbox 374 3132 1957 3230">
    <p class='ocr_par' dir='ltr' id='par_1_60' title="bbox 374 3132 1957 3230">
     <span class='ocr_line' id='line_1_60' title="bbox 374 3132 1957 3230; baseline -0.003 -16"><span class='ocrx_word' id='word_1_410' title='bbox 374 3156 521 3215; x_wconf 77' lang='grc' dir='ltr'>εἷναι</span> <span class='ocrx_word' id='word_1_411' title='bbox 576 3159 667 3213; x_wconf 75' lang='grc' dir='ltr'>τὸν</span> <span class='ocrx_word' id='word_1_412' title='bbox 711 3132 968 3230; x_wconf 66' lang='grc' dir='ltr'>ὶξριστδν,</span> <span class='ocrx_word' id='word_1_413' title='bbox 1016 3158 1065 3210; x_wconf 86' lang='grc' dir='ltr'>εἰ</span> <span class='ocrx_word' id='word_1_414' title='bbox 1113 3155 1366 3209; x_wconf 77' lang='grc' dir='ltr'>ἐϐούλετο</span> <span class='ocrx_word' id='word_1_415' title='bbox 1422 3132 1875 3227; x_wconf 29' lang='grc' dir='ltr'>σεσῶσθαι-αὺτῴ</span> <span class='ocrx_word' id='word_1_416' title='bbox 1927 3156 1957 3209; x_wconf 84' lang='grc' dir='ltr'><strong>ὃ</strong></span> 
     </span>
    </p>
   </div>
   <div class='ocr_carea' id='block_1_61' title="bbox 2061 3132 3629 3230">
    <p class='ocr_par' dir='ltr' id='par_1_61' title="bbox 2062 3132 3629 3201">
     <span class='ocr_line' id='line_1_61' title="bbox 2062 3132 3629 3201; baseline -0.007 -4"><span class='ocrx_word' id='word_1_417' title='bbox 2062 3142 2245 3197; x_wconf 79' lang='lat' dir='ltr'><strong>ﬂatum</strong></span> <span class='ocrx_word' id='word_1_418' title='bbox 2283 3142 2558 3195; x_wconf 79' lang='lat' dir='ltr'><strong>Mamonas</strong></span> <span class='ocrx_word' id='word_1_419' title='bbox 2586 3139 2864 3193; x_wconf 79' lang='lat' dir='ltr'><strong>Christum</strong></span> <span class='ocrx_word' id='word_1_420' title='bbox 2887 3133 3140 3201; x_wconf 80' lang='lat' dir='ltr'><strong>aiiirmat,</strong></span> <span class='ocrx_word' id='word_1_421' title='bbox 3171 3135 3216 3187; x_wconf 91' lang='lat' dir='ltr'><strong>si</strong></span> <span class='ocrx_word' id='word_1_422' title='bbox 3246 3140 3395 3187; x_wconf 89' lang='lat' dir='ltr'><strong>certe</strong></span> <span class='ocrx_word' id='word_1_423' title='bbox 3421 3132 3470 3185; x_wconf 87' lang='lat' dir='ltr'><strong>ei</strong></span> <span class='ocrx_word' id='word_1_424' title='bbox 3497 3145 3629 3187; x_wconf 82' lang='lat' dir='ltr'><strong>con-</strong></span> 
     </span>
    </p>
   </div>
   <div class='ocr_carea' id='block_1_62' title="bbox 375 3235 1961 3324">
    <p class='ocr_par' dir='ltr' id='par_1_62' title="bbox 375 3235 1961 3324">
     <span class='ocr_line' id='line_1_62' title="bbox 375 3235 1961 3324; baseline -0.004 -19"><span class='ocrx_word' id='word_1_425' title='bbox 375 3250 730 3324; x_wconf 79' lang='grc' dir='ltr'>περιθρυλλεῖ</span> <span class='ocrx_word' id='word_1_426' title='bbox 753 3248 1005 3320; x_wconf 77' lang='grc' dir='ltr'>εὔφημον</span> <span class='ocrx_word' id='word_1_427' title='bbox 1059 3249 1158 3300; x_wconf 68' lang='grc' dir='ltr'>καὶ</span> <span class='ocrx_word' id='word_1_428' title='bbox 1211 3246 1423 3316; x_wconf 75' lang='grc' dir='ltr'>κομψὸν</span> <span class='ocrx_word' id='word_1_429' title='bbox 1481 3246 1583 3315; x_wconf 83' lang='grc' dir='ltr'>τῆς</span> <span class='ocrx_word' id='word_1_430' title='bbox 1638 3235 1961 3316; x_wconf 81' lang='grc' dir='ltr'>διπλότητος</span> 
     </span>
    </p>
   </div>
   <div class='ocr_carea' id='block_1_63' title="bbox 375 3335 1962 3411">
    <p class='ocr_par' dir='ltr' id='par_1_63' title="bbox 375 3335 1962 3411">
     <span class='ocr_line' id='line_1_63' title="bbox 375 3335 1962 3411; baseline -0.003 -16"><span class='ocrx_word' id='word_1_431' title='bbox 375 3344 556 3411; x_wconf 68' lang='grc' dir='ltr'>ὄνομα</span> <span class='ocrx_word' id='word_1_432' title='bbox 580 3380 595 3405; x_wconf 95' lang='grc'><strong>,</strong></span> <span class='ocrx_word' id='word_1_433' title='bbox 648 3338 1028 3411; x_wconf 78' lang='grc' dir='ltr'>περιγραπτὸν</span> <span class='ocrx_word' id='word_1_434' title='bbox 1059 3337 1202 3392; x_wconf 81' lang='grc' dir='ltr'>κατὰ</span> <span class='ocrx_word' id='word_1_435' title='bbox 1242 3336 1340 3408; x_wconf 81' lang='grc' dir='ltr'>τὴν</span> <span class='ocrx_word' id='word_1_436' title='bbox 1370 3336 1565 3405; x_wconf 77' lang='grc' dir='ltr'>ἑτέραν</span> <span class='ocrx_word' id='word_1_437' title='bbox 1605 3337 1715 3390; x_wconf 87' lang='grc' dir='ltr'>τῶν</span> <span class='ocrx_word' id='word_1_438' title='bbox 1745 3335 1962 3405; x_wconf 83' lang='grc' dir='ltr'>φύσεων</span> 
     </span>
    </p>
   </div>
   <div class='ocr_carea' id='block_1_64' title="bbox 375 3427 1959 3503">
    <p class='ocr_par' dir='ltr' id='par_1_64' title="bbox 375 3427 1959 3503">
     <span class='ocr_line' id='line_1_64' title="bbox 375 3427 1959 3503; baseline -0.003 -17"><span class='ocrx_word' id='word_1_439' title='bbox 375 3433 664 3503; x_wconf 77' lang='grc' dir='ltr'>ὁμολογεῖν</span> <span class='ocrx_word' id='word_1_440' title='bbox 714 3433 803 3485; x_wconf 74' lang='grc' dir='ltr'><strong>τὸν</strong></span> <span class='ocrx_word' id='word_1_441' title='bbox 840 3429 1077 3502; x_wconf 81' lang='grc' dir='ltr'>Χριστὸν</span> <span class='ocrx_word' id='word_1_442' title='bbox 1126 3429 1255 3484; x_wconf 76' lang='grc' dir='ltr'>ἔδει.</span> <span class='ocrx_word' id='word_1_443' title='bbox 1323 3429 1543 3500; x_wconf 84' lang='grc' dir='ltr'>Ἐπειδὴ</span> <span class='ocrx_word' id='word_1_444' title='bbox 1593 3428 1651 3482; x_wconf 83' lang='grc' dir='ltr'>δὲ</span> <span class='ocrx_word' id='word_1_445' title='bbox 1699 3427 1861 3482; x_wconf 88' lang='grc' dir='ltr'>τοῦτο</span> <span class='ocrx_word' id='word_1_446' title='bbox 1897 3428 1959 3482; x_wconf 83' lang='grc' dir='ltr'>οὐ</span> 
     </span>
    </p>
   </div>
   <div class='ocr_carea' id='block_1_65' title="bbox 374 3518 1965 3593">
    <p class='ocr_par' dir='ltr' id='par_1_65' title="bbox 374 3518 1965 3593">
     <span class='ocr_line' id='line_1_65' title="bbox 374 3518 1965 3593; baseline -0.004 -15"><span class='ocrx_word' id='word_1_447' title='bbox 374 3524 615 3591; x_wconf 81' lang='grc' dir='ltr'>δίδωσιν,</span> <span class='ocrx_word' id='word_1_448' title='bbox 639 3523 945 3593; x_wconf 77' lang='grc' dir='ltr'>ἑξήπλωται</span> <span class='ocrx_word' id='word_1_449' title='bbox 975 3520 1128 3590; x_wconf 79' lang='grc' dir='ltr'><strong>αὑτῷ</strong></span> <span class='ocrx_word' id='word_1_450' title='bbox 1156 3520 1216 3573; x_wconf 82' lang='grc' dir='ltr'>τὸ</span> <span class='ocrx_word' id='word_1_451' title='bbox 1241 3518 1679 3588; x_wconf 83' lang='grc' dir='ltr'>συνεπτυγμένον</span> <span class='ocrx_word' id='word_1_452' title='bbox 1707 3520 1801 3573; x_wconf 73' lang='grc' dir='ltr'>καὶ</span> <span class='ocrx_word' id='word_1_453' title='bbox 1831 3520 1965 3574; x_wconf 87' lang='grc' dir='ltr'>θαυ-</span> 
     </span>
    </p>
   </div>
   <div class='ocr_carea' id='block_1_66' title="bbox 381 3611 1963 3687">
    <p class='ocr_par' dir='ltr' id='par_1_66' title="bbox 381 3611 1963 3687">
     <span class='ocr_line' id='line_1_66' title="bbox 381 3611 1963 3687; baseline -0.003 -18"><span class='ocrx_word' id='word_1_454' title='bbox 381 3618 590 3687; x_wconf 78' lang='grc' dir='ltr'>μαστὸν</span> <span class='ocrx_word' id='word_1_455' title='bbox 618 3617 716 3687; x_wconf 76' lang='grc' dir='ltr'>τῆς</span> <span class='ocrx_word' id='word_1_456' title='bbox 745 3613 1095 3684; x_wconf 84' lang='grc' dir='ltr'>διπλότητος·</span> <span class='ocrx_word' id='word_1_457' title='bbox 1132 3613 1228 3666; x_wconf 70' lang='grc' dir='ltr'>καὶ</span> <span class='ocrx_word' id='word_1_458' title='bbox 1260 3611 1617 3680; x_wconf 83' lang='grc' dir='ltr'>γεγύμνωται</span> <span class='ocrx_word' id='word_1_459' title='bbox 1643 3611 1745 3681; x_wconf 85' lang='grc' dir='ltr'>τῆς</span> <span class='ocrx_word' id='word_1_460' title='bbox 1780 3611 1963 3666; x_wconf 86' lang='grc' dir='ltr'>διπλό-</span> 
     </span>
    </p>
   </div>
   <div class='ocr_carea' id='block_1_67' title="bbox 375 3703 1960 3778">
    <p class='ocr_par' dir='ltr' id='par_1_67' title="bbox 375 3703 1960 3778">
     <span class='ocr_line' id='line_1_67' title="bbox 375 3703 1960 3778; baseline -0.004 -15"><span class='ocrx_word' id='word_1_461' title='bbox 375 3726 545 3778; x_wconf 80' lang='grc' dir='ltr'>τητος</span> <span class='ocrx_word' id='word_1_462' title='bbox 580 3707 674 3762; x_wconf 85' lang='grc' dir='ltr'><strong>τοῦ</strong></span> <span class='ocrx_word' id='word_1_463' title='bbox 704 3707 910 3778; x_wconf 86' lang='grc' dir='ltr'>τρόπου</span> <span class='ocrx_word' id='word_1_464' title='bbox 958 3705 1054 3759; x_wconf 79' lang='grc' dir='ltr'>καὶ</span> <span class='ocrx_word' id='word_1_465' title='bbox 1091 3704 1204 3758; x_wconf 78' lang='grc' dir='ltr'><strong>τῶν</strong></span> <span class='ocrx_word' id='word_1_466' title='bbox 1238 3703 1563 3776; x_wconf 75' lang='grc' dir='ltr'>πανούργων</span> <span class='ocrx_word' id='word_1_467' title='bbox 1601 3703 1768 3757; x_wconf 79' lang='grc' dir='ltr'>αὐτοῦ</span> <span class='ocrx_word' id='word_1_468' title='bbox 1800 3721 1960 3773; x_wconf 84' lang='grc' dir='ltr'>σοφι-</span> 
     </span>
    </p>
   </div>
   <div class='ocr_carea' id='block_1_68' title="bbox 308 3795 1965 3873">
    <p class='ocr_par' dir='ltr' id='par_1_68' title="bbox 308 3795 1965 3873">
     <span class='ocr_line' id='line_1_68' title="bbox 308 3795 1965 3873; baseline -0.003 -17"><span class='ocrx_word' id='word_1_469' title='bbox 308 3872 311 3873; x_wconf 15' lang='grc' dir='ltr'><em>ν</em></span> <span class='ocrx_word' id='word_1_470' title='bbox 381 3804 629 3872; x_wconf 73' lang='grc' dir='ltr'>σμάτων.</span> <span class='ocrx_word' id='word_1_471' title='bbox 679 3796 913 3869; x_wconf 80' lang='grc' dir='ltr'>Τοιαύτη</span> <span class='ocrx_word' id='word_1_472' title='bbox 959 3798 1018 3852; x_wconf 82' lang='grc' dir='ltr'>δὲ</span> <span class='ocrx_word' id='word_1_473' title='bbox 1068 3796 1423 3869; x_wconf 77' lang='grc' dir='ltr'>ἡάλαζονεία</span> <span class='ocrx_word' id='word_1_474' title='bbox 1448 3796 1542 3850; x_wconf 57' lang='grc' dir='ltr'><strong>καὶ⁸</strong></span> <span class='ocrx_word' id='word_1_475' title='bbox 1568 3795 1860 3866; x_wconf 81' lang='grc' dir='ltr'>φιλαυτία,</span> <span class='ocrx_word' id='word_1_476' title='bbox 1896 3797 1965 3851; x_wconf 77' lang='grc' dir='ltr'><strong>τὰ</strong></span> 
     </span>
    </p>
   </div>
   <div class='ocr_carea' id='block_1_69' title="bbox 378 3884 1960 3967">
    <p class='ocr_par' dir='ltr' id='par_1_69' title="bbox 378 3884 1960 3967">
     <span class='ocr_line' id='line_1_69' title="bbox 378 3884 1960 3967; baseline -0.002 -19"><span class='ocrx_word' id='word_1_477' title='bbox 378 3897 530 3966; x_wconf 82' lang='grc' dir='ltr'>πέρα</span> <span class='ocrx_word' id='word_1_478' title='bbox 562 3895 652 3949; x_wconf 89' lang='grc' dir='ltr'><strong>τοῦ</strong></span> <span class='ocrx_word' id='word_1_479' title='bbox 686 3896 886 3967; x_wconf 81' lang='grc' dir='ltr'>μέτρου</span> <span class='ocrx_word' id='word_1_480' title='bbox 938 3893 1360 3966; x_wconf 82' lang='grc' dir='ltr'>κενεμϐατοῦσα</span> <span class='ocrx_word' id='word_1_481' title='bbox 1394 3893 1740 3964; x_wconf 83' lang='grc' dir='ltr'>περιαθρεῖν·</span> <span class='ocrx_word' id='word_1_482' title='bbox 1788 3884 1862 3945; x_wconf 82' lang='grc' dir='ltr'>ὧν</span> <span class='ocrx_word' id='word_1_483' title='bbox 1901 3891 1960 3945; x_wconf 81' lang='grc' dir='ltr'>δὲ</span> 
     </span>
    </p>
   </div>
   <div class='ocr_carea' id='block_1_70' title="bbox 379 3983 1968 4059">
    <p class='ocr_par' dir='ltr' id='par_1_70' title="bbox 379 3983 1968 4059">
     <span class='ocr_line' id='line_1_70' title="bbox 379 3983 1968 4059; baseline -0.003 -20"><span class='ocrx_word' id='word_1_484' title='bbox 379 3987 594 4057; x_wconf 80' lang='grc' dir='ltr'>ἐφεῖται</span> <span class='ocrx_word' id='word_1_485' title='bbox 620 3985 1108 4059; x_wconf 86' lang='grc' dir='ltr'>διατεκμαίρεσθαι</span> <span class='ocrx_word' id='word_1_486' title='bbox 1142 3986 1238 4038; x_wconf 71' lang='grc' dir='ltr'><strong>καὶ</strong></span> <span class='ocrx_word' id='word_1_487' title='bbox 1269 3983 1705 4047; x_wconf 84' lang='grc' dir='ltr'>διασκοπεῖσθαι,</span> <span class='ocrx_word' id='word_1_488' title='bbox 1739 3983 1968 4054; x_wconf 78' lang='grc' dir='ltr'>διαμαρ-</span> 
     </span>
    </p>
   </div>
   <div class='ocr_carea' id='block_1_71' title="bbox 376 4071 1960 4154">
    <p class='ocr_par' dir='ltr' id='par_1_71' title="bbox 376 4071 1960 4154">
     <span class='ocr_line' id='line_1_71' title="bbox 376 4071 1960 4154; baseline -0.003 -19"><span class='ocrx_word' id='word_1_489' title='bbox 376 4084 566 4136; x_wconf 79' lang='grc' dir='ltr'>τάνειν</span> <span class='ocrx_word' id='word_1_490' title='bbox 600 4081 934 4154; x_wconf 87' lang='grc' dir='ltr'>περιφανῶς.</span> <span class='ocrx_word' id='word_1_491' title='bbox 973 4081 1175 4151; x_wconf 84' lang='grc' dir='ltr'>Ἐχρῆν</span> <span class='ocrx_word' id='word_1_492' title='bbox 1202 4078 1311 4151; x_wconf 78' lang='grc' dir='ltr'><strong>γὰρ</strong></span> <span class='ocrx_word' id='word_1_493' title='bbox 1342 4079 1403 4143; x_wconf 77' lang='grc' dir='ltr'><strong>ἐξ</strong></span> <span class='ocrx_word' id='word_1_494' title='bbox 1425 4071 1503 4134; x_wconf 83' lang='grc' dir='ltr'><strong>ὧν</strong></span> <span class='ocrx_word' id='word_1_495' title='bbox 1543 4078 1706 4141; x_wconf 85' lang='grc' dir='ltr'>αὐτὸς</span> <span class='ocrx_word' id='word_1_496' title='bbox 1742 4077 1960 4149; x_wconf 78' lang='grc' dir='ltr'>προῆγε</span> 
     </span>
    </p>
   </div>
   <div class='ocr_carea' id='block_1_72' title="bbox 378 4168 1969 4242">
    <p class='ocr_par' dir='ltr' id='par_1_72' title="bbox 378 4168 1969 4242">
     <span class='ocr_line' id='line_1_72' title="bbox 378 4168 1969 4242; baseline -0.003 -15"><span class='ocrx_word' id='word_1_497' title='bbox 378 4174 581 4242; x_wconf 81' lang='grc' dir='ltr'>λόγων,</span> <span class='ocrx_word' id='word_1_498' title='bbox 606 4174 1001 4241; x_wconf 81' lang='grc' dir='ltr'>προαισθέσθαι</span> <span class='ocrx_word' id='word_1_499' title='bbox 1026 4190 1089 4242; x_wconf 90' lang='grc' dir='ltr'><strong>γε</strong></span> <span class='ocrx_word' id='word_1_500' title='bbox 1111 4172 1206 4226; x_wconf 83' lang='grc' dir='ltr'>καὶ</span> <span class='ocrx_word' id='word_1_501' title='bbox 1230 4171 1496 4237; x_wconf 80' lang='grc' dir='ltr'>συνιέναι,</span> <span class='ocrx_word' id='word_1_502' title='bbox 1528 4170 1611 4223; x_wconf 84' lang='grc' dir='ltr'>ὅτι</span> <span class='ocrx_word' id='word_1_503' title='bbox 1642 4168 1793 4240; x_wconf 76' lang='grc' dir='ltr'>αὐτῷ</span> <span class='ocrx_word' id='word_1_504' title='bbox 1822 4171 1969 4223; x_wconf 75' lang='grc' dir='ltr'>ἐκεῖ·</span> 
     </span>
    </p>
   </div>
   <div class='ocr_carea' id='block_1_73' title="bbox 376 4260 1964 4335">
    <p class='ocr_par' dir='ltr' id='par_1_73' title="bbox 376 4260 1964 4335">
     <span class='ocr_line' id='line_1_73' title="bbox 376 4260 1964 4335; baseline -0.003 -17"><span class='ocrx_word' id='word_1_505' title='bbox 376 4266 479 4318; x_wconf 85' lang='grc' dir='ltr'><strong>θεν</strong></span> <span class='ocrx_word' id='word_1_506' title='bbox 506 4264 824 4335; x_wconf 78' lang='grc' dir='ltr'>ἐκϐήσεται.</span> <span class='ocrx_word' id='word_1_507' title='bbox 860 4264 959 4317; x_wconf 85' lang='grc' dir='ltr'>Ἐκ</span> <span class='ocrx_word' id='word_1_508' title='bbox 983 4264 1301 4334; x_wconf 82' lang='grc' dir='ltr'>διπλότητος</span> <span class='ocrx_word' id='word_1_509' title='bbox 1328 4260 1543 4329; x_wconf 79' lang='grc' dir='ltr'>δοξάζει</span> <span class='ocrx_word' id='word_1_510' title='bbox 1568 4261 1662 4315; x_wconf 82' lang='grc' dir='ltr'>τὸν</span> <span class='ocrx_word' id='word_1_511' title='bbox 1687 4262 1964 4333; x_wconf 85' lang='grc' dir='ltr'>Χριστόν;</span> 
     </span>
    </p>
   </div>
   <div class='ocr_carea' id='block_1_74' title="bbox 380 4353 1967 4428">
    <p class='ocr_par' dir='ltr' id='par_1_74' title="bbox 380 4353 1967 4428">
     <span class='ocr_line' id='line_1_74' title="bbox 380 4353 1967 4428; baseline -0.002 -17"><span class='ocrx_word' id='word_1_512' title='bbox 380 4357 737 4428; x_wconf 70' lang='grc' dir='ltr'>Ταύτηγοῦν</span> <span class='ocrx_word' id='word_1_513' title='bbox 776 4359 872 4411; x_wconf 70' lang='grc' dir='ltr'><strong>καὶ</strong></span> <span class='ocrx_word' id='word_1_514' title='bbox 904 4356 1160 4420; x_wconf 83' lang='grc' dir='ltr'>σύνθετος</span> <span class='ocrx_word' id='word_1_515' title='bbox 1194 4355 1352 4409; x_wconf 73' lang='grc' dir='ltr'>ἔσται</span> <span class='ocrx_word' id='word_1_516' title='bbox 1391 4355 1632 4416; x_wconf 72' lang='grc' dir='ltr'>πάντως.</span> <span class='ocrx_word' id='word_1_517' title='bbox 1666 4355 1730 4407; x_wconf 85' lang='lat' dir='ltr'><strong>Ei.</strong></span> <span class='ocrx_word' id='word_1_518' title='bbox 1760 4353 1870 4425; x_wconf 76' lang='grc' dir='ltr'><strong>γὰρ</strong></span> <span class='ocrx_word' id='word_1_519' title='bbox 1904 4353 1967 4408; x_wconf 80' lang='grc' dir='ltr'>τὸ</span> 
     </span>
    </p>
   </div>
   <div class='ocr_carea' id='block_1_75' title="bbox 378 4444 1963 4514">
    <p class='ocr_par' dir='ltr' id='par_1_75' title="bbox 378 4444 1963 4514">
     <span class='ocr_line' id='line_1_75' title="bbox 378 4444 1963 4514; baseline -0.005 -9"><span class='ocrx_word' id='word_1_520' title='bbox 378 4449 596 4505; x_wconf 85' lang='grc' dir='ltr'>ἁπλοῦν</span> <span class='ocrx_word' id='word_1_521' title='bbox 635 4449 948 4513; x_wconf 88' lang='grc' dir='ltr'>ἀσύνθετον,</span> <span class='ocrx_word' id='word_1_522' title='bbox 995 4449 1059 4502; x_wconf 75' lang='grc' dir='ltr'>τὸ</span> <span class='ocrx_word' id='word_1_523' title='bbox 1102 4449 1166 4501; x_wconf 85' lang='grc' dir='ltr'>ἐκ</span> <span class='ocrx_word' id='word_1_524' title='bbox 1203 4446 1527 4514; x_wconf 80' lang='grc' dir='ltr'>διπλότητος</span> <span class='ocrx_word' id='word_1_525' title='bbox 1575 4444 1855 4499; x_wconf 89' lang='grc' dir='ltr'>σύνθετον.</span> <span class='ocrx_word' id='word_1_526' title='bbox 1897 4444 1963 4498; x_wconf 85' lang='grc' dir='ltr'>Τί</span> 
     </span>
    </p>
   </div>
   <div class='ocr_carea' id='block_1_76' title="bbox 2062 3222 3622 3299">
    <p class='ocr_par' dir='ltr' id='par_1_76' title="bbox 2062 3222 3622 3299">
     <span class='ocr_line' id='line_1_76' title="bbox 2062 3222 3622 3299; baseline -0.01 -11"><span class='ocrx_word' id='word_1_527' title='bbox 2062 3246 2282 3288; x_wconf 86' lang='lat' dir='ltr'><strong>servare</strong></span> <span class='ocrx_word' id='word_1_528' title='bbox 2327 3232 2438 3285; x_wconf 84' lang='lat' dir='ltr'><strong>vult</strong></span> <span class='ocrx_word' id='word_1_529' title='bbox 2483 3245 2646 3299; x_wconf 86' lang='lat' dir='ltr'><strong>quam</strong></span> <span class='ocrx_word' id='word_1_530' title='bbox 2693 3228 2945 3281; x_wconf 82' lang='lat' dir='ltr'><strong>buccinat</strong></span> <span class='ocrx_word' id='word_1_531' title='bbox 2981 3225 3235 3296; x_wconf 84' lang='lat' dir='ltr'><strong>inclytam</strong></span> <span class='ocrx_word' id='word_1_532' title='bbox 3263 3232 3321 3278; x_wconf 88' lang='lat' dir='ltr'><strong>et</strong></span> <span class='ocrx_word' id='word_1_533' title='bbox 3345 3222 3622 3292; x_wconf 73' lang='lat' dir='ltr'><strong>egregiam</strong></span> 
     </span>
    </p>
   </div>
   <div class='ocr_carea' id='block_1_77' title="bbox 2061 3312 3639 3394">
    <p class='ocr_par' dir='ltr' id='par_1_77' title="bbox 2061 3312 3639 3394">
     <span class='ocr_line' id='line_1_77' title="bbox 2061 3312 3639 3394; baseline -0.006 -18"><span class='ocrx_word' id='word_1_534' title='bbox 2061 3323 2399 3394; x_wconf 89' lang='lat' dir='ltr'><strong>duplicitatis</strong></span> <span class='ocrx_word' id='word_1_535' title='bbox 2486 3319 2942 3390; x_wconf 72' lang='lat' dir='ltr'><strong>appellationem,</strong></span> <span class='ocrx_word' id='word_1_536' title='bbox 3024 3315 3498 3383; x_wconf 90' lang='lat' dir='ltr'><strong>circumscriptum</strong></span> <span class='ocrx_word' id='word_1_537' title='bbox 3575 3312 3639 3366; x_wconf 85' lang='lat' dir='ltr'><strong>in</strong></span> 
     </span>
    </p>
   </div>
   <div class='ocr_carea' id='block_1_78' title="bbox 2061 3404 3631 3470">
    <p class='ocr_par' dir='ltr' id='par_1_78' title="bbox 2061 3404 3631 3470">
     <span class='ocr_line' id='line_1_78' title="bbox 2061 3404 3631 3470; baseline -0.01 0"><span class='ocrx_word' id='word_1_538' title='bbox 2061 3417 2326 3470; x_wconf 86' lang='lat' dir='ltr'><strong>alterutra</strong></span> <span class='ocrx_word' id='word_1_539' title='bbox 2351 3428 2414 3468; x_wconf 81' lang='lat' dir='ltr'><strong>ex</strong></span> <span class='ocrx_word' id='word_1_540' title='bbox 2449 3414 2534 3468; x_wconf 90' lang='lat' dir='ltr'><strong>his</strong></span> <span class='ocrx_word' id='word_1_541' title='bbox 2567 3411 2779 3465; x_wconf 81' lang='lat' dir='ltr'><strong>naturis</strong></span> <span class='ocrx_word' id='word_1_542' title='bbox 2798 3408 3043 3462; x_wconf 86' lang='lat' dir='ltr'><strong>conﬁteri</strong></span> <span class='ocrx_word' id='word_1_543' title='bbox 3071 3406 3354 3460; x_wconf 85' lang='lat' dir='ltr'><strong>Christum</strong></span> <span class='ocrx_word' id='word_1_544' title='bbox 3387 3404 3631 3459; x_wconf 84' lang='lat' dir='ltr'><strong>deberet.</strong></span> 
     </span>
    </p>
   </div>
   <div class='ocr_carea' id='block_1_79' title="bbox 2063 3496 3633 3578">
    <p class='ocr_par' dir='ltr' id='par_1_79' title="bbox 2063 3496 3633 3578">
     <span class='ocr_line' id='line_1_79' title="bbox 2063 3496 3633 3578; baseline -0.011 -14"><span class='ocrx_word' id='word_1_545' title='bbox 2063 3509 2202 3578; x_wconf 84' lang='lat' dir='ltr'><strong>Quia</strong></span> <span class='ocrx_word' id='word_1_546' title='bbox 2238 3523 2364 3562; x_wconf 82' lang='lat' dir='ltr'><strong>vero</strong></span> <span class='ocrx_word' id='word_1_547' title='bbox 2400 3508 2451 3562; x_wconf 92' lang='lat' dir='ltr'><strong>id</strong></span> <span class='ocrx_word' id='word_1_548' title='bbox 2506 3520 2612 3559; x_wconf 90' lang='lat' dir='ltr'><strong>non</strong></span> <span class='ocrx_word' id='word_1_549' title='bbox 2642 3502 2915 3566; x_wconf 88' lang='lat' dir='ltr'><strong>concedit,</strong></span> <span class='ocrx_word' id='word_1_550' title='bbox 2958 3499 3274 3555; x_wconf 85' lang='lat' dir='ltr'><strong>dissolvitur</strong></span> <span class='ocrx_word' id='word_1_551' title='bbox 3313 3496 3375 3551; x_wconf 75' lang='lat' dir='ltr'><strong>ei.</strong></span> <span class='ocrx_word' id='word_1_552' title='bbox 3411 3509 3633 3564; x_wconf 89' lang='lat' dir='ltr'><strong>compa-</strong></span> 
     </span>
    </p>
   </div>
   <div class='ocr_carea' id='block_1_80' title="bbox 2063 3588 3633 3663">
    <p class='ocr_par' dir='ltr' id='par_1_80' title="bbox 2063 3588 3633 3663">
     <span class='ocr_line' id='line_1_80' title="bbox 2063 3588 3633 3663; baseline -0.011 -6"><span class='ocrx_word' id='word_1_553' title='bbox 2063 3613 2209 3657; x_wconf 88' lang='lat' dir='ltr'><strong>ctum</strong></span> <span class='ocrx_word' id='word_1_554' title='bbox 2262 3601 2364 3656; x_wconf 93' lang='lat' dir='ltr'><strong>hoc</strong></span> <span class='ocrx_word' id='word_1_555' title='bbox 2417 3608 2474 3654; x_wconf 91' lang='lat' dir='ltr'><strong>et</strong></span> <span class='ocrx_word' id='word_1_556' title='bbox 2550 3595 2857 3650; x_wconf 86' lang='lat' dir='ltr'><strong>miriﬁcum</strong></span> <span class='ocrx_word' id='word_1_557' title='bbox 2889 3591 3228 3663; x_wconf 88' lang='lat' dir='ltr'><strong>duplicitatis</strong></span> <span class='ocrx_word' id='word_1_558' title='bbox 3281 3588 3633 3652; x_wconf 77' lang='lat' dir='ltr'><strong>vocabulum,</strong></span> 
     </span>
    </p>
   </div>
   <div class='ocr_carea' id='block_1_81' title="bbox 2062 3678 3637 3761">
    <p class='ocr_par' dir='ltr' id='par_1_81' title="bbox 2062 3678 3637 3761">
     <span class='ocr_line' id='line_1_81' title="bbox 2062 3678 3637 3761; baseline -0.01 -15"><span class='ocrx_word' id='word_1_559' title='bbox 2062 3692 2288 3761; x_wconf 86' lang='lat' dir='ltr'><strong>ipsoque</strong></span> <span class='ocrx_word' id='word_1_560' title='bbox 2349 3687 2679 3758; x_wconf 87' lang='lat' dir='ltr'><strong>duplicitatis</strong></span> <span class='ocrx_word' id='word_1_561' title='bbox 2733 3683 2966 3740; x_wconf 89' lang='lat' dir='ltr'><strong>artiﬁcio</strong></span> <span class='ocrx_word' id='word_1_562' title='bbox 3015 3681 3338 3750; x_wconf 84' lang='lat' dir='ltr'><strong>callidisque</strong></span> <span class='ocrx_word' id='word_1_563' title='bbox 3367 3678 3481 3733; x_wconf 89' lang='lat' dir='ltr'><strong>suis</strong></span> <span class='ocrx_word' id='word_1_564' title='bbox 3546 3692 3637 3732; x_wconf 90' lang='lat' dir='ltr'><strong>so-</strong></span> 
     </span>
    </p>
   </div>
   <div class='ocr_carea' id='block_1_82' title="bbox 2063 3771 3627 3853">
    <p class='ocr_par' dir='ltr' id='par_1_82' title="bbox 2063 3771 3627 3853">
     <span class='ocr_line' id='line_1_82' title="bbox 2063 3771 3627 3853; baseline -0.008 -15"><span class='ocrx_word' id='word_1_565' title='bbox 2063 3782 2426 3853; x_wconf 83' lang='lat' dir='ltr'><strong>phismatihus</strong></span> <span class='ocrx_word' id='word_1_566' title='bbox 2453 3782 2779 3836; x_wconf 88' lang='lat' dir='ltr'><strong>deuudatur.</strong></span> <span class='ocrx_word' id='word_1_567' title='bbox 2810 3778 2904 3832; x_wconf 86' lang='lat' dir='ltr'><strong>Est</strong></span> <span class='ocrx_word' id='word_1_568' title='bbox 2928 3786 3113 3831; x_wconf 86' lang='lat' dir='ltr'><strong>autem</strong></span> <span class='ocrx_word' id='word_1_569' title='bbox 3136 3774 3354 3844; x_wconf 88' lang='lat' dir='ltr'><strong>superbi</strong></span> <span class='ocrx_word' id='word_1_570' title='bbox 3389 3771 3627 3827; x_wconf 85' lang='lat' dir='ltr'><strong>hominis</strong></span> 
     </span>
    </p>
   </div>
   <div class='ocr_carea' id='block_1_83' title="bbox 2064 3867 3642 3947">
    <p class='ocr_par' dir='ltr' id='par_1_83' title="bbox 2064 3867 3642 3947">
     <span class='ocr_line' id='line_1_83' title="bbox 2064 3867 3642 3947; baseline -0.008 -16"><span class='ocrx_word' id='word_1_571' title='bbox 2064 3877 2280 3947; x_wconf 87' lang='lat' dir='ltr'><strong>sibique</strong></span> <span class='ocrx_word' id='word_1_572' title='bbox 2311 3875 2474 3929; x_wconf 90' lang='lat' dir='ltr'><strong>nimis</strong></span> <span class='ocrx_word' id='word_1_573' title='bbox 2523 3872 2788 3945; x_wconf 89' lang='lat' dir='ltr'><strong>placentis</strong></span> <span class='ocrx_word' id='word_1_574' title='bbox 2837 3868 3101 3937; x_wconf 84' lang='lat' dir='ltr'><strong>ollicium,</strong></span> <span class='ocrx_word' id='word_1_575' title='bbox 3151 3882 3239 3923; x_wconf 80' lang='lat' dir='ltr'><strong>res</strong></span> <span class='ocrx_word' id='word_1_576' title='bbox 3264 3867 3406 3922; x_wconf 89' lang='lat' dir='ltr'><strong>ultra</strong></span> <span class='ocrx_word' id='word_1_577' title='bbox 3456 3880 3642 3936; x_wconf 75' lang='lat' dir='ltr'><strong>aequos</strong></span> 
     </span>
    </p>
   </div>
   <div class='ocr_carea' id='block_1_84' title="bbox 2067 3954 3636 4035">
    <p class='ocr_par' dir='ltr' id='par_1_84' title="bbox 2067 3954 3636 4035">
     <span class='ocr_line' id='line_1_84' title="bbox 2067 3954 3636 4035; baseline -0.008 -14"><span class='ocrx_word' id='word_1_578' title='bbox 2067 3967 2207 4022; x_wconf 91' lang='lat' dir='ltr'><strong>ﬁnes</strong></span> <span class='ocrx_word' id='word_1_579' title='bbox 2245 3967 2450 4035; x_wconf 86' lang='lat' dir='ltr'><strong>positas</strong></span> <span class='ocrx_word' id='word_1_580' title='bbox 2487 3977 2648 4019; x_wconf 86' lang='lat' dir='ltr'><strong>aereo</strong></span> <span class='ocrx_word' id='word_1_581' title='bbox 2696 3960 2862 4015; x_wconf 88' lang='lat' dir='ltr'><strong>veluti</strong></span> <span class='ocrx_word' id='word_1_582' title='bbox 2900 3975 3063 4015; x_wconf 87' lang='lat' dir='ltr'><strong>cursu</strong></span> <span class='ocrx_word' id='word_1_583' title='bbox 3118 3956 3532 4028; x_wconf 83' lang='lat' dir='ltr'><strong>pervestigare;</strong></span> <span class='ocrx_word' id='word_1_584' title='bbox 3569 3954 3636 4009; x_wconf 85' lang='lat' dir='ltr'><strong>ab</strong></span> 
     </span>
    </p>
   </div>
   <div class='ocr_carea' id='block_1_85' title="bbox 2068 4047 3635 4126">
    <p class='ocr_par' dir='ltr' id='par_1_85' title="bbox 2068 4047 3635 4126">
     <span class='ocr_line' id='line_1_85' title="bbox 2068 4047 3635 4126; baseline -0.008 -13"><span class='ocrx_word' id='word_1_585' title='bbox 2068 4059 2134 4115; x_wconf 87' lang='lat' dir='ltr'><strong>iis</strong></span> <span class='ocrx_word' id='word_1_586' title='bbox 2184 4068 2363 4113; x_wconf 85' lang='lat' dir='ltr'><strong>autem</strong></span> <span class='ocrx_word' id='word_1_587' title='bbox 2396 4070 2531 4126; x_wconf 87' lang='lat' dir='ltr'><strong>quas</strong></span> <span class='ocrx_word' id='word_1_588' title='bbox 2567 4053 2616 4108; x_wconf 86' lang='lat' dir='ltr'><strong>ei</strong></span> <span class='ocrx_word' id='word_1_589' title='bbox 2666 4053 2937 4122; x_wconf 87' lang='lat' dir='ltr'><strong>dispicere</strong></span> <span class='ocrx_word' id='word_1_590' title='bbox 2987 4066 3050 4106; x_wconf 86' lang='lat' dir='ltr'><strong>ac</strong></span> <span class='ocrx_word' id='word_1_591' title='bbox 3094 4049 3360 4121; x_wconf 86' lang='lat' dir='ltr'><strong>speculari</strong></span> <span class='ocrx_word' id='word_1_592' title='bbox 3426 4047 3635 4108; x_wconf 88' lang='lat' dir='ltr'><strong>liceret.</strong></span> 
     </span>
    </p>
   </div>
   <div class='ocr_carea' id='block_1_86' title="bbox 2067 4140 3645 4215">
    <p class='ocr_par' dir='ltr' id='par_1_86' title="bbox 2067 4140 3645 4215">
     <span class='ocr_line' id='line_1_86' title="bbox 2067 4140 3645 4215; baseline -0.009 -9"><span class='ocrx_word' id='word_1_593' title='bbox 2067 4149 2354 4206; x_wconf 80' lang='lat' dir='ltr'><strong>manifeste</strong></span> <span class='ocrx_word' id='word_1_594' title='bbox 2408 4149 2686 4203; x_wconf 88' lang='lat' dir='ltr'><strong>aberrare.</strong></span> <span class='ocrx_word' id='word_1_595' title='bbox 2739 4143 3038 4215; x_wconf 89' lang='lat' dir='ltr'><strong>Oportebat</strong></span> <span class='ocrx_word' id='word_1_596' title='bbox 3085 4143 3231 4198; x_wconf 89' lang='lat' dir='ltr'><strong>enim</strong></span> <span class='ocrx_word' id='word_1_597' title='bbox 3281 4156 3347 4196; x_wconf 78' lang='lat' dir='ltr'><strong>ex</strong></span> <span class='ocrx_word' id='word_1_598' title='bbox 3404 4140 3471 4196; x_wconf 89' lang='lat' dir='ltr'><strong>iis</strong></span> <span class='ocrx_word' id='word_1_599' title='bbox 3522 4153 3645 4209; x_wconf 67' lang='lat' dir='ltr'><strong>quae</strong></span> 
     </span>
    </p>
   </div>
   <div class='ocr_carea' id='block_1_87' title="bbox 2068 4233 3637 4311">
    <p class='ocr_par' dir='ltr' id='par_1_87' title="bbox 2068 4233 3637 4311">
     <span class='ocr_line' id='line_1_87' title="bbox 2068 4233 3637 4311; baseline -0.009 -12"><span class='ocrx_word' id='word_1_600' title='bbox 2068 4254 2228 4299; x_wconf 86' lang='lat' dir='ltr'><strong>antea</strong></span> <span class='ocrx_word' id='word_1_601' title='bbox 2260 4242 2415 4306; x_wconf 83' lang='lat' dir='ltr'><strong>dixit,</strong></span> <span class='ocrx_word' id='word_1_602' title='bbox 2451 4238 2768 4311; x_wconf 65' lang='lat' dir='ltr'><strong>prmsentire</strong></span> <span class='ocrx_word' id='word_1_603' title='bbox 2803 4245 2963 4307; x_wconf 84' lang='lat' dir='ltr'><strong>atque</strong></span> <span class='ocrx_word' id='word_1_604' title='bbox 3004 4235 3328 4304; x_wconf 85' lang='lat' dir='ltr'><strong>intelligere,</strong></span> <span class='ocrx_word' id='word_1_605' title='bbox 3358 4233 3490 4303; x_wconf 90' lang='lat' dir='ltr'><strong>quid</strong></span> <span class='ocrx_word' id='word_1_606' title='bbox 3532 4233 3637 4288; x_wconf 82' lang='lat' dir='ltr'><strong>sibi</strong></span> 
     </span>
    </p>
   </div>
   <div class='ocr_carea' id='block_1_88' title="bbox 2068 4324 3638 4395">
    <p class='ocr_par' dir='ltr' id='par_1_88' title="bbox 2068 4324 3638 4395">
     <span class='ocr_line' id='line_1_88' title="bbox 2068 4324 3638 4395; baseline -0.008 -7"><span class='ocrx_word' id='word_1_607' title='bbox 2068 4334 2311 4389; x_wconf 88' lang='lat' dir='ltr'><strong>indidem</strong></span> <span class='ocrx_word' id='word_1_608' title='bbox 2344 4333 2484 4387; x_wconf 80' lang='lat' dir='ltr'><strong>foret</strong></span> <span class='ocrx_word' id='word_1_609' title='bbox 2508 4331 2896 4385; x_wconf 90' lang='lat' dir='ltr'><strong>ohventurum.</strong></span> <span class='ocrx_word' id='word_1_610' title='bbox 2928 4324 3010 4380; x_wconf 76' lang='lat' dir='ltr'><strong>Ex</strong></span> <span class='ocrx_word' id='word_1_611' title='bbox 3040 4325 3355 4395; x_wconf 86' lang='lat' dir='ltr'><strong>duplicitate</strong></span> <span class='ocrx_word' id='word_1_612' title='bbox 3383 4332 3638 4378; x_wconf 88' lang='lat' dir='ltr'><strong>constare</strong></span> 
     </span>
    </p>
   </div>
   <div class='ocr_carea' id='block_1_89' title="bbox 2068 4416 3641 4489">
    <p class='ocr_par' dir='ltr' id='par_1_89' title="bbox 2068 4416 3641 4489">
     <span class='ocr_line' id='line_1_89' title="bbox 2068 4416 3641 4489; baseline -0.007 -7"><span class='ocrx_word' id='word_1_613' title='bbox 2068 4427 2344 4482; x_wconf 87' lang='lat' dir='ltr'><strong>Christum</strong></span> <span class='ocrx_word' id='word_1_614' title='bbox 2376 4419 2604 4479; x_wconf 78' lang='lat' dir='ltr'><strong>censet?</strong></span> <span class='ocrx_word' id='word_1_615' title='bbox 2637 4419 2932 4489; x_wconf 87' lang='lat' dir='ltr'><strong>Propterea</strong></span> <span class='ocrx_word' id='word_1_616' title='bbox 2980 4418 3147 4487; x_wconf 89' lang='lat' dir='ltr'><strong>igitur</strong></span> <span class='ocrx_word' id='word_1_617' title='bbox 3200 4426 3254 4471; x_wconf 91' lang='lat' dir='ltr'><strong>et</strong></span> <span class='ocrx_word' id='word_1_618' title='bbox 3309 4416 3641 4485; x_wconf 83' lang='lat' dir='ltr'><strong>compositus</strong></span> 
     </span>
    </p>
   </div>
   <div class='ocr_carea' id='block_1_90' title="bbox 342 4509 1957 4610">
    <p class='ocr_par' dir='ltr' id='par_1_90' title="bbox 342 4509 1957 4610">
     <span class='ocr_line' id='line_1_90' title="bbox 342 4509 1957 4610; baseline -0.004 -16"><span class='ocrx_word' id='word_1_619' title='bbox 342 4582 347 4586; x_wconf 50' lang='grc' dir='ltr'><strong>μ</strong></span> <span class='ocrx_word' id='word_1_620' title='bbox 377 4536 484 4594; x_wconf 76' lang='grc' dir='ltr'><strong>οὗν</strong></span> <span class='ocrx_word' id='word_1_621' title='bbox 516 4539 578 4592; x_wconf 82' lang='grc' dir='ltr'>τὸ</span> <span class='ocrx_word' id='word_1_622' title='bbox 620 4509 1078 4610; x_wconf 69' lang='grc' dir='ltr'>περιιστάμενονς</span> <span class='ocrx_word' id='word_1_623' title='bbox 1119 4538 1183 4591; x_wconf 85' lang='lat' dir='ltr'><strong>Ei.</strong></span> <span class='ocrx_word' id='word_1_624' title='bbox 1217 4509 1639 4606; x_wconf 71' lang='grc' dir='ltr'>ἀπερίγραπτον</span> <span class='ocrx_word' id='word_1_625' title='bbox 1676 4535 1737 4587; x_wconf 80' lang='grc' dir='ltr'>τὸ</span> <span class='ocrx_word' id='word_1_626' title='bbox 1783 4534 1957 4601; x_wconf 85' lang='grc' dir='ltr'>Θείον,</span> 
     </span>
    </p>
   </div>
   <div class='ocr_carea' id='block_1_91' title="bbox 2061 4509 3647 4610">
    <p class='ocr_par' dir='ltr' id='par_1_91' title="bbox 2069 4509 3647 4581">
     <span class='ocr_line' id='line_1_91' title="bbox 2069 4509 3647 4581; baseline -0.011 -3"><span class='ocrx_word' id='word_1_627' title='bbox 2069 4522 2296 4578; x_wconf 91' lang='lat' dir='ltr'><strong>omnino</strong></span> <span class='ocrx_word' id='word_1_628' title='bbox 2329 4517 2454 4573; x_wconf 90' lang='lat' dir='ltr'><strong>erit.</strong></span> <span class='ocrx_word' id='word_1_629' title='bbox 2484 4517 2618 4570; x_wconf 80' lang='lat' dir='ltr'><strong>Nam</strong></span> <span class='ocrx_word' id='word_1_630' title='bbox 2654 4513 2701 4569; x_wconf 88' lang='lat' dir='ltr'><strong>si</strong></span> <span class='ocrx_word' id='word_1_631' title='bbox 2728 4529 2814 4568; x_wconf 90' lang='lat' dir='ltr'><strong>res</strong></span> <span class='ocrx_word' id='word_1_632' title='bbox 2843 4510 3079 4581; x_wconf 76' lang='lat' dir='ltr'><strong>simplex</strong></span> <span class='ocrx_word' id='word_1_633' title='bbox 3128 4518 3211 4563; x_wconf 92' lang='lat' dir='ltr'><strong>est</strong></span> <span class='ocrx_word' id='word_1_634' title='bbox 3243 4509 3602 4578; x_wconf 84' lang='lat' dir='ltr'><strong>incomposita</strong></span> <span class='ocrx_word' id='word_1_635' title='bbox 3630 4525 3647 4574; x_wconf 87' lang='lat'><strong>;</strong></span> 
     </span>
    </p>
   </div>
   <div class='ocr_carea' id='block_1_92' title="bbox 374 4626 1966 4696">
    <p class='ocr_par' dir='ltr' id='par_1_92' title="bbox 374 4626 1966 4696">
     <span class='ocr_line' id='line_1_92' title="bbox 374 4626 1966 4696; baseline -0.003 -11"><span class='ocrx_word' id='word_1_636' title='bbox 374 4632 519 4685; x_wconf 84' lang='grc' dir='ltr'>διότι</span> <span class='ocrx_word' id='word_1_637' title='bbox 558 4630 762 4685; x_wconf 84' lang='grc' dir='ltr'>ἁπλοῦν</span> <span class='ocrx_word' id='word_1_638' title='bbox 796 4633 889 4686; x_wconf 65' lang='grc' dir='ltr'>καὶ</span> <span class='ocrx_word' id='word_1_639' title='bbox 928 4629 1246 4695; x_wconf 82' lang='grc' dir='ltr'>ἀσύνθετον,</span> <span class='ocrx_word' id='word_1_640' title='bbox 1295 4628 1358 4681; x_wconf 83' lang='grc' dir='ltr'>τὸ</span> <span class='ocrx_word' id='word_1_641' title='bbox 1405 4629 1470 4681; x_wconf 87' lang='grc' dir='ltr'>ὲκ</span> <span class='ocrx_word' id='word_1_642' title='bbox 1501 4626 1823 4696; x_wconf 60' lang='lat' dir='ltr'><strong>summa;</strong></span> <span class='ocrx_word' id='word_1_643' title='bbox 1867 4628 1966 4680; x_wconf 74' lang='grc' dir='ltr'>καὶ</span> 
     </span>
    </p>
   </div>
   <div class='ocr_carea' id='block_1_93' title="bbox 378 4719 1969 4794">
    <p class='ocr_par' dir='ltr' id='par_1_93' title="bbox 378 4719 1969 4794">
     <span class='ocr_line' id='line_1_93' title="bbox 378 4719 1969 4794; baseline -0.004 -15"><span class='ocrx_word' id='word_1_644' title='bbox 378 4724 665 4789; x_wconf 87' lang='grc' dir='ltr'>σύνθετον,</span> <span class='ocrx_word' id='word_1_645' title='bbox 699 4726 753 4778; x_wconf 88' lang='grc' dir='ltr'><strong>τί</strong></span> <span class='ocrx_word' id='word_1_646' title='bbox 783 4725 970 4791; x_wconf 59' lang='lat' dir='ltr'><strong>serat;</strong></span> <span class='ocrx_word' id='word_1_647' title='bbox 1006 4724 1251 4794; x_wconf 85' lang='grc' dir='ltr'>Ἕφησεν</span> <span class='ocrx_word' id='word_1_648' title='bbox 1276 4721 1343 4776; x_wconf 85' lang='grc' dir='ltr'>ἂν</span> <span class='ocrx_word' id='word_1_649' title='bbox 1374 4723 1594 4785; x_wconf 81' lang='grc' dir='ltr'>πάντως</span> <span class='ocrx_word' id='word_1_650' title='bbox 1617 4722 1713 4775; x_wconf 80' lang='grc' dir='ltr'>καὶ</span> <span class='ocrx_word' id='word_1_651' title='bbox 1744 4720 1821 4793; x_wconf 81' lang='grc' dir='ltr'>μὴ</span> <span class='ocrx_word' id='word_1_652' title='bbox 1844 4719 1969 4791; x_wconf 88' lang='grc' dir='ltr'>βου-</span> 
     </span>
    </p>
   </div>
   <div class='ocr_carea' id='block_1_94' title="bbox 376 4813 1969 4889">
    <p class='ocr_par' dir='ltr' id='par_1_94' title="bbox 376 4813 1969 4889">
     <span class='ocr_line' id='line_1_94' title="bbox 376 4813 1969 4889; baseline -0.003 -18"><span class='ocrx_word' id='word_1_653' title='bbox 376 4818 615 4885; x_wconf 81' lang='grc' dir='ltr'>λόμενος</span> <span class='ocrx_word' id='word_1_654' title='bbox 646 4815 1025 4889; x_wconf 86' lang='grc' dir='ltr'>περιγραπτόν</span> <span class='ocrx_word' id='word_1_655' title='bbox 1050 4832 1066 4848; x_wconf 79' lang='grc' dir='ltr'><strong><em>ο</em></strong></span> <span class='ocrx_word' id='word_1_656' title='bbox 1098 4814 1275 4878; x_wconf 79' lang='grc' dir='ltr'>ἄλλως</span> <span class='ocrx_word' id='word_1_657' title='bbox 1305 4831 1365 4867; x_wconf 90' lang='grc' dir='ltr'><strong>τε</strong></span> <span class='ocrx_word' id='word_1_658' title='bbox 1388 4813 1447 4866; x_wconf 79' lang='grc' dir='ltr'>δὲ</span> <span class='ocrx_word' id='word_1_659' title='bbox 1475 4814 1617 4884; x_wconf 82' lang='grc' dir='ltr'>αὐτὴ</span> <span class='ocrx_word' id='word_1_660' title='bbox 1648 4814 1681 4883; x_wconf 84' lang='grc' dir='ltr'><strong>ἡ</strong></span> <span class='ocrx_word' id='word_1_661' title='bbox 1712 4814 1810 4884; x_wconf 82' lang='grc' dir='ltr'>τῆς</span> <span class='ocrx_word' id='word_1_662' title='bbox 1840 4830 1969 4867; x_wconf 65' lang='grc' dir='ltr'>συνο</span> 
     </span>
    </p>
   </div>
   <div class='ocr_carea' id='block_1_95' title="bbox 380 4904 1967 4980">
    <p class='ocr_par' dir='ltr' id='par_1_95' title="bbox 380 4904 1967 4980">
     <span class='ocr_line' id='line_1_95' title="bbox 380 4904 1967 4980; baseline -0.003 -17"><span class='ocrx_word' id='word_1_663' title='bbox 380 4909 591 4968; x_wconf 81' lang='grc' dir='ltr'>θέσεως</span> <span class='ocrx_word' id='word_1_664' title='bbox 615 4907 814 4973; x_wconf 75' lang='grc' dir='ltr'>ἔννοια,</span> <span class='ocrx_word' id='word_1_665' title='bbox 841 4907 938 4980; x_wconf 85' lang='grc' dir='ltr'>τὴν</span> <span class='ocrx_word' id='word_1_666' title='bbox 968 4905 1322 4980; x_wconf 84' lang='grc' dir='ltr'>περιγραφὴν</span> <span class='ocrx_word' id='word_1_667' title='bbox 1346 4907 1479 4976; x_wconf 80' lang='grc' dir='ltr'>ἡμῖν</span> <span class='ocrx_word' id='word_1_668' title='bbox 1502 4906 1567 4958; x_wconf 85' lang='grc' dir='ltr'>ὲκ</span> <span class='ocrx_word' id='word_1_669' title='bbox 1598 4904 1811 4970; x_wconf 80' lang='grc' dir='ltr'>παντὸς</span> <span class='ocrx_word' id='word_1_670' title='bbox 1829 4905 1967 4959; x_wconf 72' lang='grc' dir='ltr'>ὐπον</span> 
     </span>
    </p>
   </div>
   <div class='ocr_carea' id='block_1_96' title="bbox 377 4991 1972 5067">
    <p class='ocr_par' dir='ltr' id='par_1_96' title="bbox 377 4991 1972 5067">
     <span class='ocr_line' id='line_1_96' title="bbox 377 4991 1972 5067; baseline -0.004 -16"><span class='ocrx_word' id='word_1_671' title='bbox 377 4997 621 5051; x_wconf 81' lang='grc' dir='ltr'>τίθεται.</span> <span class='ocrx_word' id='word_1_672' title='bbox 671 4996 857 5060; x_wconf 77' lang='grc' dir='ltr'>Οὕτως</span> <span class='ocrx_word' id='word_1_673' title='bbox 906 4995 1184 5067; x_wconf 85' lang='grc' dir='ltr'>πανταχοῦ</span> <span class='ocrx_word' id='word_1_674' title='bbox 1228 4995 1325 5048; x_wconf 60' lang='grc' dir='ltr'><strong>καί⁵</strong></span> <span class='ocrx_word' id='word_1_675' title='bbox 1370 4993 1450 5063; x_wconf 85' lang='grc' dir='ltr'>τῷ</span> <span class='ocrx_word' id='word_1_676' title='bbox 1502 4991 1651 5064; x_wconf 81' lang='grc' dir='ltr'>ὀρθῷ</span> <span class='ocrx_word' id='word_1_677' title='bbox 1698 4991 1842 5064; x_wconf 82' lang='grc' dir='ltr'>λόγῳ</span> <span class='ocrx_word' id='word_1_678' title='bbox 1875 4991 1972 5045; x_wconf 79' lang='grc' dir='ltr'>καὶ</span> 
     </span>
    </p>
   </div>
   <div class='ocr_carea' id='block_1_97' title="bbox 380 5081 1970 5159">
    <p class='ocr_par' dir='ltr' id='par_1_97' title="bbox 380 5081 1970 5159">
     <span class='ocr_line' id='line_1_97' title="bbox 380 5081 1970 5159; baseline -0.006 -15"><span class='ocrx_word' id='word_1_679' title='bbox 380 5087 568 5159; x_wconf 75' lang='grc' dir='ltr'>ἑαυτῷ</span> <span class='ocrx_word' id='word_1_680' title='bbox 593 5088 1014 5159; x_wconf 82' lang='grc' dir='ltr'>ἀπομαχόμενος</span> <span class='ocrx_word' id='word_1_681' title='bbox 1043 5089 1342 5141; x_wconf 86' lang='grc' dir='ltr'>δείκνυται.</span> <span class='ocrx_word' id='word_1_682' title='bbox 1372 5084 1484 5138; x_wconf 55' lang='grc' dir='ltr'><strong>Καὶ⁸</strong></span> <span class='ocrx_word' id='word_1_683' title='bbox 1507 5084 1681 5138; x_wconf 86' lang='grc' dir='ltr'>ταῦτα</span> <span class='ocrx_word' id='word_1_684' title='bbox 1710 5084 1809 5153; x_wconf 83' lang='grc' dir='ltr'>μὲν</span> <span class='ocrx_word' id='word_1_685' title='bbox 1831 5081 1970 5152; x_wconf 78' lang='grc' dir='ltr'>πρὸς</span> 
     </span>
    </p>
   </div>
   <div class='ocr_carea' id='block_1_98' title="bbox 379 5173 1979 5248">
    <p class='ocr_par' dir='ltr' id='par_1_98' title="bbox 379 5173 1979 5248">
     <span class='ocr_line' id='line_1_98' title="bbox 379 5173 1979 5248; baseline -0.004 -16"><span class='ocrx_word' id='word_1_686' title='bbox 379 5177 519 5241; x_wconf 80' lang='grc' dir='ltr'>τοὺς</span> <span class='ocrx_word' id='word_1_687' title='bbox 558 5179 766 5234; x_wconf 77' lang='grc' dir='ltr'>ἐκείνου</span> <span class='ocrx_word' id='word_1_688' title='bbox 813 5178 1007 5246; x_wconf 88' lang='grc' dir='ltr'>λόγους</span> <span class='ocrx_word' id='word_1_689' title='bbox 1042 5178 1303 5248; x_wconf 82' lang='grc' dir='ltr'>λελέχθω.</span> <span class='ocrx_word' id='word_1_690' title='bbox 1360 5177 1520 5230; x_wconf 82' lang='grc' dir='ltr'>Δοκεῖ</span> <span class='ocrx_word' id='word_1_691' title='bbox 1567 5175 1674 5246; x_wconf 82' lang='grc' dir='ltr'><strong>γὰρ</strong></span> <span class='ocrx_word' id='word_1_692' title='bbox 1712 5173 1979 5243; x_wconf 60' lang='grc' dir='ltr'>κατειληυ</span> 
     </span>
    </p>
   </div>
   <div class='ocr_carea' id='block_1_99' title="bbox 384 5265 1968 5342">
    <p class='ocr_par' dir='ltr' id='par_1_99' title="bbox 384 5265 1968 5342">
     <span class='ocr_line' id='line_1_99' title="bbox 384 5265 1968 5342; baseline -0.003 -20"><span class='ocrx_word' id='word_1_693' title='bbox 384 5269 554 5339; x_wconf 77' lang='grc' dir='ltr'>φέναι</span> <span class='ocrx_word' id='word_1_694' title='bbox 589 5270 651 5323; x_wconf 78' lang='grc' dir='ltr'>τὸ</span> <span class='ocrx_word' id='word_1_695' title='bbox 703 5269 940 5342; x_wconf 78' lang='grc' dir='ltr'>Χριστοῦ</span> <span class='ocrx_word' id='word_1_696' title='bbox 1005 5270 1355 5340; x_wconf 74' lang='grc' dir='ltr'>μυστήριον..</span> <span class='ocrx_word' id='word_1_697' title='bbox 1386 5266 1524 5338; x_wconf 82' lang='grc' dir='ltr'>μηδὲ</span> <span class='ocrx_word' id='word_1_698' title='bbox 1572 5266 1644 5318; x_wconf 76' lang='grc' dir='ltr'>τὰ</span> <span class='ocrx_word' id='word_1_699' title='bbox 1693 5266 1775 5319; x_wconf 68' lang='grc' dir='ltr'>ὲνι</span> <span class='ocrx_word' id='word_1_700' title='bbox 1805 5265 1968 5318; x_wconf 74' lang='grc' dir='ltr'>ποσὶν</span> 
     </span>
    </p>
   </div>
   <div class='ocr_carea' id='block_1_100' title="bbox 380 5348 1972 5434">
    <p class='ocr_par' dir='ltr' id='par_1_100' title="bbox 380 5348 1972 5434">
     <span class='ocr_line' id='line_1_100' title="bbox 380 5348 1972 5434; baseline -0.002 -18"><span class='ocrx_word' id='word_1_701' title='bbox 380 5360 608 5434; x_wconf 84' lang='grc' dir='ltr'>εἰδὼςῆ</span> <span class='ocrx_word' id='word_1_702' title='bbox 642 5348 876 5433; x_wconf 79' lang='grc' dir='ltr'>βλέπων.</span> <span class='ocrx_word' id='word_1_703' title='bbox 912 5362 1184 5429; x_wconf 81' lang='grc' dir='ltr'>Καθάπαξ</span> <span class='ocrx_word' id='word_1_704' title='bbox 1222 5362 1333 5433; x_wconf 86' lang='grc' dir='ltr'>γὰρ</span> <span class='ocrx_word' id='word_1_705' title='bbox 1366 5363 1467 5431; x_wconf 84' lang='grc' dir='ltr'>τῆς</span> <span class='ocrx_word' id='word_1_706' title='bbox 1482 5359 1713 5423; x_wconf 82' lang='grc' dir='ltr'>εὐθείας</span> <span class='ocrx_word' id='word_1_707' title='bbox 1737 5359 1831 5413; x_wconf 74' lang='grc' dir='ltr'>καὶ</span> <span class='ocrx_word' id='word_1_708' title='bbox 1871 5358 1972 5429; x_wconf 86' lang='grc' dir='ltr'><strong>βα·-</strong></span> 
     </span>
    </p>
   </div>
   <div class='ocr_carea' id='block_1_101' title="bbox 382 5452 1993 5528">
    <p class='ocr_par' dir='ltr' id='par_1_101' title="bbox 382 5452 1993 5528">
     <span class='ocr_line' id='line_1_101' title="bbox 382 5452 1993 5528; baseline -0.006 -18"><span class='ocrx_word' id='word_1_709' title='bbox 382 5455 611 5526; x_wconf 83' lang='grc' dir='ltr'>σιλικῆς</span> <span class='ocrx_word' id='word_1_710' title='bbox 640 5454 1016 5521; x_wconf 82' lang='grc' dir='ltr'>ἀπονενευκὼς</span> <span class='ocrx_word' id='word_1_711' title='bbox 1061 5456 1253 5528; x_wconf 88' lang='grc' dir='ltr'>τρίϐου</span> <span class='ocrx_word' id='word_1_712' title='bbox 1278 5494 1292 5519; x_wconf 94' lang='grc'><strong>,</strong></span> <span class='ocrx_word' id='word_1_713' title='bbox 1323 5454 1417 5508; x_wconf 69' lang='grc' dir='ltr'><strong>ἐπὶ</strong></span> <span class='ocrx_word' id='word_1_714' title='bbox 1460 5452 1703 5522; x_wconf 68' lang='grc' dir='ltr'>τοὺςὲφ⁹</span> <span class='ocrx_word' id='word_1_715' title='bbox 1733 5453 1993 5526; x_wconf 53' lang='grc' dir='ltr'>ἑκάτεραι</span> 
     </span>
    </p>
   </div>
   <div class='ocr_carea' id='block_1_102' title="bbox 383 5548 1478 5621">
    <p class='ocr_par' dir='ltr' id='par_1_102' title="bbox 383 5548 1478 5621">
     <span class='ocr_line' id='line_1_102' title="bbox 383 5548 1478 5621; baseline -0.002 -18"><span class='ocrx_word' id='word_1_716' title='bbox 383 5565 511 5612; x_wconf 79' lang='grc' dir='ltr'><strong>πως</strong></span> <span class='ocrx_word' id='word_1_717' title='bbox 537 5551 973 5615; x_wconf 80' lang='grc' dir='ltr'>ἀποκεκλικότας</span> <span class='ocrx_word' id='word_1_718' title='bbox 1001 5549 1286 5621; x_wconf 78' lang='grc' dir='ltr'>κρημνοὺς</span> <span class='ocrx_word' id='word_1_719' title='bbox 1317 5548 1478 5602; x_wconf 83' lang='grc' dir='ltr'>ῐεται.</span> 
     </span>
    </p>
   </div>
   <div class='ocr_carea' id='block_1_103' title="bbox 470 5683 942 5757">
    <p class='ocr_par' dir='ltr' id='par_1_103' title="bbox 470 5683 942 5757">
     <span class='ocr_line' id='line_1_103' title="bbox 470 5683 942 5757; baseline 0 -16"><span class='ocrx_word' id='word_1_720' title='bbox 470 5685 519 5719; x_wconf 81' lang='grc'><strong><em>⁵³</em></strong></span> <span class='ocrx_word' id='word_1_721' title='bbox 554 5683 710 5741; x_wconf 76' lang='lat' dir='ltr'><strong>Joan.</strong></span> <span class='ocrx_word' id='word_1_722' title='bbox 743 5704 798 5753; x_wconf 72' lang='grc' dir='ltr'>ι,</span> <span class='ocrx_word' id='word_1_723' title='bbox 850 5685 942 5757; x_wconf 78' lang='lat'><strong>58.</strong></span> 
     </span>
    </p>
   </div>
   <div class='ocr_carea' id='block_1_104' title="bbox 2071 4604 3642 4688">
    <p class='ocr_par' dir='ltr' id='par_1_104' title="bbox 2071 4604 3642 4688">
     <span class='ocr_line' id='line_1_104' title="bbox 2071 4604 3642 4688; baseline -0.01 -15"><span class='ocrx_word' id='word_1_724' title='bbox 2071 4615 2214 4688; x_wconf 89' lang='lat' dir='ltr'><strong>quod</strong></span> <span class='ocrx_word' id='word_1_725' title='bbox 2268 4631 2333 4669; x_wconf 77' lang='lat' dir='ltr'><strong>ex</strong></span> <span class='ocrx_word' id='word_1_726' title='bbox 2398 4611 2717 4682; x_wconf 90' lang='lat' dir='ltr'><strong>duplicitate</strong></span> <span class='ocrx_word' id='word_1_727' title='bbox 2769 4606 3072 4676; x_wconf 87' lang='lat' dir='ltr'><strong>consurgit,</strong></span> <span class='ocrx_word' id='word_1_728' title='bbox 3123 4604 3488 4674; x_wconf 88' lang='lat' dir='ltr'><strong>compositum</strong></span> <span class='ocrx_word' id='word_1_729' title='bbox 3538 4614 3642 4658; x_wconf 88' lang='lat' dir='ltr'><strong>est.</strong></span> 
     </span>
    </p>
   </div>
   <div class='ocr_carea' id='block_1_105' title="bbox 2072 4696 3643 4777">
    <p class='ocr_par' dir='ltr' id='par_1_105' title="bbox 2072 4696 3643 4777">
     <span class='ocr_line' id='line_1_105' title="bbox 2072 4696 3643 4777; baseline -0.01 -13"><span class='ocrx_word' id='word_1_730' title='bbox 2072 4710 2211 4777; x_wconf 89' lang='lat' dir='ltr'><strong>Quid</strong></span> <span class='ocrx_word' id='word_1_731' title='bbox 2230 4721 2361 4777; x_wconf 86' lang='lat' dir='ltr'><strong>ergo</strong></span> <span class='ocrx_word' id='word_1_732' title='bbox 2388 4702 2675 4774; x_wconf 78' lang='lat' dir='ltr'><strong>sequitur?</strong></span> <span class='ocrx_word' id='word_1_733' title='bbox 2722 4701 2778 4756; x_wconf 88' lang='lat' dir='ltr'><strong>Si</strong></span> <span class='ocrx_word' id='word_1_734' title='bbox 2816 4697 3286 4766; x_wconf 83' lang='lat' dir='ltr'><strong>incircumscripta</strong></span> <span class='ocrx_word' id='word_1_735' title='bbox 3327 4706 3411 4750; x_wconf 87' lang='lat' dir='ltr'><strong>est</strong></span> <span class='ocrx_word' id='word_1_736' title='bbox 3444 4696 3643 4760; x_wconf 88' lang='lat' dir='ltr'><strong>deitas,</strong></span> 
     </span>
    </p>
   </div>
   <div class='ocr_carea' id='block_1_106' title="bbox 2072 4788 3647 4873">
    <p class='ocr_par' dir='ltr' id='par_1_106' title="bbox 2072 4788 3647 4873">
     <span class='ocr_line' id='line_1_106' title="bbox 2072 4788 3647 4873; baseline -0.01 -16"><span class='ocrx_word' id='word_1_737' title='bbox 2072 4803 2199 4873; x_wconf 86' lang='lat' dir='ltr'><strong>quia</strong></span> <span class='ocrx_word' id='word_1_738' title='bbox 2242 4799 2476 4868; x_wconf 86' lang='lat' dir='ltr'><strong>simplex</strong></span> <span class='ocrx_word' id='word_1_739' title='bbox 2507 4807 2564 4851; x_wconf 87' lang='lat' dir='ltr'><strong>et</strong></span> <span class='ocrx_word' id='word_1_740' title='bbox 2599 4796 2989 4863; x_wconf 87' lang='lat' dir='ltr'><strong>incomposita;</strong></span> <span class='ocrx_word' id='word_1_741' title='bbox 3018 4790 3161 4861; x_wconf 87' lang='lat' dir='ltr'><strong>quod</strong></span> <span class='ocrx_word' id='word_1_742' title='bbox 3209 4804 3275 4843; x_wconf 74' lang='lat' dir='ltr'><strong>ex</strong></span> <span class='ocrx_word' id='word_1_743' title='bbox 3331 4788 3647 4855; x_wconf 84' lang='lat' dir='ltr'><strong>duplicitate</strong></span> 
     </span>
    </p>
   </div>
   <div class='ocr_carea' id='block_1_107' title="bbox 2074 4879 3649 4963">
    <p class='ocr_par' dir='ltr' id='par_1_107' title="bbox 2074 4879 3649 4963">
     <span class='ocr_line' id='line_1_107' title="bbox 2074 4879 3649 4963; baseline -0.011 -12"><span class='ocrx_word' id='word_1_744' title='bbox 2074 4892 2434 4963; x_wconf 89' lang='lat' dir='ltr'><strong>compositum</strong></span> <span class='ocrx_word' id='word_1_745' title='bbox 2482 4901 2601 4954; x_wconf 88' lang='lat' dir='ltr'><strong>est,</strong></span> <span class='ocrx_word' id='word_1_746' title='bbox 2651 4886 2781 4957; x_wconf 90' lang='lat' dir='ltr'><strong>quid</strong></span> <span class='ocrx_word' id='word_1_747' title='bbox 2848 4885 3079 4941; x_wconf 77' lang='lat' dir='ltr'><strong>demum.</strong></span> <span class='ocrx_word' id='word_1_748' title='bbox 3127 4881 3233 4953; x_wconf 82' lang='lat'><strong>57</strong></span> <span class='ocrx_word' id='word_1_749' title='bbox 3295 4881 3445 4937; x_wconf 79' lang='lat' dir='ltr'><strong>erit?</strong></span> <span class='ocrx_word' id='word_1_750' title='bbox 3493 4879 3649 4936; x_wconf 87' lang='lat' dir='ltr'><strong>Dicet</strong></span> 
     </span>
    </p>
   </div>
   <div class='ocr_carea' id='block_1_108' title="bbox 2076 4972 3653 5047">
    <p class='ocr_par' dir='ltr' id='par_1_108' title="bbox 2076 4972 3653 5047">
     <span class='ocr_line' id='line_1_108' title="bbox 2076 4972 3653 5047; baseline -0.011 -4"><span class='ocrx_word' id='word_1_751' title='bbox 2076 4987 2297 5043; x_wconf 90' lang='lat' dir='ltr'><strong>omnino</strong></span> <span class='ocrx_word' id='word_1_752' title='bbox 2319 4983 2403 5041; x_wconf 86' lang='lat' dir='ltr'><strong>vel</strong></span> <span class='ocrx_word' id='word_1_753' title='bbox 2430 4982 2660 5047; x_wconf 87' lang='lat' dir='ltr'><strong>invitus,</strong></span> <span class='ocrx_word' id='word_1_754' title='bbox 2693 4981 2750 5036; x_wconf 91' lang='lat' dir='ltr'><strong>id</strong></span> <span class='ocrx_word' id='word_1_755' title='bbox 2796 4993 2920 5035; x_wconf 85' lang='lat' dir='ltr'><strong>esse</strong></span> <span class='ocrx_word' id='word_1_756' title='bbox 2957 4976 3456 5044; x_wconf 87' lang='lat' dir='ltr'><strong>circumscriptum.</strong></span> <span class='ocrx_word' id='word_1_757' title='bbox 3511 4972 3653 5028; x_wconf 80' lang='lat' dir='ltr'><strong>Alio-</strong></span> 
     </span>
    </p>
   </div>
   <div class='ocr_carea' id='block_1_109' title="bbox 2079 5063 3649 5151">
    <p class='ocr_par' dir='ltr' id='par_1_109' title="bbox 2079 5063 3649 5151">
     <span class='ocr_line' id='line_1_109' title="bbox 2079 5063 3649 5151; baseline -0.013 -15"><span class='ocrx_word' id='word_1_758' title='bbox 2079 5082 2210 5151; x_wconf 88' lang='lat' dir='ltr'><strong>quin</strong></span> <span class='ocrx_word' id='word_1_759' title='bbox 2243 5080 2358 5149; x_wconf 86' lang='lat' dir='ltr'><strong>ipsa</strong></span> <span class='ocrx_word' id='word_1_760' title='bbox 2415 5076 2581 5131; x_wconf 85' lang='lat' dir='ltr'><strong>etiam</strong></span> <span class='ocrx_word' id='word_1_761' title='bbox 2633 5070 3049 5143; x_wconf 84' lang='lat' dir='ltr'><strong>compositionis</strong></span> <span class='ocrx_word' id='word_1_762' title='bbox 3098 5069 3252 5123; x_wconf 90' lang='lat' dir='ltr'><strong>notio</strong></span> <span class='ocrx_word' id='word_1_763' title='bbox 3297 5063 3649 5121; x_wconf 87' lang='lat' dir='ltr'><strong>circumscri-</strong></span> 
     </span>
    </p>
   </div>
   <div class='ocr_carea' id='block_1_110' title="bbox 2076 5160 3643 5245">
    <p class='ocr_par' dir='ltr' id='par_1_110' title="bbox 2076 5160 3643 5245">
     <span class='ocr_line' id='line_1_110' title="bbox 2076 5160 3643 5245; baseline -0.013 -17"><span class='ocrx_word' id='word_1_764' title='bbox 2076 5173 2313 5245; x_wconf 88' lang='lat' dir='ltr'><strong>ptionem</strong></span> <span class='ocrx_word' id='word_1_765' title='bbox 2356 5168 2512 5225; x_wconf 80' lang='lat' dir='ltr'><strong>nobis</strong></span> <span class='ocrx_word' id='word_1_766' title='bbox 2542 5179 2765 5235; x_wconf 83' lang='lat' dir='ltr'><strong>prorsus</strong></span> <span class='ocrx_word' id='word_1_767' title='bbox 2803 5169 3180 5232; x_wconf 64' lang='lat' dir='ltr'><strong>repraesentat.</strong></span> <span class='ocrx_word' id='word_1_768' title='bbox 3221 5160 3313 5214; x_wconf 87' lang='lat' dir='ltr'><strong>Sic</strong></span> <span class='ocrx_word' id='word_1_769' title='bbox 3335 5170 3643 5226; x_wconf 87' lang='lat' dir='ltr'><strong>usquequa-</strong></span> 
     </span>
    </p>
   </div>
   <div class='ocr_carea' id='block_1_111' title="bbox 2081 5253 3640 5337">
    <p class='ocr_par' dir='ltr' id='par_1_111' title="bbox 2081 5253 3640 5337">
     <span class='ocr_line' id='line_1_111' title="bbox 2081 5253 3640 5337; baseline -0.01 -16"><span class='ocrx_word' id='word_1_770' title='bbox 2081 5281 2187 5337; x_wconf 90' lang='lat' dir='ltr'><strong>que</strong></span> <span class='ocrx_word' id='word_1_771' title='bbox 2211 5275 2266 5321; x_wconf 86' lang='lat' dir='ltr'><strong>et</strong></span> <span class='ocrx_word' id='word_1_772' title='bbox 2293 5272 2455 5319; x_wconf 67' lang='lat' dir='ltr'><strong>rectae</strong></span> <span class='ocrx_word' id='word_1_773' title='bbox 2475 5259 2736 5317; x_wconf 72' lang='lat' dir='ltr'><strong>doctrinae</strong></span> <span class='ocrx_word' id='word_1_774' title='bbox 2757 5267 2809 5311; x_wconf 86' lang='lat' dir='ltr'><strong>et</strong></span> <span class='ocrx_word' id='word_1_775' title='bbox 2832 5255 2935 5326; x_wconf 85' lang='lat' dir='ltr'><strong>ipsi</strong></span> <span class='ocrx_word' id='word_1_776' title='bbox 2971 5253 3077 5309; x_wconf 87' lang='lat' dir='ltr'><strong>sibi</strong></span> <span class='ocrx_word' id='word_1_777' title='bbox 3108 5264 3409 5323; x_wconf 86' lang='lat' dir='ltr'><strong>repugnare</strong></span> <span class='ocrx_word' id='word_1_778' title='bbox 3439 5262 3640 5317; x_wconf 49' lang='lat' dir='ltr'><strong>cogito.</strong></span> 
     </span>
    </p>
   </div>
   <div class='ocr_carea' id='block_1_112' title="bbox 2081 5339 3661 5422">
    <p class='ocr_par' dir='ltr' id='par_1_112' title="bbox 2081 5339 3661 5422">
     <span class='ocr_line' id='line_1_112' title="bbox 2081 5339 3661 5422; baseline -0.011 -11"><span class='ocrx_word' id='word_1_779' title='bbox 2081 5358 2272 5411; x_wconf 84' lang='lat' dir='ltr'><strong>scitur.</strong></span> <span class='ocrx_word' id='word_1_780' title='bbox 2314 5353 2493 5422; x_wconf 84' lang='lat' dir='ltr'><strong>Atque</strong></span> <span class='ocrx_word' id='word_1_781' title='bbox 2522 5351 2637 5405; x_wconf 64' lang='lat' dir='ltr'><strong>haec</strong></span> <span class='ocrx_word' id='word_1_782' title='bbox 2662 5349 2922 5402; x_wconf 80' lang='lat' dir='ltr'><strong>adversus</strong></span> <span class='ocrx_word' id='word_1_783' title='bbox 2971 5344 3141 5412; x_wconf 83' lang='lat' dir='ltr'><strong>ipsius</strong></span> <span class='ocrx_word' id='word_1_784' title='bbox 3192 5354 3472 5395; x_wconf 85' lang='lat' dir='ltr'><strong>sermones</strong></span> <span class='ocrx_word' id='word_1_785' title='bbox 3509 5339 3661 5394; x_wconf 68' lang='lat' dir='ltr'><strong>dicta</strong></span> 
     </span>
    </p>
   </div>
   <div class='ocr_carea' id='block_1_113' title="bbox 2081 5432 3663 5517">
    <p class='ocr_par' dir='ltr' id='par_1_113' title="bbox 2081 5432 3663 5517">
     <span class='ocr_line' id='line_1_113' title="bbox 2081 5432 3663 5517; baseline -0.012 -13"><span class='ocrx_word' id='word_1_786' title='bbox 2081 5458 2242 5506; x_wconf 84' lang='lat' dir='ltr'><strong>sunto</strong></span> <span class='ocrx_word' id='word_1_787' title='bbox 2286 5446 2425 5517; x_wconf 75' lang='lat'><strong>(57).</strong></span> <span class='ocrx_word' id='word_1_788' title='bbox 2466 5441 2692 5497; x_wconf 85' lang='lat' dir='ltr'><strong>Videtur</strong></span> <span class='ocrx_word' id='word_1_789' title='bbox 2739 5439 2885 5493; x_wconf 91' lang='lat' dir='ltr'><strong>enim</strong></span> <span class='ocrx_word' id='word_1_790' title='bbox 2955 5437 3003 5491; x_wconf 89' lang='lat' dir='ltr'><strong>is</strong></span> <span class='ocrx_word' id='word_1_791' title='bbox 3045 5433 3251 5490; x_wconf 84' lang='lat' dir='ltr'><strong>Christi</strong></span> <span class='ocrx_word' id='word_1_792' title='bbox 3333 5432 3663 5503; x_wconf 81' lang='lat' dir='ltr'><strong>mysterium</strong></span> 
     </span>
    </p>
   </div>
   <div class='ocr_carea' id='block_1_114' title="bbox 2079 5525 3655 5615">
    <p class='ocr_par' dir='ltr' id='par_1_114' title="bbox 2079 5525 3655 5615">
     <span class='ocr_line' id='line_1_114' title="bbox 2079 5525 3655 5615; baseline -0.015 -14"><span class='ocrx_word' id='word_1_793' title='bbox 2079 5542 2295 5615; x_wconf 88' lang='lat' dir='ltr'><strong>assequi</strong></span> <span class='ocrx_word' id='word_1_794' title='bbox 2334 5544 2518 5594; x_wconf 88' lang='lat' dir='ltr'><strong>mente</strong></span> <span class='ocrx_word' id='word_1_795' title='bbox 2563 5546 2838 5606; x_wconf 85' lang='lat' dir='ltr'><strong>sperasse,</strong></span> <span class='ocrx_word' id='word_1_796' title='bbox 2878 5529 2971 5601; x_wconf 90' lang='lat' dir='ltr'><strong>qui</strong></span> <span class='ocrx_word' id='word_1_797' title='bbox 3021 5542 3087 5582; x_wconf 88' lang='lat' dir='ltr'><strong>ne</strong></span> <span class='ocrx_word' id='word_1_798' title='bbox 3135 5525 3223 5580; x_wconf 88' lang='lat' dir='ltr'><strong>illa</strong></span> <span class='ocrx_word' id='word_1_799' title='bbox 3267 5525 3487 5596; x_wconf 89' lang='lat' dir='ltr'><strong>quidem</strong></span> <span class='ocrx_word' id='word_1_800' title='bbox 3534 5537 3655 5594; x_wconf 73' lang='lat' dir='ltr'><strong>qua:</strong></span> 
     </span>
    </p>
   </div>
   <div class='ocr_carea' id='block_1_115' title="bbox 473 5779 3653 5871">
    <p class='ocr_par' dir='ltr' id='par_1_115' title="bbox 473 5779 3653 5871">
     <span class='ocr_line' id='line_1_115' title="bbox 473 5779 3653 5871; baseline -0.006 -18"><span class='ocrx_word' id='word_1_801' title='bbox 473 5797 585 5871; x_wconf 72' lang='lat' dir='ltr'><strong>(Si)</strong></span> <span class='ocrx_word' id='word_1_802' title='bbox 614 5798 688 5855; x_wconf 86' lang='lat' dir='ltr'><strong>De</strong></span> <span class='ocrx_word' id='word_1_803' title='bbox 710 5798 1124 5870; x_wconf 82' lang='lat' dir='ltr'><strong>circumscripto</strong></span> <span class='ocrx_word' id='word_1_804' title='bbox 1151 5807 1206 5855; x_wconf 90' lang='lat' dir='ltr'><strong>et</strong></span> <span class='ocrx_word' id='word_1_805' title='bbox 1287 5796 1767 5868; x_wconf 81' lang='lat' dir='ltr'><strong>incircumscripto</strong></span> <span class='ocrx_word' id='word_1_806' title='bbox 1793 5796 1880 5852; x_wconf 82' lang='lat' dir='ltr'><strong>diu</strong></span> <span class='ocrx_word' id='word_1_807' title='bbox 1920 5796 2158 5868; x_wconf 79' lang='lat' dir='ltr'><strong>loquitur</strong></span> <span class='ocrx_word' id='word_1_808' title='bbox 2187 5793 2349 5852; x_wconf 83' lang='lat' dir='ltr'><strong>etiam</strong></span> <span class='ocrx_word' id='word_1_809' title='bbox 2380 5792 2698 5848; x_wconf 81' lang='lat' dir='ltr'><strong>Theodorus</strong></span> <span class='ocrx_word' id='word_1_810' title='bbox 2767 5785 2978 5842; x_wconf 66' lang='lat' dir='ltr'><strong>Studita</strong></span> <span class='ocrx_word' id='word_1_811' title='bbox 3036 5782 3090 5840; x_wconf 90' lang='lat' dir='ltr'><strong>in</strong></span> <span class='ocrx_word' id='word_1_812' title='bbox 3145 5780 3260 5852; x_wconf 71' lang='lat' dir='ltr'><strong>pati</strong></span> <span class='ocrx_word' id='word_1_813' title='bbox 3287 5796 3453 5851; x_wconf 80' lang='lat' dir='ltr'><strong>opere</strong></span> <span class='ocrx_word' id='word_1_814' title='bbox 3503 5779 3653 5835; x_wconf 76' lang='lat' dir='ltr'><strong>edito</strong></span> 
     </span>
    </p>
   </div>
  </div>
