4050 6478
902 359 917 389 Ι

407 422 510 485 907

1439 432 1497 492 S.
1536 431 1951 493 NICEPHORI
1994 428 2499 491 PATRIARCHKE
2538 429 2643 487 ΕΡ.

3599 424 3709 487 338

405 544 532 587 ante
566 535 728 602 pedes
775 542 903 589 sunt
959 533 1109 590 novit
1154 543 1247 590 aut
1281 530 1461 593 videt.
1495 539 1672 596 Semel
1723 542 1923 611 quippe
1990 554 2018 592 a
2065 546 2210 593 recta
2266 536 2519 606 regiaque
2566 535 2650 588 via
2714 534 2927 602 devius.
2997 537 3061 590 ad
3116 536 3352 592 declivia
3413 532 3706 604 utrimque

406 624 705 696 prmcipitia
744 624 1011 683 defertur.

480 715 605 771 Vult
635 732 762 787 ergo
792 717 1070 773 auditores
1104 731 1238 774 suos
1266 721 1529 777 orationis
1562 724 1611 777 vi
1653 722 1981 791 compulsos,

2161 719 2423 774 Βοὺλεται
2459 716 2554 774 οὖν
2585 721 2713 784 τοὺς
2745 718 3131 790 ἀκροωμένους
3157 718 3265 772 ὑπὸ
3298 718 3410 788 τῆς
3442 716 3709 789 ἀνάγκης

406 824 470 861 οι
503 807 715 862 duabus
750 824 913 863 unam
945 817 1248 879 prawptare
1296 812 1645 866 sententiam.
1692 814 1798 866 Aut
1841 813 1986 866 enim

407 898 688 953 Christum
718 902 1025 969 pingentes,
1059 899 1112 955 in
1143 900 1338 970 duplex
1372 911 1430 955 ut
1463 904 1675 959 videtur
1706 912 1988 973 peccatum

409 992 727 1047 Necessario
762 993 1080 1061 incurrent;
1129 1008 1319 1062 nempe
1353 994 1435 1049 vel
1495 994 1652 1049 simul
1685 1011 1811 1051 eum
1855 996 1991 1049 ima-

411 1084 538 1150 gine
566 1084 822 1139 deitatem
853 1084 1326 1149 circumscribent,
1364 1096 1583 1155 promer
1613 1088 1848 1158 unicamI
1864 1102 1988 1158 per-

413 1192 602 1229 sonam
630 1192 750 1245 qua:
772 1191 836 1230 ex
865 1177 1179 1245 duplicitate
1217 1176 1296 1244 fit,
1322 1187 1381 1232 ut
1413 1180 1486 1233 ait
1532 1197 1545 1233 :
1586 1179 1668 1233 vel
1693 1176 1989 1249 simplicem

414 1264 790 1319 tantummodo
826 1265 1098 1321 hominem
1129 1266 1410 1321 Christum
1446 1270 1806 1338 reputabunt,
1832 1278 1884 1324 et
1915 1271 1993 1325 sic

411 1358 647 1413 Nestoril
676 1359 915 1412 vesania;
942 1360 1309 1415 consentient.
1338 1361 1441 1415 Aut
1474 1362 1517 1414 si
1542 1362 1655 1416 lucc
1682 1361 1855 1417 vitare
1878 1371 1994 1416 stu-

413 1451 563 1512 dent,
600 1450 823 1505 omnino
858 1451 1138 1506 Christum
1173 1451 1400 1521 pingere
1432 1462 1688 1518 caveant;
1732 1462 1894 1522 atque
1922 1455 1993 1505 ita

371 1535 468 1594 'iu
512 1557 738 1610 pravum
790 1541 1056 1596 Mamertae
1104 1543 1298 1613 dogma
1342 1544 1657 1609 incurrent,
1699 1545 1751 1599 id
1802 1554 1887 1598 est
1939 1545 1993 1596 in

415 1635 750 1688 mntrariam
785 1635 1287 1704 phantasiastarum
1332 1646 1541 1691 sectam
1564 1677 1579 1702 ,
1613 1638 1705 1707 qui
1753 1636 1996 1691 funditus

415 1724 653 1779 veritate
678 1725 1033 1790 exciderunt;
1064 1727 1153 1781 cui
1186 1735 1366 1783 tamen
1405 1728 1522 1797 ipse
1552 1730 1713 1783 secta:
1743 1745 1847 1783 non
1877 1728 1997 1783 sine

415 1817 645 1871 ardente
695 1817 877 1871 studio
923 1817 1192 1884 adhaeret;
1241 1819 1510 1888 siquidem
1551 1834 1627 1881 εχ
1682 1815 1996 1888 duplicitate

303 1970 320 1986 .
414 1906 633 1974 quidem
663 1904 918 1974 afﬁrmat,
945 1908 995 1961 iu
1017 1906 1336 1978 duplicitate
1364 1918 1567 1972 tamen,
1597 1904 1648 1962 id
1674 1917 1755 1962 cst
1779 1908 1830 1960 in
1864 1906 1997 1959 dua-

415 1998 518 2051 Itus
546 1997 780 2062 naturis,
806 1996 1084 2052 Christum
1110 1999 1381 2053 exsistere
1410 2013 1633 2066 prorsus
1668 2007 1829 2068 negat
1856 1997 1990 2068 (58).

414 2088 597 2157 Atque
635 2088 711 2143 ita
769 2103 876 2144 uno
910 2089 1103 2143 saltem
1159 2090 1317 2144 modo
1356 2090 1553 2145 divina:
1603 2090 1999 2145 incarnationis
2031 2068 2071 2121 Β

418 2180 666 2233 doctrina
715 2180 1106 2249 corrumpitur.
1154 2181 1396 2248 Quorum
1449 2182 1731 2236 hominum
1786 2180 1999 2250 fugiens

418 2268 786 2325 absurditates
808 2268 1077 2339 Ecclesia,
1106 2282 1160 2325 et
1186 2272 1238 2324 in
1267 2271 1580 2325 alterutram
1617 2279 1824 2340 partem
1851 2273 2000 2325 clau-

419 2361 605 2416 dit-are
645 2360 906 2417 divinitus
936 2362 1130 2428 vitans,
1166 2362 1507 2433 mediamque
1539 2372 1593 2418 et
1624 2373 1825 2418 rectam
1857 2364 1998 2415 viam

422 2469 649 2519 tenens,
681 2455 771 2509 uni
803 2454 1049 2509 adlimret
1080 2457 1329 2520 veritati,
1371 2455 1675 2511 orthodoxe
1715 2455 1999 2524 religioSea

362 2564 365 2567 λ
419 2561 526 2611 que
554 2545 759 2599 Christi
788 2545 1151 2600 oeconomiam
1173 2547 1440 2602 confitens
1464 2557 1624 2616 atque
1645 2547 1996 2615 amplectens.

420 2634 540 2690 Jam
574 2651 709 2691 vero
737 2637 829 2705 qui
856 2636 947 2690 illa
981 2636 1333 2708 dogmatizat,
1372 2638 1511 2692 idem
1538 2639 1819 2693 evidenter
1848 2637 1999 2703 facit,

425 2741 491 2781 uc
525 2728 569 2781 si
603 2727 726 2797 quis
758 2741 824 2780 ex
861 2742 1050 2791 aureo,
1086 2728 1237 2782 verbi
1272 2728 1442 2794 gratia
1466 2768 1480 2792 ,
1520 2728 1701 2797 sigillo
1735 2728 1915 2795 plures
1948 2727 2000 2781 in

425 2835 548 2876 cera
581 2820 970 2889 impressiones
990 2821 1212 2877 elTectas
1243 2821 1451 2883 videns,
1475 2835 1596 2875 mox
1626 2818 2000 2895 contenderet,

364 2928 373 2939 ι
423 2913 508 2966 vel
559 2926 753 2966 aurum
803 2926 942 2966 certe
988 2924 1304 2967 concretum
1354 2928 1475 2966 esse
1518 2921 1572 2966 et
1611 2914 1958 2967 commistum
1987 2955 2001 2978 ,

424 3007 554 3060 dum
596 3004 949 3072 charagmata
979 3005 1348 3072 exprimeret;
1383 3004 1466 3058 vel
1499 3003 1721 3058 omnino
1756 3004 2001 3059 incusam

422 3095 480 3150 ιιι
522 3097 700 3166 sigillo
739 3097 1066 3167 scripturam
1120 3097 1189 3151 ab
1230 3095 1321 3151 illo
1374 3097 1540 3152 dividi
1601 3112 1665 3152 ac
1699 3097 2003 3165 dispertiri.

425 3186 523 3243 Vel
556 3191 601 3243 si
643 3189 766 3259 quis
803 3190 981 3258 ignem
1029 3187 1320 3260 figuratum
1357 3190 1627 3258 aspiciens
1652 3230 1667 3255 ,
1702 3187 2005 3255 cuiusmodi

425 3296 569 3349 saepe
618 3280 868 3336 videmus
902 3288 1051 3336 rotas
1093 3280 1357 3351 quasdam
1411 3282 1600 3350 igneas
1640 3281 2007 3348 ardentesque

2089 812 2198 867 τῶν
2229 813 2403 880 λόγων
2442 812 2741 882 ἠγμένους,
2785 812 2933 864 δυοῖν
2966 811 3186 865 ἑλέσθαι
3232 812 3292 864 τὸ
3344 811 3581 882 ἕτερον.
3632 812 3707 864 Ἢ

2089 902 2198 975 γὰρ
2236 904 2551 974 γράφοντας
2597 903 2689 957 τὸν
2728 903 2985 974 Χριστὸν,
3035 904 3485 974 ἀναγκασθῆναι,
3525 904 3709 976 διπλῷ

2088 996 2167 1066 τῷ
2204 996 2446 1049 δοκοῦντι
2478 998 2795 1066 περιπεσεῖν
2822 996 3202 1068 ἁμαρτήματι·
3233 996 3361 1067 ἦτοι
3414 1014 3706 1065 συμπερι-

2091 1089 2325 1158 γράφειν
2352 1087 2412 1139 τὸ
2451 1085 2605 1139 Θεῐον
2652 1088 2718 1157 τῇ
2764 1087 2970 1146 εἰκόνι,
3003 1085 3093 1139 διὰ
3142 1084 3204 1138 τὸ
3250 1085 3311 1138 ἓν
3365 1084 3705 1156 πρόσωπον,

2090 1180 2226 1248 ὅπερ
2273 1179 2338 1231 ἐκ
2373 1176 2724 1247 διπλότητος,
2776 1178 2852 1242 ὣς
2898 1195 3084 1248 φησιν,
3134 1177 3304 1230 ἐστίν’
3366 1176 3501 1248 ἦτοι
3547 1172 3708 1245 ψιλόν

2096 1268 2255 1339 μόνον
2285 1267 2573 1335 ἄνθρωπον
2596 1267 2835 1321 νοεῖσθαι
2859 1268 2949 1320 τὸν
2976 1267 3232 1338 Χριστὸν,
3263 1266 3366 1322 καὶ
3395 1267 3469 1337 τῇ
3495 1265 3709 1318 Νεστο-

2097 1356 2212 1427 ρίου
2240 1356 2615 1428 συμφέρεσθαι
2643 1356 3064 1428 φρενοὸλαδείᾳ.
3100 1359 3171 1410 Ἦ
3194 1356 3380 1411 ταῦτα
3404 1356 3707 1427 διαφυγεῖν

2094 1446 2475 1518 αἱρουμένους,
2511 1448 2586 1519 μὴ
2622 1452 2857 1520 γράφειν
2897 1448 3081 1514 αὐτὸν,
3115 1448 3202 1501 ἵνα
3231 1451 3297 1519 τῇ
3336 1447 3571 1501 ἐκείνου
3608 1464 3706 1500 κα-

2094 1541 2313 1613 κοδοξίᾳ
2339 1541 2713 1613 περιπέσοιεψ
2748 1540 2946 1594 ταύτὸν
2969 1540 3026 1593 δὲ
3047 1542 3242 1603 εἰπεῖν,
3267 1542 3335 1611 τῇ
3373 1538 3705 1609 φαντασιὼο

2093 1635 2171 1689 δει
2203 1635 2296 1687 καὶ
2330 1633 2609 1701 ἀντιπάλῳ
2637 1635 2823 1705 μοὲρα,
2858 1633 2967 1685 τῶν
2990 1636 3052 1686 ὲκ
3078 1632 3382 1703 διαμέτρου
3414 1631 3571 1698 λέγω
3601 1630 3704 1700 τῆς

2095 1726 2357 1794 ἀληθείας
2386 1725 2840 1794 ἀποσφαλέντων,
2879 1720 2946 1797 ἧς
2978 1724 3098 1788 ὅλος
3148 1723 3377 1797 θερμῶς
3434 1723 3701 1792 περιεχόο

2099 1834 2260 1886 μενος
2294 1818 2525 1885 γίνεται,
2560 1816 2621 1869 τὸ
2654 1817 2752 1886 μὲν
2776 1819 2839 1869 ὲκ
2866 1816 3188 1885 διπλότητος
3216 1815 3427 1881 λέγων,
3461 1813 3526 1867 τὸ
3550 1813 3610 1866 δὲ
3645 1816 3704 1866 ἐν

2097 1908 2397 1978 διπλότητι,
2439 1909 2611 1978 ἤγουν
2637 1909 2697 1961 ἐν
2727 1907 2852 1961 δυσὶ
2880 1908 3075 1976 φύσεσι
3115 1907 3207 1960 τον
3235 1906 3489 1977 Χριστὸν
3519 1899 3664 1958 εἶναι
3685 1947 3700 1968 ,

2099 1988 2376 2070 τῖανταχοῦ
2410 1999 2865 2070 παραιτούμενος.
2900 2000 3009 2052 Καὶ
3048 1998 3222 2061 οὕτως
3252 1997 3312 2063 ἐξ
3345 1996 3474 2058 ἑνός
3512 2012 3578 2063 γε
3608 1993 3702 2047 τοῦ

2098 2092 2299 2160 τρόπου
2323 2091 2351 2143 ό
2371 2094 2469 2160 τῆς
2493 2090 2645 2154 θείας
2673 2090 3001 2158 σαρκώσεως
3029 2088 3496 2160 παραδλὰπτοιτο
3518 2084 3699 2153 λόγος.

2099 2174 2312 2250 Ὦνπερ
2357 2181 2391 2249 ἡ
2431 2181 2728 2250 Ἐκκλησία
2755 2180 3093 2249 διαφυγοῦσα
3122 2180 3190 2233 τὰ
3218 2180 3404 2234 ἄτοπα
3430 2219 3446 2243 ,
3479 2176 3581 2233 καὶ
3604 2176 3704 2247 τὴν
3732 2182 3739 2187 ⁷

2101 2272 2192 2325 ἐπὶ
2218 2272 2421 2341 θάτερα
2461 2269 2786 2342 θεοπρεπῶς
2815 2271 3180 2342 παρατροπὴν
3211 2269 3527 2323 ὲκκλίνασα
3551 2309 3566 2333 ,
3605 2266 3702 2322 καὶ

2100 2366 2200 2434 τὴν
2233 2366 2404 2434 μέσην
2434 2361 2625 2434 ὥσπερ
2667 2364 2759 2417 καὶ
2805 2365 2924 2417 κατ’
2959 2362 3089 2416 εὐθὺ
3136 2363 3292 2416 ἰοῦσα
3331 2362 3482 2424 ὀδδιν,
3532 2361 3702 2432 μόνης

2101 2456 2286 2527 ἔχεται
2314 2450 2416 2525 τῆς
2464 2454 2759 2526 ἀληθείας,
2807 2444 3105 2526 δρθοδόξως
3155 2454 3250 2507 καὶ
3295 2451 3557 2515 εὐσεϐῶς
3601 2450 3700 2522 τὴν

2104 2547 2246 2601 κατὰ
2294 2546 2530 2618 Χριστὸν
2585 2545 2903 2615 οἰκονομίαν
2935 2546 3275 2616 ὁμολογοῦσα
3307 2563 3369 2599 τε
3409 2546 3509 2599 καί¹
3542 2560 3701 2614 περι-

2107 2645 2333 2694 έπουσα.
2353 2638 2524 2693 ’Λλλὰ
2554 2638 2726 2692 ταῦτα
2758 2640 3106 2707 δογματίζων
3134 2638 3292 2707 δῆλός
3323 2639 3483 2690 ἐστιν
3512 2638 3700 2706 ὅμοιόν

2104 2752 2156 2787 τι
2183 2733 2371 2797 ποιῶν,
2400 2732 2473 2795 ὡς
2509 2732 2562 2785 εί
2591 2748 2675 2795 τις
2726 2731 2850 2785 ἰδὼν
2877 2731 3148 2801 δακτυλίῳ
3178 2730 3373 2802 χρυσῷ
3395 2771 3411 2796 ,
3452 2730 3591 2800 φέρε
3620 2729 3697 2781 εἰ-

2108 2828 2252 2889 πεῖν,
2303 2825 2766 2896 ὲκσφραγίσματα
2811 2822 3033 2877 πλείονα
3071 2824 3128 2876 ὲν
3174 2821 3333 2893 κηρῷ
3379 2817 3696 2875 ἀποτυποῦ-

2111 2936 2249 2988 μενα
2280 2958 2295 2982 ,
2330 2918 2580 2971 ἐνίστατο
2612 2915 2810 2983 λέγων,
2844 2915 2877 2984 ἢ
2913 2915 3005 2967 τὸν
3036 2914 3240 2985 χρυσὸν
3268 2913 3352 2984 τῷ
3377 2913 3541 2985 κηρῷ
3570 2926 3699 2966 συν-

2107 3007 2518 3076 ανακεκρᾶσθαι
2547 3007 2639 3058 καὶ
2663 3005 3136 3076 συναναμεμίχθαι
3177 3005 3701 3075 ὲναποματτόμενον

2107 3100 2177 3154 τὰ
2225 3100 2578 3169 χαράγματα,
2625 3097 2657 3168 ἢ
2706 3098 2922 3161 πάντως
2953 3115 3015 3167 γε
3058 3097 3155 3169 τὴν
3198 3095 3699 3168 ἐγκεχαραγμένην

2109 3194 2167 3243 ἐν
2205 3190 2284 3260 τῷ
2325 3189 2596 3259 δακτυλίῳ
2643 3190 2859 3261 γραφὴν
2902 3189 3210 3243 διίστασθαι
3262 3189 3364 3242 ἀπ’
3406 3188 3577 3242 αὐτοῦ
3606 3186 3698 3240 καὶ

2114 3281 2454 3353 μερίζεσθαι.
2493 3278 2563 3333 Ἢ
2595 3281 2669 3344 ὡς
2696 3280 2761 3334 ἄν
2786 3282 2958 3344 τιςντὸ
2992 3280 3104 3349 πῦρ
3128 3270 3539 3350 εἰκονιζόμενον
3573 3280 3696 3332 θεά·

424 3370 676 3426 ﬂammas
724 3387 827 3425 una
876 3386 1001 3425 cum
1056 3370 1368 3425 clteruhiuis
1424 3371 1632 3439 pictas,
1671 3385 1775 3440 qua
1831 3370 2006 3423 forma

2114 3380 2286 3438 σοιτο,
2321 3372 2463 3426 καθὰ
2509 3368 2770 3437 πολλάκις
2799 3372 3019 3443 ὁρῶμεν
3051 3373 3280 3442 τροχούς
3302 3389 3467 3435 τινας
3510 3367 3696 3441 πυρώ-
3802 3360 3803 3369 “

426 3462 666 3529 tltCOlOgi
704 3462 1024 3532 angelorum
1071 3461 1441 3530 apparitiones
1473 3462 1767 3528 viderunt;
1815 3462 1882 3522 is,
1919 3461 2007 3515 itt-

2112 3469 2246 3533 δεις,
2276 3467 2368 3520 καὶ
2414 3463 2617 3535 φλόγας
2649 3464 2820 3535 πυρὸς
2865 3465 3285 3534 ἀναπτομένας,
3321 3465 3424 3517 καὶ
3463 3464 3577 3525 τοῖς
3607 3476 3696 3530 χε-

427 3567 616 3622 quam,
644 3552 863 3624 igneum
888 3566 1105 3621 quoque
1126 3553 1360 3606 calorem
1390 3552 1462 3606 ibi
1490 3562 1718 3622 prorsus
1749 3567 1872 3607 cum
1900 3565 2010 3603 ma-

429 3646 569 3700 teria
628 3644 1102 3713 circumscriptum
1173 3644 1554 3707 existimaret,
1607 3655 1703 3698 aut
1768 3642 2009 3712 separari

432 3741 613 3809 ignem
644 3752 676 3792 a
698 3751 794 3791 sua
823 3737 1042 3806 propria
1073 3736 1534 3803 substantialique
1560 3735 1821 3805 qualitate
1850 3752 2013 3806 prop-

433 3843 517 3882 ter
546 3828 950 3898 ﬁgurationem.
986 3826 1141 3882 Sicut
1169 3842 1300 3897 ergo
1334 3828 1407 3881 ita
1452 3827 1667 3896 opinari
1702 3841 1767 3881 ac
1799 3826 2008 3891 dicere,

431 3920 657 3975 stultum
691 3927 777 3973 est
814 3929 977 3987 atque
1014 3916 1375 3987 impossibile,
1411 3919 1484 3971 ita
1536 3916 1668 3972 illud
1703 3917 1925 3972 Stultius
1960 3925 2014 3970 et.

432 4011 848 4084 impossibilius.
890 4011 1033 4065 Sunt
1064 4010 1209 4063 enim
1242 4009 1327 4064 lue
1362 4007 1497 4063 fatui
1544 4010 1874 4079 attonitique
1925 4011 2013 4063 in-

432 4105 578 4172 genii
607 4104 1071 4174 despumatioues.
1109 4100 1246 4155 Nam
1284 4101 1329 4155 si
1364 4101 1619 4171 praedicta
1659 4102 1798 4157 nihil
1836 4104 1887 4155 in
1916 4116 2011 4156 sua

436 4208 631 4253 natura
675 4197 988 4268 patiuntur,
1034 4194 1305 4264 quomodo
1352 4195 1771 4262 superttaturale
1803 4207 1856 4250 et
1908 4198 2013 4249 im—

433 4291 695 4361 passibile
723 4289 957 4343 Verbum
1021 4298 1119 4342 aut
1142 4285 1624 4342 circumscribetur
1647 4302 1766 4342 cum
1796 4288 2012 4357 propria

435 4398 622 4444 carne,
650 4389 743 4436 aut
771 4380 817 4435 si
849 4381 962 4435 hate
989 4380 1264 4465 pingatur,
1303 4379 1481 4449 ipsum
1519 4378 1587 4433 ab
1616 4394 1678 4432 ea
1712 4379 2011 4443 dividetur,

435 4486 525 4531 aut
553 4474 700 4529 aliud
733 4471 1041 4542 huiusmodi
1079 4469 1447 4541 perpetietur?
1481 4469 1914 4540 quandoquidem
1950 4486 2017 4525 ne

438 4570 491 4622 iu
525 4566 875 4622 sanctissima
892 4564 1109 4634 quidem
1134 4578 1300 4618 carne
1327 4578 1447 4627 sua,
1471 4563 1556 4618 cui
1583 4562 2018 4618 substantialiter

437 4659 656 4713 unitum
687 4663 793 4722 est,
832 4655 1310 4722 circumscriptum
1346 4652 1449 4707 fuit
1491 4652 1629 4724 (59).
1662 4653 1829 4722 Atqui
1874 4654 2018 4708 hunc

2115 3556 2315 3629 ρουδίμ
2342 3556 2907 3628 συνδιαγραφομέναςο
2932 3556 3052 3611 καθ’
3085 3557 3151 3619 ἃς
3175 3559 3223 3609 οἱ
3253 3556 3506 3624 θεολόγοι
3532 3556 3696 3622 ἀγγε-

2112 3650 2400 3719 λοφανείας
2440 3642 2599 3712 εἶδον,
2640 3648 2858 3711 πάντως
2891 3648 2987 3700 καὶ
3015 3650 3117 3719 τὴν
3158 3648 3434 3720 ὲμπύριον
3482 3661 3694 3716 συμπεο

2118 3740 2482 3816 ριγεγράφθαι
2515 3734 2581 3812 τῇ
2611 3739 2713 3814 ὕλῃ
2737 3740 2877 3806 δόξει
2908 3738 3219 3811 θερμότητα
3246 3782 3260 3803 ,
3292 3738 3324 3810 ἢ
3356 3737 3696 3810 κεχωρίσθαι

2112 3834 2174 3887 τὸ
2208 3833 2317 3903 πῦρ
2346 3829 2445 3902 τῆς
2474 3831 2681 3893 οἰκείας
2709 3829 2805 3884 καὶ⁹
2841 3830 3134 3893 οὔσιώδους
3164 3829 3459 3899 ποιότητος
3500 3829 3693 3880 εἰκονι-

2115 3924 2363 3993 ζόμεκον.
2409 3923 2496 3985 Ὡς
2527 3916 2621 3974 οὖν
2652 3920 2827 3976 ταῦτα
2874 3922 3090 3992 φρονεῖν
3120 3920 3213 3974 καί⁵
3251 3918 3434 3988 λέγειν
3469 3919 3692 3987 ἀνόητον

2115 4011 2209 4066 καὶ
2235 4010 2519 4073 ἀδύνατον,
2546 4008 2902 4080 ἀνοητότερον
2930 4009 3109 4062 ἐκεῖνο
3135 4009 3229 4061 καὶ
3258 4006 3691 4076 ἀδυνατώτερον’

2115 4102 2376 4159 ἀσυνέτου
2419 4102 2527 4171 γὰρ
2579 4102 2735 4155 ταυτὶ
2783 4101 2877 4155 καὶ
2927 4100 3290 4171 ἐξεστηκυίας
3320 4100 3520 4171 φρενὸς
3557 4099 3691 4152 ἁπο-

2116 4192 2426 4263 6ράσματα.
2454 4192 2516 4243 El
2544 4189 2654 4260 γὰρ
2675 4190 2828 4243 οὐδὲν
2850 4189 2919 4243 τὰ
2952 4190 3221 4259 εἰρημένα
3251 4190 3330 4252 εἰς
3356 4188 3456 4260 τὴν
3478 4182 3686 4241 ἑαυτῶν

2116 4283 2278 4354 φύσιν
2305 4280 2553 4348 πάθοιεν,
2580 4280 2699 4343 πῶς
2727 4280 2755 4334 ὅ
2782 4297 2847 4349 γε
2891 4280 3184 4350 ὑπερφυὴς
3213 4280 3310 4333 καὶ
3342 4280 3565 4348 anget];
3597 4275 3693 4329 Λό-

2116 4392 2231 4445 γος,
2258 4373 2293 4447 ἢ
2325 4372 2917 4445 συμπεριγραφήσεται
2945 4374 3011 4443 τῇ
3045 4371 3151 4444 ἰδίᾳ
3186 4372 3374 4440 σαρκὶ,
3417 4370 3449 4442 ἢ
3490 4384 3690 4439 γραφο-

2120 4468 2288 4538 μένης
2315 4466 2664 4536 διαστήσεται
2691 4503 2707 4530 ,
2738 4463 2772 4535 ἢ
2816 4464 3004 4535 ἕτερόν
3032 4481 3087 4517 τι
3118 4464 3361 4517 τοιοῦτον
3404 4462 3652 4516 πείσεται
3672 4497 3687 4523 ,

2118 4562 2277 4632 εἴπερ
2307 4559 2429 4613 οὐδὲ
2467 4559 2525 4611 ὲν
2554 4560 2619 4631 τῇ
2652 4558 2899 4629 παναγίᾳ
2941 4556 3107 4613 αὐτοῦ
3141 4556 3308 4628 σαρκὶ
3334 4554 3393 4630 ᾗ,
3422 4552 3689 4615 οὐσιωδῶς

2117 4652 2361 4722 ἥνωται,
2408 4651 2896 4722 περιγέγραπται;
2959 4649 3163 4720 Ἐχρῆν
3214 4647 3271 4702 δὲ
3321 4647 3555 4701 συνιδεῖν
3601 4643 3690 4696 καὶ

439 4750 741 4821 sapientem
781 4747 923 4802 scire
956 4745 1243 4816 oportebat
1278 4753 1334 4798 et
1385 4742 1634 4809 credere,
1676 4742 2007 4798 Christiano-

2122 4742 2415 4797 πεπεῖσθαι
2445 4743 2537 4796 τὸν
2588 4742 2754 4813 ,σοφὸν
2790 4744 2902 4805 τοῖς
2929 4739 3273 4811 Χριστιανῶν
3318 4739 3581 4810 ἑπόμενον
3611 4734 3687 4787 δό-

440 4853 563 4892 rum
622 4836 966 4904 dogmatibus
1010 4835 1438 4900 obsequentem,
1493 4831 1738 4886 divinum
1779 4830 2016 4885 Verbum

440 4942 566 4986 cum
600 4936 773 4997 genus
794 4934 1041 4981 nostrum
1074 4924 1346 4980 redimere
1385 4938 1482 4992 per
1525 4932 1683 4979 suum
1723 4923 2018 4979 salutarem

442 5022 737 5075 adventum
769 5016 961 5080 voluit,
996 5028 1120 5071 cum
1144 5014 1430 5086 bypostasi
1459 5028 1555 5068 sua
1579 5026 1776 5069 arcane
1796 5024 1851 5067 et
1881 5012 2023 5069 inero

443 5110 681 5164 tubiliter
711 5116 879 5165 totam
915 5107 1010 5162 toti
1044 5106 1149 5162 sibi
1181 5106 1325 5161 hanc
1348 5106 1816 5174 circumscriptam
1846 5104 2022 5159 linea-

445 5208 661 5272 Iemque
694 5211 937 5257 nosu'am
968 5212 1035 5253 ac
1069 5198 1356 5268 figuratam
1387 5204 1638 5251 naturam
1668 5197 2019 5259 adunavisse,

445 5309 567 5362 qua:
595 5292 762 5348 etiam
795 5297 920 5361 post
954 5289 1385 5359 assumptionem
1419 5287 1838 5356 circumscripta
1874 5295 1931 5341 et
1957 5286 2022 5339 li-

447 5385 620 5442 nealis
654 5391 913 5455 perpetuo
942 5392 1319 5437 conservatur.
1349 5379 1487 5434 Nam
1519 5380 1619 5435 nisi
1656 5382 1757 5435 hoc
1786 5380 2025 5434 circum-

450 5476 712 5545 scriptum
744 5489 946 5543 corpus
984 5481 1321 5544 assumptum
1357 5471 1569 5540 fuisset,
1601 5486 1704 5527 non
1736 5480 1881 5527 esset
1909 5470 2019 5526 sal-

455 5629 719 5679 adversus
783 5623 1192 5679 lconomacltos.
1233 5619 1344 5678 Nos
1390 5637 1519 5694 vero
1570 5623 1837 5690 laetamur,
1882 5627 2025 5694 quod

455 5694 619 5764 hujus
653 5707 870 5761 quoque
919 5693 1310 5764 sapientissimi
1350 5693 1530 5764 piique
1590 5696 1836 5750 auctoris
1887 5693 2021 5748 nova

454 5762 662 5831 aliQuot
691 5765 897 5830 scripta
926 5762 979 5817 in
1010 5762 1092 5816 his
1122 5764 1323 5819 nostris
1352 5762 1721 5819 voluminibus
1759 5764 2023 5833 prolaturi

455 5844 663 5896 Sumus.

2123 4851 2354 4907 γμασιν,
2381 4836 2465 4888 ὅτι
2492 4851 2599 4906 περ
2643 4835 2672 4886 ό
2719 4833 2861 4896 θεῖος
2899 4831 3072 4899 Λόγος
3098 4829 3276 4883 σῶσαι
3307 4829 3370 4882 τὸ
3397 4827 3520 4881 καθ’
3548 4823 3688 4894 ἡμᾶς

2123 4929 2280 4997 γένος
2306 4927 2394 4981 διὰ
2422 4927 2524 4997 τῆς
2566 4927 2838 4997 σωτηρίου
2879 4922 3047 4979 αὑτοῦ
3083 4924 3409 4993 ἐπιφανείας
3440 4918 3688 4992 βουλόμε-

2127 5036 2235 5086 νος,
2266 5021 2325 5072 ὲν
2350 5021 2416 5090 τῇ
2449 5019 2646 5073 ἑαυτοῦ
2675 5017 2970 5072 ὑποστάσει
2996 5018 3257 5089 ἀρρήτως
3284 5015 3389 5093 καὶ
3422 5014 3562 5082 ὑπὲρ
3603 5007 3684 5062 λό-

2129 5118 2247 5174 γον,
2274 5105 2403 5177 ὃλην
2445 5108 2552 5177 ὅλῳ
2578 5105 2757 5178 ἑαυτῷ
2801 5108 2903 5176 τὴν
2957 5104 3344 5177 περιγραπτὴν
3386 5104 3450 5173 δὴ
3493 5100 3687 5168 ταύτην

2128 5199 2223 5252 καὶ
2250 5197 2503 5269 γραπτὴν
2531 5198 2691 5269 ἡμῶν
2718 5197 2880 5268 φύσιν
2908 5195 3014 5251 καϊ
3040 5196 3447 5266 εἰκονιξομένην
3477 5206 3686 5265 προσει-

2126 5280 2316 5359 ληφῶς
2351 5289 2580 5358 ἥνωσεν,
2614 5290 2737 5361 ἥτις
2769 5291 2864 5342 καὶ
2893 5289 3032 5359 μετὰ
3080 5287 3179 5361 τὴν
3209 5286 3512 5359 πρόσληψιν
3540 5296 3687 5349 mpl-

2128 5381 2447 5453 γραφομένη
2495 5380 2592 5434 καὶ
2632 5382 2956 5452 γραφομένη
2999 5382 3080 5444 εἰς
3120 5380 3208 5434 ἀεὶ
3250 5378 3589 5443 διασώζεται.
3626 5370 3683 5423 Et

2125 5473 2232 5545 γὰρ
2266 5471 2329 5528 τὸ
2356 5473 2732 5546 περιγραπτὺν
2770 5473 2933 5527 τοῦτο
2966 5471 3125 5543 σῶμα
3154 5471 3216 5525 οὐ
3268 5468 3682 5544 προσείληπται,

2201 5627 2314 5699 (58)
2344 5627 2540 5699 Recole
2566 5627 2709 5682 dicta
2741 5643 2769 5681 a
2798 5629 2954 5685 nobis
2981 5642 3034 5697 p.
3073 5627 3166 5699 54,
3197 5626 3327 5699 adn.
3362 5627 3453 5682 55.

2204 5697 2316 5770 (59)
2344 5697 2547 5770 Confer
2574 5698 3279 5770 EusebiumCaesariensem
3320 5698 3372 5751 in
3396 5704 3553 5763 opere
3583 5700 3676 5740 nt!-

2136 5767 2229 5837 per
2258 5767 2470 5823 detecto
2501 5767 2576 5821 De
2605 5767 2939 5835 theophania,
2966 5768 3061 5823 lib.
3093 5781 3178 5836 ttt,
3218 5767 3308 5823 39.
