4050 6478
402 436 514 500 300

1121 437 1748 501 ANTIltl’tHETlCUS
1802 439 1828 497 Ι
1866 437 2034 499 ADV.
2076 434 2667 497 CQNSTANTINUBI
2724 433 2936 494 COPB.

3580 421 3687 487 310

402 553 530 603 οῦδὲ
560 551 853 606 σέσωσται.
901 551 974 604 Tb
1010 552 1119 624 γὰρ
1152 551 1561 622 ἁπρόσληπτον,
1587 552 1986 625 ἀθεράπευτον,

2099 559 2298 603 ratum.
2334 546 2615 615 Siquidem
2652 545 2795 615 quo!
2839 541 3031 609 nequit
3080 539 3329 602 assumi,
3367 536 3678 592 insanabile

404 640 576 708 φασιν
599 643 648 696 οἱ
684 642 942 712 θεολόγοι.
979 639 1109 697 Εἶτα
1149 643 1401 713 ἐπιφέρει
1430 641 1676 695 τοιαῦτα.

487 851 601 914 μγ’.
640 865 659 897 ‹
691 846 855 914 Λέγει
878 846 935 900 δὲ
963 850 990 899 ὀ
1029 847 1263 916 ποιήσας
1297 844 1396 918 τήν
1427 848 1612 901 εἰκόνα
1638 847 1880 917 ἐκείνην,
1917 848 1995 903 ὅτι

404 934 582 988 εἰκὼν
633 936 728 990 τοῦ
782 937 1021 1007 Χριστοῦ
1074 941 1209 992 ἐστι.
1261 940 1373 991 Καὶ
1432 939 1493 991 τὸ
1533 940 1788 1006 Χριστός
1817 938 1995 1007 ὄνομα

405 1027 786 1095 γινώσκεται,
830 1030 912 1083 ὅτι
963 1029 1025 1082 οὗ
1069 1030 1232 1099 μόνον
1282 1029 1577 1101 ἄνθρωπον
1627 1030 1811 1101 δηλοῖ,
1859 1030 2001 1085 ἀλλὰ

404 1120 506 1172 καὶ
564 1119 719 1175 Θεόν.
783 1139 799 1172 ι
859 1122 1006 1176 Ἔδει
1059 1123 1222 1177 αὐτὸν
1271 1122 1375 1176 κᾶν
1411 1122 1542 1188 γοῦν
1586 1123 1715 1186 τοὺς
1760 1123 1999 1185 οἰκείους

403 1211 813 1280 δυσωπηθέντα
870 1214 1094 1282 λόγους,
1166 1213 1559 1268 συναισθέσθαι
1607 1214 1711 1283 τῆς
1762 1214 1999 1275 ἀτοπίας

404 1296 525 1357 τῶν
549 1305 683 1374 παρ’
716 1298 885 1358 αὑτοῦ
919 1307 1340 1377 προαγομένων.
1383 1306 1526 1359 Ἀλλ’
1552 1305 1786 1377 ἔοικενή
1818 1306 2013 1377 πλάνη.

406 1397 508 1449 καὶ
555 1396 616 1450 τὸ
645 1397 846 1466 ψεῦδος
890 1399 987 1451 καὶ
1021 1398 1200 1469 ἑαυτῷ
1239 1401 1334 1452 καὶ
1372 1401 1438 1470 τῇ
1477 1398 1712 1470 ἀληθείᾳ
1743 1398 2001 1452 ἀνθίστα-

403 1485 557 1541 σθαι.
611 1488 674 1541 Εί
709 1490 808 1559 μὲν
840 1492 950 1561 γὰρ
981 1489 1040 1543 ἓν
1072 1485 1142 1563 ἦν
1172 1491 1234 1543 τὸ
1278 1492 1343 1543 ὲκ
1372 1489 1469 1543 τοῦ
1505 1489 1772 1560 ὀνόματος
1802 1490 2000 1561 δηλού-

406 1595 601 1646 μενον,
638 1581 739 1644 τὰς
781 1582 908 1651 περὶ
935 1581 997 1636 τὸ
1035 1582 1093 1637 ἓν
1135 1580 1568 1654 ζυγομαχούσας
1596 1581 1705 1636 τῶν
1737 1583 2001 1639 ἐναντίων

404 1668 602 1736 δόξας,
654 1673 683 1724 ὁ
723 1671 1012 1744 βραϐεύων
1052 1675 1114 1727 τὸ
1157 1673 1400 1741 ἀσφαλὲς
1444 1672 1617 1727 ἐπιὼν
1655 1673 1849 1744 λόγος,
1905 1675 2000 1728 καὶ

403 1764 648 1834 γνωμῶν
688 1765 1035 1820 ταλαντεύων
1092 1768 1154 1820 τὸ
1202 1768 1591 1840 ἀμφίρροπον,
1645 1767 1882 1822 δέδωκεν
1933 1768 2000 1822 ἂν

2099 651 2183 696 cst
2207 683 2220 705 ,
2255 649 2313 694 ιιι
2348 640 2502 693 aiunt
2551 636 2807 707 theologi.
2851 634 3056 690 Deinde
3087 631 3367 687 Mamertas
3400 631 3515 685 ha-c
3557 628 3688 684 subv

2095 731 2236 801 jicit.

2174 845 2283 917 58
2321 846 2411 901 45.
2452 865 2470 896 ι
2509 844 2608 909 Qui
2665 842 2791 897 fecit
2825 840 3037 895 iconem
3074 839 3248 898 illam,
3285 837 3419 891 dicit
3468 836 3687 888 icOuem

2101 954 2223 994 csse
2268 936 2494 991 Christi.
2539 936 2703 1005 Atqui
2735 947 2932 987 nomen
2965 930 3173 987 Christi
3208 931 3415 984 scimus
3440 944 3547 981 non
3588 928 3688 979 bu-

2104 1031 2304 1085 tniuem
2333 1036 2542 1085 tantum
2576 1030 2854 1090 denotare,
2889 1026 2983 1080 sed
3023 1024 3190 1079 etiam
3224 1022 3420 1077 Deum.
3459 1039 3478 1071 ι
3513 1017 3687 1087 Opor-

2106 1130 2284 1201 tnerat
2322 1121 2485 1183 hunc,
2518 1119 2563 1174 si
2595 1134 2814 1173 suorum
2840 1127 2994 1173 certe
3021 1130 3332 1172 sermonum
3377 1120 3685 1181 respectum

2103 1214 2337 1283 aliquem
2363 1211 2662 1275 habuisset,
2688 1208 3353 1264 animadvertereillorum
3384 1220 3503 1274 qua:
3526 1212 3683 1256 antea

2102 1306 2770 1362 dixeratabsurditatem.
2825 1303 2933 1358 Sed
2981 1316 3099 1356 mos
3140 1310 3227 1357 est
3278 1296 3484 1353 erroris
3522 1303 3690 1363 atque

2103 1398 2405 1464 mendacii,
2458 1407 2514 1451 ut
2558 1397 2659 1452 sibi
2707 1394 2912 1467 pariter
2951 1409 3015 1448 ac
3059 1391 3274 1447 veritati
3324 1387 3686 1447 contradicat.

2102 1484 2237 1542 Nam
2270 1488 2314 1541 si
2352 1504 2514 1541 unmn
2559 1487 2610 1542 id
2644 1495 2789 1542 esset
2819 1484 2962 1556 quod
2998 1497 3066 1539 ex
3116 1482 3336 1536 nomine
3369 1482 3681 1542 denotatur,

2102 1589 2453 1637 contumaces
2487 1582 2703 1653 quidem
2741 1579 3178 1635 adversariorum
3216 1577 3283 1632 de
3320 1591 3429 1629 uno
3465 1574 3685 1644 opinio—

2102 1687 2222 1736 nes,
2275 1672 2520 1727 veritatis
2565 1680 2808 1751 assertor
2846 1686 3029 1726 sermo
3074 1679 3261 1725 noster
3308 1669 3582 1749 lustrans,
3636 1673 3691 1719 et

2101 1762 2494 1817 sententiarum
2548 1763 2958 1835 ambiguitatem
2993 1763 3235 1828 librans,
3270 1760 3553 1816 victoriam
3592 1773 3691 1827 po»

399 1855 511 1925 τὴν
554 1857 798 1911 νικῶσαν
826 1859 907 1928 τῷ
941 1859 1217 1931 κρείττονι
1244 1877 1258 1889 ’
1301 1860 1333 1931 ἢ
1383 1859 1569 1913 τέλεον
1615 1861 1993 1931 περιγραπτὸν

2105 1854 2228 1909 tiori
2260 1855 2610 1922 decerneret;
2636 1870 2833 1925 nempe
2859 1854 2942 1908 vel
2964 1853 3188 1910 omnino
3211 1850 3693 1919 circumscriptum

399 1945 734 2014 ἀποφαίνων
779 1949 840 2001 τὸ
892 1949 987 2014 ἓν,
1035 1950 1068 2021 ἢ
1109 1949 1295 2010 τέλεον
1335 1950 1776 2021 ἀπερίγραπτον.
1843 1951 1996 2004 Ἐπεὶ

396 2038 455 2091 δὲ
493 2038 610 2092 τῶν
660 2040 754 2094 δύο
803 2043 1022 2111 φύσεων
1073 2044 1311 2113 ὑπάρχει
1353 2043 1800 2114 παραστατικὸν,
1852 2043 1996 2098 καθὰ

399 2130 497 2182 καὶ
539 2131 708 2195 αὐτὸς
752 2132 958 2202 ἔφησε,
1001 2134 1086 2197 τίς
1135 2134 1162 2186 ὁ
1199 2133 1463 2187 κωλύσων
1497 2133 1694 2203 λόγος,
1733 2134 1809 2206 μὴ
1860 2136 1994 2188 ἑκα-

401 2218 538 2290 τέρᾳ
557 2220 768 2273 τούτων
786 2221 856 2273 τὰ
884 2224 1061 2275 οἰκεῖα
1089 2223 1185 2276 καὶ
1214 2223 1571 2294 προσήκοντα
1598 2223 1991 2293 ἀποδίδοσθαι;

399 2307 543 2361 ὥστε
575 2310 673 2362 καὶ
703 2304 948 2379 ἡνῶσθαι
983 2311 1269 2383 ἀλλήλαις,
1302 2313 1401 2366 καὶ
1433 2313 1743 2385 μηδετέραν
1772 2315 1997 2386 ἐξεστη-

396 2399 560 2454 κέναι
597 2401 708 2454 τῶν
742 2401 1020 2467 οὐσιωδῶς
1068 2404 1127 2458 ὲν
1171 2405 1367 2468 αὐταῖς
1414 2404 1845 2477 θεωρουμένων,
1900 2409 1997 2462 καὶ

391 2495 687 2564 ἀτρέπτως
721 2497 1156 2568 ἐνυπαρχουσῶν
1201 2498 1453 2567 φυσικῶν
1498 2498 1824 2571 ίδιοτήτων,
1868 2502 1994 2572 μηδ’

393 2580 464 2638 αὗ
514 2585 840 2656 διαιρεῖσθαι
873 2586 953 2658 τῷ
982 2588 1066 2649 είς
1104 2587 1350 2659 ἀλλήλας
1379 2587 1711 2658 ἀσυγχύτως
1750 2605 1996 2659 περιχω-

397 2680 537 2748 ρεῖν.
586 2679 649 2731 Et
702 2679 813 2749 γὰρ
864 2681 995 2752 περὶ
1045 2680 1246 2735 ταυτὸν
1290 2680 1662 2752 ἄμφω,ιάλλ’
1696 2683 1797 2734 οὐκ
1826 2681 1995 2752 ἄμφω

393 2768 600 2835 ταῦτα,
630 2769 820 2841 ὥσπερ
857 2770 981 2824 οὐδὲ
1008 2771 1158 2843 ψυχὴ
1193 2772 1289 2826 καὶ
1330 2772 1510 2843 σῶμα.
1557 2773 1633 2826 Οὐ
1680 2774 1792 2845 γὰρ
1823 2773 1876 2826 εἰ
1909 2791 1995 2838 τις

391 2857 517 2931 δοίη
560 2860 654 2913 τὸν
696 2861 862 2917 αὐτὸν
901 2865 1204 2935 χρυσοχόον
1246 2860 1387 2920 εἶναι
1441 2866 1536 2920 καὶ
1571 2867 1815 2934 λιθοξόον
1839 2906 1856 2933 ,
1891 2868 1992 2939 ἥδη

392 2950 499 3021 τὴν
559 2955 926 3025 χρυσοχοϊκὴν
969 2958 1055 3020 είς
1099 2956 1199 3028 τὴν
1267 2957 1577 3029 λιθοξοῖκὴν
1635 2960 1991 3030 περιαγάγοι.

410 3042 577 3097 Ἀλλὰ
614 3044 707 3099 τὸν
767 3045 1005 3117 ἀριθμὸν
1060 3051 1161 3117 τῆς
1216 3048 1440 3114 δυάδος,
1499 3051 1582 3115 εἷς
1618 3051 1844 3121 μέθοδον
1892 3054 1994 3124 τῆς

395 3136 596 3189 ἑαυτοῦ
657 3135 1000 3210 δυστροπίας
1064 3142 1518 3213 προχειρίζεται,
1587 3143 1682 3198 καὶ
1752 3161 1995 3215 κακουρ-

395 3232 488 3297 γεῖ
533 3230 664 3300 περὶ
717 3231 821 3294 τὰς
868 3231 1103 3300 φύσεις·
1152 3234 1243 3288 ἵνα
1284 3236 1382 3290 καὶ
1416 3235 1478 3289 τὸ
1518 3235 1615 3290 ἀπ’
1647 3237 1830 3291 αὐτῶν
1864 3255 1991 3291 συνο

394 3321 556 3375 τεθὲν
607 3322 940 3392 πρόσωπον,
1001 3326 1187 3380 τέλεον
1246 3328 1721 3400 παραγράψηται,
1778 3330 1875 3383 καὶ
1924 3330 1993 3401 ἣν

395 3413 535 3485 περὶ
567 3416 703 3469 αὐτὸ
748 3417 910 3485 δόξαν
954 3417 1114 3489 ἔσχεν
1163 3419 1475 3494 ἀποπλήσῃ
1517 3421 1738 3493 ῥαδίως.
1794 3422 1853 3476 '0
1898 3418 1993 3477 οὖν

396 3505 574 3561 atoqu
612 3508 711 3579 τὴν
754 3509 942 3564 είκόνα
973 3511 1233 3581 ἐκείνην,
1278 3514 1373 3566 καὶ
1414 3512 1588 3581 λέγων
1619 3515 1702 3567 ὅτι
1748 3513 1990 3585 Χριστοῦ

395 3597 583 3663 ἐστιν,
616 3593 729 3652 οἶδε
785 3601 884 3670 μὲν
922 3602 1019 3655 καὶ
1066 3603 1137 3656 τὰ
1186 3604 1296 3657 ἀπὸ
1346 3604 1446 3657 τοῦ
1487 3605 1756 3676 ὀνόματος
1790 3607 1991 3678 δηλού-

400 3702 579 3756 μενα·
620 3684 726 3742 οἶδε
758 3689 814 3744 δὲ
848 3691 945 3745 καὶ
989 3693 1058 3747 τὰ
1091 3694 1200 3746 ἀπὸ
1242 3694 1337 3747 τοῦ
1373 3699 1672 3767 προσώπου
1722 3699 1993 3769 γνωριζό-

400 3796 546 3848 μενα
570 3796 585 3810 ’
627 3781 728 3836 οὐκ
773 3785 966 3851 ἁγνοεῖ
1002 3785 1090 3849 δὲ,
1123 3786 1205 3839 ὅτι
1239 3787 1334 3841 καὶ
1365 3788 1587 3841 ἐναντία
1631 3788 1883 3860 ἀλλήλοις
1923 3791 1993 3845 τὰ

398 3872 727 3928 συνελθόντα
754 3915 768 3940 ,
824 3870 900 3930 ὧν
956 3876 1063 3949 μίαν
1107 3879 1145 3947 ἡ
1191 3880 1507 3952 ἐπιστήμη,
1560 3880 1707 3935 καθά
1747 3881 1989 3952 λέγεται.

396 3961 573 4026 Είδὼς
603 3963 785 4019 τοίνυν
821 3965 904 4019 ὅτι
937 3967 1000 4020 τδ
1046 3966 1147 4037 μὲν
1172 3967 1384 4021 τούτων
1416 3969 1648 4041 ἀόρατον
1679 3971 1776 4024 καὶ
1810 3971 1991 4042 πάντη

392 4053 645 4125 ἄληπτον
668 4095 685 4120 ,
733 4057 831 4111 καὶ
871 4057 962 4112 διὰ
993 4058 1156 4113 τοῦτο
1201 4061 1494 4132 ’ἄγραπτον
1543 4062 1641 4116 καὶ
1677 4063 1993 4135 ἀπερίγρα-

395 4162 574 4216 πτον,
620 4149 826 4204 εἵσεται
860 4151 956 4205 καί⁵
989 4150 1220 4224 θάτερον
1258 4154 1343 4207 ὅτι
1385 4153 1584 4223 ὁρατὸν
1628 4155 1724 4208 καὶ
1752 4156 1994 4229 καταληε

393 4228 568 4294 πτόνο
600 4240 743 4295 ὥστε
770 4245 868 4298 καὶ
899 4244 1280 4316 περιγρατὲτὸν
1312 4244 1374 4310 ἐξ
1419 4246 1669 4317 ἀνάγκης
1717 4249 1813 4301 καὶ
1849 4228 2005 4320 γρα·

392 4329 538 4384 πτὸν
557 4370 573 4395 ,
603 4332 695 4387 διὰ
724 4334 827 4404 τὴν
855 4334 967 4389 τῶν
1000 4336 1264 4390 ἐναντίων
1298 4336 1595 4391 ἀντίθεσιν.
1642 4338 1720 4391 Οὐ
1764 4340 1902 4412 πρὸς
1931 4341 1991 4395 τὸ

390 4424 522 4478 ὅλον
550 4421 643 4479 οὖν
675 4425 734 4480 ἓν
768 4427 845 4491 ὡς
881 4428 1006 4482 ὅλον
1034 4429 1404 4495 ἀποϐλέπων,
1437 4431 1498 4484 τὸ
1537 4430 1598 4496 ὲξ
1626 4433 1832 4502 ἀμφοῖν
1876 4436 1991 4487 τοῖν

395 4519 589 4590 μεροῖν
616 4520 984 4591 συγκείμενον
1004 4538 1018 4551 ·
1056 4521 1088 4592 ἢ
1122 4521 1233 4592 γὰρ
1268 4523 1336 4576 ἂν
1364 4520 1497 4586 ἴσως
1526 4523 1621 4578 καί
1661 4540 1784 4578 τινα
1814 4525 1988 4597 ἀφορτ-

394 4614 511 4681 μεῖἶν
539 4606 687 4683 εῖχεν
708 4614 737 4665 ὁ
764 4612 924 4691 λόγος
940 4654 955 4678 .
989 4612 1126 4702 ἀλλὰ
1150 4614 1212 4667 τὸ
1232 4613 1514 4686 ὁρώμενον
1545 4614 1709 4687 μόνον
1742 4616 1987 4671 ἀναθεω-

392 4704 547 4776 ρῶν,
577 4705 753 4778 ταύτῃ
799 4708 965 4760 ποιεῖ.
1030 4707 1351 4761 Ἐπίσταται
1385 4709 1443 4762 δὲ
1481 4709 1565 4762 ὅτι
1605 4711 1669 4762 ὲκ
1701 4710 1799 4764 τοῦ
1848 4712 1985 4784 γρά-

390 4810 544 4865 φειν,
574 4794 701 4850 οὔτε
727 4799 1329 4871 συμπεριγραφήσεται
1357 4799 1454 4852 καὶ
1474 4799 1707 4872 θάτερον
1730 4800 1789 4867 ἐξ
1817 4804 1988 4873 ἀνάγ-

389 4907 536 4960 κης,
580 4889 706 4945 οὔτε
756 4887 823 4945 αὖ
857 4892 918 4944 τὸ
953 4891 1013 4957 ἐν
1039 4892 1161 4946 ὅλον
1198 4890 1618 4963 μερισθήσεται.
1656 4895 1848 4959 Οὐδεὶς
1878 4892 1988 4968 γὰρ

386 4981 553 5050 λόγος
578 4981 833 5055 όδρᾶσαιη
877 4982 1039 5036 τοῦτο
1084 4983 1408 5053 δυνάμενος.
1461 4982 1548 5047 Ὡς
1590 4984 1700 5057 γὰρ
1734 4987 1794 5039 οὐ
1837 4987 1989 5057 παρὰ

387 5074 457 5126 τὸ
482 5073 685 5127 εἰδέναι
712 5074 805 5128 τὸν
831 5075 1139 5146 γράφοντα,
1169 5075 1238 5128 τὰ
1262 5074 1576 5147 δηλούμενα
1608 5078 1984 5148 διαστήσεται,

386 5165 571 5231 οὕτως
593 5167 717 5221 οὐδὲ
751 5168 904 5238 παρὰ
932 5168 994 5221 τὸ
1026 5167 1265 5241 γράφειν
1290 5169 1353 5221 τὸ
1387 5169 1598 5238 ἕτερον,
1632 5170 1730 5224 καὶ
1760 5170 1988 5242 θάτερον

390 5259 863 5332 συγγεγράψεται.
917 5261 1057 5333 ’Ἤδη
1097 5260 1260 5315 τοῦτο
1316 5262 1414 5315 καὶ
1445 5261 1540 5315 ἐπὶ
1568 5260 1663 5314 τοῦ
1712 5263 1855 5316 κατά
1897 5266 1987 5315 τὸν

386 5349 688 5424 ἄνθρωπον
718 5351 1169 5430 παραδείγματος
1209 5352 1433 5425 εἴρηται
1458 5371 1472 5385 ο
1503 5352 1565 5405 τὺ
1602 5353 1819 5408 τοιοῦτο
1848 5355 1895 5408 δ’
1920 5356 1987 5410 ἂν

386 5443 494 5497 καὶ
535 5444 595 5495 ἐν
627 5442 810 5507 ἄλλοις
862 5444 1064 5515 ῥαδίως
1094 5444 1245 5517 εὖροι
1284 5463 1369 5509 τις
1403 5446 1491 5500 ἄν.
1526 5446 1588 5501 Et
1624 5447 1736 5517 γάρ
1759 5465 1844 5511 τις
1874 5444 1983 5502 οἶδε

389 5533 726 5618 πράγματός
768 5550 914 5595 τινος
944 5536 1181 5607 διάφορα
1220 5540 1292 5592 τὰ
1338 5539 1667 5610 δηλούμενα,
1714 5540 1888 5594 ἕλοιτο
1926 5541 1982 5595 δὲ
2012 5548 2029 5565 ’

470 5738 583 5810 (60)
618 5737 691 5792 De
719 5738 996 5810 vocabulis
1046 5726 1384 5810 περιχωρεῖν
1428 5748 1483 5792 et
1514 5736 1904 5810 mptztbpqct;
1927 5739 1980 5791 in

395 5800 501 5878 usu
541 5800 791 5878 laquendi
822 5800 1151 5876 theoIOgico',
1185 5800 1280 5862 iiiu'
1307 5826 1371 5864 ac
1395 5800 1677 5878 sapienter
1720 5800 1981 5863 Petavius

441 5879 749 5946 νεηνίῃ,οε
775 5879 968 5933 Trinit.
1002 5879 1094 5935 lib.
1129 5896 1205 5947 tv,
1239 5879 1325 5945 l6,
1363 5895 1521 5949 quem
1561 5880 1604 5932 si
1643 5878 1817 5934 ϐιωρὶ
1844 5880 1980 5934 lexi-

2099 1961 2264 2000 unum
2308 1947 2552 2013 diceret,
2586 1946 2671 2003 vel
2703 1949 2835 2002 item
2867 1948 3092 2003 omnino
3127 1943 3685 2012 incircumscriptum.

2103 2038 2210 2093 Sed
2242 2040 2367 2108 quia
2397 2039 2646 2096 Christus
2689 2040 2822 2093 duas
2861 2054 2973 2109 prae
3007 2053 3065 2093 se
3099 2036 3206 2091 fert
3234 2045 3496 2099 naturas,
3548 2034 3692 2088 sicut

2098 2132 2261 2187 etiam
2293 2131 2571 2188 lliamonas
2600 2133 2697 2200 ait,
2726 2133 2848 2202 quis
2879 2132 3129 2203 prohibet
3161 2130 3457 2201 quominus
3490 2116 3685 2182 harum

2098 2229 2315 2294 utrique
2345 2227 2564 2295 propria
2596 2235 2653 2282 et
2685 2226 3063 2281 convenientia
3100 2224 3358 2277 attributa
3397 2221 3690 2289 assignen—

2097 2314 2227 2368 tur?
2260 2323 2316 2368 ut
2365 2322 2418 2368 et
2467 2325 2655 2370 mutuo
2689 2314 2942 2369 adunatae
2972 2314 3112 2378 sint,
3159 2321 3214 2367 et
3258 2321 3437 2366 tamen
3498 2317 3691 2365 neutra

2098 2404 2415 2461 discesserit
2455 2422 2484 2459 a
2521 2406 2975 2461 substantialibus
3024 2406 3137 2461 suis
3168 2401 3585 2473 praerogativis;
3631 2409 3688 2452 ut

2098 2495 2593 2551 inconvertibiliter
2608 2496 2952 2552 manentibus
2972 2495 3213 2566 physicis
3231 2492 3680 2562 prOprietatihus.

2098 2600 2205 2641 non
2243 2594 2422 2640 tamen
2461 2596 2669 2642 natura:
2701 2597 3045 2656 separentur,
3082 2586 3336 2655 quoniam
3382 2582 3693 2639 ineonl‘usae

2098 2676 2330 2737 invicem
2385 2679 2840 2735 circuminsident
2886 2680 3024 2750 (60).
3070 2679 3394 2748 Quanquam
3446 2676 3590 2731 enim
3635 2676 3688 2729 in

2097 2774 2207 2825 tino
2227 2770 2449 2828 Christo
2480 2773 2597 2828 dum
2627 2788 2714 2829 res
2737 2782 2886 2841 sunt,
2920 2774 3063 2829 haud
3091 2773 3219 2827 hine
3246 2779 3428 2826 tamen
3466 2768 3691 2839 subjecti

2099 2861 2331 2916 dualitas
2370 2864 2559 2929 conﬁt,
2596 2865 2739 2920 sicut
2780 2880 2848 2920 ne
2891 2865 3089 2919 animae
3117 2863 3340 2934 quidem
3378 2872 3433 2918 et
3477 2862 3691 2929 corpori

2101 2953 2373 3005 usuvenit.
2410 2950 2595 3021 Neque
2627 2952 2671 3007 si
2707 2954 2827 3022 quis
2870 2962 3079 3008 annuat
3123 2953 3377 3007 eumdem
3415 2952 3692 3006 hominem

2096 3041 2259 3097 simul
2289 3056 2413 3097 esse
2441 3043 2722 3099 aurificem
2754 3052 2809 3099 et
2846 3047 3170 3099 statuarium
3195 3086 3208 3110 ,
3248 3044 3457 3099 idcirco
3491 3058 3556 3096 ex
3589 3057 3690 3096 auo

2096 3136 2243 3190 raria
2274 3146 2328 3190 et
2350 3137 2620 3191 statuaria
2647 3153 2810 3190 unam
2843 3148 3015 3193 artem
3046 3137 3260 3193 efﬁciet.
3294 3136 3575 3191 Mantonas
3610 3146 3691 3188 ta-

2099 3244 2224 3284 men
2261 3229 2539 3285 dualitatis
2574 3246 2860 3285 nmnernm
2912 3245 3009 3285 ceu
3063 3228 3283 3285 malitia:
3334 3244 3447 3284 sua!
3488 3228 3693 3282 instru-

2102 3330 2344 3377 mentum
2369 3321 2629 3393 objectat,
2655 3323 2780 3377 etin
2813 3322 3022 3377 naturis
3054 3336 3341 3391 perperam
3375 3319 3683 3384 cavillattIr,

2103 3422 2160 3468 ut
2212 3415 2573 3483 compositam
2619 3401 2837 3484 quoque
2888 3429 2954 3470 et
3009 3414 3094 3469 his
3149 3427 3437 3483 personam
3475 3412 3691 3465 demtum

2101 3505 2380 3573 destruat,
2418 3522 2684 3578 suamque
2730 3508 2797 3563 de
2830 3508 2936 3561 hac
2988 3522 3046 3562 re
3094 3506 3421 3562 sententiam
3479 3503 3694 3558 facilius

2101 3608 2469 3655 consummet.
2496 3599 2639 3671 Ergo
2663 3602 2754 3670 qui
2789 3601 2935 3654 illam
2969 3599 3101 3654 facit
3128 3597 3441 3668 imaginem,
3467 3596 3696 3652 Christi-

2103 3708 2207 3762 que
2234 3707 2356 3748 esse
2388 3693 2543 3761 dicit,
2584 3695 2755 3763 probe
2777 3695 2877 3749 scit
2901 3709 2964 3748 ea
2998 3693 3163 3747 etiam
3189 3706 3311 3762 qua:
3336 3692 3443 3746 hoc
3470 3690 3691 3745 nomine

2102 3788 2504 3859 signiﬁcantur,
2543 3805 2778 3860 qumque
2809 3790 2938 3845 item
2971 3805 2999 3843 a
3036 3801 3266 3860 persena
3311 3789 3642 3843 denotantur
3674 3806 3688 3841 :

2101 3894 2280 3950 neque
2323 3880 2448 3935 item
2479 3880 2654 3935 nescit
2704 3881 2820 3935 haec
2851 3880 3086 3935 invicem
3120 3892 3241 3934 esse
3285 3877 3535 3949 Opposita
3567 3891 3687 3946 qua:

2102 3971 2501 4037 eoadunantur,
2552 3986 2787 4043 quorum
2814 3980 2897 4027 est
2931 3987 3038 4026 una
3067 3970 3160 4043 (id
3191 3978 3277 4025 est
3327 3969 3692 4035 simultanea)

2102 4061 2376 4132 cognitio,
2429 4073 2486 4117 ut
2520 4063 2815 4133 loquimur.
2860 4060 3053 4117 Sciens
3090 4060 3257 4131 igitur
3295 4060 3491 4114 horum
3525 4072 3691 4112 unum

2101 4168 2223 4210 esse
2254 4154 2531 4211 invisibile
2563 4166 2620 4211 et
2653 4153 3233 4223 incomprehensibile,
3269 4153 3499 4222 ideoque
3535 4151 3690 4206 inde-

2102 4245 2360 4301 lineabile
2411 4255 2469 4300 et
2516 4246 3085 4324 incircumscriptum,
3142 4252 3440 4316 cognoscet
3488 4242 3693 4314 pariter

2100 4339 2261 4393 etiam
2294 4338 2559 4405 alterum,
2607 4353 2803 4408 nempe
2834 4340 2976 4409 quod
3009 4339 3080 4394 sit
3110 4337 3325 4392 visibile
3354 4349 3405 4391 et
3444 4349 3691 4404 compre-

2099 4429 2403 4498 hensibile;
2456 4431 2529 4484 ita
2570 4439 2629 4484 ut
2673 4430 2984 4486 necessario
3015 4439 3073 4485 et
3104 4429 3581 4497 circumscriptum
3615 4428 3686 4482 sit

2099 4532 2155 4578 et
2210 4522 2558 4591 delineabile,
2612 4533 2837 4593 propter
2885 4522 3288 4578 contrariorum
3340 4521 3684 4576 antithesim.

2096 4614 2216 4670 Non
2247 4630 2377 4685 ergo
2411 4617 2477 4671 ad
2514 4626 2686 4672 totum
2720 4632 2921 4681 unum,
2957 4626 3214 4687 tanquam
3262 4624 3435 4670 totum
3460 4655 3475 4679 ,
3515 4617 3689 4684 respi-

2098 4709 2252 4764 ciens
2283 4711 2426 4780 quod
2453 4725 2517 4764 ex
2549 4708 2759 4764 duabus
2791 4710 3036 4779 partibus
3069 4709 3449 4779 componitur;
3482 4710 3684 4780 alioqui

2098 4800 2329 4856 fortasse
2363 4801 2472 4856 vim
2507 4802 2743 4872 aliquam
2773 4813 3158 4871 argumentum
3190 4800 3452 4870 haberet;
3480 4802 3575 4858 sed
3611 4803 3694 4855 vi-

2096 4894 2253 4950 sibile
2289 4903 2502 4949 tantmn
2554 4884 2842 4965 spectans,
2894 4895 2968 4950 ita
3014 4909 3075 4952 se
3116 4896 3281 4967 gerit.
3336 4893 3455 4950 Scit
3504 4904 3685 4950 autem

2095 4988 2237 5057 quod
2273 4989 2501 5058 pictura:
2531 5003 2719 5055 causa,
2750 4990 2893 5043 haud
2924 4990 3237 5045 necessario
3261 4988 3494 5044 alterum
3527 4987 3684 5043 simul

2096 5079 2601 5146 circumscribetur,
2644 5096 2821 5151 neque
2861 5081 2990 5137 item
3022 5097 3188 5136 unum
3226 5090 3397 5136 totum
3432 5079 3564 5134 illud
3604 5079 3695 5134 di»
3799 5117 3806 5126 .

2097 5170 2332 5225 videtur.
2372 5168 2697 5227 Nullatenus
2723 5172 2868 5226 enim
2895 5171 2946 5227 id
2972 5169 3099 5227 fieri
3123 5180 3325 5242 potest.
3356 5170 3497 5229 Nam
3518 5169 3679 5232 sicut,

2098 5263 2222 5331 quia
2258 5271 2309 5315 tu
2340 5265 2652 5332 pingentem
2686 5263 2905 5334 videas,
2939 5264 3085 5318 haud
3120 5274 3411 5335 propterea
3447 5276 3534 5316 res
3570 5261 3685 5315 visa

2096 5354 2149 5407 in
2184 5362 2367 5422 partes
2398 5355 2531 5422 ibit;
2565 5355 2641 5409 ita
2670 5370 2739 5410 ne
2771 5355 2844 5410 ob
2876 5353 3207 5410 delineatum
3238 5353 3460 5423 quidem
3490 5367 3675 5414 unum,

2095 5445 2324 5501 alterum
2356 5447 2520 5502 simul
2549 5448 3052 5504 circumscribetur.
3084 5444 3316 5516 Jamque
3348 5445 3453 5500 hoc
3480 5445 3547 5498 ab
3580 5448 3677 5498 ho-

2092 5541 2258 5596 minis
2282 5542 2446 5595 t-tiam
2482 5543 2730 5611 exemplo
2756 5540 3251 5596 demonstravimus
3318 5549 3372 5597 et
3400 5540 3522 5594 aliis
3544 5555 3675 5608 quo—

3586 5677 3623 5715 θ’

2096 5741 2350 5809 cegraphi
2408 5740 2834 5805 consuluissent,
2890 5738 3113 5794 meliora
3178 5748 3231 5792 et
3278 5736 3674 5794 ahmnlantiora

2094 5812 2304 5865 tradere
2338 5821 2612 5880 poterant.
