4050 6482
410 400 512 465 311

1437 406 1497 465 S.
1534 404 1955 468 NICEPHORI
1993 404 2499 466 PATRIARCHE
2537 404 2647 465 ΟΡ.

3570 395 3676 461 3ίὲ

406 525 515 578 que
551 510 601 561 in
635 507 795 560 rebus
826 505 970 562 idem
1000 506 1158 563 facile
1182 508 1563 579 comperietnr.
1594 508 1727 563 Nam
1776 509 1820 563 si
1861 509 1983 577 quis

2097 510 2293 564 τούτων
2320 510 2382 562 τὸ
2410 509 2596 580 ἕτερον
2619 550 2635 575 ,
2669 504 2778 579 ἆρα
2812 507 2908 562 καὶ
2940 506 3015 577 τῷ
3043 504 3216 575 λοιπῷ
3259 505 3676 576 συγχρήσοιτος

406 599 618 653 duabus
647 595 1024 653 diﬂ‘ercntibus
1059 600 1376 655 monstratis
1402 599 1585 665 rebus,
1627 600 1851 653 alteram
1886 598 1985 652 ba-

406 705 528 742 rum
561 689 762 760 eligat,
795 706 926 744 num
972 700 1027 744 et
1065 690 1237 747 altera
1277 692 1437 747 simul
1485 693 1700 746 utetur?
1741 690 1986 760 Exempli
2028 683 2033 688 ’

407 796 571 834 causa
619 798 633 836 :
672 780 849 850 ignem
884 780 1090 837 scimus
1123 782 1388 852 duplicem
1434 782 1635 836 habere
1672 796 1740 836 ex
1767 795 1826 835 sc
1859 795 1988 850 pro-

408 877 661 926 deuntem
691 874 837 939 vim,
862 873 1089 929 alteram
1116 873 1487 937 illuminandi,
1514 873 1707 927 urendi
1737 872 1985 927 alteram.

410 964 467 1017 Si
503 965 627 1034 quis
669 980 799 1035 ergo
830 965 952 1023 luce
981 980 1047 1020 ex
1098 967 1219 1037 igne
1250 966 1523 1035 indigeat,
1571 981 1699 1019 num
1730 965 1872 1020 idem
1907 966 1992 1018 vel

412 1057 614 1111 invitus
639 1067 861 1127 cogetur
893 1060 1331 1114 combustionem
1361 1073 1577 1128 quoque
1617 1058 1854 1112 indidem
1895 1071 1990 1110 ex-

410 1148 610 1217 periri?
639 1147 739 1204 Vel
772 1150 817 1204 si
868 1151 996 1220 quis
1028 1149 1096 1205 ad
1139 1151 1382 1206 sordium
1430 1150 1807 1221 purgationem
1850 1162 1992 1216 aqua

413 1239 587 1298 calida
623 1251 830 1307 utatur,
873 1258 1002 1296 num
1034 1242 1161 1297 inde
1189 1243 1355 1298 etiam
1390 1240 1824 1310 rel'rigerabitur,
1855 1228 1991 1308 quo-

412 1330 557 1383 niam
594 1347 733 1401 aqua
781 1332 947 1389 simul
995 1333 1162 1389 habet
1208 1334 1478 1403 purgandi
1525 1348 1589 1387 ac
1629 1319 1989 1402 refrigerandi

414 1420 764 1477 facultatem?
802 1422 972 1479 Nemo
1002 1435 1150 1481 certe
1180 1440 1348 1482 sanus
1385 1425 1470 1481 his
1506 1425 1862 1480 assentietur.
1898 1422 1993 1477 Sic

412 1511 598 1579 itaque
626 1511 909 1567 Mamonas
940 1515 1108 1570 veluti
1140 1531 1305 1570 unum
1353 1516 1522 1585 quid,
1559 1524 1732 1570 totum
1778 1515 1903 1579 hoc,
1940 1512 1992 1567 id

414 1610 499 1655 est
527 1600 809 1660 Christum
832 1647 848 1673 ,
879 1607 1253 1677 contemplans
1273 1647 1289 1672 ,
1319 1607 1480 1663 vellet
1516 1607 1604 1661 illa
1637 1607 1805 1662 etiam
1851 1605 1994 1660 unde

416 1691 558 1746 idem
603 1705 854 1761 constat,
905 1697 1161 1767 tanquam
1213 1699 1265 1752 in
1312 1699 1480 1754 totius
1515 1698 1788 1753 mentione
1830 1696 1994 1752 simul

413 1783 676 1855 adunare,
702 1788 943 1859 nihilque
965 1788 1158 1844 borum
1186 1804 1281 1860 per
1310 1805 1370 1846 se
1395 1791 1569 1860 ipsum
1602 1797 1852 1859 spectare
1878 1805 1891 1841 :
1918 1787 1991 1840 ita

2090 599 2214 655 υἷον
2251 601 2305 654 τί
2331 602 2507 668 λέγω’
2541 601 2699 671 ῐσμεν
2729 598 2804 663 ὡς
2836 599 2897 651 τὸ
2929 599 3040 666 πῦρ
3070 597 3254 667 διττὴν
3292 598 3418 667 ἔχει
3453 597 3557 667 τὴν
3584 599 3680 651 ἀπ’

2088 693 2256 748 αὑτοῦ
2288 693 2590 764 προϊοῦσαν
2637 693 2926 762 ἐνέργειαν
2949 731 2964 756 ,
3003 690 3101 761 τὴν
3141 689 3239 759 μὲν
3292 687 3681 758 φωτιστικήν,

2088 786 2187 857 τὴν
2218 786 2273 840 δὲ
2310 786 2633 856 καυστικήν.
2669 785 2841 853 Εῐπερ
2870 779 2963 837 οὖν
3000 800 3085 847 τις
3123 781 3218 834 τοῦ
3252 779 3550 851 φωτισμοῦ
3589 780 3682 833 τοῦ

2089 875 2198 928 ἀπὸ
2239 875 2333 927 τοῦ
2368 876 2540 946 πυρὸς
2588 875 2943 945 προσδέοιτο,
2998 873 3360 944 βιασθήσεται
3404 873 3551 942 ἄρα,
3591 871 3685 924 καὶ

2089 967 2188 1036 οὐχ
2237 965 2379 1020 ἑκὼν
2403 1007 2417 1028 ,
2472 967 2566 1020 καὶ
2602 965 2703 1035 τῆς
2751 966 2962 1019 ἐκεῖθεν
2997 963 3326 1034 φλογὼσεως
3370 964 3455 1026 είς
3487 964 3685 1032 πεῖραν

2094 1059 2252 1113 ίέναι.
2308 1058 2379 1113 Ἢ
2439 1060 2534 1112 ὲάν
2591 1076 2673 1121 τις
2730 1058 2866 1129 προς
2925 1056 3194 1127 κάθαρσιν
3242 1058 3465 1127 ῥύπου,
3526 1054 3681 1107 ὕδατι

2090 1151 2281 1223 θερμῷ
2315 1153 2718 1222 προσχρήσοιτο
2741 1191 2756 1215 ,
2794 1149 2889 1203 καὶ
2917 1148 3251 1220 ψυχθήσεται
3302 1149 3536 1210 πάντως
3589 1148 3683 1199 ἀπ’

2090 1244 2289 1315 αὐτοῦ,
2330 1242 2466 1297 διότι
2513 1243 2786 1315 ρυπτικὴν
2831 1240 2925 1294 καὶ
2960 1239 3234 1310 ψυκτικὴν
3268 1240 3548 1307 κέκτηται
3586 1236 3685 1307 τὴν

2082 1310 2216 1408 ξνέρ
2230 1352 2397 1404 γειαν.
2443 1333 2583 1388 Ἀλλ’
2618 1333 2793 1397 οὐδεὶς
2824 1333 2892 1386 ἂν
2930 1333 3040 1385 τῶν
3072 1330 3194 1385 νοῦν
3224 1331 3470 1401 ἐχόντων
3509 1328 3686 1382 ταῦτα

2095 1430 2453 1500 συμφήσειεν.
2494 1428 2645 1481 Ἐπεὶ
2668 1422 2759 1481 οὖν
2787 1426 2921 1496 προς
2952 1425 3011 1478 ἓν
3039 1425 3243 1485 ἐκεῖνος
3270 1423 3334 1476 τὸ
3371 1422 3503 1475 ὅλον
3528 1422 3686 1500 τοῦτο

2091 1496 2183 1573 τὸν
2221 1496 2472 1589 ’Χριστὸν
2529 1517 2879 1583 διασκοπῶν,
2933 1514 3186 1570 ἐϐούλετο
3245 1513 3340 1567 καὶ
3393 1511 3467 1566 τὰ
3500 1509 3562 1577 ἐξ
3611 1496 3686 1565 ὧν

2093 1609 2285 1675 αὐτὸς,
2331 1609 2408 1673 ὡς
2447 1610 2508 1662 ὲν
2558 1612 2628 1681 τῇ
2674 1608 2769 1662 τοῦ
2800 1608 2922 1661 ὅλου
2974 1606 3199 1677 μνήμῃ,
3245 1603 3682 1671 συνεισάγεσθαι

2093 1703 2231 1772 ὁμοῦ
2249 1742 2265 1767 ,
2297 1701 2395 1755 καὶ⁵
2429 1700 2595 1773 μηδὲν
2622 1699 2828 1754 τούτων
2855 1698 2978 1752 καθ’
3005 1697 3171 1751 ἑαυτὸ
3203 1694 3578 1767 θεωρεῖσθαι·
3611 1695 3685 1755 ὡς

2093 1793 2165 1847 τὰ
2188 1793 2363 1864 ἑτέρῳ
2391 1790 2783 1862 συμϐαίνοντα,
2814 1790 3029 1853 πάντως
3052 1788 3149 1841 καὶ
3177 1787 3402 1859 θατέρῳ
3435 1786 3497 1851 ἐξ
3524 1783 3688 1854 ὀνάγ-

414 1887 471 1931 ιιι
506 1893 626 1947 qua:
655 1879 747 1934 uni
773 1880 1303 1959 accidunt,lprorsus
1333 1893 1387 1937 et
1409 1881 1499 1936 alii
1521 1880 1741 1936 evenire
1768 1892 1994 1935 necesse

2097 1901 2198 1954 κης
2231 1881 2495 1955 ὑπάρξαι.

412 1968 506 2023 sit.

484 2079 594 2152 59
616 2082 705 2138 44.
750 2083 865 2156 Age
896 2099 1027 2140 vero
1071 2085 1371 2156 siquando
1409 2100 1439 2139 a
1485 2085 1650 2141 Paulo
1695 2084 1933 2141 audierit
1976 2102 1995 2139 ι

414 2167 531 2225 Nos
561 2183 736 2228 autem
758 2175 1115 2243 praedicamus
1140 2175 1410 2232 Christum
1433 2179 1749 2248 cruciﬁxum
1767 2181 1836 2249 “;
1863 2182 1997 2253 quid

413 2270 463 2323 ei
490 2278 616 2323 tunc
644 2267 814 2320 menti
847 2267 1124 2322 occurrit?
1151 2267 1417 2335 Quoniam
1443 2285 1730 2327 commune
1762 2282 1846 2328 est
1876 2290 1994 2328 ant-

418 2360 590 2416 babus
623 2358 946 2415 coadunatis
990 2361 1207 2416 naturis
1250 2376 1446 2417 nomen
1483 2361 1712 2426 Christi.
1749 2380 1881 2421 sane
1912 2367 1996 2422 vel

414 2453 616 2507 invitus
642 2460 871 2506 coaetus
900 2450 1067 2507 fuerit
1092 2452 1392 2508 secundum
1418 2469 1547 2510 suas
1572 2456 1995 2526 propositiones,

415 2544 675 2614 quoniam
724 2541 872 2600 Deus
918 2560 1140 2614 quoque
1174 2547 1275 2601 hoc
1322 2548 1540 2603 nomine
1585 2548 1892 2614 denotatur,
1929 2564 1998 2605 ne

414 2635 559 2706 quod
591 2643 676 2690 est
711 2650 875 2689 unum
919 2635 1152 2700 dividat,
1182 2634 1357 2705 ipsum
1395 2636 1631 2693 Verbum
1680 2638 1737 2693 in
1772 2640 1995 2710 propria

415 2743 544 2784 vere
567 2736 760 2782 natura
784 2726 1105 2783 cruciﬁxum
1130 2728 1335 2795 dicere,
1360 2728 1708 2800 divinamqne
1735 2746 1995 2787 arcanam

415 2821 780 2876 substantiam
811 2836 933 2875 cum
978 2821 1212 2877 humana
1259 2838 1383 2879 esse
1431 2839 1796 2893 compassam.
1842 2823 1908 2878 Et
1950 2826 1995 2881 si

417 2913 541 2982 quis
569 2913 616 2968 ei
647 2916 1016 2969 venerandum
1054 2929 1269 2985 quoque
1301 2925 1357 2971 et
1388 2915 1658 2971 viviticum
1686 2916 1994 2986 sepulcrum

417 3003 721 3058 ostenderit
757 3003 961 3074 (utjam
990 3003 1459 3077 circumcisionem
1487 3014 1541 3057 et
1562 3004 1841 3073 passiones
1862 3003 1998 3059 alias

417 3096 794 3165 omittamus),
841 3093 1089 3165 profecto
1134 3094 1336 3149 dixerit
1381 3103 1649 3148 mortuum
1698 3109 1821 3149 esse
1858 3091 1993 3148 Ver-

416 3186 570 3250 bum,
608 3185 956 3256 divinamqtte
982 3196 1037 3240 et
1066 3186 1430 3241 immortalem
1464 3195 1712 3241 naturam
1738 3199 1861 3241 cum
1894 3187 1996 3240 hu-

419 3294 576 3332 mana
610 3294 674 3332 ac
708 3278 922 3343 mortali
948 3278 1342 3347 consepultam.
1372 3276 1496 3332 llaec
1523 3278 1666 3333 enim
1700 3281 1838 3349 apud
1871 3292 1993 3333 eum

419 3372 576 3435 tinnt,
611 3381 667 3424 ut
694 3370 987 3440 quominus
1009 3371 1316 3426 dividantur
1344 3382 1569 3435 naturae,
1600 3372 1646 3426 si
1673 3370 1802 3440 quid
1832 3370 1999 3425 alter-

420 3474 541 3517 utra
583 3463 839 3532 patiatur,
896 3463 949 3516 in
981 3462 1120 3516 idem
1149 3462 1355 3532 pariter
1388 3463 1791 3518 incommodum
1827 3463 1995 3517 etiam

419 3557 646 3609 alteram
670 3555 968 3624 pertraltat.
989 3553 1128 3620 Quid
1154 3570 1318 3623 porro
1333 3554 1380 3608 ei
1401 3555 1773 3609 demonstrant
1797 3552 1957 3606 verba
1981 3570 1996 3605 :

427 3644 594 3700 Nobis
632 3647 836 3716 quidem
870 3661 1004 3698 unus
1039 3644 1176 3699 Deus
1203 3653 1252 3697 et
1283 3644 1463 3707 Pater,
1495 3659 1558 3698 ea:
1584 3660 1685 3712 quo
1718 3643 1917 3709 omnia,
1949 3652 1998 3697 et

422 3755 514 3791 nos
546 3739 599 3791 in
634 3738 785 3806 ipso;
815 3746 864 3791 et
903 3737 1160 3791 Dominus
1195 3736 1354 3791 Jesus
1405 3736 1648 3792 Christus
1670 3778 1686 3803 ,
1716 3752 1809 3806 per
1848 3752 1997 3806 quem

423 3831 620 3896 uumia,
651 3840 697 3883 et
730 3846 822 3884 nos
845 3845 938 3899 per
966 3829 1139 3898 ipsum
1170 3828 1254 3882 ³τῖ
1285 3827 1445 3883 Certe
1475 3844 1506 3882 e
1542 3829 1820 3882 contrario
1848 3827 1998 3896 paria

423 3922 500 3976 illi
523 3920 812 3977 obvenient
833 3922 1089 3977 absurda.
1120 3919 1255 3975 Nam
1284 3920 1409 3989 quia
1435 3919 1490 3972 in
1520 3934 1684 3973 unum
1707 3917 2001 3973 conferun-

420 4026 514 4068 tur
539 4013 744 4079 omnia,
771 4013 1048 4068 videbitur
1077 4012 1422 4068 concreatrix
1450 4026 1573 4066 cum
1605 4010 1784 4065 Verbo
1815 4018 1998 4065 nostra

418 4118 638 4172 quoque
664 4114 855 4159 natura
889 4105 941 4157 in
980 4118 1157 4159 rerum
1189 4102 1430 4158 omnium
1458 4100 1836 4170 productione,
1866 4100 2000 4155 erit-

418 4210 525 4265 qth
558 4196 720 4249 ltonto
751 4197 832 4250 sui
866 4196 1037 4263 ipsius
1070 4204 1307 4249 creator.
1344 4192 1587 4262 Itemque
1621 4193 1836 4247 dicente
1874 4192 2000 4246 divo

417 4289 582 4344 Petro
613 4306 628 4343 :
665 4290 738 4342 Tu
775 4304 827 4342 es
851 4287 1088 4342 Christus
1122 4287 1219 4342 Dei
1250 4285 1424 4341 Filius
1443 4288 1511 4350 ⁸⁵,
1541 4285 1834 4341 seenndum
1855 4283 2002 4354 ejus-

420 4384 564 4439 mo:ti
600 4384 1026 4453 prepositionem
1049 4421 1065 4448 ,
1092 4398 1224 4437 caro
1250 4381 1414 4436 etiam
1446 4379 1830 4448 comperietur,
1872 4392 2000 4448 pro-

418 4487 541 4547 pter
590 4476 710 4532 Filii
754 4474 1108 4541 relationem,
1153 4473 1390 4529 Deitatis
1438 4471 1760 4528 naturaliter
1796 4471 2000 4525 habere

2170 2092 2275 2167 95'.
2308 2092 2373 2146 Εἴ
2396 2107 2528 2144 ποτε
2565 2086 2779 2144 Παύλου
2807 2086 3048 2158 ἀκήκοεν
3067 2100 3082 2114 ⁶
3119 2080 3323 2151 Ἡμεῖς
3350 2079 3425 2134 δὲ
3453 2078 3685 2148 κηρύσ-

2095 2204 2288 2259 σομεν
2319 2183 2580 2255 Χριστὸν
2611 2178 3105 2250 ἐσταυρωμένον,
3148 2177 3204 2231 τί
3241 2173 3402 2245 αὐτῷ
3435 2170 3688 2227 ἐντεῦθεν

2097 2282 2354 2351 ἀπήντα;
2402 2276 2622 2349 Ἐπειδή
2658 2274 2836 2329 κοινὸν
2876 2274 3080 2342 ἀμφοῖν
3108 2271 3217 2324 τῶν
3247 2263 3684 2338 συνδραμουσῶν

2098 2373 2314 2445 φύσεων
2352 2370 2527 2439 ὄνομα
2558 2366 2796 2439 Χριστός
2818 2381 2833 2395 ·
2865 2363 3094 2435 ἐϐιάσθη
3123 2361 3190 2416 ἂν
3218 2360 3318 2414 καὶ
3344 2359 3453 2412 οὐκ
3484 2356 3685 2410 ἐθέλων

2096 2464 2240 2519 κατὰ
2288 2461 2364 2515 τά
2411 2461 2522 2515 [δια
2568 2458 2973 2532 προϐλήματα,
3015 2453 3204 2524 ἐπειδὴ
3256 2451 3360 2505 καὶ
3408 2448 3544 2511 Θεδς
3593 2445 3685 2516 δη-

2098 2554 2288 2609 λοῦται
2320 2552 2413 2607 διὰ
2441 2550 2537 2604 τοῦ
2558 2548 2826 2619 ὀνόματος
2846 2586 2861 2612 ,
2891 2546 2968 2610 ὡς
2995 2544 3062 2599 ἂν
3098 2543 3176 2614 μὴ
3212 2541 3453 2595 διέλοιτο
3477 2538 3559 2601 ἓν,
3591 2534 3687 2590 καὶ

2096 2646 2190 2701 τὸν
2226 2645 2401 2713 Λόγον
2443 2641 2608 2696 αὐτὸν
2659 2638 2822 2708 φύσει
2870 2630 3357 2706 συνεσταυρῶσθαι
3386 2630 3511 2692 ταῖς
3556 2625 3684 2696 ἀληο

2099 2737 2275 2800 θείαις
2306 2734 2521 2803 λέγειν,
2559 2732 2653 2785 καὶ
2682 2730 2782 2800 τὴν
2826 2726 2981 2781 θείαν
3015 2725 3109 2779 καὶ
3134 2723 3465 2793 ἀπόρρητον
3501 2717 3685 2773 οὐσίαν

2099 2831 2167 2900 τῇ
2194 2825 2512 2898 ἀνθρωπίνῃ
2547 2818 3007 2894 συμπεπονθέναι.
3052 2816 3161 2871 Καὶ
3201 2815 3255 2868 εί
3286 2830 3379 2877 τις
3410 2809 3564 2881 αὐτῷ
3592 2807 3685 2862 καὶ

2098 2899 2189 2973 τον
2240 2917 2381 2972 θεῖον
2438 2915 2532 2969 καὶ
2576 2912 2840 2978 ζωοποιὸν
2894 2911 3065 2980 τάφον
3100 2905 3421 2972 ὑπέδειξεν,
3469 2904 3556 2956 ἵνα
3586 2899 3705 2970 τὴν

2099 3007 2402 3082 περιτομὴν
2432 3007 2524 3062 καὶ
2554 3006 2621 3059 τὰ
2648 3003 2785 3085 άλλα
2817 3002 2967 3073 πάθη
3001 2999 3098 3054 νῦν
3131 2998 3497 3069 παρήσωμεν,
3532 2988 3682 3085 εἶπεν

2100 3081 2520 3169 ἂνίτεθνηκέναι
2559 3081 2656 3151 τὸν
2689 3095 2896 3163 Λόγον,
2942 3095 3040 3147 καὶ
3091 3093 3193 3162 τὴν
3225 3089 3382 3142 θείαν
3420 3086 3517 3140 καὶ
3547 3081 3680 3138 ἀθά-

2100 3208 2260 3246 νατον
2291 3189 2454 3260 φύσιν
2500 3191 2566 3260 τῇ
2607 3184 2927 3257 ἀνθρωπίνῃ
2956 3183 3052 3237 καὶ
3078 3182 3248 3251 θνητῇ
3285 3179 3510 3239 πάντως
3549 3188 3680 3240 συγ-

2099 3280 2541 3354 κατορωρύχθαι.
2584 3278 2769 3333 Ταῦτα
2815 3277 2925 3347 γὰρ
2978 3271 3125 3343 αὐτῷ
3169 3270 3461 3342 βούλεται,
3504 3266 3581 3329 ὡς
3615 3264 3681 3318 ἂν

2103 3376 2179 3447 μὴ
2212 3372 2533 3444 διαιρεθεῖεν
2561 3371 2616 3423 αἱ
2649 3369 2839 3438 φύσεις
2859 3409 2875 3434 ,
2909 3366 2986 3437 τῷ
3025 3366 3125 3436 τὴν
3165 3364 3295 3434 μίαν
3326 3360 3571 3421 τούτων,
3604 3354 3682 3417 εἰς

2099 3469 2168 3524 τὰ
2197 3470 2256 3521 ὲν
2290 3461 2370 3530 οἷς
2421 3462 2621 3526 πάθοι,
2671 3461 2766 3515 καὶ
2801 3461 2900 3532 τὴν
2951 3457 3149 3529 ἑτέραν
3203 3454 3416 3525 δηλαδὴ
3468 3464 3669 3505 cover:-

2103 3559 2334 3629 άγεσθαι
2366 3556 2702 3627 πάσχουσαν.
2732 3552 2797 3605 Τί
2827 3552 2883 3605 δὲ
2910 3549 3065 3620 αὐτῷ
3104 3548 3298 3619 ἐδήλου
3333 3546 3417 3599 τό·
3437 3541 3601 3612 Ἡμῖν
3617 3536 3682 3591 δὲ

2099 3648 2189 3719 εἷς
2224 3651 2403 3717 Θεὸς,
2440 3652 2472 3703 ό
2515 3646 2742 3715 Πατὴρ.
2781 3645 2850 3709 ἐξ
2885 3640 2957 3699 οὗ
2992 3644 3063 3697 τὰ
3091 3640 3320 3702 πάντα,
3366 3637 3469 3691 καὶ
3516 3629 3682 3719 ἡμεῖς

2099 3716 2187 3813 eli;-
2208 3716 2426 3799 αὐτόν·
2467 3741 2564 3795 καὶ
2597 3743 2630 3794 ὁ
2670 3739 2888 3806 Κύριος
2926 3733 3165 3803 Ἰησοῦς
3209 3726 3576 3800 Χριστὸς-,δι’
3609 3716 3681 3779 οὗ

2101 3839 2175 3893 τὰ
2198 3836 2416 3901 πάντα,
2448 3834 2547 3889 καὶ
2583 3830 2757 3902 ἡμεῖς
2782 3830 2857 3883 δι’
2891 3827 3116 3891 αὐτοῦ;
3156 3824 3253 3878 Ἐκ
3275 3825 3386 3896 γὰρ
3409 3820 3504 3875 τοῦ
3533 3820 3683 3871 ὲναν-

2101 3931 2219 3982 τίου
2270 3927 2339 3980 τὰ
2368 3927 2532 3996 ὅμοια
2582 3921 2736 3992 αὐτῷ
2783 3919 3157 3989 ἀπαντήσεται
3203 3916 3406 3970 ἄτοπα.
3467 3901 3683 3975 Ἐπειδὴ

2103 4019 2241 4090 πρὸς
2268 4018 2346 4089 τῷ
2377 4016 2458 4071 ὲνί
2486 4018 2602 4070 ὲστι
2635 4015 2705 4067 τὰ
2724 4013 3035 4084 δηλούμενα
3055 4051 3071 4076 ,
3101 4007 3359 4079 ἐφαίνετο
3390 4000 3539 4071 αὐτῷ
3576 3998 3680 4090 άρα

2104 4089 2533 4182 συνδημιουργδς
2579 4107 2660 4178 τῷ
2714 4106 2902 4176 Λόγῳ,
2965 4101 3063 4156 καὶ
3092 4103 3127 4173 ή
3174 4097 3297 4154 καθ’
3333 4096 3483 4168 ἡμᾶς
3524 4089 3679 4160 φύσις

2101 4201 2197 4254 ἐπὶ
2228 4202 2293 4272 τῇ
2325 4198 2435 4252 τῶν
2470 4197 2610 4251 ὅλων
2644 4195 2953 4267 παραγωγῇ
2980 4233 2992 4257 ,
3029 4192 3124 4245 καὶ⁵
3163 4190 3319 4243 ἔσται
3343 4189 3373 4241 ὁ
3398 4183 3679 4272 άνθΡωῘίῩς

2102 4269 2496 4354 αὐτὸςϋὲαυτοῦ
2531 4284 2884 4357 δημιουργός.
2914 4283 3028 4337 Καὶ⁵
3058 4280 3219 4335 πάλιν
3254 4278 3351 4331 τοῦ
3401 4275 3546 4328 θείου
3578 4269 3679 4324 Πέ-

2102 4396 2231 4454 τρου
2266 4380 2536 4449 λέγοντος⁸
2568 4377 2652 4431 Σὺ
2691 4373 2752 4431 εἴ
2773 4379 2806 4430 ό
2836 4372 3087 4444 Χριστὸς
3122 4374 3155 4425 ὀ
3201 4370 3335 4435 Υἱὸς
3373 4367 3481 4421 τοῦ
3513 4358 3677 4424 Θεοῦ,

2102 4453 2192 4528 διὰ
2237 4472 2299 4526 ea
2326 4470 2460 4526 αὐτὸ
2491 4469 2787 4542 πρόϐλημα
2838 4465 3199 4537 εὑρεθήσεται
3230 4464 3325 4516 καὶ
3363 4463 3398 4531 ή
3444 4455 3579 4528 σὰρξ
3620 4453 3679 4505 τὸ

418 4570 758 4638 dignitatem.
795 4567 925 4638 llam
957 4577 1014 4621 et
1044 4568 1196 4638 plura
1230 4565 1453 4633 similia,
1496 4563 1741 4620 delibans
1772 4564 1999 4635 quilibet

2100 4570 2200 4640 τῆς
2227 4566 2479 4637 θεότητος
2507 4562 2595 4617 διὰ
2637 4562 2737 4634 τῆς
2770 4559 2956 4629 υἱικῆς
2999 4558 3274 4628 σχέσεως,
3319 4551 3678 4640 φύσει-φερο-

414 4633 631 4716 divinas
649 4633 983 4731 Scripturas,
1012 4633 1253 4715 inveniet
1278 4674 1399 4729 quas
1423 4658 1579 4713 istius
1601 4633 1992 4741 blasphemiam

2104 4633 2243 4732 μόνη
2283 4633 2524 4726 ἀξίωμα.
2563 4645 2659 4716 Οἷς
2695 4633 3074 4721 παραπλήσια
3113 4645 3210 4697 καὶ
3251 4642 3419 4711 ἕτερα
3457 4633 3678 4741 πλείονα

419 4753 922 4822 absurditatemque
952 4749 1338 4819 objurgabunt.
1370 4748 1519 4804 Talia
1556 4747 1760 4818 quippe
1790 4745 1993 4802 Mamo-

419 4861 547 4900 nam
579 4844 824 4915 cogitare
860 4853 914 4899 et
943 4843 1182 4913 apinari,
1211 4856 1522 4899 sermonum
1554 4840 1676 4910 ejus
1705 4839 1993 4911 prommia,

417 4952 574 4992 vanae
609 4935 938 5008 lallacesque
980 4936 1345 5005 quaestiones,
1397 4933 1552 4989 nobis
1596 4931 1993 4987 demonstrant.

417 5030 487 5085 Et
531 5031 646 5086 haec
688 5029 906 5100 quidem
959 5029 1052 5085 ille
1097 5026 1520 5084 inartillcialiter
1567 5024 2000 5096 simpliciterque

325 5109 333 5120 ’
419 5126 667 5192 dogmata
721 5122 921 5189 tradit,
975 5137 1081 5177 non
1111 5131 1292 5176 autem
1343 5119 1504 5175 modo
1536 5110 1748 5188 'aliquo
1798 5131 2000 5187 appro-

419 5214 705 5283 priationis
754 5224 854 5269 aut
893 5213 1306 5286 permutationis
1357 5211 1506 5283 (6i),
1550 5219 1713 5282 prout
1759 5224 1876 5263 mos
1918 5217 2005 5263 est.

421 5308 720 5378 magisterii
770 5308 1062 5373 catholici;
1124 5320 1229 5375 qua
1286 5307 1352 5362 de
1419 5320 1478 5359 re
1525 5304 1685 5375 paulo
1742 5313 1863 5374 post
1921 5303 2003 5357 di-

422 5406 541 5453 (tetu
549 5415 594 5454 1⁵.

2101 4726 2501 4822 άναλεγόμενὸς
2526 4765 2610 4811 τις
2641 4745 2794 4818 παρὰ
2815 4743 2923 4798 τῶν
2948 4740 3111 4795 θείων
3138 4735 3376 4810 Γραφῶν
3402 4732 3554 4815 εὖροι
3570 4726 3673 4822 γᾶν.

2100 4847 2138 4903 ἃ.
2177 4820 2291 4915 τὴν
2312 4820 2663 4915 βλασφημίαν
2695 4837 2793 4909 τὴν
2836 4835 3051 4890 ἐκείνου
3089 4829 3363 4899 ἐξελέγξει
3414 4826 3507 4880 καὶ
3557 4820 3676 4915 dco:

2101 4908 2254 4993 arias):
2301 4908 2546 4988 ’Ϋοιαύτα
2586 4930 2644 4985 δὲ
2684 4908 2782 4985 καὶ
2812 4930 2954 4982 νοεῖν
2997 4925 3162 4980 αὐτὸν
3207 4923 3304 4977 καὶ
3352 4918 3588 4993 φρονεῖν.
3620 4908 3672 4962 αἱ

2100 5027 2210 5080 τῶν
2245 5024 2462 5081 οἰκείων
2505 5021 2681 5092 λόγων
2711 5019 2912 5091 ἀρχαὶ,
2945 5017 3041 5072 καὶ
3076 5014 3363 5087 περίεργοι
3414 5008 3508 5063 καὶ
3545 5017 3674 5071 σφα·

2100 5120 2261 5191 λεραὶ
2298 5118 2591 5189 ζητήσεις,
2622 5116 2754 5185 ἡμῖν
2807 5110 3179 5167 ὑποτίθενται.
3211 5108 3324 5162 Καὶ
3351 5102 3527 5158 ταῦτα
3550 5092 3674 5150 ἀτέ-

2102 5228 2243 5283 Χνως
2282 5210 2378 5266 καὶ
2413 5208 2622 5271 ἁπλῶς,
2653 5207 2714 5260 οὺ
2737 5205 2924 5278 τρόπῳ
2960 5204 3070 5257 τινὶ
3093 5199 3419 5260 οἱκειώσεως
3448 5194 3481 5264 ἢ
3531 5191 3674 5283 (ivit-

2104 5276 2305 5367 δόσεως
2353 5276 2793 5372 δογματίζοντα,
2831 5294 2980 5351 κατὰ
3026 5294 3117 5347 τὸν
3155 5283 3539 5347 διδασκαλικὸν
3577 5276 3672 5372 τῇς

2106 5365 2778 5465 καθολικῆςτίεκκλησίας
2810 5388 2994 5458 λόγον,
3029 5384 3158 5459 περὶ
3186 5378 3263 5440 ὧν
3306 5378 3447 5455 μετὰ
3483 5365 3669 5447 μικρὸν

2105 5488 2403 5560 είρήσεται.

492 5678 541 5712 ⁸⁸
570 5676 591 5733 l
622 5681 749 5737 Cor.
800 5701 843 5746 ι,
881 5682 974 5737 25.
1051 5681 1099 5714 ⁸⁸
1138 5679 1310 5736 lCor.
1344 5694 1462 5744 vnt,
1504 5679 1557 5737 6.
1634 5680 1680 5713 ⁸⁸
1714 5677 1901 5733 Matth.
1935 5693 2050 5742 xvi,
2084 5678 2171 5733 ιο.

499 5836 617 5910 (61)
639 5835 791 5893 Hanc
822 5838 1051 5912 theologi
1087 5842 1258 5897 nostri
1282 5840 1467 5898 dicunt
1498 5838 1815 5895 idiomatum
1845 5835 2413 5895 communicationem.
