4050 6416
296 385 420 452 313‘

1019 395 1649 462 ANTIBRHETICUS
1686 396 1714 454 Ι
1751 398 1924 460 Αυν.
1962 397 2557 460 CONSTANTINUM
2613 396 2826 462 COPR.

3463 387 3575 456 3HL

379 510 486 571 με’.
560 502 712 556 Ἐπεὶ
769 503 825 556 δὲ
876 504 1258 577 ἀδολεσχοῦντι
1313 509 1408 561 καὶ
1455 507 1880 576 ταυτοεποῦντι,

2056 513 2147 566 45.
2183 511 2291 567 Sed
2338 510 2465 580 quia
2508 510 2612 564 hoc
2654 515 2893 579 nugante
2935 520 2989 563 et
3019 507 3317 577 tautologo,
3368 507 3564 576 nugari

302 592 723 662 συναδολεσχείν
754 594 1104 665 προύθέμεθα
1128 601 1240 663 τοῖς
1267 599 1689 669 ἐπιφερομένοις
1716 600 1888 670 αὐτῷ,

302 682 399 734 καὶ
426 683 494 734 τὰ
524 682 665 736 αὐτά
696 686 828 756 περὶ
870 685 978 739 τῶν
1006 687 1187 740 αὐτῶν
1218 689 1503 755 διεξιόντι,
1544 690 1688 744 οὕτω
1726 689 1891 746 πάλιν

312 777 889 845 προσαπαντήσωμεν·
943 776 1059 848 ἔχει
1108 781 1218 850 γὰρ
1252 775 1379 835 ὧδε·
1430 802 1448 833 ι
1504 782 1615 836 Καὶ
1643 783 1762 848 πῶς
1796 785 1891 838 τοῦ

302 863 442 918 Θεοῦ
467 867 563 919 καὶ
590 866 881 938 ἀνθρώπου
914 869 1107 942 ὄνομα,
1139 872 1237 942 τὴν
1261 873 1410 928 Θείαν
1435 874 1596 944 φύσιν
1629 879 1892 946 σημαῖνον

304 956 402 1009 καὶ
452 956 841 1030 ἀνθρωπίνην,
894 963 988 1016 ἐπὶ
1026 966 1093 1035 τῇ
1141 965 1310 1019 εἰκόνι
1335 967 1522 1040 ἐκείνῃ
1553 967 1753 1038 ἔχομεν
1794 987 1893 1022 κα-

301 1047 499 1115 λέσαι,
542 1053 610 1122 τῇ
641 1050 885 1117 δυνατῶς
937 1054 1136 1127 ἐχούσῃ
1188 1056 1477 1128 ἀνθρώπου
1517 1059 1680 1128 μόνου
1729 1058 1891 1126 φύσιν

301 1142 776 1212 χαρακτηρίζειν,
837 1147 932 1198 καὶ
994 1148 1093 1217 τὴν
1148 1148 1301 1202 θείαν
1358 1150 1453 1204 καὶ
1503 1150 1892 1219 ἀκατάληπτον

305 1231 475 1300 φύσιν
502 1234 613 1304 μὴ;
665 1255 683 1287 ι
728 1235 801 1288 Τὸ
833 1237 982 1304 πῶς,
1015 1239 1101 1293 ἵνα
1132 1238 1210 1302 ὡς
1243 1240 1475 1311 παρόντι
1504 1241 1809 1311 διαλεχθῶλ,
1844 1242 1899 1294 ετ

307 1338 394 1374 σοι
426 1300 624 1394 τάήτῆς
648 1324 828 1397 ψυχῆς
851 1300 976 1380 ὦτα.
991 1331 1065 1400 μὴ
1094 1300 1413 1399 κεκ-ὡφωτο,
1448 1331 1502 1383 εἴ
1525 1349 1609 1385 σοι
1725 1300 1895 1401 von-cdt

303 1412 537 1482 ὄμματα
569 1413 645 1484 μὴ
687 1415 1052 1487 ἐπεπήρωτο.
1091 1419 1146 1472 εί
1178 1436 1259 1473 σοι
1302 1420 1372 1473 τὰ
1407 1420 1518 1473 τῶν
1551 1421 1765 1490 φρενῶν
1818 1420 1892 1492 μὴ

298 1503 601 1572 ἠλλοίωτο,
634 1506 729 1558 καὶ
760 1507 831 1559 τά
865 1507 974 1559 τῶν
1007 1508 1285 1579 λογισμῶν
1325 1510 1400 1580 μὴ
1436 1510 1889 1581 παρετὲτραπτο,

297 1595 353 1645 εί
373 1610 461 1646 σοι
487 1594 586 1663 τῆς
609 1593 925 1658 θεοσεϐείας
955 1597 1005 1649 οἱ
1029 1597 1145 1667 ὅροι
1172 1597 1409 1668 ἄτρωτοι
1438 1597 1888 1667 διεφυλάσσοντο,

298 1685 398 1737 καὶ
442 1685 547 1755 τῆς
596 1685 895 1757 καθολικῆς
955 1686 1285 1758 Ἑκκλησίας
1334 1690 1367 1758 ἡ
1422 1689 1723 1760 παράδοσις
1767 1706 1894 1741 συν-

296 1777 609 1847 ετετήρητο
637 1776 942 1846 ἀλώϐητος,
973 1782 1022 1833 εἰ
1051 1781 1323 1851 σπινθῆρα
1343 1780 1474 1850 γοῦν
1508 1799 1630 1835 τινα
1658 1782 1896 1846 πίστεως

1992 602 2151 657 simul
2187 601 2573 659 constituimus
2618 614 2738 654 cum
2774 599 2933 653 dictis
2980 599 3136 667 ejus;
3175 599 3300 653 huic
3325 639 3342 665 ,
3377 600 3565 652 eadem

1993 696 2118 751 licet
2151 693 2351 750 dicenti
2383 694 2448 748 de
2479 692 2674 746 iisdem
2721 691 2883 745 rebus
2907 732 2923 755 ,
2971 704 3160 744 rursus
3191 703 3566 743 occurramus.

1990 786 2067 841 Ita
2099 802 2226 841 vero
2257 786 2302 840 is
2328 786 2534 840 habet:
2567 803 2586 835 ι
2619 783 2685 838 Et
2714 781 2986 853 quomodo
3009 780 3103 836 Dei
3133 790 3186 835 et
3208 780 3442 835 hominis
3468 795 3569 834 no-

1992 894 2113 933 men
2165 875 2462 949 (Christus)
2511 875 2751 929 divinam
2810 870 3059 927 naturam
3109 872 3373 925 denotans
3410 878 3570 938 atque

1993 971 2309 1031 humanam,
2336 971 2400 1022 de
2429 967 2520 1021 illa
2554 968 2713 1022 icone
2744 964 3093 1035 pronuntiari
3123 978 3152 1017 a
3188 963 3342 1015 nobis
3370 970 3568 1031 potest,

1994 1077 2115 1131 qua:
2154 1061 2402 1115 humanae
2436 1058 2810 1112 tantummodo
2857 1066 3070 1110 naturae
3115 1052 3568 1123 reprzrsentandae

1994 1158 2099 1207 vim
2146 1153 2329 1213 habet,
2362 1152 2559 1207 divina:
2603 1166 2732 1205 vero
2774 1146 3341 1218 incomprehensibilis
3390 1145 3568 1198 hand-

1993 1249 2306 1317 qnaqnam?
2338 1266 2356 1299 ι
2387 1246 2500 1300 Iloc
2520 1247 2741 1299 verbum
2768 1244 3047 1314 quomodo,
3081 1249 3139 1295 ut
3158 1240 3311 1307 quasi
3339 1254 3574 1308 praesen-
3660 1284 3665 1291 .

1995 1350 2102 1394 tem
2149 1349 2200 1394 te
2239 1339 2507 1407 alloquar,
2550 1338 2593 1390 si
2630 1337 2726 1389 tibi
2764 1336 2959 1389 animae
3008 1347 3169 1386 aures
3222 1339 3330 1386 non
3374 1333 3571 1385 obsur-

1994 1432 2276 1495 tlnissent,
2308 1432 2352 1484 si
2388 1429 2481 1483 tibi
2516 1428 2820 1482 intellectus
2853 1425 2991 1479 oculi
3022 1441 3126 1477 non
3175 1433 3357 1477 essent
3395 1435 3571 1474 exc-r-

1992 1525 2127 1585 cati,
2167 1525 2211 1576 si
2245 1522 2340 1576 tibi
2390 1527 2553 1575 mens‘
2593 1533 2701 1573 non
2730 1529 2878 1573 esset
2927 1516 3160 1568 alienata
3209 1523 3256 1569 et
3298 1509 3566 1566 ratiocinii

1995 1632 2126 1671 usus
2173 1616 2489 1689 subversus,
2534 1612 2578 1666 si
2636 1609 2730 1663 tibi
2782 1606 3062 1678 religionis
3108 1604 3325 1659 termini
3361 1600 3573 1656 immoti

1997 1716 2304 1770 manerent,
2327 1715 2377 1758 et
2400 1702 2681 1759 catholica:
2709 1700 2967 1754 Ecclesia:
2997 1697 3220 1752 traditio
3243 1702 3567 1749 conservata

1997 1807 2145 1854 esset
2185 1795 2491 1859 incolumis,
2527 1794 2569 1848 si
2604 1794 2840 1860 aliquam
2872 1791 3066 1844 saltem
3114 1786 3237 1841 ﬁdei
3279 1782 3568 1839 scintillam

297 1868 361 1917 ἐν
398 1868 471 1936 τῇ
518 1866 748 1919 σεαυτοῦ
795 1868 1053 1939 συνέσχες
1095 1870 1322 1940 καρδία,
1356 1871 1493 1925 ἀλλὰ
1538 1872 1615 1944 μὴ
1661 1871 1889 1935 ὲλῦττας

2010 1892 2154 1945 :orde
2197 1901 2287 1943 tuo
2343 1887 2643 1950 retineres,
2688 1898 2864 1952 neque
2910 1880 3073 1936 furiis
3119 1879 3385 1933 adversus
3425 1875 3566 1928 irre-

297 1958 451 2010 κατά
480 1957 582 2026 τῆς
614 1957 922 2029 ἀμωμήτου
957 1961 1052 2014 καὶ
1082 1960 1359 2027 ἀπλανοῦς
1385 1963 1542 2033 ἡμῶν
1573 1963 1887 2034 ὁμολογίας,

301 2051 438 2111 τοῖς.
466 2049 666 2118 ἄγουσί
718 2068 778 2104 σε
813 2053 907 2105 ἐπὶ
939 2055 1033 2107 τὸν
1081 2054 1329 2124 κρημνὸθ
1363 2058 1464 2126 τῆς
1495 2055 1757 2119 ἀπιστίας
1797 2057 1893 2109 καὶ

307 2141 590 2206 ἀπωλείας
635 2143 992 2214 πειθόμενος,
1045 2132 1267 2216 ἐδείχθη
1300 2146 1365 2201 ἀν
1413 2164 1497 2202 σοι
1529 2149 1627 2202 καὶ
1670 2147 1894 2219 ἐκδηλό-

312 2250 445 2288 τατα
489 2234 553 2288 τὸ
598 2234 933 2307 ζητούμενον
970 2278 984 2299 ,
1026 2236 1187 2307 εἴπερ
1233 2237 1569 2311 ζητούμενον
1615 2235 1716 2310 ἦν,
1762 2238 1897 2292 ἀλλὰ

310 2325 386 2395 μή
418 2324 617 2398 ὥσπερ
646 2327 837 2399 ἐνέδρα
866 2345 950 2393 τις
975 2328 1011 2403 ἢ
1046 2330 1374 2400 πανουργία,
1402 2329 1824 2400 ταμιευόμενον.

388 2650 509 2704 Καὶ
550 2650 639 2705 ἵνα
684 2650 755 2706 τά
790 2652 932 2706 αὐτά
981 2651 1113 2723 περὶ
1158 2650 1269 2704 τῶν
1315 2651 1500 2704 αὐτῶν
1543 2651 1904 2715 ἀναλαϐόντες

314 2743 591 2813 εἴπωμεν,
619 2741 809 2817 ὥσπερ
837 2746 870 2815 ἡ
905 2742 1213 2815 σταύρωσις
1247 2746 1342 2797 καὶ
1376 2743 1446 2797 τὰ
1468 2745 1640 2814 πάθη,
1668 2743 1904 2815 Χριστοῦ

315 2834 578 2904 λέγεται,
625 2837 702 2899 ὡς
742 2837 771 2889 ό
813 2836 1020 2906 τάφος,
1077 2838 1172 2891 καὶ
1216 2837 1286 2889 τὰ
1328 2836 1526 2901 λοιπά,
1579 2837 1667 2889 ἵνα
1706 2835 1779 2907 μὴ
1814 2837 1907 2888 ἐπὶ

321 2928 513 2979 πλεῖον
542 2928 632 2981 ἀεὶ
659 2926 939 2997 λέγωμεν,
970 2929 1033 2981 τὸ
1065 2928 1286 2998 μέτριον
1317 2929 1748 3000 ὑπερτρέχοντες
1771 2970 1785 2994 ,
1814 2929 1909 2981 καὶ

321 3017 436 3069 τῶν
483 3019 867 3088 προσεχόντων
906 3018 1006 3081 τάς
1033 3019 1200 3082 ἀκοὰς
1247 3020 1668 3088 ἀποκναίωμεν,
1720 3019 1815 3072 καὶ
1847 3020 1908 3071 οὐ

320 3108 389 3177 δή
422 3108 526 3161 ποῦ
561 3126 744 3180 φαμεν
768 3109 911 3163 κατὰ
940 3110 1032 3174 es;
1062 3110 1149 3163 διὰ
1174 3111 1272 3180 τὴν
1302 3111 1367 3164 ὲκ
1402 3110 1497 3163 τοῦ
1527 3110 1792 3181 ὀνόματος
1815 3110 1908 3163 τοῦ

1994 1978 2411 2051 prehensibilem
2469 1976 2921 2044 inl‘allihilemquc
2990 1971 3389 2026 confessionem
3471 1981 3575 2020 no-

1995 2080 2162 2125 stram
2197 2068 2485 2138 agitarere,
2512 2065 2744 2119 ducibus
2776 2064 2868 2133 qui
2905 2073 2957 2116 te
2983 2061 3049 2115 ad
3082 2059 3418 2115 inﬁdelitatis
3444 2072 3575 2126 per-

1996 2161 2325 2229 ditionisque
2350 2157 2705 2229 praecipitium
2733 2155 2987 2218 trahunt;
3024 2153 3144 2217 hoe,
3177 2151 3421 2219 inquam,
3444 2162 3577 2214 quo-

1998 2253 2152 2308 modo
2185 2267 2216 2307 a
2252 2261 2302 2305 te
2343 2249 2654 2319 qna‘situm,
2685 2245 3093 2322 evidentissime
3130 2253 3319 2312 patens
3351 2241 3573 2305 fuisset;

1999 2347 2045 2400 si
2103 2358 2290 2413 reapse
2335 2342 2661 2411 quaesitum,
2698 2346 2752 2392 ct.
2796 2352 2904 2391 non
2954 2337 3137 2405 potius
3174 2349 3273 2388 ceu
3325 2330 3572 2398 decipula

2001 2436 2250 2504 quaedam
2287 2445 2341 2488 ct
2368 2432 2560 2486 callida
2607 2428 2948 2499 improbitas,
2991 2427 3130 2498 apud
3182 2435 3235 2480 te
3281 2427 3572 2492 repositum

2002 2538 2141 2584 erat.

2075 2672 2254 2735 Atque
2296 2670 2354 2717 ut
2383 2663 2570 2716 eadem
2603 2660 2669 2713 dc
2698 2656 2888 2712 iisdem
2924 2654 3087 2709 rebus
3118 2653 3460 2706 resumentes
3494 2642 3580 2697 di-

2007 2771 2213 2818 camus,
2258 2754 2401 2808 sicut
2439 2749 2721 2805 crttcilixio
2759 2753 2813 2799 ct
2854 2745 3036 2815 passio
3083 2739 3289 2796 Christi
3354 2736 3579 2796 dicitur.

2009 2848 2248 2914 itemque
2285 2839 2563 2911 sepultura
2597 2848 2651 2891 et
2690 2838 2927 2905 reliqua,
2982 2848 3050 2886 ne
3105 2829 3369 2902 prolixius
3419 2825 3581 2881 verba

2012 2936 2296 2998 faciamus,
2333 2931 2608 2986 modulum
2643 2928 2992 2990 excellentes,
3026 2932 3081 2977 et
3115 2921 3452 2975 audientium
3489 2931 3585 2968 au-

2012 3027 2161 3081 ribus
2196 3023 2499 3078 molestiam
2535 3031 2808 3082 creantes,
2857 3028 3036 3083 neque
3063 3012 3175 3079 jam
3210 3010 3410 3064 diutius
3432 3021 3586 3076 aeque

2013 3137 2076 3175 ac
2117 3129 2169 3171 tu
2212 3115 2546 3178 fabulemur;
2581 3112 2708 3181 quia
2759 3108 2967 3164 Christi
3014 3118 3212 3160 nomen
3266 3109 3587 3154 naturarum

326 3200 570 3271 Χριστοῦ
618 3203 718 3270 τῆς
767 3202 961 3265 δυάδος
1004 3203 1114 3255 τῶν
1150 3203 1367 3269 φύσεων
1419 3202 1685 3272 δήλωσιν,
1732 3201 1803 3255 τὰ
1843 3205 1907 3273 τῇ

2014 3195 2329 3267 dualitatem
2380 3204 2789 3274 complectitur,
2839 3215 2902 3254 ea
2944 3213 3065 3269 qua:
3114 3195 3203 3249 uni
3247 3193 3586 3250 tribuuntur,
3615 3184 3626 3195 ⁹

329 3295 435 3366 μιᾷ
481 3294 927 3366 προσνεμόμενα,
964 3295 1058 3347 καὶ
1090 3297 1155 3364 τῇ
1208 3295 1373 3365 ἑτέρᾳ
1406 3294 1625 3356 πάντως
1671 3294 1916 3362 ἀπαντή-

328 3387 545 3442 σεσθαι.
599 3376 671 3442 '0~
691 3389 927 3459 σταυρὸς
950 3387 1059 3458 γὰρ
1085 3386 1323 3448 δυνατῶς
1354 3385 1466 3457 ἔχει
1491 3386 1590 3458 τὴν
1624 3385 1913 3458 ἀνθρώπου

329 3481 496 3545 φύσιν
533 3478 703 3549 μόνην
736 3477 1008 3542 κολάζειν,
1046 3477 1186 3531 ἀλλὰ
1217 3476 1457 3549 Χριστοῦ
1494 3475 1727 3546 σταυρὸς
1761 3476 1912 3544 λέγε-

326 3589 441 3624 ται.
474 3571 584 3623 Καὶ
611 3569 848 3624 πειθέτω
875 3587 933 3623 σε
966 3572 994 3623 δ
1023 3569 1221 3635 λέγων’
1271 3568 1426 3635 Ἐμοὶ
1462 3566 1532 3620 δὲ
1560 3567 1646 3636 μὴ
1684 3567 1916 3636 γένοιτο

327 3661 709 3732 καυχᾶσθαι,
770 3664 824 3715 εὶ
878 3660 964 3731 μὴ
1015 3661 1087 3713 ὲν
1127 3658 1206 3725 τῷ
1260 3657 1502 3727 σταυρῷ
1542 3656 1650 3710 τοῦ
1693 3657 1916 3724 Κυρίου

329 3754 506 3825 ἡμῶν
540 3753 748 3821 Ἰησοῦ
784 3753 1066 3821 Χριστοῦ.
1107 3753 1174 3805 'H
1206 3750 1476 3821 περιτομὴ
1500 3750 1597 3819 τὴν
1628 3749 1915 3819 ἀνθρώπου

332 3845 517 3915 σάρκα
550 3844 782 3913 διαιρεῖν
815 3844 1041 3897 δύναται
1061 3859 1074 3873 ·
1110 3843 1205 3896 καὶ
1237 3842 1465 3909 δτάφος
1505 3840 1712 3910 ταύτην
1740 3842 1917 3909 ἐμπε-

334 3940 631 4009 ριγράφειν
664 3938 761 3992 καὶ
819 3936 1155 4008 περικλείειν
1187 3936 1284 3990 καὶ
1323 3935 1705 4007 ἀποκρύπτειν
1754 3932 1915 3990 οἶδεν.

330 4029 512 4081 ’Λλλά
549 4027 722 4081 ταῦτα
765 4027 975 4089 πάντα,
1008 4025 1248 4098 Χριστοῦ
1291 4023 1389 4095 μὲν
1418 4025 1639 4093 λέγεται
1665 4040 1679 4054 ·
1713 4024 1774 4077 οὐ
1813 4023 1920 4093 μὴν

332 4122 394 4174 δὲ
429 4122 636 4174 τούτων
667 4135 722 4172 τι
767 4119 863 4173 καὶ
909 4118 1053 4173 κατὰ
1086 4118 1184 4189 τῆς
1220 4117 1369 4180 θείας
1405 4117 1498 4170 καὶ
1539 4116 1919 4187 ἀνεκφράστου

332 4213 578 4282 φύσεως,
620 4211 829 4282 κυρίως
862 4212 958 4263 καὶ
1001 4209 1276 4273 οὺσιωδῶς
1301 4209 1605 4281 εἰρήσεται,
1638 4208 1919 4278 ἀκηράτου

334 4321 404 4372 γε
437 4302 609 4372 οῦσης
646 4303 742 4355 καὶ
772 4299 1039 4365 ἀπαθοῦς,
1075 4300 1169 4353 καὶ
1197 4301 1296 4370 τῆς
1325 4299 1470 4352 κατά
1502 4315 1556 4351 τι
1581 4297 1711 4367 γοῦν
1737 4297 1923 4350 τοιαύ-

336 4413 443 4468 της
492 4394 734 4460 ἐννοίας,
785 4393 1218 4463 ἀπηλλαγμένης
1271 4390 1639 4444 παντάπασιν.
1702 4391 1765 4443 Ei
1815 4390 1923 4460 γάρ

2016 3303 2172 3358 alteri
2199 3313 2417 3371 quoque
2450 3296 2729 3351 acctadent.
2760 3292 2920 3346 Certe
2947 3304 3079 3343 crux
3114 3284 3329 3341 nonnisi
3354 3281 3591 3336 hominis

2019 3407 2266 3449 naturam
2314 3389 2426 3461 60
2461 3387 2709 3440 cruciare
2754 3390 2952 3452 potest,
2992 3378 3343 3435 nihiloininns
3386 3372 3587 3427 Christi

2017 3500 2148 3537 crux
2184 3484 2404 3536 dicitur.
2440 3476 2625 3531 Fidem
2660 3476 2753 3529 tibi
2790 3473 2949 3527 faciat
2984 3471 3072 3538 qui
3101 3469 3175 3521 ait
3208 3484 3222 3521 :
3258 3463 3392 3518 Mihi
3418 3473 3593 3515 autem

2018 3576 2151 3633 absit
2197 3573 2453 3645 gloriari,
2509 3570 2611 3623 nisi
2668 3570 2721 3621 in
2776 3581 2928 3620 cruce
2982 3560 3191 3617 Domini
3240 3556 3406 3612 nostri
3464 3554 3594 3608 Iesu

2019 3669 2220 3726 Christi
2251 3668 2318 3720 ⁵⁷.
2352 3661 2709 3718 Circutncisio
2743 3658 2982 3713 hominis
3017 3668 3235 3709 carnem
3269 3645 3594 3704 abscindere
3628 3707 3637 3718 ι

2019 3774 2217 3834 potest,
2255 3769 2309 3812 et
2338 3756 2646 3827 sepulcrum
2679 3753 2822 3806 hanc
2852 3751 2992 3803 intra
3031 3760 3090 3800 se
3118 3738 3589 3799 circumscribere,

2019 3851 2344 3908 Concludere
2398 3863 2465 3902 ac
2518 3847 2697 3900 celare
2752 3843 2916 3895 valet.
2987 3837 3113 3891 Haec
3172 3844 3352 3887 tamen
3410 3826 3593 3881 omnia

2021 3941 2220 3997 Christi
2248 3940 2503 3994 dicuntur
2533 3954 2548 3989 :
2585 3947 2896 4005 quanquam
2927 3929 3061 3982 nihil
3090 3926 3284 3980 horum
3314 3925 3381 3974 de
3409 3918 3592 3971 divina

2022 4030 2280 4087 incli‘ahili
2318 4025 2766 4093 natura'proprie
2794 4036 2858 4075 ac
2897 4015 3332 4075 substantialiter
3357 4009 3596 4066 dicetur,

2021 4122 2147 4192 quia
2174 4130 2259 4175 est
2286 4120 2402 4174 haec
2432 4114 2757 4192 inviolabilis
2782 4121 2838 4167 et
2868 4106 3243 4178 impassihilis,
3269 4111 3324 4158 et
3351 4101 3419 4154 ab
3447 4094 3594 4150 o'mni

2022 4216 2139 4285 ejus
2165 4211 2383 4284 generis
2410 4188 2487 4275 re,
2516 4223 2637 4276 qua:
2667 4203 2892 4276 cogitari
2923 4200 3115 4270 possit,
3148 4209 3371 4266 prorsus
3398 4190 3597 4242 aliena.

2024 4282 2230 4356 Nam-si
2268 4300 2396 4369 quid
2421 4296 2730 4366 huiusmodi
2758 4294 2959 4347 dictum
2994 4289 3263 4346 videatur,
3295 4282 3345 4334 id
3376 4292 3598 4369 permu-

2023 4391 2248 4447 tationis
2278 4365 2335 4444 et
2365 4365 2827 4456 appropriationis
2857 4380 3015 4432 modo
3037 4377 3257 4435 dicitur,
3287 4368 3430 4439 quod
3460 4376 3514 4418 tu
3548 4365 3601 4416 in

338 4461 448 4539 που
484 4485 726 4539 τοιοῦτόν
777 4502 832 4537 τι
879 4461 1071 4553 όφθείη
1108 4461 1438 4554 λεγόμενον,
1473 4481 1550 4553 τῷ
1579 4483 1679 4552 τῆς
1717 4481 1907 4534 ἀντιδό

2027 4483 2277 4554 praesenti
2305 4495 2410 4535 non
2440 4478 2598 4540 facis,
2627 4476 2754 4545 quia
2783 4471 3026 4527 funditus
3051 4469 3101 4521 id
3132 4467 3374 4537 ignoras.
3403 4461 3606 4515 Passus

340 4596 482 4642 σεως
536 4577 938 4650 ἢοίκειώσεως
981 4576 1170 4647 τρόπῳ
1220 4575 1468 4644 λέγεται,
1515 4575 1654 4643 ὅπερ
1702 4590 1784 4625 σοι
1827 4572 1907 4625 νῦι

2027 4586 2206 4643 autem
2225 4571 2476 4628 Christus
2498 4567 2698 4622 dicitur
2720 4579 2823 4618 non
2847 4576 2954 4631 qua
2980 4561 3141 4621 Deus,
3168 4557 3262 4612 sed
3288 4571 3390 4619 qua
3419 4556 3604 4615 homo,

335 4674 401 4727 οῦ
455 4642 697 4735 δέδοται,
729 4642 1040 4741 ὁλοτρόπως
1082 4642 1442 4741 ἠγνοημένον.
1488 4642 1828 4719 Πεπονθέναι
1866 4662 1907 4716 δί

2021 4665 2122 4721 etsi
2165 4679 2307 4718 unus
2349 4660 2601 4729 idemque
2633 4666 2717 4711 est
2753 4651 3095 4726 bypostatice
3136 4647 3433 4702 adunatus.
3462 4642 3602 4723 Quia

337 4764 580 4834 Χριστὸς
613 4738 870 4830 λέγεται,
923 4761 1023 4831 οὐχ
1151 4738 1314 4822 Θεδς,
1350 4757 1467 4811 ἀλλ’
1601 4754 1889 4828 ἄνθρωπος

2025 4758 2187 4827 igitur
2216 4764 2272 4809 et
2297 4766 2495 4819 corpus
2517 4748 2658 4820 quod
2694 4762 2723 4801 a
2765 4745 2924 4800 nobis
2961 4741 3215 4811 sumpsit,
3245 4738 3448 4791 Christi
3467 4750 3608 4818 cor-

340 4814 702 4834 -~r~~a~.
860 4814 870 4823 -
991 4814 1094 4833 η..
1263 4814 1312 4822 -ι
1520 4814 1549 4829 ..
1706 4814 1718 4828 .
1871 4814 1884 4818 -

340 4855 529 4911 καίτοι
568 4848 650 4916 εἷς
698 4853 795 4906 καὶ
849 4855 877 4905 ὁ
922 4850 1086 4914 αὐτὸς
1126 4850 1420 4921 ὑπάρχων,
1481 4846 1762 4919 ἡνωμένος
1800 4845 1906 4900 καθ

2027 4862 2126 4917 pus
2156 4845 2377 4908 dicitur,
2416 4843 2468 4896 in
2501 4855 2608 4911 quo
2656 4837 2824 4894 etiam
2871 4833 3054 4889 omnia
3088 4845 3289 4900 passus
3340 4814 3605 4889 creditur,

340 4944 668 4999 ὑπόστασιν.
731 4941 888 4996 Ἐπεὶ¹
939 4937 1032 4995 οὖν
1070 4939 1164 4995 καὶ
1204 4918 1478 5010 τδσῶμα,
1512 4939 1650 5015 ὅπερ
1678 4937 1739 5003 ἐξ
1774 4937 1907 5009 ὴμῶε

2028 4941 2133 4995 hoc
2164 4948 2347 4993 autem
2382 4948 2579 5002 corpus
2617 4930 2844 4986 omnino
2881 4927 3256 4981 characterem
3302 4919 3530 4983 habuit;
3561 4918 3606 4971 si

341 5039 641 5109 ἀνείληφε,
685 5034 925 5109 Χριστοῦ
976 5035 1139 5106 σῶμα
1170 5034 1419 5103 λέγεται.
1453 5035 1511 5087 ὲν
1545 5026 1589 5101 ᾧ
1621 5032 1717 5086 καὶ
1751 5031 1928 5085 πάντα

341 5130 681 5186 πεπονθέναι
716 5126 1068 5189 πιστεύεται,
1122 5125 1283 5179 τοῦτο
1322 5125 1379 5178 δὲ
1433 5124 1496 5177 τὸ
1548 5123 1708 5194 σῶμα
1747 5123 1928 5192 πάντη

343 5227 444 5280 καὶ
469 5226 692 5287 πάντως
719 5222 1049 5295 χαρακτῆρα
1078 5215 1224 5290 εἶχεν
1242 5261 1257 5282 ,
1292 5218 1353 5271 οὐ
1381 5216 1488 5288 γὰρ
1513 5211 1582 5287 ἦν
1614 5214 1930 5286 ἀχαρακτή-

347 5334 536 5389 ριστον
556 5358 571 5381 ,
602 5316 728 5368 ἐπεὶ
756 5314 881 5368 οὐδὲ
911 5310 1092 5382 σῶμα,
1130 5311 1340 5379 ἀνάγκη
1369 5309 1464 5362 καὶ
1496 5306 1588 5360 τόν
1612 5305 1707 5359 τοῦ
1744 5303 1931 5374 σώμα-

345 5426 443 5474 τος
482 5406 815 5479 χαρακτῆρα
866 5404 962 5459 καὶ
1001 5402 1099 5475 τὴν
1145 5401 1435 5468 ὁμοίωσιν,
1490 5396 1732 5469 Χριστοῦ
1777 5395 1932 5464 λέγε-

350 5500 503 5556 σθαι.
551 5499 641 5561 Ὦς
690 5497 799 5568 γὰρ
828 5498 1007 5551 ὲκεῖνο
1037 5495 1239 5549 οἰκεῖον
1286 5493 1565 5562 Χριστοῦ,
1614 5489 1789 5552 οὕτως
1837 5489 1934 5543 καὶ

347 5590 514 5645 τοῦτο
540 5592 600 5644 οὐ
630 5589 765 5660 πρὸς
802 5589 901 5659 τὴν
927 5586 1021 5642 τοῦ
1051 5588 1224 5657 Λόγου
1257 5585 1421 5656 φύσιν
1449 5583 1547 5655 τὴν
1572 5582 1759 5653 σχέσιν
1782 5581 1929 5652 ἕχον,

427 5811 476 5845 ⁸⁷
505 5797 683 5865 Calai.
717 5826 790 5872 ιἰ,
828 5809 904 5862 I4.

2035 5030 2180 5086 enim
2204 5028 2307 5082 hoc
2335 5024 2624 5084 caruisset,
2656 5035 2724 5075 ne
2758 5032 2959 5088 corpus
2990 5015 3209 5084 quidem
3251 5010 3483 5071 fuisset;
3518 5023 3611 5062 ne-

2035 5134 2193 5175 cesse
2230 5126 2315 5173 est
2346 5115 2510 5172 etiam
2551 5109 2800 5181 corporis
2835 5109 3214 5163 characterem
3248 5119 3311 5157 ac
3343 5101 3612 5169 speciem,

2037 5208 2239 5267 Christi
2265 5207 2393 5263 dici.
2416 5202 2553 5258 Nam
2574 5203 2719 5259 sicut
2741 5214 2943 5268 corpus
2972 5195 3250 5268 proprium
3275 5191 3477 5248 Christi
3505 5198 3608 5251 est,

2040 5305 2131 5358 sie
2145 5311 2200 5357 et
2231 5301 2516 5355 character
2543 5296 2683 5350 haud
2720 5291 3035 5347 referendus
3064 5290 3130 5342 ad
3168 5296 3416 5341 naturam
3453 5280 3614 5336 Verbi

2040 5408 2125 5452 est
2161 5395 2303 5465 quod
2333 5392 2504 5447 forma
2547 5398 2720 5451 caret,
2748 5396 2803 5441 et
2832 5383 3173 5439 indelinitum
3204 5387 3323 5441 est,
3361 5373 3617 5445 nullaque

2043 5489 2211 5559 figura
2244 5483 2564 5555 praeditum;
2591 5479 2685 5535 sed
2710 5478 2777 5532 ad
2805 5475 2965 5531 Verbi
2988 5487 3189 5543 corpus
3213 5471 3620 5534 humanamque

2041 5558 2289 5634 naturam
2321 5574 2557 5646 pertinet
2581 5572 2809 5643 ejusque
2844 5568 3098 5631 formam,
3135 5564 3432 5651 ex'quibus
3459 5558 3624 5616 Chri-
