4050 6454
323 447 436 512 317

1043 451 1672 514 ANTIRBHETICUS
1726 455 1754 513 1
1808 454 1974 516 ADV.
2016 452 2613 514 CONSTANTINUM
2651 452 2866 512 COl’R.
2956 468 2963 473 '

3496 447 3603 512 313

403 564 529 628 μς-ν.
562 557 627 610 Τί
674 557 891 626 λέγεις;
942 561 1241 631 Προσέχεις
1270 565 1392 630 ταῖς
1432 561 1769 626 ἰδιαζούσαις
1813 561 1915 615 τῶν

2092 562 2182 616 46.
2221 560 2359 628 Quid
2395 559 2517 615 ais?
2543 558 2815 614 Mordicus
2850 558 3082 613 inhaeres
3115 558 3348 628 propriis
3381 569 3603 614 natura-

327 651 558 720 φύσεων
605 652 844 719 φωναῖς,
882 652 977 704 καὶ
1010 655 1131 715 ταῖς
1162 653 1262 721 μὲν
1300 655 1588 717 ταπειναῖς
1629 671 1921 724 συνταπειο

327 744 443 805 νοῖς
476 742 748 812 Χριστὸν,
794 742 1117 814 ἀποστερῶν
1168 743 1279 796 τῶν
1315 744 1477 796 θείων
1519 746 1613 798 καὶ
1665 745 1917 816 ὑψηλῶν,

329 833 428 885 καὶ
451 832 780 904 συμφθέγγῃ
799 833 910 895 τοῖς
928 835 1040 899 σοῖς
1064 832 1426 898 διδασκάλοις,
1450 833 1549 904 τὴν
1577 835 1922 907 Ἀρειανικήν

330 922 536 992 μανίαν
576 923 834 990 νοσήσας.
874 923 1004 987 Ταῖς
1036 924 1269 995 ὑψηλαῖς
1312 924 1376 995 δὴ
1419 925 1658 995 ὲξαίρεις
1690 927 1798 979 τῶν
1827 945 1922 980 τα-

329 1013 573 1080 πεινῶν,
620 1016 717 1066 καὶ
767 1014 953 1084 νέμεις
989 1015 1129 1086 μόνα
1169 1017 1239 1069 τὰ
1284 1017 1497 1088 ὑψηλὰ,
1543 1019 1636 1072 καὶ
1675 1020 1921 1090 συνᾲδεις

324 1105 446 1166 τοῖς
474 1106 589 1166 σοῖς
625 1104 955 1174 ὑποφήταις,
994 1106 1096 1176 τὴν
1124 1108 1235 1160 τῶν
1272 1107 1546 1179 βδελυρῶν
1574 1111 1885 1181 Εὖτυχιτῶν
1903 1152 1918 1177 ,

327 1193 362 1262 ἦ
403 1194 744 1265 οἰκειότερον
779 1198 994 1259 εἰπεῖν,
1040 1197 1362 1269 Μανιχαίων
1406 1201 1624 1272 ληρώδη
1681 1204 1777 1256 καί⁹
1818 1220 1920 1271 φα-

332 1287 597 1357 σματὼδη
662 1287 1070 1359 μυθοπλαστίαν
1122 1290 1395 1362 ζηλώσας.
1468 1293 1631 1347 Ἀλλά
1680 1295 1765 1347 σοὶ
1819 1294 1919 1364 μὲν

330 1379 546 1449 ῥᾴδιον,
594 1378 744 1444 ἅπαξ
773 1381 909 1451 πρὸς
943 1380 1103 1452 ὓϐριν
1137 1385 1228 1436 καὶ
1260 1383 1580 1454 καθαίρεσιν
1607 1385 1707 1449 τῆς
1740 1402 1920 1454 σωτη-

331 1472 457 1540 ρίου
478 1472 795 1539 οἰκονομίας
825 1475 1395 1544 καταντήσαντι,·τοῖς
1429 1475 1693 1538 τοιούτοις
1728 1479 1912 1548 ἐντρυ-

334 1562 450 1631 φᾷν
493 1562 868 1632 ἀτοπήμασιν.
942 1563 1219 1618 Ἐπειδὰν
1248 1565 1304 1618 δὲ
1351 1566 1820 1632 ἀντιπεπονθότως
1861 1571 1919 1622 ὲν

334 1652 554 1716 τούτοις
602 1652 926 1725 θεωρεῖται,
959 1650 1071 1708 οἷον
1123 1657 1156 1727 ὴ
1196 1656 1294 1725 μὲν
1331 1658 1673 1730 προσηγορία
1696 1701 1710 1725 ,
1742 1660 1920 1713 οἰκεία

326 1744 427 1795 καὶ
472 1743 617 1815 ίδικὴ
664 1746 729 1816 τῇ
765 1745 889 1797 καθ’
942 1748 1087 1815 ἡμᾶς
1139 1747 1331 1818 ούσίᾳ·
1381 1748 1452 1802 τὰ
1487 1749 1543 1801 δὲ
1579 1749 1708 1821 περὶ
1750 1750 1918 1822 αὐτὴν

326 1836 740 1904 ἐκφαινόμενα,
768 1838 836 1907 τῇ
865 1837 1009 1906 ὑπὲρ
1029 1840 1179 1907 ἡμᾶς
1210 1840 1469 1911 ἁρμόδια,
1497 1841 1550 1892 τί
1580 1840 1913 1911 omnem;

2025 669 2143 707 rum
2171 652 2441 707 vocabulis
2464 691 2478 715 ,
2533 660 2584 706 et
2620 652 2701 705 his
2731 664 2854 720 qua:
2899 657 3025 703 sunt
3071 650 3293 704 humilia
3327 652 3600 705 Christum

1988 804 1993 807 _
2023 745 2314 815 deprimis,
2354 744 2551 799 divinis
2579 752 2633 799 et
2663 740 2891 798 excelsis
2940 742 3158 797 d0tibus
3187 744 3427 809 spolians
3451 782 3467 808 ,
3497 743 3602 797 tuis

2022 837 2276 890 nimirum
2326 835 2603 905 magistris
2647 847 2990 897 consonans,
3048 843 3101 886 et
3136 833 3336 887 Ariana
3388 834 3600 887 insania

2023 929 2302 983 laborans.
2335 927 2579 981 Excelsis
2611 937 2789 979 autem
2817 924 3102 978 vocabulis
3138 924 3360 977 humilia
3394 923 3597 987 aboles,

2021 1020 2243 1088 solaque
2293 1019 2548 1075 sublimia
2591 1018 2822 1078 tribuis,
2864 1017 3216 1085 concinisque
3258 1015 3599 1084 inspiratori-

2020 1112 2120 1165 bus
2153 1111 2277 1174 tnis,
2309 1110 2790 1165 abominandornm
2819 1107 3285 1178 Eutychianorum
3312 1106 3394 1158 vel
3421 1105 3601 1173 potius

2020 1200 2442 1255 Manichaeorum
2477 1198 2588 1268 (tu)
2619 1198 2819 1252 deliras
2854 1197 3340 1266 phantasticasque
3386 1193 3598 1248 fabulas

2020 1291 2304 1347 :emulans.
2343 1288 2449 1344 Sed
2498 1290 2590 1343 tibi
2624 1288 2841 1358 quidem
2897 1288 3052 1341 facile
3099 1296 3221 1349 est,
3267 1301 3333 1340 ex
3382 1301 3489 1354 quo
3530 1285 3595 1338 ad

2022 1382 2448 1437 conculcandam
2476 1379 2968 1446 destruendamque
2994 1378 3355 1431 oeconomiam
3390 1377 3596 1429 incum-

2020 1474 2105 1528 bis
2129 1514 2142 1538 ,
2173 1460 2323 1527 hisee
2371 1470 2799 1524 absurditatibus
2829 1467 3110 1522 obluctari.
3144 1465 3247 1521 Sed
3296 1481 3418 1520 cum
3467 1481 3592 1517 ver-

2019 1581 2135 1620 sam
2173 1565 2344 1618 viccm
2371 1565 2424 1617 in
2460 1563 2542 1616 his
2567 1559 3019 1629 spectaverimus,
3051 1573 3240 1626 nempe
3263 1571 3383 1610 cum
3416 1555 3597 1625 appel-

2019 1655 2151 1709 latio
2195 1657 2408 1725 quidem
2454 1652 2672 1722 propria
2725 1659 2809 1704 est
2848 1660 2903 1704 et
2937 1648 3230 1717 peculiaris
3280 1647 3595 1701 substantia:

2022 1757 2255 1809 nostrm;
2304 1753 2542 1796 attamen
2593 1757 2716 1811 quite
2746 1742 2812 1795 de
2839 1756 2900 1794 ea
2951 1740 3338 1809 praedicantur,
3390 1748 3596 1793 naturze

2020 1849 2180 1903 supra
2234 1842 2473 1887 nostram
2522 1842 2647 1886 sunt
2693 1830 3116 1892 convenientia,
3167 1830 3294 1896 quid
3346 1828 3597 1897 putabis?

325 1927 407 1978 Οὐ
453 1927 564 1997 γὰρ
597 1925 662 1995 δὴ
720 1927 912 1997 ὥσπερ
968 1928 1030 1981 τὸ
1079 1929 1317 1999 Χριστός
1360 1929 1533 2002 ὄνομα
1585 1932 1764 1984 κοινὸν
1820 1933 1912 1985 καὶ

2018 1925 2129 1978 Non
2180 1926 2324 1979 enim
2365 1922 2522 1977 sicuti
2559 1922 2808 1976 Cltristus
2856 1936 3147 1974 commune
3218 1934 3409 1973 nomen
3459 1919 3592 1971 dua-

327 2013 634 2081 δηλωτικὸν
661 2015 769 2068 τῶν
791 2015 885 2069 δύο
912 2016 1129 2083 φύσεων
1156 2019 1323 2084 ἐστιν,
1349 2017 1492 2073 οὕτω
1516 2020 1609 2073 καὶ
1639 2019 1872 2074 ἐνταῦθα
1893 2036 1909 2052 ο

329 2103 470 2156 ἀλλὰ
498 2103 587 2156 διὰ
614 2105 714 2171 τῆς
743 2104 1052 2177 ίδιαζούσης
1079 2107 1173 2159 καὶ
1201 2107 1439 2176 φυσικῆς
1467 2110 1787 2177 ὀνομασίας,
1819 2110 1914 2163 καὶ

333 2196 398 2247 τά
427 2198 533 2265 τῆς
568 2195 996 2267 συνυφεστώσης
1052 2200 1466 2270 συνεισφέρεται
1494 2200 1681 2264 οὐσίας
1728 2201 1917 2256 πλεον-

335 2289 671 2358 εκτήματα,
724 2288 814 2343 διὰ
862 2290 960 2361 τὴν
1006 2294 1136 2361 περὶ
1171 2293 1368 2347 ταύτὸν
1405 2294 1752 2365 ἐπαλλαγὴν,
1807 2295 1915 2349 τῶν

330 2378 650 2449 ἰδιωμάτων
677 2382 1025 2452 κιρναμένων
1058 2384 1329 2454 ἀλλήλοις,
1367 2384 1559 2456 ὥσπερ
1588 2385 1651 2455 δὴ
1682 2386 1775 2437 καὶ
1805 2385 1914 2438 τῶν

323 2469 586 2535 φύσεων,
630 2472 773 2524 κατά
798 2471 857 2524 τὸ
894 2472 1353 2549 ἐκκλησιαστικὸν
1394 2474 1671 2544 φρόνημα.
1705 2472 1769 2526 Τί
1803 2475 1911 2545 γάρ

324 2564 530 2633 φήσεις
557 2562 696 2633 πρὸς
727 2564 816 2615 τόο
875 2564 1012 2616 Ἐὰν
1040 2565 1206 2631 ἴδητε
1231 2568 1336 2620 τὸν
1379 2570 1518 2623 Υίὸν
1548 2569 1652 2621 τοῦ
1687 2566 1909 2634 ἀνθρώ-

324 2668 451 2706 που
496 2654 902 2708 ἀναϐαίνοντα
956 2655 1109 2710 ὅπου
1146 2653 1225 2726 ἦν
1274 2658 1341 2712 τὸ
1386 2661 1717 2726 πρότερον·
1773 2657 1904 2713 καίο

328 2740 549 2805 οὐδεὶς
592 2742 962 2810 ἀναϐέϐηκεν
987 2746 1074 2811 είς
1113 2744 1222 2798 τὸν
1256 2747 1537 2813 οὐρανὸν,
1570 2748 1623 2800 εί
1656 2745 1741 2815 μὴ
1773 2748 1807 2799 ὁ
1842 2746 1911 2799 ἐκ

325 2832 439 2886 τοῦ
464 2835 727 2901 οὐρανοῦ
745 2838 1026 2901 καταϐὰς,
1048 2840 1081 2890 ό
1121 2838 1246 2904 Υἱὸς
1275 2839 1380 2893 τοῦ
1400 2839 1716 2906 ἀνθρώπου
1737 2852 1751 2867 ⁶
1781 2838 1908 2891 καί·

322 2926 470 2978 Εἰσί
532 2942 697 2992 τινες
735 2927 854 2981 τῶν
895 2923 1014 2982 ὦδε
1059 2929 1409 2995 ἑστηκότων
1447 2931 1669 2994 οἵτινες
1708 2931 1779 2983 οὐ
1825 2928 1910 2998 μὴ

328 3016 664 3084 γεύσωνται
696 3016 957 3089 θανάτου
976 3058 990 3081 ,
1025 3018 1136 3085 ἕως
1163 3017 1243 3073 ἂν
1273 3019 1445 3073 ἴδωσι
1484 3021 1591 3074 τὸν
1636 3019 1775 3073 Υἱὸν
1805 3018 1913 3071 τοῦ

326 3104 651 3173 ἀνθρώπου
679 3107 1008 3176 ἐρχόμενον
1030 3108 1100 3161 ἐν
1119 3108 1193 3176 τῇ
1210 3110 1501 3177 βασιλείῃ
1522 3108 1712 3162 αὐτοῦ
1735 3124 1748 3139 ο
1778 3108 1872 3160 καί
1893 3124 1906 3137 ·

326 3196 557 3251 Μέλλει
576 3201 607 3252 ό
631 3200 764 3265 Υἱὸς
780 3200 886 3253 τοῦ
908 3198 1226 3267 ἀνθρώπου
1252 3199 1537 3268 ἔρχεσθαι
1560 3200 1630 3252 ἐν
1657 3198 1735 3267 τῇ
1759 3199 1911 3267 δόξῃ

330 3284 443 3338 τοῦ
467 3286 699 3352 Πατρός
729 3287 917 3341 αὐτοῦ
944 3287 1090 3354 μετὰ
1110 3287 1230 3341 τῶν
1256 3288 1529 3357 ἀγγέλων
1555 3287 1674 3342 τῶν
1686 3290 1874 3357 ἁγίων
1894 3331 1908 3344 .

2019 2030 2248 2084 rumque
2279 2024 2592 2069 naturarum
2631 2015 3115 2067 demonstrativum
3146 2022 3266 2075 est,
3318 2012 3390 2065 ita
3423 2020 3476 2064 et
3509 2010 3595 2064 hic

2020 2106 2306 2169 usurenit,
2342 2104 2435 2160 sed
2466 2119 2587 2159 cum
2622 2104 2880 2173 peculiari
2916 2113 2968 2157 et
3019 2103 3242 2172 physica
3280 2100 3595 2155 denomina-

2023 2200 2167 2252 tione
2214 2198 2474 2252 sublimes
2502 2210 2717 2264 quoque
2758 2196 3127 2264 praerogativm
3156 2193 3376 2246 alterius
3413 2193 3597 2245 corri-

2022 2290 2215 2341 stentis
2247 2286 2564 2339 substantia:
2606 2294 3025 2347 connectuntur,
3075 2294 3298 2352 propter
3326 2282 3600 2336 vicissitn-

2023 2379 2239 2441 dinem,
2293 2379 2347 2430 in
2397 2377 2586 2430 eodem
2641 2374 2887 2439 subjecto
2945 2373 3359 2427 communicatis
3411 2380 3593 2423 mutuo

2022 2469 2365 2522 idiomatibns
2400 2480 2550 2536 reque
2578 2482 2639 2520 ac
2666 2468 3065 2533 naturis,prout
3087 2463 3449 2519 ecclesiastica
3472 2476 3594 2515 sen-

2018 2560 2187 2611 tentia
2218 2564 2321 2611 est.
2347 2556 2479 2610 Nam
2511 2557 2639 2624 quid
2668 2557 2734 2608 ad
2760 2558 2859 2609 hos
2887 2555 3034 2608 locos
3053 2554 3199 2605 dices
3230 2552 3252 2605 ?
3284 2550 3344 2605 Si
3362 2551 3593 2603 t-ideriris

2019 2647 2222 2700 Filium
2272 2646 2496 2699 hominis
2538 2645 2665 2698 illnc
2717 2645 3075 2705 ascendentem
3107 2643 3195 2695 ubi
3225 2642 3373 2708 prius
3398 2639 3589 2695 erat".

2019 2739 2084 2792 Et
2115 2756 2129 2793 :
2161 2735 2331 2790 Nemo
2371 2738 2602 2789 ascendit
2629 2736 2681 2788 in
2716 2736 2931 2795 coelum,
2975 2735 3080 2787 nisi
3109 2734 3197 2802 qui
3228 2729 3493 2784 descendit
3529 2730 3597 2779 de

2009 2828 2135 2882 casio
2191 2825 2369 2880 Filius
2423 2827 2653 2880 hominis
2680 2827 2748 2879 '“.
2789 2825 2855 2878 Et
2909 2844 2921 2880 :
2961 2825 3098 2880 Sunt
3158 2822 3373 2890 quidam
3409 2822 3473 2873 de
3510 2819 3592 2871 hic

2008 2918 2434 2987 astantibus,qui
2480 2934 2582 2970 non
2611 2917 2897 2986 gustabunt
2931 2916 3353 2980 mor:em,donec
3384 2911 3591 2963 ridi-ant

2016 3009 2217 3063 Filium
2261 3011 2488 3063 hominis
2518 3010 2799 3064 venientem
2846 3010 2900 3062 in
2936 3023 3148 3076 regnum
3187 3021 3343 3058 suum
3389 3004 3452 3058 ".
3475 3002 3538 3055 Et
3574 3018 3589 3054 :

2024 3106 2274 3160 Venturos
2304 3116 2377 3159 est
2422 3104 2597 3159 Filius
2639 3106 2869 3159 hominis
2924 3120 3029 3158 non
3074 3104 3187 3158 sine
3216 3101 3383 3171 gloria
3415 3097 3592 3150 Patris

2013 3199 2099 3251 sui
2130 3213 2244 3251 cum
2276 3196 2475 3267 angelis
2506 3196 2704 3249 sanctis
2730 3196 2799 3247 ⁷³.
3260 3183 3269 3195 ’

404 3374 554 3445 *Αρα
581 3378 675 3431 οὖν
705 3378 996 3449 προσέχεις
1015 3379 1194 3449 ψιλοῖς
1220 3383 1334 3441 τοῖς
1360 3380 1613 3451 ὀνόμασι,
1641 3381 1737 3434 καὶ
1768 3382 1907 3441 νοεῖς

2083 3376 2220 3430 Νιιιιι
2252 3376 2485 3447 tuigitur
2509 3376 2664 3431 nudis
2683 3376 2927 3430 adhaares
2977 3372 3307 3432 nominibus.
3360 3371 3593 3439 cogitas-

333 3469 617 3537 βασιλείαν
669 3469 958 3538 ἀνθρώπου
1013 3469 1232 3524 αἰώνιον
1274 3471 1369 3526 καὶ
1408 3472 1778 3539 ἀκατάλυτον;
1821 3472 1915 3525 καὶ

330 3560 627 3630 ἄνθρωπον
682 3559 761 3621 εἰς
804 3558 895 3613 τὸν
930 3559 1158 3629 οὐρανὸν
1224 3560 1686 3629 προϋπάρχοντα;
1732 3561 1826 3612 καὶ
1858 3559 1915 3625 ἐξ

330 3649 569 3723 ούρανοῦ
596 3649 854 3703 κατιόντα
882 3653 977 3705 καὶ
1000 3650 1162 3705 πάλιν
1182 3651 1263 3713 είς
1287 3651 1514 3721 οὐρανὸν
1535 3652 1754 3705 ἀνιόντα
1780 3668 1795 3719 ;
1821 3652 1917 3705 καὶ

331 3740 628 3812 ἀνθρώπου
655 3738 1060 3810 ὀνομαζομένου
1096 3740 1311 3812 πατέρα
1342 3735 1483 3794 εἶναι
1513 3741 1605 3794 τὸν
1639 3740 1773 3795 Θεὸν
1818 3740 1916 3794 καὶ

336 3834 601 3904 Πατέρα;
638 3833 710 3885 Ἦ
754 3833 1089 3895 ἀποσκοπείς
1117 3832 1254 3903 πρὸς
1285 3832 1385 3903 τὴν
1422 3832 1530 3886 τῶν
1574 3835 1916 3905 πραγμάτων

335 3923 503 3992 φύσιν
536 3922 629 3975 καὶ
665 3920 837 3992 αὐτὴν
884 3919 983 3991 τὴν
1009 3919 1271 3991 ἀλήθειαν
1296 3960 1311 3984 ,
1372 3920 1469 3974 καὶ
1512 3922 1914 3991 ἀποσεμνύνεις

332 4014 778 4086 ἐκπληττόμενος
804 4013 866 4067 τὸ
903 4014 1047 4084 μέγα
1097 4014 1199 4083 τῆς
1238 4014 1553 4084 οἰκονομίας
1590 4016 1913 4087 μυστήριον,

334 4106 523 4162 καὶτὰ
544 4106 675 4177 περὶ
701 4106 872 4175 αὐτῆς
916 4106 1190 4177 λεγόμενά
1220 4123 1280 4159 τε
1330 4107 1425 4160 καὶ
1457 4106 1724 4175 νοούμενα
1775 4106 1917 4161 κατὰ

330 4199 437 4269 τὴν
458 4196 811 4251 διδασκαλίαν
851 4196 1053 4267 ἐκδέχῃ
1080 4196 1180 4267 τῆς
1211 4195 1511 4266 καθολικῆς
1558 4196 1912 4266 Ἐκκλησίας,

330 4290 400 4343 οὗ
432 4289 717 4358 προσέχων
747 4287 935 4357 ψιλαῖς
968 4289 1091 4350 ταῖς
1124 4289 1328 4355 φωναῖς
1362 4286 1600 4350 καὶτοῖς
1626 4286 1913 4357 ὀνόμασιν,

332 4382 427 4435 ἴνα
454 4379 529 4452 μὴ
579 4384 676 4433 καὶ
718 4380 817 4446 τῆς
862 4379 1139 4449 σωτηρίας
1172 4378 1345 4451 αὐτῆς
1381 4378 1703 4445 ἀποτεύξοιο
1730 4395 1743 4409 ·
1780 4378 1916 4433 ἀλλὰ

331 4472 550 4535 τούτοις
579 4471 858 4543 ἐρρῶσθαι
891 4471 1128 4543 φράσας,
1158 4473 1273 4534 τοῖς
1305 4468 1695 4542 χρησμῳδοῦσι
1724 4469 1782 4523 δὲ
1821 4470 1915 4523 καὶ

332 4566 562 4631 ἄγουσιν
590 4562 859 4628 ὑπείκων,
888 4563 983 4615 ἐπὶ
1011 4562 1074 4617 τὸ
1102 4561 1494 4633 καταγορεύειν
1521 4562 1622 4632 τῆς
1653 4561 1916 4632 ἀληθείας

332 4659 436 4712 καὶ
453 4656 555 4727 τῆς
581 4653 675 4709 τοῦ
705 4653 944 4724 Χριστοῦ
989 4654 1306 4724 οἰκονομίας
1335 4653 1579 4724 ἀνοήτως
1604 4653 1704 4708 καὶ
1722 4653 1917 4707 δυσσει-

2016 3484 2121 3534 que
2161 3482 2383 3538 regnum
2419 3467 2655 3521 hominis
2687 3476 2954 3522 mternnm
3000 3474 3054 3519 et
3090 3464 3509 3519 indissolubile?
3542 3476 3590 3518 et

2018 3560 2288 3612 hominem
2325 3560 2378 3613 in
2404 3558 2541 3614 coelo
2563 3560 2999 3628 prmexistentcm
3018 3558 3041 3611 ἲ
3058 3567 3110 3612 et
3133 3557 3199 3612 de
3217 3556 3357 3611 caelo
3375 3557 3597 3611 descen-

2015 3650 2229 3727 dentem
2278 3664 2575 3718 rursusque
2615 3649 2743 3705 illuc
2788 3648 3198 3705 revertentem?
3255 3655 3313 3701 et
3338 3648 3594 3718 appellati

2017 3741 2255 3795 hominis
2286 3741 2585 3811 genitorem
2613 3742 2777 3795 Deum
2805 3740 3023 3795 Patrem
3056 3740 3219 3795 esse?
3245 3738 3382 3803 Quin
3413 3749 3466 3791 tu
3503 3754 3598 3805 po-

2019 3834 2127 3887 tius
2162 3834 2229 3888 ad
2263 3849 2443 3888 rerum
2473 3842 2749 3901 gestarum
2780 3842 3029 3888 naturam
3076 3832 3361 3901 ipsamque
3390 3832 3595 3884 verita-

2018 3934 2124 3980 tem
2170 3925 2421 3995 respice;
2473 3933 2528 3979 et
2572 3912 2694 3979 cum
2746 3932 2970 3994 stupore
3017 3923 3294 3978 admirare
3344 3938 3593 3991 magnum

2016 4017 2333 4072 oeconomiae
2356 4016 2697 4088 mysterium,
2724 4031 2953 4087 qumque
2984 4016 3051 4069 de
3072 4029 3134 4069 ea
3157 4015 3408 4069 dicuntur
3435 4023 3597 4082 atque

2016 4109 2315 4165 creduntur
2352 4109 2504 4179 juxta
2568 4108 2852 4163 catholicae
2914 4106 3175 4162 Ecclesiae
3222 4105 3595 4176 magisterium

2016 4200 2286 4266 admitte,
2328 4199 2471 4254 haud
2503 4200 2615 4267 jam
2674 4198 2832 4253 nudis
2881 4197 3171 4253 attendens
3210 4196 3487 4251 vocabulis
3531 4209 3596 4248 ac

2016 4292 2349 4356 nominibus,
2389 4305 2455 4345 ne
2488 4290 2716 4345 salutem
2756 4298 2902 4345 tuam
2948 4290 3194 4360 abjicias.
3229 4288 3333 4343 Sed
3378 4288 3503 4369 bent
3538 4297 3591 4338 tn

2017 4384 2168 4439 hisce
2195 4384 2447 4438 omnibus
2488 4382 2830 4445 raledieens,
2868 4382 3082 4436 vatibus
3115 4381 3222 4435 tuis
3255 4379 3592 4446 ducibusque

2016 4481 2357 4549 obsequens,
2388 4477 2457 4531 ad
2496 4476 2931 4532 calumniandam
2964 4475 3252 4530 veritatem
3287 4470 3597 4537 Christique

2017 4568 2379 4626 oeconomiam
2425 4567 2592 4622 stulte
2645 4565 2919 4636 impieque
2950 4564 3220 4634 procedis.
3261 4560 3371 4618 Nos
3417 4570 3596 4614 autem

2018 4662 2153 4716 istos
2184 4659 2453 4723 homines,
2486 4657 2579 4728 qui
2616 4658 2685 4713 de
2729 4657 3045 4713 nominibus
3075 4664 3341 4727 pugnant,
3371 4655 3423 4708 in
3456 4653 3595 4706 nuda

332 4748 450 4812 ϐὡς
488 4745 901 4818 προελήλυθας;
959 4744 1152 4815 Ἡμεῖς
1191 4744 1249 4797 δὲ
1288 4746 1418 4807 τοὺς
1465 4744 1915 4815 όνοματομάχους

2022 4750 2408 4807 vocabulorum
2440 4757 2689 4819 perstare
2715 4748 3100 4817 praedicatione
3143 4747 3404 4811 sitientes,
3434 4754 3600 4814 atque

331 4841 432 4897 ἐπὶ
450 4842 550 4909 τῆς
598 4837 708 4891 τῶν
737 4837 1019 4906 ὀνομάτων
1074 4836 1240 4907 ψιλῆς
1281 4835 1536 4892 ἵστασθαι
1575 4837 1920 4905 ἀπαγγελίας

332 4929 755 4992 καταλιπόντες,
783 4928 879 4981 καὶ
908 4927 1309 4998 προσπαλαίειν
1336 4929 1457 4990 ταῖς
1481 4926 1781 4991 συλλαϐαῖς
1821 4928 1918 4980 καὶ

330 5020 416 5092 τῷ
436 5020 731 5091 γράμματι
763 5015 1104 5085 ὑπενδόντες,
1134 5016 1228 5070 ἐπὶ
1258 5017 1357 5088 τὴν
1402 5018 1503 5087 τῆς
1531 5018 1794 5087 ἀληθείας
1821 5018 1919 5071 καὶ

332 5112 447 5167 τῶν
473 5110 814 5182 πραγμάτων
855 5108 1037 5162 αὐτῶν
1086 5108 1315 5179 δύναμιν
1345 5108 1768 5180 άπευθυνόμεθα
1823 5109 1919 5162 καὶ

331 5198 698 5267 ἀνανεύομεν,
730 5196 805 5260 ὡς
825 5197 884 5249 ὲν
924 5196 1120 5267 βραχεῖ
1143 5196 1209 5250 τὰ
1229 5195 1456 5251 τοιαῦτα
1488 5197 1916 5270 διεξερχόμενοι.

414 5289 524 5360 μζν.
560 5288 797 5342 Λεκτέον
830 5287 1011 5342 τοίνυν
1029 5288 1106 5351 ὡς
1132 5288 1194 5342 τὸ
1216 5289 1448 5360 Χριστός
1475 5290 1670 5359 ὄνομα,
1722 5290 1919 5361 ὁμολο-

333 5380 624 5451 γουμένως
649 5379 748 5450 μὲν
773 5380 872 5449 τὴν
904 5379 1074 5434 δυάδα
1107 5380 1218 5433 τῶν
1249 5380 1615 5452 φύσεωνήμῖν
1646 5383 1921 5454 παρίστη-

339 5491 431 5526 σιν
467 5473 526 5525 ὲν
550 5473 616 5544 τῇ
642 5472 744 5542 μιᾷ
771 5471 1092 5539 ὑποστάσει,
1128 5472 1203 5535 ὡς
1249 5472 1513 5537 πολλάκις
1542 5473 1601 5527 ὲν
1628 5476 1744 5537 τοῖς
1790 5491 1922 5545 προ-

335 5562 572 5618 λαϐοῦσι.
631 5561 968 5633 πλατύτερον
1042 5563 1284 5634 εἴρηται·
1343 5566 1376 5635 ἡ
1438 5564 1495 5618 δὲ
1554 5564 1916 5629 θεόπνευστος

2026 4852 2085 4898 ut
2131 4843 2184 4896 in
2231 4840 2458 4913 syllabis
2485 4840 2774 4910 litteraque
2806 4838 3171 4909 digladientur
3206 4839 3597 4899 concedentes,

2025 4932 2091 4984 ad
2121 4930 2369 4986 veritatis
2400 4943 2691 4999 rerumque
2716 4930 2950 4998 ipsarum
2977 4928 3083 4980 vim
3110 4926 3361 4981 com-arsi
3390 4931 3601 4993 specte-

2028 5036 2167 5090 mus,
2200 5022 2540 5091 breviterqne
2572 5020 2714 5074 hanc.
2742 5019 3118 5089 explauemns.

2092 5294 2184 5351 47.
2244 5294 2537 5350 Dicendum
2592 5302 2675 5350 est
2730 5294 2914 5363 itaque
2981 5290 3184 5348 Christi
3243 5304 3435 5344 nomen
3483 5288 3601 5342 sine

2024 5386 2187 5442 dubio
2216 5397 2530 5441 naturarum
2558 5385 2876 5440 dualitatem
2900 5384 3055 5438 nobis
3076 5381 3382 5451 significare
3414 5381 3465 5434 in
3493 5395 3598 5433 una

2025 5474 2326 5546 bypostasi,
2357 5484 2519 5543 prout
2548 5489 2692 5545 saepe
2723 5474 2774 5527 in
2796 5472 3167 5544 superioribus
3202 5471 3363 5525 latius
3395 5470 3597 5523 dictum

2026 5565 2144 5620 fuit.
2175 5564 2437 5634 inspirata
2469 5576 2647 5620 antem
2679 5562 2935 5619 divinitus
2962 5562 3270 5633 Scriptura,
3295 5568 3351 5617 et
3378 5557 3598 5615 Patrum

415 5698 463 5730 "
509 5695 665 5753 Joan.
706 5697 889 5761 νι,65.
966 5698 1009 5729 “
1050 5695 1206 5752 Joan.
1244 5714 1325 5762 ιιι,
1366 5699 1452 5753 15.
1531 5700 1574 5731 ⁷³
1604 5698 1795 5754 Matth.
1842 5716 1910 5754 xv

2019 5701 2069 5755 8.
2148 5701 2194 5732 ⁷³
2224 5700 2355 5756 ibid.
2380 5701 2470 5755 ‘27.

411 5853 532 5926 (64)
562 5853 757 5911 Recole
796 5854 942 5909 dicta
990 5854 1055 5908 de
1088 5852 1254 5907 variis
1303 5853 1680 5908 barreticorum
1722 5855 1906 5921 sectis,
1950 5871 2001 5926 p.
2039 5856 2130 5923 51,
2168 5858 2293 5910 adn.
2321 5856 2411 5909 ‘26.
