4050 6426
325 404 433 468 321

1046 418 1683 482 ANTIRRIIETICUS
1721 422 1749 481 Ι
1794 420 1961 480 ADV.
2003 419 2600 488 CONSTANT‘INUM
2637 428 2851 490 COPR.

3493 439 3600 502 322

328 515 457 569 τῶν
490 518 793 587 ἁμαρτιῶν
826 522 996 590 ἡμῶν
1014 525 1303 590 ἀπέθανε,
1334 533 1565 595 δίκαιος
1594 528 1749 598 ὑπὲρ
1790 528 1919 585 ἀδι-

2029 541 2204 587 nastra
2240 545 2478 591 mortuus
2508 547 2619 602 est,
2649 540 2820 607 iustus
2844 557 2939 610 pro
2967 542 3201 612 injustis,
3228 556 3281 599 ut
3321 564 3415 601 uos
3441 550 3604 618 o/fer-

329 622 487 660 κωνο
524 609 626 661 ἵνα
655 609 813 679 ἡμᾶς
850 617 1202 686 προσαγάγῃ
1252 617 1333 683 τῷ
1372 617 1514 684 Θεῷ,
1564 619 1921 686 θανατωθεὶς

324 699 452 767 μὲν
477 701 684 770 σαρκὶ,
726 701 1100 773 ζωοποιηθεὶς
1129 707 1197 761 δὲ
1222 710 1534 779 πνεύματι.
1581 712 1690 765 Καὶ
1720 708 1881 765 «eam
1900 727 1916 742 ο

327 794 600 858 Χριστοῦ
648 791 763 850 ὀῦν
810 799 1115 867 παθόντος
1150 801 1313 870 ,ὑπὲρ
1352 802 1522 871 ἡμῶν
1568 803 1770 871 σαρκὶ,
1822 802 1920 857 καὶ

328 888 505 956 ὑμεῖς
529 889 645 959 τὴν
664 892 863 960 at)th
887 894 1135 950 ἔννοιαν
1167 898 1537 952 ὁπλίσασθε.
1586 898 1920 967 Συνυπηχή-

330 994 415 1030 σει
444 980 661 1045 τούτοις
686 983 780 1036 καὶ
824 985 851 1036 6
884 984 990 1037 τῶν
1032 987 1366 1059 ἀπορρήτων
1398 988 1758 1058 μυσταγωγδς
1786 989 1920 1058 Χριο

330 1070 464 1125 στὸν
488 1073 910 1145 ἐσταυρωμένον
935 1077 1232 1148 κηρύσσων
1254 1094 1269 1109 °
1296 1082 1407 1134 Kal
1430 1081 1540 1135 τὸν
1562 1082 1788 1149 Κύριον
1809 1080 1919 1148 τῆς

328 1160 526 1230 δόξης
569 1164 1011 1233 ἐσταιερῶσθαι.
1059 1170 1245 1242 Ταῦτῃ
1311 1170 1631 1235 θεοκτόνους
1676 1171 1773 1226 καὶ
1817 1189 1917 1225 κυ-

332 1255 648 1324 ριοκτόνους
678 1258 1017 1312 ἀποκαλοῦσι
1071 1261 1199 1323 τοὺς
1224 1261 1516 1325 Ἰουδαίους
1557 1262 1711 1315 αὐτοί
1732 1279 1791 1314 τε
1823 1262 1919 1315 καὶ

328 1348 379 1400 οἱ
408 1347 696 1403 θεσπέσιοι
719 1350 968 1420 Πατέρες
992 1352 1170 1423 ἡμῶν,
1205 1354 1255 1407 οἳ
1281 1356 1410 1425 περὶ
1444 1355 1539 1407 τοῦ
1580 1354 1787 1425 τρόπου
1820 1356 1919 1425 τῆς

328 1436 682 1502 οἰκειὼσεως,
705 1438 886 1491 τοιάδε
909 1439 1190 1506 διεξίασιν.
1234 1441 1291 1494 '0
1330 1441 1432 1511 μὲν
1462 1440 1605 1505 θεῖος
1648 1440 1919 1513 Κύριλλος

329 1529 391 1580 ὲν
420 1531 489 1598 τῇ
518 1529 657 1598 πρὸς
678 1530 975 1602 Νεστόριον
1023 1530 1182 1603 τρίτῃ
1220 1533 1479 1605 ἐπιστολῇ
1506 1549 1521 1565 ·
1563 1551 1582 1584 ι
1636 1534 1747 1586 Καὶ
1762 1528 1833 1604 ἦν
1859 1534 1918 1587 ὲν

327 1618 411 1688 τῷ
434 1620 805 1691 σταυρωθέντι
824 1622 1056 1692 σώματι,
1080 1622 1150 1676 τὰ
1174 1622 1275 1692 τῆς
1302 1623 1435 1686 ἰδίας
1462 1624 1663 1696 σαρκὸς
1678 1623 1917 1677 οἰκειοὺ-

334 1728 500 1780 μενος
558 1696 727 1783 πάθηξ
763 1732 782 1764 ι
842 1714 931 1767 Ἐν
955 1714 1013 1767 δὲ
1058 1717 1123 1786 τῇ
1175 1716 1311 1788 πρὸς
1366 1718 1495 1781 τοὺς
1560 1717 1917 1781 άνατολικοὺς

2021 632 2095 675 ret
2124 623 2266 688 Deo;
2288 628 2639 695 morti/italus
2664 631 2871 698 quidem
2902 649 3079 698 carne,
3104 636 3393 704 viviﬁcatus
3423 656 3601 696 autem

2019 714 2212 782 spiritu
2244 716 2310 768 ⁷⁸.
2339 717 2405 770 Ει
2430 734 2650 775 rursus:
2681 719 2892 777 Christo
2918 741 3075 787 passo
3105 743 3198 791 pro
3231 729 3377 781 nobis
3408 747 3599 795 carne,

2020 817 2067 858 et
2123 822 2212 860 vos
2249 810 2433 862 eadem
2484 812 2807 880 cogitatione
2848 815 3134 868 armamini
3153 817 3218 870 ⁷⁵.
3268 817 3601 874 Consonabit

2022 896 2107 951 his
2136 899 2299 952 etiam
2330 902 2718 971 mysteriorum
2765 904 3030 970 iuitiator,
3081 906 3347 961 Christum
3380 912 3599 971 cruciﬁ-

2019 1004 2144 1041 a‘um
2172 991 2467 1054 prwdicans
2491 1033 2504 1055 ,
2533 1003 2581 1046 et
2614 993 2892 1048 Dominum
2920 996 3103 1065 gloria:
3127 998 3181 1050 in
3210 1014 3363 1052 cruce
3387 1016 3604 1069 suspen-

2020 1077 2227 1129 sum".
2277 1077 2404 1132 Ideo
2456 1081 2699 1135 deicidas
2738 1094 2791 1137 et
2841 1086 3201 1141 dominicidas
3249 1099 3446 1143 vocant
3503 1088 3603 1143 Ju-

2020 1165 2165 1217 dzeos
2215 1175 2325 1219 tum
2371 1168 2494 1235 isti,
2526 1181 2637 1223 tum
2671 1171 2776 1224 divi
2810 1171 3000 1228 Patres
3044 1176 3249 1242 nostri,
3282 1176 3372 1245 qui
3418 1178 3482 1231 de
3514 1194 3603 1231 ru-

2024 1256 2169 1309 tioue
2191 1260 2645 1328 appropriationis
2665 1262 2976 1318 idiomatum
3009 1266 3081 1321 ita
3110 1268 3404 1327 disserunt.
3435 1267 3604 1323 Divus

2020 1347 2236 1415 quidem
2261 1347 2495 1420 Cyrillus
2520 1352 2572 1406 in
2599 1355 2753 1406 tertia
2784 1355 2849 1409 ad
2870 1355 3177 1412 Nestorium
3199 1361 3428 1428 cpistola
3450 1360 3562 1433 (68)
3585 1382 3600 1416 :

2024 1457 2043 1491 ι
2099 1438 2335 1509 Eratque
2378 1443 2433 1497 in
2483 1445 2744 1498 crueilixn
2789 1462 3053 1515 corpore,
3107 1451 3288 1505 carnis
3342 1466 3452 1505 sua:
3501 1451 3605 1507 sibi

2019 1534 2384 1602 approprians
2418 1536 2723 1603 passiones.
2769 1556 2786 1588 ι
2822 1538 2884 1592 lu
2912 1539 3002 1593 illa
3043 1556 3175 1596 vero
3204 1541 3269 1594 ad
3300 1541 3605 1598 Orientales

2017 1625 2098 1678 sic
2129 1623 2239 1695 (69)
2274 1644 2287 1679 :
2332 1644 2350 1677 ι
2394 1625 2732 1696 Impassibile
2762 1640 3028 1699 prmterea
3069 1631 3159 1685 Dei
3197 1631 3430 1688 Verbum
3472 1648 3605 1689 con-

2020 1718 2236 1772 fitemur
2265 1733 2477 1783 omnes,
2508 1722 2722 1777 etiamsi
2750 1724 3154 1792 sapientissime
3178 1728 3421 1795 mysterii
3455 1741 3607 1781 teco-

329 1800 509 1865 οὖτως
536 1818 549 1831 ·
592 1821 611 1853 ι
661 1802 873 1874 Ἀπαθῆ
903 1803 958 1855 δὲ
983 1804 1120 1872 πρὸς
1148 1802 1327 1857 ταῦτα
1355 1805 1446 1857 τὸν
1471 1804 1563 1857 τοῦ
1589 1804 1724 1858 Θεοῦ
1743 1804 1915 1872 Λόγον

2029 1809 2255 1863 nomiam
2292 1825 2516 1879 gerens,
2547 1813 2651 1868 sibi
2705 1816 3005 1870 attribuere
3053 1817 3339 1872 videbatur
3364 1833 3456 1873 eas
3485 1834 3605 1888 qua:

333 1891 707 1962 ὁμολογοῦμεν
737 1892 998 1957 ἅπαντες,
1036 1894 1141 1948 κᾶν
1165 1896 1213 1948 εἰ
1240 1896 1535 1962 πανσόφως
1570 1897 1734 1957 αὐτὸς
1764 1898 1910 1949 οἰκο-

334 1985 519 2056 νομῶν
545 1986 608 2038 τὸ
634 1986 956 2056 μυστήριον,
988 1986 1167 2057 ἑαυτῷ
1191 1987 1515 2059 προσνέμων
1536 1988 1731 2057 ὁρῷτο,
1753 1988 1822 2042 τὰ
1848 1990 1915 2059 τῇ

341 2079 448 2149 ἰδίᾳ
480 2078 655 2148 σαρκὶ
705 2077 1091 2147 συμϐεϐηκότα
1145 2079 1318 2149 πάθη.
1395 2099 1413 2132 ι
1452 2080 1723 2154 Ταύτῃτοι
1770 2080 1918 2133 καὶὸ

342 2172 609 2239 πάνσοφος
635 2169 859 2240 Πέτροςθ
878 2171 1135 2236 Χριστοῦ
1156 2166 1248 2225 οὖν
1265 2172 1562 2239 παθόντος
1579 2172 1732 2242 ὑπὲρ
1749 2172 1919 2242 ἡμῶν

338 2263 553 2331 σαρκί·
583 2263 680 2316 καὶ
719 2263 841 2332 οὐχὶ
867 2264 933 2333 τῇ
986 2261 1148 2331 φύσει
1190 2262 1292 2332 τῆς
1330 2265 1572 2336 ἀρρήτου
1630 2265 1916 2336 θεότητος·

338 2354 424 2408 ῖνα
457 2354 568 2425 γάρ
622 2353 785 2417 αὐτὸς
820 2352 930 2406 τῶν
976 2353 1114 2407 ὅλων
1146 2354 1336 2426 Σωτὴρ
1386 2351 1524 2409 εἶναι
1567 2356 1918 2427 πιστεύηται,

322 2448 460 2499 κατ’
488 2445 766 2499 οἰκείωσιν
792 2445 1147 2517 οἰκονομικὴν
1177 2448 1258 2511 εἰς
1296 2447 1513 2509 ἐαυτδν,
1540 2448 1613 2511 ὡς
1647 2448 1805 2517 ἔφην,
1850 2448 1921 2503 τὰ

332 2538 439 2606 τῆς
468 2536 602 2600 ἰδίας
666 2536 870 2609 σαρκὸς
908 2536 1174 2607 ἀναφέρει
1222 2537 1393 2610 πάθη.
1454 2540 1513 2592 '0
1565 2539 1622 2592 δέ
1677 2557 1740 2610 γε
1777 2539 1921 2609 ἱερὸς

351 2635 704 2706 Ἀμφιλόχιος
757 2634 893 2706 πρὸς
923 2633 1189 2687 Σέλευκον
1231 2632 1484 2704 γράφων,
1523 2630 1667 2686 οὕτω
1717 2633 1920 2703 φησίν⁹

222 2806 229 2810 -
330 2750 365 2782 .s
419 2730 486 2782 Ἡ
511 2728 779 2798 ληφθεῖσα
810 2728 1011 2797 πάσχει
1043 2726 1225 2795 φύσις,
1256 2728 1289 2797 ἠ
1318 2726 1374 2779 δὲ
1413 2725 1654 2780 λαϐοῦσα
1703 2725 1921 2797 ἀπαθὴς

340 2822 533 2890 μένει·
563 2820 862 2875 οἰκειοῦται
908 2820 966 2875 δὲ
995 2821 1024 2874 6
1079 2821 1210 2884 Θεὸς
1246 2822 1312 2874 τὰ
1343 2820 1436 2874 τοῦ
1479 2821 1611 2874 ἰδίου
1661 2819 1790 2875 ναοῦ
1824 2822 1922 2875 άν-

339 2906 591 2980 θρὼπινα
615 2906 786 2979 πάθη,
808 2909 1045 2980 σταυρόν
1076 2927 1218 2980 φημι
1241 2910 1337 2963 καὶ
1357 2909 1608 2976 θάνατον,
1630 2911 1731 2964 καὶ
1753 2911 1923 2965 τᾶλλα

337 3002 443 3054 ὅσα
476 3003 603 3072 περὶ
628 3002 793 3054 αὐτὸν
843 3002 1206 3072 οἰκονομικῶς
1252 3001 1543 3071 θεωρεῖται
1570 3021 1582 3032 ’
1623 3004 1921 3059 οἰκειοῦται

344 3093 404 3145 δὲ
428 3092 595 3147 αὐτὸς
621 3094 846 3163 πάσχων
865 3092 1041 3146 οὐδέν.
1079 3112 1097 3144 ι
1129 3091 1284 3145 Οὕτω
1329 3094 1424 3146 καὶ
1452 3094 1481 3147 6
1527 3092 1669 3157 θεῖος
1721 3094 1925 3165 Γρηγό-

2023 1903 2173 1956 carni
2224 1919 2335 1958 suae
2367 1906 2687 1959 accidebant
2728 1908 3027 1975 passiones.
3086 1908 3376 1978 Propterea
3420 1920 3476 1965 et
3517 1928 3605 1965 sa-

2025 1993 2397 2061 pientissimus
2427 1994 2625 2050 Petrus
2659 2014 2673 2050 :
2703 1995 2917 2051 Christo
2958 1999 3121 2069 igitur
3150 2015 3245 2066 pro
3275 1999 3421 2054 nobis
3450 2016 3607 2055 came

2022 2084 2129 2154 63
2156 2100 2308 2152 passo
2322 2102 2347 2150 ;
2371 2100 2558 2152 carne,
2578 2087 2816 2155 inquam,
2842 2103 2944 2141 non
2974 2089 3257 2143 ineliabilis
3280 2089 3495 2146 deitatis
3518 2108 3608 2144 na-

2028 2184 2168 2229 tura.
2199 2175 2272 2232 Ut
2289 2176 2434 2230 enim
2458 2177 2575 2246 ipse
2590 2179 2830 2233 oumium
2851 2179 3111 2235 Servator
3131 2195 3250 2234 esse
3268 2182 3604 2250 crederetur,

2026 2269 2365 2323 meonomiea
2385 2270 2825 2339 appropriatione
2848 2271 2901 2323 in
2930 2286 3011 2337 se,
3041 2282 3101 2326 ut
3127 2273 3260 2336 dixi,
3293 2274 3475 2329 carnis
3495 2289 3607 2330 sum

2027 2358 2307 2425 passiones
2341 2360 2634 2415 transtulit.
2668 2378 2687 2412 ι
2720 2361 2887 2416 Sacer
2924 2378 3053 2418 vero
3084 2363 3503 2434 Amphilochius
3537 2367 3606 2422 ad

2030 2447 2311 2503 Seleucum
2335 2449 2582 2505 scribens
2611 2450 2691 2505 sic
2715 2452 2791 2505 ait
2826 2451 2939 2523 (70)
2971 2468 2984 2506 :
3027 2471 3045 2505 ι
3083 2454 3373 2526 Assumpta
3406 2458 3610 2527 patitur

2029 2548 2223 2593 natura
2245 2580 2260 2605 ,
2291 2541 2383 2595 sed
2410 2555 2474 2597 ea
2510 2558 2631 2613 quas
2669 2546 2987 2614 assumpsit,
3019 2555 3203 2601 manet
3236 2548 3604 2618 impassibilis.

2027 2634 2358 2701 Appropriat
2381 2647 2562 2689 autem
2588 2636 2692 2691 sibi
2726 2636 2866 2691 Deus
2894 2639 3097 2709 proprii
3126 2641 3309 2719 templi
3341 2642 3609 2697 humanas

2030 2726 2349 2794 passiones,
2382 2741 2601 2782 crucem
2637 2737 2692 2781 et
2734 2739 3007 2794 mortem,
3039 2739 3093 2784 et
3130 2731 3236 2786 alia
3265 2741 3526 2802 quotquot
3554 2735 3607 2789 in

2030 2817 2147 2887 ipso
2176 2819 2477 2874 secundum
2507 2821 2870 2875 mconomiam
2907 2834 3246 2889 spectantur.
3282 2825 3611 2895 Appropriat

2028 2910 2153 2974 sibi,
2184 2909 2427 2978 inquam,
2460 2910 2592 2964 nihil
2624 2912 2739 2981 ipse
2777 2912 3006 2980 patiens.
3046 2935 3065 2964 ι
3100 2913 3189 2969 Sic
3215 2925 3271 2970 et
3296 2918 3452 2972 divus
3475 2915 3609 2973 Gre-

2027 2999 2211 3069 gorius
2234 2997 2510 3070 Nyssenus
2531 3001 2790 3054 adversus
2812 3001 3175 3069 Apollinarem
3198 3006 3567 3077 scribensf'il)
3590 3024 3605 3064 :

2034 3110 2054 3143 ι
2087 3091 2353 3157 Quoniam
2406 3090 2585 3161 itaque
2628 3091 2735 3144 alia
2781 3101 2862 3146 est
2904 3092 3148 3153 ltutnana
3184 3094 3466 3162 voluntas,
3503 3099 3605 3151 alia

310 3177 770 3250 ριοςόΝυσσαεὺς
790 3181 1331 3252 κατὰἈπολιναρίου
1363 3182 1611 3254 γράφων
1648 3201 1665 3235 ι
1699 3182 1921 3254 Ἐπειδὴ

2030 3182 2240 3245 divina,
2275 3180 2514 3250 loquitur
2546 3181 2788 3251 quidem,
2827 3192 3085 3251 tanquam
3133 3198 3196 3237 ex
3237 3186 3603 3255 humanitate,

340 3278 529 3328 τοίνυν
569 3274 701 3329 ἄλλο
756 3274 817 3326 τὸ
868 3272 1213 3343 ἀνθρώπινον
1262 3272 1503 3344 θέλημα,
1547 3274 1642 3328 καὶ
1688 3274 1816 3329 ἄλλο
1861 3276 1925 3328 τὸ

342 3366 514 3430 θεῖον,
568 3365 868 3434 φθέγγεται
919 3364 1019 3436 μὲν
1054 3365 1130 3428 ὡς
1184 3366 1249 3417 ἐκ
1295 3364 1388 3418 τοῦ
1425 3365 1741 3436 ἀνθρώπου,
1772 3368 1834 3422 τὸ
1857 3369 1924 3440 τῇ

341 3456 603 3527 ἀσθενείᾳ
629 3456 728 3526 τῆς
754 3454 969 3523 φύσεως
995 3456 1329 3527 πρόσφορον,
1358 3458 1386 3509 ὁ
1414 3456 1482 3510 τὰ
1506 3458 1753 3532 ἡμέτερα
1778 3459 1926 3529 πάθη

340 3548 792 3618 οἰκειωσάμενος.
825 3548 967 3618 Ἤδη
999 3547 1055 3601 δὲ
1083 3548 1112 3601 6
1160 3550 1254 3602 καὶ
1304 3549 1634 3619 παράδοξον,
1667 3553 1729 3605 οὐ
1765 3552 1927 3622 μόνον

340 3642 419 3695 τὰ
453 3643 519 3711 τῇ
549 3639 672 3693 καθ’
702 3641 852 3711 ἡμᾶς
876 3641 1036 3709 φύσει
1067 3640 1349 3703 οὐσιωδῶς
1406 3658 1466 3694 τε
1514 3641 1609 3695 καὶ
1662 3642 1722 3707 ἐξ
1750 3642 1929 3715 ἀρχῆς

344 3732 728 3806 ἐνυπάρχοντα
747 3731 919 3803 πάθη,
943 3731 1081 3786 ἀλλὰ
1107 3732 1203 3786 καὶ
1230 3733 1298 3785 τὰ
1316 3731 1524 3787 τούτων
1546 3734 1924 3806 άπηχέστεραο

344 3826 494 3878 κατὰ
524 3824 619 3877 τοῦ
644 3825 864 3878 πάντων
895 3824 1055 3894 ἡμῶν
1094 3825 1351 3895 Σωτῆρος
1406 3826 1647 3895 Χριστοῦ
1684 3842 1928 3897 κατηγο-

351 3915 601 3988 ρούμενα
615 3917 737 3977 ταῖς
756 3916 800 3967 ἰε
810 3920 931 3986 ραῖς
947 3916 1195 3986 Γραφαῖς
1210 3916 1529 3988 εὑρίσκεται
1549 3934 1562 3948 ο
1584 3916 1682 3970 καὶ
1705 3917 1931 3972 οἰκειοῦ-

346 4007 480 4060 σθαι
531 4006 706 4059 ταῦτα
758 4006 1003 4075 λέγεται,
1077 4007 1261 4061 ὁποῖόν
1307 4007 1363 4060 τί
1408 4010 1525 4062 ἐστι
1566 4008 1628 4061 τὸ
1677 4010 1930 4080 κατάραν

346 4099 496 4169 ὑπὲρ
526 4098 681 4168 ἡμῶν
716 4086 812 4151 καὶ
844 4099 1029 4166 μέντοι
1057 4098 1151 4153 καί⁸
1195 4098 1472 4168 ἁμαρτίαν
1516 4098 1683 4153 αὐτὸν
1720 4099 1933 4168 γεγονέ-

346 4205 460 4242 var
482 4189 626 4243 κατὰ
650 4189 711 4243 τό
729 4205 743 4219 ⁶
764 4188 1233 4257 Ἐπικατάρατος
1254 4186 1374 4255 πᾶς
1397 4191 1429 4243 ό
1445 4188 1814 4260 κρεμάμενος
1833 4190 1934 4246 ἐπὶ

346 4282 569 4345 ξύλου.
595 4280 708 4335 Καὶ
734 4281 797 4334 τό
828 4296 842 4311 ·
861 4281 983 4334 Οὐκ
1015 4280 1217 4333 εἰδότα
1244 4280 1559 4349 ἁμαρτίαν,
1586 4280 1741 4349 ὑπὲρ
1765 4279 1935 4350 ὑμῶν

344 4375 649 4442 ἁμαρτίαν
673 4375 947 4441 ἐποίησε.
978 4373 1053 4426 Τό
1078 4390 1140 4425 τε
1170 4373 1439 4444 ἡμέτερον
1464 4373 1761 4436 στασιῶδες
1787 4375 1936 4427 avst-

345 4466 583 4536 ληφὲναι
613 4460 709 4520 καὶ
734 4463 1295 4520 ἀνυπότακτον.οὔτω
1318 4464 1427 4535 γὰρ
1446 4463 1743 4518 οἰκειοῦται
1761 4466 1829 4519 τὰ
1839 4464 1934 4520 τοῦ

2027 3287 2087 3326 ea
2141 3287 2260 3340 qua:
2296 3281 2425 3325 sunt
2473 3269 2776 3324 inﬁrmitati
2824 3281 3031 3326 staturae
3083 3289 3365 3344 congrua,
3414 3277 3461 3331 is
3511 3280 3604 3347 qui

2027 3372 2243 3417 nostras
2258 3362 2557 3432 .passiones
2588 3362 2690 3416 sibi
2739 3364 3136 3433 appropriavit.
3168 3365 3416 3437 Insuper,
3461 3373 3608 3441 quod

2028 3451 2276 3507 mirabile
2306 3460 2422 3517 est,
2475 3468 2580 3507 non
2630 3454 2806 3509 solum
2841 3470 2935 3510 eas
2984 3470 3107 3525 qua:
3159 3470 3357 3514 nostrae
3401 3473 3606 3520 natura:

2028 3543 2460 3599 substantialiter
2482 3554 2537 3600 et
2559 3561 2588 3599 a
2615 3546 2928 3615 primordiis
2956 3548 3141 3602 insunt
3167 3552 3444 3618 passiones
3463 3596 3478 3620 ,
3510 3558 3603 3611 sed

2028 3636 2192 3690 etiam
2249 3637 2583 3702 deteriores,
2644 3640 2711 3692 de
2753 3639 3025 3694 communi
3083 3648 3268 3696 nostro
3317 3644 3608 3701 Servatore

2030 3726 2248 3782 Christo
2268 3727 2590 3796 pra-dicatas
2616 3728 2668 3782 in
2698 3729 2873 3783 sacris
2895 3728 3195 3800 Scripturis
3218 3735 3604 3803 comperimus,

2029 3833 2232 3888 easque
2282 3819 2656 3889 appropriatas
2704 3819 2849 3888 dici,
2883 3821 3049 3876 veluti
3099 3824 3240 3892 quod
3299 3826 3609 3882 maledictio

2031 3925 2128 3979 pro
2157 3909 2347 3973 nobis,
2383 3909 2491 3963 imo
2538 3917 2593 3964 et
2638 3920 2944 3979 peccatum,
2991 3911 3167 3967 factus
3220 3914 3383 3969 fuerit
3410 3910 3425 3982 ξ
3455 3918 3608 3988 juxta

2033 4002 2208 4056 illud:
2242 3999 2558 4054 Maledicta:
2606 4005 2773 4055 omnis
2814 4003 2904 4072 qui
2935 4004 3120 4070 pendet
3167 4005 3219 4058 in
3261 4005 3405 4077 ligno
3431 4009 3497 4064 ⁷⁷.
3546 4009 3615 4064 Et

2035 4092 2205 4147 illud:
2240 4090 2573 4146 Nescientem
2600 4102 2909 4162 peccatum,
2940 4093 3061 4164 fecit
3092 4113 3205 4152 esse
3242 4110 3512 4167 peccatum
3543 4102 3609 4156 ⁷⁸.

2034 4182 2171 4237 Tum
2193 4184 2319 4252 quia
2351 4182 2611 4239 rebellem
2645 4194 2886 4238 nostram
2928 4198 3416 4260 contumacemque
3459 4205 3614 4247 natu.

2034 4293 2153 4334 ram
2188 4278 2512 4348 susceperit.
2542 4278 2635 4333 Sic
2659 4278 2802 4333 enim
2838 4280 2940 4335 sibi
2973 4283 3282 4351 appropriat
3313 4298 3612 4356 assumpta,

2038 4377 2096 4422 ut
2135 4367 2189 4422 in
2226 4383 2285 4423 se
2330 4367 2602 4423 deteriora
2646 4380 2971 4436 consumat,
3003 4371 3166 4425 veluti
3203 4388 3381 4426 ceram
3435 4374 3613 4445 ignis,

2040 4470 2197 4515 teme
2224 4474 2477 4528 vaporem
2509 4460 2590 4515 sol
2624 4477 2639 4514 :
2678 4475 2882 4527 nosque
2921 4464 3141 4532 propria
3185 4464 3351 4533 ipsius
3388 4456 3614 4535 p‘artici-

346 4558 809 4630 rpoaitﬂppagz’oc,
852 4558 940 4611 ἵνα
965 4557 1025 4610 ὲν
1077 4553 1259 4625 ἑαυτῷ
1290 4554 1582 4625 δαπανήσῃ
1613 4554 1673 4609 τό
1724 4558 1924 4627 χεῖρον,

2041 4566 2234 4621 pemtts
2267 4562 2487 4623 propter
2537 4552 2944 4607 adunatiouem.
2982 4571 3000 4604 ι
3038 4554 3110 4607 ita
3153 4572 3377 4625 magnus
3408 4555 3616 4627 Grego-

344 4652 429 4714 ὡς
452 4650 625 4721 κηρὸν
658 4650 794 4721 πῦρ,
829 4649 925 4703 καὶ
955 4649 1032 4713 ὡς
1066 4646 1267 4717 ἀτμίδα
1295 4647 1402 4718 γῆς
1430 4646 1605 4717 ἣλιος,
1649 4648 1744 4701 καὶ
1774 4651 1935 4718 ἡμεῖς

351 4742 752 4814 μεταλάϐωμεν
773 4742 882 4797 τῶν
904 4741 1114 4797 ἐκείνου
1142 4739 1228 4793 διὰ
1247 4740 1347 4809 τὴν
1377 4739 1708 4812 σύγκρασιν·
1738 4759 1756 4792 ι
1784 4745 1812 4796 6
1839 4743 1939 4812 μέ-

343 4852 457 4904 γας
489 4834 623 4905 φησι
648 4836 968 4907 Γρηγόριος.
1670 4834 1677 4842 ’

2041 4643 2176 4704 rius.

408 4970 478 5041 _"
510 4969 532 5025 l
565 4972 713 5027 Petr.
745 4988 830 5037 nt,
872 4972 961 5026 l8.
1033 4971 1083 5003 "
1115 4969 1133 5024 I
1163 4969 1312 5025 Petr.
1346 4984 1422 5032 tv,
1453 4970 1502 5023 l.
1580 4969 1626 5000 ⁷⁸
1655 4969 1669 5023 1
1698 4968 1823 5025 Cor.
1852 4975 1924 5037 t,l

2047 4972 2090 5003 ⁷⁷
2116 4967 2296 5025 Galat.
2331 4983 2413 5031 ιιι,
2440 4967 2527 5022 l5.
2603 4967 2651 4999 ’⁸
2682 4967 2720 5021 ll
2747 4968 2878 5023 Cor.
2912 4974 2962 5034 v‘,
2996 4967 3087 5022 2|.

431 5129 547 5192 l68)
582 5128 680 5182 Ed.
713 5128 934 5181 Auberti
970 5136 1009 5181 t.
1053 5124 1117 5186 ν,
1164 5134 1306 5193 part.
1336 5139 1403 5193 ιι,
1438 5138 1492 5191 p.
1525 5102 1615 5176 7%.

457 5200 548 5275 fit!)
580 5198 779 5275 Confer
807 5196 993 5275 gyrilli
1014 5192 1224 5275 ppera,
1334 5192 1418 5275 ιι,
1452 5194 1672 5275 p._l§8._
1698 5263 1732 5275 η

459 5263 548 5339 ἶθ)
597 5263 1185 5339 Αριιιιγοόιηὺοθείψιι
1258 5264 1311 5317 in
1368 5263 1732 5339 amphilochii
1788 5263 1930 5319 Reli-

353 5334 613 5413 quiarum
648 5334 908 5413 editione,
940 5352 991 5413 ρ.
1024 5334 1149 5413 μᾷ,
1177 5348 1299 5413 cum
1335 5334 1822 5413 aliquanvat'ietj‘tte:

436 5409 549 5478 (7|)
591 5409 649 5463 In
681 5408 918 5462 editione
943 5401 1216 5481 Parisiaca
1255 5411 1293 5458 t.
1335 5402 1396 5466 ll,
1430 5401 1486 5471 p.
1523 5402 1644 5481 σξιο.
1704 5401 1930 5481 Reliqua

356 5473 463 5551 per
485 5473 655 5551 otium
685 5475 1120 5551 suntquaerenda
1141 5488 1424 5551 ;__t_tamque
1459 5483 1513 5526 et
1536 5473 1765 5551 alterum
1795 5473 1937 5543 Nys-

356 5542 479 5605 ἱειιί
512 5549 776 5628 prolixum
818 5542 1008 5601 contra
1041 5543 1411 5625 Apollinarem
1444 5542 1705 5623 scriptum
1746 5542 1933 5623 protu-

360 5622 422 5673 lit
451 5620 513 5672 ι.
540 5617 862 5686 Zaeagnms.
904 5614 1207 5682 Caatemqm
1258 5612 1528 5686 absurdus
1560 5612 1689 5665 mtht
1721 5613 1939 5686 ridetur

359 5680 747 5745 Carolinoruin
783 5687 1045 5740 librorum
1094 5680 1284 5736 auctor
1316 5681 1408 5736 lib.
1457 5697 1536 5750 tl,
1565 5695 1683 5750 cap.
1714 5680 1798 5739 l7.
1845 5683 1935 5748 qui

367 5760 438 5811 ad
487 5756 718 5811 Nil-zenae
768 5754 958 5824 synodi
991 5751 1319 5824 testimonia
1364 5766 1429 5824 ex
1479 5748 1758 5824 _Nysseno,_
1804 5750 1936 5824 nihil

374 5828 526 5882 aliud
557 5819 865 5897 respondet,
898 5823 1019 5901 nisi
1040 5821 1201 5892 hujus
1242 5819 1419 5877 Patris
1442 5819 1610 5876 vitam
1644 5831 1697 5874 et
1730 5821 1934 5875 doctri-

2047 5138 2169 5176 nam
2198 5122 2300 5175 sibi
2337 5135 2457 5176 esse
2484 5121 2747 5190 ignotam,
2781 5122 3012 5190 ideoque
3050 5123 3362 5176 testimonia
3393 5140 3455 5175 ex
3502 5123 3616 5190 eius

2047 5191 2323 5260 opusculis
2348 5191 2554 5260 prolata
2592 5192 2659 5244 ad
2702 5206 2787 5245 res
2817 5192 3012 5247 dubias
3058 5195 3485 5255 conﬁrmandus,
3515 5197 3616 5246 mi-

2045 5276 2145 5314 nus
2176 5261 2321 5314 cerni
2352 5260 2563 5314 idonea.
2600 5260 2805 5315 Rursus
2849 5261 2940 5315 lib.
2975 5278 3059 5326 ιιι,
3082 5276 3204 5329 cap.
3249 5265 3303 5319 5.
3336 5276 3616 5328 perperam

2044 5342 2235 5384 aut-tor
2266 5331 2611 5398 reprehendit
2643 5330 2948 5395 'l'arasium,
2990 5333 3133 5399 quod
3163 5333 3213 5383 in
3255 5333 3373 5383 lidei
3407 5331 3619 5398 profes-

2042 5401 2423 5471 sionegdixcrit
2455 5401 2717 5471 Spiritum
2755 5412 3004 5455 sanctum
3057 5400 3404 5471 contribulem
3451 5400 3616 5471 (σύμ-

2038 5468 2226 5539 φυλον)
2254 5468 2401 5522 Patri
2429 5482 2482 5523 et
2507 5469 2678 5535 Filio;
2717 5472 2860 5537 quod
2897 5470 3212 5523 voeabulum
3263 5468 3525 5524 detestari
3554 5468 3618 5524 se

2036 5541 2133 5602 ait,
2188 5550 2242 5592 t't
2278 5539 2450 5593 inutili
2487 5540 2795 5594 eruditione
2830 5542 3081 5607 castigat.
3111 5539 3251 5592 Ecce
3294 5540 3437 5593 (Enim
3474 5543 3616 5606 apud

2039 5608 2361 5680 Nyssenum,
2392 5607 2590 5680 contra
2606 5608 2993 5680 Apollinarem,
3023 5611 3110 5680 ed.
3142 5607 3375 5679 Zacagn.
3407 5624 3455 5677 ι).
3491 5611 3613 5671 166,

2038 5677 2375 5748 vocabulum!
2406 5677 2681 5748 σύμφυλος
2732 5679 2800 5733 de
2852 5678 2987 5733 Filio
3022 5678 3251 5742 dictum,
3294 5677 3615 5746 explicatur

2036 5747 2292 5817 συμφυὴς
2321 5748 2415 5800 καὶ
2453 5747 2760 5818 ὁμοούσιος,
2794 5748 2848 5803 id
2874 5757 2959 5804 est
3000 5749 3365 5823 capuaturalis
3390 5765 3442 5809 et
3484 5765 3614 5804 colt-

2036 5817 2420 5867 substantialis.

2035 5818 2420 5872 substantialis.
