4050 6432
306 391 439 459 325'

1029 401 1657 465 ANTIRRHETICUS
1695 405 1723 464 Ι
1764 408 1929 467 ADV.
1962 406 2578 503 ‘CONSTANTINUM
2630 412 2845 476 COPR.

3475 424 3583 488 θῇ

307 506 588 576 σκέψεως,
617 506 799 577 παρῆν
817 506 872 560 δὲ
892 509 1017 561 σκιὰ
1043 508 1175 574 γοῦν
1194 512 1468 579 φιλοθεῒας
1492 516 1644 586 ὑμῖν,
1669 517 1821 570 οὐδὲν
1838 518 1887 570 ἂι

2007 522 2311 588 molimina,
2341 532 2391 578 et
2418 524 2461 579 si
2498 525 2690 581 umbra
2716 510 2924 581 saltem
2958 529 3177 598 pietatis
3211 534 3362 589 vobis
3391 553 3583 606 super-

304 598 409 653 νῦν
428 597 623 665 ἐδέησε
641 597 749 650 τῶν
770 598 944 651 κενῶν
962 600 1165 654 τούτων
1179 605 1273 656 καὶ
1288 606 1571 677 νεωτέρων
1586 608 1892 678 δογμάτων,

301 690 408 758 τῆς
437 690 681 762 Χριστοῦ
710 690 1042 760 Ἐκκλησίας
1081 694 1418 756 ἀπεναντιας
1473 698 1665 754 ἰοῦσιν.
1720 698 1896 771 Εἴπερ

304 780 419 853 γὰρ
462 781 639 851 μετῆν
692 781 823 850 ὑμῖν
879 781 1163 847 εὐσεϐείας
1209 788 1454 855 φροντὶς,
1483 789 1654 859 ὀρθήν
1702 807 1763 844 τε
1799 791 1898 845 καὶ

305 872 646 942 ἀδιάϐλητον
669 872 770 943 τὴν
796 874 887 927 ἐπὶ
919 877 987 944 τῇ
1019 872 1304 949 οἰκονομίᾳ
1336 879 1576 950 Χριστοῦ
1610 881 1895 947 διεσώζετε

306 962 493 1029 δόξαν,
532 962 609 1035 μὴ
637 968 1233 1040 κατεσχηματισμένην
1271 971 1408 1040 ἡμῖν
1449 972 1545 1025 καὶ
1584 974 1899 1045 πεπλασμέ-

306 1071 409 1124 νην
441 1054 722 1124 τὴν.κατὰ
746 1056 986 1128 Χριστὸν
1024 1057 1194 1113 δυάδα
1220 1058 1331 1112 τῶν
1363 1060 1579 1130 φύσεων
1609 1080 1897 1136 προχειρι-

303 1149 555 1217 ζόμενοι,
580 1148 812 1213 δικαίως
862 1152 930 1205 ἂν
967 1152 1114 1224 μάλα
1159 1154 1255 1208 καὶ
1315 1156 1384 1208 τὰ
1412 1156 1507 1209 ἐπε
1561 1174 1628 1226 γε
1685 1158 1895 1230 ταύτης

298 1243 493 1294 οἰκεῖα.
510 1241 606 1294 καὶ
632 1243 872 1312 ἁρμόδια
916 1244 1197 1299 ἀπεδίδοτε
1219 1261 1233 1274 ·
1285 1248 1382 1302 καὶ
1428 1248 1628 1312 διπλᾶς
1665 1250 1765 1313 τὰς
1802 1251 1896 1304 ἐπὶ

297 1332 545 1402 Χριστοῦ
579 1334 868 1405 γεννήσεις
898 1336 1309 1406 ὁμολογοῦντες,
1342 1341 1442 1411 τήν
1475 1357 1536 1394 τε
1563 1340 1894 1411 προαιώνιον

297 1428 401 1477 καὶ
426 1423 665 1495 ἄναρχον
697 1424 993 1496 ἀσώματόν
1033 1446 1092 1482 τε
1118 1429 1216 1484 καὶ
1242 1431 1439 1496 ἀΐδιον,
1481 1433 1546 1485 ὲκ
1588 1430 1686 1486 τοῦ
1725 1434 1896 1504 ἀνάρ-

300 1531 407 1584 χου
430 1516 528 1568 καὶ
556 1515 729 1570 ἀϊδίου
758 1516 995 1587 Πατρὸς,
1027 1520 1122 1571 καὶ
1160 1520 1260 1591 τὴν
1308 1522 1447 1588 πρὸς
1490 1526 1614 1587 ταῖς
1662 1523 1894 1597 δυσμαῖς

298 1609 422 1665 τῶν
456 1609 666 1680 καιρῶν
694 1611 758 1662 ὲκ
784 1608 885 1680 τῆς
906 1612 1294 1682 παναχράντου
1333 1613 1625 1680 Θεοτόκου,
1658 1617 1760 1687 τῆς
1791 1633 1896 1670 σω-

298 1700 509 1772 τηρίας
550 1698 863 1766 τοῦγένους
918 1701 1081 1755 ἕνεκα
1116 1702 1208 1755 τοῦ
1238 1704 1510 1776 ἡμετέρου
1555 1706 1661 1759 ὑπὸ
1698 1706 1892 1777 χρόνον

301 1792 708 1864 γεγενημένην,
735 1791 997 1863 ἐνείματε
1040 1792 1106 1847 ἂν
1134 1794 1375 1866 ἑκατέρᾳ
1397 1795 1467 1849 τὰ
1495 1796 1563 1849 δι’
1590 1790 1665 1850 ὧν
1688 1798 1747 1851 ea
1773 1798 1889 1851 έτε-

1999 622 2168 678 esset,
2203 614 2339 667 nihil
2375 631 2518 670 nunc
2535 630 2668 684 opus
2688 617 2827 672 foret
2850 619 3005 675 vanis
3029 624 3424 696 neotericisque
3446 633 3579 699 dog—

1995 703 2235 760 matibus
2282 704 2582 761 Ecclesiam
2619 708 2821 763 Christi
2864 724 3201 781 oppugnare.
3239 715 3491 775 Profecto
3530 724 3575 777 si

1995 794 2153 849 vobis
2182 796 2511 852 orthodoxia
2536 812 2684 853 cura:
2704 807 2883 865 esset,
2915 812 3230 872 rectamque
3260 814 3315 858 et
3345 809 3578 878 irrepre-

1996 884 2323 940 hensibilem
2372 888 2523 942 circa
2580 888 2787 943 Christi
2845 892 3190 945 mcunoniant
3248 899 3577 952 sententiam

1999 978 2337 1046 retineretis,
2366 996 2465 1033 nec
2492 980 2761 1035 malitiose
2789 980 3077 1050 ﬁguratam
3114 994 3404 1055 vestroque
3430 989 3577 1043 arbi-

1998 1079 2140 1123 tratu
2190 1071 2479 1125 conlietam
2525 1070 2576 1125 in
2607 1070 2828 1127 Christo
2876 1088 3234 1142 personarum
3264 1076 3576 1133 dualitatem

1997 1165 2153 1219 nobis
2182 1163 2494 1232 objieeretis
2515 1204 2531 1231 ,
2566 1176 2714 1220 recte
2745 1168 2943 1237 oppido
2974 1169 3060 1222 illa
3091 1173 3254 1223 etiam
3303 1186 3423 1240 quae
3454 1172 3581 1226 huic

1995 1270 2120 1315 sunt
2151 1274 2390 1329 congrua
2424 1273 2490 1314 ac
2535 1260 2753 1329 propria
2786 1262 3072 1316 traderetis
3109 1283 3120 1317 :
3153 1262 3422 1332 duplicem
3472 1266 3580 1320 sri-

1996 1352 2119 1406 licet
2147 1351 2351 1407 Christi
2387 1351 2728 1407 nativitatem
2760 1355 3104 1421 eonlitentes,
3131 1371 3293 1410 unam
3321 1366 3450 1412 ante
3474 1373 3576 1411 sa).

1996 1442 2116 1495 cula
2147 1452 2202 1496 et
2251 1443 2370 1497 sine
2417 1442 2575 1497 initio
2609 1443 3009 1514 incorpoream,
3049 1447 3438 1515 sempiternam
3466 1489 3480 1514 ,
3509 1464 3576 1503 ex

1978 1534 2329 1602 sempiterno
2358 1549 2422 1589 ae
2449 1534 2571 1588 sine
2600 1534 2871 1604 principio
2906 1535 3104 1596 Patre;
3138 1538 3365 1592 alteram
3394 1551 3576 1593 extre.-

1996 1626 2100 1679 mis
2151 1626 2486 1694 temporibus
2543 1640 2612 1681 ex
2659 1627 3005 1681 immaculata
3059 1628 3328 1697 Deipara,
3388 1630 3579 1684 saluti-5

1994 1721 2196 1769 nostra:
2228 1730 2390 1770 causa
2423 1714 2474 1768 in
2509 1724 2754 1785 tempore
2780 1715 2979 1771 factam
3005 1733 3020 1779 ;
3049 1719 3265 1787 utrique
3292 1734 3352 1773 ea
3379 1720 3578 1775 tribue-

1997 1807 2131 1863 retis
2168 1808 2368 1876 quibus
2402 1807 2613 1861 illarum
2643 1810 2859 1862 diversa
2897 1821 3089 1863 natura
3126 1810 3494 1879 distinguitur,
3524 1822 3579 1865 et

301 1883 511 1955 ροφυὲς
557 1881 741 1936 αὑτῶν
797 1884 1289 1955 χαρακτηρίζεται,
1325 1887 1420 1939 καὶ
1471 1886 1532 1939 τὸ
1574 1887 1887 1958 ἀσὺγχυτον

1991 1898 2290 1954 inconiusa:
2336 1899 2801 1968 impermistzeqne
2862 1899 3291 1969 dignoscantur;
3329 1916 3428 1954 nee
3464 1916 3569 1954 non

298 1978 400 2031 καὶ
418 1974 777 2046 ἁσὺμφυρτον
794 1975 975 2029 αὑτῶν
993 1975 1345 2045 γνωρίζεται,
1362 1978 1567 2050 καὶτὰς
1586 1980 1889 2050 προσφυεῖς

299 2066 590 2138 Ξνεργείας
619 2084 679 2120 τε
727 2067 823 2121 καὶ
860 2067 1167 2138 θελήματα,
1203 2067 1273 2121 τὰ
1312 2067 1432 2122 θεῖα
1454 2046 1755 2140 ⁵φημικαῖ
1791 2071 1890 2125 ἀν-

298 2158 577 2231 θρώπινα.
612 2152 715 2212 ’Ὧν
746 2160 857 2230 γὰρ
912 2162 968 2212 αἱ
1002 2159 1195 2229 φύσεις
1237 2159 1509 2233 διάφοροι,
1564 2162 1769 2218 τούτων
1818 2163 1885 2234 δή

296 2269 408 2306 που
456 2253 553 2305 καὶ
589 2252 647 2305 αἱ
678 2253 954 2324 ἐνέργειαι
981 2269 995 2284 ·
1053 2251 1248 2323 ὥσπερ
1277 2255 1371 2308 καὶ
1416 2248 1492 2307 ὧν
1526 2256 1583 2308 αἱ
1608 2256 1887 2326 ἐνέργειαι

292 2346 358 2399 αἱ
389 2345 579 2411 αὑταὶ,
611 2345 820 2399 τούτων
851 2347 951 2417 ήδη
993 2346 1089 2399 καὶ
1141 2348 1198 2400 al.
1249 2346 1443 2416 φύσεις
1477 2347 1753 2419 ὁμότιμοι,
1798 2348 1888 2402 διὰ

295 2437 400 2510 τὴν
434 2438 547 2492 τῶν
576 2438 946 2493 συνελθόντων
975 2439 1298 2493 ἐναντίωσιν
1327 2441 1473 2493 κατὰ
1503 2440 1564 2492 τὸ
1588 2440 1888 2511 ἐκκλησια-

286 2531 494 2585 suam
547 2531 723 2603 δόγμα
752 2530 870 2583 ικαὶ
924 2530 1206 2601 φρόνημα.
1252 2530 1439 2594 Οὕτως
1485 2531 1595 2603 γὰρ
1645 2532 1888 2597 εὐσεϐῶς

295 2622 526 2693 νοηθείη
559 2624 592 2693 ἡ
631 2621 726 2692 μὲν
750 2621 874 2675 θεία
904 2624 1158 2693 ἐνέργεια
1208 2623 1399 2689 ἁῖἰδιος,
1438 2625 1640 2695 μᾶλλον
1666 2625 1723 2678 δὲ
1757 2626 1888 2678 αὑτ-

292 2715 591 2786 ῖενέργεια,
608 2713 688 2784 τῷ
714 2713 789 2784 μὴ
810 2713 1210 2785 διωρίσθαιτῆς
1238 2715 1428 2778 οὐσίας
1456 2714 1555 2786 τὴν
1580 2716 1883 2787 ἐνέργειαν,

279 2806 441 2859 ιὰλλὰ
471 2805 746 2879 τδνιαὺτδν
776 2805 940 2874 λόγον
959 2806 1331 2876 ἐπιδέχεσθαι,
1353 2806 1444 2859 διὰ
1462 2807 1561 2878 τὴν
1582 2807 1682 2876 τῆς
1708 2808 1886 2877 ἁπλῆς

298 2901 399 2952 καὶ⁵
431 2900 726 2970 ἀσωμάτου
774 2899 991 2967 φύσεως
1038 2899 1304 2971 ἰδιότητα,
1360 2902 1456 2953 καὶ
1497 2901 1697 2953 ταύτὸν
1727 2900 1784 2951 δὲ
1828 2902 1885 2951 ὲν

298 2992 470 3044 παντὶ
494 2991 770 3060 διαφόρως
795 2990 1084 3062 προϊοῦσα,
1122 2994 1217 3045 καὶ
1252 2993 1329 3056 ώς
1360 2991 1429 3046 ἂν
1456 2992 1603 3045 εἴποι
1633 3009 1717 3055 τις
1745 2994 1884 3045 ἁπε-

300 3083 649 3153 (ιιγράπτως.
687 3083 763 3135 Οὑ
815 3084 924 3153 γὰρ
958 3082 1190 3152 δυνάμει
1226 3084 1495 3154 πρότερον
1520 3080 1678 3151 οὖσα,
1726 3082 1887 3136 ὑστε-

301 3188 397 3244 ρον
418 3174 499 3237 εἰς
532 3173 595 3226 τὸ
621 3174 873 3244 ἐνεργείᾳ
903 3172 967 3226 εκ
995 3173 1090 3226 τοῦ
1121 3174 1349 3244 δυνάμει
1380 3176 1642 3246 κατέστη.

377 3278 489 3352 μιν.
531 3275 655 3334 Οἷὸν
688 3298 741 3334 τι
771 3283 984 3351 εἴρηται
1014 3282 1118 3336 ὑπὸ
1146 3284 1246 3336 τοῦ
1271 3286 1486 3354 ’Κυρίου
1513 3300 1527 3315 ο
1580 3284 1643 3337 '0
1680 3284 1885 3355 Πατήρ

293 3390 420 3442 μου
466 3372 581 3438 ἕως
625 3372 757 3439 ἄρτι
806 3373 1107 3441 ἐργάζεται
1149 3374 1247 3428 καὶ
1284 3374 1398 3444 ἐγὼ
1435 3374 1747 3444 ἐργάζομαι
1776 3393 1789 3405 ’
1822 3376 1882 3429 οὑ

296 3465 402 3535 τὴν
444 3463 505 3527 ἐξ
530 3465 703 3534 ἀρχῆς
751 3466 815 3516 ἐκ
860 3464 933 3534 μὴ
987 3462 1159 3535 ὄντων
1190 3465 1273 3527 εἰς
1317 3465 1378 3517 τὸ
1408 3462 1678 3519 εἶναιτῶν
1712 3466 1886 3523 ὄντων

297 3556 544 3627 πάροδον
587 3556 771 3625 μόνον,
801 3556 901 3625 ῆδη
933 3555 989 3608 δὲ
1021 3557 1115 3608 καὶ
1135 3556 1236 3627 τὴν
1267 3558 1399 3627 περὶ
1429 3558 1571 3611 αὑτά
1610 3562 1884 3632 συντήρη-

296 3650 386 3701 civ
417 3663 478 3700 τε
532 3646 625 3699 καὶ
681 3645 961 3714 πρόνοιαν,
993 3643 1068 3707 ὠς
1098 3645 1179 3709 τὸ,
1219 3647 1394 3698 ποιεῖν
1435 3645 1558 3709 τοὺς
1617 3647 1886 3717 ἀγγέλους

295 3737 469 3792 αὑτοῦ
525 3736 813 3806 πνεύματα
841 3751 855 3765 ”
905 3736 1024 3799 καὶ,
1057 3737 1321 3789 ἐκτείνειν
1344 3737 1436 3790 τὸν
1488 3739 1719 3808 οὐρανὸν
1752 3738 1885 3793 ὡσεὶ

292 3832 516 3902 δέρρινο
543 3829 656 3892 καὶ,
702 3825 993 3894 στεγάζειν
1031 3830 1089 3879 ὲν
1120 3827 1277 3880 ὕδασι
1301 3829 1366 3881 τὰ
1411 3830 1640 3899 ὑπερῷα
1666 3832 1837 3885 αὑτοῦ
1865 3847 1881 3863 ⁸

295 3921 418 3984 καὶ,
465 3919 754 3988 θεμελιοῦν
779 3919 879 3989 τὴν
908 3921 1013 3988 γῆν
1044 3920 1139 3972 ἐπὶ
1189 3919 1287 3990 τὴν
1332 3921 1635 3990 ἀσφάλειαν
1674 3923 1844 3994 αὑτῆς
1865 3940 1880 3955 ·

292 4015 451 4087 ἆπερ
479 4014 628 4077 ἅπαξ
652 4014 986 4075 ὑποστάντα,
1010 4013 1106 4065 καὶ
1134 4013 1193 4067 τὸ
1222 4015 1446 4083 συνεχὲς
1479 4015 1577 4087 τῆς
1620 4017 1883 4088 διαμονῆς

292 4108 528 4177 ὲνεργοὺ
538 4124 696 4177 μενον
721 4107 1013 4176 κέκτηται.
1047 4107 1111 4159 Ἦ
1135 4107 1191 4159 δὲ
1214 4106 1552 4179 ἀνθρώπειος
1573 4111 1672 4162 οὑκ
1691 4111 1881 4175 ἀΐδιος,

292 4198 439 4250 ἀλλὰ
471 4196 888 4267 πεπερασμένη,
924 4197 1018 4248 καὶ
1072 4197 1402 4267 οἰκειότερον
1444 4200 1622 4250 εἰπεῖν
1662 4211 1885 4268 περιγε-

292 4290 620 4361 γραμμένη.
651 4289 882 4359 Διὲκοψε
918 4290 1087 4359 γὰρὴ
1141 4290 1323 4360 σιωπὴ
1374 4290 1463 4343 τὸν
1501 4291 1905 4361 διαλεγόμενον,

293 4386 456 4438 καὶὸ
521 4381 800 4446 ὑπνώσας,
852 4383 978 4452 οὑχ).
1032 4383 1128 4436 καὶ
1186 4383 1493 4452 ὲγρήγορε;
1535 4383 1645 4435 Καὶ
1677 4381 1883 4453 ἠρεμία

293 4476 399 4543 τὴν
434 4475 655 4544 κίνησιν
689 4473 1054 4544 περιέγραψε.
1082 4474 1191 4526 Καὶ
1216 4473 1404 4535 ἁπλῶς
1435 4473 1463 4524 ὁ
1491 4471 1544 4524 τί
1584 4489 1714 4524 ποτε
1737 4472 1882 4543 δρῶν

295 4566 362 4617 οὑ
385 4564 449 4633 δή
486 4579 591 4615 που
618 4563 715 4616 καὶ
763 4563 953 4632 ἕτερον
990 4564 1048 4614 ὲν
1078 4561 1262 4632 ταύτῷ
1296 4561 1567 4634 δράσειεν.
1610 4560 1884 4624 Ὡσαύτως

294 4654 399 4708 καὶ
431 4656 465 4724 ἡ
500 4653 733 4723 δύναμις
768 4653 928 4724 διττή
952 4670 966 4684 ’
1002 4654 1051 4723 ἡ“
1087 4653 1186 4723 μὲν
1220 4652 1327 4722 γὰρ
1376 4650 1519 4716 θεία,
1576 4651 1743 4714 ﬂow;
1792 4651 1886 4703 καὶ

294 4745 666 4815 αὑτοδὺναμις
720 4744 815 4798 καὶ⁵
846 4742 1277 4815 ἂπειροδὺναμις
1328 4742 1471 4797 κατὰ
1498 4743 1561 4797 τὸ
1587 4744 1885 4813 ὑπεραῖρον

290 4840 398 4910 τῆς
440 4837 864 4909 μεγαλειότητος
889 4832 1292 4906 καὶδυνάμεως
1309 4851 1323 4865 ·
1365 4836 1441 4889 Ἥ
1472 4850 1536 4888 τε
1558 4834 1669 4903 γὰρ
1693 4832 1884 4897 ἀΐδιος

293 4930 489 4986 αὐτοῦ
511 4929 788 4997 δύναμις,
826 4929 981 4998 φησὶ,
1040 4927 1137 4981 καὶ
1175 4929 1429 4993 θειότης.
1476 4925 1619 4978 Ἡδὲ
1661 4922 1879 4994 ἀνθρώ-

296 5038 479 5088 πειος,
515 5022 800 5088 εὑόριστος
848 5021 944 5074 καὶ
969 5020 1224 5090 ἀσθενής.
1278 5017 1343 5072 Ἠ
1379 5019 1489 5088 τὰρ
1516 5016 1675 5084 σὰρξ
1698 5018 1877 5070 ἀσθε-

295 5117 438 5184 νὴς,
467 5116 588 5170 κᾶν
611 5115 679 5168 τὸ
714 5114 970 5182 πνεῦμα,
1003 5113 1159 5183 φησὶ,
1185 5112 1514 5180 πρόθυμον.
1562 5109 1670 5161 Καί
1692 5125 1705 5138 ·
1737 5110 1878 5162 Ἂν-

294 5214 535 5278 θρωπος
565 5209 635 5260 ἐν
658 5206 865 5274 πληγῇ
891 5204 977 5258 ὢν
1008 5205 1107 5258 καὶ
1129 5203 1303 5268 εἰδὼς
1322 5202 1527 5271 φέρειν
1551 5199 1876 5269 μαλακίαν.

291 5298 410 5353 Καί
431 5314 445 5329 ⁸
475 5298 538 5351 Ei
576 5296 924 5364 ἐσταυρώθη
960 5295 1029 5359 ἐξ
1060 5295 1400 5358 ἀσθενείας,
1425 5292 1560 5345 ἀλλὰ
1584 5290 1649 5359 ζῇ
1674 5291 1743 5343 ἐκ
1773 5288 1880 5345 δυ-

292 5392 552 5460 νάμεως.
584 5391 742 5444 Οὕτω
767 5390 860 5443 καὶ
901 5389 970 5441 τὰ
1000 5387 1305 5458 θελήματα,
1357 5385 1417 5438 τὸ
1450 5387 1548 5454 μὲν
1581 5383 1743 5447 θεῖον,
1785 5382 1879 5435 καὶ

1989 1992 2378 2046 eonnaturales
2426 1992 2775 2059 operationes
2824 2004 2890 2045 ac
2949 1989 3284 2057 voluntates,
3333 1991 3573 2045 divinam

1989 2084 2199 2139 scilicet
2239 2092 2293 2138 et
2336 2083 2654 2137 humanam.
2702 2080 2944 2148 Quorum
2987 2082 3129 2135 enim
3180 2091 3311 2136 sunt
3347 2083 3576 2137 diversa:

1992 2182 2216 2238 natum,
2252 2187 2440 2227 eorum
2463 2186 2617 2243 ωᾳιιο
2640 2182 2766 2228 sunt
2789 2173 2953 2228 etiam
2986 2175 3337 2244 operationes
3366 2192 3379 2231 :
3412 2176 3573 2231 sicuti

1989 2277 2222 2333 quorum
2251 2272 2378 2319 sunt
2407 2263 2610 2319 eaedem
2636 2264 3005 2333 operationes,
3042 2265 3236 2320 borum
3268 2267 3433 2320 etiam
3458 2267 3571 2334 pari

1989 2366 2119 2414 sunt
2155 2355 2364 2410 honore
2393 2364 2603 2410 natura;
2625 2344 2657 2420 ,“
2675 2363 2898 2424 propter
2924 2354 3369 2410 concurrentium
3401 2370 3569 2425 oppo-

1988 2448 2273 2513 sitionem,
2304 2455 2461 2517 prout
2506 2445 2937 2501 ecclesiasticum
2971 2445 3167 2516 dogma
3214 2455 3269 2499 et
3302 2444 3571 2499 sententia

1988 2550 2093 2594 est.
2127 2538 2219 2593 Sic
2264 2539 2410 2591 enim
2461 2518 2720 2607 religiose
2764 2535 3093 2605 intelligitur
3135 2535 3315 2588 divina
3352 2535 3569 2603 quidem

1987 2628 2231 2697 Operatio
2257 2626 2588 2696 sempiterna
2610 2665 2625 2690 ,
2663 2624 2748 2680 vel
2776 2625 2956 2694 potius
2981 2624 3356 2679 substantialis
3384 2639 3575 2694 opera-

1991 2720 2101 2787 tio;
2140 2720 2266 2789 quia
2316 2704 2423 2772 non
2469 2718 2825 2787 distinguitur
2859 2733 2888 2771 a
2942 2717 3244 2773 substantia
3295 2719 3573 2787 operatio,

1987 2813 2081 2865 sed
2120 2812 2219 2865 sui)
2249 2812 2499 2865 eamdem
2547 2809 2916 2865 deﬁnitionem
2968 2811 3148 2877 cadit,
3195 2820 3417 2879 propter
3444 2811 3577 2865 sim—

1987 2901 2141 2970 plicis
2166 2902 2614 2971 incorporeteque
2636 2910 2845 2956 natura:
2878 2902 3270 2969 proprietatem
3295 2917 3309 2966 ;
3336 2905 3575 2970 itemque

1989 2993 2041 3047 in
2070 2992 2218 3047 omni
2253 3006 2311 3047 re
2362 2990 2677 3047 diﬂ‘erenter
2721 2993 3059 3062 procedens,
3090 3002 3256 3060 atque
3301 2999 3359 3043 ut.
3394 2992 3465 3044 ita
3495 2992 3577 3043 di-

1988 3101 2108 3141 cam
2170 3084 2666 3153 incircumscripte.
2722 3080 2840 3136 Non
2898 3083 3047 3136 enim
3119 3097 3256 3135 cum.
3290 3089 3450 3136 antea
3490 3083 3575 3135 vis

1914 3210 1957 3266 ο
1991 3185 2169 3244 esset,
2206 3189 2392 3247 postea
2426 3178 2478 3232 in
2508 3175 2876 3246 operationem
2904 3191 2966 3229 ex
3007 3174 3054 3227 vi
3086 3174 3325 3226 transiit.

2053 3288 2145 3342 49.
2176 3286 2369 3341 Simile
2398 3286 2511 3356 (75)
2535 3285 2664 3356 quid
2694 3300 2721 3336 a
2756 3282 2983 3337 Omnino
3013 3284 3215 3335 dictum
3249 3280 3385 3334 fuit:
3416 3279 3575 3333 Pater

1988 3394 2135 3432 meus
2177 3394 2339 3446 usque
2384 3381 2540 3429 modo
2583 3382 2862 3442 operatur,
2907 3383 2953 3426 et
3000 3388 3091 3441 ego
3155 3388 3343 3440 operor
3376 3370 3439 3432 '°,
3469 3388 3573 3423 non

1987 3471 2164 3524 solum
2209 3469 2352 3522 illam
2381 3468 2449 3521 ab
2494 3466 2650 3520 initio
2696 3480 2763 3520 ex
2800 3480 2903 3520 non
2944 3465 3284 3518 cits-tantibus
3323 3465 3388 3516 ad
3431 3466 3576 3517 exsi-

1988 3544 2239 3617 stenduin
2275 3559 2686 3630 productionem
2716 3571 2918 3618 rerum,
2953 3556 3048 3611 sed
3075 3556 3237 3609 etiam
3262 3556 3572 3611 earunnlem

1987 3653 2467 3708 conservationem
2521 3661 2578 3704 et
2624 3664 2848 3711 curam;
2897 3647 3064 3702 veluti
3116 3647 3297 3701 facere
3354 3647 3575 3716 angelos

1987 3757 2117 3797 suos
2160 3744 2384 3812 spiritus
2417 3741 2500 3808 ⁸¹;
2549 3749 2603 3794 et
2631 3781 2644 3803 ,
2696 3741 2992 3795 extendere
3046 3739 3242 3794 emtum
3277 3740 3417 3791 sicut
3458 3740 3574 3805 pel-

1988 3835 2093 3887 lem
2118 3834 2164 3866 ³¹
2187 3850 2201 3899 ;
2228 3843 2301 3898 et,
2348 3841 2531 3902 tegere
2578 3832 2733 3899 aquis
2774 3831 3053 3899 superiora
3090 3829 3208 3896 ejus
3231 3826 3313 3891 ⁸³;
3345 3838 3418 3888 et,
3454 3827 3575 3880 fun-

1986 3926 2118 3978 dare
2150 3934 2348 3978 terram
2376 3937 2539 3990 super
2570 3921 2924 3975 stabilitatem
2949 3934 3104 3973 suam
3130 3919 3177 3951 “
3209 3941 3219 3973 :
3254 3934 3373 3988 qua:
3406 3917 3574 3971 semel

1987 4018 2327 4081 constituta,
2363 4015 2782 4082 perpetuitatem
2835 4026 3053 4081 quoque
3098 4011 3401 4063 duratiunis
3448 4010 3574 4061 reti-

1985 4120 2135 4163 nent.
2154 4110 2223 4161 At
2248 4109 2484 4161 humana
2505 4107 2748 4175 operatio
2767 4105 2907 4158 haud
2930 4113 3135 4157 aeterna
3154 4113 3261 4166 est,
3280 4101 3373 4155 sed
3398 4101 3572 4164 ﬁnita,

1986 4212 2150 4271 atque
2180 4213 2238 4254 nt
2284 4200 2456 4269 magis
2486 4199 2704 4267 proprie
2741 4199 2917 4251 dicam
2960 4197 3394 4263 circumscripta.
3437 4191 3573 4247 Nam

1985 4292 2264 4347 silentium
2300 4291 2650 4357 interrumpit.
2693 4287 2803 4359 65
2847 4288 3179 4355 loquentem.
3218 4285 3285 4339 Et
3314 4287 3405 4355 qui
3441 4286 3572 4338 dor-

1985 4383 2126 4445 miit,
2153 4395 2331 4434 nonne
2365 4389 2551 4449 postea
2596 4379 2851 4448 evigilat?
2906 4377 2971 4430 Et
3020 4379 3177 4445 quies
3222 4387 3428 4431 motum
3460 4376 3571 4430 cir-

1985 4471 2327 4526 cumscribit.
2380 4471 2563 4538 Atque
2605 4469 2828 4524 omnino
2859 4468 2948 4535 qui
2993 4467 3197 4535 aliquid
3247 4467 3389 4537 agit,
3427 4466 3571 4520 haud

1986 4562 2148 4615 simul
2197 4573 2251 4617 et.
2298 4561 2441 4614 aliud
2491 4560 2680 4615 eodem
2719 4569 2962 4628 tempore
3000 4560 3180 4613 faciet.
3216 4558 3480 4611 Similiter
3516 4571 3573 4611 et

1988 4656 2157 4706 virtus
2188 4652 2382 4721 duplex
2409 4661 2522 4716 θείς
2557 4651 2738 4705 divina
2764 4651 3013 4719 quidem,
3045 4652 3374 4718 svmpitcrna
3399 4689 3414 4713 ,
3443 4652 3573 4704 sub-

1983 4745 2256 4798 stantialis
2303 4745 2518 4808 virtus,
2576 4743 2841 4797 immensa
2894 4754 3196 4811 suapthne
3254 4743 3303 4795 vi
3358 4744 3570 4806 virtus,

1982 4848 2193 4887 smntno
2232 4833 2284 4886 in
2334 4834 2501 4900 gradu
2543 4831 2937 4901 magnitudinis
2982 4841 3148 4899 atque
3184 4830 3461 4898 potentiae.
3502 4824 3569 4892 Et

1979 4929 2293 4993 sempiterna
2327 4925 2443 4992 ejus
2485 4926 2651 4977 virtus
2677 4941 2738 4975 ac
2765 4924 3015 4975 diuinitas
3044 4922 3111 4977 ⁸⁵.
3142 4921 3389 4975 Humana
3420 4935 3569 4975 vero.

1980 5018 2113 5070 satis
2141 5016 2370 5070 litnilata
2424 5026 2589 5086 atque
2638 5015 2872 5068 iniirma.
2923 5012 3062 5068 Caro
3120 5015 3258 5066 enim
3319 5012 3573 5091 inﬁrma.

1984 5109 2198 5162 etiamsi
2234 5107 2472 5177 spiritus,
2522 5108 2720 5176 inquit,
2758 5115 3031 5175 promptus
3049 5105 3118 5157 ⁸⁸.
3153 5105 3253 5156 Et:
3308 5103 3479 5157 [lenm
3522 5103 3573 5153 in

1982 5200 2141 5267 plaga
2196 5201 2439 5267 positus,
2490 5207 2539 5251 et
2579 5199 2753 5251 sciens
2800 5196 2935 5265 ferre
2985 5197 3350 5263 inﬁrmitatem
3386 5192 3454 5245 ⁸⁷.
3502 5190 3570 5244 Et

1983 5290 2231 5358 quamvis
2259 5290 2549 5357 cruci/iras
2577 5290 2674 5341 fuit
2703 5306 2765 5341 ex
2787 5288 3096 5357 inﬁrmitate
3121 5329 3133 5347 ,
3158 5287 3278 5340 ririt
3306 5297 3480 5339 tanwn
3510 5300 3573 5338 rx

1989 5384 2178 5435 rit-tute
2206 5381 2271 5433 ⁸⁸.
2303 5382 2528 5450 Semper
2559 5382 2701 5434 enim
2735 5381 2873 5434 Deus
2917 5381 3051 5433 bene
3083 5380 3239 5432 nobis
3268 5394 3384 5433 θεῖνε
3417 5379 3522 5430 νιιῖί
3549 5417 3564 5441 ,

372 5573 417 5602 ’⁸ο
450 5528 613 5626 thoan.
646 5571 814 5628 v.17.
890 5567 934 5599 ⁸³
978 5567 1121 5623 Psal.
1164 5582 1280 5629 cm,
1318 5567 1372 5619 4.
1447 5566 1721 5622 ⁸²ἰω‹1.εὶ.
1797 5563 1842 5595 ⁸³
1884 5565 1887 5616 ἕ

2000 5562 2139 5618 .5.”
2172 5563 2304 5617 ibid.
2342 5563 2390 5615 5.
2467 5562 2514 5593 ⁸⁸
2546 5561 2705 5615 linat.
2739 5576 2779 5623 ι,
2808 5560 2897 5616 9.0.
2977 5562 3022 5590 "
3056 5559 3245 5614 Matth.
3285 5575 3435 5625 λχνι,
3480 5561 3574 5616 Η.

294 5642 343 5675 ⁸⁷
393 5643 495 5697 lsa.
540 5657 659 5704 LIII,
693 5643 747 5695 5.
823 5640 869 5671 ⁸⁸
902 5640 942 5692 ll
1001 5642 1127 5693 Cur.
1167 5653 1293 5702 xm,
1342 5636 1396 5691 4.

379 5808 497 5879 (75)
531 5808 729 5863 Novem
760 5809 849 5877 qui
894 5814 1202 5879 sequuntur
1248 5821 1438 5861 versus
1474 5806 1697 5858 dederat
1750 5804 1916 5857 latine
1957 5808 2119 5858 etiam
2166 5794 2467 5860 'l‘nrrianus
2526 5807 2664 5875 apud
2692 5797 3015 5871 Canisinm,
3084 5816 3219 5862 tom.
3247 5807 3343 5862 cit.
3384 5822 3438 5876 p.
3476 5812 3563 5862 ns.
