4050 6458
497 395 598 459 327

1519 389 1579 450 S.
1621 386 2043 448 NICEPHORI
2080 386 2591 448 PATRIABCILE
2629 387 2738 448 (ΣΡ.

3658 389 3756 450 323

499 521 562 559 ae
593 503 776 559 salvos
816 505 928 558 ticri
955 543 971 568 ,
1004 511 1057 556 et
1086 499 1499 556 conversionem
1535 499 1844 568 peccatoris
1881 495 2082 564 excipit

2190 495 2393 563 ἀγαθόν
2421 513 2434 525 ·
2466 496 2555 549 ἀεὶ
2589 495 2698 566 γὰρ
2725 497 2754 548 ὁ
2777 495 2908 557 Θεὸς
2939 493 3084 548 θέλει
3117 463 3270 564 ἡμᾶς
3289 494 3388 548 καὶ
3415 492 3477 548 εὖ
3505 487 3643 549 εἶναι
3669 499 3757 553 καὶ

495 604 662 662 atque
693 592 1091 662 paenitentiam.
1119 590 1375 646 Nostrum
1411 598 1591 644 autem
1625 588 1896 657 ingenium
1929 585 2078 640 volu-

498 686 605 740 bile
639 697 718 739 est
749 700 814 738 ac
849 685 1138 738 limitatum
1170 703 1184 738 :
1229 698 1335 737 non
1377 683 1521 735 enirn
1569 681 1709 735 idem
1738 693 1956 745 semper
1985 692 2081 731 vo-

497 780 712 842 lumus,
743 779 839 831 sed
871 777 1032 830 modo
1066 777 1167 839 sic,
1198 775 1356 829 modo
1387 775 1574 838 aliter;
1611 773 1772 826 modo
1800 769 2082 823 ambulare

501 867 793 930 volumus,
847 866 1003 919 modo
1048 865 1366 932 quiescere;
1416 864 1579 916 modo
1627 858 1982 929 contemplari
2029 869 2084 911 ct

498 957 770 1026 speculari
793 997 807 1020 ,
841 957 999 1010 modo
1021 971 1218 1019 secus;
1245 956 1401 1010 modo
1431 953 1647 1023 operari
1671 991 1688 1016 ,
1715 952 1876 1005 modo
1897 949 2080 1004 otiari.

502 1047 567 1100 Et
608 1049 732 1099 hum
776 1047 985 1107 uitatis,
1012 1060 1132 1113 quae
1161 1045 1213 1096 in
1239 1042 1462 1096 Christo
1491 1050 1632 1104 erat,
1665 1040 1918 1094 voluntas
1941 1037 2081 1092 haud

500 1140 700 1194 divinae
743 1139 1015 1191 contraria
1051 1145 1200 1201 erat,
1248 1136 1373 1204 quia
1421 1145 1530 1188 tota
1584 1134 1857 1187 deificata.
1912 1131 2083 1186 Seeus

501 1243 678 1286 autem
713 1246 797 1285 res
831 1239 1037 1284 natura:
1073 1238 1272 1282 nostra).
1300 1228 1548 1281 volubilis
1584 1237 1745 1295 atque
1773 1225 1950 1288 fluxa,
1987 1223 2083 1275 ali—

504 1333 584 1375 ter
614 1333 776 1391 atque
803 1321 961 1374 aliter
991 1320 1202 1372 variant
1230 1335 1292 1372 ac
1337 1329 1742 1387 pervertuntur,
1776 1317 2082 1371 firntitatem

504 1414 705 1466 nullam
735 1427 797 1465 ac
843 1411 1196 1465 stabilitatem
1226 1411 1509 1464 habentes.

579 1687 670 1742 50.
713 1683 1098 1752 Quid?Nonnc
1133 1695 1187 1736 et
1222 1683 1448 1738 scientia
1501 1683 1692 1752 duplex
1746 1684 1801 1738 in
1859 1683 2078 1740 Christo

505 1780 662 1834 erat?
686 1780 894 1832 Etenim
922 1785 1105 1846 utpote
1139 1776 1278 1829 Deus
1300 1776 1476 1828 onmia
1512 1786 1732 1830 noverat
1765 1786 1890 1830 ante
1916 1779 2078 1832 etiam

505 1885 665 1938 quam
699 1872 912 1921 fierent.
946 1866 1036 1922 Sic
1084 1861 1271 1936 procul
1312 1866 1587 1930 habitans,
1637 1867 1796 1920 amici
1852 1879 2080 1922 mortem

505 1961 787 2028 discipulis
834 1971 1088 2028 tanquam
1149 1957 1290 2011 Deus
1324 1959 1840 2024 prtemonstrabat"
1880 1978 1892 2012 :
1936 1977 2082 2030 prae-

511 2067 640 2106 sens
678 2062 857 2105 autem
894 2051 1391 2118 ‘propitiquansque
1437 2051 1688 2117 st-pulcro
1741 2051 2082 2120 interrogat:

508 2143 736 2198 Ubinam
773 2145 1021 2206 :osuistis
1059 2142 1279 2194 eum”?
1331 2153 1539 2196 natura:
1578 2153 1778 2197 nostra:
1810 2146 2083 2198 modulum

512 2238 582 2288 ita
641 2235 973 2302 significans.
1038 2231 1399 2288 ltemzlesus
1471 2245 1681 2289 noverat
1743 2237 2086 2305 cogitationes

508 2343 688 2382 eorum
712 2328 780 2390 9',
817 2328 960 2395 quod
993 2337 1171 2379 essent
1205 2342 1265 2380 se
1304 2326 1708 2393 iuterrogaturi.
1757 2325 1890 2380 Nam
1921 2327 2086 2382 etiam

508 2429 778 2487 quatenus
809 2420 990 2480 homo,
1024 2417 1266 2470 omnium
1305 2432 1484 2470 rerum
1532 2419 1839 2485 potiebatur
1871 2417 2084 2482 notitia,

510 2516 695 2576 utpote
728 2507 836 2561 Deo
893 2509 1228 2576 hypostatiee
1281 2507 1489 2570 unitus,
1547 2522 1652 2560 n0u
1708 2523 1866 2562 secus
1927 2518 2088 2576 atque

508 2601 630 2653 aliis
691 2599 950 2666 praeditus
1027 2607 1147 2652 erat
1208 2599 1600 2666 praerogatiris.
1654 2597 1786 2652 item
1849 2601 2085 2668 speciem

512 2691 786 2760 praebebat.
836 2690 1112 2744 nesciendi
1167 2689 1310 2743 diem
1365 2699 1418 2743 et
1469 2689 1654 2744 horam
1692 2691 1762 2754 θ’,
1807 2708 1911 2761 qua
1964 2693 2088 2746 huic

512 2783 769 2837 Universo
809 2781 932 2835 linis
956 2781 1128 2835 aderit
1161 2797 1174 2844 ;
1211 2781 1282 2833 ita
1313 2783 1523 2835 scilicet
1555 2791 1847 2850 assumptae
1879 2794 2087 2836 natura:

511 2877 654 2943 quod
688 2876 802 2941 ejus
830 2875 1105 2943 prpprium
1138 2883 1251 2926 erat
1291 2874 1554 2928 tribuens.
1596 2874 1804 2940 Quibus
1834 2875 2087 2930 omnibus

514 2968 564 3017 iu
598 2981 764 3035 opere
795 2965 1190 3018 incarnationis
1227 2967 1536 3033 assumptis,
1574 2964 1847 3035 perfectus
1866 2967 2086 3021 omnino

515 3057 678 3111 homo
704 3048 942 3126 itemque
972 3055 1242 3124 perfectus
1276 3057 1416 3110 Deus
1437 3057 1726 3124 exsisteus,
1751 3073 1780 3110 a
1816 3058 1971 3112 nobis
1991 3059 2090 3113 ho-

2186 585 2454 650 σώζεσθαι
2482 626 2498 651 ,
2551 587 2643 640 καὶ
2702 586 2798 639 τοῦ
2863 585 3192 656 ἁμαρτωλοῦ
3267 587 3368 655 τὴν
3428 588 3760 661 ἐπιστροφὴν

2185 677 2466 747 ἐκδέχεται
2488 679 2584 731 καὶ
2608 678 2709 747 τὴν
2737 677 3049 747 μετάνοιαν.
3093 677 3165 730 Τὸ
3182 677 3237 731 δὲ
3271 679 3397 732 καθ’
3439 680 3614 748 ἡμᾶς,
3639 697 3759 751 τρε-

2185 769 2317 822 πτὸν
2344 771 2437 822 καὶ
2469 760 2889 839 πεπερασμένον
2913 787 2926 800 ο
2961 771 3022 821 ού
3041 770 3150 838 γὰρ
3167 769 3258 821 ἀεὶ
3283 769 3486 822 ταύτὸν
3515 771 3756 840 θέλομεν,

2185 861 2321 914 ἀλλὰ
2347 862 2442 914 νῦν
2473 862 2572 932 μὲν
2600 861 2796 926 οὕτως,
2825 861 2920 914 νῦν
2946 861 3002 913 δὲ
3034 862 3236 931 έτὲρως
3262 877 3276 889 °
3311 861 3448 914 ποτὲ
3495 861 3596 930 μὲν
3625 862 3762 932 βαδί-

2187 951 2320 1018 ζειν,
2352 953 2483 1006 ποτὲ
2516 953 2573 1006 δὲ
2621 955 2886 1024 ἠρεμεῖν
2925 953 3021 1005 καὶ⁷
3067 952 3193 1004 ποτὲ
3234 953 3334 1021 μὲν
3393 951 3624 1023 θεωρεῖν
3674 957 3762 1008 καὶ

2188 1045 2542 1109 σκέπτεσθαι,
2581 1045 2714 1098 ποτὲ
2760 1045 2817 1097 δὲ
2863 1043 2924 1098 οὕ
2955 1059 2968 1074 °
3017 1044 3112 1096 καὶ
3162 1045 3293 1096 ποτὲ
3343 1045 3443 1113 μὲν
3498 1045 3756 1114 ἐνεργεῖν,

2188 1137 2319 1190 ποτὲ
2351 1137 2407 1189 δὲ
2434 1136 2742 1207 σχολάζειν.
2777 1138 2884 1190 Καὶ
2914 1137 3008 1189 τοῦ
3037 1137 3179 1190 κατὰ
3221 1137 3314 1189 τὸν
3355 1137 3591 1207 Σωτῆρα
3615 1153 3761 1190 νοου-

2191 1227 2354 1295 μένου
2390 1227 2681 1297 ἁνθρώπου
2715 1226 2780 1280 τὸ
2801 1226 3014 1295 θέλημα
3039 1227 3138 1278 ούκ
3164 1222 3232 1295 ἦν
3261 1223 3339 1294 τῷ
3376 1224 3510 1294 θείῳ
3540 1225 3762 1279 ὑπενανο

2186 1317 2300 1369 τίον
2332 1318 2624 1386 θελήματι,
2663 1317 2868 1370 θεωθὲν
2903 1318 3043 1372 ὅλον.
3079 1317 3180 1370 Οἴα
3211 1315 3277 1386 δὴ
3308 1315 3378 1393 τὰ
3395 1316 3496 1386 τῆς
3526 1317 3760 1386 τρεπτῆς

2187 1407 2282 1460 καὶ
2308 1407 2609 1480 ἁλλοιωτῆς
2647 1409 2741 1461 καί¹
2787 1407 3022 1478 ῥευστῆς
3051 1407 3290 1474 φύσεως,
3350 1405 3546 1459 ἄλλοτε
3592 1405 3757 1468 ἄλλως

2190 1500 2641 1570 μεταϐαλλόμενα
2673 1501 2766 1554 καὶ
2789 1499 3229 1570 μεταπίπτοντα,
3256 1497 3351 1550 καὶ
3379 1495 3445 1550 re
3500 1497 3754 1569 σταθερὸν

2189 1591 2282 1644 καὶ
2311 1591 2526 1662 ἑδραῖον
2548 1593 2649 1644 οὐκ
2666 1590 2877 1662 ἔχοντα.

2259 1690 2322 1738 ν’.
2367 1683 2547 1749 Τίδέ;
2583 1684 2720 1752 Οὐχὶ
2744 1683 2840 1736 καὶ
2870 1683 2905 1750 ἡ
2954 1681 3157 1749 γνῶσις
3197 1678 3350 1750 διττὴ
3378 1678 3474 1731 ἐπὶ
3516 1679 3758 1750 Χριστῷς

2202 1776 2289 1838 Ὡς
2340 1777 2438 1846 μὲν
2477 1776 2586 1848 γὰρ
2625 1776 2756 1838 Θεὸς
2819 1775 2996 1828 πάντα
3050 1771 3161 1829 οἶδε
3189 1771 3284 1825 καὶ
3335 1772 3445 1842 ’περὸ
3485 1771 3760 1840 γενέσεωςο

2187 1869 2331 1922 οὕτω
2362 1871 2551 1940 πόρρω
2573 1887 2676 1922 που
2709 1868 3149 1939 διεσκηνωμένος
3176 1867 3275 1936 τὴν
3323 1865 3420 1919 τοῦ
3457 1865 3616 1935 φίλου
3655 1867 3758 1928 τοῖς

2192 1962 2464 2032 μαθηταῖς
2495 1962 2572 2025 ὡς
2619 1961 2753 2024 Θεὸς
2799 1960 3098 2032 προεδήλου
3149 1961 3450 2030 κοίμησιν·
3496 1956 3683 2028 παρὼν
3712 1959 3762 2010 δὲ

2188 2056 2283 2103 καὶ
2308 2051 2559 2116 πελάζων
2593 2051 2669 2121 τῷ
2699 2053 2858 2120 τάφῳ
2899 2050 3233 2104 πυνθάνεται
3269 2068 3284 2080 ο
3311 2050 3438 2103 Ποῦ
3470 2050 3762 2102 τεΙείκατε

2188 2129 2410 2208 αὐτόᾶτ
2437 2143 2508 2195 τὰ
2537 2143 2636 2212 τῆς
2669 2142 2884 2211 φύσεως
2926 2141 3086 2212 ἡμῶν
3121 2141 3545 2210 ἐνδεικνύμενος
3571 2141 3756 2210 μέτρα.

2189 2235 2318 2286 Καί·
2356 2235 2418 2286 Ὀ
2451 2233 2688 2300 Ἰησοῦς
2706 2233 2836 2302 ᾔδει
2859 2233 2966 2297 τὰς
2981 2231 3250 2297 διανοίας
3265 2230 3489 2295 αὐτῶν,
3512 2231 3593 2284 ὅτι
3610 2229 3758 2301 ἔμελ-

2189 2325 2280 2380 λον
2305 2326 2470 2379 αὑτὸν
2502 2328 2734 2396 ἐρωτᾷν.
2807 2324 2961 2378 Ἐπεὶ
3007 2325 3144 2378 καθὸ
3193 2325 3510 2394 ἄνθρωπος,
3553 2325 3759 2376 πάντων

2189 2413 2304 2486 εἶχε
2336 2417 2435 2488 τὴν
2463 2417 2686 2485 γνῶσιν,
2713 2415 2794 2487 τῷ
2818 2415 3061 2484 ἡνῶσθαι
3080 2415 3158 2485 τῷ
3184 2415 3348 2484 Λόγῳ
3381 2414 3506 2467 καθ’
3536 2414 3760 2466 ὑπόσταο

2193 2527 2301 2576 σιν,
2326 2509 2518 2581 ὥσπερ
2570 2509 2665 2561 καὶ
2711 2509 2820 2560 τῶν
2864 2507 3070 2560 λοιπῶν
3125 2505 3528 2577 πεπλουτηκὼς
3567 2505 3757 2558 καλῶν.

2193 2603 2304 2656 Καὶ
2357 2602 2521 2654 πάλιν
2567 2603 2951 2672 προσεποιεῖτο
2999 2601 3217 2666 ἀγνοεῖν
3271 2599 3374 2669 τὴν
3415 2599 3629 2669 ἡμέραν
3676 2598 3761 2650 καὶ

2189 2693 2360 2766 ὥραν,
2394 2693 2514 2748 καθ’
2549 2694 2616 2764 ἢν
2648 2692 2803 2746 τοῦδε
2847 2692 2941 2746 τοῦ
2985 2692 3188 2754 παντὸς
3235 2691 3359 2760 ἥξει
3391 2691 3454 2745 τὸ
3486 2692 3677 2761 πέρας,
3706 2690 3761 2742 τὸ

2189 2789 2386 2839 οἰκεῖον
2422 2785 2501 2855 τῷ
2526 2785 2923 2857 προσλήμματι
2975 2783 3177 2854 νέμων.
3213 2785 3398 2854 Ἃπερ
3432 2784 3648 2838 ἅπαντα
3679 2782 3758 2834 διέι

2189 2881 2290 2948 τὴν
2328 2876 2642 2948 οἰκονομίαν
2675 2877 2755 2940 εἰς
2777 2877 2970 2929 ἑαυτὸν
2992 2874 3302 2940 ἀναλαϐὼν,
3331 2873 3540 2938 τέλειος
3567 2873 3762 2944 ἄνθρω-

2191 2988 2292 3034 πος
2347 2971 2489 3024 κατὰ
2519 2971 2696 3023 πάντα
2730 2969 2920 3040 ὥσπερ
2949 2969 3042 3022 καὶ
3069 2969 3200 3032 Θεὸς
3247 2969 3460 3033 τέλειος
3502 2967 3760 3039 χρηματίο

2191 3057 2300 3122 ζων
2330 3057 2459 3124 παρ’
2483 3057 2640 3127 ἡμῶν
2660 3053 2944 3120 δοξάζεται
2974 3054 3070 3108 καὶ
3109 3055 3476 3126 κηρύσσεται.
3518 3057 3671 3109 Κατα
3707 3053 3757 3106 δὲ

512 3160 737 3203 noralur
763 3159 815 3204 et
849 3147 1458 3218 proclamatur.Eodem
1485 3149 1642 3204 modo
1673 3165 1726 3204 et
1765 3161 2008 3205 creatum
2035 3160 2086 3205 et

2190 3149 2283 3202 τὸν
2314 3148 2478 3202 αὐτὸν
2508 3147 2710 3219 τρόπον
2741 3149 2836 3202 καὶ
2863 3146 3080 3210 κτιστὸς
3123 3147 3220 3200 καὶ
3250 3147 3510 3212 ἆκτιστος
3542 3149 3570 3201 ὁ
3611 3145 3758 3203 αὐτὸς

511 3244 816 3296 increatum
850 3246 1098 3298 eumdem
1133 3243 1482 3307 conﬁtemur,
1513 3253 1567 3299 et
1607 3245 1889 3299 mortalem
1923 3256 2086 3312 atque

512 3333 906 3399 immortalem,
973 3343 1026 3387 et
1055 3349 1391 3404 quaecunque
1413 3335 1518 3389 alia
1545 3335 1595 3388 in
1648 3350 1755 3389 uno
1787 3337 2088 3404 eodemque

511 3423 758 3491 subjecto
815 3426 1087 3478 contraria
1136 3436 1433 3479 cernuntur
1485 3437 1704 3495 propter
1768 3437 2085 3480 naturarum

515 3516 910 3582 duplicitatem.
953 3515 1048 3569 His
1099 3516 1173 3569 ita
1206 3517 1519 3582 declaratis,
1570 3519 1693 3588 quis
1739 3521 1981 3588 prohibet
2013 3521 2085 3589 pii

517 3609 791 3676 dogmatis
819 3608 1081 3673 asseclas,
1117 3611 1407 3679 quominus
1449 3611 1710 3681 reliquam
1742 3614 1918 3666 rerum
1953 3615 2087 3666 dua-

513 3698 746 3766 litatem,
797 3702 911 3768 pari
967 3702 1123 3755 modo
1156 3701 1208 3754 in
1261 3717 1504 3771 persona:
1536 3718 1749 3772 quoque
1809 3704 2090 3759 attributis

515 3791 822 3858 usurpent?
848 3793 988 3861 quod
1020 3792 1106 3846 isti
1138 3787 1533 3848 Ciirlstomachi
1571 3796 1732 3864 impie
1759 3805 2000 3866 negant:
2035 3805 2090 3850 et

514 3891 784 3947 quatenus
838 3883 1055 3949 quidem
1117 3884 1368 3938 Christus
1413 3888 1479 3939 ad
1533 3883 1769 3940 Verbum
1832 3887 2087 3953 refertur,

513 3974 696 4024 dicant
731 3974 1306 4044 incircumscriptum;
1347 3989 1616 4044 quatenus
1671 3993 1797 4033 vero
1847 3982 1911 4032 ad
1944 3982 2087 4036 servi

516 4061 745 4113 fortnam
793 4063 1044 4130 pertinet,
1090 4065 1650 4134 circumscriptionem
1684 4069 1732 4121 ei
1787 4070 2088 4136 assignent.

515 4153 649 4219 Quis
701 4154 835 4208 adeo
877 4157 1068 4210 brutus
1114 4156 1420 4225 stolidoque
1466 4158 1648 4210 animo
1699 4168 1864 4227 atque
1896 4173 2091 4216 excors

513 4247 606 4306 sit,
643 4256 699 4298 ut
749 4257 942 4300 caetera
1001 4248 1216 4316 quidem
1268 4248 1449 4301 omnia
1503 4249 1736 4317 duplicia
1785 4252 1836 4304 in
1888 4252 2090 4320 duplici

519 4337 803 4404 nativitate
840 4348 931 4390 aut
963 4351 1155 4391 natura
1190 4339 1477 4403 confitens,
1511 4341 1562 4394 in
1605 4344 1707 4396 hoc
1741 4352 1945 4398 tantum
1979 4348 2090 4401 eir-

515 4427 959 4496 eumseripliouis
1013 4433 1230 4501 negotio
1276 4433 1518 4486 rixetur?
1554 4433 1711 4489 Certe
1745 4439 1835 4505 qui
1884 4439 2088 4506 prima-

521 4521 630 4572 rias
689 4529 742 4572 et
777 4519 997 4574 intimas
1057 4535 1371 4575 naturarum
1427 4525 1677 4579 noriones
1733 4527 1966 4592 auferat,
2023 4546 2092 4584 ne

479 4622 761 4661 .nuturam
813 4613 1029 4683 quidem
1079 4615 1342 4683 reliquam
1407 4616 1590 4670 lat-iet.
1645 4617 1786 4683 Quid
1820 4621 1966 4673 enim
2003 4622 2090 4675 hic

519 4703 926 4756 lormidolosnm
981 4716 1064 4758 cst
1111 4717 1203 4758 aut
1249 4724 1574 4776 magnopere
1623 4711 1884 4764 noxium?
1935 4712 2090 4767 Sicut

520 4792 663 4843 enim
712 4794 923 4859 operati
975 4806 1026 4846 et
1069 4795 1223 4860 velle,
1280 4799 1488 4850 nt-scire
1545 4799 1708 4851 etiam
1763 4807 1926 4869 atque
1975 4804 2084 4869 pati

522 4884 835 4938 humanitus
873 4885 1181 4953 Dominum,
1215 4891 1359 4944 nullo
1392 4891 1550 4944 modo
1585 4892 1828 4958 ejusdem
1877 4893 2096 4950 deitatis

521 4979 785 5030 rationem
843 4977 1002 5044 laesit,
1037 4994 1212 5048 neque
1261 4983 1582 5037 divisionem
1624 4983 1786 5036 ullam
1823 4985 1876 5037 in
1927 5000 2091 5038 unam

511 5071 869 5138 eaunlemque
921 5071 1255 5141 hypostasim
1313 5074 1535 5141 intulit;
1573 5074 1643 5127 ita
1703 5090 1770 5128 ne
1823 5075 1876 5128 in
1930 5091 2095 5132 carne

512 5163 730 5229 quidem
763 5177 885 5216 eum
915 5164 1084 5233 pingi,
1113 5165 1350 5235 qualiter
1385 5168 1522 5220 inter
1556 5165 1806 5223 homines
1841 5169 1988 5223 visus
2013 5180 2093 5224 est

511 5263 567 5308 et
626 5267 1002 5321 conversatus,
1061 5257 1224 5310 ullam
1280 5257 1330 5312 ei
1390 5259 1743 5328 ignominiam
1798 5275 2084 5329 aSperget;

514 5363 689 5415 neque
721 5349 772 5400 in
803 5352 960 5403 unica
1013 5352 1290 5420 hypostasi
1324 5351 1605 5406 distractio
1650 5353 1751 5404 ulla
1785 5356 2086 5421 apparebit.

515 5435 811 5492 Facessant
876 5440 1039 5508 igitur
1099 5443 1191 5509 qui
1247 5457 1383 5492 vana
1431 5453 1722 5511 nngantnr,
1759 5443 1847 5513 qui
1899 5444 2093 5497 divina:

514 5535 829 5586 ωοοηοιιιίιιι
885 5534 1086 5587 rationi
1134 5535 1400 5601 inrident,
1453 5550 1617 5604 seque
1670 5551 1698 5589 a
1761 5548 1947 5592 sancta
1986 5537 2090 5591 ﬁde

513 5633 697 5677 nostra
735 5624 1062 5678 abalienarit.

2188 3242 2564 3314 ὁμολογεῖται,
2606 3242 2703 3296 καὶ
2759 3238 2953 3311 θνητὸς
2988 3241 3083 3296 καὶ
3121 3241 3420 3306 ἀθάνατος,
3468 3242 3561 3295 καὶ
3607 3239 3762 3294 τὰλλτ

2188 3335 2289 3387 ὅσα
2311 3333 2439 3402 περὶ
2458 3333 2551 3386 τὸν
2577 3332 2672 3386 ἕνα
2693 3333 2788 3386 καὶ
2817 3332 2906 3385 τὸν
2939 3333 3102 3385 αὑτὸν
3125 3333 3526 3403 ἀντικειμένως
3552 3330 3760 3403 οεωρεῖ·

2191 3440 2281 3477 ται
2313 3423 2402 3477 διὰ
2455 3423 2557 3494 τὴν
2609 3422 2840 3494 διπλόην
2889 3423 2999 3477 τῶν
3056 3423 3295 3491 φύσεων.
3353 3424 3518 3476 Ἀλλὰ
3568 3423 3764 3475 τούτων

2193 3512 2366 3577 οὕτως
2402 3513 2856 3584 κηρυσσομένων,
2887 3513 2974 3576 τίς
3009 3515 3037 3566 ὁ
3069 3512 3328 3566 κωλύσων
3351 3514 3510 3578 λόγος
3536 3511 3760 3575 εὐσεσὼς

2191 3605 2640 3675 δογματίζοντας,
2685 3605 2760 3675 μὴ
2783 3605 2878 3658 καὶ
2918 3605 3016 3674 τὴν
3059 3604 3255 3674 λοιπὴν
3297 3605 3562 3673 συζυγίαν
3593 3605 3761 3674 ὁμοιο-

2192 3697 2409 3769 τρόπως
2440 3697 2515 3769 τῷ
2540 3697 2688 3767 αύτῷ
2713 3697 2900 3767 νέμειν
2926 3697 3226 3767 προσώπῳ,
3251 3697 3279 3748 ὃ
3305 3697 3372 3768 δὴ
3406 3701 3518 3762 τοῖς
3544 3699 3758 3767 Χριστο-

2195 3788 2390 3858 μάχοις
2423 3788 2720 3858 ἀπείρηται
2759 3786 3076 3852 δυσσεὸὦςς
3131 3788 3229 3839 καὶ
3263 3787 3392 3839 ὅσον
3429 3788 3528 3858 μὲν
3563 3789 3639 3850 είς
3670 3786 3759 3855 τὴν

2191 3878 2285 3931 τοῦ
2313 3879 2487 3947 Λόγου
2548 3879 2711 3947 φύσιν
2744 3879 2970 3947 ἀνῆκεν,
3031 3878 3342 3933 ἀποδιδόναι
3377 3882 3439 3934 τὸ
3469 3879 3759 3950 ἀπερίγρα-

2193 3988 2356 4023 πτον·
2391 3972 2514 4024 ὅσον
2540 3970 2596 4023 δὲ
2631 3973 2710 4034 είς
2739 3971 2835 4041 τὴν
2857 3971 2951 4024 τοῦ
2994 3971 3184 4024 δούλου
3233 3974 3475 4042 μορφὴν,
3525 3973 3583 4025 τὸ
3611 3987 3756 4040 περι-

2191 4062 2437 4131 γραπτὸν
2472 4060 2840 4117 ἀνατίθεσθαι.
2875 4063 2970 4124 Τίς
3016 4062 3188 4126 οὕτως
3225 4065 3509 4134 κτηνώδης
3530 4063 3621 4116 καὶ
3642 4062 3756 4115 ἄλο-

2192 4169 2288 4221 γος
2317 4153 2416 4222 τὴν
2441 4153 2645 4224 ψυχὴν,
2681 4157 2774 4206 καὶ
2817 4153 3030 4224 φρενῶν
3075 4153 3179 4219 ἔξω
3215 4154 3522 4220 καθεστὼς,
3573 4155 3637 4208 τὰ
3668 4152 3757 4222 μὲν

2195 4244 2332 4298 ἄλλα
2361 4247 2559 4310 πάντα,
2591 4245 2744 4298 διττὰ
2776 4247 2867 4298 ἐπὶ
2895 4246 3100 4309 διτταῖς
3135 4249 3255 4309 ταῖς
3297 4250 3616 4318 γεννήσεσιν
3640 4247 3757 4312 ὀμο-

2191 4339 2421 4412 λογείνῆ
2452 4341 2700 4410 φύσεσιν,
2733 4342 2863 4411 περὶ
2882 4340 2938 4392 δὲ
2961 4340 3021 4394 τὸ
3045 4339 3102 4392 ἓν
3131 4341 3290 4410 μόνον
3311 4339 3672 4410 ζυγομαχεῖν;
3698 4337 3754 4388 Ei

2193 4431 2303 4502 γάρ
2329 4448 2412 4494 τις
2444 4432 2512 4483 τὰ
2543 4431 2856 4483 οἰκειότατα
2889 4432 2982 4484 καὶ
3011 4430 3218 4500 ἀκριϐῆ
3265 4430 3374 4484 τῶν
3411 4431 3624 4499 φύσεων
3665 4428 3755 4494 ἀφ·

2198 4525 2306 4577 έλοι
2341 4522 2740 4594 γνωρίσματα,
2784 4523 2916 4592 μηδὲ
2965 4523 3126 4589 φύσιν
3159 4517 3299 4574 εἷναι
3330 4516 3648 4576 ἀπολίποιτό
3674 4520 3752 4572 ἄν.

2197 4615 2262 4669 Τί
2297 4616 2406 4687 γὰρ
2435 4614 2690 4668 ἐντεῦθεν
2731 4615 2792 4666 τὸ
2830 4613 3132 4684 ὕποπτονῆ
3181 4613 3632 4684 βλαϐερώτατονς
3673 4611 3754 4673 Ὠς

2195 4709 2305 4778 γὰρ
2335 4709 2395 4760 τὸ
2425 4709 2669 4779 ἐνεργεῖν
2705 4707 2798 4759 καὶ
2823 4707 3020 4770 θέλειν,
3058 4707 3153 4759 καὶ
3186 4709 3403 4774 ἀγνοεῖν
3431 4707 3511 4760 έτι
3540 4707 3630 4759 καὶ
3658 4704 3754 4756 πά-

2195 4817 2345 4870 σχειν
2380 4798 2742 4867 ἀνθρωπίνως
2788 4797 2877 4850 τὸν
2908 4797 3131 4869 Κύριον,
3187 4801 3305 4850 κατ’
3334 4799 3523 4851 οὐδένα
3564 4796 3754 4866 τρόπον

2191 4891 2284 4942 τὸν
2311 4893 2410 4961 τῆς
2445 4888 2567 4942 κατ’
2594 4889 2756 4942 αὑτὸν
2786 4888 3046 4959 θεότητος
3068 4888 3416 4960 ἐλωϐήσαντο
3441 4890 3616 4956 λόγον,
3641 4884 3751 4938 οὐδὲ

2191 4982 2458 5052 διαίρεσιν
2491 4981 2634 5034 κατὰ
2655 4981 2754 5050 τὴν
2792 4980 2961 5050 αὐτὴν
3007 4981 3100 5033 καὶ
3144 4981 3273 5050 μίαν
3308 4983 3598 5034 ὑπόστασιν
3633 4993 3749 5028 συν-

2192 5077 2608 5145 είσηνέγκαντο,
2646 5072 2819 5136 οὕτως
2858 5073 2979 5126 οὐδὲ
3013 5075 3074 5125 τὸ
3119 5074 3285 5142 σαρκὶ
3342 5074 3502 5126 αὑτὸν
3560 5071 3750 5141 γράφε-

2194 5167 2338 5230 σθαι,
2372 5165 2508 5219 καθὸ
2533 5169 2645 5228 τοῖς
2671 5164 2980 5235 ἀνθρώποις
3007 5162 3162 5234 ὤφθη
3201 5169 3292 5217 καὶ
3326 5161 3746 5231 συνανεστράφη,

2195 5257 2321 5308 καθ’
2352 5253 2627 5308 ὁντιναοῦν
2677 5255 2878 5324 τρόπον
2927 5252 3088 5322 ὓϐριν
3126 5254 3539 5325 προστρίψαιτο,
3569 5250 3600 5320 ἦ
3632 5244 3749 5313 περὶ

2196 5351 2295 5418 τὴν
2339 5349 2468 5418 μίαν
2501 5348 2797 5399 ὑπόστασιν
2831 5346 2973 5398 κατὰ
3024 5363 3077 5396 τι
3128 5345 3258 5412 γοῦν
3286 5345 3564 5405 διάστασις
3592 5338 3748 5407 ὀφθή-

2195 5457 2366 5494 σεται.
2413 5437 2757 5509 Ἐρῤέτωσαν
2786 5433 2879 5490 οὖν
2901 5436 3027 5506 εἱκῆ
3054 5430 3426 5508 φλυαροῦντες
3453 5438 3502 5489 οἱ
3529 5434 3602 5503 τῷ
3620 5433 3749 5495 λόγῳ

2191 5533 2291 5601 τῆς
2326 5531 2472 5594 θείας
2538 5530 2850 5600 οἰκονομίας
2906 5530 3316 5599 βασκαίνοντες,
3352 5533 3445 5584 καὶ
3503 5528 3596 5598 τῆς
3634 5520 3746 5577 καθ’

2192 5628 2338 5696 ἡμᾶς
2377 5625 2610 5694 εύαγοοῦς
2640 5623 3078 5694 ἁλλοτριούμενοι
3100 5625 3355 5687 πίστεως.

594 5765 820 5834 Ἥρωι.
865 5795 937 5846 χι,
974 5781 1056 5864 ιι.
1134 5783 1179 5814 το
1217 5781 1343 5835 ibid.
1381 5782 1469 5837 at.
1548 5788 1588 5816 υ·
1643 5785 1829 5838 Μιιιιίι.
1885 5801 1957 5849 ιτ,
2003 5785 2055 5839 ι.

2219 5783 2404 5835 Matth.
2441 5795 2589 5846 xxiv,
2628 5775 2716 5828 3o.
2771 5845 2777 5852 ³
