4050 6428
308 394 399 458 329

993 370 1623 435 ANTIRRHETICUS
1668 370 1724 427 Ιῐ
1766 369 1934 428 ADV.
1977 365 2568 427 CONSTANTINUM
2612 365 2822 425 CDPR.

1318 669 1954 759 ΑΝΤΙΡΡΗΣΙΣ
2033 668 2558 755 ΔΕΥΤΕΡΑ.

1053 874 1243 928 ΑΡΧΗ
1281 871 1419 926 ΤΗΣ
1459 869 1814 924 ΔΕΥΤΕΡΑΣ
1853 869 2250 924 ΕΡΩΤΗΣΕΩΣ
2284 869 2423 922 ΤΟΥ
2462 867 2787 924 ΜΑΜΩΝΛ.

1078 1194 2057 1288 ANTIRRHETICUS
2130 1193 2786 1285 SECUNDUS.

1005 1375 1299 1471 lNCIl’lT
1345 1405 1710 1471 SECUNDA
1757 1404 2137 1469 MAMONJE
2183 1352 2823 1470 IN'I‘ERROGATIO.

1897 1597 1970 1610 —V

361 1732 428 1788 α’.
471 1729 815 1802 ’Δπαρτίσας
845 1731 873 1782 ὁ
908 1727 1195 1796 Μαμωνᾶς
1224 1725 1372 1787 ὅπως
1400 1723 1550 1793 αύτῷ
1591 1723 1766 1778 ἐδόκει
1806 1724 1875 1777 τὰ

2048 1727 2236 1800 661.
2277 1725 2570 1798 POSIquam
2602 1729 2886 1784 Mamonas
2918 1727 3176 1795 absolvit,
3235 1737 3294 1783 ut
3347 1729 3447 1799 ipsi
3481 1729 3558 1785 v3-

299 1827 388 1896 τῆς
414 1824 691 1894 προτέρας
715 1821 980 1884 πεύσεως,
1017 1817 1220 1888 μᾶλλον
1252 1816 1309 1869 δὲ
1329 1814 1712 1885 προστάξεως,
1743 1815 1867 1868 καθ’

301 1919 361 1989 ἢν
390 1917 452 1970 τά
500 1915 586 1967 ἐπ’
622 1912 873 1980 ἐξουσίας
921 1911 1090 1972 ὅντως
1139 1909 1494 1977 ἀπεφαίνετο.
1533 1907 1617 1976 ἐφ’
1675 1907 1870 1978 ἑτέραν

303 2007 481 2060 πεῦσιν
510 2005 748 2076 μετάγει
776 2001 869 2054 τὺν
899 1999 1079 2068 λόγον.
1123 1999 1404 2060 Ὡσαύτως
1444 1997 1500 2049 δὲ
1518 1999 1632 2059 τοῖς
1664 1996 1871 2066 προλα-

301 2098 441 2152 ϐοῦσι
473 2094 821 2168 βατταρίζων
875 2092 970 2145 καὶ
1025 2088 1399 2160 παρατρύζων
1449 2089 1541 2141 καὶ
1594 2088 1725 2158 περὶ
1762 2087 1872 2142 τῶν

301 2189 464 2244 αὒτῶν
502 2185 814 2256 ἀδολεσχῶν
860 2183 1243 2253 ματαιοπονεῖ,
1273 2175 1348 2234 ὧν
1385 2197 1502 2232 τινα
1548 2180 1629 2242 είς
1675 2179 1874 2248 μέσους

299 2286 518 2353 ἀγαγεῖν
567 2283 784 2335 δίκαιον
834 2277 975 2333 εἶναι
1012 2277 1297 2348 ᾠήθημεν,
1358 2276 1497 2329 ὥστε
1530 2276 1750 2346 ἐμφανῆ
1781 2275 1875 2329 καὶ

295 2379 345 2430 ἑν
394 2375 612 2437 τούτοις
647 2372 902 2441 γενέσθαι
938 2370 1038 2442 τὴν
1079 2369 1318 2433 ἀλαζόνα
1378 2371 1473 2422 καὶ
1521 2369 1875 2439 ὑπερήφανον

295 2467 442 2522 αὑτοῦ
465 2467 754 2520 διάνοιανο
789 2464 990 2532 φάσκει
1045 2461 1102 2514 δὲ
1129 2455 1230 2514 ὦδε
1258 2475 1272 2489 ·
1309 2479 1328 2512 ι
1379 2460 1758 2530 ’Υπελάϐομεν
1796 2460 1874 2522 δὲ,

294 2557 378 2609 καὶ
405 2557 602 2625 ἕτερον
628 2553 924 2622 κεφάλαιον
954 2552 1231 2622 ἐρωτῆσαι
1273 2551 1439 2620 ὑμᾶς,
1483 2551 1876 2620 ὲννοησάμενοι

295 2649 366 2700 ὅτι
392 2650 417 2700 ὁ
438 2649 679 2717 ποιήσας
706 2645 804 2718 τὴν
835 2645 1024 2698 είκόνα
1059 2644 1152 2696 τοῦ
1185 2643 1426 2714 Χριστοῦ
1474 2641 1706 2714 ταύτην,
1745 2643 1876 2714 περὶ

295 2736 355 2811 ἧς
379 2739 464 2791 τὸν
501 2738 673 2806 λόγον
705 2739 1061 2808 ὲκινήσαμεν,
1118 2735 1193 2806 μὴ
1224 2733 1483 2788 εἰσελθὼν
1513 2735 1592 2797 είς
1623 2734 1684 2786 τὸ
1709 2732 1878 2802 βάθος

298 2831 382 2883 τοῦ
411 2827 695 2897 δόγματος
722 2829 822 2898 τῆς
864 2825 1176 2896 ἀσυγχύτου
1217 2824 1466 2888 ὲνὼσεως
1505 2822 1614 2877 τῶν
1639 2823 1734 2877 δύο
1772 2823 1875 2893 φύ-

300 2941 424 2979 σεων
466 2924 563 2979 τοῦ
623 2921 888 2993 Χριστοῦ.
925 2938 943 2970 ι
985 2917 1172 2972 Ταῦτα
1221 2918 1382 2980 ποίας
1425 2915 1744 2981 ἀλαζονείας
1783 2916 1879 2969 καὶ

300 3016 635 3086 φυσιώσεως,
676 3011 879 3084 μᾶλλον
907 3011 964 3064 δὲ
992 3009 1150 3072 ποίας
1184 3007 1371 3072 ἀνοίας
1422 3008 1520 3061 καὶ
1567 3005 1876 3080 ἐμπληξίας

1976 1824 2225 1887 debatur,
2261 1824 2493 1891 primam
2545 1822 3052 1890 interrogationem,
3107 1823 3191 1877 vel
3240 1825 3557 1877 mandatum

1976 1915 2176 1983 potius,
2211 1929 2316 1982 quo
2354 1915 2624 1984 propriam
2670 1929 2858 1968 revera
2907 1915 3323 1983 praepotentiam
3369 1924 3558 1969 osten-

1975 2005 2092 2071 dit,
2153 2020 2276 2058 mox
2333 2019 2639 2059 sermonem
2697 2021 2854 2059 suum
2905 2007 2970 2060 ad
3020 2007 3242 2059 alteram
3300 2006 3560 2060 transfert

1977 2094 2481 2162 interrogationem.
2525 2093 2706 2164 Eque
2752 2096 2912 2165 igitur
2938 2111 3003 2149 ac
3031 2095 3084 2148 in
3123 2095 3558 2164 praecedentibus

1974 2185 2282 2240 balbutiens
2333 2198 2388 2240 et
2437 2188 2786 2256 obstrepens,
2844 2196 3010 2256 atque
3060 2189 3114 2242 in
3166 2187 3357 2241 eodem
3392 2202 3558 2255 argu-

1977 2287 2160 2330 mento
2213 2293 2443 2348 nugans,
2524 2278 2715 2333 insane
2765 2279 3018 2345 laborat;
3073 2277 3229 2348 cujus
3301 2277 3558 2331 nonnulla

1977 2370 2144 2424 verba
2177 2368 2231 2424 in
2293 2370 2528 2424 medium
2580 2371 2830 2439 proferre
2881 2386 3095 2440 aequum
3151 2369 3556 2440 judicavimus;

1977 2474 2038 2516 ut
2067 2463 2194 2516 hinc
2229 2477 2444 2531 quoque
2477 2478 2743 2532 arrogans
2791 2462 2911 2530 ejus
2947 2463 3351 2531 superbumque
3398 2462 3555 2532 inge-

1978 2554 2124 2608 nium
2157 2563 2418 2624 patescat.
2446 2555 2539 2610 Sic
2567 2572 2696 2626 ergo
2723 2547 2997 2624 loquitur:
3033 2574 3050 2606 ι
3085 2551 3346 2608 Volumus
3375 2563 3558 2608 autem

1976 2654 2024 2698 et
2065 2645 2213 2700 aliud
2245 2645 2545 2717 capitulum
2604 2663 2634 2702 a
2670 2647 2823 2702 vobis
2851 2645 3116 2701 sciscitari
3147 2662 3162 2711 ;
3209 2645 3336 2716 quia
3372 2646 3565 2700 existi-

1978 2753 2218 2803 mamus,
2263 2754 2386 2794 eum
2442 2739 2533 2809 qui
2571 2739 2711 2794 hanc
2743 2738 2947 2794 Christi
2983 2739 3272 2808 imaginem
3301 2738 3449 2800 fecit,
3493 2739 3562 2792 de

1977 2845 2084 2898 qua
2114 2845 2421 2886 sermonem
2485 2831 2902 2895 commovimus,
2947 2829 3088 2883 haud
3131 2839 3452 2898 penetrasse
3505 2828 3560 2881 in

1979 2922 2325 2977 altitudinem
2379 2922 2650 2992 dogmatis
2707 2921 3008 2978 ineonfusae
3047 2920 3274 2975 duarum
3351 2919 3562 2974 Christi

1978 3025 2296 3069 naturarum
2347 3015 2589 3070 unionis.
2641 3031 2662 3066 ι
2701 3013 2997 3081 Cuiusnam
3054 3012 3170 3066 hate
3232 3009 3563 3080 arrogantiae

301 3108 604 3180 ὑπερϐολὴν
645 3105 1002 3169 καταλείπει;
1067 3102 1162 3155 Ἐκ
1207 3100 1412 3170 πολλῆς
1458 3100 1568 3172 γὰρ
1616 3101 1875 3163 ἀπονοίας

1979 3107 2336 3180 iactantiazve,
2376 3106 2484 3160 imo
2519 3121 2650 3162 vero
2680 3106 2902 3161 insaniae
2934 3115 3098 3175 atque
3150 3104 3388 3172 stuporis
3425 3102 3565 3157 fines

298 3201 454 3254 οίεται
479 3199 650 3262 αὐτός
673 3215 736 3267 γε
768 3197 951 3268 μόνος,
984 3195 1058 3266 μὴ
1078 3195 1162 3249 ὅτι
1188 3195 1270 3258 είς
1291 3193 1472 3265 τρίτον
1489 3192 1741 3264 οὐρανὸν,
1762 3191 1877 3246 ἀλλ’

300 3295 390 3366 ἠδη
416 3295 507 3348 καὶ
539 3295 628 3356 είς
656 3292 917 3362 τέταρτον
951 3285 1328 3358 ἀνηρπάσθαι,
1361 3288 1458 3340 καὶ
1507 3283 1879 3357 ἀπορρητοτέ-

303 3386 453 3457 ρωνῆ
479 3383 696 3446 Παῦλος
721 3380 1020 3452 ἀκηκοέναι
1053 3378 1336 3449 ῥημάτων,
1368 3377 1464 3430 καὶ
1515 3378 1573 3429 ὲν
1617 3375 1872 3446 περινοίᾳ.

300 3478 424 3531 Θεοῦ
455 3474 740 3546 γενέσθαι,
761 3475 856 3526 καὶ
879 3473 1059 3531 πᾶσαν
1081 3471 1181 3540 τὴν
1203 3469 1383 3523 κτίσιν
1414 3469 1646 3522 κατόπιν
1667 3467 1879 3536 διαφεὶς

304 3569 570 3638 μυηθῆναι
603 3565 640 3619 ἃ.
677 3563 868 3636 μηδεὶς
899 3561 1192 3633 μεμάθηκε
1223 3558 1469 3613 πώποτε.
1505 3558 1602 3621 Τίς
1632 3559 1692 3610 ού
1739 3558 1876 3611 θαυ-

304 3661 523 3729 μάσεται
551 3657 661 3727 τῆς
690 3655 964 3725 τοσαύτης
1009 3652 1394 3721 ἀναισχυντίας
1442 3649 1503 3702 τὸ
1531 3649 1876 3721 ὑπέρογκον;

311 3753 654 3807 ’Δποστόλων
675 3749 769 3803 νῦν
807 3749 902 3802 καὶ
955 3749 1063 3801 τῶν
1093 3747 1269 3801 ἄλλων
1291 3745 1392 3815 τῆς
1426 3743 1756 3815 Ἐκκλησίας
1799 3743 1878 3797 δι-

301 3845 577 3899 δασκάλων
609 3845 670 3897 οὐ
697 3842 864 3910 λέγω,
892 3840 986 3901 οὓς
1011 3838 1235 3901 πολλαῖς
1263 3837 1457 3909 ὕϐρεσι
1513 3836 1748 3908 βάλλων,
1782 3837 1879 3890 καὶ⁹

299 3937 362 3990 τὰ
376 3937 582 3990 τούτων
609 3935 858 4002 δόγματα
884 3930 1102 3984 πλύνων
1127 3929 1222 3984 καὶ
1245 3928 1685 3999 διαγραφόμενος
1708 3924 1881 3978 διετὲ-

301 4030 394 4095 λει,
422 4030 515 4094 οὒς
540 4029 646 4102 μὲν
680 4029 746 4080 ἐκ
775 4025 884 4080 τῶν
928 4025 1060 4096 περὶ
1102 4023 1165 4076 τὸ
1196 4022 1359 4091 σῶμα
1419 4018 1875 4090 συμϐεϐηκότων,

301 4122 388 4188 οὓς
411 4123 466 4177 δὲ
500 4124 566 4176 ὲκ
603 4120 712 4173 τῶν
751 4117 990 4188 νοσερῶν
1019 4115 1337 4176 διαθέσεων,
1368 4111 1752 4168 ἀποσκώπτων
1781 4111 1879 4165 καὶ

301 4213 814 4283 διαλοιδορούμενος.
862 4209 986 4262 Τῶν
1046 4209 1126 4270 είς
1207 4205 1300 4260 τὸν
1353 4204 1628 4276 βασίλειον
1686 4203 1876 4274 θρόνον

301 4305 712 4377 ἐμπρεψάντων,
742 4302 838 4355 καὶ
883 4300 972 4352 ἐπ’
1028 4296 1282 4369 εὐσεϐείᾳ.
1309 4297 1402 4350 καὶ
1424 4293 1742 4366 δικαιοσύνῃ
1777 4311 1871 4349 κεο

300 4397 656 4467 κοσμημένων
685 4391 804 4454 πῶς
845 4391 908 4444 οὑ
950 4388 1332 4458 δεδυσώπηται
1381 4388 1475 4442 τὸν
1514 4387 1738 4459 τρόπον,
1780 4385 1876 4438 καὶ

1981 3213 2086 3252 non
2123 3196 2424 3266 superant?
2453 3195 2700 3267 Namque
2731 3197 2800 3252 ob
2829 3196 3056 3249 inultam
3089 3193 3375 3250 stultitiam
3407 3208 3560 3247 suam

1979 3287 2127 3346 solus
2178 3289 2294 3358 ipse
2343 3287 2622 3358 opinatur,
2676 3286 2869 3342 nonin
2901 3285 3121 3339 tertium
3156 3284 3558 3346 tantummodo,

1980 3395 2170 3436 verum
2225 3381 2389 3435 etiam
2450 3379 2504 3434 in
2544 3391 2798 3448 quartum
2856 3376 3058 3432 caelum
3118 3391 3178 3431 se
3229 3384 3467 3444 raptum,
3511 3385 3567 3429 et

1981 3474 2344 3530 ineﬂabiliora
2397 3489 2559 3543 quam
2619 3470 2849 3526 Paulum
2911 3469 3076 3524 verba
3135 3469 3452 3532 audivisse,
3508 3478 3566 3521 et

1983 3573 2218 3618 mentem
2274 3563 2368 3618 Dei
2424 3562 2700 3632 attigisse,
2761 3570 2924 3630 atque
2979 3574 3195 3613 omnem
3246 3568 3555 3613 creaturam

1981 3664 2440 3724 praetervectum,
2498 3655 2567 3709 iis
2622 3652 2786 3707 rebus
2839 3651 3010 3708 fuisse
3067 3651 3560 3724 initiatinn,rqnas

1981 3723 2142 3800 nemo
2208 3761 2446 3816 unquam
2509 3745 2719 3800 didicit.
2784 3743 2917 3809 Quis
2973 3752 3138 3798 tantm
3214 3723 3565 3812 impudentiae

1981 3835 2257 3890 cumulum
2291 3851 2398 3889 non
2428 3833 2757 3889 mirabitur?
2814 3832 2960 3888 Sileo
3021 3847 3165 3886 nunc
3198 3833 3264 3886 de
3298 3831 3561 3900 apostolis

1982 3923 2212 3994 aliisque
2261 3923 2523 3979 Ecclesia:
2589 3923 2891 3994 magistris,
2954 3936 3091 3992 quos
3146 3921 3236 3976 hic
3295 3921 3564 3976 conviciis

1983 4017 2170 4071 multis
2209 4019 2432 4086 appetit,
2476 4029 2775 4084 eorumque
2801 4015 3053 4085 dogmata
3101 4014 3454 4083 prem-indere
3498 4029 3564 4067 ac

1981 4107 2165 4164 delere
2201 4123 2306 4162 non
2349 4107 2566 4172 desinit,
2619 4106 2814 4176 partim
2843 4106 2912 4160 ob
2947 4119 3234 4174 corporum
3267 4119 3387 4174 qua:
3417 4105 3562 4173 passi

1981 4210 2109 4255 sunt
2140 4199 2491 4264 detrimenta,
2518 4199 2713 4268 partim
2734 4198 2900 4252 etiam
2931 4197 3002 4254 ob
3033 4196 3382 4253 infirmitates
3417 4197 3563 4252 deri-

1981 4294 2114 4350 dens
2145 4308 2209 4348 ac
2245 4293 2596 4347 Inaledicens.
2628 4291 2698 4345 At
2725 4291 2942 4347 illorum
2968 4291 3157 4345 saltem
3191 4291 3282 4360 qui
3315 4291 3366 4343 in
3394 4289 3560 4360 regali

1981 4389 2180 4441 throno
2209 4384 2501 4450 fulserunt,
2531 4392 2585 4438 et
2620 4383 2822 4454 pietate
2859 4398 2924 4436 ac
2964 4382 3178 4450 iustitia
3225 4381 3405 4436 ornati
3446 4381 3559 4435 fue-

299 4449 542 4560 1"qv.7t.a.pl
573 4485 644 4540 τὰ
683 4449 802 4538 θεῖα
841 4481 1121 4550 σπουδήν;
1152 4449 1264 4534 Καὶ
1284 4479 1394 4548 γὰρ
1442 4449 1757 4550 ἀναθήμασι
1784 4477 1875 4529 καὶ

1983 4488 2131 4544 runt,
2167 4478 2444 4548 quomodo
2477 4491 2656 4531 mores
2689 4491 2794 4530 non
2831 4485 3112 4529 reveretur
3145 4475 3560 4545 divinarumque

301 4580 455 4650 ἱεροῖς
483 4577 800 4650 περιϐόλοις
829 4576 1184 4645 γεραίροντες
1209 4572 1272 4624 τὺ
1313 4572 1472 4624 Θεῖον
1512 4569 1874 4641 ἐθεράπευον,

299 4671 342 4723 οῖ
371 4672 528 4741 μόνον
559 4671 622 4723 οὐ
671 4669 922 4722 καθεῖλον
973 4667 1072 4737 τῆς
1109 4662 1476 4736 ἱερογραφίας
1517 4661 1610 4715 τὸν
1644 4661 1874 4732 κόσμον,

299 4762 424 4814 ἀλλά
448 4763 544 4815 καὶ
572 4761 933 4830 ᾠκοδόμησαν
988 4758 1083 4812 καὶ
1122 4755 1616 4826 ὲφιλοτεχνήσαντο
1654 4753 1725 4807 τὰ
1757 4753 1879 4824 ίερὰ

299 4854 462 4908 ταῦτα
497 4854 829 4924 ἀναθήματα
861 4849 1184 4920 φιλοτίμως,
1221 4847 1281 4900 ἐν
1330 4863 1390 4899 τε
1424 4847 1574 4909 ναοῖς
1602 4844 1789 4910 θείοις,
1821 4844 1878 4897 ἐν

299 4962 351 4996 τε
374 4945 540 5013 ἱεροῖς
574 4942 792 4996 σκεύεσι
825 4941 919 4994 καὶ
941 4941 1250 5010 ὑφάσμασι,
1272 4936 1394 4991 κατ’
1426 4937 1576 5007 ἴχνος
1601 4935 1877 5006 βαίνοντες

299 5035 389 5103 τῆς
421 5034 792 5104 ᾲποστολικῆς
843 5034 940 5086 καὶ
996 5031 1278 5103 Πατρικῆς
1324 5028 1701 5100 παραδόσεως,
1732 5021 1807 5082 ὧν
1841 5029 1876 5099 ἡ

302 5123 520 5196 ἄπειρος
557 5125 766 5196 πληθὺς
813 5125 976 5196 μέχρι
1033 5125 1128 5177 καὶ
1168 5124 1410 5194 σήμερον
1462 5122 1521 5174 ἐν
1547 5121 1667 5184 ταῖς
1697 5121 1875 5174 ἁπάν-

300 5231 402 5267 των
426 5216 583 5285 ὕψεσι
619 5215 928 5288 πρόκειται,
951 5214 1184 5277 ἐκείνοις
1212 5215 1312 5284 μὲν
1337 5211 1622 5275 εὐσεϐείας
1659 5211 1874 5282 μαρτύ-

304 5306 674 5376 ριον,ἐλεγχος
705 5307 761 5360 δὲ
792 5307 886 5360 καὶ
929 5306 1198 5377 θρίαμϐος
1245 5304 1421 5375 τούτῳ
1469 5305 1568 5374 τῆς
1621 5303 1878 5366 ἀϐουλίας

301 5397 392 5451 καὶ
407 5399 742 5463 δυσσεϐείας.
764 5393 864 5451 Ὧν
890 5400 1000 5469 γὰρ
1025 5397 1133 5451 ἔδει
1161 5397 1404 5468 ζηλῶσαι
1429 5396 1520 5451 τὸν
1549 5396 1753 5468 τρόπον
1783 5394 1877 5449 καὶ

1982 4585 2164 4625 rerum
2219 4569 2499 4625 studium?
2559 4567 2808 4637 Namque
2858 4567 2913 4622 hi
2982 4567 3222 4622 donariis
3276 4567 3563 4636 sacrisque

1977 4662 2223 4717 delubris
2273 4661 2446 4717 Deum
2492 4659 2855 4722 honorabant,
2919 4667 2975 4713 et
3015 4658 3212 4713 nedum
3275 4673 3558 4713 sacrarum

1978 4755 2398 4825 inscriptionum
2461 4761 2716 4808 ornatum
2769 4751 3070 4818 auferrent,
3123 4752 3216 4807 sed
3270 4751 3556 4806 struebant

1975 4848 2165 4912 etiam,
2214 4856 2270 4903 et
2338 4856 2596 4902 accurato
2649 4856 3080 4916 sumptuosoque
3145 4843 3383 4900 artiﬁcio
3437 4843 3558 4898 ﬁeri

1984 4941 2250 4997 curabant
2314 4939 2540 4996 donaria
2590 4939 2898 5009 huiusmodi
2930 4938 2983 4992 in
3043 4938 3290 5010 angustis
3344 4937 3560 5007 templis

1985 5032 2264 5102 sacrisque
2314 5031 2461 5086 vasis
2507 5041 2669 5100 atque
2718 5030 2949 5086 texturis
2987 5026 3139 5102 (74),
3191 5029 3560 5099 apostolorum

1982 5118 2320 5190 Petrumque
2345 5119 2695 5174 traditionem
2725 5133 2912 5190 presse
2951 5128 3280 5190 sequentes;
3324 5133 3560 5188 quarum

1983 5227 2168 5268 rerum
2229 5211 2442 5266 infinita
2495 5211 2790 5267 multitudo
2848 5212 2916 5266 ad
2985 5213 3132 5267 hunc
3186 5227 3356 5282 usque
3418 5210 3560 5265 diem

1982 5305 2225 5359 omnium
2255 5303 2430 5360 oculis
2457 5313 2542 5358 est
2585 5305 2870 5374 exposita;
2919 5303 3030 5360 illis
3079 5303 3296 5373 quidem
3338 5304 3560 5373 pietatis

1983 5398 2378 5462 testimonium,
2397 5398 2526 5454 huic
2543 5407 2721 5453 autem
2748 5397 3074 5468 vituperatio
3096 5406 3150 5452 et
3166 5397 3377 5464 publica
3401 5407 3565 5452 teme-

372 5579 636 5652 (7L)Puta
664 5579 1212 5652 CortstantiniMagni
1245 5589 1323 5635 tot
1352 5595 1506 5635 saera
1536 5579 1776 5652 aedificia
1804 5594 1868 5634 ac
1977 5594 2114 5652 quos
2166 5581 2307 5652 inter
2343 5588 2520 5652 tamen
2557 5579 2775 5652 reticeri
2827 5579 3015 5652 nequit
3054 5577 3418 5652 Jpstinianus,
3467 5581 3559 5650 qui

306 5646 522 5703 donaria
561 5651 842 5706 innumera
871 5667 992 5720 qua:
1017 5646 1240 5720 copiose
1271 5651 1464 5705 scribit
1494 5657 1689 5720 auctor
1716 5648 1869 5702 Vita-

1983 5651 2206 5704 Sanclze
2238 5650 2453 5719 Sophia!
2481 5651 2740 5718 templum
2789 5652 2953 5705 totius
2990 5651 3230 5706 Orientis
3267 5655 3562 5708 maximum

305 5733 416 5794 [um
435 5720 754 5794 Pontificum
787 5719 967 5786 nom;
1004 5737 1070 5794 ne
1092 5719 1172 5794 tot
1188 5721 1536 5794 sequentium
1563 5719 1874 5794 Occidentis
1980 5720 2408 5794 aciliﬁeavihvel
2469 5721 2651 5788 potius
2687 5721 3035 5786 instauravit,
3063 5727 3128 5794 et
3174 5722 3348 5780 sacris
3374 5721 3568 5794 imagi-

307 5786 640 5860 Orientisque
688 5791 963 5846 Cmsarum
996 5786 1434 5848 Christian—orum
1487 5790 1691 5845 mentio
1745 5790 1871 5857 fiat;

578 5891 847 5949 PATROL.
885 5886 1004 5949 Gtt.
1045 5885 1114 5945 C.

1987 5789 2378 5847 nibusmusivo
2411 5805 2576 5862 opere
2618 5801 2792 5848 totum
2832 5792 3178 5849 convestivit.

3090 5890 3156 5951 11

3445 359 3552 420 330
3638 417 3650 426 .
