4050 6438
508 366 614 434 331
756 382 759 383 ⁷
1533 376 1601 438 S.
1639 375 2061 439 NICEPHORI
2101 376 2613 440 PATRIABCH/E
2650 380 2761 442 CP.
3651 397 3749 467 ειη

494 483 679 539 τὶίδιίε
700 492 863 553 atque
884 482 1179 551 impietatis
1200 471 1457 541 infamia.
1474 484 1713 554 Quorum
1741 487 1884 542 enim
1909 501 2070 542 more:

2189 488 2288 561 τὴν
2318 490 2493 562 εὐαγῆ
2524 493 2709 548 πίστιν
2734 509 2794 546 τε
2824 492 2918 547 καὶ
2946 494 3256 564 εὐλάϐειαν,
3282 498 3498 556 πάντων
3530 509 3749 577 ccepti)“.

494 585 553 629 et
576 588 769 644 puram
805 572 962 654 fidem
997 581 1160 643 alque
1180 575 1435 644 pietatem
1457 576 1659 632 imitari
1690 577 1972 643 debuerat,
2002 577 2087 632 his

489 667 752 723 omnibus
812 666 1202 736 sapientiorem
1262 682 1323 723 se
1385 669 1664 738 magisque
1715 667 2084 738 perspicacem

496 773 619 812 esse
658 757 928 829 gloriatus
952 768 1054 824 est,
1105 758 1222 813 suis
1257 772 1474 828 semper
1525 760 1838 829 obsequens
1868 761 2081 829 cupidi-

500 850 723 905 tatibus.
764 849 980 922 Ergoue
1041 850 1115 904 illi
1168 851 1219 903 in
1264 851 1536 922 dogmatis
1573 851 1918 907 altitudinem
1974 867 2084 908 non

496 951 889 1011 penetrarunt,
925 942 1020 1012 qui
1080 943 1229 997 omni
1286 953 1410 997 actu
1454 957 1554 998 suo
1597 944 1860 998 Ecclesiae
1911 945 2084 1016 magi-

495 1043 660 1099 stros,
722 1043 837 1088 tum
887 1035 1224 1105 antiquiores
1284 1043 1396 1088 tum
1429 1037 1595 1090 etiam
1649 1037 2087 1106 contemporalcs

495 1127 871 1190 sectabantur,
922 1126 1070 1181 hunc
1102 1136 1304 1188 autem
1363 1127 1538 1183 solum
1560 1143 1672 1183 suae
1728 1129 2081 1198 purissimum

495 1226 851 1287 sanctumque
885 1218 1007 1272 vita:
1038 1232 1210 1289 genus
1234 1220 1302 1272 ad
1334 1219 1615 1290 penetrale
1646 1219 2082 1275 iuserutabilium

494 1308 591 1364 Dei
650 1300 1035 1381 mysteriorum
1094 1312 1361 1367 accedere
1396 1309 1568 1366 fecit?
1622 1311 1738 1367 lmo
1772 1311 1971 1367 verois
2025 1328 2084 1368 se

495 1403 671 1471 ipsum
734 1401 821 1456 hic
870 1416 1091 1472 quoque
1121 1402 1323 1473 prodit,
1390 1412 1502 1458 tum
1561 1400 1669 1459 illis
1707 1412 1822 1459 tum
1862 1403 2081 1460 veritati

494 1491 781 1549 manifeste
818 1493 869 1548 in
901 1494 1114 1548 cunctis
1148 1493 1451 1548 adversari.

563 1586 620 1641 2.
657 1584 763 1640 Sed
782 1586 873 1657 qui
906 1586 959 1639 in
997 1583 1269 1639 inﬁnitum
1325 1584 1573 1653 sejactat
1596 1587 1944 1643 ethumanos
1973 1586 2085 1642 vult

490 1677 757 1732 excedere
781 1675 1069 1740 terminos,
1105 1684 1217 1729 tum
1252 1676 1505 1746 loquendi
1526 1686 1636 1731 tum
1660 1678 1823 1731 etiam
1849 1678 2079 1744 sciendi,

2192 596 2283 650 ρον
2314 579 2410 634 καὶ
2436 579 2807 654 συνετώτερον
2835 584 3028 639 ἑαυτὸν
3054 586 3382 659 ἀνεκήρυξε,
3413 595 3524 658 τοῖς
3560 597 3747 656 ἑαυτοῦ

2188 671 2469 743 πανταχοῦ
2509 672 2885 739 ὲξακολουθῶν
2909 677 3158 732 πάθεσιν.
3199 681 3426 737 Ἐκεῖνοι
3454 688 3553 742 οὐκ
3582 692 3748 763 είσῆλ.

2188 763 2280 819 θον
2312 768 2391 830 είς
2418 767 2476 820 τὸ
2508 766 2672 837 βάθος
2700 767 2796 822 τοῦ
2827 767 3123 840 δόγματος,
3150 774 3198 826 oi
3251 778 3394 830 κατὰ
3439 779 3613 835 πάντα
3646 789 3748 851 τοῖς

2184 857 2527 920 διδασκάλοις
2558 863 2658 930 τῆς
2706 858 3041 932 Ἐκκλησίας
3094 863 3375 936 ἑπόμενοι,
3422 874 3537 933 τοῖς
3569 890 3626 927 τε
3652 879 3749 947 πρὸ

2186 949 2390 1015 αὐτῶν,
2433 953 2544 1016 τοῖς
2573 968 2632 1005 τε
2660 952 2804 1006 κατά
2834 955 2964 1018 τοὺς
2997 955 3225 1026 χρόνους
3263 960 3390 1023 τοὺς
3412 964 3540 1033 περὶ
3567 965 3750 1033 αὐτοὺς

2187 1043 2594 1112 συνακμάσασι,
2640 1042 2836 1099 τοῦτον
2880 1045 2937 1099 δὲ
2989 1048 3154 1116 μόνον
3179 1048 3208 1101 ὁ
3242 1050 3627 1122 καθαρώτατος
3665 1060 3748 1113 καὶ

2186 1136 2517 1208 ἡγνισμένος
2553 1136 2670 1208 βίος
2700 1141 2781 1204 είς
2805 1139 2873 1192 τά
2897 1138 3039 1212 βάθη
3072 1141 3185 1196 τῶν
3225 1143 3641 1216 ἀνεξιχνιάστων
3664 1151 3749 1206 τοῦ

2182 1226 2321 1281 Θεοῦ
2348 1231 2667 1300 μυστηρίων
2696 1231 2976 1299 ἐξικέσθαι
2997 1236 3447 1306 παρεσκεύασενς
3487 1240 3643 1296 Ἀλλά
3658 1261 3752 1313 φα-

2185 1319 2343 1392 νερὸν
2370 1321 2563 1375 ἑαυτὸν
2590 1323 2686 1377 καὶ
2715 1323 2953 1379 ἐνταῦθα
3002 1327 3362 1399 κατέστησεν,
3393 1330 3468 1395 ὡς
3513 1332 3599 1386 διὰ
3623 1335 3749 1389 πάν-

2184 1431 2294 1468 των
2344 1413 2438 1467 καὶ
2485 1414 2673 1480 αὐτοῖς
2715 1416 2813 1470 καὶ
2873 1420 2940 1489 τῇ
2992 1419 3225 1492 ἀληθείᾳ
3267 1422 3456 1492 σαφῶς
3508 1424 3747 1481 ἀντικαθ-

2191 1503 2426 1560 ίσταται.

2257 1598 2321 1667 β’.
2351 1597 2497 1652 Ἀλλ’
2529 1601 2559 1653 δ
2586 1601 3012 1671 ὲγκαυχώμενος
3033 1604 3117 1667 είς
3148 1603 3218 1658 τὰ
3249 1605 3492 1677 ἄμετρα,
3530 1609 3622 1663 καὶ
3652 1609 3748 1664 τῶν

2183 1688 2545 1761 ἀνθρωπίνων
2595 1690 2886 1763 ὑπερπτὰς
2935 1694 2996 1747 τὸ
3040 1695 3241 1765 μέτρον
3292 1700 3390 1752 καὶ
3450 1700 3620 1770 λόγων
3659 1704 3749 1755 και

492 1767 634 1823 idem
668 1767 720 1821 in
753 1766 822 1821 iis
851 1782 975 1837 quae
1008 1767 1264 1822 omnibus
1305 1768 1578 1821 evidentia
1617 1778 1764 1837 sunt,
1799 1769 2070 1823 addubitat

2186 1779 2462 1848 γνώσεων,
2495 1784 2626 1853 περὶ
2656 1783 2723 1837 τὰ
2763 1786 2933 1838 πᾶσιν
2987 1786 3182 1857 ἔνδηλα
3226 1788 3501 1860 διαπορεῖ,
3524 1766 3705 1860 λέγων
3728 1833 3744 1859 ,

490 1860 679 1916 dicens
714 1877 729 1913 :
770 1859 878 1930 67
934 1878 953 1911 ι
1012 1856 1147 1913 Nam
1187 1859 1276 1915 ille
1314 1875 1454 1915 unus
1488 1860 1578 1930 qui
1642 1875 1708 1915 ex
1751 1860 1960 1915 duobus
2021 1864 2070 1915 in

2182 1842 2265 1922 δτι
2302 1889 2320 1921 ι
2361 1869 2418 1923 ’0
2446 1842 2527 1934 εἷς
2571 1842 2783 1935 ’ἐκεῖνος
2814 1875 2842 1926 ὁ
2876 1872 2936 1938 ἐξ
2969 1842 3174 1946 ἀμφοῖν
3224 1880 3304 1942 είς

490 1966 650 2005 unam
675 1951 957 2006 concurrit
986 1964 1297 2021 personam,
1319 1953 1591 2022 quomodo
1627 1951 1847 2021 ﬁgurari
1872 1963 2072 2023 poteSI,

488 2041 746 2111 quoniam
780 2040 950 2096 altera
1001 2056 1068 2096 ex
1097 2041 1215 2113 ejus
1244 2043 1453 2097 naturis
1482 2059 1589 2097 non
1617 2053 1701 2099 est
1731 2043 2078 2100 circumsci-i-

488 2132 617 2202 pta?
663 2151 689 2184 ι
724 2133 884 2203 Ergo,
916 2133 1162 2204 inquam,
1196 2149 1302 2188 una
1326 2149 1394 2188 ex
1446 2133 1533 2188 his
1575 2134 2072 2190 circumscribitur.

488 2225 605 2281 iluc
632 2225 776 2279 enim
828 2226 976 2280 illum
1014 2226 1284 2281 sermonis
1328 2225 1752 2282 sui-curiositas
1792 2229 2068 2297 provexit,

490 2327 547 2370 ut
577 2316 807 2371 invitum
856 2317 1023 2371 etiam
1085 2324 1282 2387 praeter
1330 2331 1488 2371 suam
1544 2317 1873 2372 sententiam
1924 2316 2073 2387 loqui

487 2409 752 2478 adigeret.
784 2406 879 2464 Sic
919 2407 1146 2463 veritate
1174 2405 1523 2479 prmfocatus,
1547 2406 1751 2477 aliquid
1796 2418 1959 2463 rectae
1995 2409 2073 2463 rei

487 2498 690 2551 mutire
747 2507 802 2552 et
856 2498 1130 2568 crepitare
1163 2508 1388 2553 coactus
1444 2504 1547 2561 est,
1599 2500 1743 2568 quod
1806 2500 2074 2554 hactenus

488 2604 767 2660 nunquam
828 2588 1035 2644 dixisse
1076 2588 1226 2645 visus
1271 2597 1412 2644 erat.
1470 2589 1667 2645 Deficit
1712 2591 1896 2661 itaque
1927 2590 1979 2644 in
2016 2605 2075 2645 re

485 2679 800 2752 principali,
834 2681 1063 2749 ejusque
1084 2679 1277 2750 dogma
1304 2679 1586 2736 dilabitur.
1623 2678 1759 2735 Nam
1794 2682 2073 2737 cumduas

486 2782 712 2828 naturas
751 2772 864 2843 jam
916 2772 1372 2842 pronuntiaverit,
1421 2783 1585 2844 atque
1635 2789 1701 2829 ex
1762 2774 1847 2829 his
1909 2790 2071 2829 unam

484 2876 673 2936 aperte
707 2864 906 2918 dixerit
940 2864 1500 2936 incircumscriptam,
1549 2866 1796 2937 sequitur
1841 2878 1899 2921 ut
1940 2867 2075 2922 alte-

485 2973 625 3022 ram,
661 2956 874 3012 etiamsi
919 2956 1111 3022 nollet,
1139 2957 1613 3028 circumscriptam
1668 2959 2069 3028 praadicaverit.

484 3048 617 3105 Nam
650 3049 773 3118 quis
803 3056 1077 3114 sensatus,
1111 3048 1155 3105 si
1189 3048 1392 3105 dixerit
1452 3064 1520 3105 ex
1574 3050 1785 3105 duobus
1830 3051 2101 3105 homini—‘

481 3138 584 3195 bus
614 3153 777 3193 unum
809 3150 929 3193 esse
957 3136 1224 3210 ignotum,
1262 3155 1368 3194 non
1397 3140 1559 3195 simul
1590 3155 1816 3212 prorsus
1866 3142 2070 3196 fatetur

481 3231 714 3288 alterum
751 3244 875 3287 esse
918 3232 1243 3302 cognitum?
1298 3232 1461 3289 Risui
1498 3245 1626 3290 sunt
1661 3251 1793 3307 ergo
1827 3235 2068 3306 pueriles

482 3324 602 3395 ejus
627 3308 899 3394 cogitatus
924 3331 979 3378 et
1002 3323 1379 3395 gloriationes.
1417 3328 1488 3378 At
1537 3326 1685 3380 enim
1740 3327 1881 3380 hanc
1943 3326 2070 3381 reli-

480 3428 644 3486 quam
666 3422 872 3481 partem
895 3415 1133 3482 reticuit,
1154 3429 1315 3484 quam
1333 3425 1514 3470 tamen
1542 3416 1745 3471 addere
1766 3415 2065 3473 debuisset.

483 3505 588 3561 Sed
621 3520 725 3559 non
757 3506 942 3573 audet,
981 3520 1050 3562 ne
1096 3507 1355 3577 cogitatio
1387 3523 1482 3564 sua
1512 3509 1592 3563 vel
1635 3513 1814 3579 potius
1865 3508 2068 3581 incogi-

484 3594 656 3648 tantia
685 3605 1042 3665 coarguatur.
1101 3595 1309 3653 Stravit
1343 3598 1511 3653 etiam
1564 3598 1654 3663 iis,
1689 3600 1782 3669 qui
1839 3608 2067 3653 natura-

486 3701 604 3740 rum
638 3685 1008 3743 diﬂerentiam
1065 3680 1173 3744 non
1228 3700 1556 3759 agnoscunt,
1615 3692 1756 3745 viam
1795 3690 2066 3746 inferendi

484 3789 732 3832 naturain
800 3777 1030 3833 alteram
1082 3795 1205 3836 esse
1253 3782 1764 3854 circumscriptam;
1821 3793 1878 3838 et
1920 3783 2072 3852 quod

482 3884 625 3937 saepe
660 3869 949 3933 vitaverat,
988 3886 1132 3927 nunc
1162 3872 1581 3929 involuntariam
1614 3875 1922 3931 subindicat
1946 3876 2065 3946 ejus

482 3962 559 4014 rei
587 3960 1012 4018 confessionem.
1054 3960 1099 4017 Ο
1141 3963 1428 4019 stultitiam
1487 3974 1650 4035 atque
1691 3966 2058 4021 dementiam!

480 4053 765 4121 Quomodo
800 4055 1022 4124 grandis
1054 4054 1141 4110 illa
1171 4057 1435 4128 sapientia
1465 4057 1667 4114 decidit
1691 4060 1743 4113 in
1767 4059 2061 4126 inscitiam,

477 4155 534 4199 et
565 4144 653 4199 hic
684 4158 715 4198 a
746 4136 984 4201 'suorum
1035 4161 1350 4203 sermonum
1402 4137 1617 4205 malitia
1656 4152 2065 4205 circumventus

397 4238 401 4242 ’
478 4239 693 4311 publice
748 4239 1043 4308 apparuit?
1119 4249 1177 4295 ut
1248 4240 1331 4297 sic
1407 4241 1664 4296 nimirum
1721 4256 1902 4311 prava:
1945 4239 2065 4309 ejus

478 4330 763 4387 sententia:
791 4332 1002 4386 falsitas
1028 4331 1189 4387 facile
1225 4332 1683 4401 deprehendatur,
1714 4343 1766 4388 et
1814 4333 2065 4388 veritatis

421 4488 424 4491 Α
478 4425 567 4479 lux
602 4426 890 4479 reveletur.
927 4425 1034 4480 Cur
1060 4425 1112 4479 in
1148 4439 1244 4480 sua
1283 4426 1623 4501 dubitatione
1662 4442 1766 4480 non
1808 4425 2059 4481 addidit:

2178 1957 2368 2030 λήξας,
2399 1960 2515 2025 πῶς
2544 1961 2655 2032 ἔχει
2681 1963 3075 2035 εἰκονισθῆναι,
3116 1967 3216 2036 τῆς
3268 1970 3399 2039 μιᾶς
3430 1969 3640 2039 φύσεως
3673 1971 3744 2042 μὴ

2179 2055 2707 2126 περιγραφομὲνης;
2757 2074 2776 2107 ι
2814 2057 3028 2111 Οὐκοῦν
3058 2060 3091 2130 ἡ
3125 2060 3290 2130 ἑτέρα
3335 2062 3743 2133 περιγράφεται.

2177 2145 2274 2208 Εἰς
2338 2143 2499 2198 τοῦτο
2569 2147 2678 2218 γὰρ
2738 2148 2903 2203 αὑτὸν
2977 2152 3010 2220 ὴ
3082 2151 3589 2226 πολυπραγμοσύνη
3661 2153 3747 2209 τοῦ

2177 2233 2817 2308 λόγον’περιαγαγοῦσα,
2852 2241 2950 2295 καὶ
3008 2242 3088 2314 μὴ
3124 2242 3456 2316 βουλόμενον
3499 2246 3566 2301 τὰ
3611 2247 3748 2312 παρὰ

2176 2326 2401 2399 γνώμην
2436 2330 2774 2400 φθέγξασθαι
2806 2333 3253 2405 κατηνάγκασεν.
3298 2337 3488 2403 Οὕτως
3526 2339 3627 2392 ὑπὸ
3647 2338 3739 2408 τῆς

2176 2420 2434 2490 ἀληθείας
2468 2423 2638 2493 αὐτῆς
2663 2425 2990 2496 ἀγχόμενος,
3036 2429 3237 2499 μικρὸν
3272 2447 3327 2483 τι
3362 2430 3470 2487 τῶν
3521 2431 3734 2485 δεόντων

2174 2512 2372 2586 γρύξαι
2394 2514 2489 2567 καὶ
2517 2516 2803 2586 ἁπηχῆσαι
2829 2519 3193 2592 κατεὸιάσθη,
3216 2523 3358 2595 ὅπερ
3384 2523 3487 2587 ἕως
3515 2522 3608 2576 τοῦ
3630 2522 3740 2585 νῦν,

2174 2606 2415 2674 οὐδαμοῦ
2470 2606 2848 2680 φθεγξάμενος
2897 2606 3078 2684 ὤφθη.
3143 2614 3582 2683 ’Λποσφὰλλεται
3627 2614 3748 2683 γοῦν

2175 2694 2256 2760 εἰς
2282 2698 2350 2750 τὰ
2385 2698 2596 2769 καίρια,
2647 2700 2742 2753 καὶ
2799 2700 3184 2759 διαπέπτωκεν
3218 2706 3389 2761 αὑτοῦ
3452 2707 3512 2759 τὸ
3554 2707 3739 2776 δόγμα.

2174 2786 2281 2841 Δύο
2315 2789 2423 2860 γὰρ
2457 2790 2609 2862 αὐτῷ
2646 2792 2864 2861 φύσεων
2895 2797 3280 2869 προκειμένων
3312 2799 3394 2871 τῷ
3442 2797 3603 2869 λόγῳ,
3631 2796 3746 2851 τού-

2171 2896 2281 2933 των
2326 2880 2385 2934 es
2418 2879 2518 2952 τὴν
2571 2883 2702 2954 μίαν
2745 2887 3065 2956 ἀπεφήνατο
3122 2890 3316 2958 σαφῶς
3361 2889 3436 2961 μὴ
3493 2905 3746 2959 περιγρα-

2174 2972 2416 3043 φομένην
2437 2987 2450 3001 ·
2481 2973 2732 3029 λείπεται
2760 2976 2869 3048 ἄρα
2915 2977 3014 3049 τὴν
3047 2978 3244 3049 ἑτέραν
3271 2980 3745 3052 περιγραφομένην

2173 3064 2267 3116 καὶ
2286 3064 2385 3118 οὐκ
2413 3063 2614 3119 ἐθέλων
2642 3066 2990 3141 διακηρύξαι.
3023 3069 3121 3133 Τίς
3146 3070 3256 3142 γάρ
3276 3070 3391 3126 τῶν
3423 3068 3746 3140 σωφρονούνς
3792 3146 3798 3152 Ι

2172 3171 2281 3208 των
2305 3155 2451 3210 δυοῖν
2480 3152 2796 3229 ἀνθρώπων
2832 3160 2925 3213 τὸν
2956 3160 3147 3233 ἕτερον
3184 3161 3413 3231 ἀγνῶτα
3448 3160 3632 3222 εἰπὼν.
3676 3159 3744 3229 μὴ

2176 3247 2406 3321 θάτερον
2454 3248 2618 3313 εὐθὺς
2665 3252 3013 3323 ἐγνωσμένον
3046 3255 3111 3308 ὲκ
3172 3254 3383 3320 παντὸς
3427 3252 3740 3323 ὀνομάσειες

2172 3340 2405 3395 Γελᾶται
2463 3342 2557 3397 οὖν
2599 3343 2765 3398 αὑτοῦ
2815 3346 2885 3399 τὰ
2939 3346 3281 3420 μειρακιώδη
3346 3349 3593 3420 νοήματα
3659 3345 3745 3400 καὶ

2171 3434 2574 3506 κομπάσματα.
2670 3436 2832 3492 Ἀ’λλά
2910 3438 3070 3492 τοῦτο
3150 3438 3251 3510 μὲν
3324 3438 3742 3511 ἀπεσιώπησεν

2169 3527 2279 3583 ἔδει
2305 3527 2416 3599 γὰρ
2446 3529 2611 3583 αὑτὸν
2651 3528 2969 3599 προσθεῖναι
3004 3531 3099 3584 καὶ
3126 3531 3186 3585 τὸ
3231 3531 3580 3605 λειπόμενον.
3610 3526 3742 3581 Ἀλλ’

2167 3619 2229 3673 οὐ
2261 3619 2456 3691 τολμᾷ,
2489 3621 2577 3675 ἵνα
2614 3621 2689 3694 μὴ
2719 3622 2952 3695 ἐλεγχθῇ
2984 3623 3153 3678 αὐτοῦ
3209 3626 3244 3698 η
3275 3625 3516 3688 ἐπίνοια,
3554 3621 3743 3697 μᾶλλον

2167 3711 2223 3763 δὲ
2260 3712 2293 3782 ἡ
2325 3711 2619 3789 παράνοια.
2654 3712 2867 3777 Δέδωκε
2902 3719 2997 3768 καὶ
3035 3717 3149 3780 τοῖς
3185 3715 3261 3788 μὴ
3290 3716 3462 3772 εἰδόσι
3510 3718 3610 3789 τὴν
3633 3715 3736 3769 δια.

2169 3803 2342 3874 φοράν
2366 3802 2476 3857 τῶν
2502 3787 2741 3889 φύσεων,
2780 3806 3016 3879 πάροδον
3053 3787 3194 3861 ὥστε
3234 3787 3334 3880 τὴν
3374 3787 3743 3883 ὲτέραννπερι-

2167 3896 2525 3968 γραφομένην
2548 3897 2898 3967 εἰσάγεσθαι·
2940 3901 3037 3954 καὶ
3083 3900 3112 3955 ὃ
3162 3900 3429 3968 πολλάκις
3475 3902 3740 3971 διέφυγεν,

2166 3992 2421 4047 ἀκούσιον
2449 3992 2687 4048 ἐνταῦθα
2718 3994 2910 4049 τούτου
2943 3996 3039 4067 τὴν
3070 3995 3371 4067 ὁμολογίαν
3420 3996 3731 4072 ὑπῃνίξατο.

2171 4084 2237 4137 Ὦ
2272 4083 2374 4154 τῆς
2416 4085 2918 4158 ,ματαιοφροσύνης
2946 4089 3042 4143 καὶ
3083 4090 3427 4162 παρανοίας]
3454 4090 3572 4155 Πῶς
3597 4103 3743 4156 περιέ

2166 4174 2473 4246 τέτραπται
2511 4175 2583 4229 τά
2610 4175 2711 4248 τῆς
2742 4177 2945 4240 πολλῆς
2974 4179 3172 4248 σοφίας
3196 4180 3276 4245 είς
3306 4180 3371 4235 τὸ
3392 4180 3619 4251 ἠλίθιον,
3658 4175 3745 4230 καὶ

2166 4268 2225 4322 ὲν
2262 4270 2330 4338 τῇ
2374 4268 2686 4340 πανουργίᾳ
2735 4268 2842 4322 τῶν
2892 4270 3110 4324 οἰκείων
3144 4272 3319 4341 λόγων
3346 4338 3349 4339 ν
3377 4268 3743 4343 συμπεριελή-

2166 4360 2277 4430 φθη
2312 4360 2996 4433 Μραδειγματιζὸμενος;
3036 4363 3122 4417 ἵνα
3165 4364 3226 4418 τὸ
3266 4364 3468 4434 ψεῦδος
3497 4360 3743 4434 εὐφώρα-

2166 4453 2260 4506 τόν
2322 4451 2552 4523 γένηται
2596 4452 2699 4522 τῆς
2748 4455 2965 4507 ἐκείνου
2996 4455 3340 4525 κακοδοξίας,
3377 4458 3473 4511 καὶ
3529 4457 3588 4509 τὸ
3634 4452 3740 4522 φῶς

476 4517 761 4584 Quomodo
789 4516 1043 4572 Christus
1083 4517 1194 4587 pati
1221 4519 1416 4588 potuit,
1458 4533 1581 4572 cum
1624 4520 1676 4574 in
1707 4536 1813 4574 una
1845 4535 1911 4575 ex
1941 4518 2059 4589 ejus

2172 4542 2260 4614 τῆς
2284 4516 2550 4614 ἀληθείας
2582 4516 2980 4618 ἐκκαλυφθείη.
3012 4547 3079 4600 Tt
3112 4547 3176 4620 δή
3209 4516 3341 4603 ἶποέέ
3369 4549 3429 4604 δὲ
3466 4549 3542 4621 μὴ
3581 4516 3741 4618 προσ-

479 4611 689 4665 naturis
713 4625 819 4663 non
871 4610 944 4665 sit
988 4607 1302 4677 passibilis?
1352 4608 1434 4663 vel
1488 4615 1761 4678 quomodo
1808 4620 2056 4666 mortuus

475 4701 597 4757 est?
636 4701 905 4771 quomodo
940 4700 993 4755 in
1022 4700 1270 4770 sepulcro
1314 4701 1547 4773 positus,
1584 4717 1705 4755 cum
1732 4718 1837 4755 uua
1866 4717 1932 4756 ex
1977 4703 2061 4759 his

479 4794 689 4849 naturis
724 4808 829 4849 non
851 4792 922 4848 sit
958 4791 1203 4848 mortalis
1244 4808 1424 4863 neque
1465 4795 1923 4865 circumscripta?

554 4976 748 5033 Verum
783 4977 890 5046 ille,
915 4977 1000 5033 Itis
1019 4976 1260 5043 omissis,
1295 4979 1360 5032 ad
1385 4977 1543 5032 aliam
1563 4979 1827 5035 orationis
1853 4990 2059 5051 partem

477 5070 676 5142 pergit,
714 5062 1076 5140 pruducilque
1121 5070 1175 5124 in
1225 5072 1463 5125 medium
1496 5087 1688 5141 panem
1748 5089 1812 5129 ac
1851 5075 2059 5142 vinum,

477 5176 597 5232 qua:
623 5162 822 5216 divinis
855 5162 1186 5218 adhibentur
1214 5164 1508 5234 mysteriis,
1561 5165 1798 5236 aitque;
1842 5185 1861 5219 ι
1900 5165 2061 5222 Chri-

477 5263 593 5309 stus
622 5253 926 5310 divinitatis
964 5270 1078 5312 sum
1104 5255 1157 5310 vi
1188 5264 1418 5310 mortem
1444 5257 1718 5326 propriam
1754 5256 2060 5329 praevidens

478 5359 540 5399 nc
571 5330 1026 5402 resurrectionem
1090 5356 1145 5401 et
1199 5348 1255 5402 in
1305 5347 1471 5403 caelos
1512 5349 1768 5418 reditum,
1808 5360 1975 5421 atque
2004 5364 2061 5409 ut

479 5433 798 5489 memorialc
830 5435 1225 5490 incarnationis
1278 5452 1391 5491 sum
1423 5437 1514 5491 ditt
1574 5449 1843 5509 noctuque
1891 5443 2059 5499 habe-

479 5537 662 5578 remus
689 5526 778 5593 qui
814 5526 869 5579 in
903 5540 1028 5580 cum
1060 5526 1417 5580 credidimus.
1454 5544 1502 5589 Δι
1539 5526 1735 5583 Nonne
1785 5547 1913 5586 vero
1946 5534 2060 5590 haec

478 5615 754 5684 prioribus
829 5629 957 5673 sunt
1017 5618 1434 5689 insipientiora?
1482 5620 1748 5689 siquidem
1814 5636 2056 5682 nontam

476 5703 624 5761 illius
677 5693 1603 5781 impietatem.pervulgant,'quam
1655 5720 1927 5773 vesaniam
1970 5731 2058 5775 at-

388 5854 395 5859 _
478 5812 584 5868 que
606 5801 973 5862 dementiam:
1009 5819 1132 5859 nam
1163 5818 1260 5860 nec
1292 5821 1412 5874 qum
1433 5807 1584 5874 dicit,
1621 5824 1721 5865 nec
1755 5813 1819 5866 de
1861 5815 2056 5884 quibus

2164 4635 2380 4689 τέθεικε
2431 4636 2731 4709 διαπορῶν,
2793 4638 2877 4692 ὅτι
2930 4640 3050 4705 qui);
3108 4641 3307 4695 παθεῖν
3347 4641 3497 4713 άπερ
3545 4637 3742 4693 ἔπαθεν

2163 4727 2388 4797 ἤμελλε,
2420 4727 2520 4796 τῆς
2558 4727 2737 4802 [μιᾶς]
2772 4730 2992 4799 φύσεως
3026 4734 3104 4803 μὴ
3161 4731 3332 4804 οὔσης
3384 4732 3674 4804 παθητῆς;
3708 4728 3739 4798 ἢ

2160 4817 2243 4871 ὅτι
2282 4817 2400 4881 πῶς
2422 4817 2675 4890 τέθνηκε,
2709 4820 2828 4885 πῶς
2855 4823 2913 4874 ὲν
2959 4823 3213 4895 μνημείῳ
3241 4827 3614 4896 περιεῖρκται,
3646 4820 3741 4887 τῆς

2164 4909 2294 4978 μιᾶς
2316 4907 2528 4977 φύσεως
2561 4913 2699 4982 μήτε
2725 4912 3067 4984 θνησκούσης
3093 4916 3230 4988 μήτε
3256 4915 3738 4989 περιειργομένηςς

2235 4999 2385 5071 Πλὴν
2412 5000 2589 5055 ταῦτα
2619 5002 2794 5057 λιπὼν
2826 5004 3099 5072 ἐντεῦθεν,
3127 5008 3216 5078 ἐφ’
3259 5008 3450 5078 ἕτερον
3483 5005 3740 5078 μετέρχε-

2160 5107 2250 5146 ται
2270 5092 2450 5161 λόγον,
2485 5097 2577 5148 καὶ
2628 5096 2754 5165 ἄγει
2793 5098 2875 5160 είς
2930 5097 3098 5167 μέσον
3148 5100 3240 5154 τὸν
3287 5100 3454 5172 ἄρτον
3512 5100 3606 5153 καὶ
3650 5096 3738 5148 τὶν

2161 5179 2325 5249 οἶνον,
2358 5184 2502 5256 ἆπερ
2535 5189 2615 5252 εἰς
2644 5189 2712 5241 τὰ
2741 5188 2864 5243 θεῖα
2904 5191 3401 5263 παραλαμϐάνεται
3442 5192 3739 5264 μυστήρια,

2162 5272 2254 5327 καί
2308 5292 2500 5343 φησιν,
2533 5277 2616 5329 ὅτι
2660 5297 2678 5329 ι
2736 5278 2896 5332 Κατὰ
2944 5280 3045 5351 τὴν
3094 5281 3329 5354 θεότητα
3370 5282 3561 5351 αὑτοῦ,
3613 5294 3742 5351 προ-

2161 5361 2323 5427 γνοὺς
2352 5363 2442 5417 τὸν
2504 5363 2732 5419 θάνατον
2780 5368 2875 5421 καὶ
2925 5368 3024 5440 τὴν
3058 5371 3359 5428 ἀνάστασιν
3415 5372 3607 5436 αὑτοῦ,
3640 5370 3732 5424 καὶ

2160 5451 2261 5523 τὴν
2293 5455 2375 5517 είς
2398 5453 2665 5526 οὐρανοὺς
2693 5457 2905 5525 ἄνοδον,
2933 5462 3029 5514 καὶ
3052 5463 3141 5517 ἵνα
3178 5464 3238 5518 τὸ
3265 5467 3614 5538 μνημόσυνον
3640 5462 3737 5531 τῆς

2161 5543 2633 5618 ὲνανθρωπήσεως
2653 5550 2829 5604 αὐτοῦ·
2864 5553 3129 5624 διηνεκῶς
3156 5556 3373 5628 ἔχωμεν
3422 5560 3472 5611 οἱ
3517 5553 3735 5609 πιστεύ-

2164 5653 2358 5702 σαντες
2386 5641 2466 5703 είς
2501 5642 2685 5709 αὑτὸν,
2732 5643 2908 5700 νύκτα
2942 5648 3038 5702 καὶ
3066 5650 3304 5721 ἡμέραν.
3343 5670 3361 5702 ι
3393 5644 3538 5719 Ἃρα
3567 5644 3736 5701 ταῦτα

2160 5726 2282 5797 οὐχὶ
2313 5729 2426 5782 τῶν
2454 5733 2649 5804 πρώην
2687 5734 3109 5811 ἀσυνετώτερῖις
3152 5742 3212 5795 ού
3238 5743 3347 5813 γάρ
3391 5741 3457 5811 δὴ
3490 5737 3734 5793 τοσοῦτον

2160 5815 2260 5887 τὴν
2306 5819 2567 5877 ἀσέϐειαν
2621 5825 2930 5898 στηλιτεύει
3006 5832 3106 5903 τὴν
3169 5833 3403 5897 ἐκείνου,
3459 5830 3582 5886 ὅσον
3641 5825 3733 5896 τὴν
