4050 6438
341 375 438 440 333

1031 365 1660 428 ANTIRRHETICUS
1697 365 1760 425 II
1795 365 1964 425 ADV.
2009 365 2605 427 CONSTANTINUM
2652 366 2868 428 COPR.

3479 364 3587 429 334

341 477 710 556 πᾶραπληξίαν
735 481 834 536 καὶ
875 479 1098 536 ἄνοιαν·
1131 479 1256 534 οὔτε
1294 480 1403 551 γὰρ
1458 479 1494 536 ἃ
1543 480 1720 547 λέγει,
1772 478 1899 532 οὔτε

2014 478 2276 543 amrmat,
2335 480 2458 536 scit.
2519 479 2659 546 Quid
2713 495 2848 549 ergo
2906 479 3196 535 dicendum
3252 489 3339 535 est
3384 480 3587 536 ?Chri-

339 575 458 645 περὶ
501 567 578 628 ὧν
635 570 1047 626 διαόεϐαιοῦται
1095 571 1406 641 ἐπίσταται.
1467 571 1534 623 Τί
1586 568 1681 625 οὖν
1731 572 1906 625 εἰπεῖν

335 665 514 728 ﬁrm;
556 661 618 715 Ἡ
666 659 764 714 τοῦ
821 658 1061 732 Χριστοῦ
1102 658 1290 726 εἰκὼν,
1341 659 1490 722 τινὸς
1552 657 1905 727 μνημόσυνον

337 757 504 825 φέρει,
538 753 570 824 ἤ
600 752 722 824 οὐχί
740 771 756 818 ;
806 752 1004 820 Σαφῶς
1035 735 1201 815 εἰδὼς
1223 753 1306 804 ὅτι
1333 749 1525 805 τοῦτον
1556 751 1691 820 ἡμῖν
1729 750 1905 820 ἐμφα-

335 846 484 911 νίζει,
532 845 743 924 μέμηνε
790 845 916 898 κατ’
977 843 1168 914 αὐτῆς,
1221 842 1494 897 καὶκατὰ
1525 841 1764 912 Χριστοῦ
1813 842 1908 896 καὶ

335 939 423 1008 τῆς
479 935 716 1007 Χριστοῦ
771 935 1143 1006 κληρονομίας
1199 935 1644 1005 ὲπιλελύττηκεν.
1685 933 1906 1004 Ἐπειδὴ

334 1030 431 1100 γὰρ
465 1029 638 1100 βαρὺς
660 1029 811 1100 αὑτῷ
849 1025 919 1100 ἦν
959 1031 1053 1084 καὶ
1094 1031 1153 1082 ὲν
1191 1029 1369 1083 εἰκόνι
1420 1027 1774 1098 βλεπόμενος,
1805 1026 1906 1080 οὐκ

334 1123 518 1192 ἐνῆγεν
563 1122 730 1178 αὑτὸν
776 1123 858 1186 είς
911 1122 1223 1191 ὑπόμνησιν
1277 1120 1374 1174 τοῦ
1422 1118 1664 1191 Χριστοῦ
1722 1121 1755 1190 ἡ
1808 1118 1904 1172 τοῦ

333 1216 584 1286 ὀνόματος
629 1216 934 1286 ἐπιγραφή.
964 1215 1086 1269 Τίνι
1125 1214 1234 1286 γὰρ
1281 1215 1470 1286 τρόπῳ
1499 1213 1772 1284 ὠργίζετο
1807 1215 1905 1267 καὶ

333 1307 557 1378 ἠμύνετο
581 1325 596 1375 ;
631 1307 704 1360 Ἢ
736 1309 819 1361 ὅτι
845 1307 1082 1378 Χριστὸς
1112 1307 1283 1376 ὄνομα
1311 1307 1486 1377 ταύτῃ
1514 1305 1853 1361 ἐπιτέθειται
1882 1325 1898 1373 ;

337 1401 460 1470 Οὐχὶ
484 1399 590 1470 τὴν
641 1400 922 1469 σάρκωσιν
976 1398 1142 1452 αὐτοῦ
1177 1399 1272 1452 καὶ¹
1312 1398 1381 1451 τὰ
1414 1398 1589 1468 πάθη,
1638 1399 1784 1468 ἆπερ
1827 1397 1905 1461 ὡς

337 1491 626 1560 ἄνθρωπος
664 1492 806 1563 ὑπὲρ
833 1491 991 1561 ἡμῶν
1046 1491 1394 1555 κατεδέξατο,
1462 1492 1518 1542 αἱ
1557 1483 1906 1560 ἱερογραφίαι

337 1575 487 1635 αὗται
511 1581 954 1650 ὑπαγορεύουσιν
978 1596 991 1645 ;
1017 1581 1091 1634 Οὐ
1124 1580 1217 1633 τὸν
1244 1579 1474 1650 σταυρὸν
1505 1579 1599 1632 καὶ
1628 1578 1718 1631 τὸν
1750 1577 1908 1634 θάνα-

328 1689 407 1726 τον
456 1675 549 1726 καὶ
612 1673 710 1743 τὴν
773 1674 1106 1740 ἁνάστασιν;
1152 1672 1214 1725 οὐ
1263 1671 1333 1725 τὰ
1383 1671 1638 1741 θαύματα
1694 1672 1788 1726 καὶ
1831 1673 1906 1726 τὰ

327 1764 603 1834 τεράστια,
635 1763 780 1837 ἁπερ
822 1765 900 1828 ὡς
945 1764 1080 1828 Θεὸς
1131 1763 1380 1834 ἔδρασεν,
1431 1765 1563 1834 ἡμῖν
1613 1762 1908 1833 διασημαί-

2007 568 2078 622 sti
2137 568 2301 633 icon,
2382 570 2642 638 inquam,
2702 569 3003 638 alicujusne
3063 571 3383 629 tnetnoriale
3449 585 3586 637 est,

2007 673 2076 714 an
2151 662 2348 716 secus?
2406 661 2604 733 Utique
2661 663 2751 718 hic
2818 663 2987 733 probe
3061 665 3241 720 sciens
3303 664 3587 721 Christum

2010 753 2164 808 nobis
2198 755 2266 810 ab
2308 755 2465 812 icone
2499 756 2889 820 demonstrari,
2967 757 3173 811 insanit
3227 759 3281 811 in
3321 758 3488 824 illam,
3537 768 3592 813 et

2007 844 2266 902 adversus
2297 847 2571 902 Christum
2600 833 2829 918 ejusque
2859 848 3236 903 baereditatem
3270 849 3422 905 furit.
3451 850 3588 917 Quia

2007 937 2153 991 enim
2195 939 2378 1009 gravis
2430 928 2535 994 est.
2567 939 2646 994 illi
2699 941 2864 996 etiam
2917 940 2971 994 in
3032 939 3269 1010 imagine
3315 951 3591 1011 spectatus

2008 1024 2283 1093 Christus,
2317 1045 2423 1084 non
2495 1029 2702 1086 excitat
2762 1023 2822 1086 εἴ
2852 1030 3060 1086 Christi
3117 1032 3435 1087 memoriam
3492 1048 3592 1088 no-

2010 1120 2173 1176 minis
2215 1122 2530 1192 epigraphe.
2580 1122 2715 1178 Nam
2775 1139 2877 1179 cur
2931 1123 3189 1179 irascitur
3235 1133 3292 1179 et
3342 1125 3594 1180 resistit?

2007 1210 2145 1267 Num
2170 1214 2294 1282 quia
2323 1213 2527 1269 Christi
2552 1231 2750 1272 nomen
2776 1217 2916 1272 iconi
2943 1219 3338 1288 superponitur
3354 1220 3378 1273 τ
3395 1220 3592 1275 Nonne

2011 1303 2447 1362 incarnationem
2499 1307 2618 1379 ejus
2674 1317 2730 1363 et
2768 1310 3240 1380 cruciatus,quos
3287 1312 3364 1366 uti
3423 1311 3591 1367 homo

2011 1397 2186 1451 nostri
2255 1398 2429 1468 gratia
2483 1399 2742 1469 pertulit,
2809 1416 2980 1457 sacra:
3045 1402 3132 1456 hae
3203 1401 3592 1472 inscriptiones

2009 1490 2302 1544 enarrant?
2335 1489 2527 1546 Nonne
2555 1507 2794 1558 crucem,
2833 1499 3044 1559 necem,
3080 1495 3543 1548 resurrectionem
3567 1494 3593 1548 ?

2011 1594 2192 1636 nonne
2224 1583 2488 1638 miracula
2515 1594 2566 1639 et
2596 1585 2864 1654 prodigia,
2902 1600 3023 1655 quae
3048 1594 3232 1653 utpote
3263 1585 3408 1640 Deus
3438 1585 3592 1649 fecit,

2011 1670 2166 1724 nobis
2215 1671 2524 1740 signiﬁcant
2551 1674 2580 1726 ?.
2607 1672 2804 1728 Verum
2842 1673 2961 1728 hate
2992 1673 3235 1728 refutare
3281 1675 3436 1730 [utile
3466 1688 3591 1742 est;

2009 1771 2064 1815 et
2094 1771 2275 1818 tamen
2331 1765 2586 1831 reticere,
2619 1775 2839 1837 pr0pter
2865 1765 3063 1822 stultos
3093 1766 3291 1822 nullius
3323 1768 3590 1824 momenti

325 1829 526 1921 vouotv;
580 1829 760 1911 Ἀλλὰ
779 1856 919 1928 πρὸς
971 1829 1274 1910 ταῦτακαὶ
1323 1829 1629 1924 ἀντιλέγειν
1673 1829 1902 1922 εἰκαῖον,

2014 1867 2118 1910 non
2149 1864 2254 1910 est.
2291 1855 2496 1911 Deinde
2526 1829 2678 1912 addit

327 1947 412 2000 καὶ
450 1949 673 2019 σιωπᾷν
696 1947 785 2001 διὰ
815 1948 942 2011 τοὺς
963 1947 1226 2018 ἀνοήτους
1247 1945 1348 1999 οὐκ
1402 1946 1902 2019 εὐκαταφρόνητον.

337 2038 559 2110 Ἐφεξῆς
602 2040 660 2094 δὲ
690 2038 910 2110 ἐπάγει·

396 2149 414 2182 ι
489 2132 786 2186 Ἐκέλευσε
837 2133 952 2196 τοῖς
1010 2132 1187 2202 ἁγίοις
1255 2134 1425 2189 αὑτοῦ
1488 2134 1764 2207 μαθηταῖς
1808 2125 1906 2188 καὶ

325 2223 640 2289 ἀποστόλοις
673 2225 1011 2296 παραδοῦναι
1049 2227 1118 2281 δι’
1151 2221 1214 2282 οὗ
1267 2227 1486 2298 ἠράσθη
1543 2227 1902 2299 πράγματος,

325 2315 482 2369 τύπον
507 2317 598 2381 είς
633 2317 794 2387 σῶμα
824 2317 994 2371 αὑτοῦ
1016 2333 1029 2348 ·
1063 2317 1152 2376 ἵνα
1188 2317 1277 2372 διὰ
1304 2319 1406 2390 τῆς
1445 2319 1730 2389 ἱερατικῆς
1770 2319 1906 2371 ἀνα-

326 2406 517 2476 γωγῆς,
540 2408 656 2462 κᾶν
685 2409 734 2462 εἰ
769 2410 834 2462 ὲκ
867 2411 1104 2480 μετοχῆς
1139 2409 1235 2464 καὶ
1264 2409 1414 2463 θέσει
1443 2410 1686 2481 γίνηται,
1721 2409 1906 2463 λάϐω-

329 2514 420 2567 μεν
482 2498 626 2550 αὐτὸ
676 2498 754 2562 ὡς
802 2501 1012 2572 κυρίως
1061 2501 1155 2553 καὶ¹
1212 2501 1427 2571 ἀληθῶς
1468 2501 1628 2571 σῶμα
1662 2501 1850 2556 αὑτοῦ.
1881 2518 1900 2552 ι

329 2587 505 2653 Ὅπως
568 2590 677 2660 μὲν
718 2591 853 2662 περὶ
907 2591 1004 2645 τοῦ
1060 2593 1345 2664 Κυριακοῦ
1377 2591 1596 2656 ἐδόξαζε
1631 2582 1904 2661 σώματος,

327 2680 478 2744 αὑτός
518 2683 566 2736 τ’
611 2681 678 2736 ἂν
720 2682 887 2753 είδείη
937 2683 1032 2737 καὶ
1090 2687 1141 2738 oi
1187 2685 1385 2755 ἐκείνῳ
1451 2683 1904 2754 μαθητευθέντες.

333 2772 510 2838 Ὅμως
539 2773 594 2826 δ’
618 2769 711 2826 οὗν
739 2774 876 2845 πρὸς
921 2775 991 2829 τὰ
1029 2775 1303 2846 λεγόμενα
1334 2774 1481 2829 οὕτω
1509 2776 1675 2846 ἡμεῖς
1726 2777 1906 2829 ἁπαν-

329 2866 609 2938 τησὸμεθα
635 2885 649 2898 ·
692 2867 910 2939 Ἐπειδὴ
972 2869 1137 2924 τοῦτο
1184 2869 1212 2922 ὃ
1251 2869 1356 2940 ἔφη
1414 2870 1480 2922 ὲκ
1532 2870 1770 2940 μετοχῆς
1811 2869 1909 2922 καὶ

330 2956 467 3010 θέσει
519 2956 879 3029 τελούμενον,
934 2958 1034 3014 διὰ
1078 2958 1191 3029 τῆς
1240 2958 1539 3028 ἱερατικῆς
1591 2958 1908 3029 ἀναγωγῆς

330 3050 538 3116 κυρίως
565 3050 676 3103 καί
718 3051 959 3118 ἀληθῶς
1005 3051 1112 3106 τοῦ
1161 3049 1421 3119 Χριστοῦ
1453 3049 1626 3118 σῶμα
1658 3049 1904 3120 γίνεται,

2090 2145 2108 2178 ‹
2147 2125 2410 2197 Praecepit
2451 2128 2656 2183 sanctis
2695 2126 2974 2197 discipulis
3012 2127 3128 2183 suis
3164 2136 3328 2199 atque
3362 2138 3586 2200 aposto-

2008 2218 2095 2284 lis,
2129 2228 2186 2273 ut
2240 2219 2308 2273 de
2361 2233 2527 2286 opere
2564 2220 2839 2289 praecipuo
2869 2219 3073 2275 amoris
3127 2220 3232 2286 sui,
3293 2229 3478 2292 typum
3533 2221 3586 2276 in

2008 2325 2107 2366 suo
2156 2325 2386 2379 corpore
2432 2312 2730 2376 traderent,
2777 2321 2836 2365 ut
2895 2326 2993 2380 per
3043 2313 3389 2367 sacerdotale
3420 2313 3590 2368 mini-

2008 2402 2260 2468 sterium,
2307 2403 2520 2458 etiamsi
2579 2405 2998 2474 participatione
3032 2417 3088 2460 et
3136 2407 3432 2476 adoptione
3503 2408 3588 2472 ﬁt,

2010 2492 2371 2562 s'ttscipiatntts
2391 2494 2564 2564 ipsum
2591 2503 2850 2564 tanquam
2881 2490 3098 2565 proprie
3122 2511 3357 2566 vereque
3391 2513 3590 2566 corpus

2009 2585 2146 2656 ejus.
2191 2605 2209 2638 ι
2257 2586 2395 2653 Quid
2437 2587 2502 2640 de
2538 2587 2821 2642 Dozninico
2855 2589 3076 2658 quidem
3114 2604 3343 2659 corpore
3393 2590 3588 2645 existi-

2009 2687 2141 2739 met,
2175 2677 2289 2745 ipse
2326 2677 2504 2732 videat
2554 2686 2610 2732 et
2658 2678 2778 2747 ejus
2815 2679 3088 2748 discipuli.
3135 2679 3392 2735 Attamen
3427 2670 3591 2737 dictis

2011 2782 2112 2821 nos
2155 2768 2228 2822 ita
2287 2783 2657 2825 occurremus.
2701 2769 3149 2842 Quandoquidem
3185 2772 3289 2827 hoc
3323 2773 3467 2840 quod
3515 2775 3594 2828 ait

2011 2859 2433 2930 participatione
2461 2870 2519 2915 et
2547 2860 2841 2930 adoptione
2879 2862 3085 2931 perﬁci,
3125 2879 3218 2930 per
3259 2863 3592 2918 sacerdotale

2011 2951 2359 3004 ministerium
2383 2967 2497 3005 vere
2528 2951 2871 3021 absolutaeque
2891 2952 3093 3008 Christi
3126 2971 3317 3022 corpus
3343 2956 3614 3025 dﬁcitur,-

2011 3039 2183 3108 ipsius
2213 3040 2372 3094 Verbi
2407 3041 2685 3110 proprium
2717 3043 2975 3107 ;ontnino
2997 3041 3279 3099 confessus
3305 3055 3390 3100 est
3411 3045 3588 3114 ipsum

331 3141 581 3212 αὺτῷντῷ
623 3141 781 3212 Λόγῳ
813 3141 1211 3214 οἰκειούμενον,
1237 3142 1457 3206 πάντως
1497 3159 1603 3197 που
1637 3141 1904 3212 διωμολό-

2014 3131 2142 3185 illud
2171 3132 2284 3202 68
2323 3131 2512 3200 perfici
2565 3148 2763 3200 corpus
2811 3135 2955 3202 quod
2997 3149 3064 3187 cx
3132 3145 3322 3190 sancta
3373 3131 3592 3207 Virgine

331 3249 409 3301 γει
437 3233 644 3288 ταυτὸν
665 3233 862 3304 ἐκείνῳ
888 3234 1270 3287 ἀποτελεῖσθαι
1297 3233 1378 3304 τῷ
1411 3232 1648 3304 σώματι,
1681 3234 1820 3306 ὅπερ
1845 3233 1910 3287 ὲκ

2014 3226 2260 3293 sumpsit.
2303 3223 2440 3291 Quid
2481 3239 2613 3294 ergo
2646 3226 2718 3280 sit
2762 3240 2961 3295 corpus
3021 3227 3125 3281 hoc
3189 3237 3312 3296 post
3371 3243 3588 3283 sacrum

332 3326 424 3394 τῆς
467 3325 644 3394 ἁγίας
677 3325 957 3397 Παρθένου
1006 3324 1304 3396 πεφόρεκε.
1347 3325 1413 3379 Τί
1459 3325 1579 3379 ποτ’
1634 3324 1729 3378 οὖν
1790 3327 1909 3378 ὲστι

332 3416 481 3478 τοῦτο
513 3416 576 3468 τὸ
631 3414 792 3487 σῶμα
827 3415 964 3485 μετὰ
995 3415 1094 3486 τὴν
1121 3416 1405 3470 τελείωσιν
1453 3415 1548 3470 καὶ⁵
1598 3415 1692 3469 τὸν
1746 3415 1909 3483 ἁγια-

337 3505 463 3575 σμὺν
519 3507 815 3576 γινόμενον
841 3547 855 3573 ,
913 3505 1098 3577 ζητεῖν
1143 3507 1476 3576 ἐπάναγκες.
1516 3506 1912 3578 ¹Περιγρανιιτδν

335 3593 439 3668 ἇρὰ
489 3600 670 3664 ἔστιν,
713 3597 746 3669 ἢ
797 3597 1254 3668 ἁπερίγραπτον;
1320 3597 1762 3671 Ἀπερίγραπτον
1810 3599 1911 3669 μὲν

334 3686 421 3743 οὖν
463 3689 648 3753 οὐδεὶς
687 3687 830 3744 οὕτω
868 3691 1080 3760 φρενῶν
1123 3689 1228 3757 ἔξω
1287 3689 1382 3744 καὶ
1429 3689 1782 3756 ἁνούστατος,
1851 3689 1912 3753 ὃς

335 3782 602 3852 ὀνομάσαι
633 3782 962 3853 θαρῤήσειεν
983 3799 997 3812 ·
1051 3777 1209 3853 οἶμαι
1235 3781 1296 3835 δὲ
1338 3781 1462 3851 μηδ’
1507 3782 1668 3836 αὑτὸν
1705 3781 1914 3836 ἐκεῖνόν

338 3889 460 3924 ποτε
493 3857 687 3940 φάναι.
723 3870 847 3933 Πῶς
875 3870 986 3942 γὰρ
1013 3870 1076 3923 τό
1119 3886 1184 3939 γε
1211 3869 1332 3923 κατ’
1352 3869 1672 3940 ὀφθαλμοὺς
1699 3870 1912 3941 ἀνθρώ-

338 3979 447 4014 πων
487 3960 770 4032 αἰσθητῶς
837 3960 1248 4030 προτιθέμενον,
1299 3961 1393 4015 καὶ
1463 3961 1650 4031 χερσὶν
1704 3960 1915 4030 ἀνθρω-

339 4054 514 4117 πίναις
552 4053 1002 4123 περιισχόμενον,
1037 4052 1132 4106 καὶ
1159 4052 1390 4108 ὀδόντων
1421 4052 1554 4106 εἴσω
1584 4053 1914 4108 κατακλειό-

341 4161 513 4212 μενον,
540 4144 762 4197 ὲδεστόν
787 4160 845 4197 τε
876 4145 1197 4213 γινόμενον;
1227 4142 1416 4198 Ταῦτα
1453 4144 1560 4214 γὰρ
1594 4143 1646 4196 τί
1697 4143 1848 4209 ἄλλο,
1877 4143 1909 4214 ἢ

341 4234 716 4308 περιγραπτδν
743 4233 877 4288 αὐτὸ
903 4235 966 4286 ἐκ
997 4233 1194 4296 παντὸς
1226 4228 1367 4286 εἶναι
1395 4233 1608 4304 βεϐαιοῖ
1654 4235 1748 4286 καὶ
1779 4251 1915 4305 παρ-

342 4325 588 4397 ίστησιν;
631 4327 695 4380 Ei
726 4324 907 4379 τοίνυν
941 4325 1316 4398 περιγραπτὺν
1351 4324 1512 4379 τοῦτό
1551 4327 1691 4389 ἐστι,
1716 4325 1913 4378 ταυτὸν

339 4419 391 4471 δὲ
433 4418 632 4490 ἐκείνῳ
667 4417 746 4488 τῷ
789 4415 1003 4487 σώματι
1057 4417 1288 4486 γίνεται,
1335 4416 1364 4470 ὃ
1409 4417 1560 4488 παρὰ
1603 4418 1702 4487 τὴν
1736 4417 1914 4488 ἀρχὴν

2015 3316 2380 3373 ministerium
2411 3323 2466 3370 et
2509 3317 3000 3372 sanctiticationem
3031 3319 3303 3382 elfectum,
3343 3333 3591 3388 quaerere

2015 3423 2242 3465 necesse
2305 3418 2412 3475 est,
2462 3410 3008 3477 circumscriptumne
3065 3409 3137 3463 sit
3189 3423 3256 3462 an
3295 3409 3587 3464 incircum-

2014 3499 2321 3570 scriptum?
2390 3499 2928 3568 Incircumscriptum
2997 3498 3214 3568 quidem
3297 3513 3457 3552 nemo
3515 3499 3589 3552 ita

2015 3600 2198 3647 mente
2252 3592 2497 3661 dejectus
2541 3590 2916 3658 attonitusque
2964 3590 3096 3653 erit,
3147 3590 3240 3659 qui
3307 3592 3593 3646 nontiuare

2015 3682 2197 3748 ausit;
2253 3695 2354 3737 nec
2416 3681 2590 3752 ipsum
2623 3681 2842 3750 quidem
2887 3679 3188 3735 Mamonam
3236 3681 3284 3734 id
3353 3697 3590 3750 unquam

2015 3776 2290 3832 dicturum
2344 3784 2493 3844 puto.
2547 3773 2648 3840 Qui
2700 3773 2843 3827 extim
2904 3771 3012 3827 tale
3039 3787 3161 3828 esse
3193 3782 3392 3843 potest,
3442 3775 3586 3843 quod

2015 3863 2186 3919 oculis
2217 3862 2496 3918 hominum
2532 3861 2863 3916 sensibiliter
2907 3861 3179 3932 objectum
3199 3902 3215 3926 ,
3246 3870 3301 3915 et
3334 3862 3588 3917 humanis

2015 3957 2264 4011 manibus
2313 3963 2643 4024 porrectum,
2690 3962 2747 4009 et
2797 3953 2943 4008 intra
3001 3954 3192 4008 dentes
3246 3951 3588 4018 conclusum,

2015 4055 2068 4102 et
2097 4046 2255 4101 edule
2285 4045 2488 4101 factum
2513 4045 2631 4100 est?
2654 4043 2801 4110 Haec,
2825 4044 3074 4116 inquam,
3103 4043 3231 4114 quid
3261 4042 3406 4097 aliud
3427 4059 3594 4113 quam

2018 4141 2190 4210 ipsum
2220 4153 2340 4195 esse
2371 4138 2845 4208 circumscriptum
2877 4137 3102 4192 omnino
3124 4134 3399 4191 afﬁrmant
3430 4147 3596 4206 atque

2015 4232 2350 4288 ostendunt?
2383 4232 2438 4287 Si
2484 4245 2617 4301 ergo
2639 4231 2743 4286 hoc
2771 4229 3244 4299 circumscriptum
3287 4238 3393 4296 est,
3432 4229 3599 4284 idem-

2016 4334 2122 4389 que
2152 4327 2236 4374 est
2266 4319 2334 4373 ad
2388 4318 2520 4373 illud
2569 4319 2713 4386 quod
2773 4318 2930 4373 initio
2981 4319 3324 4373 iucarnatum
3361 4317 3594 4372 Verbum

2016 4409 2330 4479 assumpsit,
2383 4408 2640 4478 quoniam
2693 4417 2748 4461 et
2794 4409 2862 4462 ad
2918 4407 3048 4462 illud
3097 4408 3354 4473 refertur,
3407 4408 3598 4476 utique

343 4509 712 4579 σαρκούμενος
760 4509 788 4560 ὁ
835 4506 1010 4574 Λόγος
1071 4505 1460 4578 προσείληφεν,
1506 4507 1630 4559 ἐπεὶ
1685 4509 1782 4570 καὶ
1825 4508 1910 4560 ἐπ’

2016 4502 2150 4556 illud
2184 4515 2401 4572 quoque
2424 4501 2900 4570 circumscriptum
2935 4499 3076 4566 fuit;
3113 4509 3168 4557 et
3199 4515 3598 4572 usquequaque

343 4600 471 4652 αὐτὸ
498 4599 604 4670 τὴν
625 4597 907 4669 ἀναφορὰν
941 4597 1078 4669 ἔχει,
1108 4597 1490 4668 περιγραπτὸν
1519 4599 1629 4668 ἄρα
1660 4599 1910 4652 κάκεῖνο·

343 4690 430 4742 καὶ
485 4690 772 4745 ἁλίσκεται
829 4691 973 4746 κατὰ
1010 4692 1188 4746 πάντα
1237 4690 1416 4761 ἑαυτῷ
1479 4690 1914 4762 ἐναντιούμενος.

349 4781 414 4832 Ἦ
447 4781 558 4851 γὰρ
589 4782 688 4834 καὶ
719 4779 879 4834 τοῦτο
904 4780 1316 4851 ἀπερίγραπτον
1360 4780 1605 4845 δοξάζειν
1647 4780 1773 4844 ἔδει,
1833 4780 1919 4834 ἵνα

349 4872 420 4942 μὴ
453 4873 619 4943 μόνον
647 4872 718 4926 τὰ
743 4872 843 4942 τῆς
865 4873 1124 4936 ἀπιστίας
1163 4873 1258 4926 καὶ
1293 4872 1484 4936 ἁθεῖας
1517 4871 1683 4926 αὐτοῦ
1731 4873 1919 4926 τέλεον

346 4961 679 5034 δεικνύηται,
730 4963 868 5018 ἁλλὰ
897 4965 992 5018 καὶ
1041 4963 1216 5033 γέλως
1259 4964 1354 5017 καὶ
1393 4963 1558 5036 λῆρος
1598 4965 1667 5018 τὰ
1711 4964 1919 5018 ἐκείνου

349 5057 478 5110 πᾶσι
499 5054 785 5125 νομισθείη
815 5056 1162 5128 φρονήματα,
1196 5054 1472 5126 ἢκὰκεῖνο
1511 5056 1728 5120 πάντως
1766 5073 1916 5128 περι-

349 5145 613 5212 γραπτὸν.

417 5241 485 5302 γ’.
522 5237 635 5289 Καὶ
657 5235 831 5289 ταῦτα
865 5236 964 5306 μὲν
981 5235 1124 5289 οὕτω
1165 5234 1440 5304 δεδείχθω.
1475 5234 1542 5287 Τί
1571 5234 1800 5305 δὲαύτῷ
1827 5237 1922 5290 καὶ

353 5324 533 5396 ἕτερον
585 5327 711 5381 τῶν
749 5326 968 5381 ἀτόπων
1027 5326 1278 5380 ἐντεῦθεν
1333 5327 1569 5398 ὑπήντα.
1629 5327 1924 5382 Βεϐίασται

353 5418 474 5471 ὅσον
512 5422 578 5472 ὲκ
615 5421 722 5474 τῶν
766 5421 983 5474 οἰκείων
1029 5419 1226 5488 λόγων,
1279 5418 1312 5489 ἢ
1368 5417 1924 5490 συμπεριγρὰφεσθαι

347 5493 443 5561 ¹τὸν
473 5509 617 5563 θεῖον
658 5510 830 5580 Λόγον
880 5510 1056 5581 τούτῳ
1111 5509 1189 5579 τῷ
1251 5511 1315 5562 ὲκ
1370 5510 1604 5580 μετοχῆς
1653 5509 1927 5580 γινομένῳ

361 5597 568 5669 σώματι
592 5600 794 5670 λέγειν,
833 5601 865 5673 ἢ
897 5599 1192 5673 διῃρῆσθαι
1221 5602 1317 5654 ἀπ’
1343 5599 1511 5654 αὐτοῦ
1536 5599 1626 5654 διὰ
1653 5601 1754 5672 τὴν
1799 5599 1927 5670 μίαν

363 5689 651 5746 ὑπόστασιν
670 5712 682 5723 ·
722 5691 862 5746 ὥστε
890 5697 1012 5757 ταῖς
1039 5693 1321 5763 ἀληθείαις
1350 5693 1470 5764 μηδ’
1493 5691 1746 5746 ὁπωσοῦν
1776 5691 1927 5760 αὐτῷ

364 5781 568 5834 ικεὶθεν
601 5783 873 5855 ἁγιασμοῦ
911 5784 1275 5855 μετεῖναικαὶ
1305 5785 1548 5855 χάριτος.
1585 5784 1650 5836 Τί
1695 5784 1751 5838 δὲ
1779 5783 1927 5854 αὐτῷ

2019 4592 2122 4647 sibi
2173 4591 2485 4648 contrarius
2535 4590 2816 4647 Mamonas
2871 4593 3316 4662 deprehenditur.
3356 4592 3455 4649 Vel
3493 4593 3598 4649 hoc

2020 4683 2152 4739 item
2205 4683 2744 4753 incircumscriptum
2801 4685 3160 4755 reputandum
3206 4694 3324 4752 est;
3373 4694 3430 4741 et
3474 4693 3590 4740 tum

2019 4773 2282 4829 Mamoua:
2300 4788 2406 4829 non
2442 4772 2619 4829 solum
2646 4774 3004 4830 incredulitas
3025 4785 3191 4844 atque
3218 4775 3600 4847 irreligiositas

2021 4864 2266 4936 apprime
2299 4865 2606 4936 apparebit,
2639 4879 2828 4920 verum
2865 4865 3031 4921 etiam
3071 4866 3209 4921 risui
3249 4881 3314 4920 ac
3363 4866 3600 4922 ludibrio

2023 4957 2233 5012 cunctis
2262 4965 2422 5012 erunt
2455 4955 2573 5024 ejus
2614 4959 2898 5029 Opiniones
2933 4977 2947 5013 :
2981 4959 3065 5013 vel
3096 4969 3248 5014 certe
3287 4959 3416 5015 illud
3446 4974 3601 5029 aeque

2024 5048 2497 5116 circumscriptum
2528 5047 2654 5104 fuit.

2095 5234 2148 5289 5.
2187 5233 2362 5304 Atque
2384 5234 2500 5290 haec
2534 5235 2606 5289 ita
2630 5235 2997 5289 demonstrata
3026 5242 3209 5290 sunto.
3235 5233 3339 5290 Sed
3369 5243 3427 5289 et
3453 5233 3599 5289 aliud

2027 5328 2322 5383 absurdum
2358 5327 2488 5382 hinc
2521 5327 2568 5381 ei
2594 5327 2836 5382 obvenit.
2862 5325 3083 5395 Cogitur
3111 5327 3390 5393 nimirum,
3425 5342 3603 5394 quan-

2029 5429 2141 5473 tum
2176 5419 2295 5488 ejus
2334 5418 2498 5472 verba
2537 5417 2744 5483 valent,
2782 5427 2875 5472 aut
2917 5417 3079 5473 simul
3118 5419 3600 5488 circumscriptum

2027 5509 2212 5564 dicere
2242 5509 2484 5564 divinum
2521 5507 2757 5564 Verbum
2795 5524 2918 5566 cum
2952 5510 3054 5565 hoc
3080 5524 3144 5564 ex
3177 5510 3603 5582 participatione

2029 5603 2174 5658 facto
2203 5616 2456 5672 corpore,
2490 5601 2577 5677 vel
2604 5601 2671 5656 ab
2701 5600 2790 5656 illo
2818 5610 3042 5673 propter
3085 5616 3248 5656 unam
3297 5601 3602 5675 hypotasim

2030 5691 2270 5746 dividere
2299 5709 2314 5757 ;
2357 5694 2428 5745 ita
2457 5701 2515 5746 ut
2547 5705 2742 5762 reapse
2793 5692 2927 5747 nihil
2959 5707 3190 5763 prorsus
3245 5693 3349 5748 hoc
3381 5692 3607 5763 partici-

2032 5791 2122 5850 pet
2149 5781 2603 5838 sanctiﬁcationis
2627 5791 2681 5838 et
2727 5784 2937 5853 gratiae.
2990 5780 3130 5849 Quid
3173 5797 3335 5853 porro
3373 5781 3422 5837 ei
3464 5781 3611 5836 acci-
