4050 6430
322 447 415 512 33,

1002 451 1634 519 ANTIRRHETICUS
1689 460 1748 519 11
1794 462 1963 524 ADV.
2005 444 2601 526 CONSTANTINUM
2641 461 2854 523 cora.

3456 458 3568 527 338

324 576 415 622 σιν,
450 555 479 625 ἢ
504 556 750 636 χωρίσεις
773 556 915 612 θύων
942 562 1004 615 τὸ
1052 564 1414 637 άνθρωπινον.
1436 569 1581 622 Είδὲ
1608 570 1771 642 πείθῃ
1797 572 1875 644 τῷ

1993 590 2086 629 em
2126 591 2346 646 separas
2374 575 2507 646 (77).
2534 572 2688 642 Quod
2720 572 2765 626 si
2794 568 2972 626 credis
2999 568 3263 641 magistro
3303 578 3395 624 tuo
3448 570 3559 625 Eu-

324 650 391 720 σῷ
412 649 706 740 διδασκάλῳ
731 651 973 725 Εὐσεόίῳ
997 655 1210 724 λέγοντι
1240 661 1323 713 ὅτι
1373 662 1470 732 ὅλη
1524 662 1701 717 διόλου
1751 682 1878 740 μετ-

318 739 503 810 εϐλήθη
535 741 565 809 ή
600 740 756 811 σὰρξ,
800 744 875 815 μὴ
914 746 1151 815 μείνασα
1178 750 1326 805 τοῦθ’
1350 753 1490 825 ὅπερ
1525 750 1595 825 ἦν
1634 756 1775 826 σάρξ
1800 759 1879 821 είς

318 832 516 901 τὴν·τῆς
531 831 781 903 θεότητος
812 836 881 906 ἣν
911 836 1022 892 οἶδε
1045 841 1231 910 φύσιν,
1271 844 1451 917 μάτην
1479 846 1625 901 θύων
1649 848 1876 920 ἁλίσκῃ.

320 924 461 985 τίνος
509 923 567 977 δὲ
628 924 766 991 ὅλως
828 908 1223 1003 μεταλήψεται
1248 908 1579 1010 άνθρωποςς
1636 941 1709 993 Ἦ
1758 908 1881 1013 οὑξ).

321 1016 503 1086 rapui;
531 1017 688 1080 Θεοῦ,
721 1020 859 1074 ἀλλά
891 1023 1112 1091 φύσεως
1137 1027 1394 1101 θεότητος
1415 1032 1560 1097 δόξει
1599 1034 1879 1103 μεταλαγ-

317 1110 512 1180 χάνειν;
556 1110 909 1186 Μανιχαῑκῆς
959 1117 1137 1172 ταῦτα
1178 1122 1501 1189 φαντασίας.
1551 1123 1624 1176 Τὸ
1674 1125 1785 1177 πᾶν
1823 1124 1881 1178 δὲ

315 1201 401 1269 τῆς
425 1199 638 1269 μήνιδος
666 1202 810 1258 κατὰ
836 1206 929 1259 τοῦ
958 1209 1239 1279 Κυριακοῦ
1268 1212 1527 1282 σώματος
1550 1213 1710 1283 ἔχων,
1734 1214 1875 1277 τέως

317 1290 429 1361 περί
472 1307 535 1359 γε
582 1293 781 1348 τούτου
831 1295 926 1350 τοῦ
982 1300 1126 1355 κατὰ
1177 1302 1433 1375 μετοχὴν,
1486 1305 1641 1359 οὐδὲν
1692 1305 1876 1376 λέγειν

317 1386 615 1461 βλάσφημον
637 1391 1113 1461 παρρησιάζεταν
1147 1395 1346 1467 ἐπάγει
1375 1397 1432 1452 δὲ
1464 1398 1691 1453 τοιαῦτα
1721 1414 1737 1431 °

270 1595 292 1653 ί
379 1589 397 1621 ι
429 1571 490 1623 Τί
521 1573 674 1645 γὰρς
715 1576 827 1630 Καὶ
854 1576 1020 1631 εἰκών
1051 1579 1171 1634 ἐστι
1198 1580 1293 1634 τοῦ
1327 1580 1583 1652 σώματος
1599 1581 1767 1636 αὐτοῦ
1788 1584 1883 1637 καὶ

310 1663 336 1715 ὀ
364 1662 518 1735 άρτος
541 1663 606 1717 ὃν
631 1667 1008 1739 λαμϐάνομεν,
1031 1672 1329 1741 μορφάζων
1356 1674 1456 1743 τὴν
1478 1674 1658 1744 σάρκα
1688 1671 1880 1738 αὒτοῦ,

310 1754 377 1817 ὡς
419 1757 496 1818 είς
544 1755 723 1810 τύπον
758 1758 856 1813 τοῦ
904 1760 1156 1832 σώματος
1213 1764 1425 1818 ἐκείνου
1495 1767 1806 1837 γινόμενος.
1859 1785 1876 1818 ι

311 1846 723 1916 Παραινίττεται
752 1852 884 1921 ἡμῖν
913 1852 1002 1906 διὰ
1042 1853 1135 1906 τοῦ
1168 1855 1267 1909 καὶ
1320 1856 1643 1928 συνδέσμου,
1672 1858 1748 1921 ὡς
1786 1856 1883 1911 καὶ

1985 668 2138 724 sebio
2169 667 2370 723 dicenti
2407 674 2575 719 totam
2628 662 2854 720 omnino
2893 668 3155 715 mutatam
3182 675 3305 716 esse
3344 676 3566 715 carnem

1984 760 2127 830 (quae
2155 759 2296 813 haud
2328 766 2549 812 maneat
2577 763 2739 826 prout
2770 764 2928 808 antea
2959 760 3078 807 erat
3103 749 3254 823 caro)
3293 751 3344 806 in
3369 752 3568 807 divini-

1983 854 2110 906 tatis
2138 860 2298 921 prout
2326 852 2443 921 ipse
2468 850 2574 905 scit
2602 856 2875 911 naturam,
2898 844 3012 914 jam
3063 854 3118 898 tu
3155 843 3359 898 frustra
3392 843 3567 898 sacri-

1983 942 2150 997 ﬁcare
2181 942 2527 998 convinceris
2560 939 2696 1010 (78).
2734 938 2873 1006 Quid
2922 937 3066 991 enim
3089 938 3307 991 denmm
3344 936 3566 1002 partici-
3628 1002 3631 1005 η

1984 1034 2134 1104 pabit
2172 1034 2367 1089 homo?
2412 1032 2549 1087 Num
2601 1046 2822 1087 carnem
2880 1030 2973 1085 Dei
3026 1043 3406 1099 nequaquam,
3472 1026 3566 1077 sed

1985 1126 2221 1180 divinam
2251 1134 2503 1199 naturam
2556 1123 2829 1178 videbitur
2877 1120 3241 1192 participare?
3268 1117 3563 1171 Phantasia

1991 1216 2107 1271 hare
2135 1216 2436 1271 Manicbtea
2491 1223 2597 1271 est.
2654 1213 2961 1282 Cmteroqui
2995 1224 3307 1281 quanquam
3362 1209 3562 1262 iratum
3620 1250 3625 1257 .

1984 1324 2209 1379 prorsus
2244 1307 2487 1362 animum
2519 1314 2710 1361 contra
2767 1303 3113 1357 Dominicum
3152 1315 3351 1370 corpus
3401 1299 3564 1369 gerit,

1992 1403 2213 1457 interim
2270 1400 2412 1469 quod
2469 1400 2669 1452 attinet
2733 1396 2797 1448 ad
2869 1395 2988 1462 ejus
3065 1391 3565 1461 participationem,

1984 1494 2119 1549 nihil
2144 1494 2517 1565 blasphenmm
2551 1491 2737 1543 dicere
2767 1486 2952 1541 audet.
2999 1483 3194 1539 Subdit
3243 1497 3371 1535 vero
3406 1483 3522 1535 lucc
3552 1497 3564 1531 :

2063 1602 2081 1635 ι
2119 1583 2260 1651 Quid
2292 1582 2433 1637 enim
2456 1581 2483 1635 ?
2532 1579 2717 1648 hnago
2754 1585 2840 1632 est
2884 1574 3133 1645 corporis
3163 1570 3368 1627 Christi
3407 1569 3568 1623 etiam

1984 1676 2158 1745 panis,
2190 1688 2350 1744 quem
2384 1672 2673 1735 sumimus,
2700 1668 2943 1738 ﬁgurans
2974 1680 3199 1721 carnem
3221 1663 3361 1733 ejus,
3383 1672 3571 1731 utpote

1985 1766 2077 1836 qui
2118 1780 2219 1820 ceu
2264 1774 2422 1835 typus
2452 1760 2704 1832 corporis
2749 1756 2956 1813 Christi
2991 1756 3070 1810 lit.
3118 1771 3138 1805 ι
3183 1752 3364 1807 lnnuit
3415 1749 3573 1804 nobis

1986 1874 2085 1928 per
2110 1856 2514 1928 conjunclivam
2568 1841 2899 1923 particulam.
2945 1849 3104 1903 etiam
3142 1846 3304 1899 aliam
3353 1855 3572 1912 quoque

308 1937 433 2008 άλλη
454 1938 624 1993 ei):th
654 1942 772 1994 ἐστι
802 1942 899 1996 τοῦ
933 1944 1188 2016 σώματος
1216 1946 1311 1999 τοῦ
1348 1947 1617 2019 Χριστοῦ,
1655 1948 1751 2002 καὶ
1782 1948 1877 2002 τοῦ

1993 1962 2109 2004 esse
2136 1945 2429 2017 imaginem
2458 1942 2710 2010 corporis
2733 1939 2966 2002 Christi,
2996 1944 3199 2008 praeter
3221 1948 3439 2005 panem.
3473 1934 3568 1987 At-

308 2028 459 2099 ἄρτου
507 2030 659 2101 δίχα.
709 2033 1010 2105 Μετριάξει
1073 2037 1132 2090 δὲ
1184 2036 1420 2091 ἐνταῦθα
1453 2037 1551 2110 τὴν
1588 2038 1878 2092 ὰσέσειανο

1993 2055 2088 2111 [ιιιε
2124 2039 2213 2094 hic
2243 2046 2395 2092 certe
2434 2033 2700 2104 impietati
2730 2047 2845 2088 suae.
2889 2029 3240 2094 moderatur;
3289 2042 3413 2080 nam
3456 2025 3574 2093 plu-

294 2123 351 2182 ,εί
404 2119 511 2194 [ἐν]
555 2122 839 2190 πλείστοις
880 2126 991 2197 γὰρ
1042 2128 1256 2198 ἑτέροις
1295 2129 1604 2200 θεομαχῶν,
1661 2128 1880 2183 εἴδωλον

1993 2132 2139 2185 rimis
2166 2129 2288 2184 aliis
2344 2125 2403 2182 in
2452 2127 2589 2182 locis
2640 2139 2761 2180 cum
2798 2123 2909 2178 Deo
2956 2120 3324 2188 belligerans,
3366 2117 3571 2177 idolum

307 2212 496 2285 ταύτην
544 2214 740 2270 καλεῖν
780 2217 843 2270 οὐ
889 2219 1344 2291 καταπέφρικεν,
1399 2222 1461 2275 οὐ
1505 2221 1788 2293 διατρανοῖ
1824 2220 1881 2275 δὲ

1993 2223 2127 2279 hanc
2176 2220 2469 2292 imaginem
2519 2218 2798 2288 appellare
2828 2230 2936 2271 non
2987 2212 3296 2269 exhorruit.
3333 2209 3452 2266 Non
3487 2218 3568 2262 ta-

308 2305 521 2374 πότερον
560 2306 778 2361 τούτων
812 2309 1220 2383 ὲκτυπὼτερον,
1286 2311 1409 2383 ἢτδ
1451 2311 1620 2366 πλέον
1652 2314 1734 2376 είς
1781 2312 1883 2382 τὴν

1993 2330 2111 2371 men
2142 2314 2346 2368 diserte
2380 2312 2626 2367 declarat
2652 2318 2775 2364 utra
2797 2323 2867 2363 ex
2895 2306 2981 2361 his
3013 2313 3361 2376 prototypum
3394 2300 3569 2370 magis

308 2394 555 2464 ὁμοίωσιν
592 2394 692 2450 τοῦ
728 2399 1090 2468 πρωτοτύπου
1127 2400 1306 2471 φέρει,
1337 2400 1618 2455 δείκνυται
1640 2402 1699 2456 δὲ
1734 2401 1883 2472 αὐτῷ

1993 2406 2275 2477 exprimat,
2299 2404 2383 2459 vel
2412 2401 2827 2458 similitudinem
2849 2398 3042 2453 melius
3075 2411 3197 2451 cum
3231 2410 3298 2450 eo
3330 2403 3565 2448 tueatur.

308 2484 574 2540 κάνταῦθα
618 2486 683 2540 τὸ
702 2484 995 2543 ἀλλόκοτον
1020 2507 1036 2523 ·
1078 2491 1213 2545 ποτὶ
1246 2491 1346 2563 μὲν
1374 2492 1485 2563 γὰρ
1530 2492 1691 2564 σῶμα
1723 2491 1885 2547 τοῦτο

1993 2496 2104 2552 lam
2140 2510 2272 2552 vero
2315 2495 2454 2550 hinc
2498 2507 2718 2564 quoque
2762 2489 3074 2547 absurditas
3118 2488 3239 2558 ejus
3263 2485 3520 2541 clarescit
3556 2501 3570 2537 :

311 2576 502 2647 κυρίως
533 2577 637 2632 καὶ
670 2577 893 2648 άληθῶς
920 2579 1101 2644 καλεῖ,
1131 2582 1267 2635 ποτὲ
1304 2581 1362 2636 δὲ
1393 2583 1579 2636 εἰκόνα
1606 2583 1882 2654 σώματος,

306 2667 498 2739 ταύτην
525 2669 822 2739 ὑπομένων
870 2672 971 2743 τὴν
1001 2673 1271 2745 πλάνησιν
1318 2675 1427 2728 άπδ
1482 2674 1579 2728 τοῦ
1633 2674 1885 2728 σπεύδειν

309 2759 461 2812 αὑτὸν
488 2761 552 2813 ἐκ
590 2759 760 2831 μέσου
792 2762 1020 2831 ποιῆσαι
1066 2764 1167 2834 τὴν
1210 2764 1584 2836 εὐαγγελικὴν
1642 2764 1887 2835 ἱστορίαν

310 2866 363 2903 τε
398 2851 487 2903 καὶ
513 2852 821 2922 ὑφήγησιν.
866 2853 1008 2906 Ἀλλ’
1044 2855 1234 2925 εἴρητο
1261 2854 1329 2908 ἂν
1361 2855 1456 2909 καὶ
1505 2854 1667 2908 τοῦτο
1710 2854 1884 2926 αὐτῷ,

310 2944 385 2996 ὅτι
424 2944 584 3000 Κατὰ
614 2945 717 3008 τὰς
750 2945 853 3009 σάς
885 2946 1210 3016 ὑπολήψεις,
1250 2948 1373 3001 οὐδὲ
1407 2930 1570 3017 σῶμά
1604 2948 1723 3001 ἐστι
1752 2949 1887 3018 Χριο

312 3033 451 3099 στοῦ,
485 3036 613 3089 οὐδὲ
666 3034 835 3089 εἰκὼν
886 3036 985 3090 τοῦ
1028 3036 1283 3103 σώματος
1317 3038 1509 3092 αὐτοῦ.
1544 3039 1607 3092 Ei
1641 3039 1743 3110 μὲν
1773 3038 1885 3110 γὰρ
1919 3045 1930 3055 '

242 3135 249 3143 '
311 3127 751 3198 περιτετράφθαι
802 3128 1001 3193 εἴποις,
1037 3130 1228 3201 ἐπειδὴ
1265 3130 1473 3202 χείλεσι
1527 3131 1631 3195 καὶ
1672 3130 1887 3185 ὀδοῦσιν

310 3218 778 3290 ἐμπεριείργεται,
819 3221 882 3273 οὺ
917 3221 1156 3292 Χριστοῦ
1196 3222 1379 3293 σῶμα,
1422 3223 1544 3276 οὐδὲ
1576 3224 1787 3295 ἥνωται
1809 3221 1887 3293 τῷ

309 3311 478 3379 Λόγῳ.
506 3311 871 3384 Προδιωρίσω
894 3314 1009 3383 γὰρ
1033 3315 1322 3381 πολλάκις,
1353 3317 1436 3369 ὅτι
1468 3316 1887 3388 ἀπερίγραπτον

309 3401 535 3473 τὸσῶμα
562 3401 662 3455 τοῦ
681 3402 921 3475 Χριστοῦ
946 3405 1034 3458 διὰ
1063 3405 1164 3476 τὴν
1198 3406 1339 3478 πρὸς
1364 3406 1455 3460 τὸν
1477 3407 1652 3476 Λόγον
1668 3406 1887 3460 ἕνωσιν.

310 3494 368 3547 El
396 3493 667 3548 δὲείκόνα
713 3496 969 3566 σώματος
1008 3500 1225 3567 φήσεις,
1279 3498 1341 3552 οὐ
1390 3499 1552 3569 μόνον
1598 3499 1675 3563 ὡς
1713 3499 1891 3553 εἰκὼν

311 3585 670 3658 ἀπελήλαται,
697 3586 836 3641 ἀλλὰ
872 3589 971 3642 καὶ
993 3589 1067 3652 ὡς
1096 3589 1387 3661 διαιροῦσα
1419 3590 1482 3643 τὸ
1514 3590 1678 3661 φύσει
1722 3592 1887 3662 σῶμα

310 3680 369 3731 ἐκ
396 3679 491 3749 τῆς
521 3680 672 3735 κατὰ
701 3678 795 3733 τὸν
821 3681 995 3749 Λόγον
1029 3680 1302 3746 ὲνὼσεως.
1350 3682 1542 3748 Οὕτως
1594 3685 1694 3754 οὐχ
1723 3684 1887 3755 ἕστηο

308 3790 396 3828 κεν
418 3775 501 3844 ἐφ’
532 3774 796 3845 ὲαυτῆςή
829 3775 1006 3847 πλάνη
1045 3778 1140 3829 καὶ
1164 3779 1197 3847 ή
1237 3776 1549 3831 δυσσέϐεια.
1602 3779 1673 3831 Ἦ
1705 3778 1892 3832 τοίνυν

311 3870 395 3919 καὶ
419 3866 614 3920 τοῦτον
652 3868 744 3920 τὸν
785 3868 955 3938 ἄρτον
984 3868 1404 3941 άπερίγραπτον
1447 3869 1753 3940 ἀπόφηναι,
1802 3870 1891 3925 ἵνα

312 3975 389 4013 σοι
413 3960 578 4013 πλέον
601 3958 671 4012 τά
703 3960 803 4031 τῆς
828 3946 1668 4032 μυθοπλαστίαςάπηρτισμένα
1747 3979 1761 3994 ·
1790 3963 1893 4018 οὐκ

310 4050 420 4105 ἐστι
484 4054 610 4123 γὰρ
654 4052 820 4120 φύσιν
880 4052 1010 4123 έχον
1070 4052 1226 4108 τοῦτό
1262 4070 1371 4122 γε’
1433 4053 1468 4124 ἢ
1526 4055 1893 4126 εὑρεθήσεται

315 4144 495 4215 μάτην
550 4162 635 4197 σοι
683 4147 712 4199 ὁ
764 4146 875 4210 πᾶς
923 4145 1020 4200 τοῦ
1071 4146 1502 4220 ἀπεριγράπτου
1555 4148 1890 4222 ἐκπονηθεὶς

312 4236 487 4307 λόγος.

383 4328 514 4385 Εἶτα
528 4330 671 4403 μετὰ
687 4331 860 4410 ταῦτά
876 4347 1062 4402 φησιν’
1082 4350 1101 4385 ο
1126 4333 1199 4386 Οὐ
1221 4335 1330 4398 πᾶς
1346 4333 1511 4404 ἄρτος
1530 4334 1690 4405 σῶμα
1706 4334 1893 4403 αὐτοῦ,

315 4419 497 4495 ὥσπερ
518 4424 643 4477 οὐδὲ
665 4423 774 4494 γὰρ
797 4426 904 4486 πᾶς
926 4419 1067 4488 οἶνος
1087 4420 1228 4496 αἷμα
1252 4426 1441 4493 αὑτοῦ,
1473 4429 1520 4479 εί
1547 4426 1663 4498 μὴῦ
1691 4426 1777 4480 διὰ
1796 4429 1897 4498 τῆς

316 4516 598 4587 ἱερατικῆς
626 4516 848 4587 τελετῆς
874 4517 1283 4589 ἀναφερόμενος
1307 4520 1372 4572 ὲκ
1391 4518 1488 4572 τοῦ
1512 4520 1896 4592 χειροποιήτου

1986 2589 2151 2644 modo
2190 2587 2335 2641 enim
2372 2586 2478 2641 hoc
2528 2584 2753 2655 proprie
2783 2596 3023 2652 vereque
3068 2595 3270 2649 corpus
3308 2577 3571 2646 appellat,

1987 2680 2151 2737 modo
2183 2679 2434 2748 corporis
2458 2677 2752 2746 imaginem
2801 2692 2815 2728 :
2849 2689 3011 2744 quem
3050 2673 3166 2742 ipse
3189 2684 3433 2725 errorem
3474 2683 3573 2739 pa-

1988 2774 2141 2839 titur,
2177 2779 2469 2843 propterea
2502 2768 2647 2838 quod
2684 2768 2773 2822 dat
2810 2779 3064 2836 operam,
3099 2774 3158 2818 ut
3199 2761 3574 2831 evangelicum

1987 2868 2055 2920 de
2078 2864 2253 2919 medio
2283 2861 2437 2916 tollat
2466 2860 2751 2915 historiam
2810 2871 2875 2912 ac
2915 2854 3307 2910 narrationem.
3334 2852 3440 2906 Sed
3463 2850 3578 2921 jam

1987 2958 2039 3012 ei
2071 2957 2275 3011 dictum
2313 2953 2439 3019 fuit,
2473 2940 2675 3019 nempe.
2706 2968 2722 3018 ;
2756 2950 2902 3022 quod
2940 2947 3239 3006 secundum
3288 2945 3578 3014 opiniones

1988 3056 2130 3112 tuas,
2164 3059 2339 3116 neque
2367 3058 2568 3112 corpus
2597 3042 2802 3099 Cbrisﬁ
2831 3050 2938 3105 est,
2973 3053 3149 3107 neque
3186 3037 3582 3106 ejusdemcor-

1989 3141 2137 3212 poris
2168 3140 2367 3208 imago.
2407 3136 2537 3191 Nam
2578 3137 2622 3191 si
2659 3132 3038 3190 circumscribi
3082 3130 3269 3194 dicas,
3314 3128 3575 3197 quoniam

1993 3233 2137 3286 intra
2166 3230 2306 3285 labia
2339 3238 2393 3284 et
2438 3231 2630 3284 dentes
2662 3224 3044 3290 concluditur,
3090 3234 3197 3278 non
3245 3229 3331 3275 est
3369 3217 3573 3274 Christi

1991 3339 2211 3393 corpus,
2242 3336 2417 3391 neque
2442 3318 2623 3375 Verbo
2655 3318 2867 3373 unitur.
2902 3315 3056 3385 Saepe
3102 3312 3248 3368 enim
3272 3311 3383 3380 jam
3441 3310 3575 3363 deli.

1992 3414 2119 3469 nisti
2153 3412 2688 3479 incircumscriptum
2719 3421 2842 3463 esse
2872 3405 3076 3461 Christi
3105 3418 3308 3473 corpus
3345 3410 3571 3471 prapter

1992 3520 2144 3560 suam
2168 3520 2289 3559 cum
2322 3503 2503 3557 Verbo
2532 3501 2812 3555 unionem.
2842 3496 2997 3564 Quod
3032 3496 3079 3553 si
3118 3493 3411 3565 imaginem
3451 3505 3576 3544 cor-

1993 3597 2145 3669 poris
2166 3597 2340 3660 dicas,
2401 3610 2509 3649 non
2544 3593 2705 3649 modo
2740 3592 2870 3662 quia
2911 3591 3090 3660 imago
3129 3596 3235 3651 est,
3291 3584 3575 3653 rejicitur;

1993 3690 2089 3746 sed
2136 3689 2263 3759 quia
2302 3688 2468 3743 etiam
2518 3684 2801 3755 physicum
2844 3696 3044 3751 corpus
3089 3680 3158 3735 ab
3200 3678 3404 3732 unione
3452 3690 3575 3729 cum

1994 3780 2188 3836 Verba
2210 3780 2563 3835 distraheret.
2605 3777 2754 3832 Adeo
2782 3775 2885 3830 sibi
2916 3788 3024 3827 non
3065 3778 3324 3825 constant
3356 3783 3453 3822 nec
3490 3782 3579 3820 er-

1995 3890 2089 3931 ror
2137 3888 2236 3929 nec
2261 3871 2667 3941 irreligidsitas.
2709 3867 2807 3923 Vel
2850 3868 3016 3938 igitur
3052 3866 3441 3932 huncquoque
3480 3875 3577 3928 pa.

1995 3981 2118 4021 nem
2174 3964 2707 4032 incircumscriptum
2762 3962 2870 4027 dic,
2923 3968 2982 4013 ut
3025 3967 3112 4011 tua
3160 3954 3341 4010 omnis
3399 3952 3580 4008 fabula

1994 4054 2349 4126 perﬁciatur;
2388 4067 2563 4123 neque
2593 4052 2737 4107 enim
2768 4056 2869 4105 hoc
2907 4046 3171 4118 possibile
3201 4052 3322 4109 est;
3355 4043 3440 4096 vel
3469 4050 3580 4094 tota

1999 4157 2088 4202 tua
2134 4148 2204 4227 de
2234 4145 2706 4216 incircumscripto
2738 4142 2919 4198 oratio
2945 4139 2998 4194 in
3034 4150 3254 4193 cassum
3305 4134 3585 4190 elaborata

1996 4243 2378 4311 comperictur.

2069 4333 2177 4405 7o
2204 4332 2330 4388 Post
2356 4331 2472 4387 haec
2490 4345 2612 4386 mox
2647 4330 2758 4385 ait:
2792 4346 2815 4381 ι
2847 4326 2963 4381 Non
2986 4325 3216 4394 quilibet
3242 4319 3425 4389 panis,
3456 4334 3585 4371 cor:-

1999 4441 2100 4497 pus
2121 4427 2273 4495 ejus;
2298 4439 2402 4479 nec
2432 4424 2619 4477 vinum
2665 4419 2968 4490 quodlibet,
2998 4416 3222 4485 sanguis
3261 4412 3423 4481 ejus;
3485 4410 3585 4463 sed

2001 4517 2129 4573 illud
2163 4524 2368 4570 tantum
2396 4515 2539 4585 quod
2566 4529 2662 4584 per
2685 4509 3083 4568 sacerdotalem
3111 4504 3585 4563 consecrationem

319 4606 447 4677 πρὸς
473 4610 534 4662 τὸ
566 4610 1005 4682 ἀχειροποίητον.
1038 4630 1057 4664 ι
1089 4610 1246 4675 Τίνος
1265 4611 1710 4683 διαποροῦντοςῆ
1731 4614 1889 4683 ἀμφι-

2004 4609 2260 4674 oﬂ'ertur,
2307 4624 2372 4664 ex
2425 4606 2739 4661 manufacto
2805 4605 2873 4659 ad
2925 4618 3031 4657 non
3099 4598 3495 4656 tnanufactum.
3561 4613 3580 4646 ι

318 4696 622 4767 ϐάλλοντος,
639 4699 782 4753 οὕτω
802 4701 1040 4771 δριμέως
1068 4703 1163 4754 καὶ
1185 4701 1897 4773 θαρῥαλέωςὰποφαίνεται,

317 4786 477 4840 ὅτιού
534 4789 643 4850 πᾶς
667 4789 831 4859 ἄρτος
874 4789 1037 4859 σῶμα
1053 4789 1243 4857 αὑτοῦ,
1283 4790 1408 4844 οὐδὲ
1435 4794 1544 4854 πᾶς
1584 4786 1728 4855 οἶνος
1758 4786 1899 4862 αἷμα

320 4879 502 4943 αὐτοῦ,
538 4880 677 4952 μηδὲ
733 4880 1063 4946 ἀποδείξεως
1094 4881 1196 4953 τῆς
1223 4884 1355 4955 περὶ
1381 4882 1612 4950 τούτων,
1645 4884 1897 4940 ὁπωσοῦν

391 5034 503 5102 (Π)
539 5034 833 5100 Hactenus,
862 5046 1023 5105 capto
1058 5036 1214 5090 initio
1242 5035 1310 5091 ab
1346 5036 1421 5089 iis.
1439 5036 1639 5102 verbis,
1669 5044 1725 5089 at
1756 5038 1895 5093 enim

326 5120 415 5178 ῃοδ
441 5122 605 5173 neque
650 5107 932 5178 imaginem
992 5106 1384 5177 (duodeviginti
1429 5108 1641 5178 scilicet
1683 5108 1895 5178 versus)

327 5172 497 5246 locum
520 5172 588 5246 er
634 5189 740 5246 ms.
762 5172 1094 5246 'Nicephoro
1124 5172 1442 5246 excerptum
1481 5176 1708 5231 dederat
1735 5172 1897 5231 Com;

328 5242 623 5314 helisius'tn
656 5242 933 5314 Manipula
984 5263 1158 5299 rerum
1207 5242 1611 5313 Cahstantinop.
1656 5263 1709 5314 p.
1764 5246 1891 5301 221.

330 5261 623 5299 oeustustn
656 5261 933 5369 mantguta
984 5263 1158 5299 rerum
1207 5261 1611 5313 uonuammop.
1656 5263 1709 5314 p.
1764 5261 1891 5301 22!.

330 5312 403 5367 De
442 5318 544 5386 hoc
575 5316 764 5369 eodem
853 5316 1096 5385 icephori
1144 5326 1316 5371 tractu
1372 5317 1609 5386 loquitur
1664 5316 1896 5371 Hardui-

331 5397 427 5462 nus
462 5383 541 5462 l_)e
567 5383 1143 5462 sacramentoéltaris,
1176 5402 1296 5462 cap.
1332 5383 1579 5462 5,_quem
1613 5398 1891 5441 auctorem

329 5453 528 5525 ridesis
554 5454 719 5508 etiam
759 5473 811 5525 p.
851 5455 960 5509 262
1003 5457 1159 5524 (edit.
1203 5453 1527 5524 Amstelod.)
1576 5457 1629 5510 iu
1667 5458 1792 5510 adn.
1832 5458 1888 5510 8.

328 5518 445 5594 {am
476 5540 574 5592 pro
605 5527 708 5579 hoc
740 5518 1079 5581 nobilissimo
1099 5535 1153 5579 et
1177 5518 1574 5594 pretiosissima
1614 5527 1899 5581 catholica:

331 5589 586 5666 Ecclesia:
621 5598 872 5666 dogmate
903 5597 1029 5666 quid
1059 5611 1159 5666 ego
1177 5589 1296 5666 jam
1340 5597 1515 5649 dicam
1551 5607 1672 5666 p0st
1707 5598 1893 5663 prmdi-

330 5670 477 5735 elum
516 5663 773 5720 llarduini
815 5663 1128 5729 tractatum,
1176 5663 1293 5735 post
1323 5663 1563 5731 grandia
1591 5669 1811 5720 Arualdi
1846 5676 1901 5721 et

334 5728 657 5811 Benaudotii
688 5728 1138 5811 volumina-tumst
1166 5728 1386 5811 testium
1414 5737 1619 5811 nubem
1645 5740 1717 5811 ab
1739 5738 1898 5811 lgpa-

336 5804 412 5854 tio
450 5812 506 5856 et
533 5805 788 5871 deinceps
815 5808 954 5874 apud
987 5804 1369 5859 CUlliilttiirjlllll
1413 5808 1463 5859 in
1503 5805 1753 5859 Bibliom.
1783 5806 1894 5859 PP.

338 5875 572 5929 comica.
608 5878 903 5941 inductam,
937 5887 1054 5955 post
1076 5878 1141 5931 ali
1165 5895 1207 5933 ιε
1235 5876 1550 5931 innumeras
1594 5880 1689 5930 hac
1733 5893 1898 5945 super

2007 4703 2279 4771 Quonam,
2309 4717 2429 4769 ora,
2465 4700 2748 4769 dubitante
2780 4706 2875 4754 aut
2927 4696 3259 4765 ambigente,
3306 4692 3442 4746 adeo
3496 4704 3588 4742 se-

2008 4808 2136 4849 vere
2167 4803 2221 4847 et
2244 4791 2571 4847 liducialiter
2605 4788 2859 4855 afﬁrmat,
2910 4802 3016 4842 non
3045 4783 3347 4855 quemlibet
3389 4796 3586 4851 panem

2004 4900 2127 4941 esse
2170 4885 2372 4941 Christi
2408 4900 2627 4953 corpus,
2661 4896 2762 4941 nec
2786 4882 2975 4937 vinum
3006 4878 3251 4949 quodvis
3279 4889 3403 4932 esse
3436 4873 3587 4943 ejus-

2005 5055 2064 5095 re
2098 5038 2490 5094 catholicorum
2554 5037 2943 5107 theologorum
2993 5031 3402 5107 lucubrationes
3433 5030 3586 5107 ?_En

2003 5119 2154 5165 certe
2207 5118 2262 5163 et
2297 5111 2461 5162 alium
2523 5100 2985 5178 propugnatorem
3021 5103 3299 5178 dogmatis
3348 5100 3586 5178 patriar-

2001 5180 2160 5233 cham
2189 5171 2577 5247 Nicephorum,
2612 5171 2729 5246 qui'
2749 5178 2913 5230 latius
2937 5171 3142 5247 Graeca.»
3171 5171 3590 5247 Ecclesiieper—

2002 5264 2193 5303 sonam
2225 5238 2385 5319 gerit.
2417 5238 2606 5319 Cyrilli
2628 5238 2791 5319 etiam
2822 5245 3025 5319 magni,
3052 5240 3356 5319 Sophronii
3390 5238 3585 5319 ψει-ιι-

2001 5308 2344 5388 εοΙγιηὶιΞῖιιί,
2397 5308 2647 5389 Ειίιγοιιίἰ
2695 5308 3280 5389 Constantinopolitani
3338 5309 3473 5389 (ubi
3520 5308 3586 5363 de

2001 5380 2263 5458 anfilypis
2290 5380 2453 5443 etiam
2480 5380 2766 5457 diximus),
2800 5380 3088 5458 Theodosii
3121 5380 3500 5458 Alexandrini,
3534 5390 3590 5433 et

2002 5450 2312 5513 Luculentii
2352 5459 2554 5524 Latini,
2595 5450 2735 5513 nova'
2779 5455 3097 5510 testimonia
3145 5451 3274 5507 alibi
3323 5465 3425 5505 nos
3483 5450 3585 5519 ipsr

2002 5531 2365 5594 vulgavinttts.

2072 5592 2183 5669 (78)
2219 5601 2410 5656 Cernis
2444 5600 2804 5669 Nicephorum
2839 5595 2904 5650 de
2951 5593 3119 5669 missa
3165 5592 3417 5662 liturgica
3462 5598 3587 5669 tan:

1999 5662 2176 5739 quant
2227 5673 2293 5725 de
2349 5662 2626 5727 sacriﬁcio
2683 5673 3002 5739 constanter
3048 5665 3399 5739 lotltlelllem:
3443 5662 3585 5739 qum!

2000 5731 2302 5794 estnovum
2326 5751 2702 5811 argumentum
2723 5747 2910 5811 contra
2932 5736 3054 5811 illos
3078 5733 3468 5799 hetcrudoxos,
3493 5731 3584 5803 qui

1998 5825 2213 5865 ('(Btlattl
2253 5805 2629 5866 tantummodo
2663 5808 2938 5879 appellare
2972 5805 3179 5862 volunt.
