4050 6436
465 401 571 466 339

1406 416 1414 424 ’
1495 412 1554 472 S.
1595 412 2012 475 NICEPHORI
2053 418 2560 481 PATRIARCIL‘E
2601 423 2714 482 ΟΡ.

3629 425 3728 492 346

465 520 586 572 dum
621 522 982 590 sanguinem?
1013 520 1166 590 Qtiod
1223 539 1346 579 cum
1398 528 1541 583 nulla
1587 531 2051 589 demonstratione

2158 537 2396 606 δεηθεὶς,
2443 539 2543 609 τῆς
2572 539 2786 594 ἐκείνου
2820 541 3015 610 σοφίας
3048 542 3198 608 ἀξιον
3221 542 3424 612 λέγεινο
3460 545 3636 618 Ἃπερ
3659 549 3728 611 ὡς

466 621 648 679 egeat,
709 613 984 682 sapientia
1040 615 1155 683 ejus
1216 617 1288 670 ita
1335 619 1478 687 loqui
1531 621 1751 691 dignum
1791 624 1909 676 fuit.
1948 623 2055 680 Nos

465 713 648 757 autem
687 705 800 758 lttce
829 722 930 760 ceu
980 707 1335 763 deliramenta
1368 727 1430 764 ac
1459 714 1621 766 verba
1657 715 1708 767 in
1758 731 1938 770 aerem
1973 727 2053 770 te-

467 797 834 865 merejacmta
865 800 1202 867 amittentes,
1243 803 1312 855 ita
1350 804 1526 871 potius
1547 806 1826 861 dicemus:
1858 807 1911 862 Si
1939 808 2055 864 haec

465 906 588 957 qua:
628 891 1031 958 sacrifieautnr,
1069 887 1511 965 circntnscripta'
1548 907 1716 966 sunt,
1754 901 1910 967 panis
1971 903 2055 955 in-

465 999 628 1051 quam
655 995 706 1038 et
734 985 945 1049 vinum,
981 986 1228 1054 profecto
1259 1003 1455 1056 corpus
1489 991 1620 1046 illud
1669 1008 1698 1045 a
1735 992 1846 1047 Deo
1876 994 2054 1052 Verbo

469 1087 737 1145 gestatum
783 1091 1059 1144 nunquam
1090 1091 1152 1130 ex
1198 1075 1466 1132 Mamonae
1512 1084 1787 1135 sententia
1842 1085 2055 1139 sacrifi-

467 1179 646 1224 catum
681 1170 804 1232 fuit,
855 1171 948 1238 qui
980 1167 1184 1224 idcirco
1230 1170 1360 1224 illud
1415 1171 1951 1245 incircumscriptum
1979 1179 2057 1233 di-

466 1263 558 1317 cit.
592 1262 749 1318 Unde
779 1277 909 1318 vero
942 1271 997 1318 ct
1018 1265 1298 1336 quomodo
1330 1265 1512 1322 hostia
1542 1269 1629 1324 illa
1656 1286 1847 1341 magna
1871 1284 1925 1328 et
1952 1274 2052 1328 itu-

465 1355 737 1410 maculata
771 1364 825 1412 et
845 1358 1176 1424 veneranda,
1199 1359 1523 1428 expiatoria,
1549 1362 1796 1432 inquam,
1831 1365 1916 1420 illa
1940 1362 2057 1422 vic-'

466 1446 621 1512 tima,
654 1456 709 1502 et
739 1447 997 1504 universo
1045 1449 1165 1505 orbi
1223 1451 1486 1509 salutaris
1547 1455 1937 1525 dignoscetur?
1994 1457 2050 1514 Si

466 1552 597 1608 ergo
641 1537 924 1595 Mamonas
961 1543 1286 1598 credidisset
1326 1545 1499 1614 ipsum
1545 1563 1641 1616 pro
1674 1548 1918 1604 omnium
1965 1566 2053 1608 sa-

466 1628 580 1682 lute
631 1629 993 1698 immolatum,
1049 1631 1155 1688 hoc
1207 1634 1437 1701 saltem,
1490 1637 1533 1692 si
1574 1637 1710 1692 nihil
1739 1639 2050 1706 aliud,eum

467 1725 671 1789 pudore
699 1723 1013 1792 all'ccisset,
1059 1729 1203 1798 quod
1256 1739 1312 1784 et
1345 1731 1521 1801 ipsum
1575 1732 2050 1806 circumscriptum

464 1816 535 1869 sit
562 1833 578 1872 :
608 1827 662 1871 et
692 1817 738 1872 si
780 1820 962 1876 minus
993 1822 1352 1888 naturaliter,
1385 1827 1530 1894 quod
1563 1825 1748 1882 dicere
1794 1829 2048 1885 stolidum

463 1918 569 1974 est,
606 1920 758 1966 certe
790 1915 1240 1981 consecratione,
1271 1926 1329 1970 ut
1367 1931 1433 1972 ex
1477 1918 1631 1974 istius
1657 1922 1931 1976 sententia
1968 1923 2051 1978 lo-
2087 1891 2127 1949 Β

463 2017 717 2070 quamur,
744 2004 1225 2076 circumscriptum
1263 2021 1385 2063 esse
1413 2019 1713 2078 oporteret.
1753 2013 1845 2069 Est
1891 2014 2054 2085 igitur

465 2098 948 2170 circumscriptum
991 2099 1197 2155 Christi
1247 2099 1468 2170 corpus.
1525 2105 1744 2160 etiamsi
1781 2108 1884 2162 hoc
1944 2108 2050 2164 sibi

463 2193 796 2257 persuadere
821 2207 930 2247 non
969 2193 1086 2248 vult
1129 2192 1431 2251 Mamonas.
1479 2194 1674 2253 Adhuc
1722 2198 1906 2269 itaque
1947 2201 2053 2258 hac

463 2297 629 2351 super
675 2297 733 2338 re
778 2285 868 2339 diu
905 2285 1182 2340 blaterans
1238 2302 1582 2358 nugansque,
1633 2305 1771 2361 quas
1811 2308 1910 2349 nos
1950 2308 2050 2350 ceu

464 2376 782 2430 rabidorum
832 2387 924 2431 aut
959 2377 1257 2432 furentium
1293 2378 1377 2434 vel
1406 2380 1794 2437 bacchantium
1828 2384 1946 2440 siue
1975 2385 2052 2441 si-

462 2467 718 2535 gnificatu
753 2479 805 2522 et
840 2469 1218 2526 inarticulatas
1246 2486 1426 2540 voces,
1455 2487 1559 2528 non
1595 2475 1719 2532 sine
1736 2487 2050 2546 contemptu

460 2574 802 2625 aversantur,
835 2569 1020 2629 utpote
1049 2578 1170 2632 quae
1201 2565 1414 2634 piorum
1448 2580 1512 2621 ac
1537 2567 1843 2623 sobriorum
1886 2586 2048 2628 aures

461 2650 771 2717 sordidaut,
823 2660 874 2706 ct
928 2655 1403 2722 pronuntiantium
1451 2657 1690 2728 linguam
1741 2675 2051 2719 commacu-

463 2743 598 2808 laut,
629 2746 963 2815 turpitudine
994 2746 1318 2816 iueptiisque
1337 2759 1648 2819 scatentes;
1672 2753 1774 2808 sub
1799 2751 2051 2809 lucubra-

463 2837 629 2892 tionis
661 2852 773 2892 sua:
799 2839 903 2893 fine
927 2853 1236 2894 sermonem
1269 2841 1624 2906 concludens,
1655 2845 1706 2898 in
1741 2845 1886 2900 hunc
1931 2860 2049 2901 mo-

460 2929 587 2983 dum
617 2929 854 2985 disserit.
886 2929 1072 2986 I’rimo
1097 2933 1314 3001 quidem
1341 2933 1476 2990 diris
1507 2948 1567 2990 se
1603 2934 1872 2993 devovens
1901 2936 2050 2992 θωτ-

463 3031 597 3088 mat,
631 3022 1142 3079 neminemillorum
1179 3027 1245 3080 de
1277 3025 1474 3097 quibus
1513 3027 1676 3083 verba
1713 3029 1876 3096 facit,
1909 3046 2049 3086 nun-

458 3126 620 3185 quam
670 3131 791 3172 esse
833 3115 1172 3186 suspicatum
1222 3133 1282 3172 se
1317 3134 1345 3172 a
1378 3119 1580 3176 Christi
1625 3121 1729 3176 fide
1759 3120 2045 3192 defecisse,

2159 629 2323 700 λῆρον
2358 633 2448 684 καὶ
2479 633 2658 702 μάτην
2690 635 2770 696 εἰς
2827 634 2969 704 ἀέρα
3015 635 3256 705 χεόμενα
3306 638 3718 707 καταλιπόντες,

2158 722 2342 774 ἐκεῖνα
2398 723 2666 793 λέγομεν⁶
2701 724 2765 778 Ei
2816 726 3257 796 περιγέγραπται
3306 728 3376 783 τὰ
3419 731 3731 801 ἱερευομενα

2155 812 2352 879 ταῦτα,
2389 817 2416 868 6
2465 816 2650 886 ἄρτος,
2687 819 2852 889 φημὶ,
2901 823 2996 874 καὶ
3039 825 3067 876 6
3099 817 3267 885 οἶνος,
3315 821 3424 892 ἄρα
3475 823 3650 876 ἐκεῖνο
3675 823 3732 876 τδ

2159 907 2342 976 σῶμα,
2375 909 2514 980 ὅπερ
2543 910 2848 981 πεφόρεκεν
2892 916 2920 967 6
2948 914 3047 968 τοῦ
3095 914 3232 968 Θεοῦ
3277 913 3472 982 Λόγος,
3499 914 3730 983 οὐδαμοῦ

2160 999 2381 1071 ίερεύθη
2428 1001 2560 1072 παρ’
2617 1003 2807 1067 αὑτοῦ,
2851 1006 2944 1058 καὶ
2996 1006 3088 1060 διὰ
3120 1006 3282 1060 τοῦτο
3329 1005 3732 1076 ἀπερίγραπτον

2156 1089 2334 1159 λέγει’
2364 1092 2458 1144 καὶ
2487 1092 2604 1156 πῶς
2636 1096 2730 1148 καὶ
2762 1096 2929 1150 πόθεν
2955 1097 3016 1151 τὸ
3047 1100 3246 1169 ἱερεῖον
3276 1099 3477 1159 ἐκεῖνο,
3503 1096 3565 1150 τὸ
3597 1099 3732 1166 μέγα

2157 1183 2250 1235 καὶ
2283 1182 2515 1254 ἄμωμον
2546 1185 2640 1238 καὶ
2663 1187 2988 1258 σεϐάσμιον,
3019 1190 3080 1243 τὸ
3135 1189 3436 1258 καθάρσιον
3470 1188 3619 1258 θῦμα
3645 1189 3732 1242 καὶ

2156 1276 2359 1340 παντὸς
2397 1277 2492 1330 τοῦ
2531 1279 2738 1349 κόσμου
2795 1283 3064 1352 σωτήριον
3107 1283 3623 1352 ἐπιγνωσθήσεταις
3674 1283 3732 1337 El

2154 1361 2250 1418 οὖν
2285 1366 2573 1422 ἐπίστευεν
2603 1370 2743 1440 ὑπὲρ
2763 1373 2861 1440 τῆς
2891 1372 3114 1426 πάντων
3145 1372 3278 1425 αὐτὸ
3306 1372 3537 1442 τυθῆναι
3560 1387 3728 1442 σωτη-
3771 1357 3776 1368 ’

2161 1459 2303 1529 ρίας,
2351 1460 2454 1538 κᾶν
2506 1461 2639 1529 γοῦν
2676 1464 2834 1516 τοῦτο
2883 1464 3048 1518 αὐτὸν
3105 1463 3427 1535 κατῄδεσεν,
3463 1465 3512 1516 εί
3573 1464 3645 1534 μή
3681 1480 3726 1516 τι

2156 1549 2307 1616 ἄλλο,
2347 1552 2422 1616 ὼς
2465 1555 2558 1606 καὶ
2610 1554 2744 1607 αὐτὸ
2796 1557 3175 1627 περιγραπτόν
3213 1557 3369 1608 ἐστι·
3407 1555 3505 1608 καὶ
3549 1556 3597 1607 εἰ
3663 1553 3731 1626 μὴ

2156 1645 2337 1715 φύσει,
2368 1646 2504 1716 ὅπερ
2554 1647 2734 1714 λέγειν
2770 1648 3000 1717 ἀνόητον
3026 1691 3043 1713 ,
3091 1651 3157 1720 τῇ
3209 1648 3344 1718 γοῦν
3383 1646 3611 1718 τελετῇ,
3661 1648 3732 1712 ὡς

2155 1737 2300 1792 κατὰ
2351 1737 2451 1809 τὴν
2506 1739 2725 1793 ’ἐκείνου
2800 1741 2963 1808 δόξαν
3025 1743 3240 1807 εἰπεῖν,
3295 1741 3731 1812 περιτετράφθαι

2155 1829 2344 1900 ἐχρῆν.
2385 1828 2770 1900 Περι-γραπτὸν
2797 1827 2890 1885 οῦν
2917 1831 2978 1885 τὸ
3003 1831 3096 1886 τοῦ
3139 1830 3382 1902 Χριστοῦ
3423 1830 3604 1902 σῶμα,
3633 1832 3730 1886 κᾶν

2157 1921 2234 1991 μὴ
2263 1919 2577 1988 λογίζεσθαι
2614 1921 2774 1975 τοῦτο
2819 1923 2997 1977 ἐθέλοι
3047 1925 3076 1976 6
3125 1925 3437 1995 Μαμωνᾶς.
3478 1925 3598 1978 Ἔτι
3640 1919 3727 1978 οὖν

2152 2012 2282 2082 περὶ
2311 2011 2427 2064 ¹τῶν
2451 2012 2629 2065 αὐτῶν
2661 2013 2836 2067 πολλὰ
2870 2014 3204 2084 βατταρίσας
3239 2016 3334 2068 καὶ
3381 2015 3722 2086 φλυαρήσεις,

2151 2102 2256 2157 ἆπε
2265 2119 2297 2172 ρ
2310 2105 2386 2168 ὠς
2411 2103 2733 2159 λυσσώντων
2750 2109 2844 2160 καὶ
2865 2108 3214 2179 μαινομένων
3237 2108 3331 2162 καὶ
3352 2108 3731 2178 βακχευόντων

2150 2195 2398 2266 ἀσήμους
2429 2195 2524 2250 καὶ
2552 2196 2857 2270 ἀνάρθρους
2904 2198 3092 2266 φωνὰς
3130 2198 3476 2271 περιιδόντες
3519 2217 3722 2269 μυσατ-

2149 2285 2377 2356 τόμεθα,
2408 2287 2534 2341 ἐπεὶ
2584 2289 2694 2342 τῶν
2743 2289 3123 2344 εὐσεϐούντων
3173 2291 3270 2345 καὶ⁹
3305 2291 3724 2362 σωφρονούντων

2147 2376 2248 2440 τὰς
2275 2377 2446 2441 ἀκοὰς
2502 2381 2952 2456 καταχραίνουσι,
3002 2383 3098 2436 καὶ
3143 2382 3253 2439 τῶν
3315 2383 3591 2452 λεγόντων
3640 2383 3732 2454 τὴν

2149 2471 2402 2540 γλῶσσαν
2461 2474 2954 2544 καταμολύνουσιν,
3017 2476 3385 2547 αἱσχρότητος
3433 2477 3528 2531 καὶ
3579 2476 3732 2530 ῦθλου

2151 2565 2588 2636 καταγέμουσαι,
2625 2567 2764 2636 πρὸς
2791 2569 2850 2620 τὸ
2874 2567 3027 2631 τέλος
3057 2567 3154 2620 τοῦ
3184 2567 3573 2638 συντάγματος
3605 2585 3733 2638 συμ-

2150 2656 2426 2728 περαίνων
2457 2657 2548 2712 τὸν
2599 2658 2782 2727 λόγον,
2821 2660 3007 2714 τοιάδε
3052 2662 3174 2714 τινὰ
3221 2659 3476 2724 διέξεισι.
3516 2660 3732 2729 Πρῶτιν

2153 2749 2253 2819 μὲν
2288 2749 2614 2820 κατακρίσει
2658 2750 3027 2822 περιδεσμῶν,
3067 2751 3276 2823 μηδένα
3297 2747 3373 2805 ὧν
3407 2751 3499 2806 νῦν
3531 2755 3558 2807 6
3584 2752 3733 2820 λόγος

2149 2837 2302 2910 αὑτῷ
2331 2840 2652 2912 γεγένηται,
2681 2841 2952 2911 ὑπόληψιν
2990 2843 3286 2914 ἐσχηκέναι
3321 2843 3407 2908 ὡς
3445 2842 3733 2914 ὴλλοτρίω·

2147 2952 2242 2990 ται
2263 2935 2358 2989 τοῦ
2391 2936 2648 3006 Χριστοῦ.
2674 2938 2948 2992 Κάκεῖθεν
2984 2938 3275 3008 μαίνεσθαι
3299 2939 3450 2993 κατὰ
3477 2939 3576 3010 τῆς
3597 2938 3734 2992 eiad-

2148 3043 2238 3088 νος
2275 3025 2464 3090 αὐτοῦ,
2513 3029 2571 3080 ἐν
2615 3021 2698 3091 οἷς
2749 3027 3052 3096 ἀπολογίαν
3102 3028 3411 3099 προτείνει,
3445 3029 3567 3083 ὅθεν
3597 3027 3736 3100 αὐτῷ

2147 3115 2308 3171 τοῦτο
2336 3117 2793 3190 προστέτριπται.
2831 3119 2994 3188 Λέγει
3045 3120 3155 3190 γὰρ
3197 3121 3280 3174 ὅτι
3316 3119 3374 3187 ἐξ
3415 3113 3477 3174 οῦ
3512 3119 3658 3191 αὐτῷ
3692 3121 3738 3173 oi
3790 3126 3794 3130 '

461 3211 689 3278 ideoque
740 3211 1004 3267 adversus
1038 3209 1156 3279 ejus
1189 3212 1485 3283 imaginem
1533 3214 1885 3270 debacclutri.
1929 3213 2046 3280 Quo

2154 3211 2287 3280 πρὸς
2317 3210 2513 3280 γένους
2547 3212 2642 3266 καὶ
2675 3212 2868 3265 οἰκεῖοι
2900 3213 3312 3276 ἐπαναστάντες
3352 3214 3735 3285 ἐνεωτέρισαν,

460 3300 580 3354 loco
609 3300 942 3357 defensionis
992 3317 1125 3370 ergo
1156 3317 1382 3359 causam
1437 3305 1680 3369 indicat,
1733 3305 1876 3359 unde
1929 3306 2044 3361 haec

460 3393 564 3458 ipsi
594 3392 909 3447 criminatio
955 3393 1270 3449 adhzeserit.
1297 3394 1386 3450 Ait
1411 3395 1558 3450 enim
1582 3435 1596 3460 ,
1635 3411 1702 3450 ex
1725 3411 1834 3464 quo
1859 3393 2050 3450 afﬁnes

459 3488 861 3557 domesticique
890 3489 973 3543 sui
1030 3490 1193 3544 rebus
1242 3491 1397 3545 novis
1423 3492 1709 3548 studentes
1747 3492 2049 3553 rebellave-

461 3591 590 3634 runt
618 3581 755 3652 (79),
786 3583 926 3637 hanc
956 3583 1122 3638 etiam
1157 3583 1224 3638 de
1267 3598 1326 3638 se
1359 3582 1789 3640 diminutionem
1846 3585 1900 3640 in
1936 3585 2052 3640 vul-

461 3688 562 3739 gus
597 3673 928 3738 manavisse,
981 3675 1136 3743 quasi
1165 3691 1194 3728 a
1226 3674 1340 3731 Deo
1366 3691 1592 3732 aversus
1621 3677 1841 3742 fuisset,
1888 3687 2051 3746 atque

465 3768 532 3818 ita
563 3782 591 3818 a
623 3767 808 3822 multis
833 3768 900 3822 de
935 3783 993 3822 se
1017 3767 1350 3836 iudicatum.
1379 3769 1582 3836 Deinde
1627 3769 1875 3838 pluribus
1919 3771 2049 3826 hor-

463 3857 756 3928 rendisque
785 3858 1137 3927 iuramentis,
1175 3867 1234 3912 ut
1267 3859 1428 3923 solet,
1459 3867 1649 3913 contra
1674 3859 2048 3928 evangelicum

464 3951 776 4004 mandatum
804 3989 818 4015 ,
881 3949 1218 4020 persuadere
1253 3961 1516 4016 conatur,
1556 3950 1638 4004 vel
1687 3951 1867 4019 potius
1916 3951 2052 4006 falso

456 4043 823 4114 jurejurando
878 4041 1090 4108 illudit,
1145 4056 1206 4098 se
1253 4057 1430 4112 neque
1469 4043 1862 4113 verbis-neque
1887 4059 2051 4113 opere

465 4138 628 4188 talem
657 4133 825 4190 fuisse
867 4148 1174 4203 :suautqne
1207 4135 1274 4189 de
1307 4135 1411 4189 hoc
1446 4135 1703 4203 dogmate
1735 4135 2049 4204 opinionem

463 4238 626 4298 atque
677 4227 940 4295 judicium
997 4228 1361 4296 praesentibus
1419 4228 1698 4297 episcopis
1745 4241 2047 4296 exponens,

463 4330 715 4391 paratum
747 4332 806 4373 se
836 4321 912 4372 ait
943 4319 1156 4372 illorum
1188 4319 1386 4387 placita
1422 4319 1734 4374 admittere.
1768 4320 1873 4374 Sed
1925 4335 2049 4373 mox

465 4413 625 4481 paulo
667 4412 832 4477 infra,
853 4426 951 4480 pro
979 4426 1130 4464 more
1157 4425 1256 4464 suo
1275 4452 1288 4475 ,
1311 4411 1672 4468 exusimniatis
1704 4411 2052 4466 sermonibus

465 4508 529 4560 nd
582 4522 642 4561 se
696 4517 1018 4571 revertens,
1066 4504 1272 4572 judicis
1318 4504 1492 4558 instar
1523 4517 1587 4558 ac
1622 4503 1907 4559 dictatoris
1955 4505 2050 4558 de-

460 4603 659 4658 cernit.

532 4697 587 4750 4.
627 4714 646 4747 ι
680 4693 832 4761 Quod
863 4693 908 4748 si
938 4693 1005 4748 de
1040 4693 1144 4748 hac
1175 4706 1278 4747 una
1308 4691 1590 4763 (Christi)
1626 4693 1862 4764 imagine
1892 4691 2047 4747 vobis

464 4788 920 4859 persuadebimus
964 4802 1065 4842 nos
1110 4794 1257 4840 recte
1299 4784 1546 4850 locutos,
1591 4794 1778 4855 postea
1823 4785 1890 4838 de
1926 4783 2049 4838 aliis

464 4894 682 4952 queque
724 4879 1050 4948 imaginibus
1074 4877 1352 4934 vobiscum
1384 4891 1546 4946 agere
1600 4875 1952 4938 meditantur,
1991 4883 2051 4928 ut

463 4985 519 5030 et
551 4974 618 5030 de
641 4971 726 5028 his
746 4969 1165 5042 judicetis.Nam
1183 4969 1388 5042 judicio
1413 4979 1596 5024 vestro
1619 4982 1810 5022 sumus
1827 4965 2054 5035 acquie-

467 5066 594 5133 turi,
625 5063 769 5136 quod
832 5077 1026 5134 nempe
1082 5077 1206 5118 cum
1242 5060 1364 5116 aliis
1405 5059 1678 5130 episcopis
1711 5056 2052 5114 concordare

468 5160 680 5227 voletis,
705 5157 975 5230 justisque
1007 5155 1300 5211 momentis
1332 5152 1546 5222 impulsi
1581 5150 1840 5222 suffragia
1871 5159 2054 5205 vestra

466 5254 732 5321 praebere.
781 5269 800 5303 ι
836 5248 960 5306 llaac
993 5247 1116 5312 ille,
1145 5246 1348 5302 etenim
1403 5244 1662 5299 nonnulla
1712 5241 1779 5296 ad
1813 5241 2050 5297 litteram

466 5346 880 5414 exscripsimus,
920 5355 977 5396 ut
1006 5343 1176 5413 ipsius
1207 5355 1236 5394 a
1269 5339 1378 5393 Deo
1433 5347 1706 5408 apostasm
1737 5335 1912 5405 palam
1954 5335 2050 5389 fie-

471 5449 574 5503 ret,
603 5449 656 5492 et
687 5441 1126 5506 jurameutorum
1155 5432 1479 5487 violatorum
1512 5429 1854 5483 mendacium
1893 5443 2052 5483 coar-

469 5543 750 5601 gneretur,
779 5545 990 5585 necnon
1058 5526 1366 5598 hypocrisis
1397 5534 1560 5594 atque
1601 5522 1778 5588 dolus,
1824 5532 1880 5579 et
1921 5538 2049 5592 erga

543 5684 653 5754 {79)
687 5683 928 5752 lntellige
971 5680 1354 5743 Artabasdnm,
1376 5681 1475 5754 qui
1522 5675 1851 5754 Qoprmtymi
1886 5691 2044 5729 soro-

469 5770 586 5811 rem
624 5748 673 5809 in
709 5748 1061 5810 matrimonio
1092 5754 1342 5826 habebat.
1376 5749 1466 5826 Ille
1501 5748 2038 5826 videlicet-adversus

473 5829 612 5880 hunc
651 5825 953 5887 Γ(³Ιι(·11.ινὶ1,
987 5833 1037 5876 et
1067 5837 1254 5876 sacras
1307 5822 1571 5889 imagines
1618 5817 1829 5889 publice
1879 5817 2037 5869 resti-

469 5899 1132 5967 tuit,(Inpt'maynttttnqne
1178 5888 1492 5945 htct'eticum
1541 5888 1861 5960 patriarcha:
1911 5901 2039 5938 vuce

2153 3303 2248 3355 καὶ
2280 3301 2386 3373 μὴν
2415 3301 2509 3355 καὶ
2527 3302 2635 3373 πρὸ
2686 3302 2866 3367 τοῦδε,
2897 3304 2926 3356 6
2982 3303 3175 3374 μῶμος
3208 3298 3366 3368 οὗτος
3413 3305 3543 3378 περὶ
3576 3304 3735 3359 αὐτοῦ

2153 3395 2232 3458 είς
2276 3393 2405 3456 τοὺς
2451 3393 2683 3457 πολλοὺς
2725 3394 3188 3467 διαπεφοίτηκεν
3235 3396 3293 3459 ὃς
3337 3396 3533 3468 ἐδήλου
3576 3393 3733 3450 αὐτοῦ

2151 3487 2250 3556 τὴν
2275 3488 2339 3540 ἐκ
2362 3485 2501 3540 Θεοῦ
2561 3485 2941 3559 ἀλλοτρίωσιν,
2995 3488 3094 3540 καὶ
3145 3472 3320 3552 οὕτως
3369 3487 3539 3542 αὑτὸν
3589 3486 3732 3556 παρὰ

2151 3581 2266 3642 τοῖς
2288 3579 2499 3634 πλείοσι
2534 3579 2844 3650 κρίνεσθαι.
2878 3576 3013 3633 Εἶτα
3041 3581 3226 3652 ὅρκοις
3251 3577 3335 3644 ὡς’
3364 3581 3620 3653 φοϐεροῖς
3645 3580 3735 3633 καὶ⁵

2152 3670 2451 3738 πλείστοις,
2499 3672 2576 3736 ὡς
2619 3671 2802 3727 εἰώθει
2833 3674 3169 3738 ἀπεναντίας
3221 3674 3333 3728 τῶν
3368 3674 3734 3743 εὐαγγελικῶν

2153 3762 2409 3834 ἔρχεσθαι
2485 3764 2950 3835 προσταγμάτων,
3017 3765 3231 3818 πείθειν
3289 3765 3647 3830 ἐσπούδαζεν,
3699 3763 3730 3834 ἦ

2150 3856 2520 3928 ἀληθέστερον
2561 3857 2786 3923 εἰπεῖν,
2820 3857 3254 3928 καταχλευάζειν
3311 3862 3382 3930 τῇ
3424 3859 3732 3928 ὀρκαπάτῃ,

2162 3949 2303 4018 μήτε
2329 3949 2390 4001 ἐν
2416 3949 2582 4018 λόγῳ,
2613 3949 2754 4021 μήτε
2780 3950 2839 4003 ἐν
2860 3948 3058 4020 πράξει
3078 3949 3336 4017 γενέσθαι
3365 3950 3628 4013 τοιοῦτον,
3647 3951 3736 4001 καὶ

2152 4039 2251 4110 τὴν
2281 4039 2411 4110 περὶ
2435 4039 2530 4093 τοῦ
2557 4040 2830 4110 δόγματος
2857 4039 3027 4094 αὑτοῦ
3073 4040 3256 4110 ψῆφον
3287 4041 3383 4093 καὶ
3419 4041 3601 4113 κρίσιν
3629 4040 3735 4100 τοῖς

2153 4130 2423 4202 παροῦσιν
2477 4132 2804 4197 ἐπισκόποις
2833 4131 3078 4196 ἀναθεὶς,
3110 4134 3187 4195 ὼς
3223 4130 3441 4197 δέξεται
3485 4131 3558 4187 τὰ
3596 4127 3729 4198 παρ’

2154 4225 2342 4288 αὐτοῖς
2373 4225 2695 4294 δεδογμένα,
2733 4226 2932 4297 μικρὸν
2989 4225 3222 4291 ὑποϐὰς,
3275 4225 3373 4278 καὶ
3419 4224 3584 4278 πάλιν
3615 4238 3735 4275 συν-

2154 4317 2299 4388 ήθως
2320 4319 2384 4369 ἐκ
2415 4317 2523 4368 τῶν
2541 4317 2948 4388 πεπλασμένων
2979 4317 3154 4386 λόγων
3185 4318 3266 4380 εἰς
3288 4315 3486 4370 ἐαυτὸν
3516 4313 3735 4368 ἐπανελο

2154 4406 2284 4471 θὼν,
2317 4401 2405 4460 οἷα
2437 4406 2633 4479 κριτὴς
2679 4408 2708 4461 ὁ
2753 4408 2919 4473 αὐτὸς
2972 4408 3067 4462 καὶ
3127 4405 3456 4470 διδάσκαλος
3485 4403 3739 4482 ιὶιποιραιί-¹

2155 4518 2328 4556 νετοιι.

2226 4691 2289 4742 δ’.
2335 4709 2352 4740 ι
2401 4689 2488 4752 Ὡς
2519 4688 2615 4742 ἐὰν
2648 4689 2728 4752 είς
2762 4687 2926 4742 τοῦτο
2958 4685 3020 4740 τὸ
3054 4686 3112 4740 ἓν
3152 4687 3444 4756 εἰκόνισμα
3470 4685 3734 4753 πληροφο-

2159 4783 2417 4855 ρήσωμεν
2437 4783 2581 4852 ὑμᾶς
2608 4783 2690 4835 ὅτι
2725 4781 2902 4844 καλῶς
2932 4780 3186 4851 λέγομεν,
3217 4780 3340 4832 τότε
3366 4778 3460 4832 καὶ
3485 4772 3737 4846 περὶτῶν

2156 4874 2336 4929 ἄλλων
2373 4874 2602 4927 εἰκόνων
2633 4875 2875 4937 σκοποὺς
2900 4874 3241 4943 προαγαγεῖν
3274 4871 3472 4942 ἔχομεν
3513 4868 3736 4921 ἐνώπιον

2159 4966 2337 5038 ὑμῶν,
2373 4966 2470 5020 καὶ¹
2514 4966 2587 5030 ὡς
2637 4967 2856 5038 κρίνετε
2909 4965 3004 5020 καὶ
3041 4965 3170 5037 περὶ
3223 4964 3467 5018 ἐκείνων.
3511 4962 3590 5032 Τῇ
3634 4958 3738 5026 γὰρ

2162 5058 2342 5128 κρίσει
2396 5057 2550 5128 ὑμῶν
2604 5057 2804 5128 ἔχομεν
2843 5055 3156 5126 ἀσμενίσαι,
3223 5053 3313 5107 ὅτε
3368 5050 3593 5124 μέλλετε
3647 5043 3738 5097 καὶ

2166 5147 2306 5220 μετὰ
2333 5149 2439 5202 τῶν
2471 5147 2648 5202 ἄλλων
2674 5144 2993 5200 ἐπισκόπων
3020 5145 3358 5216 συμφωνεῖν,
3388 5141 3483 5194 καὶ
3515 5137 3574 5204 ἐξ
3601 5133 3738 5188 εὐλό-

2160 5259 2274 5310 γων
2305 5240 2635 5311 προφάσεων
2669 5238 2975 5310 μαρτυρίας
2999 5236 3295 5308 παριστᾷν.
3334 5253 3354 5286 ι
3385 5231 3618 5286 Τοιαῦτα
3644 5225 3737 5296 μὲν

2158 5335 2229 5389 τὰ
2257 5335 2490 5399 ἐκείνου,
2525 5325 2600 5385 ὦν
2631 5348 2754 5385 τινα
2789 5331 2884 5384 καὶ
2927 5329 3120 5393 αὐταῖς
3148 5326 3328 5392 λέξεσι
3363 5317 3733 5396 παρεθέμεθα,

2162 5431 2249 5482 ἵνα
2279 5431 2375 5482 καὶ
2413 5432 2446 5499 ἡ
2479 5431 2542 5480 ἐκ
2576 5425 2709 5480 Θεοῦ
2757 5423 3113 5497 ἀλλοτρίωσις
3163 5419 3328 5476 αὐτοῦ
3379 5416 3589 5488 δειχθῇ,
3646 5410 3736 5464 καὶ

2161 5522 2270 5575 τῶν
2297 5518 2710 5594 ὀμωμοσμένων
2751 5518 2848 5571 καὶ
2885 5513 3374 5587 παραϐεϐασμένον
3407 5501 3734 5582 [παραϐεϐα-

2151 5672 2537 5726 declarandum
2565 5671 2795 5724 curavit.
2822 5669 2927 5723 Sed
2955 5665 3292 5721 Artahasdns
3323 5662 3545 5717 demum
3597 5652 3731 5726 bello

2144 5723 2439 5847 oppressus
2476 5723 2597 5796 fuit.
2624 5741 2942 5812 Thcopitalt.
2971 5736 3171 5793 Chron.
3208 5736 3293 5791 ω.
3322 5731 3496 5789 Paris.
3528 5745 3578 5798 p.
3606 5723 3724 5780 sta.

2147 5825 2197 5866 et
2239 5831 2362 5866 ος)...
