4050 6442
417 404 527 472 341

1135 418 1769 485 ANTIRRHETICUS
1815 426 1876 485 II
1923 428 2096 489 ADV.
2138 402 2735 489 CONSTANTINUNI
2773 425 2985 486 COPR.

3578 421 3688 487 342

421 520 664 608 σμένων]
699 522 757 576 τὸ
785 522 981 593 ψεῦδος
994 505 1286 601 Ἑλεγχθῇ,
1319 530 1354 602 ἢ
1389 549 1450 585 τε
1482 532 1794 605 ὑπόκρισις,
1848 537 1943 591 καὶ
1972 541 2001 594 ὁ

2126 552 2325 608 gnaros
2369 535 2545 592 illusio
2570 538 2956 591 innotesceret.
2982 532 3121 601 Quid
3150 541 3333 587 autem
3358 543 3438 587 est
3462 533 3602 601 quod
3622 534 3690 586 tle

416 607 594 674 δόλος,
645 615 743 667 καὶ
786 618 816 669 ὁ
854 618 990 689 πρδς
1048 621 1175 685 τοὺς
1228 621 1556 690 ἀγνοοῦντας
1610 629 2016 700 ιραινακισμδς,¹

418 704 731 776 κατάδηλος
775 708 1028 781 γένηται.
1062 712 1128 765 Τί
1165 712 1224 769 δὲ
1258 714 1324 787 δὴ
1366 715 1528 771 τοῦτὸ
1577 720 1750 786 ἐστιν,
1798 721 1881 776 ὅτι
1911 727 2004 778 καὶ

416 794 607 864 λέγειν
642 797 770 868 περί
814 815 896 868 γε,
928 799 1043 854 τῶν
1068 802 1247 857 ἄλλων
1296 806 1528 862 εἰκόνων
1578 806 1865 879 βούλοιτο;
1906 816 2009 873 καὶ,

413 888 601 976 ὁποῖοι
629 888 718 960 δὴ,
748 890 844 956 οὒς
893 895 1183 963 προάγειν⁸
1209 896 1386 952 ἐθέλοι
1435 900 1709 969 σκοπούς;
1750 902 1871 958 Ὀτι
1906 905 2005 976 μὲν

414 974 566 1034 εῖναι
619 983 823 1054 πολλὴν
856 987 1243 1058 τερατολογίαν
1276 991 1372 1045 καὶ
1412 991 1686 1064 φλυαρίαν
1736 996 1880 1050 κατά
1906 974 2006 1069 τῆς

414 1072 520 1127 τοῦ
564 1075 703 1135 Θεοῦ
735 1077 914 1146 Λόγου
944 1081 1417 1154 ἑνανθρωπὴσεως
1440 1083 1736 1155 ὲξυφάνας,
1781 1088 1874 1141 ἐπὶ
1904 1088 2005 1161 τὴν

419 1169 717 1236 παροινίαν
756 1170 856 1244 τὴν
881 1175 962 1239 είς
990 1175 1057 1228 τά
1083 1176 1193 1231 τῶν
1240 1177 1414 1246 ἁγίων
1465 1180 1588 1250 ίερά
1636 1181 2006 1253 ὑπομνήματα

418 1258 801 1332 παρώρμηται
847 1263 1146 1330 δυσσεϐῶς,
1202 1267 1368 1341 παντί
1398 1285 1475 1340 τῳ
1508 1269 1710 1340 σαφές·
1769 1275 1863 1326 καὶ
1900 1272 2008 1345 πρὸ

416 1351 634 1408 τούτων
680 1372 766 1424 γε,
802 1357 896 1411 ἐπὶ
943 1356 1013 1412 τὰ
1055 1358 1154 1430 τῆς
1201 1360 1517 1432 πρωτίστης
1546 1362 1654 1417 τῶν
1687 1363 1879 1433 ἀγίων,
1912 1365 2008 1419 καὶ

420 1443 650 1498 πάντων
697 1444 807 1499 τῶν
839 1446 899 1500 ἐν
920 1450 987 1520 τῇ
1022 1449 1201 1503 κτίσει
1231 1450 1533 1507 τελούντων
1563 1453 1881 1527 ὐπερτάτης
1906 1454 2007 1525 τῆς

416 1535 701 1604 παναγίας
723 1538 1026 1610 Δεσποίνης
1051 1542 1084 1610 ὴ
1094 1542 1212 1611 μῶν
1240 1541 1604 1616 Θεομήτορος,
1642 1546 1730 1603 ἵνα
1764 1548 1858 1601 καὶ
1905 1548 2007 1605 αὑ-

420 1625 524 1696 τὴν
545 1626 625 1698 τῷ
648 1627 899 1698 τεχθέντι
926 1632 1370 1708 συγκαθυϐρίσῃ.

497 1718 656 1780 Τίνες
689 1719 745 1772 δὲ
774 1721 825 1772 oi
855 1723 1051 1776 σκοποὶ
1073 1725 1175 1795 τῆς
1205 1724 1534 1797 θεοστυγοῦς
1581 1730 1676 1783 καὶ
1711 1730 1872 1784 ἀθέου
1905 1729 2007 1799 ψυ-

421 1804 529 1879 χῆς
578 1810 815 1881 ἐκείνης,
853 1814 1055 1869 εἰδέναι
1086 1816 1287 1870 καλόν·
1329 1819 1403 1889 μὴ
1448 1820 1669 1895 γὰρθδὴ
1727 1822 2008 1876 κάνταῦθα

421 1902 486 1954 τὸ
516 1902 804 1974 ἄγραπτον
833 1907 929 1961 καὶ
962 1908 1385 1982 ἀπερίγραπτον
1414 1914 1759 1983 προάγεσθαι
1802 1913 2006 1981 ἔδοξεν,
2038 1896 2082 1951 Β

421 1995 457 2066 ἢ
493 1995 557 2049 τὸ
588 1997 810 2052 διπλοῦν
837 2001 962 2065 τοὺς
988 2002 1203 2071 ἀγίους,
1245 2006 1311 2059 ὲκ
1352 2006 1605 2078 Θεότητος
1636 2008 1878 2062 ὑποστὰν
1911 2009 2008 2063 καὶ

422 2086 889 2160 ἀνθρωπὸτητος;
923 2092 997 2146 "H
1027 2095 1170 2165 τάχα
1222 2113 1326 2150 που
1382 2097 1726 2167 ὲννενόηκεν,
1777 2099 1916 2172 ὅπερ
1960 2099 2010 2153 οί

370 2246 375 2247 γ
423 2179 671 2250 χρῶντες
718 2184 815 2236 καὶ
861 2184 1091 2253 ἄγοντες
1133 2187 1530 2258 ὲμπνεύσειαν,
1559 2190 1634 2254 ὡς
1665 2190 1731 2259 δὴ
1762 2191 1858 2245 καὶ
1901 2189 2012 2246 τῶν

425 2269 605 2336 ἁγίων
639 2272 874 2326 ἑκάστου
909 2274 1076 2346 διπλῆ
1103 2293 1188 2342 τις
1212 2278 1244 2348 ἠ
1276 2278 1598 2344 ὑπόστασις,
1627 2283 1691 2334 ὲκ
1711 2279 1892 2352 ψυχῆς
1919 2282 2013 2335 καὶ

427 2359 687 2429 σώματος
714 2355 848 2416 οὖσα
892 2363 1195 2435 ἐτύγχανες
1236 2368 1333 2421 καὶ
1382 2367 1568 2422 εῐποτε
1611 2370 2011 2440 γραφήσονται,

426 2451 528 2503 καὶ
556 2453 590 2523 ἡ
621 2451 769 2525 ψυχὴ
821 2459 1278 2528 συγγραφήσεται
1333 2460 1429 2513 καὶ
1476 2461 2014 2534 συνεικονισθήσεται

426 2541 491 2607 ἐξ
546 2545 825 2617 ἀνάγκης·
880 2546 915 2616 ἢ
966 2549 1243 2620 διεστήξει
1296 2552 1392 2605 τοῦ
1449 2536 1709 2624 σώματος
1760 2555 1793 2624 ἡ
1841 2554 2014 2609 πάλαι

426 2634 828 2709 ἀπηλλαγμένη
881 2640 979 2693 τοῦ
1031 2641 1311 2712 σώματος.
1356 2644 1470 2698 Καὶ
1517 2642 1598 2709 οἷς
1651 2645 2016 2718 ληρῳδήμασι

428 2729 527 2780 καὶ
564 2727 850 2799 πλάσμασι
899 2731 1163 2805 περὶτῆς
1210 2734 1354 2788 κατά
1382 2736 1618 2809 Χριστὸν
1663 2736 2019 2803 ὑποστάσεως

428 2818 728 2888 ἐχρήσατο,
778 2821 875 2875 καὶ
922 2821 1017 2875 ὲπὶ
1066 2822 1180 2894 τῶν
1217 2824 1392 2892 ἁγίων
1450 2825 1826 2896 κενολογήσει.
1871 2826 2015 2882 Ἀλλ’

427 2910 558 2963 ὅσον
587 2910 647 2975 ἐξ
672 2903 748 2964 ὧν
776 2911 926 2976 ἔλεξέ
959 2930 1023 2967 τε
1073 2916 1171 2969 καὶ⁸
1199 2915 1429 2987 ἔδρασεν
1454 2915 1837 2983 ὲπαισθέσθαι,
1889 2919 2018 2987 τρὺς

430 3003 674 3065 σκοποὺς
745 3003 993 3068 ἐκείνους
1062 3005 1527 3076 διαγινώσκεσθαι
1598 3007 1660 3060 οὗ
1732 2978 2015 3078 δυσχερΙές.

440 3094 666 3165 Ἐπειδὴ
700 3095 809 3168 γὰρ
855 3097 1014 3151 οὐδέν
1065 3099 1183 3154 ἐστι
1220 3098 1427 3170 φαῦλον
1465 3100 1557 3154 καὶ
1582 3100 1846 3164 δυσσεϐὲς
1887 3099 1915 3153 ὃ
1943 3101 2017 3173 μὴ

429 3187 578 3241 κατά
616 3188 715 3258 τῆς
756 3187 910 3254 θείας
943 3188 1101 3260 δόξης
1142 3193 1239 3245 καὶ
1266 3192 1378 3246 τῶν
1431 3191 1609 3262 ἁγίων
1646 3193 2013 3264 μεμελέτηκε,

429 3280 529 3333 καὶ
552 3280 706 3333 οὐδὲν
732 3282 1090 3354 ἀνοσιουργὺν
1119 3284 1214 3337 καὶ
1242 3277 1596 3339 ἀτοπώτατον
1639 3284 1667 3338 δ
1698 3284 1775 3357 μὴ
1806 3286 1865 3337 ὲν
1895 3284 2019 3338 τού-

428 3387 547 3435 τοις
564 3372 974 3445 κατεπράξατο,
993 3374 1148 3428 οὐδὲν
1165 3376 1563 3430 ἀκαταιτίατον
1575 3375 1671 3429 καὶ
1693 3375 2021 3446 ἀδιάϐλητον

428 3463 524 3516 ἐπὶ
558 3463 666 3517 τῶν
697 3464 795 3534 τῆς
832 3464 1073 3528 πίστεως
1102 3465 1261 3535 ἡμῶν
1308 3467 1412 3536 τῆς
1446 3464 1726 3530 ἀπλανοῦς
1781 3465 2020 3520 καταλέ-

430 3556 610 3622 λοιπε,
637 3556 729 3610 διά
762 3557 923 3610 τοῦτο
952 3559 1172 3628 πρῶτον
1203 3558 1302 3629 μὲν
1329 3559 1680 3632 ἀποκηρῦξαι
1710 3558 1886 3631 τολμᾷ
1917 3556 2021 3630 τὴν

432 3650 725 3717 Θεοτόκος
766 3650 953 3723 φωνὴν
992 3652 1087 3705 καὶ
1118 3652 1356 3723 πάμπαν
1389 3654 1455 3706 ὲκ
1486 3653 1587 3724 τῆς
1609 3652 1716 3707 τῶν
1751 3653 2021 3724 Χριστια-

430 3743 539 3795 νῶν
566 3740 822 3815 γλώσσης
855 3744 1153 3815 περιελεῖν.
1195 3745 1308 3800 Καὶ
1354 3746 1464 3817 γὰρ
1492 3744 1693 3816 ἤχθετο
1745 3743 1868 3799 λίαν
1924 3743 2022 3799 καὶ

430 3834 738 3903 ὴγανάκτει
768 3838 861 3889 ἐπὶ
885 3839 954 3908 τῇ
987 3837 1083 3890 τοῦ
1119 3837 1386 3909 ὀνόματος
1423 3836 1736 3908 ἐπικλήσει,
1768 3838 1909 3909 ὅπερ
1951 3831 2023 3907 ἦν

430 3927 791 3996 Χριστιανοίς
827 3927 1082 3997 σύνηθες,
1114 3929 1200 3998 ἐφ’
1240 3922 1284 3997 ᾧ
1321 3928 1420 3982 καὶ
1472 3927 1761 3993 Ἰουδαίους
1803 3928 2022 3999 ὁρῶμεν

432 4020 521 4072 ἀεὶ
547 4018 1028 4090 δυσχεραίνοντας.
1069 4020 1306 4074 Ἔπειτα
1332 4019 1760 4092 παραχαράσσει
1789 4019 1886 4073 καὶ
1917 4036 2022 4072 πα-

435 4113 751 4182 ραποιείται
798 4111 902 4165 ὅσα
940 4111 1034 4165 ἐπὶ
1068 4111 1146 4182 τῷ
1180 4111 1409 4182 ὀνόματι
1445 4112 1620 4183 αὐτῆς
1655 4110 2021 4183 ἐπεκέκλητο,

433 4204 534 4257 καὶ
569 4204 627 4257 ὲν
661 4203 837 4268 λιταῖς
865 4203 1004 4274 πρὸς
1032 4203 1128 4257 τὸν
1160 4204 1427 4275 τεχθέντα
1474 4204 1533 4272 ἐξ
1570 4204 1742 4277 αὐτῆς
1774 4204 1870 4258 καὶ
1898 4204 2025 4278 δεή-

435 4311 589 4348 σεσιν
619 4296 677 4350 ὲν
705 4294 946 4367 ᾅσμασιν
974 4295 1062 4351 ἀεὶ
1088 4295 1405 4364 ἀνεφώνουν
1430 4296 1572 4367 ὑπὲρ
1598 4297 1700 4367 τῆς
1722 4294 1817 4350 τοῦ
1841 4294 2022 4353 κοινοῦ

439 4387 641 4451 παντὸς
670 4387 948 4459 σωτηρίας
976 4389 1027 4441 οί
1059 4388 1327 4460 δεόμενοι.
1375 4388 1530 4442 Ἐπεὶ
1551 4388 1928 4460 ὁμολογοῦμέν
1961 4405 2024 4445 τε

436 4480 537 4534 καὶ
586 4480 961 4551 κηρύσσομεν,
1009 4481 1294 4551 μεσιτείαν
1325 4481 1497 4553 αὐτὴν
1548 4481 1643 4536 καὶ
1682 4480 2025 4554 προστασίαν

2105 629 2318 684 ueteris
2362 628 2685 698 imaginibus
2751 626 2932 682 dicere
2996 625 3197 679 vellet?
3261 639 3469 695 quasve
3507 632 3690 677 mente

2106 720 2325 775 molitur
2371 717 2846 774 machinationes?
2892 715 3161 770 Nimirum
3222 722 3511 783 postquam
3564 728 3688 781 por-

2107 820 2253 867 tenta
2275 811 2439 867 multa
2472 810 2814 882 iueptiasque
2851 810 3115 863 adversus
3144 806 3242 862 Dei
3280 804 3445 860 Verbi
3504 806 3686 859 incar-

2107 906 2382 979 nationem
2432 903 2793 966 contexuerit,
2847 900 2915 955 ad
2961 898 3242 954 vesaniam
3294 913 3447 951 suam
3495 901 3687 967 contra

2107 1006 2413 1052 sanctorum
2437 995 2601 1051 etiam
2652 1000 3002 1049 monumenta
3047 990 3212 1061 impie
3255 988 3680 1059 expromendam

2106 1087 2487 1151 decursurum,
2527 1086 2630 1156 71
2663 1083 2874 1139 cunctis
2911 1089 2996 1137 est
3043 1081 3390 1150 exploratum
3447 1091 3465 1132 :
3524 1086 3688 1141 atque

2107 1179 2163 1235 in
2196 1178 2385 1249 primis
2413 1178 2675 1232 adversus
2708 1185 3023 1231 sanctorum
3055 1173 3391 1244 praecipuam
3427 1177 3482 1223 et
3531 1181 3682 1221 crea-

2111 1283 2356 1326 turarum
2380 1267 2624 1325 omnium
2654 1267 3100 1323 sublimissimam
3131 1265 3417 1321 Dominam
3438 1269 3688 1319 nostram

2109 1360 2507 1417 sanctissimam
2566 1358 2659 1414 Dei
2702 1358 2927 1413 Matrem
2969 1356 3107 1428 (80),
3159 1364 3218 1410 ut
3269 1364 3324 1410 et
3358 1355 3533 1424 ipsam
3562 1365 3690 1405 cum

2108 1452 2247 1513 Filio
2274 1468 2373 1512 suo
2399 1451 2747 1511 contumeliis
2780 1451 3045 1523 exagitet.

2179 1735 2437 1803 Quaenam
2466 1746 2596 1789 vero
2623 1731 2733 1787 Deo
2756 1729 2975 1784 odibilis
3003 1727 3288 1797 atheaeque
3315 1722 3463 1779 illius
3497 1721 3704 1776 animae

2111 1829 2335 1885 consilia
2358 1828 2491 1893 sint,
2517 1841 2697 1896 Operae
2738 1823 2970 1895 pretium
3000 1831 3086 1878 est
3119 1834 3451 1892 cognoscere
3492 1834 3504 1872 :
3562 1830 3695 1870 num

2111 1921 2321 1976 scilicet
2361 1919 2454 1974 hic
2479 1931 2697 1991 quoque
2739 1914 3132 1984 indescriptum
3160 1923 3218 1968 et
3264 1908 3683 1989 incircumscri-

2111 2023 2261 2084 ptum
2280 2025 2547 2081 oggerere
2568 2008 2732 2076 velit;
2764 2007 2847 2063 vel
2865 1991 3182 2062 sanctorum
3209 2003 3693 2074 duplicitatem,“

2112 2104 2313 2161 deitate
2340 2100 2593 2156 nimirum
2615 2109 2670 2153 et
2695 2098 3070 2154 humanitate?
3096 2095 3189 2150 Vel
3224 2094 3459 2149 fortasse
3497 2103 3687 2146 mente

2115 2193 2380 2256 revolvat,
2413 2191 2558 2261 quod
2590 2190 2708 2259 ejus
2743 2187 3044 2242 familiares
3092 2200 3156 2239 ac
3204 2184 3377 2239 duces
3407 2183 3456 2237 ei
3489 2180 3695 2243 alllaut,
3745 2239 3751 2245 ,

2116 2301 2310 2357 nempe
2355 2292 2669 2342 sanctorum
2708 2294 2923 2351 quoque
2959 2278 3231 2352 duplicem
3277 2287 3403 2331 esse
3440 2274 3697 2329 substan-

2115 2377 2270 2441 tiam,
2298 2389 2363 2429 εχ
2394 2372 2575 2426 anima
2601 2380 2655 2425 et
2674 2383 2943 2438 corpore;
2973 2383 3080 2438 quo
3115 2367 3175 2421 fit
3197 2407 3212 2433 ,
3261 2374 3322 2419 ut
3378 2363 3426 2419 si
3476 2363 3528 2418 bi
3568 2365 3691 2431 pin-

2115 2477 2332 2541 gantur,
2367 2465 2547 2519 anima
2574 2475 2790 2534 quoque
2824 2476 2944 2516 cum
2979 2460 3048 2514 iis
3066 2456 3381 2515 necessario
3423 2452 3695 2525 pingendi

2116 2562 2187 2619 sit
2212 2556 2585 2630 etliguranda,
2623 2554 2708 2609 vel
2735 2561 2884 2609 certe
2914 2551 3003 2606 illa
3026 2566 3055 2605 a
3083 2563 3315 2619 corpore
3343 2549 3415 2603 sit
3440 2545 3697 2602 ablutura

2117 2664 2237 2721 qua:
2265 2647 2469 2717 jamdiu
2498 2659 2564 2699 ex
2596 2645 2784 2699 eodem
2829 2639 3088 2699 excessit.
3150 2640 3327 2705 Atque
3384 2636 3454 2690 ita
3496 2633 3695 2704 quibus

2120 2740 2334 2812 ineptiis
2362 2737 2666 2806 l'abulisque
2688 2734 2835 2789 circa
2865 2731 3070 2788 Christi
3109 2729 3446 2801 Itypostasim
3490 2726 3696 2780 abusus

2116 2842 2219 2898 est,
2261 2829 2480 2885 easdem
2511 2829 2654 2883 circa
2680 2835 2900 2880 sanctos
2924 2836 3140 2893 quoque
3167 2834 3303 2875 vane
3331 2818 3560 2875 eﬂ'utiet.
3588 2815 3701 2870 Sed

2120 2932 2381 2994 quantum
2405 2936 2470 2977 ex
2507 2921 2575 2975 iis
2604 2933 2725 2989 qua:
2752 2915 2891 2970 dixit
2921 2915 3141 2986 egitque
3179 2909 3544 2983 portenditur,
3580 2921 3701 2960 mo-

2121 3012 2336 3067 litiones
2360 3009 2477 3079 ejus
2502 3020 2833 3080 cognoscere
2872 3019 2979 3059 non
3015 3015 3097 3059 est
3127 3003 3380 3057 arduum.
3407 2996 3543 3053 Nam
3574 2998 3704 3067 quia

2122 3103 2256 3160 nihil
2275 3111 2360 3157 est
2397 3115 2623 3172 pravum
2666 3113 2729 3153 ac
2762 3098 3027 3167 impium,
3064 3094 3206 3166 quod
3262 3092 3529 3147 adversus
3558 3089 3701 3143 divi-

2123 3212 2249 3252 nam
2281 3194 2616 3265 majestatem
2660 3201 2991 3259 sanctosque
3040 3202 3148 3242 non
3185 3186 3258 3240 sit
3309 3183 3700 3246 machinatus;

2122 3286 2257 3343 nihil
2283 3286 2570 3341 scelestum
2605 3292 2659 3339 et
2707 3282 2987 3353 indignum
3020 3278 3165 3350 quod
3215 3277 3318 3332 hoc
3371 3276 3425 3329 in
3483 3274 3717 3342 negotio.

2122 3394 2229 3434 non
2258 3376 2690 3448 perpetraverit;
2717 3386 2953 3443 cumque
2981 3370 3120 3426 nihil
3166 3370 3289 3425 sine
3312 3360 3582 3434 vituperio
3639 3380 3709 3425 an

2121 3468 2547 3539 reprehensione
2588 3467 2640 3521 in
2669 3465 2882 3520 sincera
2907 3472 3090 3518 nostra
3123 3460 3229 3517 ﬁde
3260 3458 3582 3529 reliquerit,
3616 3456 3699 3510 id.

2122 3562 2270 3618 circo
2315 3560 2548 3630 primum
2594 3551 2811 3627 quidem
2861 3552 3118 3609 abdicare
3171 3552 3335 3607 audet
3378 3546 3720 3605 vocabulum.

2123 3654 2378 3724 Deipara,
2413 3660 2581 3724 atque
2624 3648 2849 3703 omnino
2899 3661 2966 3703 ex
3006 3644 3448 3701 Christianorum
3505 3639 3708 3709 linguis

2123 3666 2378 3724 Detpara,
2413 3666 2465 3705 al
2513 3666 2581 3706 ue
2624 3666 2849 3703 omutno
2899 3666 2966 3703 ex
3006 3666 3448 3701 utrtsuauururu
3505 3666 3708 3709 Illlguu

2122 3754 2400 3803 excutere.
2434 3666 2570 3798 nam
2596 3742 2752 3798 valde
2792 3739 3052 3796 irascitur
3087 3752 3150 3793 ae
3204 3737 3586 3792 stomachatur
3640 3733 3708 3785 ad

2123 3836 2536 3905 hujusnominis
2566 3833 2988 3895 invocationem,
3020 3829 3163 3900 quod
3203 3837 3382 3882 tamen
3435 3823 3709 3879 Christia-

2124 3930 2211 3986 nis
2234 3939 2316 3984 est
2341 3927 2631 3989 fatttiliare,
2672 3933 2727 3979 et
2759 3923 2825 3978 de
2857 3938 2964 3993 quo
3000 3919 3214 3975 Judteos
3245 3918 3591 3988 indignantes
3633 3915 3713 3967 vi-

2123 4022 2336 4077 demus.
2395 4018 2601 4074 Deinde
2634 4016 2778 4072 delet
2831 4022 2888 4070 et
2930 4013 3116 4069 abolet
3154 4022 3498 4082 quacunque
3529 4008 3583 4061 in
3614 4023 3714 4059 nu-

2124 4113 2272 4169 mine
2293 4111 2413 4182 ejus
2458 4108 2849 4172 implorantur,
2887 4117 3115 4174 qumque
3150 4105 3207 4158 in
3248 4100 3457 4157 litaniis
3493 4099 3559 4151 ad
3595 4098 3720 4168 ejus

2124 4196 2347 4263 Filium,
2383 4196 2748 4267 precibusque
2805 4201 2862 4249 et
2915 4191 3148 4253 canticis
3199 4189 3417 4245 assidue
3474 4187 3716 4244 clamant

2124 4305 2226 4361 pro
2258 4287 2532 4345 communi
2581 4285 2760 4342 salute
2796 4284 2833 4340 ii
2882 4284 2976 4354 qui
3022 4292 3205 4339 orant.
3256 4281 3717 4351 Quandoquidem

2125 4382 2449 4454 profitemur
2477 4385 2534 4435 et
2579 4376 2945 4448 prmdicamus
3004 4373 3379 4428 mediatricem
3432 4388 3555 4426 eam
3593 4386 3717 4426 esse

2127 4471 2473 4540 validamque
2506 4468 2647 4539 apud
2698 4467 2892 4522 Filium
2937 4475 3244 4536 patronam,
3272 4465 3344 4519 ob
3395 4479 3550 4518 suam
3603 4455 3719 4517 ma-

436 4572 657 4643 ἀσφαλῆ
709 4572 848 4646 πρὸς
908 4575 1071 4628 αὐτὸν
1125 4574 1451 4646 κεκτῆσθαι,
1517 4574 1583 4629 δι’
1622 4575 1690 4645 ἣν
1749 4574 2018 4647 μητρικὴν

2135 4565 2272 4620 terni
2307 4561 2487 4617 meriti
2513 4560 2764 4616 ﬁduciam
2782 4558 2917 4630 (8|).
2961 4558 3207 4627 Denique
3254 4570 3445 4626 preces
3484 4554 3551 4608 ad
3591 4568 3712 4608 eam

438 4665 757 4737 παρρησίαν
808 4664 942 4737 ἔχει.
992 4666 1104 4720 Καὶ
1142 4666 1331 4721 τέλεον
1376 4668 1477 4733 τὰς
1515 4667 1815 4739 πρεσϐείας
1850 4666 2025 4738 αὐτῆς

438 4756 823 4821 ἀπαναίνεται,
869 4756 931 4822 ἐξ
960 4749 1186 4825 ὧνποῖς
1212 4759 1529 4830 δεχομένοις
1558 4758 1714 4814 αἰκία
1742 4759 1804 4812 οὐ
1847 4756 2025 4828 μικρά

437 4846 472 4916 ἦ
510 4846 636 4919 δίκη
660 4848 961 4921 ἐπήρτητο.
996 4849 1111 4902 Καὶ
1135 4849 1189 4901 τί
1221 4848 1329 4921 χρὴ
1360 4851 1429 4905 τὰ
1459 4850 1798 4905 καθέκαστον
1818 4849 2021 4919 λέγειν,

442 4938 584 5010 μηδὲ
647 4940 870 5011 μνήμην
934 4938 1191 5012 ὁπωσοῦν
1238 4941 1332 4994 τοῦ
1397 4942 1662 5012 ὀνόματος
1708 4941 2027 5011 ἐγγίνεσθαι

440 5031 700 5099 πώποτε;
732 5033 868 5104 Περὶ
900 5032 1008 5106 γὰρ
1039 5032 1150 5086 τῶν
1197 5033 1373 5088 ἄλλων
1405 5033 1578 5102 ἁγίων
1608 5032 1660 5087 τί
1692 5032 1778 5087 δεῖ
1814 5033 2027 5105 μακρό-

439 5142 603 5195 τερον
651 5125 912 5190 διεξιέναι
962 5126 1033 5180 τά
1095 5124 1228 5192 νῦν;
1275 5127 1350 5181 Οὐ
1397 5126 1507 5199 γάρ
1556 5126 1736 5196 λόγοις
1789 5126 2030 5198 ἀνιέροις

442 5214 802 5286 ὲκφαυλίζειν
845 5219 940 5275 καὶ
967 5219 1358 5273 ἀποσκώπτειν
1382 5219 1458 5284 ὡς
1484 5219 1745 5291 αἴσχιστα
1781 5219 2031 5291 ἀποχρῆν

440 5312 697 5381 ⁴ἡγήσατο
730 5309 915 5381 μόνον,
951 5310 1096 5385 αἶ)τά
1120 5310 1179 5369 δὲ
1207 5311 1278 5366 τὰ
1315 5310 1437 5381 ἱερὰ
1458 5313 1553 5366 καὶ
1594 5311 1873 5377 σεϐάσμια
1904 5310 2031 5365 τού-

441 5418 555 5456 των
579 5401 1017 5472 λείψανα,πυρὺς
1045 5403 1295 5473 δαπάνην
1320 5404 1594 5474 πεποίηκε
1612 5404 1708 5458 καὶ
1737 5404 2028 5473 ἀνάλωμα.

516 5501 578 5551 ε’.
627 5495 782 5549 Ἐπεὶ
806 5495 865 5549 δὲ
900 5494 1049 5563 ἀπαξ
1080 5495 1303 5567 Χριστῷ
1339 5496 1434 5550 καὶ
1474 5497 1825 5570 Χριστιανοῖς
1854 5493 2028 5549 ἀπασι

519 5690 634 5763 (80)
660 5691 737 5747 De
772 5691 1050 5764 vocabulis
1082 5691 1345 5756 Θεοτόκος
1372 5693 1759 5764 οι.Θεομήτωρ
1794 5693 1937 5755 vide,
1968 5692 2015 5746 si

447 5761 650 5826 vat-at,
699 5778 818 5828 qua:
879 5763 932 5815 in
991 5761 1098 5816 alio
1165 5764 1437 5817 volumine
1485 5761 1582 5817 nos
1629 5761 2017 5817 adnotavimus

451 5833 518 5888 ad
545 5834 718 5888 sancti
752 5832 938 5903 Cyrilli
963 5842 1257 5888 tractatum
1282 5834 1345 5889 de
1385 5834 1609 5902 Dcipara
1640 5848 1693 5901 p.
1739 5834 1856 5889 ltlD.

2131 4672 2353 4728 prorsus
2368 4655 2485 4710 fieri
2515 4660 2698 4718 vetat,
2743 4668 2880 4728 quas
2907 4654 2951 4708 si
2985 4651 3075 4721 qui
3106 4648 3459 4705 nihilominus
3486 4647 3714 4711 facium,

2134 4769 2240 4809 non
2273 4748 2563 4806 mediocris
2588 4759 2749 4816 paena
2788 4754 2952 4815 atque
3003 4743 3137 4798 ultio
3189 4739 3542 4812 impendebit.
3608 4738 3719 4794 Sed

2133 4845 2264 4916 quid
2316 4857 2451 4914 opus
2498 4849 2585 4898 est
2631 4831 2843 4910 sing‘ula
2876 4834 3155 4908 persequi,
3202 4849 3325 4890 eum
3382 4849 3450 4887 ne
3513 4846 3712 4887 nomen

2133 4935 2353 5013 quidem
2407 4933 2552 4988 illius
2604 4928 2901 4985 memorari
2952 4943 3178 4998 usquam
3221 4924 3394 4981 velit?
3422 4922 3545 4986 lam
3569 4936 3624 4977 et
3654 4924 3722 4979 de

2135 5027 2349 5083 caneris
2376 5023 2583 5081 sanctis
2618 5038 2716 5079 cur
2743 5024 2795 5077 in
2821 5019 3078 5093 praesenti
3113 5018 3443 5085 loquendum
3465 5017 3539 5070 sit
3561 5014 3724 5069 ἳΝοιι

2137 5120 2282 5175 enim
2310 5133 2406 5174 eos
2424 5117 2701 5188 sacrilegis
2739 5113 3118 5170 tantummodo
3151 5111 3332 5167 verbis
3366 5123 3627 5178 spernere
3665 5119 3724 5163 et

2142 5210 2371 5266 irridere
2397 5210 2704 5279 turpissime
2726 5217 3016 5282 contentus
3057 5204 3157 5258 Fuit
3182 5242 3199 5268 ,
3234 5202 3328 5257 sed
3362 5204 3507 5272 ipsas
3528 5214 3720 5256 sacras

2138 5304 2586 5371 veneramlasque
2617 5301 2829 5355 illorum
2860 5297 3117 5367 reliquias
3150 5296 3202 5350 in
3229 5296 3410 5365 ignem
3438 5293 3720 5362 conjectas

2137 5377 2494 5464 consumpsit.
3292 5440 3297 5445 .

2208 5490 2265 5545 5.
2295 5489 2583 5559 Postquam
2629 5502 2757 5541 vero
2805 5485 2977 5541 semel
3031 5483 3251 5540 Christo
3300 5492 3357 5537 et
3388 5480 3721 5541 Christianis

2203 5688 2316 5760 (8|)
2351 5687 2549 5743 Recole
2589 5701 2619 5741 a
2653 5686 2810 5760 nobis
2860 5685 3100 5760 dictain
3155 5685 3340 5741 adnot.
3396 5684 3464 5740 ad
3524 5680 3721 5739 Antir-

2129 5757 2396 5816 rhcticum
2429 5760 2468 5824 ι,
2502 5761 2626 5830 (col.
2658 5758 2787 5823 2l7,
2825 5769 2937 5812 not.
2974 5757 3081 5825 11).
