4050 6488
1141 302 1164 338 Ι

387 389 491 451 3ἱ3

1410 394 1471 454 S.
1511 394 1930 457 NICEPHORI
1974 398 2478 458 PATRIABCHE
2516 398 2619 461 (ΖΡ.

3557 393 3666 459 344

385 505 638 557 omnibus
695 504 868 560 hostis
907 505 1135 572 exstitit,
1165 506 1583 580 divinarumque
1613 511 1794 581 legum
1836 527 1952 567 cou-

2073 512 2327 582 πολέμιος
2366 514 2588 581 γέγονε,
2620 514 2732 566 τῶν
2778 529 2838 566 τε
2881 504 3043 566 θείων
3100 511 3281 582 νόμων
3331 495 3664 582 ὑπερόπτης

387 602 642 664 temptor,
675 603 730 648 et
775 608 1060 652 sacrorum
1097 613 1365 654 canonum
1400 601 1766 668 adversarius,
1803 614 1961 674 quot-

382 694 512 753 quot
539 686 605 740 ab
635 687 892 756 apostolis
920 689 1234 759 sanctisque
1268 690 1522 747 Patribns
1550 695 1679 748 editi
1712 694 1956 762 fuerunt,

381 780 604 833 decreto
633 778 777 833 cavit
806 794 873 834 ne
900 795 986 834 res
1032 780 1341 849 huiusmodi
1395 783 1446 837 in
1485 783 1709 841 basibus
1749 786 1960 842 divina-

381 883 501 923 rum
525 884 837 925 mensarum
883 874 1177 928 venerandi
1228 873 1416 930 altaris
1464 890 1563 944 pro
1612 876 1957 935 Christiano-

378 977 497 1015 rum
530 962 636 1017 ritu
668 973 1092 1033 apponerentur.
1119 964 1183 1020 Et
1205 966 1423 1034 quidem
1460 967 1703 1024 colentes
1741 984 1806 1025 ac
1835 969 1957 1025 visi-

358 1062 585 1121 ‘tantes,
616 1068 778 1126 prout
819 1056 915 1112 Dei
950 1067 1005 1113 et
1043 1067 1342 1131 martyrum
1379 1072 1654 1119 amatores
1707 1063 1953 1132 decebat,

378 1147 554 1216 capite
584 1148 1038 1217 periclitabantur
1060 1165 1079 1204 :
1105 1150 1179 1204 ita
1222 1160 1278 1206 ut
1302 1166 1402 1222 per
1426 1151 1557 1208 illud
1584 1162 1796 1225 tempus
1824 1155 1956 1211 tedi-

378 1237 534 1293 ﬁcata
561 1239 781 1308 templa,
814 1238 1019 1311 absque
1039 1241 1216 1296 sacris
1249 1243 1496 1313 reliquiis
1524 1245 1635 1299 sint
1665 1246 1910 1301 dedicata
1936 1264 1950 1302 :

376 1346 608 1401 quorum
645 1332 764 1389 loco
806 1335 1082 1402 ponebant
1107 1334 1481 1403 perfecturum
1506 1352 1534 1391 a
1567 1353 1627 1393 se
1664 1341 1954 1411 mysterio-

378 1437 498 1475 rum
533 1422 833 1490 reliquias;
872 1423 1031 1494 digna
1064 1438 1194 1494 vere
1230 1424 1345 1480 suis
1392 1427 1738 1494 dogmatibus
1784 1442 1954 1484 etcre-

376 1513 684 1584 moniisque
731 1512 1037 1581 facientes;
1073 1529 1248 1583 neque
1296 1515 1440 1571 enim
1473 1531 1569 1586 per
1603 1518 1953 1586 apostolicam

377 1603 721 1658 traditionem
755 1603 807 1657 id
839 1604 964 1659 licet
990 1604 1123 1677 (82).
1158 1605 1289 1659 Nam
1318 1608 1589 1676 quomodo
1638 1618 1953 1665 sanctorum

376 1692 634 1764 reliquias
682 1688 979 1750 honoraret
1009 1694 1307 1761 Mamonas,
1346 1697 1438 1767 qui
1473 1706 1528 1752 et
1557 1697 1837 1755 dedicatas
1880 1701 1958 1772 ip.

2062 604 2157 658 καὶ
2180 604 2288 657 τῶν
2317 603 2479 675 ἱερῶν
2500 602 2743 656 κανόνων
2766 601 3066 664 ἀντίθετος,
3086 601 3204 654 ὅσοι
3227 617 3287 655 τε
3321 599 3665 661 ἀποστόλοις

2061 693 2156 747 καὶ
2185 693 2356 757 ὁσίοις
2405 693 2690 765 Πατράσιν
2721 691 3083 756 ἐκτέθεινται,
3113 689 3419 744 τεθέσπικε
3446 688 3528 759 μὴ
3551 689 3665 743 δεῖν

2060 784 2201 841 κατὰ
2227 784 2326 848 τάς
2351 782 2671 856 ἐδραιώσεις
2720 783 2829 838 τῶν
2872 766 3033 838 θείων
3081 779 3389 853 τραπεζῶν
3434 779 3536 834 τοῦ
3571 797 3665 834 σε-

2059 877 2298 947 ϐασμίου
2328 875 2748 947 θυσιαστηρίου,
2783 873 2962 929 ταῦτα
3004 873 3149 929 κατά
3168 873 3231 927 τὸ
3247 872 3665 943 νενομισμένον

2058 969 2409 1039 Χριπιανοίς
2449 966 2890 1022 ἐναποτίθεσθαι.
2945 966 3059 1021 Kal
3100 965 3211 1036 γὰρ
3254 967 3379 1029 τοῖς
3433 963 3664 1018 σέϐουσι

2059 1065 2155 1115 καὶ
2172 1059 2548 1134 περιέπουσιν,
2566 1060 2639 1123 ὡς
2657 1058 2809 1129 ἐξῆν,
2836 1056 3110 1128 φιλοθέοις
3128 1056 3224 1112 καί
3245 1054 3662 1127 φιλομάρτυσι,

2059 1152 2188 1224 περί
2218 1151 2327 1205 τῶν
2354 1150 2601 1221 ἐσχάτων
2637 1151 2887 1222 ὑπῆρχεν
2921 1150 2952 1203 ό
2978 1149 3223 1213 κίνδυνος
3241 1164 3255 1181 ·
3289 1146 3449 1202 ὥστε
3477 1146 3580 1201 καὶ
3607 1147 3662 1200 οἰ

2057 1242 2200 1298 κατὰ
2227 1242 2321 1296 τὸν
2349 1242 2542 1315 χρόνον
2592 1240 2686 1295 τὸν
2730 1240 2945 1294 ἐκείνου
2983 1238 3317 1310 δομούμενοι
3353 1238 3509 1303 ναοὶ,
3544 1237 3665 1291 λει-

2055 1335 2242 1407 ψάνων
2263 1335 2391 1390 ἀνευ
2425 1334 2597 1402 ἁγίων
2627 1331 3021 1404 καθιεροῦσθαι
3043 1330 3261 1397 ἔδοξαν*
3287 1328 3664 1385 ἀντετίθεσαν

2055 1428 2164 1501 γὰρ
2185 1426 2297 1480 τῶν
2320 1427 2452 1498 παρ’
2470 1418 2651 1479 αὐτῶν
2670 1423 3016 1494 τελουμένων
3043 1423 3369 1493 μυστηρίων
3393 1420 3658 1492 λείψανα,

2056 1516 2183 1583 ἄξια
2216 1518 2294 1582 ὡς
2323 1515 2540 1587 ἀληθῶς
2568 1516 2680 1569 τῶν
2707 1515 2930 1569 οἰκείων
2961 1513 3253 1582 δογμάτων
3288 1511 3393 1566 καὶ
3414 1511 3659 1566 τελετῶν

2059 1609 2396 1681 πράσσοντες
2426 1623 2441 1637 ·
2483 1608 2543 1660 ού
2570 1607 2678 1678 γὰρ
2712 1604 2937 1676 θεμιτὸν
2988 1607 3054 1675 τῇ
3087 1601 3432 1673 ἀποστολικῇ
3470 1619 3657 1673 παρα-

2055 1700 2203 1755 δόσει
2254 1698 2436 1753 τοῦτο.
2477 1697 2602 1762 Πῶς
2647 1697 2757 1769 γὰρ
2806 1697 2973 1769 τιμᾷν
3019 1693 3286 1765 ἔμελλεν,
3319 1694 3384 1756 ὃς
3438 1709 3506 1762 γε
3561 1695 3660 1747 καὶ

375 1800 558 1838 surum
596 1787 905 1841 nominibus
934 1800 1118 1842 sacras
1156 1787 1323 1852 mdes,
1354 1803 1451 1859 pro
1484 1804 1581 1843 sua
1618 1790 1952 1859 impudentia

2055 1793 2184 1856 τοὺς
2212 1791 2543 1861 ἐπωνύμους
2584 1788 2767 1845 αὐτῶν
2801 1787 2981 1859 ἰεροὺς
3006 1786 3211 1852 οἴκους,
3252 1783 3534 1856 αὐθαδείᾳ
3561 1787 3659 1838 καὶ

371 1887 428 1931 et
463 1880 688 1933 au..'acia
713 1919 728 1943 ,
766 1879 928 1949 impie
984 1880 1199 1936 subruit
1245 1891 1299 1935 et
1325 1883 1516 1937 evertit
1543 1925 1558 1947 ,
1601 1898 1735 1952 quas
1774 1894 1952 1941 tamen

2056 1882 2357 1955 θρασύτητι
2380 1859 2686 1953 χρώμενος,
2719 1880 2875 1935 ἀθεεὶ
2902 1877 3134 1950 διώρυξὲ
3150 1894 3212 1931 τε
3240 1877 3339 1931 καὶ
3365 1878 3659 1947 περιέτρε-
3710 1870 3713 1874 ’

372 1970 477 2023 title
502 1980 556 2023 et
591 1970 848 2041 religione
875 1961 1103 2039 permoti
1142 1971 1455 2043 superiores
1496 1972 1796 2029 Christiani
1835 1988 1956 2030 ere-

372 2060 809 2130 xerant-imque
834 2076 928 2116 eas
966 2063 1240 2132 praecipue
1289 2063 1476 2129 diruit,
1510 2057 1610 2119 "ubi
1661 2080 1833 2121 sacra:
1859 2080 1953 2121 ve-

373 2154 736 2218 noranquue
806 2163 1125 2210 sanctorum
1186 2168 1273 2208 res
1324 2155 1613 2228 descripta:
1650 2166 1839 2221 erant,
1901 2166 1954 2214 et

372 2242 479 2312 72
529 2242 783 2312 pretiosa:
822 2242 1069 2311 reliquiae
1108 2245 1377 2313 repositas.
1423 2244 1661 2302 Omnino
1717 2248 1764 2303 is
1826 2250 1954 2304 totis

370 2334 581 2389 viribus
604 2335 983 2401 contendebat,
1018 2343 1077 2390 ut
1110 2336 1259 2390 nulla
1301 2336 1512 2393 illorum
1562 2339 1800 2396 nominis
1838 2353 1952 2395 me-

371 2427 542 2481 moria
580 2427 721 2481 inter
743 2426 989 2482 homines
1019 2437 1347 2497 superesset.

440 2517 494 2574 6.
526 2517 695 2573 Porro
723 2534 939 2589 aequum
972 2528 1056 2575 est
1084 2529 1140 2576 et
1170 2521 1322 2590 utile,
1355 2522 1713 2595 dignitatique
1738 2534 1955 2582 sancto-

371 2626 491 2666 rum
528 2612 881 2677 conveniens,
930 2613 983 2667 in
1035 2615 1293 2684 prmsenti
1329 2615 1534 2685 dicere,
1572 2619 1718 2686 quod
1761 2633 1955 2687 nempe

370 2702 427 2756 hi
461 2717 560 2757 ceu
598 2701 691 2756 Dei
723 2700 1007 2770 famuli,et
1050 2703 1104 2758 in
1138 2703 1242 2759 hac
1266 2705 1376 2759 vita
1426 2719 1646 2760 crucem
1695 2707 1949 2775 amplexi,

368 2793 646 2849 Christum
682 2796 855 2850 secuti
913 2795 1136 2861 fuerint,
1193 2810 1318 2852 cum
1366 2812 1538 2868 eoque
1574 2799 1858 2863 cruciﬁxi,
1894 2808 1954 2854 et

368 2885 626 2940 Salutaris
652 2886 769 2957 ejus
807 2888 1080 2955 passionis
1110 2888 1415 2946 imitatores
1447 2900 1504 2944 et
1531 2892 1756 2949 assecla:
1785 2894 1951 2949 exsti-

370 2974 568 3043 terint;
600 2978 954 3046 quamobrem
979 2985 1033 3032 et
1067 2977 1121 3032 in
1146 2987 1407 3033 mternum
1436 2994 1557 3033 cum
1604 2979 1694 3034 illo
1758 2994 1953 3052 regna-

372 3069 478 3123 turi
512 3081 637 3122 sunt
663 3064 800 3138 (85).
827 3070 989 3140 Atqui
1028 3085 1170 3126 nunc
1193 3070 1355 3126 etiam
1386 3081 1508 3140 post
1552 3072 1765 3128 illorum
1791 3088 1823 3128 a
1855 3089 1952 3129 no—

367 3160 453 3215 his
478 3161 803 3225 discessum,
830 3176 953 3216 cum
979 3161 1200 3219 Christo
1212 3167 1644 3233 persecutionem
1662 3166 1952 3235 experiun—

369 3264 456 3309 tur
481 3264 530 3308 et
579 3256 1010 3326 compatiuntur.
1064 3256 1196 3310 Nam
1239 3258 1385 3326 quod
1435 3267 1595 3313 antea
1641 3256 1951 3329 archetypis

366 3349 676 3416 eveniebat,
713 3350 764 3404 id
802 3365 945 3405 nunc
974 3334 1139 3405 etiam
1191 3350 1433 3418 ipsorum
1476 3349 1784 3406 simulacris
1815 3350 1953 3405 acci-

368 3442 465 3506 dit,
489 3450 652 3511 atque
688 3442 759 3497 ob
780 3442 1053 3512 duplicata
1091 3441 1390 3496 certamina
1420 3440 1828 3510 duplicatasque
1866 3441 1953 3495 in-

370 3534 699 3588 sectationes
750 3541 914 3600 atque
976 3532 1335 3587 contumelias
1387 3546 1418 3585 a
1481 3546 1713 3595 coronae,
1760 3531 1952 3588 datore

369 3624 592 3679 Christo
621 3631 924 3677 ornantur:
961 3621 1259 3692 vivuntque
1288 3621 1399 3677 Deo
1432 3621 1486 3676 iu
1529 3621 1948 3690 sempiternum,

369 3726 534 3786 atque
565 3715 616 3769 in
649 3728 782 3786 pace
810 3723 1120 3779 versantur,
1148 3713 1360 3768 etiamsi
1389 3712 1529 3768 mori
1554 3711 1653 3767 visi
1685 3721 1812 3769 sunt
1838 3710 1953 3766 hu—

364 3809 457 3878 jus
482 3807 661 3863 stolidi
703 3806 895 3862 oculis.
933 3805 1004 3862 At
1053 3805 1254 3875 impius
1302 3805 1437 3859 ahiit
1474 3819 1682 3860 vacuus
1707 3844 1723 3869 ,
1760 3804 1951 3874 dignos

371 3902 615 3956 laborum
652 3914 875 3955 suorum
914 3898 1160 3954 referens
1214 3896 1449 3960 fructus,
1494 3894 1754 3966 gehennae
1788 3911 1972 3965 para-~

370 3996 517 4065 tique
542 3995 643 4063 ipsi
672 3993 836 4064 ignis,
863 3992 1200 4060 ducibusque
1228 3989 1364 4055 suis,
1394 3989 1571 4043 hmres
1615 3986 1811 4044 factus.
1853 3987 1950 4042 Hic

371 4088 620 4142 videlicet
651 4094 894 4156 apostata
922 4092 1044 4154 pust
1092 4092 1370 4151 apostatas
1390 4120 1405 4147 ,
1441 4089 1496 4136 et
1541 4089 1666 4150 post
1698 4097 1951 4151 persecu-

374 4191 523 4233 tores
567 4179 802 4232 acerbus
833 4184 1148 4246 persecutor
1193 4183 1248 4229 et
1269 4174 1604 4230 saevissimus
1626 4211 1642 4238 ,
1679 4189 1785 4228 non
1818 4175 1953 4230 satis

375 4269 564 4325 habuit
594 4269 855 4324 adversus
883 4268 1061 4322 adhuc
1083 4268 1349 4331 viventes,
1376 4275 1432 4321 et
1458 4265 1760 4321 secundum
1781 4264 1950 4319 Deum

372 4363 557 4417 vivere
617 4359 894 4425 volentes,
940 4359 1369 4431 indignationem
1416 4359 1709 4429 odiumque
1749 4373 1952 4428 expro—

371 4470 542 4519 mere,
574 4465 630 4508 et
663 4452 1039 4521 iniustissimis
1071 4452 1248 4520 pmnis
1271 4467 1366 4507 eos
1400 4450 1648 4516 allicere;
1701 4451 1794 4506 sed
1838 4451 1950 4520 jam

2054 1973 2177 2044 ψεν,
2212 1972 2306 2037 οὓς
2353 1973 2538 2027 πίστει
2573 1973 2669 2027 καὶ
2705 1971 3035 2042 σεϐάσματι,
3065 1969 3127 2024 τὸ
3184 1968 3468 2023 ἀνέκαθεν
3517 1968 3656 2037 Χρι·

2057 2065 2262 2119 στιανοί
2293 2065 2696 2136 άνεστήσαντο;
2731 2063 2842 2117 Καὶ
2880 2062 3107 2124 τούτους
3139 2061 3387 2131 μάλιστα
3421 2058 3557 2114 ἔνθα
3586 2060 3655 2114 τά

2058 2155 2181 2227 ἰερὰ
2216 2155 2397 2210 αὐτῶν
2430 2156 2773 2213 ἐντετύπωτο
2815 2151 3280 2224 ἀποσεϐάσματα,
3317 2150 3419 2204 καί⁸
3458 2151 3531 2203 τὰ
3563 2166 3654 2203 σε·

2055 2247 2268 2317 ϐάσμια
2296 2246 2621 2303 ἐναπέκειτο
2646 2244 2897 2316 λείψανα.
2937 2246 3049 2300 Καὶ
3069 2242 3233 2316 ἔργον
3260 2238 3333 2313 ἦν
3367 2240 3527 2312 αὐτῷ
3554 2243 3652 2297 καὶ

2055 2338 2373 2411 ἀγώνισμα,
2412 2338 2550 2410 μηδέ
2588 2336 2701 2391 τῶν
2747 2337 3035 2408 ὀνομάτων
3082 2335 3267 2392 αὐτῶν
3305 2337 3541 2408 μνήμην
3570 2335 3650 2400 εἰς

2053 2431 2113 2487 τὸ
2133 2431 2261 2502 ἑξῆς
2292 2434 2405 2496 τοῖς
2432 2430 2747 2504 ἀνθρώποις
2770 2431 3186 2503 ὑπολελεῖφθαι.

2128 2521 2203 2589 ς’.
2255 2523 2398 2578 Ἀλλ’
2447 2523 2600 2592 ἀξιον
2647 2524 2742 2579 καὶ
2803 2524 3117 2597 πρόσφορον
3171 2524 3230 2578 ἐν
3283 2522 3369 2595 τῷ
3409 2522 3649 2593 παρόντι
3734 2526 3747 2531 ’

2053 2619 2252 2685 εἰπεῖν,
2301 2621 2398 2673 καί¹
2442 2621 2648 2674 οἰκεῖον
2686 2622 2787 2690 τῆς
2814 2619 2925 2673 τῶν
2956 2618 3128 2688 ἁγίων
3164 2617 3541 2688 τελειότητος,
3564 2617 3650 2671 ὅτι

2052 2711 2128 2775 ὼς
2173 2710 2309 2764 Θεοῦ
2337 2710 2700 2781 θεράποντες,
2738 2711 2831 2764 καὶ
2881 2710 3024 2764 κατά
3065 2709 3158 2763 τὸν
3205 2709 3338 2781 τῇδε
3383 2708 3506 2779 βίον
3555 2709 3651 2762 τὸν

2054 2802 2288 2873 σταυρὸν
2335 2803 2623 2874 ἀράμενοι,
2670 2800 2896 2872 Χριστῷ
2935 2799 3319 2871 ἠκολούθησαν
3359 2800 3463 2854 καὶ
3527 2815 3651 2853 συν-

2051 2893 2499 2967 εσταυρώθησαν,
2537 2893 2756 2948 καὶτοῦ
2786 2891 3059 2958 ζωοποιοῦ
3094 2889 3262 2945 αὑτοῦ
3296 2890 3513 2954 πάθους
3551 2891 3648 2943 καὶ

2051 2985 2148 3040 τοῦ
2207 2986 2482 3058 σωτηρίου
2516 2985 2772 3049 θανάτου,
2818 2982 3058 3056 μιμηταὶ
3089 2983 3188 3036 καὶ
3230 2981 3434 3036 ὀπαδοὶ
3485 2979 3648 3050 γεγό-

2051 3089 2205 3131 νασιο
2238 3076 2321 3130 διὸ
2347 3077 2445 3130 καὶ
2481 3077 2561 3141 εἰς
2592 3076 2685 3129 τὸν
2716 3077 2895 3130 αἰῶνα
2923 3072 3429 3151 συμϐασιλεύουσιν
3455 3072 3643 3142 αὐτῷ·

2052 3167 2206 3221 οὐδὲν
2245 3167 2303 3221 δέ
2347 3163 2512 3241 ἦττον
2552 3168 2647 3221 καὶ
2689 3166 2830 3239 μετά
2868 3166 2969 3237 τὴν
3015 3164 3230 3219 ἐνθένδε
3286 3162 3644 3232 ἀπαλλαγὴν,

2052 3257 2279 3330 Χριστῷ
2312 3257 2702 3313 συνδιώκονται
2729 3258 2825 3312 καὶ
2852 3258 3291 3328 συμπάσχουσιν.
3329 3256 3517 3326 Ὅπερ
3536 3252 3644 3324 γὰρ

2051 3351 2318 3423 πρότερον
2360 3353 2476 3414 τοῖς
2505 3349 2840 3421 ἀρχετύποις
2872 3349 3179 3414 συνέϐαινε,
3210 3346 3375 3402 τοῦτο
3404 3346 3506 3402 καὶ
3551 3345 3646 3399 νῦν

2051 3439 2317 3503 ὡσαύτως
2340 3440 2469 3512 περί
2502 3440 2573 3494 τὰ
2595 3440 2719 3512 ἰερὰ
2756 3440 3082 3511 ὁμοιώματα
3108 3438 3507 3504 διαδείκνυται,
3546 3438 3645 3493 καὶ

2050 3529 2257 3594 διπλοῖς
2300 3532 2413 3595 τοῖς
2460 3531 2643 3596 ἄθλοις
2688 3532 2785 3584 ἐπὶ
2820 3531 3033 3595 διπλοῖς
3061 3534 3175 3595 τοῖς
3215 3530 3488 3602 διωγμοῖς
3539 3529 3636 3583 καὶ

2050 3624 2170 3686 ταῖς
2193 3620 2386 3694 ῦϐρεσι
2416 3621 2570 3692 παρά
2596 3621 2691 3677 τοῦ
2721 3622 3048 3693 στεφοδότου
3079 3621 3319 3693 Χριστοῦ
3364 3622 3641 3676 καταστέ-

2052 3727 2278 3784 φονται’
2329 3714 2427 3767 καὶ
2457 3713 2591 3778 ζῶσι
2625 3713 2706 3785 τῷ
2733 3713 2854 3784 Θεῷ
2874 3715 3132 3768 ’πάντοτε
3167 3714 3261 3767 καὶ
3294 3715 3439 3767 εἰσὶν
3466 3715 3526 3766 ἐν
3558 3713 3640 3765 εἰ-

2054 3806 2215 3877 ρήνη,
2245 3803 2352 3859 κᾶν
2379 3805 2564 3871 ἔδοξαν
2581 3807 2641 3859 ἐν
2663 3806 2970 3877 ὀφθαλμοῖς
2984 3805 3241 3860 τεθνάναι
3258 3806 3356 3860 τοῦ
3377 3806 3636 3879 ἄφρονος.

2052 3898 2183 3953 Ὅδε
2212 3897 2323 3969 γὰρ
2370 3899 2654 3969 ἀνομήσας
2696 3897 2913 3969 ἀπῆλθε
2959 3898 3255 3968 διακενῆς,
3307 3897 3499 3964 ἀξίους
3531 3896 3640 3950 τιὶν

2052 3994 2233 4050 πόνων
2282 3993 2503 4066 τρυγῶν
2534 3994 2662 4057 τοὺς
2686 3994 2959 4063 καρποὺς,
2997 3994 3227 4063 γέενναν
3261 3993 3357 4048 καὶ
3399 3992 3461 4047 ei:
3487 3993 3637 4063 ἡτοι-

2057 4087 2337 4157 μασμένον
2368 4084 2519 4156 αὐτῷ
2542 4085 2672 4159 πῦρ,
2699 4089 2814 4150 τοῖς
2847 4086 3075 4156 ἄγουσιν
3098 4086 3233 4157 ἅμα,
3266 4083 3640 4158 κληρονομίαν

2056 4179 2534 4250 ἀπενεγκάμενος.
2571 4178 2628 4232 '0
2659 4179 2800 4250 μετὰ
2815 4179 2944 4242 τοὺς
2959 4178 3274 4242 ἀποστάτας
3297 4178 3635 4246 ἀποστάτης,

2054 4273 2153 4325 καὶ
2185 4270 2327 4339 μετὰ
2358 4271 2485 4334 τοὺς
2511 4269 2752 4333 διώκτας
2781 4270 2982 4341 πικρὸς
3014 4268 3252 4341 διώκτης
3278 4270 3374 4324 καὶ
3394 4265 3639 4339 χαλεπώ-

2052 4382 2237 4428 τατος,
2291 4356 2336 4432 ᾧ
2377 4364 2479 4418 οῦκ
2539 4363 2806 4435 ἐξήρκεσε
2854 4363 2995 4417 κατὰ
3041 4363 3150 4416 τῶν
3177 4363 3237 4415 ἐν
3269 4361 3349 4432 τῷ
3399 4360 3502 4432 βίῳ
3556 4358 3637 4411 ἔτι

2055 4458 2360 4528 περιόντων
2397 4454 2494 4509 καὶ
2531 4454 2675 4508 κατὰ
2703 4454 2838 4507 Θεὸν
2873 4452 2973 4525 ζῇν
3010 4452 3251 4517 εὐσεϐῶς
3289 4448 3636 4523 αἱρουμένων

370 4548 736 4616 prmtttortuis,
782 4546 1077 4616 multisque
1119 4546 1533 4623 strenuitatibus
1563 4556 1726 4614 atque
1756 4546 1945 4612 agoni-

2055 4549 2347 4616 ἐπαφεῖναι
2377 4547 2504 4610 τοὺς
2534 4546 2741 4616 θυμοὺς
2766 4545 2862 4599 καί
2895 4545 2994 4608 τὰς
3028 4543 3283 4616 μήνιδας,
3333 4545 3432 4597 καὶ
3461 4556 3635 4611 τιμωο

344 4635 472 4692 ~bus
492 4638 690 4706 claros’,
741 4636 1016 4706 ﬁnemque
1050 4637 1173 4691 vita:
1203 4635 1463 4705 martyrio
1493 4635 1772 4702 indeptus,
1801 4635 1949 4704 igno-

446 4838 561 4907 (82)
606 4835 661 4889 lu
716 4834 896 4907 Photii
951 4833 1533 4905 Syntagmatet‘Spiril.
1562 4833 1715 4907 Rom.
1752 4840 1793 4887 t.
1823 4829 1937 4907 Vl_l,

372 4923 426 4978 p.
456 4902 568 4961 ’105
592 4915 643 4960 et
672 4906 794 4977 106)
832 4902 1004 4961 hah‘es
1025 4902 1809 4978 canenem_Carthaginensem
1845 4902 1936 4978 δῇ,

372 4973 426 5032 ct
452 4978 666 5032 Nicena:
690 4973 892 5048 synodi
922 4991 958 5031 ll
987 4990 1250 5030 canouem
1286 4975 1338 5039 7,
1372 4975 1437 5028 de
1473 4989 1577 5027 non
1625 4973 1942 5048 dedicandis

373 5049 549 5104 sacris
581 5041 789 5102 aedibus
820 5048 939 5101 sine
968 5058 1279 5102 sanctorum
1317 5053 1618 5114 martyrum
1673 5041 1939 5114 reliquiis.

447 5119 560 5188 (85)
600 5118 833 5174 Causam
883 5118 1024 5185 piam
1056 5132 1150 5170 cur
1189 5113 1525 5188 sanctorum
1538 5113 1814 5188 imagines
1845 5113 1945 5167 ho-

373 5183 633 5245 noretuus
664 5190 828 5242 trudit
860 5183 1266 5253 interﬁt-teres
1297 5184 1458 5238 etiam
1508 5183 1776 5236 Macarius
1799 5192 1944 5235 orat.

373 5263 466 5313 cit.
495 5277 508 5313 :
542 5258 701 5314 Οῦτω
739 5258 795 5312 δὲ
835 5257 929 5312 καὶ
957 5257 1007 5311 οἰ
1045 5257 1189 5323 ἅγιοι
1225 5256 1315 5308 τὸν
1346 5253 1583 5323 Χριστδν
1631 5254 1946 5323 ἠγάπησαν,

372 5332 516 5383 ὥστε
563 5330 630 5383 δι’
664 5329 826 5384 αὐτὸν
870 5327 962 5380 τὸν
1010 5321 1151 5395 ὑπὲρ
1194 5325 1353 5396 ἡμῶν
1392 5321 1559 5396 αὐτοῦ
1602 5322 1951 5396 μιμήσασθαι

375 5400 626 5464 θάνατον,
654 5401 748 5453 καὶ
769 5400 828 5452 τὸ
856 5393 1133 5468 ποτήριον
1151 5393 1574 5468 ἀσμένωςλπιείν
1598 5393 1830 5468 ἐκείνου,
1860 5393 1954 5468 καὶ

375 5416 626 5464 υανατον,
654 5416 748 5453 και
769 5416 828 5452 το
856 5416 993 5468 ποτη
1042 5416 1119 5450 εον
1151 5416 1403 5463 ασμενως
1429 5416 1574 5445 πιειν
1598 5416 1830 5455 εκεινου,
1860 5416 1954 5445 και

371 5471 435 5525 τὸ
470 5470 751 5541 βάπτισμα
789 5416 1173 5541 βαπτισϐῆναι.
1210 5466 1326 5541 Kal
1354 5465 1443 5518 διὰ
1472 5463 1630 5541 τοῦτο
1658 5464 1691 5531 ὴ
1726 5462 1956 5541 Ἐκκλη;

375 5530 480 5594 σία’
499 5530 896 5605 συνδοξάςοῦσα
918 5539 995 5607 τῷ
1019 5530 1229 5608 βασιλεῖ
1253 5537 1376 5608 τοὺς
1402 5530 1758 5608 στρατιώτας,
1784 5531 1951 5608 αὐτοῦ

373 5628 434 5663 τε
471 5601 709 5681 Χριστοῦ
736 5601 830 5681 καὶ
870 5601 979 5681 τῶν
1010 5601 1176 5681 αὐτοῦ
1211 5605 1380 5674 φίλων
1418 5601 1518 5681 τάς
1550 5601 1953 5681 στηλογραφίας

373 5672 533 5752 τιμᾷ.
570 5680 682 5752 Kal
711 5678 1030 5752 καθορῶμεν
1055 5672 1246 5752 αὐτὴν,
1271 5674 1614 5752 παγκόσμ-ιιον
1651 5672 1829 5752 ὅντως
1857 5673 1952 5724 καὶ

375 5741 606 5819 ἀειθαλῆ
665 5741 1015 5828 παράδεισον.
1058 5749 1154 5828 καὶ
1183 5741 1299 5828 ’τοῦ
1346 5745 1404 5796 ἐν
1460 5744 1620 5828 ἰξδΞμ
1661 5741 1839 5825 πολλῷ
1869 5759 1949 5821 τι·

1433 5831 1543 5875 τ’,ις
1585 5830 1797 5876 σεῖε-ως
1844 5831 1948 5864 των

381 5817 690 5895 μιὼτεροψ
745 5817 820 5878 ὡς
868 5821 1050 5885 φυτοῖς
1099 5817 1378 5884 διαφέροις

2064 4636 2275 4708 ρεῖσθαι
2303 4636 2377 4699 ὡς
2411 4633 2725 4689 ἀδικώτατα
2746 4650 2758 4664 ·
2796 4633 2911 4687 ἀλλ’
2941 4633 3043 4706 ἤδη
3089 4633 3184 4687 καὶ
3220 4631 3331 4687 τῶν
3357 4629 3636 4705 προωδευ-

2045 4832 2221 4920 ἀγίων
2253 4832 2584 4920 μορφιρμασι
2611 4831 3255 4920 καλλωπιζομένηνίτκαὶ
3267 4831 3633 4920 ,μέσονέχου-

2050 4904 2148 4957 σαν
2163 4904 2226 4957 τδ
2247 4901 2391 4973 ζωῆς
2410 4901 2588 4969 ξύλον,
2617 4904 2718 4973 τὴν
2740 4904 3010 4973 ἄχραντον
3031 4901 3126 4956 τοῦ
3146 4903 3398 4973 Σωτῆρος
3424 4901 3627 4963 εἰκόνα,
3700 4904 3705 4909 ’

2020 4974 2143 5027 Δκαί
2200 4974 2300 5037 τῆς
2342 4972 2508 5043 αὐτὸν
2566 4972 2948 5043 ἀπειράνδρως
3001 4972 3629 5043 τεκούσηςύπεράγνου

2049 5043 2430 5114 θεομήτορος·
2458 5041 2643 5098 Sancti
2686 5040 2955 5114 tantopere
2993 5040 3260 5114 Christum
3309 5040 3626 5114 dilexerunt,

2054 5124 2112 5165 ut
2136 5111 2337 5165 (iditum
2364 5117 2427 5167 ab
2452 5128 2512 5166 ea
2555 5113 2720 5165 nostri
2763 5128 2925 5165 causa
2960 5120 3178 5165 mortem
3218 5112 3420 5165 imitari
3462 5111 3629 5165 volue-

2056 5183 2186 5248 rint,
2219 5187 2435 5254 ejusque
2469 5183 2686 5254 calicem
2716 5180 2942 5254 libenter
2966 5181 3168 5254 bibere,
3187 5189 3244 5254 et
3274 5180 3505 5254 ejusdem
3536 5179 3626 5232 ba-

2056 5249 2255 5322 ptismo
2294 5249 2573 5319 baptizari.
2607 5250 2780 5322 Quum
2808 5252 2869 5322 ob
2904 5265 3009 5302 rem
3044 5249 3278 5322 Ecclesia
3307 5251 3494 5304 milites
3523 5262 3626 5322 una

2058 5318 2177 5376 cum
2219 5338 2335 5391 rege
2360 5318 2659 5392 ’gloriﬁcat,
2687 5318 2990 5392 Christique
3043 5319 3210 5386 ipsius
3255 5336 3453 5392 necnon
3493 5318 3625 5386 ejus.

2060 5396 2176 5447 dem
2213 5389 2511 5445 aulicorum
2532 5391 2786 5459 imagines
2818 5389 3022 5459 publica
3057 5392 3353 5457 propositas
3382 5390 3619 5459 honorat.

2063 5462 2252 5530 Itaque
2309 5463 2602 5515 Ecclesium
2635 5458 2881 5530 uidemus
2907 5460 3078 5530 instar
3100 5460 3419 5530 ornatissimi
3439 5474 3500 5512 ac
3526 5458 3623 5530 βο-

2062 5528 2348 5586 rentissimi
2371 5531 2532 5595 horti,
2554 5540 2709 5599 atque
2728 5530 2820 5582 illo
2840 5528 3073 5599 Edenico
3092 5529 3255 5582 multo
3276 5528 3620 5598 pulo/trium:

2057 5619 2173 5671 qum
2203 5604 2437 5656 videlicet
2463 5618 2556 5654 (εκ
2587 5598 2863 5671 arboribus
2892 5598 3051 5671 variis
3076 5608 3302 5671 ornatur
3329 5607 3622 5671 sanctorum

2058 5666 2364 5729 uenerandi;
2398 5671 2670 5731 iconibur;
2712 5668 2946 5722 medium
2997 5666 3192 5721 habens
3240 5667 3358 5722 vita:
3404 5668 3617 5737 lignum.

2058 5744 2420 5795 intemeratum
2458 5738 2753 5793 Sen-alaris
2813 5737 3093 5805 imaginem
3115 5776 3130 5800 ,
3156 5747 3203 5791 et
3237 5737 3352 5806 ejus
3376 5739 3464 5806 qui
3487 5738 3621 5787 hunc

2054 5812 2305 5867 incolumi
2352 5812 2648 5880 virginitate
2676 5809 2864 5876 reperit
2886 5806 3185 5877 purissima:
3216 5805 3405 5862 Matris
3435 5805 3547 5862 Dei.
