4050 6464
285 402 389 468 345

984 402 1613 465 ANTIRRHETICUS
1661 405 1723 465 II
1776 407 1945 468 ADV.
1988 409 2586 474 CONSTANTINUM
2625 414 2841 475 COPR.

3445 411 3551 477 3l6

284 515 479 578 πότων,
507 511 601 567 καὶ
626 511 840 576 πολλοῖς
862 511 1321 584 ἀνδραγαθήμασι
1355 514 1452 567 καὶ
1481 514 1859 584 ἀγωνίσμασιν

1972 519 2160 586 minia,
2194 530 2457 591 quantum
2491 523 2545 576 iu
2571 523 2689 592 ipso
2722 520 2842 588 fuit,
2872 529 2926 576 ct
2964 521 3188 576 infamia
3219 522 3421 577 obruit.
3460 523 3555 578 Hae

285 605 707 676 ἐμπρεψάντων,
748 604 844 658 καὶ
891 603 969 674 τῷ
1002 605 1332 676 μαρτυρικῷ
1376 606 1522 658 τέλει
1562 606 1661 677 τὴν
1715 605 1864 677 ζωὴν

285 695 778 768 παραμειψάντων,
819 696 897 760 ὡς
945 691 1059 749 οἷόν
1087 713 1147 749 τε
1192 692 1263 767 ἦν
1294 696 1468 768 αὐτῷ,
1509 698 1571 751 τὸ
1604 697 1866 761 δυσκλεὲς

286 788 572 859 καταχέειν
601 788 697 842 καὶ
718 788 924 854 ἄδοξον.
951 788 1195 843 Τοιαῦτα
1222 784 1291 860 ἦν
1316 789 1467 860 αύτῷ
1489 788 1560 843 τὰ
1583 789 1728 843 κατά
1755 789 1866 843 τῶν

289 879 453 948 ἁγίων
480 878 879 948 νεανιεύματα,
902 878 1133 934 τοιαῦτα
1163 883 1256 934 καὶ
1276 881 1344 933 τὰ
1380 881 1527 934 κατά
1554 880 1664 936 τῶν
1699 881 1865 935 ὁσίων

293 970 611 1041 ἁνοσιουργή
622 987 792 1041 ματα,
824 970 1034 1041 ταύτην
1063 971 1164 1042 τῆς
1184 974 1276 1034 εἰς
1298 972 1393 1025 τὸν
1416 970 1529 1042 βίον
1559 971 1863 1043 εὐημερίας

288 1060 375 1133 τὴν
399 1060 484 1123 είς
525 1058 664 1113 Θεὸν
686 1060 785 1115 καὶ
813 1062 945 1125 τοὺς
973 1062 1166 1131 ἁγίους
1202 1062 1386 1134 ὕϐριν,
1415 1063 1689 1118 ἀντίδοσιν
1720 1065 1865 1133 ἡγη-

289 1152 526 1224 σαμένῳ.
562 1153 815 1225 Παρίημι
863 1155 1045 1225 λέγειν
1094 1144 1308 1211 τάννῦν
1340 1157 1445 1210 ὅσα
1478 1157 1577 1211 καὶ
1628 1150 1720 1209 οἷα
1764 1154 1862 1209 τοῦ

254 1242 259 1245 ’
284 1242 642 1309 εὑαγγελικοῦ
672 1244 1035 1316 κηρύγματος
1069 1245 1522 1317 κατεφλυάρησε,
1552 1245 1647 1298 καὶ⁵
1680 1245 1863 1298 πᾶσαν

285 1335 640 1405 εὐαγγελικὴν
661 1336 939 1390 πολιτείαν
963 1336 1247 1405 διέπτυσε,
1275 1337 1373 1390 καὶ
1398 1336 1538 1407 πρὸς
1565 1335 1628 1389 τὸ
1656 1337 1863 1389 οίκεῖον

283 1425 519 1496 ἐμπαθὲς
570 1428 665 1480 καὶ
713 1427 989 1498 μοχθηρὸν
1020 1427 1238 1498 θέλημα
1286 1428 1380 1481 τὸν
1410 1427 1521 1481 τῶν
1555 1427 1864 1498 ἀνθρώπων
1892 1483 1899 1490 _

284 1515 389 1587 βίον
435 1515 919 1588 μεταρρυθμίζειν
964 1517 1306 1582 ἐσπούδαζεο
1362 1516 1598 1571 τοιοῦτοί
1636 1519 1774 1571 εἰσιν
1811 1519 1861 1572 οί

282 1605 485 1671 σκοποὶ,
523 1605 607 1670 ὡς
663 1608 722 1659 ἐν
763 1606 960 1679 βραχεῖ
1015 1609 1398 1680 παραστῆσαι,
1435 1607 1532 1673 οὒς
1589 1609 1862 1681 προάγειν

280 1698 568 1768 ὑπέσχετο,
599 1699 668 1753 τά
691 1716 751 1753 τε
777 1701 1118 1772 διανοήματα
1139 1703 1237 1756 καὶ
1264 1701 1631 1773 βουλεύματα,
1654 1701 1691 1757 ἃ
1718 1702 1862 1757 κατά

276 1791 367 1860 τῆς
398 1789 686 1854 ἀπλανοῦς
709 1791 868 1861 ἡμῶν
886 1792 1127 1856 πίστεως
1146 1793 1244 1847 καὶ
1271 1793 1723 1864 ἀγγελομιμήτου
1749 1793 1861 1846 τῶν

1967 610 2189 667 fuerunt
2207 613 2477 683 juveniles
2514 614 2632 685 ejus
2667 613 2931 669 adversus
2957 624 3177 669 sanctos
3214 616 3551 684 petulantiae.

1969 700 2082 755 hazc
2115 701 2277 771 impia
2309 703 2572 758 adversus
2593 702 2772 771 justos
2808 701 3073 765 facinora,
3110 704 3250 758 hanc
3288 704 3553 773 judicavit

1967 788 2147 846 facere
2176 793 2698 859 remunerationem,
2729 806 2829 862 pro
2868 806 2968 846 sua
3019 793 3179 859 hujus
3206 793 3331 846 vitae
3377 790 3552 846 felici-

1967 889 2099 948 tate,
2134 882 2189 937 in
2224 884 2391 941 Deum
2434 884 2647 940 scilicet
2696 892 2753 939 et
2796 894 3013 940 sanctos
3073 884 3350 952 iujuriam.
3401 885 3555 940 Mitto

1967 989 2114 1030 nunc
2164 976 2347 1032 dicere
2400 986 2532 1048 quot
2590 986 2906 1047 quantaque
2944 987 3132 1030 contra
3185 976 3551 1046 evangelicam

1964 1064 2269 1120 doctrinam
2309 1067 2671 1135 iusaniverit,
2720 1078 2779 1122 ut
2829 1067 3200 1138 evangelicam
3251 1075 3418 1121 totam
3469 1067 3553 1120 vi»

1967 1164 2075 1211 tam
2101 1157 2397 1227 despuerit,
2436 1168 2600 1227 atque
2627 1158 2695 1212 ad
2728 1173 2882 1213 suam
2911 1158 3187 1212 carnalem
3218 1155 3555 1225 improbam-

1964 1261 2071 1316 que
2097 1248 2447 1313 voluntatem
2473 1263 2654 1303 mores
2698 1250 2975 1302 hominum
3018 1249 3338 1316 pertrahere
3383 1263 3554 1303 cona-

1966 1348 2053 1393 tus
2077 1339 2169 1394 sit.
2204 1337 2330 1393 llaec
2351 1347 2477 1393 sunt
2509 1339 2809 1403 molimina,
2843 1349 2897 1392 ut
2932 1340 3169 1393 breviter
3199 1340 3397 1400 dicam,
3434 1353 3553 1407 qurc

1963 1430 2414 1500 deprompturum
2465 1446 2526 1486 se
2584 1431 2971 1499 promittebat;
3024 1432 3106 1485 Im
3159 1439 3288 1485 sunt
3350 1429 3551 1484 mentis

1965 1522 2354 1591 conceptiones
2383 1537 2448 1577 ac
2497 1522 2944 1584 deliberatiuues,
2982 1537 3123 1591 quas
3168 1522 3434 1574 adversus
3460 1519 3551 1573 in-

1966 1611 2244 1668 fallibilem
2265 1624 2508 1668 nostram
2540 1614 2725 1677 fidem,
2754 1625 2809 1667 et
2843 1614 3160 1682 angelorum
3198 1609 3550 1670 imitatricem

1955 1705 2401 1760 Christianorum
2440 1705 2607 1759 vitam
2670 1705 2758 1760 bic
2805 1703 3009 1759 Christi
3070 1701 3243 1758 hostis
3289 1700 3554 1755 molieba-

1966 1806 2074 1851 tur.
2107 1797 2213 1852 Sed
2233 1796 2347 1866 jam
2382 1797 2506 1851 belli
2536 1807 2728 1853 contra
2764 1804 3006 1857 sanctos,
3042 1795 3135 1863 qui
3197 1793 3484 1847 Dominum
3521 1807 3552 1846 a

278 1884 436 1952 Χριστ
448 1882 624 1936 ιανῶν
637 1882 917 1946 πολιτείας
933 1884 1340 1956 Χριστομαχῶν
1360 1885 1696 1940 ἐτέκταινεν.
1715 1884 1857 1939 Ἀλλ’

1966 1886 2167 1941 sarculo
2198 1888 2250 1940 in
2291 1896 2439 1941 terra
2467 1887 2946 1958 gloriﬁcaverunt,
2984 1887 3073 1939 hic
3106 1884 3229 1937 finis
3262 1883 3370 1949 sit;
3400 1880 3552 1950 ejus-

277 1976 301 2025 ό
329 1975 422 2042 μὲν
470 1973 625 2027 κατά
668 1973 780 2027 τῶν
826 1976 999 2043 ἁγίων
1040 1976 1282 2047 πόλεμος
1326 1978 1435 2031 τῶν
1463 1978 1557 2031 ἐπὶ
1609 1978 1712 2048 γῆς
1761 1978 1858 2031 ἀπ’

279 2064 461 2128 αἰῶνος
491 2064 838 2130 δοξαζόντων
861 2066 954 2118 τὸν
972 2065 1201 2135 Κύριον,
1225 2066 1462 2120 ἐνταῦθα
1476 2067 1857 2135 καταλυέσθω,

176 2204 181 2211 .
279 2160 363 2210 καὶ
416 2159 465 2209 οἱ
510 2158 716 2211 σκοποὶ⁵
752 2157 848 2221 οὒς
883 2162 1225 2230 προαγαγεῖν
1260 2160 1522 2223 ἀσκόπως
1553 2162 1650 2214 καὶ
1679 2159 1860 2222 ἀθέως

279 2248 433 2314 ἔδοξε,
468 2250 924 2322 παρατηρήσεως
954 2250 1055 2318 τῆς
1098 2251 1351 2305 ὁπωσοῦν
1397 2250 1551 2316 ἄνευ,
1588 2251 1684 2305 καὶ
1729 2253 1861 2315 τοὺς

279 2340 438 2403 θείους
484 2340 678 2395 αὐτῶν
721 2342 923 2418 ο”κους,
961 2341 1186 2404 καὶτὰς
1234 2340 1388 2412 ίεράς
1419 2340 1602 2394 αὐτῶν
1640 2342 1862 2411 μνήμας

280 2431 632 2502 καθυϐρίσας,
691 2432 846 2495 τέλος
894 2431 1192 2502 ἐχέτωσαν.
1234 2426 1405 2495 Οὗτος
1423 2424 1517 2485 ⁸δέ
1567 2433 1644 2493 ὼς
1689 2431 1861 2502 μικρά

280 2521 644 2594 κατορθωκὼς
672 2521 783 2577 τῶν
819 2522 1241 2594 σκοπουμένων,
1263 2522 1358 2576 καὶ
1395 2520 1614 2593 μεγᾴλα
1647 2518 1866 2590 ζημιω-

282 2617 516 2686 σόμενος,
542 2617 600 2669 εἰ
622 2614 787 2689 μέχρι
807 2615 1002 2670 τούτου
1027 2614 1211 2686 σταίη,
1235 2612 1615 2686 ἐχαλέπαινεν,
1633 2606 1693 2666 εῦ
1719 2605 1860 2676 οἶδα,

281 2708 323 2760 εί
353 2706 423 2777 μὴ
458 2707 560 2761 καὶ
599 2709 712 2770 τοῖς
739 2705 1091 2778 λειπομένοις
1112 2704 1360 2761 ἐπέλθοι.

342 2799 403 2864 ζ’.
431 2799 497 2851 Τί
527 2799 646 2870 γὰρ
691 2797 863 2870 ἔφησε
898 2799 1027 2868 περὶ
1071 2796 1181 2852 τῶν
1207 2798 1331 2852 κατ’
1382 2797 1653 2868 οὐρανοὺς
1682 2795 1859 2866 ἁγίων

281 2894 366 2945 καὶ
397 2888 794 2963 ὓπερκοσμίων
833 2887 1155 2961 δυνάμεων;
1192 2889 1351 2950 Τίνες
1378 2888 1474 2942 καὶ
1501 2891 1674 2942 ὁποῖοι
1709 2887 1860 2959 αὑτῷ

281 2982 325 3035 οί
353 2982 543 3034 σκοποὶ
583 2977 678 3043 οὓς
735 2978 1002 3050 προάγειν
1039 2977 1319 3041 ἐϐούλετο,
1371 2976 1441 3030 δι’
1475 2970 1551 3030 ὧν
1596 2976 1694 3031 καὶ
1757 2976 1860 3047 τὴν

282 3072 476 3137 τούτοις
510 3072 882 3144 ἐξεργάσαιτο
908 3070 1296 3143 παρανομίαν;
1326 3055 1517 3133 ποίους
1541 3069 1859 3141 φληνάφους

283 3165 365 3218 καὶ
406 3164 798 3236 τερατολογίας
841 3161 1088 3235 ἐξευρεῖν
1129 3162 1268 3234 πρὸς
1307 3161 1630 3232 δυσφημίαν
1677 3158 1858 3213 αὐτῶν

1963 1992 2068 2047 que
2084 1978 2311 2033 consilia
2350 1994 2470 2047 quze
2493 1977 2802 2034 inconsulto
2825 1987 2880 2032 et
2911 1976 3213 2045 irreligiose
3248 1976 3553 2042 producere

1963 2070 2197 2131 volebat,
2233 2070 2352 2125 sine
2401 2071 2508 2125 ullo
2547 2079 2823 2139 respectu,
2860 2067 3202 2123 venerandas
3231 2075 3550 2122 Sanctorum

1962 2177 2259 2233 sacrasque
2306 2164 2601 2217 memorias
2646 2163 3047 2218 contumeliose
3087 2160 3409 2223 tractando,
3456 2161 3553 2215 de-

1963 2268 2113 2307 mum
2166 2252 2437 2306 desinant.
2497 2250 2595 2306 llle
2642 2261 2823 2307 autem
2881 2267 3053 2322 pauca
3116 2266 3147 2306 e
3194 2250 3380 2304 multis
3428 2264 3553 2318 quas

1963 2345 2147 2405 animo
2173 2345 2543 2399 destinaverat
2572 2355 2902 2410 exsecutus,
2964 2358 3270 2413 magnaque
3331 2343 3554 2410 insuper

1963 2436 2008 2491 si
2042 2437 2250 2492 diutius
2279 2437 2523 2491 stetisset
2547 2435 2883 2492 detrimenta
2912 2435 3199 2497 illaturus,
3235 2436 3354 2488 siue
3385 2433 3554 2486 ditbio

1962 2542 2109 2599 aegre
2156 2527 2329 2584 ferret
2375 2528 2422 2584 si
2472 2529 2720 2596 viveret,
2768 2528 2876 2584 nisi
2928 2538 2984 2583 et
3038 2526 3246 2597 reliqua
3295 2540 3553 2580 consum-

1963 2626 2193 2674 masset.

2032 2806 2085 2859 7.
2119 2803 2260 2872 Quid
2299 2803 2446 2859 enim
2500 2803 2569 2859 de
2605 2802 2920 2859 caelestibus
2973 2802 3206 2858 dixisset
3236 2800 3442 2856 sanctis
3487 2814 3553 2856 ac

1962 2895 2426 2965 supramundanis
2462 2894 2761 2965 potentiis?
2784 2893 2939 2961 Quod
2979 2908 3155 2962 genus
3194 2891 3423 2947 fuissent
3455 2892 3554 2945 de-

1962 2987 2316 3042 liberationes
2378 2985 2533 3054 ejus,
2581 3000 2718 3055 quas
2771 2993 2891 3040 erat
2941 2984 3275 3053 prolaturus,
3332 2992 3393 3037 ut
3442 2981 3553 3037 illis

1960 3080 2122 3134 etiam
2169 3079 2447 3149 negotium
2499 3077 2683 3147 inique
2738 3076 3080 3130 lacesseret?
3124 3075 3312 3144 quales
3377 3087 3552 3141 nugas

1963 3180 2126 3239 atque
2192 3170 2502 3239 prtestigias
2585 3168 2904 3222 adinveuire
2957 3167 3028 3221 ob
3086 3165 3367 3220 infamiam
3443 3165 3551 3220 illis

283 3255 776 3326 ἐκμηχανῶμενος;
817 3255 973 3310 Ἐπεὶ
1005 3253 1157 3326 αὐτῷ
1180 3255 1374 3325 καιρὸς
1403 3254 1589 3307 ἀνεῖτο
1615 3251 1856 3307 διασκώ-

1964 3260 2351 3331 aspergendam
2389 3259 2495 3330 73
2525 3258 2801 3314 curasset?
2833 3257 3099 3325 Quoniam
3133 3256 3181 3310 ei
3210 3257 3426 3311 occasio
3465 3256 3550 3309 fa-

285 3364 427 3403 πτειν
458 3348 558 3402 καὶ
616 3347 929 3417 περαίνειν,
967 3346 1030 3400 τὸ
1081 3346 1499 3419 ἀπερίγραπτον
1552 3345 1859 3418 ἐπιγράψαι

285 3443 385 3504 τοῖς
424 3440 688 3509 ἀγγέλοις
733 3443 1058 3512 προήγαγε·
1116 3438 1281 3509 δῆλον
1328 3441 1492 3493 παντὶ
1523 3440 1552 3493 ὃ
1589 3440 1653 3512 δὴ
1704 3439 1858 3510 φίλον

285 3530 420 3601 αὐτῷ
450 3533 545 3588 καὶ
585 3532 840 3602 σύνηθες,
867 3532 965 3585 καὶ
1002 3534 1070 3603 τῇ
1117 3532 1247 3606 δόξῃ
1281 3535 1346 3602 τῇ
1377 3532 1633 3586 δυσσεϐεῖ
1672 3549 1859 3586 συναι-

290 3622 519 3691 ρόμενον.
567 3621 1047 3693 Ἀπεριγράπτους
1076 3621 1188 3693 γὰρ
1226 3622 1293 3676 ἀν
1346 3639 1431 3685 τις
1466 3622 1665 3684 αὐτοὺς
1696 3622 1855 3693 φαίη,

286 3710 390 3764 ἀλλ’
430 3713 490 3766 οὐ
545 3714 764 3781 πάντηο
808 3710 888 3783 τῷ
931 3707 1139 3783 ἦρχθαι
1208 3710 1318 3781 γὰρ
1392 3710 1855 3784 περιγράφονται,

288 3805 500 3878 ἐπείπερ
529 3808 630 3861 καὶ
652 3807 808 3861 αὐτοὶ
834 3804 933 3861 τοῦ
963 3801 1105 3859 εἶναι
1133 3786 1392 3877 ἡρξαντο.
1422 3803 1491 3858 ’⁸0
1519 3804 1576 3857 δὲ
1598 3803 1693 3857 τοῦ
1717 3799 1858 3871 εἶναι

286 3898 517 3952 ὁπωσοῦν
572 3897 807 3971 ᾕρξατο,
853 3898 1205 3969 περιγραφῆς
1261 3895 1323 3949 οὐ
1368 3895 1603 3967 πάμπαν
1637 3892 1856 3948 ἐλεύθε-

290 4004 402 4057 ρονο
426 3990 518 4044 καὶ
547 3972 834 4061 κτίσματά
856 4006 921 4059 γε
944 3989 1118 4053 ὅντες,
1156 3987 1262 4041 ὑπὸ
1297 3987 1391 4041 τοῦ
1420 3986 1720 4050 Κτίσαντος
1751 3984 1862 4056 ὀρί-

287 4076 474 4141 ζονται.
526 4080 692 4135 Ἀλλά
726 4080 834 4153 μὴν
880 4080 977 4135 καὶ
1032 4079 1339 4149 καταλήψει
1389 4077 1853 4148 περιγράφονται.

289 4172 426 4225 Καθδ
456 4173 565 4245 γὰρ
621 4174 742 4238 νόες
781 4174 908 4239 εἰσὶ,
956 4173 1307 4226 κοινωνοῦσιν
1338 4170 1593 4240 ἀλλήλοις
1626 4168 1757 4239 περὶ
1788 4169 1859 4222 τὰ

287 4265 539 4334 νοήματα,
574 4266 670 4320 καὶ
702 4266 802 4337 τὴν
828 4265 992 4336 φύσιν
1026 4266 1120 4319 ἐπὶ
1152 4265 1320 4318 ποσὸν
1346 4262 1597 4334 ἀλλήλων
1627 4262 1811 4315 ἴσασιν
1839 4277 1854 4293 ο

290 4351 339 4404 ἐν
366 4357 468 4427 γὰρ
496 4353 639 4419 εἶδος
667 4356 1025 4427 περιγραφῆς
1059 4355 1156 4409 καὶ
1186 4356 1220 4426 ἡ
1266 4353 1595 4425 κατάληψις.
1630 4354 1770 4415 Νόες
1796 4351 1856 4406 δὲ

289 4447 444 4510 ὄντες,
481 4452 576 4502 καὶ
607 4453 665 4502 ἐν
694 4449 883 4511 τόποις
913 4450 1127 4519 νοητοῖς
1175 4449 1317 4501 είσιν
1338 4462 1353 4477 ⁶
1407 4446 1469 4500 οὐ
1517 4449 1625 4517 μήν
1654 4463 1717 4510 γε
1751 4463 1857 4498 σω·-

1960 3352 2362 3421 vebatjocandi
2418 3363 2476 3406 et
2519 3351 2858 3422 propositum
2894 3364 3053 3404 suum
3102 3347 3547 3412 consummandi,

1907 3498 1918 3507 ,
1961 3444 2582 3514 incircumscripliouem
2609 3442 2817 3512 angelis
2847 3455 3067 3512 quoque
3096 3441 3400 3496 attribuere
3448 3455 3549 3510 ag-

1959 3553 2181 3606 gressus
2211 3537 2439 3603 fuisset;
2471 3536 2614 3605 quod
2652 3547 2814 3588 nemo
2851 3548 2956 3587 non
2996 3532 3146 3587 videt
3172 3541 3387 3601 gratum
3445 3531 3547 3600 ipsi

1960 3630 2201 3684 futurum
2231 3629 2396 3684 fuisse
2420 3637 2476 3683 et
2501 3638 2824 3683 consuetum
2855 3625 3145 3694 impizeque
3177 3638 3291 3679 suae
3322 3632 3548 3678 senten-

1961 3723 2050 3777 tiae
2081 3721 2455 3776 subserviens.
2483 3717 2731 3789 Namque
2769 3715 2995 3785 angelos
3032 3713 3547 3783 incircumscriptos

1959 3817 2104 3868 dicet
2133 3814 2350 3883 quidem
2385 3812 2608 3878 aliquis,
2642 3809 2739 3864 sed
2772 3823 2876 3864 non
2907 3808 3167 3873 omnino;
3195 3807 3396 3861 etenim
3431 3806 3546 3860 ori-

1959 3907 2086 3976 gine
2128 3914 2281 3960 certe
2311 3903 2860 3964 circumscribuntur,
2887 3903 3014 3970 quia
3047 3908 3103 3954 et
3130 3899 3231 3967 ipsi
3260 3906 3548 3964 coeperunt

1957 3997 2248 4053 exsistere.
2292 3995 2445 4062 Quod
2474 4003 2650 4049 autem
2676 3992 3168 4063 quomodocuuque
3198 4004 3322 4045 esse
3355 3989 3544 4055 ςωμίι,

1959 4108 2064 4144 non
2099 4089 2327 4144 omnino
2358 4086 2879 4150 circumscriptione
2930 4092 3118 4147 caret;
3160 4095 3395 4150 cumque
3439 4082 3551 4134 sint

1958 4191 2248 4246 creatum,
2282 4194 2312 4233 a
2349 4177 2622 4233 Creatore
2657 4174 2985 4229 Iitnitantur.
3036 4172 3152 4227 lmo
3187 4173 3350 4227 etiam
3387 4171 3550 4225 intel-

1958 4268 2691 4339 lectualicomprehensione
2737 4267 3023 4319 finiuntur.
3069 4266 3354 4331 Quatenus
3399 4263 3547 4315 enim

1958 4371 2168 4417 mentes
2209 4368 2371 4423 sunt,
2434 4358 2848 4415 communicant
2902 4359 3045 4411 inter
3086 4371 3146 4410 se
3184 4354 3546 4424 cogitationes

1957 4470 2106 4519 suas,
2130 4460 2488 4520 mutuamque
2508 4459 2759 4505 naturam
2783 4450 3129 4518 aliquatenus
3158 4456 3387 4501 noscunt
3403 4446 3540 4516 (84);

294 4539 518 4605 ματικῶς
543 4541 578 4611 ἢ
635 4539 911 4611 αἰσθητῶς
943 4539 1247 4609 ὁρίζονται.
1300 4539 1564 4608 Σώματος
1611 4540 1722 4609 γὰρ
1752 4537 1854 4591 οὐκ

1961 4560 2122 4615 porro
2151 4545 2427 4615 quoddam
2457 4540 2988 4610 circumscriptionis
3020 4554 3191 4608 genus
3211 4578 3226 4603 ,
3252 4548 3337 4594 est
3377 4541 3544 4593 etiam

291 4629 447 4695 ὄντος,
473 4634 572 4687 καὶ
609 4633 700 4687 διὰ
722 4633 881 4686 τοῦτο
914 4633 1034 4687 οὐδὲ
1066 4633 1346 4703 σχήματος
1375 4632 1499 4685 οὐδὲ
1526 4631 1696 4699 ὄγκου
1728 4629 1851 4683 οὒτε

292 4722 440 4778 τύπου
488 4725 827 4797 σωματικοῦ,
862 4727 1092 4788 εἰκότως
1143 4725 1266 4778 οὐδέ
1311 4726 1369 4777 ἐν
1406 4724 1560 4795 τόπῳ
1608 4722 1853 4794 αἰσθητῷ

296 4818 791 4889 περισχεθήσονται.
838 4818 979 4872 Ἀλλ’
1007 4821 1088 4876 οὺ,
1118 4818 1249 4889 περὶ
1279 4816 1471 4870 τούτου
1507 4815 1603 4870 νῦν
1632 4818 1764 4886 ἡμῖν
1792 4816 1854 4869 τὸ

294 4909 656 4978 προκείμενον.
708 4910 782 4963 Οὐ
819 4910 931 4980 γὰρ
981 4912 1031 4963 εἰ
1080 4910 1537 4981 περιγράφονταῑν
1577 4909 1610 4979 ἦ
1648 4910 1744 4979 μὴν
1793 4908 1853 4962 τδ

296 5000 669 5071 σκοπούμενον,
711 5002 827 5056 ἀλλ’
874 5002 925 5055 εί
976 5001 1281 5073 γράφονται
1324 5002 1420 5054 καὶ
1470 5000 1849 5065 εἰκονίζονται.

295 5087 405 5142 Δέον
431 5092 536 5163 γὰρ
571 5092 807 5147 ἐνταῦθα
846 5093 947 5156 τὰς
995 5092 1192 5162 κυρίας
1221 5092 1449 5146 τουτωνὶ
1496 5092 1608 5145 τῶν
1657 5091 1854 5161 φωνῶν

299 5185 793 5255 μεταχειρίσασθαι·
864 5185 1007 5248 ὅσως
1053 5184 1162 5256 γὰρ
1209 5184 1456 5256 διαφέρει
1506 5185 1608 5256 τῆς
1657 5185 1853 5256 ἐτέρας

299 5268 530 5345 ἑκατέρα,
568 5276 764 5349 βραχεῖ
804 5277 1034 5348 ὕστερον
1069 5277 1373 5348 εἰρήσεται.

361 5539 422 5610 η’.
476 5547 580 5601 Καὶ
607 5547 782 5619 τούτῳ
821 5548 920 5619 μὲν
949 5550 977 5601 ό
1003 5548 1161 5617 λόγος
1189 5548 1246 5601 ἐν
1280 5548 1522 5619 σχήματι
1570 5549 1664 5602 καὶ
1708 5549 1845 5603 ὑπο-

305 5633 458 5702 κρίσει
503 5643 790 5714 προήγετο,
846 5641 1207 5712 πλαττομένῳ
1259 5641 1336 5705 ὼς
1392 5640 1460 5694 ἂν
1508 5641 1680 5709 δόξειε
1735 5643 1851 5707 τοῖς

369 5764 611 5847 (84111³νο
635 5789 804 5847 super,
836 5790 894 5832 re
926 5774 1201 5846 elegantes
1223 5776 1427 5847 aliquot
1461 5778 1836 5834 meditationes

1958 4636 2395 4704 comprehensio.
2430 4636 2674 4702 Cumque
2700 4634 2816 4687 sint
2842 4641 3073 4697 mentes,
3109 4632 3161 4686 in
3192 4631 3543 4687 intellectua-

1956 4728 2098 4781 lihus
2124 4727 2258 4781 locis
2295 4735 2465 4790 sunt,
2504 4726 2647 4779 haud
2683 4738 2812 4779 vero
2839 4723 3203 4792 corporaliter
3243 4731 3335 4777 aut
3369 4723 3545 4778 sensi-

1955 4818 2136 4874 biliter
2179 4817 2507 4871 limitautur.
2573 4815 2705 4870 Siue
2753 4827 2988 4883 corpore
3057 4823 3273 4877 autent,
3311 4813 3548 4884 ideoque

1954 4911 2073 4966 sine
2114 4911 2310 4980 figura,
2345 4909 2464 4964 sine
2511 4907 2688 4973 mole,
2736 4908 2856 4963 siue
2904 4906 3075 4961 forma
3105 4921 3390 4977 corporea,
3429 4922 3548 4962 mc-

1954 5002 2061 5055 rito
2089 5016 2155 5056 ne
2184 5000 2302 5054 loco
2334 4998 2554 5069 quidem
2594 4997 2841 5053 sensibili
2869 4998 3247 5052 continentur.
3288 4995 3394 5050 Sed
3430 4997 3546 5052 haec

1954 5105 2108 5149 extra
2144 5093 2481 5163 prepositum
2531 5100 2777 5145 nostrum
2829 5097 2979 5144 sunt.
3032 5088 3149 5145 Non
3188 5090 3333 5144 enim
3362 5099 3542 5142 utrum

1954 5183 2503 5246 circumscribautur,
2531 5196 2600 5234 au
2634 5194 2815 5243 secus,
2852 5194 2999 5234 nunc
3022 5194 3304 5240 curamus,
3342 5179 3437 5232 sed
3472 5193 3540 5231 an

1955 5275 2101 5346 pingi
2133 5289 2197 5328 ac
2236 5274 2452 5344 figurari
2484 5282 2711 5342 queant.
2742 5272 2998 5338 Oportuit
3041 5282 3227 5326 autem
3274 5272 3379 5324 hoc
3422 5269 3543 5324 luco

1957 5366 2274 5437 principalia
2312 5382 2491 5418 rerum
2526 5366 2718 5420 harum
2758 5379 3026 5434 usurpare
3062 5362 3364 5423 vocabula;
3410 5375 3534 5431 qua:

1956 5468 2224 5528 quatenus
2275 5458 2418 5511 inter
2443 5472 2501 5512 se
2531 5456 2806 5519 dill'erant,
2839 5457 2999 5526 paulo
3051 5462 3175 5523 post.
3205 5455 3440 5509 dicetur.

2027 5550 2081 5605 8.
2120 5550 2185 5604 Et
2211 5548 2491 5604 Matnonas
2530 5549 2747 5618 quidem
2775 5563 3061 5604 sermones
3101 5562 3233 5603 suos
3291 5562 3412 5603 cum
3460 5546 3540 5601 si-

1960 5640 2261 5698 mulatione
2322 5639 2709 5712 bypocrisique
2764 5637 3069 5694 elfcrebat.
3145 5638 3284 5693 dans
3344 5637 3541 5693 callide

1950 5777 2218 5832 Vaticano
2253 5777 2308 5832 in
2333 5777 2459 5834 adn.
2516 5776 2581 5833 ad
2611 5776 2741 5835 'Cic.
2795 5775 2870 5832 De
2927 5791 3033 5847 rep.
3074 5773 3186 5830 AA.
3221 5774 3384 5831 class.
3417 5780 3452 5827 t.
3493 5769 3541 5841 l.

307 5828 460 5893 Procli
489 5841 604 5913 lycii
638 5828 890 5903 manus
932 5828 1329 5918 ainant};
1355 5828 1837 5907 cadatcadit-'6
1945 5828 2299 5925 [$366-$631
