4050 6440
481 376 583 441 347

1504 382 1562 440 S.
1605 378 2027 441 NICEPHORI
2066 375 2571 438 PATRIARCHE
2617 376 2726 434 ΕΡ.

3630 372 3726 439 348

479 497 807 557 operantut
854 487 993 558 frugi
1052 488 1257 558 aliquid
1305 490 1583 545 videretur
1633 492 1961 546 multitudini
2007 493 2048 544 in

2163 488 2376 550 πολλοῖς
2409 486 2687 554 ἀξιόλογόν
2738 503 2789 539 τι
2841 484 2970 554 περὶ
3024 483 3132 536 τῶν
3183 484 3560 554 προκειμένων
3588 487 3727 558 αὐτῷ

483 581 761 650 pr0posito
791 596 889 634 suo
911 581 1186 635 meditari.
1223 581 1298 635 lie
1327 593 1507 636 tamen
1539 599 1664 636 vera
1693 593 2058 652 pra‘potenter

481 673 588 724 vim
627 671 940 733 adhibebat,
980 686 1084 739 qua
1118 677 1314 724 cuncta
1358 671 1461 725 sibi
1495 671 1688 739 placita
1719 671 2054 738 exsequeba-

483 773 586 818 tur.
624 763 729 816 Sed
765 763 908 816 enim
944 778 1041 816 nos
1073 765 1161 831 qui
1209 762 1454 836 veritatis
1481 763 1778 816 doctrinam
1813 763 2053 816 defendi-

483 870 624 914 tnus,
657 853 834 920 deque
880 853 982 906 hac
1020 855 1182 905 verba
1215 851 1476 914 facimus,
1514 851 1654 918 quod
1703 851 1878 922 angeli
1933 853 2057 921 pin—

481 954 681 1010 gantur
741 959 802 998 ac
828 944 1149 1014 ﬁgurentur,
1173 945 1410 997 breviter
1431 945 1612 996 omnia
1630 945 2057 1011 complectendus

480 1035 820 1090 docebimus.
863 1036 1109 1104 Namque
1144 1038 1194 1088 in
1240 1036 1431 1103 primis
1474 1036 1524 1090 id
1575 1035 1715 1089 facta
1759 1046 2052 1099 testantur,

478 1143 598 1196 qtae
632 1127 867 1194 objectis
909 1129 1041 1180 visui
1096 1136 1287 1180 nostro
1338 1128 1672 1196 spectaculis
1713 1137 1828 1182 tuto
1857 1128 2056 1181 contir-

478 1229 713 1280 mantur,
755 1219 964 1288 Ubique
999 1221 1144 1272 enim
1203 1231 1474 1273 terrarum
1526 1235 1622 1289 per
1648 1235 1805 1275 sacra
1859 1219 2052 1288 templa

478 1310 787 1364 ltistorialcs
818 1312 1047 1378 picturae
1087 1311 1367 1364 abundant
1402 1313 1575 1366 SilCl'iS
1612 1310 2053 1378 incorporearum

476 1401 840 1468 potentiarum
887 1403 1094 1470 lignris,
1139 1401 1189 1454 id
1238 1403 1380 1470 quod
1426 1417 1454 1453 a
1488 1401 1772 1455 catholica:
1795 1401 2055 1454 Ecclesia:

474 1492 779 1558 antiquitus
813 1504 1035 1560 accepta
1080 1493 1376 1546 traditione
1418 1492 1527 1546 vim
1566 1501 1756 1546 tenet:
1792 1493 1947 1562 cujus
1979 1493 2053 1548 rei

475 1583 1006 1637 demonstrationem
1059 1589 1373 1652 exquirere,
1429 1599 1649 1638 omnem
1681 1592 1906 1653 superat
1943 1594 2056 1638 sto-

475 1671 744 1727 liditatem
789 1686 952 1744 atque
984 1676 1301 1732 stultitiam.
1337 1677 1542 1732 Deinde
1569 1679 1734 1732 etiam
1766 1693 1795 1730 a
1837 1678 2052 1731 divino-

472 1781 597 1819 rum
630 1767 976 1820 oraculorum
1030 1770 1346 1836 magisterio
1388 1769 1528 1823 idem
1565 1772 1840 1824 docemur.
1874 1770 2052 1836 Atque

472 1867 531 1909 ttt
573 1873 600 1909 a
642 1859 930 1926 principali
980 1861 1200 1927 Deoque
1235 1862 1482 1928 proximo
1513 1862 1874 1929 primitnsrlue
1903 1862 2050 1916 illinc

470 1946 764 2016 ciTulgente
792 1950 986 2002 ordine
1025 1949 1140 2015 (85)
1187 1952 1564 2012 exordiantur.
1608 1951 1893 2005 videamus
1921 1952 2047 2019 quid

471 2039 537 2092 de
587 2042 925 2120 ornamentis
966 2057 1108 2094 arca:
1146 2043 1196 2094 in
1243 2043 1400 2109 legali
1459 2042 1808 2096 tabernaculo
1858 2043 2049 2112 posita:

469 2131 668 2186 Paulus
735 2133 878 2185 dicat
939 2147 954 2185 :
1019 2133 1292 2202 Superque
1342 2150 1462 2187 eam
1521 2133 1802 2189 Clterubim
1861 2134 2049 2204 gloria:

470 2223 841 2276 obnmbrantia
896 2225 1332 2291 proliitiatorium
1384 2226 1453 2280 ³⁸.
1510 2226 1801 2280 Clterubiui
1866 2237 2046 2280 autem

471 2315 677 2383 gloriae,
718 2315 1034 2384 gloriﬁcati,
1079 2327 1133 2369 et
1171 2317 1416 2387 gloriosi,
1451 2329 1504 2372 et
1531 2319 1671 2371 infra
1704 2318 1891 2392 Deum,
1928 2320 2049 2384 iure

472 2406 777 2475 meritoque
811 2406 879 2459 ab
913 2407 1178 2462 Ecclesia:
1221 2411 1499 2479 magistris
1535 2414 1855 2466 creduntur.
1877 2411 2049 2466 Porro

468 2497 761 2566 signiﬁcari
798 2497 900 2551 hoc
939 2499 1158 2552 nomine
1193 2502 1404 2570 copiam
1450 2502 1694 2556 scientia:
1721 2510 1887 2571 atque
1913 2500 2049 2557 eﬂ'n-

469 2587 678 2639 siouem
715 2587 1016 2654 Sapientim,
1051 2587 1405 2644 llebrtnorutn
1435 2591 1613 2661 lingua
1640 2593 2044 2658 noviLQuinam

469 2691 603 2729 vero
633 2677 683 2730 hi
727 2679 889 2732 sunt?
935 2680 992 2734 Si
1042 2679 1321 2735 Mmuonas
1361 2698 1524 2738 aures
1555 2685 1740 2737 auditu
1792 2686 2047 2753 praeditas

473 2768 724 2833 haberet,
749 2770 995 2823 audisset
1029 2772 1221 2839 utique
1253 2773 1658 2842 manilesteque
1681 2777 2043 2844 ceguovisset,

426 2934 430 2938 ι
469 2871 577 2908 non
606 2857 727 2909 illos
775 2860 1581 2926 angustissimosCherubinos
1622 2864 1706 2918 his
1743 2865 1919 2919 verbis
1948 2865 2044 2919 de-

469 2947 696 3013 signari,
740 2947 830 3015 qtti
892 2959 1020 3002 sunt
1081 2951 1414 3020 incorporei,
1471 2955 1590 3007 sine
1653 2955 1826 3007 forma
1881 2967 2046 3024 atque

469 3036 676 3103 ﬁgura,
718 3037 1117 3092 intellectuales
1179 3055 1244 3094 ac
1305 3043 1636 3108 rationales;
1703 3046 1798 3097 sed
1858 3060 2046 3100 sacras

468 3130 649 3197 politis
684 3129 897 3182 illorum
929 3131 1211 3199 imagines,
1243 3147 1308 3187 ex
1341 3135 1628 3203 purissima
1667 3136 2044 3204 splendidissi-

466 3233 665 3284 ntaque
723 3221 952 3273 materia
992 3223 1347 3291 compositas,
1382 3227 1564 3279 aureis
1595 3226 1814 3279 laminis
1853 3242 2045 3281 aurea-

466 3322 573 3374 que
603 3308 859 3361 etelatura
909 3310 980 3363 ab
1039 3313 1293 3367 humatus
1349 3316 1601 3368 manibus
1660 3315 1767 3369 Dco
1823 3316 2046 3385 jubeute

468 3400 785 3466 fabricatas,
842 3402 1130 3471 inanimes,
1163 3407 1281 3460 sine
1334 3418 1476 3462 motu
1504 3424 1568 3464 ac
1630 3426 1815 3476 sensu,
1856 3414 2043 3466 eodem

469 3508 536 3544 ac
569 3491 642 3544 illi
672 3495 890 3546 nomine
921 3495 1240 3562 appellatas,
1273 3499 1660 3567 appellationis
1689 3502 1847 3556 simul
1875 3503 2046 3572 parti-

468 3583 617 3653 cipes
647 3594 700 3638 et
734 3585 918 3655 gloriae
941 3587 1238 3658 gratiaeque
1265 3602 1562 3659 compotes.

543 3858 683 3925 Quid
722 3874 852 3928 ergo
888 3857 1003 3914 ﬁeri
1033 3860 1356 3929 oportebat?
1385 3861 1624 3920 Credere
1657 3864 1781 3920 his?
1811 3882 1877 3921 an
1905 3865 2047 3920 Pau-

470 3951 580 4004 lum
622 3951 738 4006 haec
793 3952 1061 4006 dicentem
1113 3954 1379 4021 rejicere?
1421 3954 1730 4011 Jucuudum
1773 3959 1875 4012 hoc
1919 3973 2049 4027 gra-

481 4055 714 4113 tumque
752 4044 1014 4099 Mamonm
1047 4045 1260 4110 fuisset,
1296 4049 1482 4116 procul
1507 4065 1699 4119 nempe
1729 4052 1795 4105 ab
1827 4065 2048 4121 aposto-

471 4134 575 4186 lit-a
623 4134 868 4189 doctrina
938 4135 1047 4206 74
1101 4138 1405 4200 discedere,
1466 4151 1628 4207 atque
1679 4139 2047 4194 Christianum

469 4239 592 4278 esse
617 4224 868 4277 desinere
897 4243 911 4279 :
937 4228 1065 4293 quitt
1096 4227 1232 4280 adeo
1255 4244 1321 4282 ne
1357 4228 1524 4300 Moysi
1557 4230 1775 4299 quidem
1801 4235 2044 4296 credere,

471 4317 563 4386 qui
606 4315 703 4369 hos
729 4327 1051 4372 construere
1079 4317 1267 4382 iuseus
1298 4320 1429 4388 fuit;
1473 4337 1647 4390 neque
1676 4324 1957 4376 Hebraeum
1990 4338 2050 4378 se

472 4411 740 4477 proﬁteri,
787 4419 843 4464 et
897 4411 939 4463 si
974 4411 1104 4478 quid
1144 4413 1227 4465 his
1276 4414 1562 4467 enormius
1603 4415 1893 4469 dicendum
1943 4424 2047 4480 est,

2161 580 2408 650 θεωρεῖν.
2439 579 2570 640 Ταῖς
2595 576 2876 646 ἀληθείαις
2905 576 2962 629 δὲ
2986 578 3050 646 τῇ
3077 576 3299 648 ἐξουσίᾳ
3315 577 3730 652 καταχρώμενος

2158 672 2453 740 ἐπέτρεπε,
2487 670 2555 724 δι’
2586 664 2653 740 ἧς
2681 668 2742 722 τὸ
2774 669 2882 721 πᾶν
2912 667 3022 720 τῶν
3053 667 3359 722 δοκούντων
3387 667 3728 740 κατώρθωτο.

2171 763 2333 832 Ἡμῖν
2361 763 2420 817 δὲ
2451 765 2563 826 τοῖς
2593 761 2686 814 τοῦ
2717 761 2878 828 λόγου
2913 759 3014 828 τῆς
3044 758 3306 828 ἀληθείας
3342 762 3725 832 προεστηκόσι,

2157 856 2251 907 καὶ
2279 857 2371 908 τὸν
2399 855 2758 924 περὶτούτων
2783 854 2944 920 λόγον
2977 851 3350 922 ποιουμένοις,
3373 853 3456 906 δτι
3489 854 3581 906 καὶ
3602 855 3729 924 γρά-

2158 965 2348 1016 φονται
2377 948 2472 1000 καὶ
2501 946 2862 1011 είκονίξονται
2891 948 2939 998 oi
2967 945 3113 1012 ἅγιοι
3137 945 3385 1013 ἄγγελοι,
3417 944 3492 1008 ὡς
3518 947 3574 998 ἐν
3604 945 3728 1017 βραο

2156 1044 2242 1109 χεῖ
2283 1040 2345 1092 τὸ
2394 1042 2504 1092 πᾶν
2537 1039 2993 1108 είσενεχθήσεται.
3046 1037 3269 1106 Πρῶτον
3316 1037 3417 1106 μὲν
3447 1036 3556 1106 γὰρ
3599 1037 3729 1090 αὐτὰ

2160 1134 2431 1201 μαρτυρεῖ
2480 1130 2549 1183 τὰ
2599 1130 2919 1200 πράγματα,
2955 1129 3098 1197 ειπερ
3143 1127 3231 1181 διὰ
3277 1126 3387 1180 τῶν
3445 1127 3728 1196 ὁρωμένων

2156 1225 2416 1292 ἡμῖν-καὶ
2456 1224 2547 1275 ὑπ’
2595 1222 2718 1292 ὄψιν
2765 1220 3038 1288 κειμένων
3092 1219 3356 1286 ἀσφαλῶς
3402 1217 3724 1289 βεϐαιοῦται.

2156 1314 2440 1384 Πανί-ταχοῦ
2480 1314 2589 1385 γὰρ
2618 1316 2722 1383 γῆς
2762 1312 2904 1366 κατὰ
2934 1311 3059 1375 τοὺς
3091 1312 3272 1380 ἱεροὺς
3316 1311 3480 1373 ναοὺς
3511 1312 3567 1364 αἱ
3596 1311 3728 1365 ἱστοο

2155 1409 2272 1480 ρίαι
2327 1407 2593 1476 πλήθουσι
2628 1406 2695 1458 τά
2750 1405 2862 1458 τῶν
2918 1403 3230 1472 ἀσωμάτων
3276 1402 3563 1471 δυνάμεων
3615 1402 3727 1472 ἱερά

2157 1499 2576 1569 ἀπεικάσματα,
2617 1497 2713 1550 καὶ
2759 1497 2858 1565 τῆς
2889 1495 3189 1564 καθολικῆς
3258 1493 3610 1564 Ἐκκλησίας,
3661 1493 3725 1545 δι’

2152 1585 2222 1660 ἦς
2258 1588 2319 1640 τὸ
2361 1587 2564 1658 κράτος
2605 1586 2850 1656 ἀρχῆθεν
2901 1586 3164 1653 κέκτηται
3218 1586 3250 1655 ἡ
3307 1583 3628 1652 παράδοσις·
3659 1576 3726 1637 ὧν

2155 1677 2431 1743 ἀπόδειξιν
2483 1678 2688 1746 ζητεῖν,
2725 1675 2909 1744 πάσης
2957 1675 3219 1729 ἐπέκεινα
3269 1674 3611 1744 ἠλιθιότητος
3642 1676 3728 1729 καὶ

2159 1769 2544 1839 ματαιότητος.
2581 1769 2818 1822 Ἔπειτα
2859 1766 2916 1820 δὲ
2957 1767 3053 1820 καὶ
3107 1768 3140 1836 ἡ
3182 1764 3290 1819 τῶν
3320 1765 3727 1835 θεοπαραδότων

2085 1840 2123 1892 Β
2157 1863 2353 1930 λογίων
2379 1862 2569 1931 σαφῶς
2598 1863 2744 1932 ἡμᾶς
2778 1859 3092 1914 ὲκπαιδεύει
3120 1858 3468 1913 διδασκαλία.
3504 1859 3612 1912 Καὶ
3648 1858 3726 1910 ἵνα

2158 1951 2251 2005 ἀπ’
2297 1951 2469 2019 αὐτῆς
2515 1951 2616 2020 τῆς
2671 1950 2986 2020 πρωτίστης
3029 1949 3122 2001 κα¹ι
3151 1949 3227 2011 ὼς
3263 1947 3554 2016 ἐγγυτάτω
3598 1947 3725 1999 Θεοῦ

2157 2044 2252 2096 καὶ
2303 2041 2373 2094 τὰ
2431 2041 2628 2112 πρῶτα
2682 2039 2892 2093 ἐκεῖθεν
2942 2039 3370 2108 ἑλλαμπομὲνης
3421 2036 3724 2108 ἀρξώμεθα,

2160 2135 2358 2205 ίδωμεν
2388 2135 2440 2187 τί
2469 2133 2579 2187 τῶν
2606 2134 2734 2204 περὶ
2767 2131 2866 2202 τὴν
2898 2131 3132 2184 κιῦωτδν
3170 2130 3359 2183 ἓνεκεν
3382 2129 3610 2194 τάξεως,
3637 2129 3728 2197 τῆς

2157 2229 2215 2280 ὲν
2245 2227 2394 2298 νόμῳ
2435 2226 2666 2296 σκηνῆς,
2703 2225 2840 2294 φησὶ
2869 2223 3109 2286 Παῦλος·
3161 2221 3474 2290 ’Υπερὰνω
3529 2220 3596 2273 δὲ
3625 2222 3728 2275 αὺ-

2156 2315 2268 2386 τῆς
2297 2316 2588 2384 Χερουϐὶμ
2642 2315 2829 2384 δόξης
2863 2314 3347 2378 κατασκιάζοντα
3380 2312 3446 2367 τὸ
3488 2311 3726 2377 ἱλαστή-

2148 2425 2305 2475 ριον.
2337 2405 2627 2478 Χερουϐὶμ
2655 2407 2712 2460 δὲ
2740 2405 2923 2474 δόξης,
2956 2405 3023 2459 τὰ
3045 2403 3443 2472 δεδοξασμένα,
3463 2401 3531 2454 τὰ
3552 2398 3726 2465 ἔνδοξα

2157 2502 2254 2552 καὶ
2277 2500 2538 2553 ὑποκάτω
2564 2497 2658 2551 τοῦ
2680 2497 2839 2562 Θεοῦ,
2871 2497 2948 2560 ὡς
2978 2495 3179 2564 ἄριστα
3207 2496 3322 2557 τοῖς
3357 2495 3727 2565 μυσταγωγοῖς

2155 2596 2253 2662 τῆς
2292 2592 2628 2663 Ἐκκλησίας
2649 2590 2827 2643 δοκεῖ·
2861 2590 3151 2660 σημαίνειν
3170 2587 3227 2640 δὲ
3249 2587 3515 2658 τοῦνομα,
3539 2583 3730 2656 πλῆθος

2155 2685 2408 2754 γνώσεως
2457 2685 2548 2737 καὶ
2595 2681 2754 2753 χύσιν
2782 2682 3039 2751 σοφίαςὴ
3103 2677 3376 2751 Ἐϐραίων
3417 2673 3527 2732 οἶδε
3563 2676 3725 2744 φωνή.

2156 2778 2293 2830 Τίνα
2329 2775 2384 2828 δὲ
2420 2776 2616 2838 ταῦτα,
2652 2776 2700 2826 εἰ
2731 2766 2844 2827 ὦτα
2873 2771 2988 2842 εἶχε
3020 2770 3116 2824 τοῦ
3145 2768 3393 2832 ἀκούειν,
3426 2769 3655 2838 ἤκουσεν
3669 2765 3728 2820 ἂν

2155 2870 2249 2921 καὶ
2278 2869 2493 2935 ἐπέγνω
2528 2866 2736 2934 σαφῶς,
2772 2867 2856 2918 ὅτι
2889 2865 2988 2918 οὐκ
3031 2862 3230 2925 αὐτοὺς
3269 2863 3398 2925 τοὺς
3430 2861 3727 2922 θειοτάτους

2154 2961 2248 3014 καὶ
2282 2959 2626 3029 ὑπερτάτους
2695 2958 2983 3027 Χερουϐὶμ
3025 2957 3053 3008 ὁ
3085 2954 3243 3023 λόγος
3295 2953 3646 3024 παρίστησιν,
3682 2949 3728 3002 οἳ

2137 3068 2216 3120 -γε
2243 3049 2530 3121 ἀσώματοί
2566 3050 2626 3102 τέ
2651 3051 2759 3102 εἰσι
2791 3048 2888 3102 καὶ
2915 3047 3148 3101 ἀνείδεοι
3181 3045 3273 3098 καὶ
3305 3044 3725 3114 ὰσχημάτιστοι,

2153 3143 2332 3212 νοεροί
2366 3159 2426 3194 τε
2456 3143 2551 3195 καὶ
2597 3140 2810 3210 λογικοὶ
2856 3139 3222 3208 τυγχάνουσιν
3245 3154 3261 3171 ο
3294 3138 3436 3192 ἀλλὰ
3479 3139 3598 3191 κατ’
3640 3135 3731 3188 αύ-

2146 3237 2277 3296 τοὺς
2306 3234 2428 3304 ἱερὰ
2474 3233 2944 3302 ἁπεικονίσματα,
2986 3232 3132 3300 άπερ
3157 3230 3217 3296 ἐξ
3249 3231 3389 3301 ὕλης
3430 3233 3531 3302 τῆς
3565 3227 3728 3283 καθα-

2149 3323 2398 3394 ρωτάτης
2439 3323 2533 3376 καὶ
2578 3322 2978 3392 λαμπροτάτης
3027 3320 3426 3385 διεσκεύαστο,
3470 3321 3536 3375 τά
3567 3337 3728 3391 χρυσ-

2149 3413 2345 3484 ήλατα,
2367 3412 2437 3465 τὰ
2459 3413 2886 3484 χρυσοτόρευτα,
2906 3412 2972 3465 τὰ
2994 3413 3182 3483 χερσὶν
3208 3412 3582 3482 ἀνθρωπείαις
3599 3403 3728 3465 Θεοῦ

2149 3507 2581 3576 προστάττοντος
2624 3502 2992 3575 διησκημένοι,
3029 3503 3097 3556 τά
3149 3503 3354 3571 ἄψυχα,
3386 3503 3452 3555 τά
3484 3502 3724 3570 ἀκίνητα,

2147 3596 2215 3650 τὰ
2231 3597 2558 3667 ἀναίσθητα,
2581 3596 2890 3665 ὁμωνύμως
2921 3594 3151 3656 ἐκείνοις
3182 3591 3722 3665 προσαγορευόμενα,

2148 3691 2247 3759 τῆς
2270 3705 2329 3741 τε
2369 3687 2744 3759 προσηγορίας
2770 3690 3132 3759 μετασχόντα,
3157 3685 3252 3740 καὶ
3275 3684 3436 3756 δόξης
3459 3683 3727 3755 ὴξιωμένα

2089 3816 2100 3827 .
2149 3781 2246 3834 καὶ
2285 3779 2531 3848 χάριτος.

2220 3870 2286 3922 Τί
2319 3865 2412 3923 οὖν
2458 3869 2661 3938 ὲχρῆνς
2711 3866 3002 3920 Πείθεσθαι
3044 3865 3282 3930 τούτοις,
3322 3864 3354 3935 ἢ
3410 3864 3726 3934 διαγράφειν

2151 3959 2366 4016 Παῦλον
2390 3959 2568 4014 ταῦτα
2600 3960 3019 4029 διαλεγόμενον;
3065 3959 3196 4011 Ἡδὺ
3240 3957 3403 4012 τοῦτο
3442 3957 3588 4028 αὐτῷ
3638 3955 3724 4010 καὶ

2151 4054 2345 4124 χαρίεν
2379 4053 2600 4123 μακρὰν
2641 4053 2740 4122 τῆς
2772 4049 3143 4117 άποστολικῆς
3186 4049 3536 4113 διδασκαλίας
3579 4047 3726 4102 ἀποί-

2150 4144 2366 4214 χεσθαι,
2396 4144 2492 4196 καὶ
2514 4141 2844 4214 ταύτῃ”γοῦν
2872 4143 2932 4194 οὗ
2973 4140 3075 4195 κᾶν
3104 4142 3438 4211 Χριστιανὸν
3463 4140 3726 4215 χρηματί-

2153 4247 2279 4286 σαι·
2321 4233 2370 4284 εἰ
2420 4232 2478 4285 δὲ
2524 4230 2645 4284 οὐδὲ
2680 4231 2890 4299 Μωῦσῇ
2932 4229 3163 4282 ἕπεσθαι
3206 4229 3287 4300 τῷ
3337 4231 3513 4285 ταῦτα
3544 4232 3722 4284 κελευ-

2153 4322 2337 4376 σθέντι
2367 4321 2762 4393 τεκτήνασθαι,
2791 4321 2912 4374 οὐδὲ
2947 4320 3202 4391 Ἐΰραῖον
3233 4320 3503 4390 ὑπάρξαι,
3556 4322 3648 4374 καὶ
3680 4322 3724 4372 εί

2150 4414 2233 4467 δεῖ
2279 4415 2339 4468 τὸ
2369 4414 2577 4467 τούτων
2611 4415 2788 4467 εἰπεῖν
2820 4413 3226 4484 ἀπηχέστερον,
3256 4413 3379 4466 οὐδὲ
3435 4414 3596 4468 αὐτὸν
3644 4411 3726 4466 δέ-

476 4518 652 4570 neque
685 4502 792 4557 Deo
815 4503 1168 4571 acquiescere
1190 4505 1279 4572 qui
1310 4505 1408 4559 hos
1437 4505 1552 4560 ﬁeri
1585 4508 1880 4560 mandavit.
1911 4507 2048 4574 Quid

2153 4505 2347 4571 ξασθαι
2382 4505 2513 4558 Θεὸν
2555 4497 2729 4558 ταῦτα
2771 4503 3174 4575 προστάξαντα.
3213 4504 3279 4557 Τί
3318 4504 3428 4575 γάρ
3488 4521 3651 4574 φησιν
3699 4504 3725 4555 ὁ

469 4595 614 4649 enim
641 4596 776 4648 dixit
803 4595 854 4649 in
891 4595 1118 4650 oraculo
1144 4597 1282 4650 Deus
1315 4598 1534 4668 proprio
1562 4599 1792 4664 famulo?
1817 4586 2044 4665 ‘Videsis,

471 4686 648 4737 omnia
685 4684 844 4750 {acies
878 4684 1037 4752 juxta
1076 4683 1169 4736 tibi
1219 4696 1484 4738 ostensum
1522 4686 1836 4752 exemplar;
1889 4696 2048 4754 atque

473 4776 618 4828 illinc
653 4775 747 4828 tibi
801 4777 1126 4830 innotescunt
1182 4776 1251 4843 “,
1316 4793 1382 4831 ex
1436 4777 1764 4831 Cherubinis
1815 4778 2044 4831 scilicet.

472 4871 626 4921 Anne
656 4867 822 4935 igitur
855 4869 1206 4922 honorabiles
1241 4884 1345 4921 non
1383 4869 1639 4922 videntur
1667 4884 1731 4922 ac
1755 4869 2046 4921 venerandi

470 4959 571 5025 illi,
606 4959 746 5012 unde
792 4961 930 5014 Deus
972 4960 1286 5014 hominibus
1328 4960 1656 5014 innoteSt-it?
1694 4957 1866 5013 Nemo
1907 4959 2048 5013 divi-

471 5067 666 5107 narum
719 5069 898 5107 rerum
945 5068 1204 5108 reverens
1255 5068 1360 5107 non
1395 5053 1748 5108 asscntietur.
1781 5051 1880 5118 Qui
1917 5066 2048 5106 vero

473 5142 554 5196 his
577 5145 966 5199 contumeliam
997 5143 1148 5210 iacit,
1172 5159 1408 5212 quanam
1434 5154 1584 5199 sorte
1621 5145 1936 5206 donabitur,
1963 5143 2050 5197 vel

472 5235 795 5300 quibusnam
828 5235 1256 5289 acecnsebitur‘!
1301 5235 1485 5290 Facile
1529 5235 1578 5288 id
1610 5240 1842 5304 quisque
1881 5235 2048 5300 volet,

475 5325 785 5393 intelliget:
835 5344 1030 5396 nempe
1086 5343 1212 5383 cum
1263 5329 1609 5383 ethnicorum
1653 5328 1944 5392 alheismo,
1999 5339 2051 5383 ct

474 5432 596 5475 cum
649 5419 1067 5477 Manichaeorum
1143 5421 1421 5490 impietate
1493 5432 1759 5490 potietur;
1823 5437 2050 5491 quorum

547 5575 594 5606 ἰ
623 5575 782 5631 llebr.
820 5595 895 5644 lx,
925 5579 978 5634 5.
1057 5579 1102 5610 ⁸⁵
1128 5579 1295 5633 Exod.
1336 5593 1461 5645 xxv,
1485 5577 1574 5632 22.

555 5708 670 5777 (85)
707 5709 759 5762 lu
791 5712 980 5767 ϐιαιρο
1011 5713 1194 5768 rodice
1223 5713 1538 5767 voeabulutn
1585 5714 1793 5780 τάξεως
1823 5717 1959 5778 jacet
1993 5717 2044 5770 in

485 5781 731 5849 margine
795 5799 823 5835 a
881 5784 1117 5838 secunda
1170 5798 1331 5837 manu
1368 5785 1626 5862 scriptum
1676 5789 1793 5840 sine
1841 5788 2039 5842 indicio

2153 4597 2507 4669 χρηματίζων
2538 4598 2672 4660 Θεὸς
2699 4596 2776 4666 τῷ
2805 4597 2992 4666 οἰκείῳ
3016 4596 3346 4667 θεράποντι·
3375 4598 3526 4665 Ὅρα
3559 4593 3724 4658 ποιή-

2150 4705 2282 4754 σεις
2314 4689 2512 4742 πάντα
2540 4689 2690 4744 κατὰ
2729 4688 2840 4742 τὸν
2890 4690 3083 4741 τύπον
3118 4688 3225 4741 τὸν
3251 4687 3565 4755 δειχθέντα
3595 4699 3722 4740 σοι·

2150 4778 2249 4831 καὶ
2319 4776 2550 4830 ἐκεῖθεν
2604 4777 3054 4852 γνωονθήσὀμαί¹
3101 4793 3222 4841 σοι,
3285 4777 3394 4830 τῶν
3453 4775 3726 4846 Χερουῦἳμ

2150 4869 2346 4933 λέγων.
2378 4863 2528 4938 Ἀρα
2557 4868 2650 4921 οὖν
2675 4868 2736 4921 ού
2769 4869 2927 4938 τίμια
2961 4868 3112 4921 δοκεῖ
3139 4869 3236 4922 καὶ
3263 4869 3536 4938 σεϐάσμια
3569 4862 3720 4929 εἶναι,

2155 4961 2278 5014 ὅθεν
2321 4961 2454 5022 Θεὸς
2509 4959 2822 5032 ἀνθρώποις
2857 4959 3223 5028 γινώσκεταις
3261 4963 3371 5025 πᾶς
3409 4979 3494 5025 τις
3524 4960 3630 5012 τῶν
3660 4943 3726 5009 τά

2158 5052 2278 5104 θεῖα
2320 5051 2585 5105 σεϐόντων
2627 5053 2988 5123 συμφήσειεν.
3037 5052 3096 5105 '0
3127 5052 3334 5107 τούτων
3383 5054 3426 5107 δ’
3474 5051 3722 5123 ύὸριστὴς

2158 5145 2262 5200 ποῦ
2310 5163 2442 5199 ποτε
2503 5145 2944 5217 κληρωθήσεται,
3001 5145 3098 5198 καὶ
3149 5148 3262 5199 τίσι
3319 5145 3722 5212 συντετάξεται,

2161 5239 2342 5310 ῥᾴδιον
2400 5238 2630 5292 συνιδεῖν
2682 5237 2759 5308 τῷ
2815 5237 3131 5310 βουλομένῳ
3184 5239 3371 5305 παντὶ,
3440 5237 3576 5309 μετὰ
3630 5234 3722 5304 τῆς

2169 5330 2438 5397 Ἐλλήνων
2463 5329 2778 5399 ἀθεότητος,
2814 5330 2954 5400 μετὰ
2978 5330 3074 5398 τῆς
3099 5329 3421 5400 Μανιχαίων
3451 5326 3724 5393 ἀνοσιότη-

2158 5439 2250 5486 τος
2275 5439 2288 5453 ·
2315 5415 2390 5476 ὧν
2419 5421 2520 5491 τὴν
2553 5421 2712 5487 δόξαν
2748 5421 2846 5476 καὶ
2887 5422 2989 5492 τὴν
3032 5421 3390 5477 διδασκαλίαν
3417 5417 3722 5492 ἐζηλωκὼς,

2156 5719 2387 5806 propriae
2405 5718 2567 5784 scdis,
2607 5734 2770 5789 quam
2802 5734 2948 5776 nunc
2971 5717 3160 5787 judico
3217 5734 3339 5776 esse
3363 5727 3482 5792 post
3520 5715 3712 5782 ἐλλσμ·

2149 5807 2411 5860 πομενης.
