4050 6402
409 388 522 455 349

1123 389 1750 451 ANTIRRHETICUS
1799 385 1875 456 lli
1913 391 2081 452 ADV.
2121 389 2714 451 CONSTANTINUM
2754 388 2966 450 COPR.

3569 382 3678 448 350

407 501 511 554 ἐπὶ
535 499 791 554 τοσοῦτον
825 499 1020 570 μανίας
1047 499 1142 554 καὶ
1180 499 1372 563 ἀθεϊας
1422 499 1738 565 ὲξώλισθεν,
1783 501 1859 563 ὡς
1889 502 1993 571 ἄρα

2102 502 2428 557 sententiam
2482 501 2900 570 doctrinamque
2945 498 3223 554 Mamonas
3272 497 3564 562 aamulans,
3620 498 3674 552 in

406 593 616 657 ἐξεῖναι
641 590 789 662 αύτῷ
814 594 910 644 καὶ
941 591 1107 662 ἓτερα
1139 591 1311 645 πολλὰ
1341 591 1441 660 τῆς
1469 591 1834 645 θεοπνεύστου
1859 592 2002 661 Γρα-

405 682 521 750 φῆς
548 681 812 744 ὡσαύτως
843 681 1074 743 ἐκείνοις
1098 681 1192 734 καὶ
1227 682 1482 745 κακίζειν
1514 699 1607 734 και.
1643 681 1994 752 ῖιαγράφειν,

402 769 738 838 ἁλογώτατά
765 785 824 823 τε
856 774 951 825 καλ⁵
982 771 1389 833 δυσσεϐέστατα
1419 787 1432 801 ·
1466 771 1590 824 ἐπεὶ
1640 767 1734 824 οὖν
1763 771 1862 832 τὰς
1903 770 1997 824 τοῦ

403 861 737 930 Πνεύματος
775 861 961 930 φωνὰς
1021 860 1406 930 ὲξομνύμενος,
1433 862 1507 925 ὡς
1531 863 1873 933 πορρωτάτω
1897 863 1998 932 τῆς

404 953 766 1024 Χριστιανῶν
801 953 973 1022 αὐλῆς
1004 954 1389 1024 ἓιεσκήνωται,
1421 955 1558 1025 φέρε
1584 956 1683 1022 τὰς
1713 957 1996 1026 ἡμετέρας

403 1045 735 1116 ὑπολήψεις,
767 1045 835 1110 ἃς
862 1045 926 1116 δὴ
956 1047 1086 1117 περὶ
1117 1045 1306 1100 αὐτῶν·
1327 1049 1374 1100 oi
1413 1064 1480 1099 πε
1493 1047 1720 1115 ριὸόλων
1749 1047 1880 1101 εἵσω
1898 1048 1996 1118 τῆς

402 1138 697 1202 εὐσεϐείας
724 1138 1007 1208 ἱστάμενοι
1035 1138 1256 1210 ἔχομεν,
1287 1138 1434 1192 καθᾶ
1465 1141 1515 1192 εί
1544 1139 1635 1192 τοῦ
1675 1141 1997 1210 Πνεύματος

403 1229 689 1299 ὑποφῆται
725 1229 929 1292 πάντες
977 1229 1476 1301 ὲμυσταγώγησαν,
1521 1231 1616 1284 καὶ
1661 1231 1689 1284 ό
1728 1230 1830 1298 τῆς
1862 1230 1997 1284 καθ-

401 1322 602 1393 ολικῆς
647 1321 980 1390 Ἐκκλησίας
1006 1318 1116 1375 οἶδε
1158 1327 1382 1389 σκοπες,
1411 1322 1486 1386 ὡς
1517 1323 1576 1377 ὲν
1623 1322 1793 1394 ὀλίγῳ
1817 1323 1995 1376 εἰπεῖν

399 1412 879 1482 παραστήσωμεν.

479 1524 546 1579 θ’.
581 1523 766 1592 Φαμὲν
795 1523 1000 1590 τοίνυν,
1025 1523 1102 1587 ὡς
1130 1523 1188 1578 αἱ
1218 1524 1491 1592 πανάγιαι
1520 1515 1682 1578 αὗται
1710 1521 1989 1594 δυνάμεις,

396 1615 558 1681 ὅπως
586 1616 683 1688 μὲν
721 1614 910 1686 έχουσι
942 1614 1159 1685 φύσεως
1195 1619 1291 1670 καὶ
1320 1615 1632 1688 ὑπάρξεως,
1678 1618 1810 1688 παρ’
1861 1618 1993 1686 ἡμῖν

396 1709 750 1780 ἠγνοημένον
783 1707 898 1770 πώς
926 1713 1043 1763 ἐστι
1074 1710 1170 1763 κ-ὶ
1195 1710 1648 1781 δυσεπιχείρητον
1669 1727 1686 1738 ·
1724 1711 1816 1763 καὶ
1843 1709 1994 1780 εἴρη-

2102 608 2310 652 tantam
2345 597 2556 651 rabiem
2589 606 2644 650 et
2677 595 3140 666 irreligiositatetn
3204 593 3426 662 illapsus
3477 601 3582 654 est,
3617 601 3680 645 ut

2099 691 2200 745 sibi
2255 689 2420 745 licere
2470 698 2654 758 putet,
2694 687 2832 743 alios
2883 701 3104 757 quoque
3169 685 3372 738 multos
3417 683 3675 738 divinitus

2100 783 2376 850 inspirata:
2424 781 2720 851 Scripturre
2769 779 2918 834 locos
2965 777 3220 831 similiter
3246 777 3558 844 vituperare
3607 789 3674 828 ac

2099 874 2278 928 delere
2326 873 2649 927 stultissime
2705 881 2759 927 et
2830 869 3239 926 scelesﬁssime.
3308 867 3445 933 Quia
3509 867 3676 936 igitur

2096 965 2320 1032 ejuratis
2362 963 2602 1034 Spiritus
2649 962 2824 1016 sancti
2869 962 3052 1024 dictis,
3079 959 3394 1028 longissime
3429 973 3458 1012 a
3517 957 3674 1012 Chri-

2096 1057 2395 1110 stianorum
2425 1055 2542 1108 aula
2572 1053 2801 1117 habitat,
2832 1053 3012 1122 agesis
3046 1051 3372 1106 sententiam
3404 1058 3668 1111 nostram,

2097 1145 2395 1214 cuiusmodi
2453 1159 2645 1198 omnes
2677 1144 2820 1197 intra
2856 1123 3200 1196 orthodoxiae
3257 1148 3409 1208 septa
3465 1147 3672 1192 stantes

2095 1238 2358 1308 gerimus,
2401 1245 2557 1306 prout
2595 1235 2830 1304 Spiritus
2873 1233 3202 1301 interpretes
3252 1232 3432 1285 cuncti
3470 1231 3672 1284 docue-

2094 1339 2244 1394 runt,
2284 1339 2336 1382 et
2361 1317 2646 1382 catholica:
2679 1325 2937 1380 Ecclesia:
2989 1339 3142 1379 mens
3195 1332 3361 1390 tenet,
3421 1321 3673 1378 breviter

2093 1435 2452 1491 exponamus.

2164 1532 2218 1588 9.
2258 1532 2498 1587 Dicimus
2527 1545 2683 1601 ergo,
2727 1528 3086 1584 sanctissima:
3134 1525 3218 1581 ba!
3254 1523 3535 1594 potentiae,
3571 1538 3670 1578 cu-

2088 1625 2326 1695 iusmodi
2383 1633 2610 1677 naturas
2659 1621 2900 1676 habeant
2954 1629 3116 1687 atque
3175 1616 3532 1678 substantias,
3573 1629 3673 1670 nos

2095 1719 2267 1773 ferme
2291 1719 2567 1784 ignorare,
2595 1695 2687 1768 aut
2710 1728 2856 1782 :cgre
2880 1710 3170 1765 admodum
3197 1723 3355 1780 posse
3377 1709 3669 1778 explicare;

396 1801 497 1854 ταί
531 1817 596 1871 γε
629 1803 763 1871 ἡμῖν
801 1804 859 1855 ὲν
893 1803 1102 1874 ἑτέροις
1146 1803 1505 1873 πλατύτερον,
1538 1805 1651 1866 τοῖς
1677 1803 1785 1855 τῶν
1830 1803 1991 1874 ἱερῶν

2095 1813 2271 1878 deque
2303 1810 2405 1864 hac
2453 1823 2512 1863 re
2551 1807 2677 1861 alibi
2715 1805 2878 1859 latius
2914 1803 3152 1858 diximus
3207 1799 3343 1872 (86),
3393 1814 3670 1854 sacrorum

393 1892 744 1947 διδασκάλων
792 1894 1084 1964 ἑπομένοις
1139 1888 1491 1964 διδάγμασιν.
1557 1895 1752 1947 ’Λπλαί
1789 1911 1848 1946 τε
1876 1893 1985 1963 γὰρ

393 1981 563 2038 οὖσαι
619 1985 898 2048 παντελῶς
947 1986 1042 2038 καὶ
1101 1983 1412 2051 ἁσύνθετοι,
1454 1985 1548 2039 καὶ
1578 1985 1983 2057 ἀπερίγραπτοι

395 2078 558 2148 τόπῳ
587 2076 676 2130 διὰ
706 2077 768 2130 τὺ
794 2076 1114 2147 ἀσώματον,
1149 2078 1298 2147 ὅμως
1321 2078 1624 2148 γράφονται
1654 2078 1748 2132 καὶ
1785 2077 1985 2131 είκονί-

395 2167 611 2231 (Ov-cat.
646 2156 756 2222 Kal.
791 2170 1233 2239 προηγουμένως
1259 2185 1322 2236 γε
1353 2172 1514 2222 τοῦτο
1551 2170 1730 2240 ῐσμεν,
1767 2170 1855 2224 διὰ
1875 2170 1984 2223 τῶν

392 2259 494 2312 τοῦ
550 2260 872 2328 Πνεύματος
929 2259 1157 2326 λογίων,
1213 2259 1362 2330 ἆπερ
1415 2261 1444 2312 ὁ
1498 2261 1822 2332 ἱεροφάντης
1853 2262 1985 2331 ἡμῖν

395 2353 646 2421 Minuci};
669 2355 769 2424 τῆς
803 2352 912 2406 τῶν
941 2353 1158 2422 Χερουὸ
1191 2370 1230 2422 μ
1264 2355 1542 2424 πιιήσεως
1576 2354 1763 2407 ἕνεκεν
1801 2371 1985 2424 παρα-

393 2444 658 2498 δέδωκεν.
719 2445 956 2497 Ἔπειτα
993 2445 1182 2516 ἐπειδὴ
1251 2447 1629 2514 λειτουργικὰ
1675 2445 1987 2515 πνεύματὰ

395 2538 581 2600 εἰσιν,
628 2537 720 2600 εις
774 2535 1095 2590 διακονίαν
1140 2537 1644 2606 ἀποστελλόμενα
1693 2536 1792 2591 διὰ
1841 2537 1987 2605 τοὺς

392 2624 743 2693 μέλλοντας
788 2625 1193 2694 κληρονομεῖν
1239 2626 1569 2693 σωτηρίαν,
1628 2627 1920 2698 εὐδόκησεν
1957 2629 1986 2681 ὁ

399 2717 626 2769 πάντων
660 2714 916 2787 κηδεμὼν
949 2716 1044 2768 καὶ
1077 2715 1362 2786 Δεσπότης
1398 2716 1552 2782 Θεὸς,
1583 2719 1611 2770 ό
1661 2717 1836 2772 πάντα
1868 2718 1986 2787 φιλ-

399 2807 710 2879 ανθρώπως
776 2803 1044 2872 οἰακίζων
1095 2809 1190 2862 καὶ
1240 2809 1596 2878 πρυτανεύων
1621 2809 1689 2862 τὰ
1717 2809 1982 2880 ἡμέτερα,

401 2898 686 2966 ἀναλόγως
712 2901 776 2970 τῇ
808 2897 906 2951 ἀνθ
917 2899 1128 2970 ρωπίνῃ
1157 2899 1433 2968 ἀσθενείᾳ,
1458 2899 1546 2952 διὰ
1565 2901 1663 2968 τῆς
1685 2901 1984 2970 συντρόφου

400 2993 496 3044 καὶ
542 2991 814 3060 συνήθους
849 2991 1183 3061 αίσθήσεως,
1214 2991 1312 3054 τὰς
1343 2989 1450 3042 τῶν
1493 2990 1782 3059 μακαρίων
1824 2991 1986 3044 δυνά-

404 3100 555 3153 μεων
577 3082 903 3146 ἐπιστασίας
934 3083 1216 3151 γίνεσθαι·
1240 3083 1298 3148 ἐξ
1322 3076 1395 3137 ὧν
1412 3085 1562 3153 ἡμῖν,
1586 3083 1644 3135 τὸ
1669 3082 1986 3137 κοινωνικὸν

399 3174 647 3245 ἔχουσαι,
677 3173 744 3228 τὰ
780 3175 902 3228 Θεῖα
927 3174 1077 3243 δῶρα
1103 3175 1198 3228 καὶ
1224 3175 1322 3238 τὰς
1351 3174 1674 3245 εὐεργεσίας
1702 3173 1810 3228 τῶν
1841 3175 1988 3228 οἱκο-

397 3267 756 3337 νομουμένων
817 3268 913 3320 καὶ
965 3267 1442 3338 προμηθουμένων
1497 3267 1983 3338 διαπορθμεύουσι.

399 3359 604 3414 Πολλαὶ
636 3359 769 3428 γοῦν
818 3361 932 3424 τοῖς
965 3359 1060 3413 τοῦ
1095 3360 1233 3413 Θεοῦ
1293 3359 1629 3431 θεράπουσιν
1680 3359 1988 3429 ἁγγελοφάο

398 3463 542 3506 vetat.
598 3451 923 3521 γεγόνασιν·
963 3452 1026 3505 ού
1072 3452 1170 3520 τῆς
1223 3452 1440 3520 φύσεως
1480 3452 1661 3506 αὐτῶν
1690 3451 1987 3522 ὲμφανιζο-

403 3544 602 3614 μένης,
657 3544 773 3597 ἀλλ’
809 3545 890 3610 είς
959 3543 1085 3597 ὅσον
1148 3543 1434 3611 ἁγιστείας
1482 3545 1576 3597 καὶ
1615 3543 1988 3615 καθαρότητος

397 3628 536 3707 ἧκεν
561 3636 590 3687 ό
619 3634 756 3705 πρὸς
785 3633 884 3704 τὴν
903 3631 1160 3704 τοιαύτην
1188 3633 1317 3687 θέαν
1341 3633 1704 3704 κεκλημένος,
1729 3635 1763 3704 ἦ
1792 3650 1852 3686 τε
1878 3631 1986 3686 τῶν

396 3726 835 3797 διακονουμένων
875 3725 1222 3797 πραγμάτων
1259 3725 1448 3778 ἐκάλει
1484 3725 1643 3796 χρεία
1675 3725 1768 3778 καὶ
1799 3725 1828 3776 ό
1867 3740 1986 3777 και-

399 3819 514 3892 ρὸς,
544 3817 721 3882 οὕτως
745 3818 803 3871 αἱ
836 3818 1050 3888 μορφαὶ
1089 3817 1185 3870 καὶ
1213 3816 1282 3870 τὰ
1305 3817 1562 3887 σχήματα
1587 3815 1697 3869 τῶν
1719 3814 1989 3886 άμορφὼ-

396 3929 508 3965 των
544 3910 638 3962 καὶ
668 3908 994 3973 άτυπώτων,
1027 3911 1140 3971 τοῖς
1172 3911 1270 3980 τῆς
1293 3907 1422 3972 θέας
1454 3907 1787 3977 ἠξιωμένοις
1814 3905 1986 3961 καθα-

402 4007 515 4077 ροῖς
547 4003 668 4066 νοὸς
710 4003 950 4073 δμμασι,
986 4001 1311 4056 διετυποῦτό
1357 4018 1422 4054 τε
1461 4001 1740 4072 διαφόρως
1781 4002 1874 4054 καὶ
1907 4002 1986 4055 δι-

397 4095 678 4163 εφαίνετο.
705 4094 789 4147 Τὰ
818 4095 920 4165 μὲν
941 4089 1035 4147 οῦν
1064 4093 1208 4148 κατὰ
1229 4092 1322 4145 τὸν
1351 4093 1700 4164 πατριάρχην
1735 4091 1988 4164 Ἀὕραὰμ

396 4186 726 4258 τελούμενα,
765 4185 1002 4257 κρείττω
1034 4187 1068 4256 ἢ
1101 4185 1246 4240 κατὰ
1279 4184 1544 4254 ἀγγέλους
1571 4181 1679 4256 ἦν’·
1712 4186 1806 4238 καὶ
1829 4186 1856 4238 ὁ
1887 4186 1988 4255 τῆς

397 4279 597 4348 καινῆς
639 4277 856 4347 ἐκείνης
896 4278 995 4330 καὶ
1039 4276 1372 4347 θαυμαστῆς
1413 4275 1721 4342 δεξιώσεως
1760 4277 1983 4348 τρόπος,

397 4368 524 4422 καθ’
550 4371 617 4440 ῆν
647 4368 709 4422 τὸ
739 4367 989 4437 φιλόθεον
1021 4367 1158 4438 ὁμοῦ
1189 4369 1286 4422 καὶ
1311 4366 1589 4436 φιλόξενον
1621 4367 1716 4420 τοῦ
1747 4367 1988 4434 ὲξενικό-

395 4477 494 4518 τος
529 4462 853 4532 ἁνυμνεῖταί
884 4477 947 4514 τε
980 4461 1077 4515 καὶ
1130 4458 1496 4532 θαυμάζεται,
1528 4459 1664 4514 Θεοῦ
1716 4460 1918 4531 μᾶλλον
1951 4460 1985 4532 ἢ

2093 1903 2482 1972 magistrorum
2511 1897 2780 1955 doctrinis
2810 1896 3199 1964 obsequentes.
3233 1891 3367 1946 Nam
3392 1890 3670 1961 simplices

2090 2010 2213 2048 cum
2252 1994 2364 2048 sint
2417 2002 2472 2046 et
2520 1989 2911 2058 incompositae,
2955 1987 3183 2053 locoque
3231 1995 3453 2053 propter
3487 1983 3670 2037 incor-

2090 2086 2433 2156 poralitatem
2449 2084 2964 2152 incircumscriptre,
2989 2079 3346 2134 nihilominus
3364 2077 3665 2146 pinguntur

2090 2191 2153 2231 ac
2200 2176 2520 2244 ﬁgurantur.
2559 2175 2737 2242 Atque
2774 2174 2826 2227 id
2864 2171 3148 2240 potissime
3174 2171 3382 2223 sciums
3416 2182 3513 2238 per
3541 2181 3669 2221 ora-

2089 2266 2208 2320 cula
2262 2266 2518 2334 Spiritus,
2553 2278 2674 2332 qua:
2708 2263 3069 2331 hierOphanta
3123 2260 3334 2330 Moyses
3369 2273 3529 2314 causa
3561 2274 3672 2313 suae

2088 2355 2525 2410 Clterubinornm
2570 2354 2794 2408 facturae
2833 2353 2990 2406 nobis
3015 2350 3291 2419 patefecit.
3322 2347 3523 2402 Deinde
3546 2348 3673 2416 quia

2088 2448 2538 2502 administratorii
2578 2447 2800 2514 spiritus
2843 2454 2988 2508 sunt,
3024 2444 3079 2496 in
3122 2442 3473 2495 ministerium
3521 2440 3673 2493 missi

2088 2543 2301 2608 propter
2327 2555 2436 2602 eos,
2469 2539 2559 2608 qui
2585 2537 2945 2591 haereditate»:
2997 2536 3204 2604 capient
3231 2532 3420 2587 salutis
3453 2532 3521 2596 ’⁸,
3554 2531 3672 2598 pla-

2089 2630 2202 2684 cuit
2233 2631 2477 2682 omnium
2505 2627 2742 2682 curatori
2770 2641 2834 2682 ac
2877 2626 3110 2680 Domino
3142 2625 3270 2692 Deo,
3303 2625 3395 2695 qui
3430 2623 3664 2692 benigne

2089 2730 2280 2776 cuncta
2311 2722 2594 2789 gubernat,
2623 2719 2891 2787 rebusque
2926 2719 3129 2774 nostris
3155 2720 3664 2786 moderatur,prout

2087 2815 2327 2882 postulat
2365 2814 2604 2882 humana
2645 2811 2962 2875 infirmitas,
3011 2826 3107 2880 per
3131 2811 3480 2864 comitantem
3514 2809 3672 2862 fami-

2089 2904 2393 2972 liaremque
2441 2917 2685 2969 sensum,
2717 2902 3000 2957 beatarum
3054 2902 3423 2971 potenti-arum
3483 2902 3674 2955 adesse

2089 2997 2389 3052 custodiam
2416 3011 2430 3060 ;
2467 2997 2610 3048 unde
2643 2994 2929 3049 nobiscum
2966 2993 3458 3055 communicantes,
3491 2993 3672 3047 divina

2088 3089 2228 3143 dona
2265 3103 2330 3142 ac
2362 3087 2623 3140 henelicia
2659 3087 3028 3154 gerendarum
3073 3099 3254 3138 rerum
3286 3099 3349 3138 ac
3376 3085 3672 3153 providen-

2088 3180 2280 3233 darum
2329 3179 2627 3231 deferrent.
2662 3175 2841 3230 Multae
2877 3175 3061 3244 itaque
3102 3175 3196 3230 Dei
3237 3173 3453 3230 famulis
3503 3191 3670 3243 ange-

2091 3269 2264 3324 lorum
2299 3268 2668 3338 apparitioncs
2689 3283 2809 3322 sese
2835 3267 3173 3333 obtulerunt,
3198 3283 3302 3322 non
3321 3267 3670 3322 manifestata

2091 3360 2330 3429 ipsorum
2360 3371 2577 3422 natura,
2613 3359 2707 3413 sed
2755 3367 2917 3428 prout
2940 3367 3061 3413 erat
3105 3359 3250 3415 illius
3306 3359 3668 3415 sanctimonia

2090 3465 2143 3510 et
2206 3456 2417 3525 purilas
2467 3456 2559 3525 qui
2616 3455 2680 3509 ad
2727 3451 2869 3509 hanc
2904 3453 3170 3508 visionem
3224 3455 3540 3520 vocabatur,
3588 3453 3671 3508 vel

2089 3561 2279 3602 eorum
2304 3561 2423 3614 qua:
2456 3533 2695 3599 erantin
2723 3545 2974 3598 manibus
2997 3545 3340 3613 negotiorum
3374 3559 3506 3607 usus
3531 3553 3670 3597 tem-

2091 3652 2302 3708 pnsque
2336 3636 2673 3706 requirebat,
2701 3635 2775 3687 ita
2812 3635 3000 3688 forma:
3025 3649 3090 3687 ac
3117 3633 3301 3702 figurae
3330 3633 3671 3702 angelorum,

2089 3729 2183 3798 qui
2219 3729 2368 3783 hisce
2399 3743 2497 3796 per
2523 3742 2581 3781 se
2611 3736 2820 3786 carent.
2845 3726 3024 3796 dignis
3043 3740 3109 3779 eo
3139 3726 3257 3779 visu
3284 3725 3438 3795 puris
3470 3723 3671 3778 mentis

2090 3822 2284 3884 oculis,
2321 3819 2674 3874 multifariam
2721 3818 3214 3872 conforntabantur
3242 3825 3407 3886 atque
3442 3830 3670 3884 appare-

2092 3915 2240 3966 bant.
2285 3911 2350 3964 Et
2407 3925 2498 3965 res
2544 3908 2764 3978 quidem
2796 3924 2920 3963 cum
2981 3906 3294 3976 patriarcha
3358 3905 3672 3959 Abrahamo

2089 4012 2240 4072 gesta
2269 4003 2337 4066 ’⁷,
2373 4002 2661 4056 sublimior
2725 4015 2887 4069 quam
2941 3997 3184 4068 angelica
3244 3995 3382 4063 fuit;
3419 4003 3474 4050 et
3527 3994 3672 4050 illius

2093 4109 2244 4149 novae
2279 4093 2723 4160 adtniraitquue
2757 4089 3110 4144 salutationis
3161 4088 3378 4152 modus,
3409 4101 3516 4156 quo
3547 4087 3672 4141 reli—

2092 4183 2316 4252 giositas
2363 4191 2417 4238 et
2457 4181 2807 4251 hospitalitas
2859 4178 3178 4248 recipientis
3234 4176 3547 4233 celebratur
3610 4192 3675 4232 ac

2091 4275 2414 4343 suspicitur,
2451 4273 2542 4328 Dei
2581 4272 2761 4343 potius
2788 4286 2952 4341 quam
2982 4269 3299 4339 angelorum
3325 4268 3673 4338 prasentiam

2092 4365 2351 4421 ostendit.
2426 4364 2604 4434 Atque
2673 4364 2834 4434 hujus
2889 4372 3144 4432 nepotem
3219 4358 3522 4424 Iacobum,
3566 4374 3677 4429 quo

2095 4467 2340 4528 tempore
2388 4456 2485 4511 Dei
2531 4456 2696 4512 Verbi
2739 4455 2806 4510 ad
2862 4455 3141 4510 hominem
3193 4451 3678 4508 condescensionis

398 4553 656 4622 ἀγγέλων
682 4551 990 4623 παρουσίαν
1015 4551 1367 4606 διαδεικνύει;
1398 4552 1502 4606 Τὸν
1529 4553 1586 4606 δὲ
1608 4552 1798 4605 τούτου
1824 4553 1986 4621 ἐκγο-

2095 4550 2340 4604 notitiam
2367 4557 2688 4619 accepturus
2721 4557 2864 4613 erat,
2891 4545 3095 4600 vidisse
3121 4542 3414 4598 manifeste
3445 4542 3675 4611 angelos

399 4662 493 4697 νον
534 4644 756 4708 Ἰακὼϐ,
788 4643 952 4714 ἡνίκα
978 4643 1075 4715 τὴν
1106 4643 1202 4696 τοῦ
1233 4643 1370 4697 Θεοῦ
1404 4644 1582 4712 Λόγου
1610 4644 1748 4716 πρὸς
1771 4644 1982 4716 ἀνθρώ-

401 4751 540 4798 πους
612 4735 869 4805 μυεῖσθαι
943 4734 1360 4802 συγκατάσασιν
1411 4733 1661 4805 ἔμελλεν,
1717 4735 1988 4804 ἀγγέλους

399 4827 736 4899 ἑωρακέναι,
763 4827 949 4896 σαφῶς
996 4827 1440 4898 ἀναγέγραπται,
1478 4825 1576 4879 καὶ
1629 4824 1877 4897 κλίμακα
1920 4825 1985 4896 δή

399 4936 526 4974 τινα
557 4920 699 4990 πρὸς
728 4919 959 4990 οὐρανὸν
1009 4917 1174 4972 αὑτὸν
1205 4919 1268 4971 ὲκ
1302 4917 1404 4988 γῆς
1440 4918 1852 4987 ἀφικνουμένην
1895 4916 1988 4968 καὶ

400 5012 799 5066 ἀνατείνουσαν
827 5051 842 5077 ,
898 5011 992 5064 καὶ
1041 5010 1135 5063 τὸν
1176 5009 1319 5080 ὑπὲρ
1359 5010 1532 5078 αὐτῆς
1589 5009 1988 5081 ὲστηριγμένον

398 5104 516 5155 τῶν
538 5103 678 5157 ὅλων
711 5101 941 5174 Κύριον,
975 5102 1071 5155 καὶ
1095 5102 1194 5170 τὴν
1228 5101 1442 5154 ἐκεῖθεν
1470 5101 1580 5154 τῶν
1601 5101 1865 5154 ἀνιόντων
1891 5098 1988 5152 καὶ

401 5194 705 5247 κατιόντων
740 5193 999 5264 πάροδον,
1026 5191 1095 5245 δι’
1129 5185 1204 5246 ὧν
1237 5191 1690 5263 ήκαταφοίτησις
1716 5189 1812 5244 τοῦ
1844 5189 1984 5242 πάν-

400 5302 515 5355 των
565 5285 726 5357 ἡμῶν
782 5285 1036 5356 Σωτῆρος
1090 5283 1231 5336 Θεοῦ
1287 5285 1422 5354 πρὸς
1475 5285 1647 5354 ἡμᾶς,
1709 5281 1988 5352 μυστικῶς

2095 4640 2358 4709 scriptum
2385 4641 2564 4707 est";
2605 4647 2661 4694 et
2690 4638 2955 4707 quasdam
2987 4635 3166 4692 scalas
3196 4647 3370 4704 usque
3403 4632 3470 4688 ad
3499 4633 3674 4702 ipsum

2089 4733 2286 4789 caalutn
2324 4733 2390 4789 de
2432 4742 2575 4787 terra
2624 4740 2911 4802 porrectas
2947 4744 3011 4784 ac
3062 4728 3458 4798 pertingentes,
3510 4735 3674 4794 atque

2085 4826 2144 4880 in
2178 4826 2369 4879 harum
2405 4824 2642 4879 culmine
2675 4822 3035 4876 constitutum
3077 4817 3446 4872 universalem
3492 4815 3676 4869 Domi~

2090 4933 2240 4982 num,
2260 4925 2314 4971 et
2329 4916 2457 4971 illuc
2475 4915 2885 4971 ascendentium
2902 4927 2965 4967 ac
2986 4908 3442 4966 descendentium
3463 4906 3680 4961 discur-

2089 5023 2240 5073 sum;
2276 5023 2380 5078 qua
2416 5007 2626 5062 visione
2655 5005 2958 5060 communis
3000 5001 3313 5059 Servatoris
3347 4999 3440 5054 Dei
3483 4999 3548 5053 ad
3575 5011 3682 5052 nos

2089 5102 2352 5156 adventus
2387 5102 2615 5173 mystice
2649 5099 3024 5170 ligurabatur;
3053 5110 3229 5164 eaque
3263 5094 3430 5149 etiam
3462 5090 3666 5146 Christi

2090 5193 2379 5262 imaginem
2415 5192 2572 5247 nobis
2619 5191 2670 5246 in
2707 5200 3049 5244 antecessum
3095 5187 3364 5258 depictam
3418 5180 3682 5236 Ecclesia}

2091 5285 2352 5353 praesules
2382 5283 2826 5367 manifestissime
2860 5281 3183 5351 praedicant.

403 5379 826 5448 προετετύπωτο
849 5395 864 5411 ’
898 5378 926 5431 ὃ
954 5377 1018 5449 δὴ
1056 5378 1149 5431 καὶ
1179 5377 1364 5431 εἰκόνα
1394 5377 1634 5447 Χριστοῦ
1676 5378 1722 5430 oi
1753 5375 1855 5446 τῆς
1901 5377 2235 5450 Ἐκκλησίας
2296 5379 2567 5451 ἡγεμόνες
2635 5372 3149 5451 προδιαγεγράφθαι
3218 5367 3556 5440 κηρύσσουσι
3589 5381 3683 5422 σαι

402 5470 539 5545 φέστ
549 5489 671 5526 ατα.

477 5653 526 5685 ⁸⁸
549 5652 712 5707 Hebr.
744 5667 786 5715 ι,
825 5650 906 5703 14.
986 5650 1030 5682 ’τ
1052 5649 1186 5704 Gen.
1214 5665 1366 5714 xvut,
1423 5651 1468 5704 l.
1546 5649 1592 5682 ⁸⁸
1620 5648 1756 5704 Gen.
1786 5663 1982 5713 xxvm,
2017 5649 2106 5704 12.

484 5811 597 5882 (86)
637 5810 838 5880 Nempe
868 5811 917 5865 in
970 5809 1322 5881 Apo’ogetico
1353 5809 1573 5879 majore,
1636 5825 1757 5880 cap.
1795 5807 1860 5863 70
1897 5818 1951 5865 et
1983 5824 2136 5880 seqq.
