4050 6500
353 426 455 493 351

1381 426 1442 486 S.
1482 424 1904 486 NICEPIIORI
1944 421 2451 485 PATRIARCHE
2490 422 2594 482 CD.

3549 410 3670 479 353

428 535 535 606 75
563 535 661 589 '10.
705 533 982 588 Mittamus
1012 534 1159 604 loqui
1196 536 1261 589 de
1284 550 1536 591 sermone
1562 547 1683 605 post
1717 538 1803 590 illa
1830 551 1927 606 per

2100 530 2152 585 ι’.
2221 528 2431 599 Ἐῶμεν
2479 529 2659 598 λέγειν
2698 526 2790 581 τὸν
2846 526 2915 581 δι’
2969 523 3219 594 ἀγγέλων
3271 524 3462 593 λόγον
3533 527 3673 595 μετ’

355 629 580 697 angelos
635 627 841 690 habito,
880 628 1009 680 etsi
1053 629 1180 695 quid
1222 628 1366 682 aliud
1413 629 1496 682 his
1534 631 1711 685 simile
1749 642 1927 685 actum

356 728 462 773 est.
492 718 585 771 Sic
612 716 748 771 Navi
797 716 905 771 filio
937 718 988 770 in
1030 718 1316 787 procinctu
1351 722 1515 774 stanti
1558 722 1625 783 ³⁸,
1660 722 1777 775 acie
1815 722 1929 790 jam

357 822 550 864 contra
587 810 770 862 hostes
817 808 1037 873 educta,
1069 810 1231 869 visus
1256 821 1340 864 est
1375 811 1606 863 humana
1638 810 1812 864 forma
1851 812 1933 863 di-

358 913 464 952 vus
498 898 750 967 angelus,
797 908 1011 951 armato
1036 897 1251 958 similis,
1281 913 1441 951 manu
1471 897 1708 967 gladium
1742 897 1932 951 diSIri-

358 998 503 1041 ctum
541 995 757 1042 tenens.
794 987 965 1053 Quem
995 1004 1118 1043 cum
1142 988 1309 1043 Josua
1349 992 1502 1058 quasi
1534 992 1757 1045 militem
1806 1008 1933 1060 spe-

359 1089 555 1143 ctaret,
593 1082 821 1150 visuque
870 1081 1104 1137 insolito,
1137 1083 1424 1147 attonitus,
1480 1086 1732 1151 quisnam
1785 1095 1935 1139 esset

360 1171 685 1238 ambigeret,
721 1182 771 1225 et
817 1182 1000 1226 utrum
1037 1175 1105 1228 de
1151 1175 1348 1243 populo
1383 1191 1482 1229 suo
1515 1159 1735 1247 aliquis,
1767 1194 1836 1233 an
1867 1181 1936 1235 de

306 1258 311 1261 ’
363 1254 628 1323 hostibus,
665 1264 1075 1326 sciscitaretur;
1110 1264 1200 1319 ille
1235 1281 1294 1319 se
1325 1267 1531 1321 militia:
1569 1272 1781 1323 Domini
1830 1271 1934 1325 du-

360 1368 477 1406 cem
506 1368 628 1407 esse
659 1354 978 1409 declaravit.
1014 1353 1150 1409 Tum
1182 1366 1236 1409 et
1267 1358 1514 1411 divorum
1550 1362 1935 1428 prophetarum

362 1440 583 1508 quidam
615 1442 819 1495 vidisse
854 1458 913 1497 se
940 1441 1229 1497 Dominum
1274 1446 1460 1516 gloriae
1495 1451 1573 1503 ait
1603 1450 1646 1516 ⁸,
1678 1452 1938 1516 Seraphi-

363 1548 559 1593 norum
587 1547 786 1587 corona
813 1535 1233 1592 circumdatum.
1265 1539 1475 1594 Etenim
1522 1556 1648 1597 cum
1703 1544 1770 1599 ad
1802 1561 1935 1600 con-

364 1635 629 1678 tumacem
663 1625 816 1678 illum
866 1625 1103 1696 durique
1141 1630 1321 1685 cordis
1352 1619 1610 1702 populum
1644 1636 1938 1693 mittendus

363 1727 528 1777 esset.
565 1730 766 1771 arcana
820 1718 907 1771 illa
955 1720 1122 1788 gloria
1158 1721 1484 1786 illustratur.
1522 1727 1773 1796 labiaque
1820 1729 1940 1798 ejus

364 1807 605 1860 carbone
634 1810 984 1876 mundantur,
1028 1820 1089 1866 ut
1115 1829 1247 1881 pure
1287 1815 1353 1868 ad
1386 1832 1576 1886 purum
1610 1820 1935 1889 accederet;

366 1897 644 1965 divinique
676 1902 948 1954 sermonis
980 1902 1154 1959 factus
1191 1906 1461 1971 minister,
1493 1918 1660 1979 atque
1687 1910 1788 1965 hoc
1820 1913 1939 1968 viso

363 1986 643 2056 gloriaque
691 1989 1000 2053 roboratus,
1048 1993 1133 2046 cui
1182 2008 1293 2048 rem
1355 1995 1558 2051 nullam
1615 2013 1939 2069 comparare

364 2085 600 2143 poterat,
647 2079 903 2134 humanis
946 2085 1157 2139 cunctis
1191 2090 1541 2156 contemptis,
1575 2092 1939 2148 confidentius

365 2173 431 2222 ad
472 2172 781 2225 auditorum
817 2175 1163 2231 oraculorum
1188 2182 1697 2251 promulgationem
1743 2202 1940 2255 proce-

362 2261 537 2314 deret.
571 2262 725 2317 Alius
750 2265 778 2309 .²
812 2276 993 2320 autem
1033 2270 1231 2322 mentis
1252 2271 1426 2327 oculis
1457 2274 1778 2342 purificatis,
1816 2293 1938 2331 cum

366 2354 767 2421 impendentem
803 2361 1185 2426 peccatoribus
1215 2363 1450 2417 divinam
1491 2377 1746 2421 cerneret
1777 2369 1939 2438 puni-

367 2446 589 2508 tionem,
622 2451 941 2517 prchositos
978 2452 1104 2506 huic
1133 2454 1207 2508 rei
1251 2455 1531 2511 ministros
1563 2460 1717 2525 vidit,
1751 2460 1942 2527 bipen-

364 2553 463 2592 nes
494 2555 653 2593 manu
707 2550 1019 2612 gestantes;
1054 2559 1160 2613 quo
1193 2545 1227 2599 ii
1271 2557 1489 2616 speetro
1523 2548 1856 2604 mortiferam
1888 2560 1944 2606 et

365 2628 655 2682 exitiosam
695 2631 827 2695 vim,
865 2632 1132 2686 caedenda:
1187 2636 1426 2688 sontium
1479 2637 1812 2693 multitudini
1854 2641 1942 2692 in-

369 2729 612 2786 tentant,
673 2724 1162 2790 repraesentabant.
1238 2725 1393 2780 Sicut
1459 2729 1626 2782 etiam
1682 2730 1942 2784 viderat’

366 2811 570 2879 podere
614 2812 887 2877 indutum,
930 2815 1106 2869 media
1161 2820 1294 2871 urbe
1345 2818 1655 2874 discurrere
1705 2821 1940 2889 iussum,

364 2906 692 2970 signumque
721 2904 1034 2974 imprimere
1067 2906 1118 2960 in
1148 2907 1420 2965 frontibus
1448 2913 1685 2967 virorum
1717 2928 1942 2983 gemen-

368 2994 524 3056 tium,
568 3002 623 3046 et
653 2994 722 3047 ob
770 2995 950 3048 omnia
985 3011 1105 3065 qum
1146 2998 1290 3051 inter
1318 3013 1413 3054 eos
1462 3002 1663 3055 fiebant
1719 3011 1941 3070 peccata

370 3086 744 3149 niterentium,
775 3086 957 3140 divina
983 3088 1197 3143 interim
1224 3090 1434 3157 justitia
1459 3106 1577 3144 reos
1606 3092 1673 3147 ab
1706 3092 1943 3147 innoxiis

2032 624 2214 675 ἐκεῖνα
2272 621 2623 691 λαλούμενον,
2675 619 2771 672 zeal.
2813 620 2865 671 εῐ
2903 636 2957 671 τι
3003 617 3216 681 τούτοις
3253 615 3661 687 ᾠκονόμηται

2033 711 2434 783 παραπλήσιον.
2487 710 2679 773 Οὕτως
2711 709 2789 778 τῷ
2815 707 2913 762 τοῦ
2950 708 3107 777 Ναυῆ
3138 694 3320 773 παιδὶ,
3362 707 3505 759 ἐπεὶ
3546 723 3659 760 πο-

2032 790 2218 870 λέμων
2250 802 2444 871 ἔμελεν
2484 800 2633 871 αύτῷ
2656 841 2671 865 ,
2716 800 2814 854 zeal.
2850 801 2988 870 πρὸς
3017 800 3145 862 τοὺς
3186 798 3547 867 ἀλλοτρίως
3592 794 3672 870 ἦν

2032 897 2066 965 ἡ
2095 895 2235 949 κατά
2266 897 2367 964 τὴν
2405 896 2586 965 μάχην
2625 890 2955 965 παράταξις,
2983 893 3012 945 ὁ
3053 891 3242 961 ὀφθεὶς
3265 890 3438 954 θεῖος
3476 890 3666 960 ᾶγγε·

2033 986 2143 1051 λος,
2169 987 2226 1038 ὲν
2257 985 2581 1057 ἀνθρωπείῳ
2608 985 2689 1054 τῷ
2738 986 2980 1054 σχήματι
3025 982 3397 1051 ἐπεφαίνετο,
3439 981 3661 1044 ἐοικὼς

2033 1079 2393 1142 ὁπλιτεύοντι,
2429 1078 2522 1131 zeal
2562 1077 2662 1146 τὴν
2707 1079 2866 1147 χεῖρα
2922 1070 3300 1145 παραδεικνῦς
3349 1071 3674 1126 καθωπλι-

2038 1169 2244 1239 σμένην
2288 1169 2387 1240 τὴν
2430 1169 2725 1240 μάχαιραν.
2768 1167 2859 1221 Διὸ
2903 1167 3000 1221 zeal.
3047 1166 3124 1230 ὡς
3180 1163 3437 1232 ὁπλίτην
3479 1156 3669 1234 ὁρῶν,

2037 1264 2128 1315 καὶ
2156 1261 2292 1333 πρὸς
2324 1262 2387 1313 τὸ
2408 1261 2514 1330 τῆς
2549 1260 2678 1323 θέας
2713 1258 3119 1328 ἐξηλλαγμένον
3168 1257 3532 1328 ἀμηχανῶν,
3566 1257 3673 1321 ὃσ-

2035 1371 2119 1416 τις
2147 1354 2278 1406 ποτὲ
2310 1353 2419 1423 εἴη,
2454 1352 2682 1423 πότερον
2718 1352 2828 1405 τῶν
2855 1350 3102 1421 φυλετῶν
3141 1351 3316 1422 ἥτῶν
3355 1350 3667 1418 πολεμίων

2036 1444 2420 1497 διεπυνθάνετο
2442 1461 2457 1475 ·
2490 1445 2518 1497 ὁ
2546 1442 2603 1495 δὲ
2628 1438 2768 1496 εἶναι
2797 1441 2899 1512 τῆς
2927 1442 3214 1512 δυνάμεως
3252 1441 3496 1513 Κυρίου
3527 1441 3696 1493 ὲαυ-’

2036 1535 2128 1588 τὸν
2157 1535 2528 1605 στρατιάρχην
2556 1534 2905 1603 ἀπεφαίνετο.
2929 1533 3042 1587 Kal.
3068 1532 3175 1586 τῶν
3203 1533 3380 1586 θείων
3416 1548 3662 1604 προφη-

2037 1628 2145 1680 τῶν
2179 1630 2207 1681 ό
2238 1627 2337 1697 μέν
2363 1644 2447 1692 τις
2498 1627 2589 1680 zeal.
2638 1627 2801 1680 αὐτὸν
2837 1629 2937 1697 τῆς
2977 1625 3137 1696 δόξης
3167 1624 3496 1680 τεθεᾶσθαι
3540 1622 3667 1676 Κύ-

2043 1718 2159 1789 ριόν
2187 1734 2338 1788 φησι,
2390 1718 2486 1771 zeal.
2540 1717 2610 1771 τά
2648 1718 2901 1788 Σεραφὶμ
2945 1716 3131 1785 κύκλῳ
3191 1715 3659 1785 περιιστάμενα.

2053 1809 2271 1879 Ἐπειδὴ
2312 1808 2422 1878 γὰρ
2462 1809 2657 1879 ἔμελλε
2697 1809 2836 1880 πρὸς
2880 1808 2972 1861 τὸν
3004 1806 3210 1876 ἀπειθῆ
3255 1808 3492 1859 ἐκεῖνον
3524 1804 3663 1857 λαὸν

1971 1894 2012 1949 Β
2041 1903 2136 1955 zeal.
2183 1900 2611 1973 σκληροκάρδιον
2662 1898 3115 1962 ἀποστέλλεσθαι,
3149 1897 3246 1966 τὴν
3294 1898 3652 1967 ἀπόρρητον

2039 1992 2255 2063 εκείνην
2297 1991 2455 2057 δόξαν
2513 1990 2966 2062 περιαυγάζεται,
3016 1990 3113 2045 καὶ
3151 1989 3231 2060 τῷ
3268 1989 3541 2060 ἄνθρακι
3590 1987 3662 2041 τά

2038 2084 2193 2155 χείλη
2244 2084 2602 2155 καθαίρεται·
2638 2084 2725 2139 ἶνα
2760 2083 3019 2154 καθαρῶς
3049 2082 3128 2153 τῷ
3174 2080 3425 2153 καθαρῷ
3464 2099 3654 2154 προσ-

2039 2178 2309 2250 ομιλήσῃ·
2340 2177 2435 2231 zeal.
2458 2176 2621 2229 θείων
2649 2174 2826 2244 λόγων
2857 2174 3139 2246 ὑπηρέτης
3170 2174 3510 2245 γενόμενος,
3543 2177 3661 2227 κάκ

2038 2274 2138 2341 τῆς
2175 2269 2435 2339 τοιαύτης
2467 2268 2595 2332 θέας
2646 2267 2741 2321 καὶ
2788 2267 2949 2334 δόξης
2998 2266 3507 2338 ἐπιρωννύμενος,ε
3557 2267 3658 2319 zeal.

2039 2363 2176 2432 πρὸς
2191 2361 2342 2415 οὐδὲν
2359 2360 2470 2413 τῶν
2486 2359 2661 2414 ἄλλων
2677 2358 2882 2429 ταύτην
2901 2360 3279 2428 παραμετρεῖν
3300 2356 3653 2426 δυνάμενος,

2041 2452 2261 2515 πάντων
2287 2450 2399 2504 τῶν
2425 2448 2785 2518 ἀνθρωπείων
2804 2447 3139 2515 καταγνοὺς,
3171 2446 3653 2520 θαρραλεώτερον

2040 2543 2178 2615 πρὸς
2209 2543 2308 2613 τὴν
2326 2542 2437 2596 τῶν
2463 2538 2977 2614 χρησμῳδουμένων
2998 2538 3276 2593 διακονίαν
3301 2537 3657 2610 προάγοιτο.

2055 2637 2113 2691 '0
2145 2635 2202 2689 δὲ
2233 2637 2359 2699 τοὺς
2391 2635 2491 2704 τῆς
2523 2633 2764 2696 διανοίας
2818 2630 3239 2703 κεκαθαρμένος
3266 2629 3639 2700 ὀφθαλμοὺς,
3703 2682 3711 2687 .

2040 2727 2230 2797 ἐπειδὴ
2258 2727 2356 2797 τὴν
2382 2724 2522 2780 κατά
2568 2725 2677 2779 τῶν
2719 2723 3126 2794 ἡμαρτηκότων
3169 2721 3476 2794 θεόκριτον
3516 2739 3659 2792 προ·

2040 2817 2407 2888 ενηνεγμένην
2442 2815 2590 2889 ἐώρα
2620 2814 2916 2885 τιμωρίαν,
2952 2813 3080 2877 τοὺς
3109 2812 3203 2865 ἐπὶ
3225 2812 3419 2885 ταύτῃ
3446 2828 3655 2882 τεταγ-

2044 2910 2237 2979 μένους
2299 2909 2394 2962 zeal.
2467 2905 2988 2978 ὑπηρετουμένους,
3058 2903 3312 2967 πελέκεις
3381 2904 3653 2957 τεθέαται

2040 3000 2200 3071 χερσὶ
2254 2999 2542 3070 φέροντας,
2590 2997 2653 3051 τὸ
2690 2987 3061 3067 ἀναιρετικὸν
3090 2996 3184 3050 καὶ
3241 2994 3653 3066 ὸλοθρευτικὸν

2039 3092 2135 3144 zeal.
2152 3091 2316 3159 τομὸν
2339 3090 2443 3159 τῆς
2468 3089 2576 3142 τῶν
2596 3087 2916 3143 ὑπευθύνων
2939 3085 3179 3158 πληθύος
3196 3087 3650 3158 διαγράφοντας.

363 3184 675 3242 scparante.
711 3175 846 3230 Tum
880 3186 937 3231 et
966 3177 1121 3233 alteri
1157 3183 1436 3249 propinata:
1470 3180 1490 3212 ‘
1519 3196 1686 3250 eques
1717 3184 1937 3252 quidam

2048 3166 2265 3254 Ὅσπερ
2285 3184 2461 3253 δήκαὶ
2484 3182 2723 3252 ἑωράκει
2752 3180 2965 3252 ποδήρη
2993 3178 3332 3243 ἐνδεδυκότα,
3368 3196 3661 3251 προστατ-

363 3280 424 3319 se
465 3267 555 3320 dat
583 3268 1049 3337 conspiciendum,
1080 3284 1222 3340 equo
1258 3272 1378 3328 rufo
1403 3274 1666 3340 insidens,
1695 3287 1753 3329 ut
1784 3276 1938 3329 volu-

364 3356 616 3411 eritatem
669 3357 906 3414 fortasse
955 3360 1300 3432 celeremque
1347 3366 1705 3436 gerendarum
1758 3381 1938 3421 rerum

365 3463 588 3501 cursum
618 3450 978 3505 demonstret.
1008 3451 1191 3508 Faciei
1221 3469 1350 3510 vero
1376 3456 1548 3520 color,
1580 3473 1688 3528 quo
1726 3461 1944 3511 irae-tm-

364 3545 471 3592 dus‘
501 3547 555 3591 ιιι
593 3550 854 3596 cruentus
889 3544 1197 3611 rubensque
1239 3554 1296 3600 et
1344 3547 1533 3613 igneus
1586 3552 1939 3620 pugnantium

367 3640 623 3695 aspectus
675 3632 986 3695 denotatur,
1040 3634 1174 3686 iram
1225 3635 1368 3706 (Dei)
1416 3638 1680 3694 adversus
1734 3642 1945 3712 aliquot

370 3723 599 3775 hostiles
637 3732 827 3791 gentes
857 3725 1053 3778 innuit.
1103 3724 1422 3798 Rursusque
1453 3731 1594 3785 idem
1625 3735 1889 3802 propheta
1921 3735 1942 3766 ⁵

368 3814 505 3865 houa
544 3817 702 3868 verba
736 3826 793 3869 et
816 3817 1210 3874 consolatorios
1246 3836 1531 3877 sermones
1560 3826 1752 3891 audiit,
1801 3828 1943 3882 divi-

368 3918 491 3956 nam
555 3903 920 3973 plaeiditatem
956 3909 1522 3983 benevolentiamque
1591 3920 1941 3986 nuntiantes,

367 4008 531 4061 uuam
567 4010 694 4065 erga
726 3997 1032 4053 Jerusalem
1069 4016 1487 4071 exprompturus
1515 4017 1635 4061 erat
1660 4011 1947 4065 universa-

368 4085 436 4140 lis
471 4086 634 4151 Deus,
673 4090 1073 4161 populumjurc
1114 4093 1239 4149 belli
1274 4098 1548 4167 captivum
1588 4101 1656 4155 ad
1707 4103 1941 4170 priorem

369 4181 787 4248 prosperitatcm
840 4183 1262 4256 hcatitatcmque
1316 4190 1672 4259 reducendo;
1707 4204 1759 4247 et
1798 4196 1944 4263 quod

370 4272 500 4326 urbs
526 4273 722 4327 iterum
752 4276 1069 4331 zedilicanda
1103 4289 1268 4345 esset,
1304 4291 1356 4335 et
1396 4282 1536 4337 bene
1576 4300 1636 4340 se
1665 4286 1941 4355 habitura,

368 4374 423 4416 et
448 4364 642 4433 Opibus
675 4365 1035 4423 abundatura.
1070 4369 1135 4423 Et
1162 4383 1428 4442 quotquot
1454 4375 1555 4429 alia
1582 4378 1816 4435 visiones
1842 4380 1946 4435 illm

369 4457 614 4509 cernenti
664 4460 1154 4526 repraesentabant.
1185 4466 1363 4533 Atque
1391 4466 1534 4523 alius
1567 4469 1750 4535 aliter,
1785 4481 1944 4538 prout

2047 3275 2274 3345 τόμενόν
2297 3291 2356 3328 τε
2382 3273 2613 3328 διελθεῖν
2656 3272 2831 3343 μέσην
2854 3272 2953 3342 τὴν
2976 3270 3149 3336 πόλιν,
3194 3270 3290 3323 καὶ
3322 3271 3546 3324 διδόναι
3590 3270 3659 3322 rb‘

2049 3369 2274 3438 σημεῖον
2300 3366 2394 3419 ἐπὶ
2438 3365 2507 3420 τὰ
2531 3364 2760 3433 μέτωπα
2773 3363 2885 3419 τῶν
2921 3363 3133 3435 ἀνδρῶν
3161 3361 3271 3415 τῶν
3298 3380 3651 3417 καταστεναο

2048 3459 2252 3525 ζόντων
2280 3458 2372 3512 zeal.
2412 3457 2877 3528 κατοδυνωμένων
2909 3457 3003 3510 ἐπὶ
3034 3455 3241 3520 πάσαις
3270 3459 3397 3520 ταῖς
3430 3456 3648 3519 ἀνοίαις

2047 3554 2167 3613 ταῖς
2196 3551 2513 3620 γινομέναις
2545 3551 2604 3602 ἐν
2648 3550 2801 3620 μέσῳ
2840 3549 3041 3616 αὐτῶν,
3089 3549 3189 3620 τῆς
3230 3548 3392 3612 θείας
3425 3550 3645 3603 δικαιο-

2050 3643 2271 3714 κρισίας
2299 3642 2645 3713 διειργούσης
2672 3643 2799 3705 τοὺς
2823 3641 3153 3705 ἀνευθύνους
3190 3639 3304 3696 τῶν
3328 3641 3641 3696 ὑποδίκων.

2049 3734 2161 3787 Kal.
2189 3734 2334 3805 ἄλλῳ
2399 3734 2598 3798 ἱππεύς
2657 3752 2742 3797 τις
2802 3735 3185 3805 ἐμφανίζεται,
3235 3734 3397 3806 ἵππῳ
3442 3730 3649 3805 πυῤῥῷ

2049 3827 2414 3897 ἐποχούμενος
2438 3841 2453 3855 ·
2490 3827 2629 3898 τάχα
2660 3827 2720 3879 τὸ
2740 3826 3049 3899 ὀξύρροπον
3073 3826 3170 3880 zeal.
3188 3827 3509 3897 ταχυπὸρον
3533 3826 3645 3878 τῶν

2051 3919 2463 3989 ἐνεργουμένων
2503 3918 2578 3981 ὼς
2624 3918 2859 3989 ἱππότης
2895 3917 3289 3988 παραδεικνύς.
3324 3919 3404 3973 Τὸ
3455 3917 3515 3971 δὲ
3546 3915 3645 3969 τοῦ

2050 4009 2259 4079 χρωτὸς
2276 4008 2434 4075 εἶδος,
2453 4003 2497 4077 ᾧ
2516 4010 2577 4062 τὸ
2602 4009 2834 4080 θυμικὸν
2864 4008 2939 4073 ὡς
2968 4009 3270 4081 αἱμόχρουν
3300 4011 3402 4065 zeal.
3430 4011 3643 4079 ὑπέρυ-

2052 4100 2178 4170 θρον
2209 4102 2304 4154 zeal.
2354 4101 2652 4172 πυρίπνουν
2684 4098 2793 4152 τῶν
2842 4101 3171 4170 μαχομένων
3215 4099 3637 4171 τεκμηριοῦται,

2049 4193 2149 4263 τὴν
2181 4191 2322 4245 κατά
2354 4208 2516 4245 τινων
2533 4191 2811 4262 πολεμίων
2841 4191 3013 4246 ὲθνῶν
3042 4191 3638 4263 ὀργὴνὺπαινίττεται.

2051 4285 2161 4337 Kal.
2198 4279 2356 4347 αὖθις
2384 4284 2607 4355 ρήματα
2637 4283 2781 4338 καλά
2821 4285 2917 4339 zeal.
2963 4284 3158 4353 λόγους
3181 4283 3640 4356 παρακλητικοὺς

2050 4376 2239 4447 ἤκουε,
2252 4376 2351 4448 τὴν
2370 4374 2521 4429 θείαν
2542 4375 2832 4446 εὐμένειαν
2843 4376 2937 4431 zeal.
2958 4376 3151 4445 φιλανθ
3161 4375 3374 4447 ρωπίαν
3390 4389 3639 4448 προαγο-

2055 4465 2339 4537 ρεύοντας,
2373 4459 2463 4530 αἷς
2498 4467 2629 4539 περὶ
2655 4466 2754 4538 τὴν
2784 4466 3149 4544 Ἰερουσαλὴμ³
3173 4468 3439 4540 χρήσεται
3468 4469 3499 4520 ό
3529 4464 3638 4519 τῶν

368 4546 519 4598 varia
566 4547 802 4615 dignitas
851 4552 1184 4619 postulabat.
1218 4560 1582 4624 gerendarum
1614 4576 1830 4630 quoque
1863 4579 1940 4617 re-

2050 4559 2190 4613 ὅλων
2222 4558 2375 4623 Θεὸς,
2418 4559 2514 4612 ἐπὶ⁸
2551 4560 2653 4630 τὴν
2704 4559 2980 4631 προτέραν
3032 4558 3381 4630 εὐδαιμονίαν
3430 4575 3491 4612 τε
3542 4557 3637 4611 zeal.

370 4651 491 4689 rum
539 4637 739 4706 figuras
779 4642 1107 4709 symbolicas
1145 4645 1463 4703 informatas
1500 4649 1759 4718 videbat;
1787 4662 1949 4721 prout

373 4728 612 4797 denique
646 4729 792 4786 Deus
824 4734 1091 4789 arbitratu
1119 4752 1219 4790 suo
1254 4753 1343 4793 res
1378 4742 1460 4794 his
1490 4743 1633 4812 typis
1660 4757 1949 4812 expressas

372 4819 486 4886 geri
548 4823 799 4874 curabat.
853 4822 994 4889 Quid
1049 4836 1230 4882 autem
1282 4829 1571 4884 dicendum
1612 4843 1698 4887 est
1731 4835 1797 4887 de
1846 4834 1951 4889 illis

370 4925 588 4981 quoque
630 4915 957 4971 venerandis
1008 4921 1319 4990 sanctisque
1379 4922 1620 4984 feminis.
1649 4937 1946 4995 unguenta,

374 5004 622 5072 inquam,
664 5004 1215 5064 ferentibus?Nonne
1241 5014 1556 5083 angelorum
1589 5016 1767 5070 visum
1798 5017 1948 5072 vide-

375 5106 500 5149 runt
523 5096 566 5161 ⁸,
602 5108 765 5166 atque
812 5100 912 5155 hos
942 5102 1083 5157 albis
1115 5104 1335 5159 indutos
1361 5106 1611 5175 stolaque
1638 5106 1943 5177 Splendida,

368 5186 498 5247 dum
530 5188 595 5242 ad
640 5189 883 5244 divinum
928 5193 1236 5262 scpulcrmn
1295 5197 1426 5266 ipsa:
1477 5197 1824 5263 accederent,
1857 5200 1943 5253 ubi

375 5279 646 5332 viviticum
692 5282 887 5335 summi
919 5281 1012 5337 Dei
1048 5299 1245 5353 corpus
1292 5296 1409 5341 erat
1441 5288 1777 5355 repositum?
1810 5305 1945 5358 quo-

378 5385 494 5423 rmu
531 5375 775 5430 candida!
818 5384 995 5431 vestes
1033 5385 1201 5447 atque
1232 5376 1518 5449 fulgentes,
1551 5380 1676 5449 quia
1705 5397 1951 5436 commu-

381 5476 503 5513 ncm
575 5465 797 5518 humani
864 5470 1081 5536 generis
1142 5468 1385 5523 lzelitiatn
1449 5480 1502 5526 et
1576 5472 1949 5527 liberationem

379 5554 674 5621 symbolice
692 5558 1065 5627 designabant,
1101 5576 1238 5630 pene
1266 5542 1390 5617 ante
1423 5578 1586 5631 quam
1622 5564 1721 5631 ipsi
1751 5565 1949 5633 angeli,

369 5648 565 5698 Vocem
601 5645 740 5701 hanc
779 5649 1099 5705 emittebant
1131 5669 1144 5705 :
1172 5648 1274 5716 Qui
1297 5653 1542 5722 sepultus
1576 5662 1717 5720 erat,
1746 5668 1933 5708 resur-

448 5820 678 5879 "Josuc
708 5841 737 5877 v
768 5864 783 5889 ,
828 5827 913 5880 l5.
995 5829 1010 5859 ²
1046 5828 1146 5884 lsa.
1180 5847 1251 5897 Vl,
1306 5834 1350 5888 l.
1430 5836 1448 5863 ²
1477 5832 1669 5889 Ezech.
1712 5850 1783 5899 Ix,
1822 5834 1855 5887 “2

2044 5835 2137 5890 zid.
2180 5837 2231 5890 ί.
2316 5835 2518 5891 ‘Zaclt.
2553 5853 2591 5901 I,
2625 5837 2678 5893 8.

2045 4651 2344 4706 εὐπάθειαν
2385 4652 2516 4714 τοὺς
2568 4649 3106 4721 ἡνδραποδισμένους
3146 4650 3242 4704 zeal.
3268 4649 3632 4720 δοριλήπτρυς

2049 4742 2363 4809 ἐπανάγων,
2405 4740 2501 4794 zeal
2554 4743 2624 4793 τὰ
2652 4739 2793 4793 κατὰ
2822 4739 2922 4809 τὴν
2952 4738 3110 4792 πόλιν
3145 4739 3295 4802 ὅπως
3338 4738 3453 4803 ἕξει
3480 4736 3636 4805 οἰκή-

2051 4831 2189 4895 σεώς
2220 4848 2279 4884 τε
2316 4832 2411 4883 καὶ
2441 4830 2757 4902 εὐετηρίας,
2786 4831 2870 4884 ὅτι
2904 4831 3281 4901 κατακάρπως
3321 4828 3637 4897 οἰκισθήσε-

2054 4941 2165 4977 ται.
2194 4922 2308 4977 Καὶ
2357 4921 2529 4976 τᾶλλα
2560 4924 2661 4976 ὅσα
2701 4923 2758 4977 al
2801 4921 2953 4991 ὄψεις
2988 4923 3196 4975 ἐκεῖναι
3238 4920 3528 4975 διετύπουν
3559 4915 3634 4985 τῷ

2054 5017 2329 5088 βλέποντι.
2358 5014 2470 5068 Καὶ
2491 5013 2651 5078 ἄλλος
2692 5014 2890 5081 ἄλλως,
2915 5013 3052 5069 καθὸ
3066 5013 3127 5070 τὸ
3144 5014 3345 5085 μέτρον
3360 5013 3461 5084 τῆς
3481 5011 3634 5074 ἀξίας

2053 5106 2344 5171 ἐπέϐαλλε,
2381 5106 2477 5159 zeal.
2507 5107 2618 5159 τῶν
2646 5106 3119 5178 πραχθησομένων
3148 5109 3198 5160 οἱ
3227 5106 3389 5159 τύποι
3431 5101 3634 5172 συμϐο-

2051 5200 2217 5265 λικῶς
2263 5201 2699 5269 διεσκευάζοντο,
2730 5202 2825 5255 zeal.
2848 5201 3122 5273 ᾠκονόμει
3153 5201 3289 5266 Θεὸς
3325 5200 3420 5253 zeal.
3450 5197 3633 5266 ἔκρινε

2053 5294 2123 5347 τά
2164 5296 2221 5347 ὲν
2249 5294 2464 5358 τούτοις
2520 5295 3000 5366 ὲκκαλυπτόμενα.
3062 5295 3130 5348 Τί
3179 5294 3224 5348 δ’
3270 5294 3337 5348 ἂν
3365 5290 3509 5346 εἴποι
3547 5302 3628 5348 τις

2056 5386 2185 5457 περί
2216 5403 2278 5454 γε
2311 5386 2420 5439 τῶν
2478 5386 2694 5457 σεμνῶν
2742 5388 2967 5442 ἐκείνων
3001 5387 3280 5457 γυναικῶν
3313 5387 3406 5440 καὶ
3435 5381 3622 5451 ἁγίων,

2054 5479 2164 5533 τῶν
2222 5479 2549 5550 μυροιρόρων
2598 5479 2775 5547 λέγω;
2828 5481 2962 5550 Οὐχὶ
3041 5478 3310 5534 ὀπτασίαν
3383 5473 3629 5542 ἀγγέλων

2055 5572 2399 5641 ἑωράκεσαν,
2470 5572 2566 5625 zeal.
2623 5572 2849 5635 τούτους
2894 5571 3378 5643 λευχειμονοῦντας
3434 5565 3527 5620 καὶ
3563 5563 3624 5630 τῇ

2057 5662 2217 5733 στολῇ
2244 5664 2745 5734 ἐναστράπτοντας,
2788 5663 2951 5732 ἡνίκα
2987 5664 3130 5719 κατὰ
3166 5665 3258 5719 τὸν
3289 5662 3434 5717 θεῖον
3461 5654 3627 5724 τάφον

2790 5840 2809 5869 ⁵
2841 5838 2971 5894 ibid.
3012 5815 3095 5892 l7.
3174 5839 3196 5869 '
3231 5836 3364 5892 Luc.
3399 5844 3546 5897 xxw,
3575 5828 3625 5887 ι.
