  <div class='ocr_page' id='page_1' title='image "/cluster/home/n/w/nwhite01/storage/ocr_20150623/100/coo.31924054870047/182.png"; bbox 0 0 4050 6420; ppageno 0'>
   <div class='ocr_carea' id='block_1_1' title="bbox 341 324 3606 415">
    <p class='ocr_par' dir='ltr' id='par_1_1' title="bbox 341 324 3606 415">
     <span class='ocr_line' id='line_1_1' title="bbox 341 324 3606 415; baseline -0.004 -1"><span class='ocrx_word' id='word_1_1' title='bbox 341 349 454 415; x_wconf 78' lang='lat'><strong>353</strong></span> <span class='ocrx_word' id='word_1_2' title='bbox 1054 324 1685 408; x_wconf 75' lang='lat' dir='ltr'><strong>ANTIRRHETICUS</strong></span> <span class='ocrx_word' id='word_1_3' title='bbox 1731 345 1793 405; x_wconf 93' lang='lat' dir='ltr'>II</span> <span class='ocrx_word' id='word_1_4' title='bbox 1844 345 2012 406; x_wconf 81' lang='lat' dir='ltr'><strong>ADV.</strong></span> <span class='ocrx_word' id='word_1_5' title='bbox 2052 341 2646 405; x_wconf 80' lang='lat' dir='ltr'><strong>CONSTANTINUM</strong></span> <span class='ocrx_word' id='word_1_6' title='bbox 2684 342 2897 404; x_wconf 73' lang='lat' dir='ltr'><strong>corn.</strong></span> <span class='ocrx_word' id='word_1_7' title='bbox 3502 338 3606 404; x_wconf 70' lang='lat'><strong>354</strong></span> 
     </span>
    </p>
   </div>
   <div class='ocr_carea' id='block_1_2' title="bbox 339 450 1940 532">
    <p class='ocr_par' dir='ltr' id='par_1_2' title="bbox 339 450 1935 532">
     <span class='ocr_line' id='line_1_2' title="bbox 339 450 1935 532; baseline -0.003 -18"><span class='ocrx_word' id='word_1_8' title='bbox 339 459 750 532; x_wconf 74' lang='grc' dir='ltr'><strong>προσήδρευον,</strong></span> <span class='ocrx_word' id='word_1_9' title='bbox 780 458 840 513; x_wconf 81' lang='grc' dir='ltr'>ὲν</span> <span class='ocrx_word' id='word_1_10' title='bbox 871 450 916 528; x_wconf 77' lang='grc' dir='ltr'><strong>ᾧ</strong></span> <span class='ocrx_word' id='word_1_11' title='bbox 943 458 1004 513; x_wconf 84' lang='grc' dir='ltr'>τὸ</span> <span class='ocrx_word' id='word_1_12' title='bbox 1027 457 1336 531; x_wconf 77' lang='grc' dir='ltr'>ζωαρχικδν</span> <span class='ocrx_word' id='word_1_13' title='bbox 1369 460 1468 528; x_wconf 80' lang='grc' dir='ltr'>τῆς</span> <span class='ocrx_word' id='word_1_14' title='bbox 1498 458 1759 529; x_wconf 86' lang='grc' dir='ltr'>θεαρχίας</span> <span class='ocrx_word' id='word_1_15' title='bbox 1776 456 1935 528; x_wconf 84' lang='grc' dir='ltr'>σῶμα</span> 
     </span>
    </p>
   </div>
   <div class='ocr_carea' id='block_1_3' title="bbox 2040 450 3607 532">
    <p class='ocr_par' dir='ltr' id='par_1_3' title="bbox 2040 453 3607 523">
     <span class='ocr_line' id='line_1_3' title="bbox 2040 453 3607 523; baseline -0.003 -14"><span class='ocrx_word' id='word_1_16' title='bbox 2040 457 2206 521; x_wconf 70' lang='lat' dir='ltr'><strong>rexit,</strong></span> <span class='ocrx_word' id='word_1_17' title='bbox 2260 471 2367 511; x_wconf 86' lang='lat' dir='ltr'><strong>una</strong></span> <span class='ocrx_word' id='word_1_18' title='bbox 2399 470 2588 511; x_wconf 89' lang='lat' dir='ltr'><strong>secum</strong></span> <span class='ocrx_word' id='word_1_19' title='bbox 2621 457 2898 510; x_wconf 75' lang='lat' dir='ltr'><strong>suscitatis</strong></span> <span class='ocrx_word' id='word_1_20' title='bbox 2934 454 3000 509; x_wconf 88' lang='lat' dir='ltr'><strong>iis</strong></span> <span class='ocrx_word' id='word_1_21' title='bbox 3047 453 3139 523; x_wconf 88' lang='lat' dir='ltr'><strong>qui</strong></span> <span class='ocrx_word' id='word_1_22' title='bbox 3174 453 3367 508; x_wconf 68' lang='lat' dir='ltr'><strong>mortis</strong></span> <span class='ocrx_word' id='word_1_23' title='bbox 3397 463 3607 508; x_wconf 66' lang='lat' dir='ltr'><strong>catenas</strong></span> 
     </span>
    </p>
   </div>
   <div class='ocr_carea' id='block_1_4' title="bbox 341 544 1940 626">
    <p class='ocr_par' dir='ltr' id='par_1_4' title="bbox 341 548 1930 626">
     <span class='ocr_line' id='line_1_4' title="bbox 341 548 1930 626; baseline -0.003 -17"><span class='ocrx_word' id='word_1_24' title='bbox 341 553 814 625; x_wconf 78' lang='grc' dir='ltr'>ὲτεθησαύριστο;</span> <span class='ocrx_word' id='word_1_25' title='bbox 842 548 917 607; x_wconf 81' lang='grc' dir='ltr'><strong>ὧν</strong></span> <span class='ocrx_word' id='word_1_26' title='bbox 945 554 1007 607; x_wconf 83' lang='grc' dir='ltr'>τὸ</span> <span class='ocrx_word' id='word_1_27' title='bbox 1053 554 1283 626; x_wconf 66' lang='grc' dir='ltr'>φαιδρὸν</span> <span class='ocrx_word' id='word_1_28' title='bbox 1310 556 1410 623; x_wconf 84' lang='grc' dir='ltr'>τῆς</span> <span class='ocrx_word' id='word_1_29' title='bbox 1441 553 1636 621; x_wconf 80' lang='grc' dir='ltr'><strong>στολῆς</strong></span> <span class='ocrx_word' id='word_1_30' title='bbox 1672 553 1767 605; x_wconf 76' lang='grc' dir='ltr'>καὶ</span> <span class='ocrx_word' id='word_1_31' title='bbox 1797 570 1930 606; x_wconf 89' lang='grc' dir='ltr'>κατ-</span> 
     </span>
    </p>
   </div>
   <div class='ocr_carea' id='block_1_5' title="bbox 2040 544 3602 626">
    <p class='ocr_par' dir='ltr' id='par_1_5' title="bbox 2040 544 3602 615">
     <span class='ocr_line' id='line_1_5' title="bbox 2040 544 3602 615; baseline -0.003 -13"><span class='ocrx_word' id='word_1_32' title='bbox 2040 547 2376 615; x_wconf 76' lang='lat' dir='ltr'><strong>tenebantur.</strong></span> <span class='ocrx_word' id='word_1_33' title='bbox 2410 545 2555 600; x_wconf 80' lang='lat' dir='ltr'><strong>Mors</strong></span> <span class='ocrx_word' id='word_1_34' title='bbox 2582 546 2782 615; x_wconf 80' lang='lat' dir='ltr'><strong>quippe</strong></span> <span class='ocrx_word' id='word_1_35' title='bbox 2812 546 3087 599; x_wconf 83' lang='lat' dir='ltr'><strong>destructa</strong></span> <span class='ocrx_word' id='word_1_36' title='bbox 3122 556 3228 610; x_wconf 87' lang='lat' dir='ltr'><strong>est,</strong></span> <span class='ocrx_word' id='word_1_37' title='bbox 3249 544 3365 600; x_wconf 90' lang='lat' dir='ltr'><strong>orci</strong></span> <span class='ocrx_word' id='word_1_38' title='bbox 3392 545 3602 599; x_wconf 88' lang='lat' dir='ltr'><strong>vincula</strong></span> 
     </span>
    </p>
   </div>
   <div class='ocr_carea' id='block_1_6' title="bbox 338 638 1940 716">
    <p class='ocr_par' dir='ltr' id='par_1_6' title="bbox 338 639 1928 716">
     <span class='ocr_line' id='line_1_6' title="bbox 338 639 1928 716; baseline -0.003 -19"><span class='ocrx_word' id='word_1_39' title='bbox 338 645 741 716; x_wconf 85' lang='grc' dir='ltr'>ηγλαϊσμένον,</span> <span class='ocrx_word' id='word_1_40' title='bbox 782 645 1020 715; x_wconf 76' lang='grc' dir='ltr'>ἐπείπερ</span> <span class='ocrx_word' id='word_1_41' title='bbox 1053 643 1329 715; x_wconf 84' lang='grc' dir='ltr'>σύμϐολον</span> <span class='ocrx_word' id='word_1_42' title='bbox 1357 640 1425 714; x_wconf 82' lang='grc' dir='ltr'>ἦν</span> <span class='ocrx_word' id='word_1_43' title='bbox 1450 644 1549 715; x_wconf 85' lang='grc' dir='ltr'>τῆς</span> <span class='ocrx_word' id='word_1_44' title='bbox 1598 642 1787 712; x_wconf 82' lang='grc' dir='ltr'>κοινῆς</span> <span class='ocrx_word' id='word_1_45' title='bbox 1831 639 1928 694; x_wconf 79' lang='grc' dir='ltr'><strong>τοῦ</strong></span> 
     </span>
    </p>
   </div>
   <div class='ocr_carea' id='block_1_7' title="bbox 2040 638 3604 716">
    <p class='ocr_par' dir='ltr' id='par_1_7' title="bbox 2040 638 3604 708">
     <span class='ocr_line' id='line_1_7' title="bbox 2040 638 3604 708; baseline -0.001 -15"><span class='ocrx_word' id='word_1_46' title='bbox 2040 640 2272 708; x_wconf 81' lang='lat' dir='ltr'><strong>dirupta,</strong></span> <span class='ocrx_word' id='word_1_47' title='bbox 2306 638 2621 694; x_wconf 76' lang='lat' dir='ltr'><strong>exstincms</strong></span> <span class='ocrx_word' id='word_1_48' title='bbox 2650 639 2917 704; x_wconf 76' lang='lat' dir='ltr'><strong>diabolus,</strong></span> <span class='ocrx_word' id='word_1_49' title='bbox 2952 649 3233 706; x_wconf 86' lang='lat' dir='ltr'><strong>peccatum</strong></span> <span class='ocrx_word' id='word_1_50' title='bbox 3260 647 3604 693; x_wconf 88' lang='lat' dir='ltr'><strong>evacuatum.</strong></span> 
     </span>
    </p>
   </div>
   <div class='ocr_carea' id='block_1_8' title="bbox 338 729 1940 807">
    <p class='ocr_par' dir='ltr' id='par_1_8' title="bbox 338 732 1928 807">
     <span class='ocr_line' id='line_1_8' title="bbox 338 732 1928 807; baseline -0.003 -17"><span class='ocrx_word' id='word_1_51' title='bbox 338 736 534 805; x_wconf 77' lang='grc' dir='ltr'>γένους</span> <span class='ocrx_word' id='word_1_52' title='bbox 567 735 909 807; x_wconf 75' lang='grc' dir='ltr'>εὐφροσύνης</span> <span class='ocrx_word' id='word_1_53' title='bbox 935 753 996 790; x_wconf 88' lang='grc' dir='ltr'><strong>τε</strong></span> <span class='ocrx_word' id='word_1_54' title='bbox 1015 738 1111 790; x_wconf 76' lang='grc' dir='ltr'>καὶ</span> <span class='ocrx_word' id='word_1_55' title='bbox 1135 734 1594 806; x_wconf 69' lang='grc' dir='ltr'><strong>ἀπολυτρώσεως,</strong></span> <span class='ocrx_word' id='word_1_56' title='bbox 1616 732 1723 803; x_wconf 78' lang='grc' dir='ltr'><strong>πρὸ</strong></span> <span class='ocrx_word' id='word_1_57' title='bbox 1746 732 1928 787; x_wconf 81' lang='grc' dir='ltr'>αὐτῶν</span> 
     </span>
    </p>
   </div>
   <div class='ocr_carea' id='block_1_9' title="bbox 2040 729 3605 807">
    <p class='ocr_par' dir='ltr' id='par_1_9' title="bbox 2040 729 3605 799">
     <span class='ocr_line' id='line_1_9' title="bbox 2040 729 3605 799; baseline -0.003 -14"><span class='ocrx_word' id='word_1_58' title='bbox 2040 730 2131 785; x_wconf 84' lang='lat' dir='ltr'><strong>Hic</strong></span> <span class='ocrx_word' id='word_1_59' title='bbox 2189 731 2334 785; x_wconf 88' lang='lat' dir='ltr'><strong>enim</strong></span> <span class='ocrx_word' id='word_1_60' title='bbox 2385 740 2504 785; x_wconf 89' lang='lat' dir='ltr'><strong>erat</strong></span> <span class='ocrx_word' id='word_1_61' title='bbox 2565 731 2790 785; x_wconf 87' lang='lat' dir='ltr'><strong>nuntius</strong></span> <span class='ocrx_word' id='word_1_62' title='bbox 2845 731 3181 795; x_wconf 72' lang='lat' dir='ltr'><strong>laetissimus,</strong></span> <span class='ocrx_word' id='word_1_63' title='bbox 3233 729 3605 799; x_wconf 82' lang='lat' dir='ltr'><strong>prodigiorum</strong></span> 
     </span>
    </p>
   </div>
   <div class='ocr_carea' id='block_1_10' title="bbox 343 814 1940 899">
    <p class='ocr_par' dir='ltr' id='par_1_10' title="bbox 343 814 1933 899">
     <span class='ocr_line' id='line_1_10' title="bbox 343 814 1933 899; baseline -0.003 -17"><span class='ocrx_word' id='word_1_64' title='bbox 343 827 845 899; x_wconf 67' lang='grc' dir='ltr'>μονονουχὶ-φωνήν</span> <span class='ocrx_word' id='word_1_65' title='bbox 875 814 1026 899; x_wconf 76' lang='grc' dir='ltr'>ἠφίει</span> <span class='ocrx_word' id='word_1_66' title='bbox 1052 845 1067 861; x_wconf 87' lang='grc'><strong>·</strong></span> <span class='ocrx_word' id='word_1_67' title='bbox 1098 831 1291 899; x_wconf 81' lang='grc' dir='ltr'><strong>ὅτιπερ</strong></span> <span class='ocrx_word' id='word_1_68' title='bbox 1346 830 1376 881; x_wconf 87' lang='grc' dir='ltr'>ὁ</span> <span class='ocrx_word' id='word_1_69' title='bbox 1415 826 1608 896; x_wconf 78' lang='grc' dir='ltr'>ταφεὶς</span> <span class='ocrx_word' id='word_1_70' title='bbox 1637 826 1933 896; x_wconf 75' lang='grc' dir='ltr'>ἐξεγήγερ-</span> 
     </span>
    </p>
   </div>
   <div class='ocr_carea' id='block_1_11' title="bbox 2040 814 3110 899">
    <p class='ocr_par' dir='ltr' id='par_1_11' title="bbox 2040 824 3110 894">
     <span class='ocr_line' id='line_1_11' title="bbox 2040 824 3110 894; baseline 0.002 -18"><span class='ocrx_word' id='word_1_71' title='bbox 2040 824 2287 879; x_wconf 89' lang='lat' dir='ltr'><strong>videlicet</strong></span> <span class='ocrx_word' id='word_1_72' title='bbox 2315 826 2733 894; x_wconf 63' lang='lat' dir='ltr'><strong>praedicatorum</strong></span> <span class='ocrx_word' id='word_1_73' title='bbox 2772 825 3110 892; x_wconf 78' lang='lat' dir='ltr'><strong>magnitudo.</strong></span> 
     </span>
    </p>
   </div>
   <div class='ocr_carea' id='block_1_12' title="bbox 342 914 3609 990">
    <p class='ocr_par' dir='ltr' id='par_1_12' title="bbox 342 914 3609 990">
     <span class='ocr_line' id='line_1_12' title="bbox 342 914 3609 990; baseline -0.002 -15"><span class='ocrx_word' id='word_1_74' title='bbox 342 938 460 990; x_wconf 87' lang='grc' dir='ltr'>ται,</span> <span class='ocrx_word' id='word_1_75' title='bbox 486 923 818 976; x_wconf 86' lang='grc' dir='ltr'>συνανιστῶν</span> <span class='ocrx_word' id='word_1_76' title='bbox 841 922 969 986; x_wconf 76' lang='grc' dir='ltr'>τοὺς</span> <span class='ocrx_word' id='word_1_77' title='bbox 1020 923 1187 977; x_wconf 77' lang='grc' dir='ltr'>πάλαι</span> <span class='ocrx_word' id='word_1_78' title='bbox 1239 923 1360 985; x_wconf 84' lang='grc' dir='ltr'>ταῖς</span> <span class='ocrx_word' id='word_1_79' title='bbox 1386 921 1482 976; x_wconf 82' lang='grc' dir='ltr'><strong>τοῦ</strong></span> <span class='ocrx_word' id='word_1_80' title='bbox 1507 920 1741 974; x_wconf 77' lang='grc' dir='ltr'>Θανάτου</span> <span class='ocrx_word' id='word_1_81' title='bbox 1777 922 1988 990; x_wconf 81' lang='grc' dir='ltr'>σειραῖς</span> <span class='ocrx_word' id='word_1_82' title='bbox 2025 920 2437 990; x_wconf 82' lang='grc' dir='ltr'>ἐνισχημένους.</span> <span class='ocrx_word' id='word_1_83' title='bbox 2499 914 2739 982; x_wconf 78' lang='grc' dir='ltr'>Θάνατος</span> <span class='ocrx_word' id='word_1_84' title='bbox 2800 920 2908 989; x_wconf 78' lang='grc' dir='ltr'><strong>γὰρ</strong></span> <span class='ocrx_word' id='word_1_85' title='bbox 2957 917 3345 982; x_wconf 79' lang='grc' dir='ltr'><strong>καταλέλυται,</strong></span> <span class='ocrx_word' id='word_1_86' title='bbox 3398 917 3494 970; x_wconf 69' lang='grc' dir='ltr'><strong>καὶ</strong></span> <span class='ocrx_word' id='word_1_87' title='bbox 3540 917 3609 969; x_wconf 79' lang='grc' dir='ltr'><strong>τὰ</strong></span> 
     </span>
    </p>
   </div>
   <div class='ocr_carea' id='block_1_13' title="bbox 342 1005 3609 1087">
    <p class='ocr_par' dir='ltr' id='par_1_13' title="bbox 342 1005 3609 1087">
     <span class='ocr_line' id='line_1_13' title="bbox 342 1005 3609 1087; baseline -0.002 -18"><span class='ocrx_word' id='word_1_88' title='bbox 342 1013 527 1085; x_wconf 86' lang='grc' dir='ltr'>δεσμὰ</span> <span class='ocrx_word' id='word_1_89' title='bbox 556 1013 650 1067; x_wconf 80' lang='grc' dir='ltr'><strong>τοῦ</strong></span> <span class='ocrx_word' id='word_1_90' title='bbox 698 1011 828 1084; x_wconf 71' lang='grc' dir='ltr'>ᾅδου</span> <span class='ocrx_word' id='word_1_91' title='bbox 883 1014 1240 1087; x_wconf 77' lang='grc' dir='ltr'>διέρῤηκται,</span> <span class='ocrx_word' id='word_1_92' title='bbox 1307 1016 1405 1071; x_wconf 77' lang='grc' dir='ltr'>καὶ</span> <span class='ocrx_word' id='word_1_93' title='bbox 1474 1014 1809 1086; x_wconf 84' lang='grc' dir='ltr'>νενέκρωται</span> <span class='ocrx_word' id='word_1_94' title='bbox 1872 1012 2144 1077; x_wconf 82' lang='grc' dir='ltr'>διάϐολος,</span> <span class='ocrx_word' id='word_1_95' title='bbox 2196 1011 2293 1065; x_wconf 79' lang='grc' dir='ltr'>καὶ</span> <span class='ocrx_word' id='word_1_96' title='bbox 2340 1010 2585 1083; x_wconf 85' lang='grc' dir='ltr'>ἁμαρτία</span> <span class='ocrx_word' id='word_1_97' title='bbox 2636 1013 3012 1083; x_wconf 76' lang='grc' dir='ltr'>κατήργηται.</span> <span class='ocrx_word' id='word_1_98' title='bbox 3066 1010 3240 1064; x_wconf 83' lang='grc' dir='ltr'>Τοῦτο</span> <span class='ocrx_word' id='word_1_99' title='bbox 3275 1009 3385 1080; x_wconf 79' lang='grc' dir='ltr'>γὰρ</span> <span class='ocrx_word' id='word_1_100' title='bbox 3436 1005 3504 1080; x_wconf 84' lang='grc' dir='ltr'>ἦν</span> <span class='ocrx_word' id='word_1_101' title='bbox 3550 1011 3609 1062; x_wconf 79' lang='grc' dir='ltr'>τὸ</span> 
     </span>
    </p>
   </div>
   <div class='ocr_carea' id='block_1_14' title="bbox 343 1106 2243 1182">
    <p class='ocr_par' dir='ltr' id='par_1_14' title="bbox 343 1106 2243 1182">
     <span class='ocr_line' id='line_1_14' title="bbox 343 1106 2243 1182; baseline 0.001 -20"><span class='ocrx_word' id='word_1_102' title='bbox 343 1106 843 1177; x_wconf 74' lang='grc' dir='ltr'>εὐαγγελιζόμενον</span> <span class='ocrx_word' id='word_1_103' title='bbox 888 1108 998 1164; x_wconf 83' lang='grc' dir='ltr'><strong>τῶν</strong></span> <span class='ocrx_word' id='word_1_104' title='bbox 1040 1110 1465 1182; x_wconf 82' lang='grc' dir='ltr'><strong>κηρυσσομένων</strong></span> <span class='ocrx_word' id='word_1_105' title='bbox 1503 1110 1823 1181; x_wconf 78' lang='grc' dir='ltr'>παραδόξων</span> <span class='ocrx_word' id='word_1_106' title='bbox 1851 1109 1920 1163; x_wconf 82' lang='grc' dir='ltr'><strong>τὰ</strong></span> <span class='ocrx_word' id='word_1_107' title='bbox 1960 1108 2243 1180; x_wconf 81' lang='grc' dir='ltr'><strong>μεγαλεῖα.</strong></span> 
     </span>
    </p>
   </div>
   <div class='ocr_carea' id='block_1_15' title="bbox 422 1200 1932 1276">
    <p class='ocr_par' dir='ltr' id='par_1_15' title="bbox 422 1200 1932 1276">
     <span class='ocr_line' id='line_1_15' title="bbox 422 1200 1932 1276; baseline 0.001 -23"><span class='ocrx_word' id='word_1_108' title='bbox 422 1207 516 1256; x_wconf 87' lang='grc' dir='ltr'>ια’.</span> <span class='ocrx_word' id='word_1_109' title='bbox 565 1200 718 1253; x_wconf 61' lang='grc' dir='ltr'><strong>Ἐπεί¹</strong></span> <span class='ocrx_word' id='word_1_110' title='bbox 746 1200 840 1255; x_wconf 76' lang='grc' dir='ltr'>οὖν</span> <span class='ocrx_word' id='word_1_111' title='bbox 872 1202 1171 1273; x_wconf 82' lang='grc' dir='ltr'>ὀφθαλμοῖς</span> <span class='ocrx_word' id='word_1_112' title='bbox 1217 1204 1500 1276; x_wconf 74' lang='grc' dir='ltr'>σαρκίνοις</span> <span class='ocrx_word' id='word_1_113' title='bbox 1537 1204 1763 1257; x_wconf 83' lang='grc' dir='ltr'>ἀθέατοί</span> <span class='ocrx_word' id='word_1_114' title='bbox 1792 1205 1932 1255; x_wconf 83' lang='grc' dir='ltr'>εἰσιν</span> 
     </span>
    </p>
   </div>
   <div class='ocr_carea' id='block_1_16' title="bbox 342 1289 1935 1364">
    <p class='ocr_par' dir='ltr' id='par_1_16' title="bbox 342 1289 1935 1364">
     <span class='ocr_line' id='line_1_16' title="bbox 342 1289 1935 1364; baseline 0.002 -21"><span class='ocrx_word' id='word_1_115' title='bbox 342 1294 399 1346; x_wconf 78' lang='grc' dir='ltr'>οἱ</span> <span class='ocrx_word' id='word_1_116' title='bbox 461 1292 608 1358; x_wconf 82' lang='grc' dir='ltr'>ἆγιοι</span> <span class='ocrx_word' id='word_1_117' title='bbox 667 1289 921 1359; x_wconf 75' lang='grc' dir='ltr'>ἄγγελοι,</span> <span class='ocrx_word' id='word_1_118' title='bbox 971 1291 1238 1363; x_wconf 58' lang='grc' dir='ltr'>ῶρθησαν</span> <span class='ocrx_word' id='word_1_119' title='bbox 1286 1293 1343 1345; x_wconf 79' lang='grc' dir='ltr'>δὲ</span> <span class='ocrx_word' id='word_1_120' title='bbox 1375 1294 1653 1364; x_wconf 82' lang='grc' dir='ltr'>διαφόρως</span> <span class='ocrx_word' id='word_1_121' title='bbox 1687 1293 1831 1346; x_wconf 80' lang='grc' dir='ltr'>κατὰ</span> <span class='ocrx_word' id='word_1_122' title='bbox 1865 1293 1935 1346; x_wconf 82' lang='grc' dir='ltr'><strong>τὰ</strong></span> 
     </span>
    </p>
   </div>
   <div class='ocr_carea' id='block_1_17' title="bbox 346 1378 1934 1455">
    <p class='ocr_par' dir='ltr' id='par_1_17' title="bbox 346 1378 1934 1455">
     <span class='ocr_line' id='line_1_17' title="bbox 346 1378 1934 1455; baseline 0.002 -22"><span class='ocrx_word' id='word_1_123' title='bbox 346 1381 414 1432; x_wconf 83' lang='grc' dir='ltr'><strong>σύ</strong></span> <span class='ocrx_word' id='word_1_124' title='bbox 424 1379 601 1449; x_wconf 78' lang='grc' dir='ltr'>μϐολα</span> <span class='ocrx_word' id='word_1_125' title='bbox 640 1378 748 1432; x_wconf 81' lang='grc' dir='ltr'><strong>τῶν</strong></span> <span class='ocrx_word' id='word_1_126' title='bbox 802 1382 1241 1452; x_wconf 81' lang='grc' dir='ltr'>ἐγχειρισμένων</span> <span class='ocrx_word' id='word_1_127' title='bbox 1266 1383 1454 1446; x_wconf 82' lang='grc' dir='ltr'>αὐτοῖς</span> <span class='ocrx_word' id='word_1_128' title='bbox 1479 1382 1772 1437; x_wconf 81' lang='grc' dir='ltr'>διακονιῶν</span> <span class='ocrx_word' id='word_1_129' title='bbox 1800 1401 1934 1455; x_wconf 84' lang='grc' dir='ltr'>σχη-</span> 
     </span>
    </p>
   </div>
   <div class='ocr_carea' id='block_1_18' title="bbox 347 1471 1941 1550">
    <p class='ocr_par' dir='ltr' id='par_1_18' title="bbox 347 1471 1941 1550">
     <span class='ocr_line' id='line_1_18' title="bbox 347 1471 1941 1550; baseline 0.004 -26"><span class='ocrx_word' id='word_1_130' title='bbox 347 1471 733 1542; x_wconf 75' lang='grc' dir='ltr'>ματιζόμενοι,</span> <span class='ocrx_word' id='word_1_131' title='bbox 765 1471 1038 1526; x_wconf 71' lang='grc' dir='ltr'>οὕτωκαὶ</span> <span class='ocrx_word' id='word_1_132' title='bbox 1097 1473 1457 1544; x_wconf 85' lang='grc' dir='ltr'>είκοίσθησαν</span> <span class='ocrx_word' id='word_1_133' title='bbox 1507 1474 1941 1550; x_wconf 75' lang='grc' dir='ltr'>[είκονίσθησαν]</span> 
     </span>
    </p>
   </div>
   <div class='ocr_carea' id='block_1_19' title="bbox 345 1564 1939 1639">
    <p class='ocr_par' dir='ltr' id='par_1_19' title="bbox 345 1564 1939 1639">
     <span class='ocr_line' id='line_1_19' title="bbox 345 1564 1939 1639; baseline 0.002 -21"><span class='ocrx_word' id='word_1_134' title='bbox 345 1565 446 1618; x_wconf 74' lang='grc' dir='ltr'>καὶ</span> <span class='ocrx_word' id='word_1_135' title='bbox 483 1565 829 1635; x_wconf 76' lang='grc' dir='ltr'>ἐγράφησαν,</span> <span class='ocrx_word' id='word_1_136' title='bbox 862 1565 1027 1635; x_wconf 81' lang='grc' dir='ltr'>μέχρι</span> <span class='ocrx_word' id='word_1_137' title='bbox 1051 1564 1182 1633; x_wconf 83' lang='grc' dir='ltr'>γοῦν</span> <span class='ocrx_word' id='word_1_138' title='bbox 1210 1566 1312 1635; x_wconf 80' lang='grc' dir='ltr'>τῆς</span> <span class='ocrx_word' id='word_1_139' title='bbox 1353 1567 1595 1638; x_wconf 82' lang='grc' dir='ltr'>σήμερον</span> <span class='ocrx_word' id='word_1_140' title='bbox 1622 1567 1774 1638; x_wconf 86' lang='grc' dir='ltr'>ποιρά</span> <span class='ocrx_word' id='word_1_141' title='bbox 1800 1568 1844 1620; x_wconf 90' lang='grc' dir='ltr'>Χ</span> <span class='ocrx_word' id='word_1_142' title='bbox 1854 1585 1939 1639; x_wconf 87' lang='grc' dir='ltr'>ρι-</span> 
     </span>
    </p>
   </div>
   <div class='ocr_carea' id='block_1_20' title="bbox 346 1655 1936 1730">
    <p class='ocr_par' dir='ltr' id='par_1_20' title="bbox 346 1655 1936 1730">
     <span class='ocr_line' id='line_1_20' title="bbox 346 1655 1936 1730; baseline 0.003 -22"><span class='ocrx_word' id='word_1_143' title='bbox 346 1657 615 1718; x_wconf 83' lang='grc' dir='ltr'>στιανοῖς.</span> <span class='ocrx_word' id='word_1_144' title='bbox 653 1655 813 1708; x_wconf 79' lang='grc' dir='ltr'>Κατὰ</span> <span class='ocrx_word' id='word_1_145' title='bbox 847 1656 1022 1709; x_wconf 80' lang='grc' dir='ltr'>ταῦτα</span> <span class='ocrx_word' id='word_1_146' title='bbox 1059 1657 1154 1710; x_wconf 79' lang='grc' dir='ltr'>καὶ</span> <span class='ocrx_word' id='word_1_147' title='bbox 1189 1657 1501 1728; x_wconf 85' lang='grc' dir='ltr'>πράσσεται</span> <span class='ocrx_word' id='word_1_148' title='bbox 1538 1660 1631 1711; x_wconf 73' lang='grc' dir='ltr'><strong>καὶ</strong></span> <span class='ocrx_word' id='word_1_149' title='bbox 1662 1659 1936 1730; x_wconf 87' lang='grc' dir='ltr'>κηρύσσε-</span> 
     </span>
    </p>
   </div>
   <div class='ocr_carea' id='block_1_21' title="bbox 2104 1198 3608 1270">
    <p class='ocr_par' dir='ltr' id='par_1_21' title="bbox 2104 1198 3608 1270">
     <span class='ocr_line' id='line_1_21' title="bbox 2104 1198 3608 1270; baseline -0.003 -15"><span class='ocrx_word' id='word_1_150' title='bbox 2104 1202 2190 1255; x_wconf 74' lang='lat' dir='ltr'><strong>il.</strong></span> <span class='ocrx_word' id='word_1_151' title='bbox 2227 1200 2362 1268; x_wconf 87' lang='lat' dir='ltr'><strong>Quia</strong></span> <span class='ocrx_word' id='word_1_152' title='bbox 2417 1201 2584 1270; x_wconf 79' lang='lat' dir='ltr'><strong>igitur</strong></span> <span class='ocrx_word' id='word_1_153' title='bbox 2632 1200 2849 1256; x_wconf 86' lang='lat' dir='ltr'><strong>carneis</strong></span> <span class='ocrx_word' id='word_1_154' title='bbox 2903 1201 3076 1255; x_wconf 78' lang='lat' dir='ltr'><strong>oculis</strong></span> <span class='ocrx_word' id='word_1_155' title='bbox 3132 1198 3432 1255; x_wconf 86' lang='lat' dir='ltr'><strong>invisibiles</strong></span> <span class='ocrx_word' id='word_1_156' title='bbox 3481 1205 3608 1252; x_wconf 88' lang='lat' dir='ltr'><strong>sunt</strong></span> 
     </span>
    </p>
   </div>
   <div class='ocr_carea' id='block_1_22' title="bbox 2033 1291 3609 1363">
    <p class='ocr_par' dir='ltr' id='par_1_22' title="bbox 2033 1291 3609 1363">
     <span class='ocr_line' id='line_1_22' title="bbox 2033 1291 3609 1363; baseline -0.003 -14"><span class='ocrx_word' id='word_1_157' title='bbox 2033 1294 2214 1349; x_wconf 89' lang='lat' dir='ltr'><strong>sancti</strong></span> <span class='ocrx_word' id='word_1_158' title='bbox 2240 1293 2442 1363; x_wconf 83' lang='lat' dir='ltr'><strong>angeli,</strong></span> <span class='ocrx_word' id='word_1_159' title='bbox 2475 1302 2848 1362; x_wconf 88' lang='lat' dir='ltr'><strong>apparuerunt</strong></span> <span class='ocrx_word' id='word_1_160' title='bbox 2894 1303 3070 1346; x_wconf 89' lang='lat' dir='ltr'><strong>autem</strong></span> <span class='ocrx_word' id='word_1_161' title='bbox 3107 1294 3442 1347; x_wconf 81' lang='lat' dir='ltr'><strong>multimodis</strong></span> <span class='ocrx_word' id='word_1_162' title='bbox 3475 1291 3609 1360; x_wconf 77' lang='lat' dir='ltr'><strong>ligu-</strong></span> 
     </span>
    </p>
   </div>
   <div class='ocr_carea' id='block_1_23' title="bbox 2033 1385 3604 1454">
    <p class='ocr_par' dir='ltr' id='par_1_23' title="bbox 2033 1385 3604 1454">
     <span class='ocr_line' id='line_1_23' title="bbox 2033 1385 3604 1454; baseline -0.002 -15"><span class='ocrx_word' id='word_1_163' title='bbox 2033 1385 2180 1450; x_wconf 87' lang='lat' dir='ltr'><strong>rati;</strong></span> <span class='ocrx_word' id='word_1_164' title='bbox 2224 1395 2383 1453; x_wconf 81' lang='lat' dir='ltr'><strong>prout</strong></span> <span class='ocrx_word' id='word_1_165' title='bbox 2412 1386 2659 1454; x_wconf 86' lang='lat' dir='ltr'><strong>symbola</strong></span> <span class='ocrx_word' id='word_1_166' title='bbox 2693 1386 3141 1440; x_wconf 89' lang='lat' dir='ltr'><strong>demandatorum</strong></span> <span class='ocrx_word' id='word_1_167' title='bbox 3179 1385 3604 1438; x_wconf 80' lang='lat' dir='ltr'><strong>ministeriorum</strong></span> 
     </span>
    </p>
   </div>
   <div class='ocr_carea' id='block_1_24' title="bbox 2034 1473 3609 1542">
    <p class='ocr_par' dir='ltr' id='par_1_24' title="bbox 2034 1473 3609 1542">
     <span class='ocr_line' id='line_1_24' title="bbox 2034 1473 3609 1542; baseline -0.002 -14"><span class='ocrx_word' id='word_1_168' title='bbox 2034 1473 2307 1538; x_wconf 78' lang='lat' dir='ltr'><strong>Iercbant,</strong></span> <span class='ocrx_word' id='word_1_169' title='bbox 2338 1474 2410 1527; x_wconf 84' lang='lat' dir='ltr'><strong>ita</strong></span> <span class='ocrx_word' id='word_1_170' title='bbox 2438 1475 2602 1528; x_wconf 87' lang='lat' dir='ltr'><strong>etiam</strong></span> <span class='ocrx_word' id='word_1_171' title='bbox 2636 1474 2847 1542; x_wconf 74' lang='lat' dir='ltr'><strong>ligurati</strong></span> <span class='ocrx_word' id='word_1_172' title='bbox 2883 1475 3177 1528; x_wconf 75' lang='lat' dir='ltr'><strong>fueruntet</strong></span> <span class='ocrx_word' id='word_1_173' title='bbox 3211 1473 3338 1542; x_wconf 83' lang='lat' dir='ltr'><strong>picti</strong></span> <span class='ocrx_word' id='word_1_174' title='bbox 3368 1474 3434 1525; x_wconf 84' lang='lat' dir='ltr'><strong>ad</strong></span> <span class='ocrx_word' id='word_1_175' title='bbox 3466 1473 3609 1526; x_wconf 90' lang='lat' dir='ltr'><strong>hunc</strong></span> 
     </span>
    </p>
   </div>
   <div class='ocr_carea' id='block_1_25' title="bbox 2035 1560 3606 1633">
    <p class='ocr_par' dir='ltr' id='par_1_25' title="bbox 2035 1560 3606 1633">
     <span class='ocr_line' id='line_1_25' title="bbox 2035 1560 3606 1633; baseline -0.004 -15"><span class='ocrx_word' id='word_1_176' title='bbox 2035 1579 2206 1633; x_wconf 87' lang='lat' dir='ltr'><strong>usque</strong></span> <span class='ocrx_word' id='word_1_177' title='bbox 2234 1563 2380 1618; x_wconf 89' lang='lat' dir='ltr'><strong>diem</strong></span> <span class='ocrx_word' id='word_1_178' title='bbox 2410 1564 2551 1632; x_wconf 89' lang='lat' dir='ltr'><strong>apud</strong></span> <span class='ocrx_word' id='word_1_179' title='bbox 2574 1560 2940 1617; x_wconf 71' lang='lat' dir='ltr'><strong>Christianos.</strong></span> <span class='ocrx_word' id='word_1_180' title='bbox 2980 1562 3095 1629; x_wconf 88' lang='lat' dir='ltr'><strong>Sic,</strong></span> <span class='ocrx_word' id='word_1_181' title='bbox 3131 1563 3376 1632; x_wconf 82' lang='lat' dir='ltr'><strong>inquam,</strong></span> <span class='ocrx_word' id='word_1_182' title='bbox 3406 1563 3606 1632; x_wconf 79' lang='lat' dir='ltr'><strong>agitur,</strong></span> 
     </span>
    </p>
   </div>
   <div class='ocr_carea' id='block_1_26' title="bbox 2027 1654 3606 1725">
    <p class='ocr_par' dir='ltr' id='par_1_26' title="bbox 2027 1654 3606 1725">
     <span class='ocr_line' id='line_1_26' title="bbox 2027 1654 3606 1725; baseline -0.004 -13"><span class='ocrx_word' id='word_1_183' title='bbox 2027 1656 2110 1712; x_wconf 91' lang='lat' dir='ltr'><strong>sic</strong></span> <span class='ocrx_word' id='word_1_184' title='bbox 2141 1658 2488 1725; x_wconf 73' lang='lat' dir='ltr'><strong>praedicatur.</strong></span> <span class='ocrx_word' id='word_1_185' title='bbox 2528 1656 2590 1710; x_wconf 82' lang='lat' dir='ltr'><strong>Et</strong></span> <span class='ocrx_word' id='word_1_186' title='bbox 2618 1657 2740 1725; x_wconf 89' lang='lat' dir='ltr'><strong>quia</strong></span> <span class='ocrx_word' id='word_1_187' title='bbox 2782 1656 2958 1709; x_wconf 88' lang='lat' dir='ltr'><strong>sancti</strong></span> <span class='ocrx_word' id='word_1_188' title='bbox 2986 1665 3137 1720; x_wconf 87' lang='lat' dir='ltr'><strong>sunt,</strong></span> <span class='ocrx_word' id='word_1_189' title='bbox 3163 1654 3466 1723; x_wconf 70' lang='lat' dir='ltr'><strong>divinaeque</strong></span> <span class='ocrx_word' id='word_1_190' title='bbox 3495 1669 3606 1706; x_wconf 89' lang='lat' dir='ltr'><strong>ma-</strong></span> 
     </span>
    </p>
   </div>
   <div class='ocr_carea' id='block_1_27' title="bbox 344 1744 1940 1832">
    <p class='ocr_par' dir='ltr' id='par_1_27' title="bbox 344 1746 1932 1823">
     <span class='ocr_line' id='line_1_27' title="bbox 344 1746 1932 1823; baseline 0.003 -23"><span class='ocrx_word' id='word_1_191' title='bbox 344 1764 462 1802; x_wconf 87' lang='grc' dir='ltr'>ται.</span> <span class='ocrx_word' id='word_1_192' title='bbox 499 1748 606 1802; x_wconf 70' lang='grc' dir='ltr'><strong>Καὶ</strong></span> <span class='ocrx_word' id='word_1_193' title='bbox 637 1746 824 1818; x_wconf 71' lang='grc' dir='ltr'>ἐπειδὴ</span> <span class='ocrx_word' id='word_1_194' title='bbox 855 1747 999 1815; x_wconf 81' lang='grc' dir='ltr'>ἆγιοι</span> <span class='ocrx_word' id='word_1_195' title='bbox 1029 1749 1123 1801; x_wconf 78' lang='grc' dir='ltr'>καὶ</span> <span class='ocrx_word' id='word_1_196' title='bbox 1150 1748 1403 1814; x_wconf 86' lang='grc' dir='ltr'>θεοειδεῖς</span> <span class='ocrx_word' id='word_1_197' title='bbox 1425 1751 1553 1818; x_wconf 91' lang='grc' dir='ltr'>είσι,</span> <span class='ocrx_word' id='word_1_198' title='bbox 1574 1752 1669 1805; x_wconf 81' lang='grc' dir='ltr'>καὶ</span> <span class='ocrx_word' id='word_1_199' title='bbox 1691 1751 1932 1823; x_wconf 85' lang='grc' dir='ltr'>λειτουρ-</span> 
     </span>
    </p>
   </div>
   <div class='ocr_carea' id='block_1_28' title="bbox 2040 1744 3611 1832">
    <p class='ocr_par' dir='ltr' id='par_1_28' title="bbox 2040 1744 3611 1815">
     <span class='ocr_line' id='line_1_28' title="bbox 2040 1744 3611 1815; baseline -0.001 -15"><span class='ocrx_word' id='word_1_200' title='bbox 2040 1747 2246 1815; x_wconf 84' lang='lat' dir='ltr'><strong>iestatis</strong></span> <span class='ocrx_word' id='word_1_201' title='bbox 2293 1746 2552 1812; x_wconf 89' lang='lat' dir='ltr'><strong>ministri,</strong></span> <span class='ocrx_word' id='word_1_202' title='bbox 2589 1760 2644 1800; x_wconf 87' lang='lat' dir='ltr'><strong>et</strong></span> <span class='ocrx_word' id='word_1_203' title='bbox 2684 1747 2923 1801; x_wconf 88' lang='lat' dir='ltr'><strong>secunda</strong></span> <span class='ocrx_word' id='word_1_204' title='bbox 2980 1746 3187 1800; x_wconf 86' lang='lat' dir='ltr'><strong>lumina</strong></span> <span class='ocrx_word' id='word_1_205' title='bbox 3230 1760 3260 1797; x_wconf 83' lang='lat' dir='ltr'><strong>a</strong></span> <span class='ocrx_word' id='word_1_206' title='bbox 3291 1745 3463 1814; x_wconf 89' lang='lat' dir='ltr'><strong>prima</strong></span> <span class='ocrx_word' id='word_1_207' title='bbox 3491 1744 3611 1798; x_wconf 85' lang='lat' dir='ltr'><strong>luce</strong></span> 
     </span>
    </p>
   </div>
   <div class='ocr_carea' id='block_1_29' title="bbox 343 1839 1929 1913">
    <p class='ocr_par' dir='ltr' id='par_1_29' title="bbox 343 1839 1929 1913">
     <span class='ocr_line' id='line_1_29' title="bbox 343 1839 1929 1913; baseline 0 -19"><span class='ocrx_word' id='word_1_208' title='bbox 343 1842 439 1910; x_wconf 75' lang='grc' dir='ltr'>γοὶ</span> <span class='ocrx_word' id='word_1_209' title='bbox 468 1842 566 1912; x_wconf 84' lang='grc' dir='ltr'>τῆς</span> <span class='ocrx_word' id='word_1_210' title='bbox 591 1840 744 1903; x_wconf 89' lang='grc' dir='ltr'>θείας</span> <span class='ocrx_word' id='word_1_211' title='bbox 777 1839 1221 1911; x_wconf 83' lang='grc' dir='ltr'>μεγαλειότητος,</span> <span class='ocrx_word' id='word_1_212' title='bbox 1259 1843 1356 1895; x_wconf 74' lang='grc' dir='ltr'>καὶ</span> <span class='ocrx_word' id='word_1_213' title='bbox 1384 1840 1541 1910; x_wconf 74' lang='grc' dir='ltr'>φῶτα</span> <span class='ocrx_word' id='word_1_214' title='bbox 1572 1841 1802 1913; x_wconf 87' lang='grc' dir='ltr'>δεύτερα</span> <span class='ocrx_word' id='word_1_215' title='bbox 1834 1841 1929 1894; x_wconf 81' lang='grc' dir='ltr'><strong>τοῦ</strong></span> 
     </span>
    </p>
   </div>
   <div class='ocr_carea' id='block_1_30' title="bbox 345 1931 1931 2005">
    <p class='ocr_par' dir='ltr' id='par_1_30' title="bbox 345 1931 1931 2005">
     <span class='ocr_line' id='line_1_30' title="bbox 345 1931 1931 2005; baseline 0.001 -20"><span class='ocrx_word' id='word_1_216' title='bbox 345 1931 573 2003; x_wconf 81' lang='grc' dir='ltr'>πρώτου</span> <span class='ocrx_word' id='word_1_217' title='bbox 604 1931 783 2001; x_wconf 67' lang='grc' dir='ltr'>φωτὸς</span> <span class='ocrx_word' id='word_1_218' title='bbox 806 1931 1240 2002; x_wconf 85' lang='grc' dir='ltr'>ἁπαυγάσματα,</span> <span class='ocrx_word' id='word_1_219' title='bbox 1271 1934 1365 1986; x_wconf 72' lang='grc' dir='ltr'>καὶ</span> <span class='ocrx_word' id='word_1_220' title='bbox 1398 1934 1499 2005; x_wconf 83' lang='grc' dir='ltr'>τῆς</span> <span class='ocrx_word' id='word_1_221' title='bbox 1528 1935 1804 2005; x_wconf 77' lang='grc' dir='ltr'>σωτηρίας</span> <span class='ocrx_word' id='word_1_222' title='bbox 1830 1934 1931 2003; x_wconf 84' lang='grc' dir='ltr'>τῆς</span> 
     </span>
    </p>
   </div>
   <div class='ocr_carea' id='block_1_31' title="bbox 343 2022 1932 2097">
    <p class='ocr_par' dir='ltr' id='par_1_31' title="bbox 343 2022 1932 2097">
     <span class='ocr_line' id='line_1_31' title="bbox 343 2022 1932 2097; baseline -0.001 -20"><span class='ocrx_word' id='word_1_223' title='bbox 343 2024 632 2097; x_wconf 69' lang='grc' dir='ltr'>ἡμετέρας</span> <span class='ocrx_word' id='word_1_224' title='bbox 670 2024 934 2091; x_wconf 69' lang='grc' dir='ltr'>διάκονοι,</span> <span class='ocrx_word' id='word_1_225' title='bbox 960 2025 1031 2078; x_wconf 89' lang='grc' dir='ltr'><strong>δι’</strong></span> <span class='ocrx_word' id='word_1_226' title='bbox 1060 2022 1096 2078; x_wconf 79' lang='grc' dir='ltr'><strong>ἃ.</strong></span> <span class='ocrx_word' id='word_1_227' title='bbox 1125 2024 1187 2095; x_wconf 86' lang='grc' dir='ltr'>δὴ</span> <span class='ocrx_word' id='word_1_228' title='bbox 1215 2025 1310 2078; x_wconf 76' lang='grc' dir='ltr'><strong>καὶ</strong></span> <span class='ocrx_word' id='word_1_229' title='bbox 1334 2024 1405 2078; x_wconf 80' lang='grc' dir='ltr'><strong>τὰ</strong></span> <span class='ocrx_word' id='word_1_230' title='bbox 1425 2024 1631 2078; x_wconf 89' lang='grc' dir='ltr'>τούτων</span> <span class='ocrx_word' id='word_1_231' title='bbox 1660 2024 1932 2095; x_wconf 80' lang='grc' dir='ltr'>ἀφομοιώ-</span> 
     </span>
    </p>
   </div>
   <div class='ocr_carea' id='block_1_32' title="bbox 348 2114 1932 2187">
    <p class='ocr_par' dir='ltr' id='par_1_32' title="bbox 348 2114 1932 2187">
     <span class='ocr_line' id='line_1_32' title="bbox 348 2114 1932 2187; baseline -0.003 -16"><span class='ocrx_word' id='word_1_232' title='bbox 348 2133 499 2187; x_wconf 89' lang='grc' dir='ltr'>ματα</span> <span class='ocrx_word' id='word_1_233' title='bbox 528 2116 688 2186; x_wconf 88' lang='grc' dir='ltr'>τίμια</span> <span class='ocrx_word' id='word_1_234' title='bbox 725 2116 824 2169; x_wconf 75' lang='grc' dir='ltr'>καὶ</span> <span class='ocrx_word' id='word_1_235' title='bbox 856 2114 989 2184; x_wconf 77' lang='grc' dir='ltr'>ἆγιά</span> <span class='ocrx_word' id='word_1_236' title='bbox 1035 2116 1176 2183; x_wconf 76' lang='grc' dir='ltr'>ἐστι,</span> <span class='ocrx_word' id='word_1_237' title='bbox 1209 2115 1309 2186; x_wconf 77' lang='grc' dir='ltr'><strong>τήν</strong></span> <span class='ocrx_word' id='word_1_238' title='bbox 1342 2116 1725 2187; x_wconf 84' lang='grc' dir='ltr'>προσήκουσαν</span> <span class='ocrx_word' id='word_1_239' title='bbox 1765 2115 1932 2184; x_wconf 79' lang='grc' dir='ltr'>τιμὴν</span> 
     </span>
    </p>
   </div>
   <div class='ocr_carea' id='block_1_33' title="bbox 346 2203 1932 2278">
    <p class='ocr_par' dir='ltr' id='par_1_33' title="bbox 346 2203 1932 2278">
     <span class='ocr_line' id='line_1_33' title="bbox 346 2203 1932 2278; baseline -0.004 -17"><span class='ocrx_word' id='word_1_240' title='bbox 346 2208 739 2278; x_wconf 79' lang='grc' dir='ltr'>προσφέρομεν</span> <span class='ocrx_word' id='word_1_241' title='bbox 762 2206 969 2270; x_wconf 64' lang='grc' dir='ltr'>αὐτοῖς,</span> <span class='ocrx_word' id='word_1_242' title='bbox 998 2205 1096 2260; x_wconf 72' lang='grc' dir='ltr'>καὶ</span> <span class='ocrx_word' id='word_1_243' title='bbox 1118 2205 1217 2268; x_wconf 87' lang='grc' dir='ltr'>τὰς</span> <span class='ocrx_word' id='word_1_244' title='bbox 1248 2205 1401 2277; x_wconf 80' lang='grc' dir='ltr'>ἱερὰς</span> <span class='ocrx_word' id='word_1_245' title='bbox 1424 2203 1724 2275; x_wconf 76' lang='grc' dir='ltr'>πρεσϐείας</span> <span class='ocrx_word' id='word_1_246' title='bbox 1753 2203 1932 2256; x_wconf 78' lang='grc' dir='ltr'>αὐτῶν</span> 
     </span>
    </p>
   </div>
   <div class='ocr_carea' id='block_1_34' title="bbox 347 2294 1934 2369">
    <p class='ocr_par' dir='ltr' id='par_1_34' title="bbox 347 2294 1934 2369">
     <span class='ocr_line' id='line_1_34' title="bbox 347 2294 1934 2369; baseline -0.002 -18"><span class='ocrx_word' id='word_1_247' title='bbox 347 2296 707 2369; x_wconf 68' lang='grc' dir='ltr'>ἑξαιτοῠμεντ</span> <span class='ocrx_word' id='word_1_248' title='bbox 739 2296 875 2352; x_wconf 80' lang='grc' dir='ltr'>διότι</span> <span class='ocrx_word' id='word_1_249' title='bbox 915 2294 1266 2368; x_wconf 84' lang='grc' dir='ltr'>γινώσκομεν</span> <span class='ocrx_word' id='word_1_250' title='bbox 1321 2297 1415 2349; x_wconf 71' lang='grc' dir='ltr'>καὶ</span> <span class='ocrx_word' id='word_1_251' title='bbox 1444 2294 1799 2365; x_wconf 81' lang='grc' dir='ltr'>πιστεύομεν,</span> <span class='ocrx_word' id='word_1_252' title='bbox 1834 2295 1934 2357; x_wconf 89' lang='grc' dir='ltr'>τάς</span> 
     </span>
    </p>
   </div>
   <div class='ocr_carea' id='block_1_35' title="bbox 344 2384 1934 2460">
    <p class='ocr_par' dir='ltr' id='par_1_35' title="bbox 344 2384 1934 2460">
     <span class='ocr_line' id='line_1_35' title="bbox 344 2384 1934 2460; baseline -0.003 -18"><span class='ocrx_word' id='word_1_253' title='bbox 344 2405 411 2442; x_wconf 86' lang='grc' dir='ltr'><strong>τε</strong></span> <span class='ocrx_word' id='word_1_254' title='bbox 439 2386 753 2457; x_wconf 77' lang='grc' dir='ltr'>δοξολογίας</span> <span class='ocrx_word' id='word_1_255' title='bbox 771 2386 949 2460; x_wconf 83' lang='grc' dir='ltr'>ήμῶν,</span> <span class='ocrx_word' id='word_1_256' title='bbox 978 2388 1073 2441; x_wconf 75' lang='grc' dir='ltr'>καὶ</span> <span class='ocrx_word' id='word_1_257' title='bbox 1106 2386 1205 2450; x_wconf 76' lang='grc' dir='ltr'><strong>τὰς</strong></span> <span class='ocrx_word' id='word_1_258' title='bbox 1247 2386 1383 2458; x_wconf 81' lang='grc' dir='ltr'>πρὸς</span> <span class='ocrx_word' id='word_1_259' title='bbox 1418 2386 1551 2440; x_wconf 72' lang='grc' dir='ltr'>Θεὸν</span> <span class='ocrx_word' id='word_1_260' title='bbox 1580 2384 1934 2456; x_wconf 80' lang='grc' dir='ltr'>εὐχαριστίας</span> 
     </span>
    </p>
   </div>
   <div class='ocr_carea' id='block_1_36' title="bbox 346 2478 1926 2553">
    <p class='ocr_par' dir='ltr' id='par_1_36' title="bbox 346 2478 1926 2553">
     <span class='ocr_line' id='line_1_36' title="bbox 346 2478 1926 2553; baseline -0.003 -17"><span class='ocrx_word' id='word_1_261' title='bbox 346 2500 411 2536; x_wconf 87' lang='grc' dir='ltr'><strong>τε</strong></span> <span class='ocrx_word' id='word_1_262' title='bbox 455 2482 551 2536; x_wconf 79' lang='grc' dir='ltr'>καὶ</span> <span class='ocrx_word' id='word_1_263' title='bbox 596 2482 813 2552; x_wconf 78' lang='grc' dir='ltr'>δεήσεις</span> <span class='ocrx_word' id='word_1_264' title='bbox 863 2480 959 2536; x_wconf 77' lang='grc' dir='ltr'>καὶ</span> <span class='ocrx_word' id='word_1_265' title='bbox 1007 2479 1385 2553; x_wconf 78' lang='grc' dir='ltr'>παρακλήσεις</span> <span class='ocrx_word' id='word_1_266' title='bbox 1436 2478 1506 2533; x_wconf 87' lang='grc' dir='ltr'><strong>δι’</strong></span> <span class='ocrx_word' id='word_1_267' title='bbox 1538 2480 1723 2533; x_wconf 81' lang='grc' dir='ltr'>αὐτῶν</span> <span class='ocrx_word' id='word_1_268' title='bbox 1763 2495 1926 2550; x_wconf 87' lang='grc' dir='ltr'>προσ-</span> 
     </span>
    </p>
   </div>
   <div class='ocr_carea' id='block_1_37' title="bbox 347 2570 1934 2644">
    <p class='ocr_par' dir='ltr' id='par_1_37' title="bbox 347 2570 1934 2644">
     <span class='ocr_line' id='line_1_37' title="bbox 347 2570 1934 2644; baseline -0.004 -15"><span class='ocrx_word' id='word_1_269' title='bbox 347 2573 583 2642; x_wconf 76' lang='grc' dir='ltr'>άγεσθαι</span> <span class='ocrx_word' id='word_1_270' title='bbox 609 2590 623 2604; x_wconf 70' lang='grc'><strong><em>⁸</em></strong></span> <span class='ocrx_word' id='word_1_271' title='bbox 653 2574 812 2644; x_wconf 70' lang='grc' dir='ltr'>εἰπερ</span> <span class='ocrx_word' id='word_1_272' title='bbox 832 2573 981 2626; x_wconf 69' lang='grc' dir='ltr'>ἐστὶν</span> <span class='ocrx_word' id='word_1_273' title='bbox 1000 2573 1201 2644; x_wconf 78' lang='grc' dir='ltr'>ἀληθὲς</span> <span class='ocrx_word' id='word_1_274' title='bbox 1225 2573 1289 2625; x_wconf 80' lang='grc' dir='ltr'>τὸ</span> <span class='ocrx_word' id='word_1_275' title='bbox 1317 2574 1374 2625; x_wconf 82' lang='grc' dir='ltr'><strong>έν</strong></span> <span class='ocrx_word' id='word_1_276' title='bbox 1397 2571 1753 2640; x_wconf 82' lang='grc' dir='ltr'>Εὐαγγελίοις</span> <span class='ocrx_word' id='word_1_277' title='bbox 1783 2570 1934 2641; x_wconf 73' lang='grc' dir='ltr'>παρὰ</span> 
     </span>
    </p>
   </div>
   <div class='ocr_carea' id='block_1_38' title="bbox 347 2660 1936 2735">
    <p class='ocr_par' dir='ltr' id='par_1_38' title="bbox 347 2660 1936 2735">
     <span class='ocr_line' id='line_1_38' title="bbox 347 2660 1936 2735; baseline -0.001 -19"><span class='ocrx_word' id='word_1_278' title='bbox 347 2664 447 2716; x_wconf 82' lang='grc' dir='ltr'>τοῦ</span> <span class='ocrx_word' id='word_1_279' title='bbox 475 2664 732 2735; x_wconf 76' lang='grc' dir='ltr'>Σωτῆρος</span> <span class='ocrx_word' id='word_1_280' title='bbox 765 2662 923 2733; x_wconf 84' lang='grc' dir='ltr'>ήμῶν</span> <span class='ocrx_word' id='word_1_281' title='bbox 943 2662 1236 2734; x_wconf 78' lang='grc' dir='ltr'>εἰρημένον</span> <span class='ocrx_word' id='word_1_282' title='bbox 1262 2677 1278 2693; x_wconf 71' lang='grc' dir='ltr'><strong>ο</strong></span> <span class='ocrx_word' id='word_1_283' title='bbox 1313 2662 1436 2715; x_wconf 85' lang='grc' dir='ltr'>Ὅτι</span> <span class='ocrx_word' id='word_1_284' title='bbox 1473 2665 1526 2716; x_wconf 79' lang='lat' dir='ltr'><strong>al</strong></span> <span class='ocrx_word' id='word_1_285' title='bbox 1560 2660 1801 2731; x_wconf 69' lang='grc' dir='ltr'>ἄγγελοι</span> <span class='ocrx_word' id='word_1_286' title='bbox 1829 2662 1936 2715; x_wconf 85' lang='grc' dir='ltr'><strong>αὐ-</strong></span> 
     </span>
    </p>
   </div>
   <div class='ocr_carea' id='block_1_39' title="bbox 349 2751 1937 2823">
    <p class='ocr_par' dir='ltr' id='par_1_39' title="bbox 349 2751 1937 2823">
     <span class='ocr_line' id='line_1_39' title="bbox 349 2751 1937 2823; baseline -0.003 -15"><span class='ocrx_word' id='word_1_287' title='bbox 349 2753 473 2808; x_wconf 78' lang='grc' dir='ltr'><strong>τῶν</strong></span> <span class='ocrx_word' id='word_1_288' title='bbox 494 2756 564 2809; x_wconf 76' lang='grc' dir='ltr'><strong>ἐν</strong></span> <span class='ocrx_word' id='word_1_289' title='bbox 592 2754 874 2823; x_wconf 82' lang='grc' dir='ltr'>οὐρανοῖς</span> <span class='ocrx_word' id='word_1_290' title='bbox 905 2752 1002 2807; x_wconf 82' lang='grc' dir='ltr'>διὰ</span> <span class='ocrx_word' id='word_1_291' title='bbox 1030 2753 1258 2818; x_wconf 83' lang='grc' dir='ltr'>παντὸς</span> <span class='ocrx_word' id='word_1_292' title='bbox 1303 2751 1486 2822; x_wconf 81' lang='grc' dir='ltr'>δρῶσι</span> <span class='ocrx_word' id='word_1_293' title='bbox 1516 2752 1584 2805; x_wconf 84' lang='grc' dir='ltr'>τὸ</span> <span class='ocrx_word' id='word_1_294' title='bbox 1611 2754 1937 2820; x_wconf 72' lang='grc' dir='ltr'>πρόσωπον</span> 
     </span>
    </p>
   </div>
   <div class='ocr_carea' id='block_1_40' title="bbox 351 2843 1938 2916">
    <p class='ocr_par' dir='ltr' id='par_1_40' title="bbox 351 2843 1938 2916">
     <span class='ocr_line' id='line_1_40' title="bbox 351 2843 1938 2916; baseline -0.005 -14"><span class='ocrx_word' id='word_1_295' title='bbox 351 2847 461 2903; x_wconf 75' lang='grc' dir='ltr'>τοῦ</span> <span class='ocrx_word' id='word_1_296' title='bbox 495 2846 728 2916; x_wconf 83' lang='grc' dir='ltr'>Πατρός</span> <span class='ocrx_word' id='word_1_297' title='bbox 751 2863 873 2916; x_wconf 84' lang='grc' dir='ltr'>μου</span> <span class='ocrx_word' id='word_1_298' title='bbox 897 2844 1005 2899; x_wconf 83' lang='grc' dir='ltr'>τοῦ</span> <span class='ocrx_word' id='word_1_299' title='bbox 1032 2845 1104 2899; x_wconf 76' lang='grc' dir='ltr'><strong>ἐν</strong></span> <span class='ocrx_word' id='word_1_300' title='bbox 1152 2843 1450 2913; x_wconf 77' lang='grc' dir='ltr'>οὐρανοῖς.</span> <span class='ocrx_word' id='word_1_301' title='bbox 1498 2844 1564 2896; x_wconf 89' lang='grc' dir='ltr'>Τί</span> <span class='ocrx_word' id='word_1_302' title='bbox 1594 2844 1938 2913; x_wconf 84' lang='grc' dir='ltr'>πράσσοντες</span> 
     </span>
    </p>
   </div>
   <div class='ocr_carea' id='block_1_41' title="bbox 350 2932 1936 3013">
    <p class='ocr_par' dir='ltr' id='par_1_41' title="bbox 350 2932 1936 3013">
     <span class='ocr_line' id='line_1_41' title="bbox 350 2932 1936 3013; baseline -0.006 -19"><span class='ocrx_word' id='word_1_303' title='bbox 350 2940 387 3013; x_wconf 85' lang='grc' dir='ltr'>ἦ</span> <span class='ocrx_word' id='word_1_304' title='bbox 409 2940 465 2994; x_wconf 88' lang='grc' dir='ltr'><strong>τί</strong></span> <span class='ocrx_word' id='word_1_305' title='bbox 493 2938 888 3009; x_wconf 75' lang='grc' dir='ltr'>ἐργαζόμενοι,</span> <span class='ocrx_word' id='word_1_306' title='bbox 922 2936 955 3008; x_wconf 77' lang='grc' dir='ltr'>ἢ</span> <span class='ocrx_word' id='word_1_307' title='bbox 993 2936 1216 2999; x_wconf 81' lang='grc' dir='ltr'>πάντως</span> <span class='ocrx_word' id='word_1_308' title='bbox 1251 2952 1315 3004; x_wconf 91' lang='grc' dir='ltr'><strong>γε</strong></span> <span class='ocrx_word' id='word_1_309' title='bbox 1346 2935 1447 2997; x_wconf 76' lang='grc' dir='ltr'><strong>τὰς</strong></span> <span class='ocrx_word' id='word_1_310' title='bbox 1500 2933 1751 3003; x_wconf 79' lang='grc' dir='ltr'>αἰτήσεις</span> <span class='ocrx_word' id='word_1_311' title='bbox 1778 2932 1936 3002; x_wconf 83' lang='grc' dir='ltr'>ήμῶν</span> 
     </span>
    </p>
   </div>
   <div class='ocr_carea' id='block_1_42' title="bbox 352 3025 1937 3101">
    <p class='ocr_par' dir='ltr' id='par_1_42' title="bbox 352 3025 1937 3101">
     <span class='ocr_line' id='line_1_42' title="bbox 352 3025 1937 3101; baseline -0.006 -15"><span class='ocrx_word' id='word_1_312' title='bbox 352 3035 437 3096; x_wconf 87' lang='grc' dir='ltr'><strong>είς</strong></span> <span class='ocrx_word' id='word_1_313' title='bbox 475 3032 543 3086; x_wconf 79' lang='grc' dir='ltr'>τὰ</span> <span class='ocrx_word' id='word_1_314' title='bbox 561 3026 677 3085; x_wconf 77' lang='grc' dir='ltr'>ὦτα</span> <span class='ocrx_word' id='word_1_315' title='bbox 709 3029 916 3101; x_wconf 81' lang='grc' dir='ltr'>Κυρίου</span> <span class='ocrx_word' id='word_1_316' title='bbox 950 3026 1177 3080; x_wconf 85' lang='grc' dir='ltr'>Σαϐαὼθ</span> <span class='ocrx_word' id='word_1_317' title='bbox 1213 3027 1462 3096; x_wconf 80' lang='grc' dir='ltr'>ἄγοντες,</span> <span class='ocrx_word' id='word_1_318' title='bbox 1492 3026 1588 3078; x_wconf 75' lang='grc' dir='ltr'>καὶ</span> <span class='ocrx_word' id='word_1_319' title='bbox 1614 3025 1773 3078; x_wconf 77' lang='grc' dir='ltr'>ἵλεων</span> <span class='ocrx_word' id='word_1_320' title='bbox 1805 3025 1937 3096; x_wconf 84' lang='grc' dir='ltr'>ήμῖν</span> 
     </span>
    </p>
   </div>
   <div class='ocr_carea' id='block_1_43' title="bbox 2034 1835 3611 1909">
    <p class='ocr_par' dir='ltr' id='par_1_43' title="bbox 2034 1835 3611 1909">
     <span class='ocr_line' id='line_1_43' title="bbox 2034 1835 3611 1909; baseline -0.006 -15"><span class='ocrx_word' id='word_1_321' title='bbox 2034 1838 2370 1909; x_wconf 70' lang='lat' dir='ltr'><strong>etfulgentia,</strong></span> <span class='ocrx_word' id='word_1_322' title='bbox 2422 1850 2737 1907; x_wconf 81' lang='lat' dir='ltr'><strong>nostrarque</strong></span> <span class='ocrx_word' id='word_1_323' title='bbox 2790 1838 2986 1891; x_wconf 87' lang='lat' dir='ltr'><strong>salutis</strong></span> <span class='ocrx_word' id='word_1_324' title='bbox 3044 1835 3339 1903; x_wconf 88' lang='lat' dir='ltr'><strong>adjutores,</strong></span> <span class='ocrx_word' id='word_1_325' title='bbox 3401 1835 3521 1888; x_wconf 86' lang='lat' dir='ltr'><strong>ideo</strong></span> <span class='ocrx_word' id='word_1_326' title='bbox 3557 1842 3611 1888; x_wconf 89' lang='lat' dir='ltr'><strong>ct</strong></span> 
     </span>
    </p>
   </div>
   <div class='ocr_carea' id='block_1_44' title="bbox 2034 1925 3611 2001">
    <p class='ocr_par' dir='ltr' id='par_1_44' title="bbox 2034 1925 3611 2001">
     <span class='ocr_line' id='line_1_44' title="bbox 2034 1925 3611 2001; baseline -0.006 -16"><span class='ocrx_word' id='word_1_327' title='bbox 2034 1932 2276 2001; x_wconf 88' lang='lat' dir='ltr'><strong>ipsorum</strong></span> <span class='ocrx_word' id='word_1_328' title='bbox 2301 1929 2568 1998; x_wconf 82' lang='lat' dir='ltr'><strong>imagines</strong></span> <span class='ocrx_word' id='word_1_329' title='bbox 2593 1928 2911 1982; x_wconf 63' lang='lat' dir='ltr'><strong>venerandae</strong></span> <span class='ocrx_word' id='word_1_330' title='bbox 2928 1935 3241 1994; x_wconf 67' lang='lat' dir='ltr'><strong>sanctasque</strong></span> <span class='ocrx_word' id='word_1_331' title='bbox 3265 1933 3415 1986; x_wconf 85' lang='lat' dir='ltr'><strong>sunt,</strong></span> <span class='ocrx_word' id='word_1_332' title='bbox 3439 1925 3611 1991; x_wconf 85' lang='lat' dir='ltr'><strong>iisque</strong></span> 
     </span>
    </p>
   </div>
   <div class='ocr_carea' id='block_1_45' title="bbox 2034 2015 3612 2090">
    <p class='ocr_par' dir='ltr' id='par_1_45' title="bbox 2034 2015 3612 2090">
     <span class='ocr_line' id='line_1_45' title="bbox 2034 2015 3612 2090; baseline -0.008 -13"><span class='ocrx_word' id='word_1_333' title='bbox 2034 2023 2293 2077; x_wconf 84' lang='lat' dir='ltr'><strong>honorem</strong></span> <span class='ocrx_word' id='word_1_334' title='bbox 2325 2035 2625 2090; x_wconf 78' lang='lat' dir='ltr'><strong>congruum</strong></span> <span class='ocrx_word' id='word_1_335' title='bbox 2677 2018 2999 2084; x_wconf 82' lang='lat' dir='ltr'><strong>deferimus,</strong></span> <span class='ocrx_word' id='word_1_336' title='bbox 3037 2017 3147 2087; x_wconf 78' lang='lat'><strong>76</strong></span> <span class='ocrx_word' id='word_1_337' title='bbox 3174 2029 3472 2082; x_wconf 85' lang='lat' dir='ltr'><strong>sacrasque</strong></span> <span class='ocrx_word' id='word_1_338' title='bbox 3496 2015 3612 2067; x_wconf 85' lang='lat' dir='ltr'><strong>illo-</strong></span> 
     </span>
    </p>
   </div>
   <div class='ocr_carea' id='block_1_46' title="bbox 2032 2095 3610 2180">
    <p class='ocr_par' dir='ltr' id='par_1_46' title="bbox 2032 2095 3610 2180">
     <span class='ocr_line' id='line_1_46' title="bbox 2032 2095 3610 2180; baseline -0.008 -12"><span class='ocrx_word' id='word_1_339' title='bbox 2032 2128 2150 2168; x_wconf 91' lang='lat' dir='ltr'><strong>rum</strong></span> <span class='ocrx_word' id='word_1_340' title='bbox 2184 2112 2609 2168; x_wconf 81' lang='lat' dir='ltr'><strong>intercessiones</strong></span> <span class='ocrx_word' id='word_1_341' title='bbox 2639 2095 3007 2180; x_wconf 81' lang='lat' dir='ltr'><strong>exposcimus,</strong></span> <span class='ocrx_word' id='word_1_342' title='bbox 3042 2108 3168 2176; x_wconf 84' lang='lat' dir='ltr'><strong>quia</strong></span> <span class='ocrx_word' id='word_1_343' title='bbox 3187 2120 3383 2175; x_wconf 88' lang='lat' dir='ltr'><strong>nempe</strong></span> <span class='ocrx_word' id='word_1_344' title='bbox 3407 2105 3610 2158; x_wconf 78' lang='lat' dir='ltr'><strong>scimus</strong></span> 
     </span>
    </p>
   </div>
   <div class='ocr_carea' id='block_1_47' title="bbox 2033 2198 3607 2271">
    <p class='ocr_par' dir='ltr' id='par_1_47' title="bbox 2033 2198 3607 2271">
     <span class='ocr_line' id='line_1_47' title="bbox 2033 2198 3607 2271; baseline -0.006 -14"><span class='ocrx_word' id='word_1_345' title='bbox 2033 2214 2093 2265; x_wconf 90' lang='lat' dir='ltr'><strong>et</strong></span> <span class='ocrx_word' id='word_1_346' title='bbox 2113 2205 2389 2258; x_wconf 86' lang='lat' dir='ltr'><strong>credimus</strong></span> <span class='ocrx_word' id='word_1_347' title='bbox 2412 2203 2551 2271; x_wconf 67' lang='grc' dir='ltr'>(εγ),</span> <span class='ocrx_word' id='word_1_348' title='bbox 2583 2202 2925 2255; x_wconf 74' lang='lat' dir='ltr'><strong>laudationes</strong></span> <span class='ocrx_word' id='word_1_349' title='bbox 2957 2210 3190 2265; x_wconf 87' lang='lat' dir='ltr'><strong>nostras,</strong></span> <span class='ocrx_word' id='word_1_350' title='bbox 3226 2208 3282 2252; x_wconf 91' lang='lat' dir='ltr'><strong>et</strong></span> <span class='ocrx_word' id='word_1_351' title='bbox 3310 2198 3607 2264; x_wconf 76' lang='lat' dir='ltr'><strong>gratiarum</strong></span> 
     </span>
    </p>
   </div>
   <div class='ocr_carea' id='block_1_48' title="bbox 2034 2286 3612 2361">
    <p class='ocr_par' dir='ltr' id='par_1_48' title="bbox 2034 2286 3612 2361">
     <span class='ocr_line' id='line_1_48' title="bbox 2034 2286 3612 2361; baseline -0.006 -13"><span class='ocrx_word' id='word_1_352' title='bbox 2034 2290 2297 2357; x_wconf 83' lang='lat' dir='ltr'><strong>actiones,</strong></span> <span class='ocrx_word' id='word_1_353' title='bbox 2331 2303 2386 2346; x_wconf 83' lang='lat' dir='ltr'><strong>et</strong></span> <span class='ocrx_word' id='word_1_354' title='bbox 2431 2307 2644 2361; x_wconf 87' lang='lat' dir='ltr'><strong>preces,</strong></span> <span class='ocrx_word' id='word_1_355' title='bbox 2697 2306 2762 2345; x_wconf 88' lang='lat' dir='ltr'><strong>ac</strong></span> <span class='ocrx_word' id='word_1_356' title='bbox 2792 2290 3218 2360; x_wconf 85' lang='lat' dir='ltr'><strong>supplicationes</strong></span> <span class='ocrx_word' id='word_1_357' title='bbox 3251 2288 3321 2342; x_wconf 88' lang='lat' dir='ltr'><strong>ab</strong></span> <span class='ocrx_word' id='word_1_358' title='bbox 3366 2287 3452 2340; x_wconf 87' lang='lat' dir='ltr'><strong>his</strong></span> <span class='ocrx_word' id='word_1_359' title='bbox 3501 2286 3612 2340; x_wconf 79' lang='lat' dir='ltr'><strong>Deo</strong></span> 
     </span>
    </p>
   </div>
   <div class='ocr_carea' id='block_1_49' title="bbox 2033 2378 3610 2453">
    <p class='ocr_par' dir='ltr' id='par_1_49' title="bbox 2033 2378 3610 2453">
     <span class='ocr_line' id='line_1_49' title="bbox 2033 2378 3610 2453; baseline -0.008 -11"><span class='ocrx_word' id='word_1_360' title='bbox 2033 2386 2252 2453; x_wconf 72' lang='lat' dir='ltr'><strong>oﬂ&#39;erri;</strong></span> <span class='ocrx_word' id='word_1_361' title='bbox 2292 2384 2336 2438; x_wconf 89' lang='lat' dir='ltr'><strong>si</strong></span> <span class='ocrx_word' id='word_1_362' title='bbox 2391 2394 2539 2438; x_wconf 91' lang='lat' dir='ltr'><strong>certe</strong></span> <span class='ocrx_word' id='word_1_363' title='bbox 2575 2399 2777 2438; x_wconf 86' lang='lat' dir='ltr'><strong>verum</strong></span> <span class='ocrx_word' id='word_1_364' title='bbox 2810 2393 2923 2447; x_wconf 88' lang='lat' dir='ltr'><strong>est,</strong></span> <span class='ocrx_word' id='word_1_365' title='bbox 2967 2382 3111 2450; x_wconf 89' lang='lat' dir='ltr'><strong>quod</strong></span> <span class='ocrx_word' id='word_1_366' title='bbox 3162 2381 3214 2434; x_wconf 91' lang='lat' dir='ltr'><strong>in</strong></span> <span class='ocrx_word' id='word_1_367' title='bbox 3244 2378 3549 2444; x_wconf 78' lang='lat' dir='ltr'><strong>Evangeliis</strong></span> <span class='ocrx_word' id='word_1_368' title='bbox 3580 2393 3610 2430; x_wconf 90' lang='lat' dir='ltr'><strong>a</strong></span> 
     </span>
    </p>
   </div>
   <div class='ocr_carea' id='block_1_50' title="bbox 2036 2471 3610 2541">
    <p class='ocr_par' dir='ltr' id='par_1_50' title="bbox 2036 2471 3610 2541">
     <span class='ocr_line' id='line_1_50' title="bbox 2036 2471 3610 2541; baseline -0.008 -7"><span class='ocrx_word' id='word_1_369' title='bbox 2036 2479 2329 2534; x_wconf 84' lang='lat' dir='ltr'><strong>Servatore</strong></span> <span class='ocrx_word' id='word_1_370' title='bbox 2358 2486 2547 2532; x_wconf 88' lang='lat' dir='ltr'><strong>nostro</strong></span> <span class='ocrx_word' id='word_1_371' title='bbox 2590 2476 2792 2531; x_wconf 85' lang='lat' dir='ltr'><strong>dictum</strong></span> <span class='ocrx_word' id='word_1_372' title='bbox 2853 2474 2954 2529; x_wconf 78' lang='lat' dir='ltr'><strong>fuit</strong></span> <span class='ocrx_word' id='word_1_373' title='bbox 2984 2492 2998 2528; x_wconf 89' lang='lat'><strong>:</strong></span> <span class='ocrx_word' id='word_1_374' title='bbox 3035 2474 3175 2538; x_wconf 73' lang='lat' dir='ltr'><strong>Quia</strong></span> <span class='ocrx_word' id='word_1_375' title='bbox 3223 2471 3398 2541; x_wconf 79' lang='lat' dir='ltr'><strong>angeli</strong></span> <span class='ocrx_word' id='word_1_376' title='bbox 3431 2486 3610 2524; x_wconf 84' lang='lat' dir='ltr'><strong>eorum</strong></span> 
     </span>
    </p>
   </div>
   <div class='ocr_carea' id='block_1_51' title="bbox 2034 2562 3612 2636">
    <p class='ocr_par' dir='ltr' id='par_1_51' title="bbox 2034 2562 3612 2636">
     <span class='ocr_line' id='line_1_51' title="bbox 2034 2562 3612 2636; baseline -0.007 -12"><span class='ocrx_word' id='word_1_377' title='bbox 2034 2572 2089 2624; x_wconf 78' lang='lat' dir='ltr'><strong>in</strong></span> <span class='ocrx_word' id='word_1_378' title='bbox 2115 2569 2256 2623; x_wconf 73' lang='lat' dir='ltr'><strong>caelis</strong></span> <span class='ocrx_word' id='word_1_379' title='bbox 2286 2585 2487 2633; x_wconf 77' lang='lat' dir='ltr'><strong>semper</strong></span> <span class='ocrx_word' id='word_1_380' title='bbox 2508 2568 2685 2622; x_wconf 76' lang='lat' dir='ltr'><strong>vident</strong></span> <span class='ocrx_word' id='word_1_381' title='bbox 2718 2566 2907 2636; x_wconf 68' lang='lat' dir='ltr'><strong>faciem</strong></span> <span class='ocrx_word' id='word_1_382' title='bbox 2937 2563 3118 2619; x_wconf 74' lang='lat' dir='ltr'><strong>Patris</strong></span> <span class='ocrx_word' id='word_1_383' title='bbox 3147 2564 3249 2620; x_wconf 80' lang='lat' dir='ltr'><strong>mei</strong></span> <span class='ocrx_word' id='word_1_384' title='bbox 3271 2563 3364 2634; x_wconf 80' lang='lat' dir='ltr'><strong>qui</strong></span> <span class='ocrx_word' id='word_1_385' title='bbox 3392 2563 3447 2614; x_wconf 77' lang='lat' dir='ltr'><strong>in</strong></span> <span class='ocrx_word' id='word_1_386' title='bbox 3470 2562 3612 2614; x_wconf 65' lang='lat' dir='ltr'><strong>cadis</strong></span> 
     </span>
    </p>
   </div>
   <div class='ocr_carea' id='block_1_52' title="bbox 2032 2653 3610 2728">
    <p class='ocr_par' dir='ltr' id='par_1_52' title="bbox 2032 2653 3610 2728">
     <span class='ocr_line' id='line_1_52' title="bbox 2032 2653 3610 2728; baseline -0.008 -11"><span class='ocrx_word' id='word_1_387' title='bbox 2032 2674 2109 2717; x_wconf 81' lang='lat' dir='ltr'><strong>est</strong></span> <span class='ocrx_word' id='word_1_388' title='bbox 2142 2664 2182 2716; x_wconf 91' lang='grc'><strong>⁷.</strong></span> <span class='ocrx_word' id='word_1_389' title='bbox 2223 2661 2360 2728; x_wconf 84' lang='lat' dir='ltr'><strong>Quid</strong></span> <span class='ocrx_word' id='word_1_390' title='bbox 2401 2676 2590 2716; x_wconf 84' lang='lat' dir='ltr'><strong>revera</strong></span> <span class='ocrx_word' id='word_1_391' title='bbox 2643 2659 2791 2713; x_wconf 86' lang='lat' dir='ltr'><strong>aliud</strong></span> <span class='ocrx_word' id='word_1_392' title='bbox 2846 2667 3044 2712; x_wconf 87' lang='lat' dir='ltr'><strong>curant</strong></span> <span class='ocrx_word' id='word_1_393' title='bbox 3095 2667 3189 2711; x_wconf 88' lang='lat' dir='ltr'><strong>aut</strong></span> <span class='ocrx_word' id='word_1_394' title='bbox 3242 2654 3473 2719; x_wconf 79' lang='lat' dir='ltr'><strong>faciunt,</strong></span> <span class='ocrx_word' id='word_1_395' title='bbox 3509 2653 3610 2706; x_wconf 82' lang='lat' dir='ltr'><strong>nisi</strong></span> 
     </span>
    </p>
   </div>
   <div class='ocr_carea' id='block_1_53' title="bbox 2036 2732 3613 2824">
    <p class='ocr_par' dir='ltr' id='par_1_53' title="bbox 2036 2732 3613 2824">
     <span class='ocr_line' id='line_1_53' title="bbox 2036 2732 3613 2824; baseline -0.008 -15"><span class='ocrx_word' id='word_1_396' title='bbox 2036 2769 2223 2824; x_wconf 85' lang='lat' dir='ltr'><strong>preces</strong></span> <span class='ocrx_word' id='word_1_397' title='bbox 2255 2764 2470 2809; x_wconf 83' lang='lat' dir='ltr'><strong>nostras</strong></span> <span class='ocrx_word' id='word_1_398' title='bbox 2518 2732 2781 2807; x_wconf 62' lang='lat' dir='ltr'><strong>adaures</strong></span> <span class='ocrx_word' id='word_1_399' title='bbox 2805 2750 3019 2805; x_wconf 89' lang='lat' dir='ltr'><strong>Domini</strong></span> <span class='ocrx_word' id='word_1_400' title='bbox 3062 2748 3302 2804; x_wconf 86' lang='lat' dir='ltr'><strong>Sabaoth</strong></span> <span class='ocrx_word' id='word_1_401' title='bbox 3340 2747 3613 2809; x_wconf 77' lang='lat' dir='ltr'><strong>deferunt,</strong></span> 
     </span>
    </p>
   </div>
   <div class='ocr_carea' id='block_1_54' title="bbox 2038 2841 3618 2915">
    <p class='ocr_par' dir='ltr' id='par_1_54' title="bbox 2038 2841 3618 2915">
     <span class='ocr_line' id='line_1_54' title="bbox 2038 2841 3618 2915; baseline -0.007 -14"><span class='ocrx_word' id='word_1_402' title='bbox 2038 2847 2302 2915; x_wconf 81' lang='lat' dir='ltr'><strong>nobisque</strong></span> <span class='ocrx_word' id='word_1_403' title='bbox 2333 2862 2397 2900; x_wconf 88' lang='lat' dir='ltr'><strong>ac</strong></span> <span class='ocrx_word' id='word_1_404' title='bbox 2432 2844 2591 2899; x_wconf 87' lang='lat' dir='ltr'><strong>rebus</strong></span> <span class='ocrx_word' id='word_1_405' title='bbox 2627 2844 2835 2898; x_wconf 87' lang='lat' dir='ltr'><strong>nostris</strong></span> <span class='ocrx_word' id='word_1_406' title='bbox 2880 2843 3171 2910; x_wconf 86' lang='lat' dir='ltr'><strong>propitium</strong></span> <span class='ocrx_word' id='word_1_407' title='bbox 3212 2841 3531 2900; x_wconf 87' lang='lat' dir='ltr'><strong>conciliant,</strong></span> <span class='ocrx_word' id='word_1_408' title='bbox 3562 2848 3618 2893; x_wconf 88' lang='lat' dir='ltr'><strong>et</strong></span> 
     </span>
    </p>
   </div>
   <div class='ocr_carea' id='block_1_55' title="bbox 2036 2926 3624 3008">
    <p class='ocr_par' dir='ltr' id='par_1_55' title="bbox 2036 2926 3624 3008">
     <span class='ocr_line' id='line_1_55' title="bbox 2036 2926 3624 3008; baseline -0.007 -16"><span class='ocrx_word' id='word_1_409' title='bbox 2036 2954 2135 3008; x_wconf 91' lang='lat' dir='ltr'><strong>pro</strong></span> <span class='ocrx_word' id='word_1_410' title='bbox 2178 2940 2354 2993; x_wconf 89' lang='lat' dir='ltr'><strong>salute</strong></span> <span class='ocrx_word' id='word_1_411' title='bbox 2388 2949 2578 2992; x_wconf 91' lang='lat' dir='ltr'><strong>nostra</strong></span> <span class='ocrx_word' id='word_1_412' title='bbox 2632 2934 3016 2991; x_wconf 79' lang='lat' dir='ltr'><strong>intercedunt?</strong></span> <span class='ocrx_word' id='word_1_413' title='bbox 3063 2933 3159 2988; x_wconf 89' lang='lat' dir='ltr'><strong>llic</strong></span> <span class='ocrx_word' id='word_1_414' title='bbox 3188 2932 3373 3000; x_wconf 86' lang='lat' dir='ltr'><strong>itaque</strong></span> <span class='ocrx_word' id='word_1_415' title='bbox 3413 2929 3480 2984; x_wconf 90' lang='lat' dir='ltr'><strong>de</strong></span> <span class='ocrx_word' id='word_1_416' title='bbox 3518 2926 3624 2981; x_wconf 90' lang='lat' dir='ltr'><strong>hoc</strong></span> 
     </span>
    </p>
   </div>
   <div class='ocr_carea' id='block_1_56' title="bbox 2039 3021 3619 3100">
    <p class='ocr_par' dir='ltr' id='par_1_56' title="bbox 2039 3021 3619 3100">
     <span class='ocr_line' id='line_1_56' title="bbox 2039 3021 3619 3100; baseline -0.007 -15"><span class='ocrx_word' id='word_1_417' title='bbox 2039 3041 2359 3100; x_wconf 76' lang='lat' dir='ltr'><strong>argumento</strong></span> <span class='ocrx_word' id='word_1_418' title='bbox 2388 3030 2566 3084; x_wconf 79' lang='lat' dir='ltr'><strong>oratio</strong></span> <span class='ocrx_word' id='word_1_419' title='bbox 2613 3028 2775 3083; x_wconf 80' lang='lat' dir='ltr'><strong>ﬁnem</strong></span> <span class='ocrx_word' id='word_1_420' title='bbox 2813 3029 3030 3089; x_wconf 85' lang='lat' dir='ltr'><strong>habeat,</strong></span> <span class='ocrx_word' id='word_1_421' title='bbox 3055 3037 3109 3080; x_wconf 90' lang='lat' dir='ltr'><strong>et</strong></span> <span class='ocrx_word' id='word_1_422' title='bbox 3139 3024 3457 3093; x_wconf 74' lang='lat' dir='ltr'><strong>irreligiosa:</strong></span> <span class='ocrx_word' id='word_1_423' title='bbox 3480 3021 3619 3077; x_wconf 72' lang='grc' dir='ltr'>ειιιισ</span> 
     </span>
    </p>
   </div>
   <div class='ocr_carea' id='block_1_57' title="bbox 352 3115 1940 3191">
    <p class='ocr_par' dir='ltr' id='par_1_57' title="bbox 352 3115 1937 3191">
     <span class='ocr_line' id='line_1_57' title="bbox 352 3115 1937 3191; baseline -0.008 -12"><span class='ocrx_word' id='word_1_424' title='bbox 352 3124 521 3179; x_wconf 78' lang='grc' dir='ltr'>αὐτὸν</span> <span class='ocrx_word' id='word_1_425' title='bbox 557 3123 651 3176; x_wconf 74' lang='grc' dir='ltr'><strong>ἐπὶ</strong></span> <span class='ocrx_word' id='word_1_426' title='bbox 678 3125 791 3186; x_wconf 88' lang='grc' dir='ltr'>τοῖς</span> <span class='ocrx_word' id='word_1_427' title='bbox 814 3120 1235 3191; x_wconf 82' lang='grc' dir='ltr'>πεπραγμένοις</span> <span class='ocrx_word' id='word_1_428' title='bbox 1270 3115 1808 3188; x_wconf 76' lang='grc' dir='ltr'>παρασκευάζοντες,</span> <span class='ocrx_word' id='word_1_429' title='bbox 1842 3115 1937 3166; x_wconf 60' lang='grc' dir='ltr'><strong>καλ⁵</strong></span> 
     </span>
    </p>
   </div>
   <div class='ocr_carea' id='block_1_58' title="bbox 2040 3115 3611 3191">
    <p class='ocr_par' dir='ltr' id='par_1_58' title="bbox 2044 3116 3611 3191">
     <span class='ocr_line' id='line_1_58' title="bbox 2044 3116 3611 3191; baseline -0.006 -14"><span class='ocrx_word' id='word_1_430' title='bbox 2044 3125 2174 3178; x_wconf 63' lang='lat' dir='ltr'><strong>tiliae</strong></span> <span class='ocrx_word' id='word_1_431' title='bbox 2200 3123 2450 3176; x_wconf 89' lang='lat' dir='ltr'><strong>delirium</strong></span> <span class='ocrx_word' id='word_1_432' title='bbox 2481 3122 2593 3191; x_wconf 90' lang='lat' dir='ltr'><strong>jam</strong></span> <span class='ocrx_word' id='word_1_433' title='bbox 2640 3124 2949 3176; x_wconf 86' lang='lat' dir='ltr'><strong>omittatur.</strong></span> <span class='ocrx_word' id='word_1_434' title='bbox 2996 3119 3078 3174; x_wconf 91' lang='lat' dir='ltr'><strong>Ob</strong></span> <span class='ocrx_word' id='word_1_435' title='bbox 3122 3116 3375 3184; x_wconf 88' lang='lat' dir='ltr'><strong>superius</strong></span> <span class='ocrx_word' id='word_1_436' title='bbox 3428 3127 3611 3170; x_wconf 87' lang='lat' dir='ltr'><strong>antem</strong></span> 
     </span>
    </p>
   </div>
   <div class='ocr_carea' id='block_1_59' title="bbox 351 3204 1938 3287">
    <p class='ocr_par' dir='ltr' id='par_1_59' title="bbox 351 3204 1938 3287">
     <span class='ocr_line' id='line_1_59' title="bbox 351 3204 1938 3287; baseline -0.008 -18"><span class='ocrx_word' id='word_1_437' title='bbox 351 3216 392 3270; x_wconf 76' lang='grc' dir='ltr'>ἃ</span> <span class='ocrx_word' id='word_1_438' title='bbox 417 3216 553 3287; x_wconf 62' lang='grc' dir='ltr'>πρὸς</span> <span class='ocrx_word' id='word_1_439' title='bbox 581 3214 858 3286; x_wconf 88' lang='grc' dir='ltr'>σωτηρίαν</span> <span class='ocrx_word' id='word_1_440' title='bbox 894 3213 1030 3282; x_wconf 80' lang='grc' dir='ltr'>ἡμῖν</span> <span class='ocrx_word' id='word_1_441' title='bbox 1060 3213 1179 3264; x_wconf 79' lang='grc' dir='ltr'>ἐστι</span> <span class='ocrx_word' id='word_1_442' title='bbox 1211 3207 1631 3278; x_wconf 83' lang='grc' dir='ltr'>μεσιτεύοντες;</span> <span class='ocrx_word' id='word_1_443' title='bbox 1674 3204 1938 3259; x_wconf 82' lang='grc' dir='ltr'>Ἐνταῦθα</span> 
     </span>
    </p>
   </div>
   <div class='ocr_carea' id='block_1_60' title="bbox 352 3284 1939 3376">
    <p class='ocr_par' dir='ltr' id='par_1_60' title="bbox 352 3284 1939 3376">
     <span class='ocr_line' id='line_1_60' title="bbox 352 3284 1939 3376; baseline -0.009 -14"><span class='ocrx_word' id='word_1_444' title='bbox 352 3284 473 3364; x_wconf 15' lang='grc' dir='ltr'>οὖν*</span> <span class='ocrx_word' id='word_1_445' title='bbox 504 3310 533 3361; x_wconf 88' lang='grc' dir='ltr'>ὁ</span> <span class='ocrx_word' id='word_1_446' title='bbox 590 3284 745 3376; x_wconf 16' lang='grc' dir='ltr'>περὶ-ὴ</span> <span class='ocrx_word' id='word_1_447' title='bbox 771 3302 979 3358; x_wconf 89' lang='grc' dir='ltr'>τούτων</span> <span class='ocrx_word' id='word_1_448' title='bbox 1023 3301 1180 3370; x_wconf 84' lang='grc' dir='ltr'>λόγος</span> <span class='ocrx_word' id='word_1_449' title='bbox 1232 3298 1475 3369; x_wconf 84' lang='grc' dir='ltr'>ὡρίσθω,</span> <span class='ocrx_word' id='word_1_450' title='bbox 1518 3298 1613 3351; x_wconf 78' lang='grc' dir='ltr'>καὶ</span> <span class='ocrx_word' id='word_1_451' title='bbox 1659 3298 1687 3349; x_wconf 87' lang='grc' dir='ltr'><strong>ό</strong></span> <span class='ocrx_word' id='word_1_452' title='bbox 1719 3295 1818 3366; x_wconf 79' lang='grc' dir='ltr'>τῆς</span> <span class='ocrx_word' id='word_1_453' title='bbox 1844 3284 1939 3348; x_wconf 81' lang='grc' dir='ltr'>τοῦ</span> 
     </span>
    </p>
   </div>
   <div class='ocr_carea' id='block_1_61' title="bbox 351 3388 1941 3465">
    <p class='ocr_par' dir='ltr' id='par_1_61' title="bbox 351 3388 1941 3465">
     <span class='ocr_line' id='line_1_61' title="bbox 351 3388 1941 3465; baseline -0.006 -14"><span class='ocrx_word' id='word_1_454' title='bbox 351 3395 650 3459; x_wconf 78' lang='grc' dir='ltr'>δυσσεϐοῦς</span> <span class='ocrx_word' id='word_1_455' title='bbox 684 3394 1054 3465; x_wconf 87' lang='grc' dir='ltr'>ματαιότητος</span> <span class='ocrx_word' id='word_1_456' title='bbox 1091 3392 1261 3462; x_wconf 82' lang='grc' dir='ltr'>λῆρος</span> <span class='ocrx_word' id='word_1_457' title='bbox 1315 3389 1575 3444; x_wconf 83' lang='grc' dir='ltr'>ἁνείσθω.</span> <span class='ocrx_word' id='word_1_458' title='bbox 1625 3390 1750 3443; x_wconf 77' lang='grc' dir='ltr'><strong>Ἐπὶ</strong></span> <span class='ocrx_word' id='word_1_459' title='bbox 1790 3389 1848 3442; x_wconf 84' lang='grc' dir='ltr'>δὲ</span> <span class='ocrx_word' id='word_1_460' title='bbox 1873 3388 1941 3442; x_wconf 82' lang='grc' dir='ltr'>τὰ</span> 
     </span>
    </p>
   </div>
   <div class='ocr_carea' id='block_1_62' title="bbox 358 3478 1942 3556">
    <p class='ocr_par' dir='ltr' id='par_1_62' title="bbox 358 3478 1942 3556">
     <span class='ocr_line' id='line_1_62' title="bbox 358 3478 1942 3556; baseline -0.004 -18"><span class='ocrx_word' id='word_1_461' title='bbox 358 3484 554 3556; x_wconf 83' lang='grc' dir='ltr'>πρώην</span> <span class='ocrx_word' id='word_1_462' title='bbox 596 3481 976 3552; x_wconf 84' lang='grc' dir='ltr'>ὑπεσχημένα,</span> <span class='ocrx_word' id='word_1_463' title='bbox 1031 3479 1133 3550; x_wconf 84' lang='grc' dir='ltr'>τῆς</span> <span class='ocrx_word' id='word_1_464' title='bbox 1191 3478 1286 3532; x_wconf 79' lang='grc' dir='ltr'>τοῦ</span> <span class='ocrx_word' id='word_1_465' title='bbox 1318 3479 1569 3549; x_wconf 83' lang='grc' dir='ltr'>γραπτοῦ</span> <span class='ocrx_word' id='word_1_466' title='bbox 1614 3480 1709 3533; x_wconf 77' lang='grc' dir='ltr'>καὶ</span> <span class='ocrx_word' id='word_1_467' title='bbox 1749 3479 1942 3549; x_wconf 83' lang='grc' dir='ltr'>ἀπερι-</span> 
     </span>
    </p>
   </div>
   <div class='ocr_carea' id='block_1_63' title="bbox 353 3565 1940 3648">
    <p class='ocr_par' dir='ltr' id='par_1_63' title="bbox 353 3565 1940 3648">
     <span class='ocr_line' id='line_1_63' title="bbox 353 3565 1940 3648; baseline -0.005 -17"><span class='ocrx_word' id='word_1_468' title='bbox 353 3577 610 3648; x_wconf 84' lang='grc' dir='ltr'>γρὰπτου</span> <span class='ocrx_word' id='word_1_469' title='bbox 633 3574 820 3644; x_wconf 79' lang='grc' dir='ltr'>φωνῆς</span> <span class='ocrx_word' id='word_1_470' title='bbox 851 3573 1064 3636; x_wconf 71' lang='grc' dir='ltr'>ἕνεκεν,</span> <span class='ocrx_word' id='word_1_471' title='bbox 1089 3565 1164 3625; x_wconf 85' lang='grc' dir='ltr'>ὧν</span> <span class='ocrx_word' id='word_1_472' title='bbox 1193 3571 1262 3623; x_wconf 73' lang='grc' dir='ltr'>τὸ</span> <span class='ocrx_word' id='word_1_473' title='bbox 1310 3570 1567 3642; x_wconf 79' lang='grc' dir='ltr'>διάφορον</span> <span class='ocrx_word' id='word_1_474' title='bbox 1596 3569 1654 3636; x_wconf 77' lang='grc' dir='ltr'><strong>ἐξ</strong></span> <span class='ocrx_word' id='word_1_475' title='bbox 1677 3570 1940 3623; x_wconf 84' lang='grc' dir='ltr'>ἀπαιδευ-</span> 
     </span>
    </p>
   </div>
   <div class='ocr_carea' id='block_1_64' title="bbox 356 3660 1943 3736">
    <p class='ocr_par' dir='ltr' id='par_1_64' title="bbox 356 3660 1943 3736">
     <span class='ocr_line' id='line_1_64' title="bbox 356 3660 1943 3736; baseline -0.005 -13"><span class='ocrx_word' id='word_1_476' title='bbox 356 3670 484 3732; x_wconf 82' lang='grc' dir='ltr'>σίας</span> <span class='ocrx_word' id='word_1_477' title='bbox 514 3667 611 3721; x_wconf 76' lang='grc' dir='ltr'>καὶ</span> <span class='ocrx_word' id='word_1_478' title='bbox 645 3663 889 3736; x_wconf 82' lang='grc' dir='ltr'>ἀμαθίας</span> <span class='ocrx_word' id='word_1_479' title='bbox 915 3663 1228 3734; x_wconf 81' lang='grc' dir='ltr'>ήγνοηκότα</span> <span class='ocrx_word' id='word_1_480' title='bbox 1267 3663 1477 3716; x_wconf 81' lang='grc' dir='ltr'>κατίδοι</span> <span class='ocrx_word' id='word_1_481' title='bbox 1507 3662 1571 3717; x_wconf 82' lang='grc' dir='ltr'>ἄν</span> <span class='ocrx_word' id='word_1_482' title='bbox 1621 3678 1727 3727; x_wconf 85' lang='grc' dir='ltr'>τις,</span> <span class='ocrx_word' id='word_1_483' title='bbox 1771 3660 1943 3715; x_wconf 82' lang='grc' dir='ltr'>καθά-</span> 
     </span>
    </p>
   </div>
   <div class='ocr_carea' id='block_1_65' title="bbox 355 3738 1942 3830">
    <p class='ocr_par' dir='ltr' id='par_1_65' title="bbox 355 3738 1942 3830">
     <span class='ocr_line' id='line_1_65' title="bbox 355 3738 1942 3830; baseline -0.003 -19"><span class='ocrx_word' id='word_1_484' title='bbox 355 3775 466 3830; x_wconf 84' lang='grc' dir='ltr'><strong>περ</strong></span> <span class='ocrx_word' id='word_1_485' title='bbox 499 3758 567 3828; x_wconf 80' lang='grc' dir='ltr'>δὴ</span> <span class='ocrx_word' id='word_1_486' title='bbox 600 3757 699 3810; x_wconf 71' lang='grc' dir='ltr'>καὶ</span> <span class='ocrx_word' id='word_1_487' title='bbox 728 3754 857 3818; x_wconf 80' lang='grc' dir='ltr'>τοὺς</span> <span class='ocrx_word' id='word_1_488' title='bbox 888 3738 1101 3807; x_wconf 73' lang='grc' dir='ltr'>ἐκείνου</span> <span class='ocrx_word' id='word_1_489' title='bbox 1135 3752 1419 3822; x_wconf 81' lang='grc' dir='ltr'>φοιτητὰς,</span> <span class='ocrx_word' id='word_1_490' title='bbox 1466 3753 1562 3805; x_wconf 75' lang='grc' dir='ltr'>καὶ</span> <span class='ocrx_word' id='word_1_491' title='bbox 1601 3752 1701 3822; x_wconf 82' lang='grc' dir='ltr'><strong>τῆς</strong></span> <span class='ocrx_word' id='word_1_492' title='bbox 1732 3750 1942 3822; x_wconf 81' lang='grc' dir='ltr'>πλάνης</span> 
     </span>
    </p>
   </div>
   <div class='ocr_carea' id='block_1_66' title="bbox 357 3842 1942 3922">
    <p class='ocr_par' dir='ltr' id='par_1_66' title="bbox 357 3842 1942 3922">
     <span class='ocr_line' id='line_1_66' title="bbox 357 3842 1942 3922; baseline -0.004 -18"><span class='ocrx_word' id='word_1_493' title='bbox 357 3849 655 3922; x_wconf 71' lang='grc' dir='ltr'>ἀκροατὰς,</span> <span class='ocrx_word' id='word_1_494' title='bbox 689 3848 817 3911; x_wconf 82' lang='grc' dir='ltr'>τοὺς</span> <span class='ocrx_word' id='word_1_495' title='bbox 848 3846 944 3900; x_wconf 82' lang='grc' dir='ltr'>νῦν</span> <span class='ocrx_word' id='word_1_496' title='bbox 971 3845 1191 3909; x_wconf 78' lang='grc' dir='ltr'>ἀσεϐεῖς</span> <span class='ocrx_word' id='word_1_497' title='bbox 1222 3846 1316 3899; x_wconf 85' lang='grc' dir='ltr'>καὶ</span> <span class='ocrx_word' id='word_1_498' title='bbox 1340 3843 1701 3906; x_wconf 75' lang='grc' dir='ltr'>ἀπαιδεύτους</span> <span class='ocrx_word' id='word_1_499' title='bbox 1735 3842 1942 3913; x_wconf 76' lang='grc' dir='ltr'>δογμαο</span> 
     </span>
    </p>
   </div>
   <div class='ocr_carea' id='block_1_67' title="bbox 355 3933 1940 4011">
    <p class='ocr_par' dir='ltr' id='par_1_67' title="bbox 355 3933 1940 4011">
     <span class='ocr_line' id='line_1_67' title="bbox 355 3933 1940 4011; baseline -0.004 -16"><span class='ocrx_word' id='word_1_500' title='bbox 355 3941 571 4006; x_wconf 78' lang='grc' dir='ltr'>τιστὰς,</span> <span class='ocrx_word' id='word_1_501' title='bbox 593 3939 694 4011; x_wconf 81' lang='grc' dir='ltr'><strong>ήδη</strong></span> <span class='ocrx_word' id='word_1_502' title='bbox 730 3938 808 4009; x_wconf 80' lang='grc' dir='ltr'>τῷ</span> <span class='ocrx_word' id='word_1_503' title='bbox 861 3937 1008 4009; x_wconf 88' lang='grc' dir='ltr'>λόγῳ</span> <span class='ocrx_word' id='word_1_504' title='bbox 1064 3935 1419 4008; x_wconf 79' lang='grc' dir='ltr'>τρεψώμεθα,</span> <span class='ocrx_word' id='word_1_505' title='bbox 1452 3935 1523 3988; x_wconf 78' lang='grc' dir='ltr'>τὰ</span> <span class='ocrx_word' id='word_1_506' title='bbox 1572 3934 1705 4005; x_wconf 79' lang='grc' dir='ltr'>παρ’</span> <span class='ocrx_word' id='word_1_507' title='bbox 1757 3933 1940 3988; x_wconf 83' lang='grc' dir='ltr'>αὐτῶν</span> 
     </span>
    </p>
   </div>
   <div class='ocr_carea' id='block_1_68' title="bbox 358 4025 1942 4101">
    <p class='ocr_par' dir='ltr' id='par_1_68' title="bbox 358 4025 1942 4101">
     <span class='ocr_line' id='line_1_68' title="bbox 358 4025 1942 4101; baseline -0.006 -14"><span class='ocrx_word' id='word_1_508' title='bbox 358 4032 822 4101; x_wconf 84' lang='grc' dir='ltr'>ὲπισκεπτόμενοι</span> <span class='ocrx_word' id='word_1_509' title='bbox 868 4029 1268 4100; x_wconf 81' lang='grc' dir='ltr'>ληρῳδήματα’</span> <span class='ocrx_word' id='word_1_510' title='bbox 1323 4027 1442 4081; x_wconf 82' lang='grc' dir='ltr'>ἀλλ’</span> <span class='ocrx_word' id='word_1_511' title='bbox 1501 4026 1691 4098; x_wconf 77' lang='grc' dir='ltr'>ἐπειδὴ</span> <span class='ocrx_word' id='word_1_512' title='bbox 1751 4025 1942 4096; x_wconf 82' lang='grc' dir='ltr'>ὥσπερ</span> 
     </span>
    </p>
   </div>
   <div class='ocr_carea' id='block_1_69' title="bbox 359 4116 1940 4195">
    <p class='ocr_par' dir='ltr' id='par_1_69' title="bbox 359 4116 1940 4195">
     <span class='ocr_line' id='line_1_69' title="bbox 359 4116 1940 4195; baseline -0.006 -16"><span class='ocrx_word' id='word_1_513' title='bbox 359 4125 581 4195; x_wconf 79' lang='grc' dir='ltr'>φύσεων</span> <span class='ocrx_word' id='word_1_514' title='bbox 621 4122 719 4176; x_wconf 74' lang='grc' dir='ltr'>καὶ</span> <span class='ocrx_word' id='word_1_515' title='bbox 750 4121 1058 4192; x_wconf 73' lang='grc' dir='ltr'>ἰδιωμάτων</span> <span class='ocrx_word' id='word_1_516' title='bbox 1085 4118 1351 4189; x_wconf 74' lang='grc' dir='ltr'>διαφορὰν</span> <span class='ocrx_word' id='word_1_517' title='bbox 1380 4118 1482 4172; x_wconf 87' lang='grc' dir='ltr'>οὐκ</span> <span class='ocrx_word' id='word_1_518' title='bbox 1510 4116 1776 4187; x_wconf 78' lang='grc' dir='ltr'>ἔγνωσαν,</span> <span class='ocrx_word' id='word_1_519' title='bbox 1817 4117 1940 4171; x_wconf 79' lang='grc' dir='ltr'>οὐδὲ</span> 
     </span>
    </p>
   </div>
   <div class='ocr_carea' id='block_1_70' title="bbox 348 4208 1988 4284">
    <p class='ocr_par' dir='ltr' id='par_1_70' title="bbox 348 4208 1988 4284">
     <span class='ocr_line' id='line_1_70' title="bbox 348 4208 1988 4284; baseline -0.007 -16"><span class='ocrx_word' id='word_1_520' title='bbox 348 4215 638 4284; x_wconf 46' lang='grc' dir='ltr'>,ἀναμέσον</span> <span class='ocrx_word' id='word_1_521' title='bbox 661 4211 819 4281; x_wconf 79' lang='grc' dir='ltr'>ἁγίου</span> <span class='ocrx_word' id='word_1_522' title='bbox 858 4212 949 4265; x_wconf 74' lang='grc' dir='ltr'><strong>καὶ</strong></span> <span class='ocrx_word' id='word_1_523' title='bbox 980 4209 1211 4281; x_wconf 85' lang='grc' dir='ltr'>βεϐήλου</span> <span class='ocrx_word' id='word_1_524' title='bbox 1258 4208 1554 4263; x_wconf 89' lang='grc' dir='ltr'>διαστεῖλαι</span> <span class='ocrx_word' id='word_1_525' title='bbox 1587 4208 1940 4278; x_wconf 81' lang='grc' dir='ltr'>ἀνοηταίνον-</span> <span class='ocrx_word' id='word_1_526' title='bbox 1984 4250 1988 4257; x_wconf 92' lang='grc'><em>.</em></span> 
     </span>
    </p>
   </div>
   <div class='ocr_carea' id='block_1_71' title="bbox 358 4302 1941 4383">
    <p class='ocr_par' dir='ltr' id='par_1_71' title="bbox 358 4302 1941 4383">
     <span class='ocr_line' id='line_1_71' title="bbox 358 4302 1941 4383; baseline -0.002 -26"><span class='ocrx_word' id='word_1_527' title='bbox 358 4322 452 4369; x_wconf 86' lang='grc' dir='ltr'><strong>τες</strong></span> <span class='ocrx_word' id='word_1_528' title='bbox 477 4305 803 4374; x_wconf 81' lang='grc' dir='ltr'>διέγνωσαν,</span> <span class='ocrx_word' id='word_1_529' title='bbox 837 4304 1013 4368; x_wconf 74' lang='grc' dir='ltr'>οὕτως</span> <span class='ocrx_word' id='word_1_530' title='bbox 1042 4305 1164 4358; x_wconf 81' lang='grc' dir='ltr'>οὐδὲ</span> <span class='ocrx_word' id='word_1_531' title='bbox 1192 4305 1221 4358; x_wconf 84' lang='grc' dir='ltr'><strong>ὅ</strong></span> <span class='ocrx_word' id='word_1_532' title='bbox 1240 4304 1293 4356; x_wconf 87' lang='grc' dir='ltr'><strong>τί</strong></span> <span class='ocrx_word' id='word_1_533' title='bbox 1325 4302 1458 4356; x_wconf 85' lang='grc' dir='ltr'>ποτέ</span> <span class='ocrx_word' id='word_1_534' title='bbox 1490 4307 1607 4357; x_wconf 75' lang='grc' dir='ltr'>ἐστι</span> <span class='ocrx_word' id='word_1_535' title='bbox 1626 4302 1816 4383; x_wconf 80' lang='grc' dir='ltr'>γραφὴ</span> <span class='ocrx_word' id='word_1_536' title='bbox 1845 4302 1941 4356; x_wconf 84' lang='grc' dir='ltr'>καὶ</span> 
     </span>
    </p>
   </div>
   <div class='ocr_carea' id='block_1_72' title="bbox 360 4394 1937 4469">
    <p class='ocr_par' dir='ltr' id='par_1_72' title="bbox 360 4394 1937 4469">
     <span class='ocr_line' id='line_1_72' title="bbox 360 4394 1937 4469; baseline -0.001 -22"><span class='ocrx_word' id='word_1_537' title='bbox 360 4396 706 4468; x_wconf 77' lang='grc' dir='ltr'>περιγραφὴ,</span> <span class='ocrx_word' id='word_1_538' title='bbox 731 4395 765 4467; x_wconf 80' lang='grc' dir='ltr'>ἢ</span> <span class='ocrx_word' id='word_1_539' title='bbox 788 4395 1034 4469; x_wconf 82' lang='grc' dir='ltr'>γραπτὸν</span> <span class='ocrx_word' id='word_1_540' title='bbox 1053 4396 1146 4449; x_wconf 74' lang='grc' dir='ltr'>καὶ</span> <span class='ocrx_word' id='word_1_541' title='bbox 1167 4394 1569 4465; x_wconf 83' lang='grc' dir='ltr'>περιγραπτὸν,</span> <span class='ocrx_word' id='word_1_542' title='bbox 1596 4395 1937 4461; x_wconf 79' lang='grc' dir='ltr'>ἐπέγνωσαν·</span> 
     </span>
    </p>
   </div>
   <div class='ocr_carea' id='block_1_73' title="bbox 2041 3208 3616 3284">
    <p class='ocr_par' dir='ltr' id='par_1_73' title="bbox 2041 3208 3616 3284">
     <span class='ocr_line' id='line_1_73' title="bbox 2041 3208 3616 3284; baseline -0.004 -16"><span class='ocrx_word' id='word_1_543' title='bbox 2041 3214 2329 3284; x_wconf 81' lang='lat' dir='ltr'><strong>promissa,</strong></span> <span class='ocrx_word' id='word_1_544' title='bbox 2380 3222 2600 3282; x_wconf 84' lang='lat' dir='ltr'><strong>propter</strong></span> <span class='ocrx_word' id='word_1_545' title='bbox 2649 3212 2909 3267; x_wconf 83' lang='lat' dir='ltr'><strong>vocabula</strong></span> <span class='ocrx_word' id='word_1_546' title='bbox 2965 3210 3283 3279; x_wconf 87' lang='lat' dir='ltr'><strong>indescripti</strong></span> <span class='ocrx_word' id='word_1_547' title='bbox 3338 3219 3394 3264; x_wconf 87' lang='lat' dir='ltr'><strong>et</strong></span> <span class='ocrx_word' id='word_1_548' title='bbox 3446 3208 3616 3262; x_wconf 89' lang='lat' dir='ltr'><strong>incir—</strong></span> 
     </span>
    </p>
   </div>
   <div class='ocr_carea' id='block_1_74' title="bbox 2041 3300 3618 3378">
    <p class='ocr_par' dir='ltr' id='par_1_74' title="bbox 2041 3300 3618 3378">
     <span class='ocr_line' id='line_1_74' title="bbox 2041 3300 3618 3378; baseline -0.007 -15"><span class='ocrx_word' id='word_1_549' title='bbox 2041 3307 2357 3374; x_wconf 88' lang='lat' dir='ltr'><strong>cumscripti</strong></span> <span class='ocrx_word' id='word_1_550' title='bbox 2396 3304 2530 3378; x_wconf 83' lang='lat'><strong>(88),</strong></span> <span class='ocrx_word' id='word_1_551' title='bbox 2584 3317 2812 3374; x_wconf 86' lang='lat' dir='ltr'><strong>quorum</strong></span> <span class='ocrx_word' id='word_1_552' title='bbox 2865 3302 3226 3358; x_wconf 73' lang='lat' dir='ltr'><strong>diﬂ‘t-rentiant</strong></span> <span class='ocrx_word' id='word_1_553' title='bbox 3277 3315 3343 3355; x_wconf 68' lang='lat' dir='ltr'><strong>ex</strong></span> <span class='ocrx_word' id='word_1_554' title='bbox 3384 3300 3618 3354; x_wconf 87' lang='lat' dir='ltr'><strong>rnditate</strong></span> 
     </span>
    </p>
   </div>
   <div class='ocr_carea' id='block_1_75' title="bbox 2041 3389 3616 3476">
    <p class='ocr_par' dir='ltr' id='par_1_75' title="bbox 2041 3389 3616 3476">
     <span class='ocr_line' id='line_1_75' title="bbox 2041 3389 3616 3476; baseline -0.007 -25"><span class='ocrx_word' id='word_1_555' title='bbox 2041 3411 2098 3452; x_wconf 88' lang='lat' dir='ltr'><strong>et</strong></span> <span class='ocrx_word' id='word_1_556' title='bbox 2122 3398 2338 3451; x_wconf 78' lang='lat' dir='ltr'><strong>inscitia</strong></span> <span class='ocrx_word' id='word_1_557' title='bbox 2371 3394 2680 3449; x_wconf 73' lang='lat' dir='ltr'><strong>Memoriam</strong></span> <span class='ocrx_word' id='word_1_558' title='bbox 2716 3394 2972 3462; x_wconf 85' lang='lat' dir='ltr'><strong>ignorare</strong></span> <span class='ocrx_word' id='word_1_559' title='bbox 3010 3400 3250 3461; x_wconf 85' lang='lat' dir='ltr'><strong>constat,</strong></span> <span class='ocrx_word' id='word_1_560' title='bbox 3281 3393 3423 3443; x_wconf 84' lang='lat' dir='ltr'><strong>slcut</strong></span> <span class='ocrx_word' id='word_1_561' title='bbox 3451 3389 3616 3476; x_wconf 63' lang='lat' dir='ltr'><strong>etiam</strong></span> 
     </span>
    </p>
   </div>
   <div class='ocr_carea' id='block_1_76' title="bbox 2041 3481 3615 3559">
    <p class='ocr_par' dir='ltr' id='par_1_76' title="bbox 2041 3481 3615 3559">
     <span class='ocr_line' id='line_1_76' title="bbox 2041 3481 3615 3559; baseline -0.006 -13"><span class='ocrx_word' id='word_1_562' title='bbox 2041 3491 2163 3559; x_wconf 80' lang='lat' dir='ltr'><strong>eius</strong></span> <span class='ocrx_word' id='word_1_563' title='bbox 2191 3488 2433 3546; x_wconf 85' lang='lat' dir='ltr'><strong>asseclas</strong></span> <span class='ocrx_word' id='word_1_564' title='bbox 2461 3496 2516 3542; x_wconf 88' lang='lat' dir='ltr'><strong>et</strong></span> <span class='ocrx_word' id='word_1_565' title='bbox 2545 3489 2752 3543; x_wconf 85' lang='lat' dir='ltr'><strong>erroris</strong></span> <span class='ocrx_word' id='word_1_566' title='bbox 2782 3484 3100 3554; x_wconf 86' lang='lat' dir='ltr'><strong>discipulos,</strong></span> <span class='ocrx_word' id='word_1_567' title='bbox 3133 3482 3333 3551; x_wconf 85' lang='lat' dir='ltr'><strong>impios</strong></span> <span class='ocrx_word' id='word_1_568' title='bbox 3366 3481 3615 3536; x_wconf 88' lang='lat' dir='ltr'><strong>videlicet</strong></span> 
     </span>
    </p>
   </div>
   <div class='ocr_carea' id='block_1_77' title="bbox 2044 3573 3619 3651">
    <p class='ocr_par' dir='ltr' id='par_1_77' title="bbox 2044 3573 3619 3651">
     <span class='ocr_line' id='line_1_77' title="bbox 2044 3573 3619 3651; baseline -0.009 -13"><span class='ocrx_word' id='word_1_569' title='bbox 2044 3582 2203 3651; x_wconf 84' lang='lat' dir='ltr'><strong>hujus</strong></span> <span class='ocrx_word' id='word_1_570' title='bbox 2238 3581 2416 3636; x_wconf 72' lang='lat' dir='ltr'><strong>aetatis</strong></span> <span class='ocrx_word' id='word_1_571' title='bbox 2444 3588 2501 3634; x_wconf 87' lang='lat' dir='ltr'><strong>et</strong></span> <span class='ocrx_word' id='word_1_572' title='bbox 2530 3580 2751 3649; x_wconf 80' lang='lat' dir='ltr'><strong>ignaros</strong></span> <span class='ocrx_word' id='word_1_573' title='bbox 2782 3576 3164 3646; x_wconf 72' lang='lat' dir='ltr'><strong>dogmatistas,</strong></span> <span class='ocrx_word' id='word_1_574' title='bbox 3195 3574 3325 3638; x_wconf 88' lang='lat' dir='ltr'><strong>huc,</strong></span> <span class='ocrx_word' id='word_1_575' title='bbox 3377 3573 3619 3641; x_wconf 86' lang='lat' dir='ltr'><strong>inquam,</strong></span> 
     </span>
    </p>
   </div>
   <div class='ocr_carea' id='block_1_78' title="bbox 2042 3664 3621 3737">
    <p class='ocr_par' dir='ltr' id='par_1_78' title="bbox 2042 3664 3621 3737">
     <span class='ocr_line' id='line_1_78' title="bbox 2042 3664 3621 3737; baseline -0.01 -7"><span class='ocrx_word' id='word_1_576' title='bbox 2042 3688 2350 3730; x_wconf 86' lang='lat' dir='ltr'><strong>sermonem</strong></span> <span class='ocrx_word' id='word_1_577' title='bbox 2374 3680 2781 3734; x_wconf 74' lang='lat' dir='ltr'><strong>convertemus,</strong></span> <span class='ocrx_word' id='word_1_578' title='bbox 2812 3676 2870 3722; x_wconf 91' lang='lat' dir='ltr'><strong>ut</strong></span> <span class='ocrx_word' id='word_1_579' title='bbox 2902 3667 3142 3737; x_wconf 89' lang='lat' dir='ltr'><strong>ipsorum</strong></span> <span class='ocrx_word' id='word_1_580' title='bbox 3167 3680 3340 3736; x_wconf 73' lang='lat' dir='ltr'><strong>nugas</strong></span> <span class='ocrx_word' id='word_1_581' title='bbox 3361 3664 3621 3734; x_wconf 80' lang='lat' dir='ltr'><strong>dispicia-</strong></span> 
     </span>
    </p>
   </div>
   <div class='ocr_carea' id='block_1_79' title="bbox 2045 3753 3622 3834">
    <p class='ocr_par' dir='ltr' id='par_1_79' title="bbox 2045 3753 3622 3834">
     <span class='ocr_line' id='line_1_79' title="bbox 2045 3753 3622 3834; baseline -0.008 -14"><span class='ocrx_word' id='word_1_582' title='bbox 2045 3782 2165 3821; x_wconf 77' lang='lat' dir='ltr'><strong>mus</strong></span> <span class='ocrx_word' id='word_1_583' title='bbox 2202 3764 2369 3834; x_wconf 85' lang='lat' dir='ltr'><strong>:quia</strong></span> <span class='ocrx_word' id='word_1_584' title='bbox 2397 3763 2538 3817; x_wconf 87' lang='lat' dir='ltr'><strong>sicut</strong></span> <span class='ocrx_word' id='word_1_585' title='bbox 2571 3769 2891 3816; x_wconf 87' lang='lat' dir='ltr'><strong>naturarum</strong></span> <span class='ocrx_word' id='word_1_586' title='bbox 2924 3773 2991 3814; x_wconf 86' lang='lat' dir='ltr'><strong>ac</strong></span> <span class='ocrx_word' id='word_1_587' title='bbox 3018 3758 3414 3827; x_wconf 87' lang='lat' dir='ltr'><strong>pr0prietatum</strong></span> <span class='ocrx_word' id='word_1_588' title='bbox 3468 3753 3622 3809; x_wconf 67' lang='lat' dir='ltr'><strong>dilic-</strong></span> 
     </span>
    </p>
   </div>
   <div class='ocr_carea' id='block_1_80' title="bbox 2042 3846 3619 3923">
    <p class='ocr_par' dir='ltr' id='par_1_80' title="bbox 2042 3846 3619 3923">
     <span class='ocr_line' id='line_1_80' title="bbox 2042 3846 3619 3923; baseline -0.01 -9"><span class='ocrx_word' id='word_1_589' title='bbox 2042 3858 2272 3914; x_wconf 86' lang='lat' dir='ltr'><strong>rentiam</strong></span> <span class='ocrx_word' id='word_1_590' title='bbox 2305 3858 2575 3923; x_wconf 76' lang='lat' dir='ltr'><strong>ignorant,</strong></span> <span class='ocrx_word' id='word_1_591' title='bbox 2617 3865 2789 3921; x_wconf 89' lang='lat' dir='ltr'><strong>neque</strong></span> <span class='ocrx_word' id='word_1_592' title='bbox 2824 3852 2968 3905; x_wconf 87' lang='lat' dir='ltr'><strong>inter</strong></span> <span class='ocrx_word' id='word_1_593' title='bbox 2993 3855 3244 3906; x_wconf 86' lang='lat' dir='ltr'><strong>sanctum</strong></span> <span class='ocrx_word' id='word_1_594' title='bbox 3271 3858 3327 3903; x_wconf 90' lang='lat' dir='ltr'><strong>et</strong></span> <span class='ocrx_word' id='word_1_595' title='bbox 3355 3846 3619 3916; x_wconf 87' lang='lat' dir='ltr'><strong>pollutum</strong></span> 
     </span>
    </p>
   </div>
   <div class='ocr_carea' id='block_1_81' title="bbox 2044 3938 3621 4018">
    <p class='ocr_par' dir='ltr' id='par_1_81' title="bbox 2044 3938 3621 4018">
     <span class='ocr_line' id='line_1_81' title="bbox 2044 3938 3621 4018; baseline -0.009 -14"><span class='ocrx_word' id='word_1_596' title='bbox 2044 3949 2380 4018; x_wconf 80' lang='lat' dir='ltr'><strong>distinguere</strong></span> <span class='ocrx_word' id='word_1_597' title='bbox 2433 3946 2488 4001; x_wconf 89' lang='lat' dir='ltr'><strong>hi</strong></span> <span class='ocrx_word' id='word_1_598' title='bbox 2548 3944 2704 4001; x_wconf 87' lang='lat' dir='ltr'><strong>stulti</strong></span> <span class='ocrx_word' id='word_1_599' title='bbox 2745 3943 2961 4009; x_wconf 86' lang='lat' dir='ltr'><strong>valent;</strong></span> <span class='ocrx_word' id='word_1_600' title='bbox 3015 3943 3086 3996; x_wconf 89' lang='lat' dir='ltr'><strong>ita</strong></span> <span class='ocrx_word' id='word_1_601' title='bbox 3145 3955 3325 4010; x_wconf 91' lang='lat' dir='ltr'><strong>neque</strong></span> <span class='ocrx_word' id='word_1_602' title='bbox 3379 3938 3508 4007; x_wconf 90' lang='lat' dir='ltr'><strong>quid</strong></span> <span class='ocrx_word' id='word_1_603' title='bbox 3548 3938 3621 3991; x_wconf 88' lang='lat' dir='ltr'><strong>sit</strong></span> 
     </span>
    </p>
   </div>
   <div class='ocr_carea' id='block_1_82' title="bbox 2028 4032 3625 4111">
    <p class='ocr_par' dir='ltr' id='par_1_82' title="bbox 2028 4032 3625 4111">
     <span class='ocr_line' id='line_1_82' title="bbox 2028 4032 3625 4111; baseline -0.003 -22"><span class='ocrx_word' id='word_1_604' title='bbox 2028 4041 2255 4111; x_wconf 88' lang='lat' dir='ltr'><strong>.pictura</strong></span> <span class='ocrx_word' id='word_1_605' title='bbox 2312 4046 2369 4093; x_wconf 89' lang='lat' dir='ltr'><strong>et</strong></span> <span class='ocrx_word' id='word_1_606' title='bbox 2429 4033 2882 4105; x_wconf 86' lang='lat' dir='ltr'><strong>circumscriptio,</strong></span> <span class='ocrx_word' id='word_1_607' title='bbox 2919 4048 3097 4102; x_wconf 88' lang='lat' dir='ltr'><strong>neque</strong></span> <span class='ocrx_word' id='word_1_608' title='bbox 3144 4032 3272 4102; x_wconf 88' lang='lat' dir='ltr'><strong>quid</strong></span> <span class='ocrx_word' id='word_1_609' title='bbox 3303 4035 3507 4101; x_wconf 88' lang='lat' dir='ltr'><strong>pictum</strong></span> <span class='ocrx_word' id='word_1_610' title='bbox 3567 4039 3625 4084; x_wconf 88' lang='lat' dir='ltr'><strong>et</strong></span> 
     </span>
    </p>
   </div>
   <div class='ocr_carea' id='block_1_83' title="bbox 2043 4118 3624 4197">
    <p class='ocr_par' dir='ltr' id='par_1_83' title="bbox 2043 4118 3624 4197">
     <span class='ocr_line' id='line_1_83' title="bbox 2043 4118 3624 4197; baseline -0.009 -12"><span class='ocrx_word' id='word_1_611' title='bbox 2043 4126 2513 4197; x_wconf 89' lang='lat' dir='ltr'><strong>circumscriptum</strong></span> <span class='ocrx_word' id='word_1_612' title='bbox 2541 4126 2741 4191; x_wconf 87' lang='lat' dir='ltr'><strong>sciunt,</strong></span> <span class='ocrx_word' id='word_1_613' title='bbox 2760 4139 2880 4194; x_wconf 70' lang='lat' dir='ltr'><strong>quae</strong></span> <span class='ocrx_word' id='word_1_614' title='bbox 2899 4122 3057 4177; x_wconf 84' lang='lat' dir='ltr'><strong>valde</strong></span> <span class='ocrx_word' id='word_1_615' title='bbox 3083 4121 3315 4176; x_wconf 89' lang='lat' dir='ltr'><strong>invicem</strong></span> <span class='ocrx_word' id='word_1_616' title='bbox 3345 4118 3624 4183; x_wconf 71' lang='lat' dir='ltr'><strong>differunt,</strong></span> 
     </span>
    </p>
   </div>
   <div class='ocr_carea' id='block_1_84' title="bbox 2046 4213 3626 4286">
    <p class='ocr_par' dir='ltr' id='par_1_84' title="bbox 2046 4213 3626 4286">
     <span class='ocr_line' id='line_1_84' title="bbox 2046 4213 3626 4286; baseline -0.008 -11"><span class='ocrx_word' id='word_1_617' title='bbox 2046 4219 2251 4275; x_wconf 87' lang='lat' dir='ltr'><strong>nullam</strong></span> <span class='ocrx_word' id='word_1_618' title='bbox 2287 4218 2339 4273; x_wconf 92' lang='lat' dir='ltr'><strong>in</strong></span> <span class='ocrx_word' id='word_1_619' title='bbox 2370 4217 2456 4271; x_wconf 88' lang='lat' dir='ltr'><strong>his</strong></span> <span class='ocrx_word' id='word_1_620' title='bbox 2485 4230 2660 4285; x_wconf 91' lang='lat' dir='ltr'><strong>neque</strong></span> <span class='ocrx_word' id='word_1_621' title='bbox 2677 4224 3038 4286; x_wconf 71' lang='lat' dir='ltr'><strong>agnoscentes</strong></span> <span class='ocrx_word' id='word_1_622' title='bbox 3065 4227 3238 4282; x_wconf 84' lang='lat' dir='ltr'><strong>neque</strong></span> <span class='ocrx_word' id='word_1_623' title='bbox 3269 4213 3626 4280; x_wconf 84' lang='lat' dir='ltr'><strong>interponen-</strong></span> 
     </span>
    </p>
   </div>
   <div class='ocr_carea' id='block_1_85' title="bbox 2048 4303 3626 4373">
    <p class='ocr_par' dir='ltr' id='par_1_85' title="bbox 2048 4303 3626 4373">
     <span class='ocr_line' id='line_1_85' title="bbox 2048 4303 3626 4373; baseline -0.01 -4"><span class='ocrx_word' id='word_1_624' title='bbox 2048 4324 2130 4368; x_wconf 90' lang='lat' dir='ltr'><strong>tes</strong></span> <span class='ocrx_word' id='word_1_625' title='bbox 2158 4309 2566 4365; x_wconf 88' lang='lat' dir='ltr'><strong>discretionem.</strong></span> <span class='ocrx_word' id='word_1_626' title='bbox 2611 4305 2853 4373; x_wconf 84' lang='lat' dir='ltr'><strong>Quorum</strong></span> <span class='ocrx_word' id='word_1_627' title='bbox 2900 4305 3147 4360; x_wconf 79' lang='lat' dir='ltr'><strong>stultitia:</strong></span> <span class='ocrx_word' id='word_1_628' title='bbox 3193 4316 3486 4373; x_wconf 87' lang='lat' dir='ltr'><strong>parumper</strong></span> <span class='ocrx_word' id='word_1_629' title='bbox 3537 4303 3626 4355; x_wconf 81' lang='lat' dir='ltr'><strong>in-</strong></span> 
     </span>
    </p>
   </div>
   <div class='ocr_carea' id='block_1_86' title="bbox 2046 4395 3630 4473">
    <p class='ocr_par' dir='ltr' id='par_1_86' title="bbox 2046 4395 3630 4473">
     <span class='ocr_line' id='line_1_86' title="bbox 2046 4395 3630 4473; baseline -0.005 -17"><span class='ocrx_word' id='word_1_630' title='bbox 2046 4403 2336 4473; x_wconf 81' lang='lat' dir='ltr'><strong>dulgentes</strong></span> <span class='ocrx_word' id='word_1_631' title='bbox 2376 4400 2433 4454; x_wconf 91' lang='lat' dir='ltr'><strong>in</strong></span> <span class='ocrx_word' id='word_1_632' title='bbox 2472 4398 2723 4469; x_wconf 85' lang='lat' dir='ltr'><strong>superius</strong></span> <span class='ocrx_word' id='word_1_633' title='bbox 2758 4398 2941 4462; x_wconf 88' lang='lat' dir='ltr'><strong>dictis,</strong></span> <span class='ocrx_word' id='word_1_634' title='bbox 3003 4413 3071 4451; x_wconf 89' lang='lat' dir='ltr'><strong>ne</strong></span> <span class='ocrx_word' id='word_1_635' title='bbox 3119 4395 3390 4450; x_wconf 87' lang='lat' dir='ltr'><strong>orationis</strong></span> <span class='ocrx_word' id='word_1_636' title='bbox 3431 4408 3630 4449; x_wconf 87' lang='lat' dir='ltr'><strong>cursus</strong></span> 
     </span>
    </p>
   </div>
   <div class='ocr_carea' id='block_1_87' title="bbox 361 4484 1940 4563">
    <p class='ocr_par' dir='ltr' id='par_1_87' title="bbox 361 4484 1940 4560">
     <span class='ocr_line' id='line_1_87' title="bbox 361 4484 1940 4560; baseline -0.004 -18"><span class='ocrx_word' id='word_1_637' title='bbox 361 4494 544 4544; x_wconf 84' lang='grc' dir='ltr'>πάντα</span> <span class='ocrx_word' id='word_1_638' title='bbox 560 4489 669 4560; x_wconf 79' lang='grc' dir='ltr'><strong>γὰρ</strong></span> <span class='ocrx_word' id='word_1_639' title='bbox 687 4489 1009 4559; x_wconf 86' lang='grc' dir='ltr'>συγχέοντες</span> <span class='ocrx_word' id='word_1_640' title='bbox 1028 4488 1123 4540; x_wconf 71' lang='grc' dir='ltr'>καὶ</span> <span class='ocrx_word' id='word_1_641' title='bbox 1150 4504 1216 4538; x_wconf 83' lang='grc' dir='ltr'><strong>συ</strong></span> <span class='ocrx_word' id='word_1_642' title='bbox 1225 4486 1339 4556; x_wconf 81' lang='grc' dir='ltr'>μιρύ</span> <span class='ocrx_word' id='word_1_643' title='bbox 1346 4504 1531 4555; x_wconf 85' lang='grc' dir='ltr'>ροντες</span> <span class='ocrx_word' id='word_1_644' title='bbox 1548 4487 1642 4538; x_wconf 75' lang='grc' dir='ltr'><strong>καὶ</strong></span> <span class='ocrx_word' id='word_1_645' title='bbox 1658 4484 1940 4555; x_wconf 84' lang='grc' dir='ltr'>ἀδιάκριτα</span> 
     </span>
    </p>
   </div>
   <div class='ocr_carea' id='block_1_88' title="bbox 2040 4484 3630 4563">
    <p class='ocr_par' dir='ltr' id='par_1_88' title="bbox 2052 4487 3630 4563">
     <span class='ocr_line' id='line_1_88' title="bbox 2052 4487 3630 4563; baseline -0.006 -14"><span class='ocrx_word' id='word_1_646' title='bbox 2052 4497 2490 4563; x_wconf 87' lang='lat' dir='ltr'><strong>abrumperetur,</strong></span> <span class='ocrx_word' id='word_1_647' title='bbox 2527 4505 2625 4545; x_wconf 88' lang='lat' dir='ltr'><strong>nos</strong></span> <span class='ocrx_word' id='word_1_648' title='bbox 2649 4504 2864 4558; x_wconf 90' lang='lat' dir='ltr'><strong>quoque</strong></span> <span class='ocrx_word' id='word_1_649' title='bbox 2896 4490 2982 4543; x_wconf 88' lang='lat' dir='ltr'><strong>his</strong></span> <span class='ocrx_word' id='word_1_650' title='bbox 3022 4487 3298 4541; x_wconf 84' lang='lat' dir='ltr'><strong>vocabulis</strong></span> <span class='ocrx_word' id='word_1_651' title='bbox 3333 4494 3495 4556; x_wconf 89' lang='lat' dir='ltr'><strong>prout</strong></span> <span class='ocrx_word' id='word_1_652' title='bbox 3542 4501 3630 4540; x_wconf 79' lang='lat' dir='ltr'><strong>res</strong></span> 
     </span>
    </p>
   </div>
   <div class='ocr_carea' id='block_1_89' title="bbox 365 4577 1945 4651">
    <p class='ocr_par' dir='ltr' id='par_1_89' title="bbox 365 4577 1945 4651">
     <span class='ocr_line' id='line_1_89' title="bbox 365 4577 1945 4651; baseline -0.003 -17"><span class='ocrx_word' id='word_1_653' title='bbox 365 4581 747 4651; x_wconf 87' lang='grc' dir='ltr'>λογισάμενοι,</span> <span class='ocrx_word' id='word_1_654' title='bbox 779 4582 861 4645; x_wconf 87' lang='grc' dir='ltr'><strong>είς</strong></span> <span class='ocrx_word' id='word_1_655' title='bbox 914 4580 1112 4633; x_wconf 83' lang='grc' dir='ltr'>ταυτὸν</span> <span class='ocrx_word' id='word_1_656' title='bbox 1164 4579 1420 4647; x_wconf 79' lang='grc' dir='ltr'>ἄγουσιν,</span> <span class='ocrx_word' id='word_1_657' title='bbox 1452 4579 1488 4634; x_wconf 79' lang='grc' dir='ltr'><strong>ἆ</strong></span> <span class='ocrx_word' id='word_1_658' title='bbox 1517 4579 1653 4631; x_wconf 81' lang='grc' dir='ltr'>πολὺ</span> <span class='ocrx_word' id='word_1_659' title='bbox 1701 4577 1945 4647; x_wconf 83' lang='grc' dir='ltr'>ἀλλήλων</span> 
     </span>
    </p>
   </div>
   <div class='ocr_carea' id='block_1_90' title="bbox 362 4666 1949 4744">
    <p class='ocr_par' dir='ltr' id='par_1_90' title="bbox 362 4666 1949 4744">
     <span class='ocr_line' id='line_1_90' title="bbox 362 4666 1949 4744; baseline -0.005 -15"><span class='ocrx_word' id='word_1_660' title='bbox 362 4674 642 4744; x_wconf 82' lang='grc' dir='ltr'>διέστηκε,</span> <span class='ocrx_word' id='word_1_661' title='bbox 676 4673 776 4742; x_wconf 87' lang='grc' dir='ltr'>τὴν</span> <span class='ocrx_word' id='word_1_662' title='bbox 821 4671 1068 4726; x_wconf 82' lang='grc' dir='ltr'>ὁπωσοῦν</span> <span class='ocrx_word' id='word_1_663' title='bbox 1099 4673 1158 4724; x_wconf 74' lang='grc' dir='ltr'>ὲν</span> <span class='ocrx_word' id='word_1_664' title='bbox 1188 4671 1376 4733; x_wconf 67' lang='grc' dir='ltr'>αὐτοῖς</span> <span class='ocrx_word' id='word_1_665' title='bbox 1409 4669 1537 4723; x_wconf 79' lang='grc' dir='ltr'>οὗτε</span> <span class='ocrx_word' id='word_1_666' title='bbox 1587 4669 1796 4732; x_wconf 83' lang='grc' dir='ltr'>εἰδότες</span> <span class='ocrx_word' id='word_1_667' title='bbox 1823 4666 1949 4721; x_wconf 82' lang='grc' dir='ltr'>οὔτε</span> 
     </span>
    </p>
   </div>
   <div class='ocr_carea' id='block_1_91' title="bbox 363 4758 1953 4836">
    <p class='ocr_par' dir='ltr' id='par_1_91' title="bbox 363 4758 1953 4836">
     <span class='ocr_line' id='line_1_91' title="bbox 363 4758 1953 4836; baseline -0.004 -18"><span class='ocrx_word' id='word_1_668' title='bbox 363 4763 602 4827; x_wconf 79' lang='grc' dir='ltr'>διδόντες</span> <span class='ocrx_word' id='word_1_669' title='bbox 628 4763 923 4836; x_wconf 80' lang='grc' dir='ltr'>διάκρισιν.</span> <span class='ocrx_word' id='word_1_670' title='bbox 957 4758 1061 4815; x_wconf 79' lang='grc' dir='ltr'>Ὧν</span> <span class='ocrx_word' id='word_1_671' title='bbox 1090 4765 1157 4833; x_wconf 75' lang='grc' dir='ltr'><strong>τῇ</strong></span> <span class='ocrx_word' id='word_1_672' title='bbox 1199 4760 1358 4833; x_wconf 82' lang='grc' dir='ltr'>ἀνοίᾳ</span> <span class='ocrx_word' id='word_1_673' title='bbox 1395 4759 1871 4830; x_wconf 82' lang='grc' dir='ltr'>συγκαταστάντες</span> <span class='ocrx_word' id='word_1_674' title='bbox 1892 4760 1953 4811; x_wconf 77' lang='grc' dir='ltr'>ἐν</span> 
     </span>
    </p>
   </div>
   <div class='ocr_carea' id='block_1_92' title="bbox 363 4849 1952 4927">
    <p class='ocr_par' dir='ltr' id='par_1_92' title="bbox 363 4849 1952 4927">
     <span class='ocr_line' id='line_1_92' title="bbox 363 4849 1952 4927; baseline -0.003 -19"><span class='ocrx_word' id='word_1_675' title='bbox 363 4858 480 4918; x_wconf 88' lang='grc' dir='ltr'>τοῖς</span> <span class='ocrx_word' id='word_1_676' title='bbox 503 4855 696 4909; x_wconf 83' lang='grc' dir='ltr'>ἀνόπιν</span> <span class='ocrx_word' id='word_1_677' title='bbox 721 4857 842 4927; x_wconf 84' lang='grc' dir='ltr'>είρη</span> <span class='ocrx_word' id='word_1_678' title='bbox 851 4855 1056 4925; x_wconf 81' lang='grc' dir='ltr'>μένοις,</span> <span class='ocrx_word' id='word_1_679' title='bbox 1071 4853 1147 4916; x_wconf 84' lang='grc' dir='ltr'>ὡς</span> <span class='ocrx_word' id='word_1_680' title='bbox 1167 4851 1233 4906; x_wconf 82' lang='grc' dir='ltr'>ἂν</span> <span class='ocrx_word' id='word_1_681' title='bbox 1251 4851 1345 4905; x_wconf 80' lang='grc' dir='ltr'>τοῦ</span> <span class='ocrx_word' id='word_1_682' title='bbox 1358 4851 1521 4921; x_wconf 88' lang='grc' dir='ltr'>λόγου</span> <span class='ocrx_word' id='word_1_683' title='bbox 1535 4851 1597 4904; x_wconf 80' lang='grc' dir='ltr'>τὸ</span> <span class='ocrx_word' id='word_1_684' title='bbox 1624 4855 1845 4921; x_wconf 84' lang='grc' dir='ltr'>συνεχὲς</span> <span class='ocrx_word' id='word_1_685' title='bbox 1875 4849 1952 4920; x_wconf 80' lang='grc' dir='ltr'>μὴ</span> 
     </span>
    </p>
   </div>
   <div class='ocr_carea' id='block_1_93' title="bbox 364 4944 1956 5017">
    <p class='ocr_par' dir='ltr' id='par_1_93' title="bbox 364 4944 1956 5017">
     <span class='ocr_line' id='line_1_93' title="bbox 364 4944 1956 5017; baseline -0.004 -16"><span class='ocrx_word' id='word_1_686' title='bbox 364 4946 738 5012; x_wconf 86' lang='grc' dir='ltr'>διακόπτοιτο,</span> <span class='ocrx_word' id='word_1_687' title='bbox 766 4946 843 5010; x_wconf 83' lang='grc' dir='ltr'>ὡς</span> <span class='ocrx_word' id='word_1_688' title='bbox 865 4945 1024 5017; x_wconf 71' lang='grc' dir='ltr'>ἔτυχε</span> <span class='ocrx_word' id='word_1_689' title='bbox 1042 4947 1164 5009; x_wconf 87' lang='grc' dir='ltr'>ταῖς</span> <span class='ocrx_word' id='word_1_690' title='bbox 1181 4947 1389 5015; x_wconf 79' lang='grc' dir='ltr'>φωναῖς</span> <span class='ocrx_word' id='word_1_691' title='bbox 1401 4944 1496 4998; x_wconf 77' lang='grc' dir='ltr'>καὶ</span> <span class='ocrx_word' id='word_1_692' title='bbox 1511 4944 1666 4998; x_wconf 77' lang='grc' dir='ltr'>αὐτοὶ</span> <span class='ocrx_word' id='word_1_693' title='bbox 1684 4959 1956 5014; x_wconf 78' lang='grc' dir='ltr'>κατεχρη-</span> 
     </span>
    </p>
   </div>
   <div class='ocr_carea' id='block_1_94' title="bbox 366 5024 1949 5109">
    <p class='ocr_par' dir='ltr' id='par_1_94' title="bbox 366 5024 1949 5109">
     <span class='ocr_line' id='line_1_94' title="bbox 366 5024 1949 5109; baseline 0 -19"><span class='ocrx_word' id='word_1_694' title='bbox 366 5024 591 5108; x_wconf 78' lang='grc' dir='ltr'>σάμεθα</span> <span class='ocrx_word' id='word_1_695' title='bbox 616 5032 639 5069; x_wconf 28' lang='grc'><strong>·¹</strong></span> <span class='ocrx_word' id='word_1_696' title='bbox 664 5038 794 5092; x_wconf 74' lang='grc' dir='ltr'>ἔνθα</span> <span class='ocrx_word' id='word_1_697' title='bbox 826 5039 925 5109; x_wconf 85' lang='grc' dir='ltr'>μὲν</span> <span class='ocrx_word' id='word_1_698' title='bbox 953 5037 1181 5108; x_wconf 87' lang='grc' dir='ltr'>κυρίως,</span> <span class='ocrx_word' id='word_1_699' title='bbox 1210 5037 1307 5091; x_wconf 73' lang='grc' dir='ltr'>καὶ</span> <span class='ocrx_word' id='word_1_700' title='bbox 1346 5036 1408 5089; x_wconf 82' lang='grc' dir='ltr'>τὸ</span> <span class='ocrx_word' id='word_1_701' title='bbox 1447 5036 1577 5089; x_wconf 83' lang='grc' dir='ltr'>ῐδιον</span> <span class='ocrx_word' id='word_1_702' title='bbox 1598 5035 1696 5106; x_wconf 84' lang='grc' dir='ltr'>τῆς</span> <span class='ocrx_word' id='word_1_703' title='bbox 1748 5034 1949 5101; x_wconf 77' lang='grc' dir='ltr'>λέξεως</span> 
     </span>
    </p>
   </div>
   <div class='ocr_carea' id='block_1_95' title="bbox 365 5127 1950 5205">
    <p class='ocr_par' dir='ltr' id='par_1_95' title="bbox 365 5127 1950 5205">
     <span class='ocr_line' id='line_1_95' title="bbox 365 5127 1950 5205; baseline -0.002 -19"><span class='ocrx_word' id='word_1_704' title='bbox 365 5131 718 5205; x_wconf 83' lang='grc' dir='ltr'>τηρήσαντες</span> <span class='ocrx_word' id='word_1_705' title='bbox 761 5130 1186 5202; x_wconf 86' lang='grc' dir='ltr'>σημαινόμενον,</span> <span class='ocrx_word' id='word_1_706' title='bbox 1225 5129 1355 5184; x_wconf 74' lang='grc' dir='ltr'>ἔνθα</span> <span class='ocrx_word' id='word_1_707' title='bbox 1379 5128 1437 5182; x_wconf 77' lang='grc' dir='ltr'>δὲ</span> <span class='ocrx_word' id='word_1_708' title='bbox 1465 5128 1604 5199; x_wconf 73' lang='grc' dir='ltr'>πρὸς</span> <span class='ocrx_word' id='word_1_709' title='bbox 1631 5128 1693 5182; x_wconf 84' lang='grc' dir='ltr'>τὸ</span> <span class='ocrx_word' id='word_1_710' title='bbox 1723 5127 1950 5198; x_wconf 83' lang='grc' dir='ltr'>ἀδιάφο-</span> 
     </span>
    </p>
   </div>
   <div class='ocr_carea' id='block_1_96' title="bbox 441 5312 985 5380">
    <p class='ocr_par' dir='ltr' id='par_1_96' title="bbox 441 5312 985 5380">
     <span class='ocr_line' id='line_1_96' title="bbox 441 5312 985 5380; baseline 0.004 -13"><span class='ocrx_word' id='word_1_711' title='bbox 441 5315 463 5346; x_wconf 77' lang='grc' dir='ltr'><strong><em>τ</em></strong></span> <span class='ocrx_word' id='word_1_712' title='bbox 490 5312 683 5369; x_wconf 79' lang='lat' dir='ltr'><strong>Matth.</strong></span> <span class='ocrx_word' id='word_1_713' title='bbox 711 5327 864 5380; x_wconf 79' lang='lat' dir='ltr'><strong>mn,</strong></span> <span class='ocrx_word' id='word_1_714' title='bbox 898 5312 985 5369; x_wconf 77' lang='grc'><strong>10.</strong></span> 
     </span>
    </p>
   </div>
   <div class='ocr_carea' id='block_1_97' title="bbox 446 5465 1949 5538">
    <p class='ocr_par' dir='ltr' id='par_1_97' title="bbox 446 5465 1949 5538">
     <span class='ocr_line' id='line_1_97' title="bbox 446 5465 1949 5538; baseline 0.001 -18"><span class='ocrx_word' id='word_1_715' title='bbox 446 5466 563 5538; x_wconf 86' lang='grc'><strong>(87)</strong></span> <span class='ocrx_word' id='word_1_716' title='bbox 602 5467 991 5538; x_wconf 76' lang='lat' dir='ltr'><strong>Animadverte</strong></span> <span class='ocrx_word' id='word_1_717' title='bbox 1013 5466 1207 5536; x_wconf 79' lang='lat' dir='ltr'><strong>dogma</strong></span> <span class='ocrx_word' id='word_1_718' title='bbox 1241 5465 1566 5521; x_wconf 85' lang='lat' dir='ltr'><strong>catholicum</strong></span> <span class='ocrx_word' id='word_1_719' title='bbox 1605 5467 1672 5522; x_wconf 88' lang='lat' dir='ltr'><strong>de</strong></span> <span class='ocrx_word' id='word_1_720' title='bbox 1712 5467 1949 5521; x_wconf 86' lang='lat' dir='ltr'><strong>invoca-</strong></span> 
     </span>
    </p>
   </div>
   <div class='ocr_carea' id='block_1_98' title="bbox 376 5537 1947 5602">
    <p class='ocr_par' dir='ltr' id='par_1_98' title="bbox 376 5537 1947 5602">
     <span class='ocr_line' id='line_1_98' title="bbox 376 5537 1947 5602; baseline 0.001 -11"><span class='ocrx_word' id='word_1_721' title='bbox 376 5537 550 5591; x_wconf 83' lang='lat' dir='ltr'><strong>tione</strong></span> <span class='ocrx_word' id='word_1_722' title='bbox 587 5546 641 5590; x_wconf 87' lang='lat' dir='ltr'><strong>ct</strong></span> <span class='ocrx_word' id='word_1_723' title='bbox 714 5537 1097 5592; x_wconf 88' lang='lat' dir='ltr'><strong>communione</strong></span> <span class='ocrx_word' id='word_1_724' title='bbox 1158 5547 1518 5602; x_wconf 86' lang='lat' dir='ltr'><strong>sanctorum;</strong></span> <span class='ocrx_word' id='word_1_725' title='bbox 1571 5546 1763 5590; x_wconf 86' lang='lat' dir='ltr'><strong>contra</strong></span> <span class='ocrx_word' id='word_1_726' title='bbox 1822 5538 1947 5593; x_wconf 89' lang='lat' dir='ltr'><strong>illos</strong></span> 
     </span>
    </p>
   </div>
   <div class='ocr_carea' id='block_1_99' title="bbox 374 5606 1805 5676">
    <p class='ocr_par' dir='ltr' id='par_1_99' title="bbox 374 5606 1805 5676">
     <span class='ocr_line' id='line_1_99' title="bbox 374 5606 1805 5676; baseline -0.001 -14"><span class='ocrx_word' id='word_1_727' title='bbox 374 5606 667 5676; x_wconf 67' lang='lat' dir='ltr'><strong>haereticos</strong></span> <span class='ocrx_word' id='word_1_728' title='bbox 694 5608 784 5676; x_wconf 88' lang='lat' dir='ltr'><strong>qui</strong></span> <span class='ocrx_word' id='word_1_729' title='bbox 821 5606 955 5661; x_wconf 88' lang='lat' dir='ltr'><strong>nihil</strong></span> <span class='ocrx_word' id='word_1_730' title='bbox 986 5606 1297 5676; x_wconf 71' lang='lat' dir='ltr'><strong>huiusmodi</strong></span> <span class='ocrx_word' id='word_1_731' title='bbox 1333 5608 1560 5676; x_wconf 87' lang='lat' dir='ltr'><strong>credere</strong></span> <span class='ocrx_word' id='word_1_732' title='bbox 1598 5606 1805 5661; x_wconf 91' lang='lat' dir='ltr'><strong>volunt.</strong></span> 
     </span>
    </p>
   </div>
   <div class='ocr_carea' id='block_1_100' title="bbox 454 5674 1951 5747">
    <p class='ocr_par' dir='ltr' id='par_1_100' title="bbox 454 5674 1951 5747">
     <span class='ocr_line' id='line_1_100' title="bbox 454 5674 1951 5747; baseline 0.001 -17"><span class='ocrx_word' id='word_1_733' title='bbox 454 5675 569 5741; x_wconf 80' lang='lat'><strong>(88)</strong></span> <span class='ocrx_word' id='word_1_734' title='bbox 603 5674 725 5747; x_wconf 64' lang='grc' dir='ltr'>Ιίυιί</span> <span class='ocrx_word' id='word_1_735' title='bbox 740 5678 858 5732; x_wconf 83' lang='lat' dir='ltr'><strong>loco</strong></span> <span class='ocrx_word' id='word_1_736' title='bbox 886 5674 1067 5747; x_wconf 22' lang='lat' dir='ltr'><strong>codex:</strong></span> <span class='ocrx_word' id='word_1_737' title='bbox 1095 5676 1156 5747; x_wconf 82' lang='lat' dir='ltr'><strong>(l‘.</strong></span> <span class='ocrx_word' id='word_1_738' title='bbox 1203 5674 1308 5730; x_wconf 74' lang='grc'><strong>219</strong></span> <span class='ocrx_word' id='word_1_739' title='bbox 1337 5676 1355 5742; x_wconf 83' lang='lat'>)</span> <span class='ocrx_word' id='word_1_740' title='bbox 1405 5675 1513 5728; x_wconf 80' lang='grc' dir='ltr'><strong>Τοῦ</strong></span> <span class='ocrx_word' id='word_1_741' title='bbox 1553 5677 1803 5747; x_wconf 85' lang='grc' dir='ltr'>γραπτοῦ</span> <span class='ocrx_word' id='word_1_742' title='bbox 1853 5678 1951 5732; x_wconf 71' lang='grc' dir='ltr'>καὶ</span> 
     </span>
    </p>
   </div>
   <div class='ocr_carea' id='block_1_101' title="bbox 374 5746 1947 5817">
    <p class='ocr_par' dir='ltr' id='par_1_101' title="bbox 374 5746 1947 5817">
     <span class='ocr_line' id='line_1_101' title="bbox 374 5746 1947 5817; baseline 0.001 -14"><span class='ocrx_word' id='word_1_743' title='bbox 374 5746 832 5817; x_wconf 81' lang='grc' dir='ltr'>ἀπεριγράπτου·</span> <span class='ocrx_word' id='word_1_744' title='bbox 890 5746 1145 5816; x_wconf 87' lang='lat' dir='ltr'><strong>superius</strong></span> <span class='ocrx_word' id='word_1_745' title='bbox 1215 5756 1402 5801; x_wconf 83' lang='lat' dir='ltr'><strong>autem</strong></span> <span class='ocrx_word' id='word_1_746' title='bbox 1470 5747 1718 5800; x_wconf 75' lang='lat' dir='ltr'><strong>Antirth.</strong></span> <span class='ocrx_word' id='word_1_747' title='bbox 1760 5746 1811 5813; x_wconf 84' lang='lat' dir='ltr'><strong>l,</strong></span> <span class='ocrx_word' id='word_1_748' title='bbox 1894 5749 1947 5815; x_wconf 78' lang='grc' dir='ltr'>Ἰ,</span> 
     </span>
    </p>
   </div>
   <div class='ocr_carea' id='block_1_102' title="bbox 2034 4578 3630 4647">
    <p class='ocr_par' dir='ltr' id='par_1_102' title="bbox 2034 4578 3630 4647">
     <span class='ocr_line' id='line_1_102' title="bbox 2034 4578 3630 4647; baseline -0.007 -6"><span class='ocrx_word' id='word_1_749' title='bbox 2034 4587 2261 4642; x_wconf 57' lang='lat' dir='ltr'><strong>ferebat</strong></span> <span class='ocrx_word' id='word_1_750' title='bbox 2301 4584 2453 4638; x_wconf 85' lang='lat' dir='ltr'><strong>abusi</strong></span> <span class='ocrx_word' id='word_1_751' title='bbox 2485 4596 2713 4647; x_wconf 88' lang='lat' dir='ltr'><strong>sumus;</strong></span> <span class='ocrx_word' id='word_1_752' title='bbox 2761 4579 2958 4634; x_wconf 89' lang='lat' dir='ltr'><strong>alicubi</strong></span> <span class='ocrx_word' id='word_1_753' title='bbox 3006 4579 3222 4647; x_wconf 89' lang='lat' dir='ltr'><strong>proprie</strong></span> <span class='ocrx_word' id='word_1_754' title='bbox 3267 4578 3551 4645; x_wconf 88' lang='lat' dir='ltr'><strong>loquentes</strong></span> <span class='ocrx_word' id='word_1_755' title='bbox 3575 4590 3630 4632; x_wconf 87' lang='lat' dir='ltr'><strong>et</strong></span> 
     </span>
    </p>
   </div>
   <div class='ocr_carea' id='block_1_103' title="bbox 2051 4670 3631 4744">
    <p class='ocr_par' dir='ltr' id='par_1_103' title="bbox 2051 4670 3631 4744">
     <span class='ocr_line' id='line_1_103' title="bbox 2051 4670 3631 4744; baseline -0.006 -12"><span class='ocrx_word' id='word_1_756' title='bbox 2051 4677 2352 4732; x_wconf 88' lang='lat' dir='ltr'><strong>secundum</strong></span> <span class='ocrx_word' id='word_1_757' title='bbox 2393 4673 2750 4744; x_wconf 85' lang='lat' dir='ltr'><strong>principalem</strong></span> <span class='ocrx_word' id='word_1_758' title='bbox 2801 4671 3048 4727; x_wconf 87' lang='lat' dir='ltr'><strong>vocabuli</strong></span> <span class='ocrx_word' id='word_1_759' title='bbox 3090 4670 3631 4742; x_wconf 79' lang='lat' dir='ltr'><strong>signiticatum;ali-</strong></span> 
     </span>
    </p>
   </div>
   <div class='ocr_carea' id='block_1_104' title="bbox 2030 4762 3634 4834">
    <p class='ocr_par' dir='ltr' id='par_1_104' title="bbox 2030 4762 3634 4834">
     <span class='ocr_line' id='line_1_104' title="bbox 2030 4762 3634 4834; baseline -0.006 -10"><span class='ocrx_word' id='word_1_760' title='bbox 2030 4769 2172 4824; x_wconf 70' lang='lat' dir='ltr'><strong>~cubi</strong></span> <span class='ocrx_word' id='word_1_761' title='bbox 2261 4782 2392 4821; x_wconf 88' lang='lat' dir='ltr'><strong>vero</strong></span> <span class='ocrx_word' id='word_1_762' title='bbox 2458 4764 2881 4820; x_wconf 73' lang='lat' dir='ltr'><strong>indiﬂerentiam</strong></span> <span class='ocrx_word' id='word_1_763' title='bbox 2937 4765 3227 4834; x_wconf 83' lang='lat' dir='ltr'><strong>quamdam</strong></span> <span class='ocrx_word' id='word_1_764' title='bbox 3284 4762 3340 4817; x_wconf 87' lang='lat' dir='ltr'><strong>in</strong></span> <span class='ocrx_word' id='word_1_765' title='bbox 3399 4763 3634 4818; x_wconf 89' lang='lat' dir='ltr'><strong>dicendo</strong></span> 
     </span>
    </p>
   </div>
   <div class='ocr_carea' id='block_1_105' title="bbox 2050 4854 3634 4927">
    <p class='ocr_par' dir='ltr' id='par_1_105' title="bbox 2050 4854 3634 4927">
     <span class='ocr_line' id='line_1_105' title="bbox 2050 4854 3634 4927; baseline -0.004 -13"><span class='ocrx_word' id='word_1_766' title='bbox 2050 4859 2434 4914; x_wconf 83' lang='lat' dir='ltr'><strong>servavimus:</strong></span> <span class='ocrx_word' id='word_1_767' title='bbox 2471 4858 2826 4927; x_wconf 87' lang='lat' dir='ltr'><strong>promisimus</strong></span> <span class='ocrx_word' id='word_1_768' title='bbox 2861 4865 3039 4910; x_wconf 87' lang='lat' dir='ltr'><strong>tamen</strong></span> <span class='ocrx_word' id='word_1_769' title='bbox 3066 4856 3180 4910; x_wconf 81' lang='lat' dir='ltr'><strong>fore</strong></span> <span class='ocrx_word' id='word_1_770' title='bbox 3215 4864 3273 4908; x_wconf 93' lang='lat' dir='ltr'><strong>ut</strong></span> <span class='ocrx_word' id='word_1_771' title='bbox 3302 4854 3498 4910; x_wconf 91' lang='lat' dir='ltr'><strong>horum</strong></span> <span class='ocrx_word' id='word_1_772' title='bbox 3538 4869 3634 4907; x_wconf 83' lang='lat' dir='ltr'><strong>vo-</strong></span> 
     </span>
    </p>
   </div>
   <div class='ocr_carea' id='block_1_106' title="bbox 2051 4948 3636 5015">
    <p class='ocr_par' dir='ltr' id='par_1_106' title="bbox 2051 4948 3636 5015">
     <span class='ocr_line' id='line_1_106' title="bbox 2051 4948 3636 5015; baseline -0.003 -9"><span class='ocrx_word' id='word_1_773' title='bbox 2051 4950 2369 5006; x_wconf 89' lang='lat' dir='ltr'><strong>cabulorum</strong></span> <span class='ocrx_word' id='word_1_774' title='bbox 2406 4950 2749 5005; x_wconf 88' lang='lat' dir='ltr'><strong>enucleatam</strong></span> <span class='ocrx_word' id='word_1_775' title='bbox 2789 4950 3065 5004; x_wconf 90' lang='lat' dir='ltr'><strong>notionem</strong></span> <span class='ocrx_word' id='word_1_776' title='bbox 3118 4948 3636 5015; x_wconf 85' lang='lat' dir='ltr'><strong>distinctiunemque</strong></span> 
     </span>
    </p>
   </div>
   <div class='ocr_carea' id='block_1_107' title="bbox 2055 5039 3635 5117">
    <p class='ocr_par' dir='ltr' id='par_1_107' title="bbox 2055 5039 3635 5117">
     <span class='ocr_line' id='line_1_107' title="bbox 2055 5039 3635 5117; baseline -0.001 -23"><span class='ocrx_word' id='word_1_777' title='bbox 2055 5042 2454 5117; x_wconf 75' lang='lat' dir='ltr'><strong>exhiberemus,</strong></span> <span class='ocrx_word' id='word_1_778' title='bbox 2491 5042 2621 5095; x_wconf 88' lang='lat' dir='ltr'><strong>etin</strong></span> <span class='ocrx_word' id='word_1_779' title='bbox 2679 5058 2786 5111; x_wconf 80' lang='lat' dir='ltr'><strong>quo</strong></span> <span class='ocrx_word' id='word_1_780' title='bbox 2822 5043 3053 5097; x_wconf 84' lang='lat' dir='ltr'><strong>invicem</strong></span> <span class='ocrx_word' id='word_1_781' title='bbox 3102 5039 3373 5106; x_wconf 81' lang='lat' dir='ltr'><strong>differant,</strong></span> <span class='ocrx_word' id='word_1_782' title='bbox 3419 5050 3476 5095; x_wconf 92' lang='lat' dir='ltr'><strong>ut</strong></span> <span class='ocrx_word' id='word_1_783' title='bbox 3516 5042 3635 5094; x_wconf 74' lang='lat' dir='ltr'><strong>evi-</strong></span> 
     </span>
    </p>
   </div>
   <div class='ocr_carea' id='block_1_108' title="bbox 2058 5130 3632 5202">
    <p class='ocr_par' dir='ltr' id='par_1_108' title="bbox 2058 5130 3632 5202">
     <span class='ocr_line' id='line_1_108' title="bbox 2058 5130 3632 5202; baseline 0.001 -18"><span class='ocrx_word' id='word_1_784' title='bbox 2058 5130 2276 5185; x_wconf 88' lang='lat' dir='ltr'><strong>dentior</strong></span> <span class='ocrx_word' id='word_1_785' title='bbox 2329 5130 2542 5185; x_wconf 91' lang='lat' dir='ltr'><strong>illorum</strong></span> <span class='ocrx_word' id='word_1_786' title='bbox 2611 5131 2995 5202; x_wconf 79' lang='lat' dir='ltr'><strong>interpretatio</strong></span> <span class='ocrx_word' id='word_1_787' title='bbox 3054 5145 3358 5201; x_wconf 87' lang='lat' dir='ltr'><strong>sensusque</strong></span> <span class='ocrx_word' id='word_1_788' title='bbox 3428 5132 3632 5200; x_wconf 56' lang='lat' dir='ltr'><strong>ignaris</strong></span> 
     </span>
    </p>
   </div>
   <div class='ocr_carea' id='block_1_109' title="bbox 2057 5469 3632 5542">
    <p class='ocr_par' dir='ltr' id='par_1_109' title="bbox 2057 5469 3632 5542">
     <span class='ocr_line' id='line_1_109' title="bbox 2057 5469 3632 5542; baseline 0 -20"><span class='ocrx_word' id='word_1_789' title='bbox 2057 5469 2118 5538; x_wconf 78' lang='grc' dir='ltr'><strong>(Γ.</strong></span> <span class='ocrx_word' id='word_1_790' title='bbox 2146 5469 2292 5542; x_wconf 59' lang='grc'><strong>152.)</strong></span> <span class='ocrx_word' id='word_1_791' title='bbox 2325 5469 2417 5541; x_wconf 83' lang='grc' dir='ltr'><strong>Τῷ</strong></span> <span class='ocrx_word' id='word_1_792' title='bbox 2452 5470 2724 5541; x_wconf 76' lang='grc' dir='ltr'>ἀγράπτῳ</span> <span class='ocrx_word' id='word_1_793' title='bbox 2753 5470 2845 5524; x_wconf 80' lang='grc' dir='ltr'><strong>καὶ</strong></span> <span class='ocrx_word' id='word_1_794' title='bbox 2891 5469 3319 5542; x_wconf 78' lang='grc' dir='ltr'>ἀπεριγράπτῳ.</span> <span class='ocrx_word' id='word_1_795' title='bbox 3378 5470 3632 5522; x_wconf 69' lang='lat' dir='ltr'><strong>Altamen</strong></span> 
     </span>
    </p>
   </div>
   <div class='ocr_carea' id='block_1_110' title="bbox 2060 5538 3634 5611">
    <p class='ocr_par' dir='ltr' id='par_1_110' title="bbox 2060 5538 3634 5611">
     <span class='ocr_line' id='line_1_110' title="bbox 2060 5538 3634 5611; baseline -0.001 -18"><span class='ocrx_word' id='word_1_796' title='bbox 2060 5542 2146 5593; x_wconf 91' lang='lat' dir='ltr'><strong>hic</strong></span> <span class='ocrx_word' id='word_1_797' title='bbox 2178 5538 2611 5610; x_wconf 25' lang='lat' dir='ltr'><strong>Nic‘epltOrns&#39;ad</strong></span> <span class='ocrx_word' id='word_1_798' title='bbox 2650 5538 2797 5594; x_wconf 87' lang='lat' dir='ltr'><strong>illmn</strong></span> <span class='ocrx_word' id='word_1_799' title='bbox 2832 5538 3081 5611; x_wconf 82' lang='lat' dir='ltr'><strong>priorem</strong></span> <span class='ocrx_word' id='word_1_800' title='bbox 3104 5538 3301 5611; x_wconf 28' lang='lat' dir='ltr'><strong>ilocnm</strong></span> <span class='ocrx_word' id='word_1_801' title='bbox 3351 5552 3634 5609; x_wconf 82' lang='lat' dir='ltr'><strong>provocat,</strong></span> 
     </span>
    </p>
   </div>
   <div class='ocr_carea' id='block_1_111' title="bbox 2056 5609 3636 5682">
    <p class='ocr_par' dir='ltr' id='par_1_111' title="bbox 2056 5609 3636 5682">
     <span class='ocr_line' id='line_1_111' title="bbox 2056 5609 3636 5682; baseline -0.001 -19"><span class='ocrx_word' id='word_1_802' title='bbox 2056 5626 2165 5679; x_wconf 84' lang='lat' dir='ltr'><strong>quo</strong></span> <span class='ocrx_word' id='word_1_803' title='bbox 2201 5612 2259 5664; x_wconf 86' lang='lat' dir='ltr'><strong>lit</strong></span> <span class='ocrx_word' id='word_1_804' title='bbox 2308 5609 2365 5662; x_wconf 85' lang='lat' dir='ltr'><strong>ut</strong></span> <span class='ocrx_word' id='word_1_805' title='bbox 2400 5612 2556 5664; x_wconf 82' lang='lat' dir='ltr'><strong>lectio</strong></span> <span class='ocrx_word' id='word_1_806' title='bbox 2613 5609 2881 5681; x_wconf 78' lang='grc' dir='ltr'>γραπτὸς,</span> <span class='ocrx_word' id='word_1_807' title='bbox 2939 5612 3024 5665; x_wconf 86' lang='lat' dir='ltr'><strong>vel</strong></span> <span class='ocrx_word' id='word_1_808' title='bbox 3082 5609 3389 5682; x_wconf 76' lang='grc' dir='ltr'>ἄγραπτος,</span> <span class='ocrx_word' id='word_1_809' title='bbox 3444 5611 3636 5682; x_wconf 82' lang='lat' dir='ltr'><strong>eadem</strong></span> 
     </span>
    </p>
   </div>
   <div class='ocr_carea' id='block_1_112' title="bbox 2058 5679 3491 5754">
    <p class='ocr_par' dir='ltr' id='par_1_112' title="bbox 2058 5679 3491 5754">
     <span class='ocr_line' id='line_1_112' title="bbox 2058 5679 3491 5754; baseline 0.001 -20"><span class='ocrx_word' id='word_1_810' title='bbox 2058 5695 2176 5736; x_wconf 86' lang='lat' dir='ltr'><strong>esse</strong></span> <span class='ocrx_word' id='word_1_811' title='bbox 2209 5682 2399 5737; x_wconf 83' lang='lat' dir='ltr'><strong>debeat</strong></span> <span class='ocrx_word' id='word_1_812' title='bbox 2440 5679 2743 5751; x_wconf 73' lang='lat' dir='ltr'><strong>utrobique.</strong></span> <span class='ocrx_word' id='word_1_813' title='bbox 2779 5682 2993 5754; x_wconf 73' lang='lat' dir='ltr'><strong>Eligant</strong></span> <span class='ocrx_word' id='word_1_814' title='bbox 3038 5679 3173 5752; x_wconf 76' lang='lat' dir='ltr'><strong>ergo</strong></span> <span class='ocrx_word' id='word_1_815' title='bbox 3199 5679 3491 5752; x_wconf 78' lang='lat' dir='ltr'><strong>philologi.</strong></span> 
     </span>
    </p>
   </div>
  </div>
