4050 6458
483 387 590 449 355

1510 380 1570 439 S.
1607 375 2024 438 N‘ICEI‘IIORI
2067 373 2568 434 PATRIARCIL’E
2607 373 2714 433 (ΞΡ.

3627 372 3726 434 356

497 497 688 560 ﬁeret;
736 486 1006 560 simulque
1033 489 1261 546 ridicula
1309 498 1362 544 et
1392 488 1634 544 stultitiae
1683 487 1835 556 plena
1875 487 2064 539 horum

2187 501 2265 554 ρον
2296 483 2514 548 ἰδόντες,
2548 484 2637 536 τὸν
2657 483 2814 551 λόγον
2839 481 3199 552 ποιησάμενοι
3227 498 3239 512 ·
3266 480 3652 551 ὲπηγγέλμεθα
3677 482 3731 536 δέ

487 587 666 639 oratio
696 586 1188 638 demonStraretur.
1220 581 1514 648 Proliterea
1560 580 1798 632 breviter
1833 592 1973 629 nunc
2001 574 2067 629 de

480 677 570 730 bis
605 677 879 730 disserere
911 675 1290 744 tempcStivum
1317 671 1696 741 judicavimus.

485 771 560 833 ὡς
616 773 680 824 ἂν
741 771 1073 833 εὖκάτοπτος

2174 575 2273 645 τὴν
2310 575 2517 628 τούτων
2549 577 2902 645 παραστῆσαι
2935 575 3030 626 xui
3072 571 3410 643 διαρθρῶσαι
3458 573 3654 640 γνῶσίν
3679 590 3734 626 τε

2175 668 2268 722 xui
2307 669 2600 738 διάκρισιν,
2651 668 2747 720 xui
2785 668 2892 737 ὅτῳ
2932 667 3068 736 πρὸς
3115 666 3322 736 ἄλληλα
3369 666 3734 735 διαφέρουσιν,
3797 671 3800 676 ’

1170 768 1348 821 αὐτῶν
1419 769 1450 834 ή
1533 764 1799 835 ἑρμηνεία
1835 765 1926 815 xui
1977 763 2308 832 διασάφησις
2365 765 2466 816 οὐκ
2555 763 2720 816 εἰδόσι
2771 763 3022 832 γένηται,
3078 761 3488 828 καταγέλαστος
3544 759 3599 812 δὲ
3651 761 3740 813 καὶ

486 864 854 925 ἀπαιδευσίας
899 862 1133 930 πλήρης,
1159 860 1264 912 τῶν
1289 860 1528 927 ἁιοήτων
1593 858 1620 909 ὁ
1655 857 1808 923 λόγος
1869 853 2141 925 ἐκδειχθῇ.
2182 855 2367 927 Ταύτῃ
2401 871 2482 906 τοι
2538 854 2612 918 ὡς
2668 855 2725 907 ἐν
2781 854 2976 924 βραχεῖ
3023 853 3119 906 νῦν
3168 854 3296 922 περὶ
3343 851 3524 905 αὐτῶν
3567 852 3742 906 διαλα-

497 959 632 1011 ϐεῖν.
668 957 925 1026 εὔκαιρον
957 956 1357 1022 ὑπειλήφαμεν.

486 1109 492 1114 _
564 1051 654 1104 Η.
689 1049 822 1116 Quis
855 1053 995 1100 enim
1028 1046 1164 1116 (89),
1193 1046 1280 1112 qni
1307 1042 1702 1112 aliquantulum
1743 1041 1975 1095 rationis
1995 1039 2068 1093 sit
2137 1100 2154 1115 .

495 1145 793 1213 particeps,
826 1158 927 1194 non
967 1140 1232 1207 intelligat
1266 1138 1412 1191 aliud
1449 1153 1569 1190 esse
1597 1136 1893 1205 picturam,
1923 1133 2066 1187 aliud

493 1229 1098 1298 cirenmscriptionem?
1135 1229 1352 1282 Pictura
1395 1227 1563 1288 enim,
1603 1235 1658 1278 ut
1704 1242 1732 1277 a
1775 1223 2072 1292 simplicio-

495 1327 647 1377 ribus
701 1325 1052 1389 incipiamus,
1091 1320 1382 1388 dupliciter
1424 1319 1663 1382 dicitur;
1702 1317 1872 1370 altera
1925 1314 2069 1368 enim

494 1414 910 1469 ('ltaracleribns
947 1416 1138 1466 borum
1171 1412 1566 1464 elementorum
1600 1409 1742 1464 serie
1793 1419 1846 1461 et
1881 1408 2072 1460 ordine

493 1510 728 1573 signata,
771 1517 826 1560 et
876 1505 1184 1578 syllabatim
1256 1503 1575 1573 procedens,
1627 1517 1656 1553 a
1708 1498 2070 1569 scriptoribus

488 1600 870 1667 cxpromitur;
914 1598 1090 1650 altera
1126 1611 1254 1648 vero
1281 1609 1377 1662 per
1409 1591 1794 1646 similitudines
1837 1589 1902 1641 ad
1948 1589 2091 1642 imi-r

501 1691 768 1744 tationem
826 1688 1161 1756 exemplaris
1211 1684 1479 1739 formatur
1507 1698 1570 1736 ac.
1610 1683 1894 1752 ﬁguratur,
1924 1689 1981 1732 ut
2017 1678 2070 1731 in

2245 1037 2332 1109 ιβ’.
2363 1036 2457 1100 Τίς
2480 1038 2591 1109 γὰρ
2638 1037 2748 1090 τῶν
2778 1037 2920 1089 κατὰ
2951 1035 3123 1108 βραχὺ
3162 1035 3324 1102 λόγου
3369 1036 3744 1104 μετασχόντων

2173 1132 2274 1186 οὐκ
2317 1132 2645 1201 ἐννοήσειεν,
2696 1129 2780 1183 ὅτι
2819 1128 2946 1182 ἄλλο
2995 1131 3095 1198 μέν
3143 1129 3259 1180 ἐστι
3319 1127 3529 1198 γραφὴ,
3569 1128 3744 1198 ἕτερον

2169 1223 2226 1276 δὲ
2266 1223 2583 1293 περιγραφή
2608 1239 2622 1288 ;
2679 1221 2870 1292 Γραφὴ
2917 1221 3014 1291 μὲν
3042 1221 3174 1291 γὰρ.
3203 1221 3290 1275 ἵνα
3318 1223 3383 1274 ἐκ
3413 1223 3524 1273 τῶν
3549 1224 3743 1276 union-

2177 1313 2384 1385 στέρων
2410 1313 2729 1384 ἀρξώμεθα,
2757 1313 2954 1375 διττῶς
2989 1313 3208 1381 λέγεται
3237 1326 3252 1341 ⁶
3292 1313 3325 1383 ή
3369 1313 3472 1382 μὲν
3503 1316 3609 1384 γάρ
3641 1318 3745 1378 τοῖς

2175 1405 2556 1477 χαρακτῆρσιν
2604 1404 2839 1457 τουτωνὶ
2869 1403 2980 1456 τῶν
3008 1404 3294 1473 στοιχείων
3345 1407 3403 1456 ἐν
3447 1405 3626 1474 εἰρμῷ
3651 1411 3740 1458 xui

2175 1496 2328 1564 τάξει
2359 1497 2772 1566 χαρασσομένη,
2812 1496 2905 1547 xui
2956 1495 3301 1558 συλλαόικῶς
3342 1495 3612 1562 προϊοῦσα
3661 1497 3742 1549 διὰ

2176 1589 2284 1641 τῶν
2348 1587 2878 1657 λογογραφουμένων
2929 1585 3227 1656 ἐκφέρεται
3260 1599 3274 1614 ⁶
3323 1587 3357 1655 ἡ
3416 1587 3474 1640 δέ
3513 1586 3597 1639 διὰ
3643 1587 3745 1638 τῶν

2178 1679 2542 1751 όμοιωμάτων
2576 1679 2808 1748 μιμήσει
2851 1681 2917 1749 τῇ
2957 1679 3093 1748 πρὸς
3117 1679 3176 1730 τὸ
3212 1680 3570 1749 παράδειγμα
3614 1678 3744 1731 εἰδο⁴

497 1797 559 1834 ea
593 1781 803 1848 pictura
852 1781 932 1844 tit,
980 1793 1099 1847 quin
1149 1792 1292 1829 nunc
1335 1775 1387 1827 in
1433 1773 1730 1843 t]ll‘.DSli0l|e
1762 1771 1933 1839 posita
1965 1779 2068 1823 est.

2187 1774 2473 1841 ποιουμένη
2534 1770 2628 1822 xui
2679 1769 3022 1840 τυπουμένη,
3071 1768 3146 1833 ὡς
3183 1770 3278 1821 ἐπὶ
3331 1767 3434 1838 τῆς
3492 1769 3626 1838 ἡμῖν
3673 1769 3747 1830 εἰς

495 1873 672 1939 Atque
712 1871 797 1923 illa
826 1869 1044 1938 quidem
1081 1883 1176 1936 per
1203 1882 1382 1928 voces,
1418 1881 1537 1933 qua:
1578 1862 1947 1932 proferuntur,
1983 1875 2075 1927 pa-

496 1962 686 2014 tefacit
737 1977 796 2014 ea
829 1974 951 2029 qua:
997 1971 1283 2012 sermones
1311 1954 1549 2010 contexti
1609 1953 1860 2006 nuntiant
1911 1968 1925 2005 :
1963 1953 2074 2002 lnec

496 2061 628 2098 vero
683 2061 1040 2114 personarmn
1090 2045 1190 2098 sibi
1235 2044 1300 2096 ad
1343 2041 1620 2111 exemplar
1643 2037 2073 2110 ‘propositarum

499 2137 857 2189 imitationem
883 2150 976 2204 per
998 2143 1450 2204 repraesentantes
1472 2133 1684 2186 colores
1701 2131 1942 2184 exhibet.
1960 2128 2079 2182 Ca:-

504 2229 718 2298 teroqni
765 2229 907 2282 haud
939 2243 1076 2295 Opus
1105 2236 1187 2281 est
1238 2241 1379 2280 ltltttc
1431 2224 1803 2286 considerare,
1859 2237 1925 2275 an
1980 2219 2078 2273 ali-

506 2323 726 2388 quando
748 2320 926 2389 imago
943 2318 1302 2387 quarumdam
1322 2317 1622 2370 formarum
1643 2326 1695 2368 et
1715 2328 1895 2368 rerum
1911 2311 2080 2383 ἐμφα-

501 2429 588 2466 σιν
621 2412 834 2465 alterat.
873 2410 1114 2464 Pictores
1165 2417 1344 2463 autem
1391 2407 1631 2475 utrique,
1675 2405 1766 2474 qui
1827 2405 1940 2458 haec
1997 2404 2080 2456 l'a-

504 2505 679 2564 ciunt,
721 2502 1117 2556 consuetudine
1183 2501 1264 2554 sic
1313 2497 1572 2567 loquendi
1626 2504 1890 2549 vocantur
1943 2492 2079 2564 (90),

504 2597 595 2663 qui
632 2595 840 2649 seilieet
897 2607 1207 2646 sermonem
1259 2591 1541 2653 describit,
1578 2598 1640 2642 et
1679 2590 1770 2655 qui
1797 2588 2080 2640 scientiam

505 2687 759 2757 pingendi
796 2695 1125 2739 consecutus
1172 2682 1278 2751 ’17
1325 2689 1431 2735 est.
1466 2681 1620 2746 Quod
1676 2679 1822 2733 enim
1871 2685 2084 2730 veteres

505 2778 719 2851 γράψαι
765 2777 1043 2840 dicebant,
1085 2791 1182 2844 pro
1209 2789 1274 2828 eo
1325 2776 1469 2841 quod
1517 2784 1600 2826 est
1639 2771 1888 2838 scalpere
1945 2767 2080 2838 (91),

510 2888 616 2924 non
666 2870 824 2937 longe
866 2869 1021 2921 abest
1050 2883 1077 2918 a
1105 2864 1503 2934 signiﬁcatione
1535 2863 1724 2916 borum
1759 2861 1820 2927 (i.
1864 2873 1914 2913 e.
1949 2857 2087 2912 scri-

511 2962 668 3016 bendi
707 2971 761 3013 et
811 2957 1114 3030 pingendi).
1151 2956 1601 3024 Circumscriptio
1652 2963 1855 3016 autem,
1910 2951 2084 3014 aiunt,

512 3052 596 3106 bis
654 3049 914 3114 eﬂieitnr;
981 3048 1184 3102 etenim
1239 3045 1759 3120 circumscriptum,
1821 3049 1915 3094 aut
1967 3041 2086 3095 loco

2177 1863 2405 1934 ζήτησιν
2447 1861 2819 1932 προκειμένης
2871 1859 3173 1914 δείκνυται.
3231 1858 3344 1911 Kui
3395 1861 3428 1928 ἡ
3485 1859 3583 1929 μὲν
3642 1859 3744 1913 τῶν

2178 1953 2574 2024 συνειρομένων
2599 1954 2774 2020 λόγων
2792 1953 2855 2005 τὸ
2879 1952 3289 2021 ἀπαγγελτικδν
3318 1952 3408 2006 διὰ
3441 1952 3550 2006 τῶν
3581 1955 3748 2021 ἐκφω-

2176 2045 2456 2114 νουμένων
2500 2043 2864 2116 παρίστησιν·
2915 2046 2949 2113 ὴ
2980 2042 3038 2095 δέ
3072 2043 3180 2095 τῶν
3232 2041 3747 2113 παραδεδειγμένων

2175 2132 2484 2205 προσώπων
2540 2133 2600 2185 τὸ
2652 2132 2972 2203 μιμητικὸν,
3009 2132 3098 2186 διὰ
3157 2126 3268 2184 τῶν
3327 2132 3745 2202 ἐμφαινομένων

2177 2223 2580 2277 ὑποδείκνυσιν.
2620 2212 2836 2287 ΙἌλλως
2885 2223 2968 2290 δὲ,
3005 2224 3166 2294 εἴπερ
3223 2223 3386 2291 εἰδῶν
3425 2239 3587 2277 τινων
3643 2221 3748 2274 ἔσθ’

2178 2317 2264 2370 ὅτε
2291 2316 2384 2370 καὶ
2403 2315 2748 2386 πραγμάτων
2773 2315 3017 2385 ἔμφασιν
3051 2316 3318 2386 εἰσφέρει,
3341 2317 3444 2370 οὐκ
3467 2317 3750 2384 ἀναγκαῖιν

2179 2409 2238 2462 ἐν
2273 2407 2349 2478 τῷ
2380 2409 2609 2478 παρόντι
2639 2406 3077 2461 διασκοπεῖσθαι.
3102 2409 3344 2481 Γραφεῖς
3375 2407 3432 2460 δέ
3453 2408 3550 2461 καὶ
3575 2408 3745 2478 ἀμφό-

2181 2516 2330 2571 τεροι
2363 2501 2411 2551 οἰ
2437 2499 2612 2552 ταῦτα
2650 2499 2926 2569 μετιόντες
2954 2515 3014 2551 τε
3045 2499 3138 2552 xui
3165 2498 3584 2564 ἀποτελοῦντες,
3619 2497 3750 2551 κατὰ

2181 2592 2281 2660 τὴν
2308 2584 2408 2644 ὦδε
2432 2590 2722 2643 καλοῦνται
2751 2589 3063 2662 συνήθειαν,
3085 2591 3114 2643 ὅ
3135 2607 3194 2643 τε
3220 2590 3312 2644 τὸν
3341 2590 3502 2660 λόγον
3522 2589 3750 2662 ὑπογρά-

2186 2699 2319 2751 φων,
2371 2682 2462 2734 καὶ
2509 2682 2538 2733 ὃ
2575 2681 2677 2749 τῆς
2716 2682 3077 2752 ζωγραφικῆς
3131 2682 3450 2753 ἐπιστήμης
3500 2682 3747 2752 εἱδὴμων.

2185 2775 2260 2826 Tb
2295 2774 2403 2844 γὰρ
2431 2773 2525 2825 ἐπὶ
2556 2773 2648 2826 τοῦ
2678 2772 3014 2844 ξύσαιπαρὰ
3045 2778 3158 2838 τοῖς
3175 2775 3432 2838 παλαιοῖς
3470 2774 3751 2844 λεγόμενον

2185 2864 2430 2934 γράψαι,
2480 2865 2541 2916 οὐ
2579 2863 2771 2935 πόρρω
2799 2864 2899 2934 τῆς
2953 2863 3160 2918 τούτων
3197 2867 3410 2928 ἐννοίας
3458 2864 3748 2935 διῴκισται.

2188 2955 2510 3025 Περιγραφὴ
2562 2954 2638 3017 δέ,
2675 2955 2830 3023 φασὶ,
2884 2954 3098 3018 τούτοις
3147 2957 3591 3027 ἀποτελεῖταιοῆ
3653 2956 3750 3025 γὰρ

2187 3047 2337 3116 τόπῳ
2391 3047 2796 3116 περιγράφεται
2855 3047 2917 3100 τὸ
2976 3050 3485 3119 περιγραφόμενον,
3529 3049 3753 3119 ῆχρόνῳ

510 3137 1000 3202 circumscribitur,
1038 3145 1130 3190 aut
1165 3143 1429 3205 tempore,
1459 3145 1553 3186 aut
1582 3130 1952 3194 inchoatione,
1981 3135 2074 3181 aut

2189 3139 2282 3192 xui
2311 3137 2387 3208 τῷ
2417 3135 2640 3208 ἦρχθαι,
2673 3138 2705 3208 ἢ
2738 3139 3076 3210 καταλήψειο
3115 3141 3266 3208 τόπῳ
3302 3141 3425 3211 μὲν,
3453 3142 3527 3203 ὡς
3555 3141 3621 3192 τὰ
3656 3140 3753 3191 σώ-

510 3231 998 3301 comprebensione
1048 3227 1218 3283 :loco
1266 3226 1508 3296 quidem,
1557 3233 1618 3278 ut
1670 3235 1931 3291 corpora;
1971 3219 2088 3274 loco

509 3323 664 3376 enim
707 3321 1078 3383 continentur,
1145 3318 1413 3388 siquidem
1477 3316 1630 3369 locus
1683 3322 1767 3366 est
1823 3311 2089 3365 terminus

511 3413 782 3478 contenti,
836 3422 1110 3480 quatenus
1145 3418 1463 3463 contentum
1513 3405 1800 3459 continet:
1849 3413 2090 3470 tempore

516 3513 700 3557 autem
740 3514 796 3555 et
856 3501 1208 3555 inchoatione
1275 3499 1404 3552 illud
1456 3495 1929 3565 circumscriptum
1986 3502 2088 3557 est,

514 3593 662 3658 quod
695 3609 723 3642 a
761 3601 1006 3660 tempore
1031 3604 1153 3643 esse
1181 3588 1367 3656 coepit,
1415 3589 1558 3641 sicut
1597 3583 1774 3654 angeli
1813 3590 1867 3636 et
1897 3581 2090 3636 anima:

513 3682 892 3736 circumscribi
927 3682 1188 3735 dicuntur
1221 3698 1234 3732 :
1261 3678 1617 3748 corporaliter
1639 3677 1784 3730 enim
1820 3690 1929 3730 non
1957 3689 2090 3730 con-

520 3777 764 3828 tinentur
797 3774 916 3828 loco
967 3773 1170 3841 angeli,
1209 3771 1334 3840 quia
1361 3774 1537 3824 fortuna
1571 3771 1852 3840 ﬁguraque
1877 3777 2087 3833 carent,

514 3877 814 3936 operantur
833 3875 1013 3918 auzem
1067 3866 1118 3917 in
1145 3864 1263 3918 loco
1288 3861 1586 3918 secundum
1617 3871 1868 3916 naturam
1911 3876 2089 3924 suam,

516 3957 642 4027 quia
675 3958 872 4011 adsunt
895 3956 964 4010 ibi
989 3956 1335 4025 spiritaliter,
1361 3964 1548 4024 utpote
1571 3955 1868 4021 spiritales,
1902 3962 2084 4007 etnon

515 4055 644 4101 sunt
673 4046 822 4109 alibi,
871 4047 966 4100 sed
1011 4046 1122 4099 illic.
1173 4053 1232 4098 ut.
1294 4052 1504 4099 mentes
1545 4043 2088 4098 circumscribnntur.

517 4135 703 4190 Potest
720 4137 882 4188 etiam
909 4136 1014 4190 dici
1040 4150 1136 4190 eos
1161 4152 1189 4189 a
1213 4146 1463 4190 creatore
1483 4149 1606 4190 esse
1624 4133 2090 4204 circumscriptos.

516 4227 788 4294 Tempore
821 4228 981 4282 etiam
1013 4227 1429 4297 circumscripta
1463 4237 1589 4281 sunt
1619 4241 1724 4280 non
1767 4226 1943 4281 solum
1971 4241 2092 4297 qua:

517 4331 639 4371 esse
663 4327 971 4387 coeperunt,
997 4319 1092 4373 sed
1125 4333 1244 4387 qua:
1267 4317 1430 4372 ﬁnem
1461 4318 1663 4376 habent
1685 4324 1738 4372 et
1763 4327 2087 4383 extremum,

515 4408 820 4476 cuiusmodi
855 4419 940 4464 est
972 4394 1083 4464 vita
1118 4422 1327 4474 nostra,
1379 4423 1499 4477 quae
1537 4408 1646 4463 imo
1675 4408 2091 4479 circumscripta

520 4515 852 4569 magnopere
887 4510 972 4555 est
1025 4511 1080 4555 et
1125 4501 1413 4555 terminata
1449 4517 1463 4555 :
1523 4500 1892 4570 unusquisque
1937 4500 2081 4554 enim
2123 4495 2128 4511 ³

522 4601 700 4643 morte
732 4588 889 4642 tinem
918 4589 1038 4643 vita:
1075 4590 1303 4658 accipit;
1334 4589 1571 4656 etbujus
1597 4589 1780 4645 mundi
1814 4590 1936 4646 linis
1956 4604 2088 4644 eon-

522 4679 814 4732 sunnnatio
844 4690 946 4742 est,
977 4693 1083 4748 qua
1137 4682 1371 4735 mundus
1409 4681 1665 4736 videlicet
1699 4681 1750 4735 in
1781 4681 1943 4736 aliam
1976 4681 2088 4736 for.

521 4783 665 4821 mam
715 4769 1035 4824 mutabitur.
1084 4768 1565 4840 Circumscriptnm
1613 4781 1795 4826 autem
1843 4786 2092 4841 compre-

525 4857 784 4910 hensione
802 4867 906 4923 cst,
923 4859 1063 4926 quod
1084 4868 1263 4914 mente
1281 4870 1335 4914 et
1351 4861 1568 4915 notione
1580 4863 2056 4930 comprehenditur
2077 4881 2090 4917 :

524 4963 650 5004 nam
714 4951 1246 5021 circumscriptionis
1280 4967 1450 5022 genus
1480 4953 1682 5010 dicitur
1731 4955 1894 5009 etiam
1944 4971 2096 5011 com-

593 5119 706 5189 (89)
759 5119 1054 5192 Sequentia
1116 5123 1220 5177 duo
1270 5121 1506 5191 capitula
1569 5123 1634 5177 12
1683 5132 1738 5176 et
1783 5125 1979 5192 partim
2024 5125 2089 5179 15

521 5190 797 5257 esi-crpsit
837 5193 966 5244 olim
1009 5207 1131 5244 cmn
1172 5190 1350 5260 aliqua
1393 5193 1657 5247 varietate
1685 5207 1750 5247 ex
1784 5190 1904 5246 ius.
1937 5193 2092 5248 Nice-

523 5265 696 5326 phoro
729 5260 1052 5327 Turrianus,
1075 5272 1398 5328 cxstantque
1425 5263 1616 5316 Latine
1642 5263 1780 5330 apud
1811 5262 2090 5317 Canisium

524 5332 610 5382 ed.
649 5339 702 5381 et
739 5332 992 5384 tom.c.it.
1044 5349 1098 5400 p.
1149 5333 1211 5385 16
1255 5343 1310 5384 et
1364 5331 1452 5385 17.
1503 5331 1874 5401 ϐαιιετυίιυὶιι,
1929 5344 1988 5386 ut
2026 5349 2093 5387 ex

524 5401 957 5465 [tt'tlft‘CtiBlllibllS
1016 5416 1350 5468 cognoscere
1404 5417 1510 5454 non
1565 5402 1731 5456 semel
1776 5403 1948 5465 licuit,
2004 5417 2094 5456 res

525 5481 777 5532 perversa
813 5470 864 5522 in
898 5471 980 5523 bis
1004 5468 1255 5524 Turriani
1287 5473 1578 5538 excerptis.
1625 5473 1750 5524 dum
1804 5487 1832 5524 a
1872 5471 2091 5526 Canisio

523 5539 834 5600 ederentur,
887 5541 1109 5592 accidit.
1158 5541 1290 5594 Nam
1330 5557 1453 5594 eum
1504 5541 1808 5596 'l‘nrrianus
1859 5542 2090 5596 scbedas

523 5619 650 5683 snas
677 5607 989 5683 dissolutas,
1024 5610 1254 5678 ideoque
1285 5611 1440 5683 facile
1475 5610 1936 5683 confundendas,_
1962 5611 2086 5665 reli-

523 5676 1392 5754 qrrisset,"(1:tttisiuseas‘ipassim
1433 5682 1797 5754 perturbavit,
1832 5681 2086 5749 nulloque

527 5755 646 5796 cum
676 5745 886 5810 ordine,
915 5749 1110 5802 nedum
1143 5745 1305 5819 nexu,
1341 5745 1496 5806 nobis
1530 5751 1760 5819 obtulit;
1786 5745 1915 5820 quae
1947 5745 2089 5806 nunc

2194 3242 2370 3298 ματα·
2403 3228 2556 3297 τόπῳ
2581 3227 2689 3298 γάρ
2731 3228 3126 3298 περιείργεται,
3156 3227 3210 3280 εἰ
3232 3244 3294 3297 γε
3323 3229 3491 3292 τόπος
3527 3228 3642 3280 ἐστὶ
3668 3226 3755 3278 πέ-

2195 3337 2294 3389 ρας
2349 3318 2445 3372 τοῦ
2495 3321 2910 3390 περιεχομένου,
2963 3319 3098 3373 καθὸ
3129 3321 3382 3389 περιέχει
3432 3321 3489 3371 τὺ
3519 3317 3754 3390 τ.εριεχό-

2195 3427 2358 3480 μενον
2381 3427 2394 3440 ⁸
2439 3400 2616 3480 χρόνῳ
2649 3410 2704 3462 δὲ
2734 3411 2828 3464 καὶ
2854 3411 2931 3481 τῷ
2959 3407 3162 3482 ἦρχθαι
3197 3414 3579 3484 περιγραπῖόν
3613 3416 3749 3464 ἐστιν

2190 3503 2219 3556 ὃ
2251 3504 2326 3574 μὴ
2351 3505 2615 3575 πρότερον
2643 3503 2724 3569 ὃν,
2754 3504 2861 3557 ἀπὸ
2891 3507 3083 3574 χρόνου
3117 3505 3209 3557 xui
3235 3504 3330 3557 τοῦ
3367 3503 3508 3558 εἶναι
3540 3504 3750 3576 ἤρξατο·

2192 3594 2314 3649 καθ’
2344 3594 2380 3649 ἃ.
2408 3597 2501 3648 καὶ
2525 3595 2792 3662 ἀγγέλους
2821 3596 2916 3648 xui
2936 3595 3114 3665 ψυχὰς
3147 3597 3594 3668 περιγράφεσθαι
3613 3595 3756 3661 λέγε-

2191 3701 2281 3736 ται
2307 3701 2320 3713 ·
2358 3683 2686 3753 σωματικῶς
2725 3683 2826 3752 μὲν
2857 3683 2962 3752 γὰρ
2984 3681 3207 3751 ἄγγελοι
3240 3685 3299 3735 ἐν
3330 3684 3486 3753 τόπῳ
3506 3683 3565 3735 οὐ
3611 3696 3756 3748 περι-

2193 3775 2431 3844 έχονται,
2459 3773 2536 3842 τῷ
2563 3773 2637 3843 μὴ
2659 3773 2960 3826 τυποῦσθαι
2990 3773 3084 3825 xui
3112 3765 3583 3844 σχηματίζεσθαι·
3615 3771 3756 3836 ἐνερο

2191 3867 2351 3933 γοῦσι
2374 3865 2430 3917 δέ
2464 3866 2522 3917 ἐν
2549 3867 2698 3934 τόπῳ
2721 3866 2864 3921 κατὰ
2889 3864 2986 3936 τὴν
3015 3866 3226 3918 οἰκείαν
3255 3864 3441 3934 φύσιν,
3471 3862 3547 3934 τῷ
3574 3860 3754 3931 παρεῖ-

2191 3974 2280 4009 ναι
2315 3955 2521 4026 νοητῶς
2555 3955 2731 4026 νοεροί
2761 3972 2827 4025 γε
2873 3956 3048 4024 ὅντες,
3079 3957 3175 4011 xui
3217 3958 3294 4028 μὴ
3323 3954 3472 4011 εἶναι
3514 3952 3751 4026 ἑτέρωθι,

2192 4047 2305 4100 ἀλλ’
2346 4048 2524 4099 ἐκεῖσε
2562 4045 2771 4116 νοητῶς
2815 4047 3280 4117 περιγράφεσθαι.
3314 4048 3474 4100 Εἴποι
3500 4046 3544 4098 δ’
3589 4045 3650 4099 ἄν
3678 4058 3755 4102 τις

2193 4136 2288 4189 xui
2321 4135 2426 4188 ὑπὸ
2473 4134 2566 4188 τοῦ
2599 4134 2901 4198 Κτίσαντος
2928 4136 3130 4199 αὐτοὺς
3177 4137 3604 4208 περιορίζεσθαι.
3644 4132 3753 4184 Ἔτι

2181 4226 2246 4279 ’δὲ
2282 4227 2374 4278 xui
2403 4226 2468 4278 τὰ
2490 4225 2666 4296 χρόνῳ
2687 4227 2788 4279 οὐκ
2808 4227 3061 4298 ὴργμένα
3097 4227 3275 4298 μόνον,
3307 4228 3446 4281 ἀλλὰ
3473 4228 3565 4281 xui
3596 4239 3758 4290 περα-

2191 4315 2430 4384 τούμενα
2475 4316 2578 4382 xui
2636 4314 2924 4386 όριζόμενα
2959 4331 2972 4347 ⁸
3023 4309 3098 4370 ὧν
3137 4319 3289 4370 ἐστιν
3343 4319 3376 4388 ἡ
3440 4315 3561 4370 καθ’
3621 4312 3756 4384 ἡμᾶς

2198 4407 2469 4478 παριοῦσα
2497 4406 2631 4477 ζωὴ,
2667 4408 2867 4478 μᾶλλον
2893 4409 2949 4462 δέ
2981 4409 3426 4481 εὐπερίγραπτος
3464 4411 3556 4464 xui
3593 4421 3754 4459 πεπε-

2209 4499 2463 4569 ρασμένη
2487 4514 2502 4529 ⁸
2537 4498 2756 4569 θανάτῳ
2783 4500 2891 4570 γὰρ
2921 4500 3151 4564 ἕκαστος
3182 4502 3338 4572 ἡμῶν
3379 4503 3442 4555 τὺ
3479 4502 3648 4572 τέρμα
3671 4493 3754 4549 τοῦ

2197 4589 2314 4658 βίου
2342 4588 2578 4658 δέχεται,
2623 4591 2719 4642 xui
2742 4589 2894 4643 τοῦδε
2935 4591 3032 4644 τοῦ
3071 4592 3276 4656 παντὸς
3311 4591 3372 4644 τὸ
3404 4593 3575 4663 πέρας
3606 4586 3695 4641 xui
3724 4586 3756 4654 ὴ

2201 4682 2507 4744 συντέλεια,
2555 4683 2675 4735 καθ’
2708 4683 2778 4753 ἦν
2827 4684 3409 4755 μεταστοιχειούμενον
3445 4679 3758 4754 διαμειφθή-

2202 4791 2372 4826 σεται.
2408 4774 2519 4827 Καὶ
2546 4775 2847 4846 καταλήψει
2877 4775 2934 4829 δέ
2983 4759 3362 4846 περιγραπτόν
3404 4781 3569 4838 ἐστιν,
3598 4773 3624 4825 ὃ
3651 4772 3758 4822 δια-

2201 4864 2321 4934 νοίᾳ
2356 4865 2451 4918 xui
2491 4867 2689 4933 γνώσει
2719 4865 3199 4936 καταλαμϐάνεται
3227 4884 3242 4899 '
3272 4867 3330 4921 ἐν
3363 4870 3470 4941 γὰρ
3515 4876 3758 4936 περιγρα-

2196 4955 2312 5025 -φῆς
2343 4954 2488 5018 εἶδος
2533 4955 2773 5025 λέγεται,
2831 4958 2982 5026 xuii;
3040 4957 3369 5031 κατάληψις,
3425 4957 3544 5014 καθ’
3582 4956 3644 5026 ἦν
3672 4951 3758 5006 xui

2189 5125 2404 5182 demum
2447 5127 2518 5251 int
2550 5129 2761 5201 integra
2808 5131 3052 5188 editione
3108 5145 3292 5190 nostra
3360 5134 3541 5190 sedem
3604 5139 3755 5184 suam

2189 5211 2489 5251 recuneran
2525 5235 2539 5250 .

2189 5211 2539 5260 recuperant.

2232 5265 2373 5345 ,(90)
2405 5265 2519 5322 Hoc
2549 5268 2700 5345 valet
2730 5272 2784 5345 in
2840 5271 3026 5343 lingua
3059 5272 3245 5328 Graeca
3303 5275 3392 5328 ubi
3438 5268 3676 5344 γραφεὺς
3704 5271 3756 5318 et

2190 5341 2366 5407 pictor
2396 5347 2479 5407 est
2513 5348 2567 5390 et
2597 5341 2841 5407 scriptor.

2267 5405 2378 5483 (9|)
2419 5404 2761 5463 Scltoliastes
2811 5427 2914 5483 ms.
2949 5412 3015 5466 ad
3047 5411 3294 5467 Juvenal.
3331 5429 3379 5467 vr
3407 5453 3422 5478 ,
3466 5407 3604 5474 2041,
3645 5417 3754 5483 τροο

2193 5478 2395 5546 scripto
2423 5492 2577 5541 auro,
2628 5489 2688 5532 ut
2728 5482 2886 5534 retuli
2941 5483 2990 5534 in
3044 5483 3325 5536 GIOSsario
3361 5477 3500 5546 meo,
3531 5483 3610 5532 sic
3638 5477 3707 5526 ait
3738 5488 3751 5523 :

2197 5543 2436 5621 Scribere
2461 5557 2517 5599 et
2547 5549 2784 5621 scalpere
2813 5552 2952 5621 apud
2981 5551 3202 5608 Graecos
3236 5567 3328 5621 per
3358 5543 3519 5606 unum
3552 5546 3753 5601 verbum

2198 5615 2562 5690 resolvantur,
2599 5615 2765 5690 idest
2811 5615 3010 5690 γράφω
3038 5638 3050 5652 ·
3087 5615 3432 5690 unde'poeta:
3469 5632 3627 5674 unum
3669 5624 3754 5690 pro

2195 5684 2376 5765 altero
2402 5699 2603 5752 ponere
2635 5682 2884 5743 solent?)
2920 5682 3061 5746 Sunt
3094 5682 3277 5747 autdni
3311 5695 3487 5764 scalpe
3515 5697 3566 5744 ct
3588 5682 3752 5749 διαίΡο

2189 5753 2471 5809 interdum
2501 5771 2668 5827 prope
2703 5775 3030 5831 synonyma.
