4050 6480
360 386 473 450 ⁸357

1092 380 1729 446 ANTIRRHETICUS
1777 384 1839 445 II
1887 385 2058 448 ADV.
2099 342 2701 449 CONSTANTINUM
2739 387 2951 450 com.

3547 392 3653 455 358

362 495 600 565 ἄγγελοι
627 492 878 565 ἀλλήλων
905 492 1089 559 ποσᾶς
1113 494 1215 565 τὴν
1232 495 1398 562 φύσιν
1422 494 1622 547 ἴσασιν·
1656 494 1797 546 ὥστε
1826 489 1956 546 εἶναι

2074 495 2387 562 prehensio,
2421 511 2524 566 qua
2555 496 2731 566 angeli
2768 507 3020 551 naturam
3052 510 3205 551 suam
3260 498 3403 553 inter
3456 515 3513 551 se
3542 504 3651 556 ali-

363 587 474 660 τὴν
495 586 869 659 περιγραφὴν,
896 586 1219 659 περίσχεσιν
1248 587 1342 641 καὶ
1363 587 1490 657 ὅρον
1509 586 1604 640 τοῦ
1631 588 1965 656 ἐμπεριεχο-

362 680 539 749 μένου
571 678 669 732 καὶ
698 677 1096 748 ὁριζομένου,ἦ
1125 681 1553 749 ἁποπεράτωσιν
1568 676 1663 729 τοῦ
1688 676 1963 747 ὴργμένου

2067 596 2327 653 quantum
2377 600 2715 657 cognoscunt
2767 603 2783 642 :
2834 590 2907 643 ita
2964 596 3024 643 ut
3072 589 3510 661 circumscriptio
3577 595 3651 649 sit

2068 678 2513 747 comprehensio,
2562 691 2616 734 et
2646 679 2803 734 limes
2848 683 3225 749 comprehensi
3277 697 3343 736 ae
3402 685 3644 751 litnitnli,

362 772 469 824 καὶ
532 768 962 841 κινουμένου,,ἢ
1015 768 1324 839 κατάληψιν
1373 767 1468 821 τοῦ
1524 769 1823 839 νοουμένου
1872 768 1956 821 xui

2062 767 2150 822 vel
2192 772 2506 827 terminatio
2558 772 2722 843 empti
2775 782 2831 827 et
2885 774 3039 839 moti,
3101 774 3186 827 vel
3235 776 3650 843 comprehensio

368 858 806 930 γινωσκομένου.
888 857 955 912 Ὃ
993 857 1046 911 δὲ
1115 857 1308 929 μηδενὶ
1370 857 1579 912 τούτων
1625 859 1963 930 περιέχεται,

358 950 795 1021 άπερίγραπτόν
831 939 1012 1004 ἐστιν(
1059 950 1122 1002 Ὀ
1156 949 1394 1021 Χριστὸς
1431 950 1612 1003 τοίνυν
1667 953 1783 1012 τοῖς
1811 952 1963 1022 εἰρη-

361 1038 557 1108 μένοις
590 1038 811 1098 τούτοις
838 1038 1200 1110 ἀνθρωπίνως
1224 1040 1673 1112 περιγέγραπται
1697 1040 1921 1111 τρόποις
1946 1057 1962 1073 ο

354 1130 563 1201 ἐπειδὴ
599 1130 713 1201 γὰρ
750 1131 912 1202 σῶμα
941 1132 1249 1203 πεφόρεκεν
1280 1130 1501 1202 άληθῶς
1547 1132 1608 1186 τὸ
1639 1132 1763 1186 καθ’
1793 1134 1961 1203 ἡμᾶς,

356 1221 429 1272 οὑ
467 1221 617 1275 κατὰ
668 1222 1000 1290 φαντασίαν,
1048 1225 1077 1275 6
1103 1222 1397 1293 ἀσώματος
1442 1224 1502 1277 ὲν
1552 1223 1705 1294 τόπῳ
1739 1222 1962 1293 περιγέ-

358 1328 626 1382 γραπται
650 1328 663 1341 ’
698 1312 795 1365 καὶ
829 1311 1005 1384 ἀρχὴν
1045 1314 1311 1383 χρονικὴν
1371 1312 1612 1385 εἰληφὼς
1642 1317 1670 1366 ὁ
1704 1313 1960 1383 ἄναρχος,

361 1405 555 1476 χρόνῳ
587 1405 942 1477 περιεγράφη
972 1421 986 1436 ·
1020 1407 1114 1459 καὶ
1141 1406 1258 1468 τοῖς
1292 1405 1601 1475 ἀνθρώποις
1633 1405 1964 1476 σωματικῶς

360 1496 811 1569 προσομιλήσας,
840 1496 1163 1569 κατελήφθη
1194 1499 1222 1550 6
1249 1498 1657 1569 άκατάληπτος.

441 1691 539 1752 ιγ’.
573 1681 946 1754 Τοσαυταχῶς
989 1679 1084 1737 οὖν
1113 1681 1419 1753 λεγομένης
1450 1681 1551 1750 τῆς
1593 1679 1960 1752 περιγραφῆς,

355 1775 579 1846 πολλὴν
612 1775 764 1828 ἐστιν
806 1777 990 1846 εὑρεῖν
1039 1774 1096 1829 ὲν
1127 1774 1341 1844 τούτοις
1374 1773 1475 1845 τὴν
1509 1774 1775 1843 διαφοράν
1795 1788 1809 1802 ο
1838 1771 1962 1824 οὐδὲ

2070 858 2334 916 intellecti
2356 872 2407 918 et
2432 865 2657 932 cogniti.
2686 865 2838 931 Quod
2868 875 3050 919 autem
3082 865 3235 919 nullo
3255 881 3319 920 ex
3356 867 3441 920 his
3471 869 3648 922 modis

2067 956 2404 1019 Continetur,
2449 957 2983 1026 incircumscriptntn
3036 968 3164 1012 ’est.
3198 957 3452 1012 Christus
3483 959 3649 1027 igitur

2073 1048 2384 1113 hujusmodi
2407 1049 2519 1116 jam
2550 1048 2713 1103 dictis
2747 1051 2924 1105 modis
2954 1049 3270 1104 humanitus
3301 1050 3647 1104 circumscri-

2065 1149 2192 1209 plus
2236 1146 2340 1193 est.
2388 1138 2522 1192 Nam
2566 1140 2693 1208 quia
2742 1156 2940 1209 corpus
2980 1155 3127 1206 vere,
3177 1143 3320 1196 sicut
3368 1156 3490 1206 uos,
3541 1158 3644 1195 non

2069 1230 2193 1284 ﬂete
2215 1230 2472 1298 gestavit,
2499 1229 2586 1283 ille
2611 1231 2702 1299 qui
2744 1241 2863 1284 erat
2893 1232 3248 1301 incorporeus
3278 1231 3398 1287 loco
3420 1233 3647 1285 cireum-

2064 1322 2326 1376 scribitur
2367 1331 2466 1376 :et
2511 1336 2635 1374 cum
2682 1324 2980 1390 temporale
3042 1325 3257 1377 initium
3291 1325 3520 1392 ceperit,
3552 1323 3642 1392 qui

2063 1419 2183 1465 erat
2206 1412 2606 1482 intemporalis,
2635 1421 2879 1482 tempore
2902 1414 3375 1468 circumscribitur
3402 1436 3415 1470 :
3448 1426 3643 1469 etcum

2068 1502 2394 1558 hominibus
2423 1502 2782 1572 corporaliter
2803 1513 3075 1571 versatus,
3108 1505 3545 1574 comprehensus
3567 1516 3647 1559 est

2065 1593 2161 1663 qui
2201 1601 2323 1647 erat
2355 1592 2869 1660 incon’iprehensus.

2135 1683 2227 1736 15.
2253 1681 2388 1736 Cum
2421 1691 2500 1736 tot
2531 1697 2662 1751 ergo
2711 1683 2886 1737 modis
2917 1682 3131 1736 dicatur
3164 1682 3606 1750 circumscriptio
3626 1722 3642 1743 ,

2067 1787 2260 1842 magna
2295 1781 2472 1827 tamen
2499 1772 2555 1827 itt
2588 1773 2673 1826 his
2702 1772 3011 1827 differentia
3045 1774 3314 1843 reperitur
3342 1789 3356 1826 :
3388 1788 3484 1827 nec
3500 1773 3645 1828 enim

354 1868 478 1938 γὰρ
510 1869 540 1920 ό
569 1866 801 1937 γράφων
852 1867 1029 1936 ἤγουν
1087 1866 1373 1929 είκονὲζων
1411 1865 1724 1936 ἄνθρωπον,
1768 1863 1843 1926 ὡς
1875 1863 1956 1929 ὲφ¹

2066 1866 2156 1934 qui
2188 1864 2398 1935 pingit,
2427 1865 2479 1918 id
2511 1872 2594 1918 est
2644 1863 2933 1934 imaginem
2978 1865 3215 1919 hominis
3244 1863 3408 1922 facit.
3442 1865 3509 1918 de
3535 1879 3644 1932 quo

356 1952 427 2011 οὗ
470 1955 570 2011 νῦν
610 1957 904 2027 πρόκειται
953 1954 1163 2022 λέγειν,
1200 1955 1295 2008 τὸν
1326 1955 1491 2009 αὑτὸν
1535 1956 1652 2024 άμα
1688 1952 1955 2006 καὶκατὰ

355 2049 569 2103 ταυτξν
599 2046 953 2120 περιγράψει.
1005 2047 1091 2110 Ὦς
1127 2046 1237 2099 οὐδ’
1269 2048 1433 2110 εἴτις
1483 2045 1788 2116 περιορίζοι
1809 2043 1954 2111 τινά,

356 2140 494 2194 καθ’
535 2139 595 2194 ὃν
620 2139 688 2194 ἂν
714 2139 1018 2212 περισχεθῇ
1060 2138 1225 2192 τόπον
1262 2138 1713 2207 ὲγκαθείργνυσι,
1744 2136 1840 2189 καὶ
1866 2134 1956 2188 τὸν

360 2232 445 2302 μὴ
477 2233 727 2303 παρόντα
763 2248 828 2300 γε
884 2231 1121 2302 μάλιστα
1148 2245 1163 2260 ο
1196 2229 1292 2283 καὶ
1322 2229 1434 2299 γὰρ
1469 2230 1529 2280 ἐν
1566 2228 1664 2298 μὲν
1692 2229 1759 2296 τῇ
1793 2242 1951 2296 περι-

356 2325 557 2394 γραφῇ
587 2322 648 2390 ἐξ
680 2323 927 2393 ἀνάγκης
963 2322 1231 2394 πάρεστιν
1259 2335 1272 2349 ⁸
1328 2322 1387 2373 ὲν
1425 2319 1483 2371 δὲ
1528 2317 1606 2388 τῷ
1643 2316 1954 2387 γράφεσθαι

354 2417 427 2468 οὐ
460 2415 679 2477 πάντως
738 2414 1006 2484 πάρεστιν
1034 2429 1049 2444 ο
1097 2411 1214 2466 ἀλλ’
1245 2410 1367 2464 οὐδὲ
1414 2409 1758 2479 περιγράψει
1815 2423 1954 2477 προ-

356 2506 718 2577 ηγουμένως,
751 2506 857 2560 κάν
885 2523 968 2568 τις
988 2504 1169 2573 οἴηται
1188 2502 1351 2556 τοῦτο
1368 2503 1523 2572 δρᾷν.
1548 2500 1727 2564 Ὀλως
1753 2498 1864 2570 γὰρ
1889 2498 1957 2553 τά

360 2596 700 2667 σωματικῶς
738 2595 1217 2668 περιγραφόμενα,
1240 2593 1407 2656 τόπος
1433 2592 1581 2644 ἐστὶν
1610 2593 1638 2644 ὁ
1668 2589 1959 2661 προσεχῶς

360 2688 734 2760 περιγράφων
758 2703 773 2718 ο
813 2688 911 2741 καὶ
944 2686 996 2741 τί
1028 2686 1160 2739 τοοτέ
1189 2687 1307 2738 ἐστι
1332 2684 1521 2747 τόπος,
1557 2682 1797 2753 εἴρηται.
1830 2680 1956 2733 Οὐδ’

364 2778 439 2836 αὖ
476 2781 645 2836 πάλιν
708 2781 763 2835 εἷ
806 2798 893 2845 τις
939 2778 1272 2850 σωματικῶς
1332 2775 1689 2849 περιγράφοι,
1744 2774 1830 2827 ἵνα
1861 2772 1986 2847 καὶ,

360 2873 546 2944 τούτῳ
598 2871 1046 2944 συγχρησώμεθα
1097 2869 1174 2941 τῷ
1221 2868 1386 2940 λόγῳ.
1446 2867 1596 2932 τινά,
1645 2867 1739 2920 τὸν
1795 2862 1959 2916 αὐτὸν

363 2966 592 3027 πάντως
646 2964 742 3017 καὶ
791 2954 1022 3034 γράφεις
1063 2962 1184 3031 ἢτοι
1229 2957 1523 3022 εἰκονίζει·
1576 2956 1755 3017 οὐδεὶς
1790 2954 1903 3023 γάρ
1929 2952 1958 3005 ό

367 3052 805 3122 συναναγκάζων
858 3054 1040 3121 λόγος,
1100 3052 1227 3104 ἐπεὶ
1289 3049 1414 3103 οὐδὲ
1476 3046 1728 3117 ἀλλήλοις
1782 3044 1958 3098 ταῦτα

363 3150 585 3213 ἕπεται,
617 3146 690 3209 ὡς
725 3146 1011 3218 εἰρήσεται
1060 3138 1154 3198 καὶ
1200 3139 1380 3207 αὖθις.
1425 3140 1517 3195 Ἐν
1543 3138 1679 3210 τῷδε
1714 3136 1811 3208 μὲν
1846 3134 1956 3204 γὰρ

363 3237 450 3309 τῷ
482 3238 654 3308 τόπῳ,
687 3232 799 3290 οἷον
825 3238 882 3290 ἐν
923 3236 1089 3306 τοίχῳ
1135 3234 1248 3288 τινὶ
1277 3235 1311 3304 ἢ
1344 3233 1557 3298 πίνακι,
1596 3228 1778 3300 φαμὲν
1815 3227 1955 3296 γρά-

367 3328 575 3400 φεσθαι
606 3327 895 3399 ἄνθρωπον
927 3343 940 3358 ·
976 3328 1048 3380 μὲν
1077 3325 1228 3397 αὐτῷ
1264 3325 1321 3379 δὲ
1354 3322 1433 3395 τῷ
1460 3323 1611 3392 τόπῳ
1648 3319 1824 3382 οὐδεὶς
1848 3317 1956 3371 τῶν

365 3418 654 3488 νηφόντων
682 3416 776 3470 καὶ
796 3415 1195 3485 λελογισμένων
1226 3414 1372 3468 εἴποι
1391 3412 1457 3467 ἂν
1488 3410 1653 3465 αὑτὸν
1684 3408 1956 3480 περιγρά-

365 3507 568 3578 φεσθαι
607 3506 727 3578 ἦτοι
778 3502 1212 3575 περιορίζεσθαι.
1276 3502 1600 3572 Ἀνθρωπος
1638 3497 1750 3569 γάρ
1803 3499 1863 3549 ὲν
1887 3496 1954 3565 τῇ

370 3596 483 3669 ἱδξᾳ
516 3595 686 3649 εἰκόνι
715 3594 994 3665 γράφεται
1052 3592 1173 3663 μὲν,
1214 3592 1275 3645 οὐ
1338 3591 1744 3662 περιγράφεται
1792 3586 1851 3640 δὲ
1897 3587 1956 3639 ὲν

365 3689 533 3759 αὐτῇ.
567 3689 618 3740 εί
648 3688 723 3758 μὴ
753 3689 810 3740 ὲν
825 3684 904 3755 τῷ
932 3684 1120 3754 οἰκείῳ
1142 3687 1244 3754 τῆς
1277 3683 1625 3754 περιγραφῆς
1647 3681 1820 3750 τόπῳ.
1845 3677 1956 3731 Καὶ

364 3777 401 3831 δ
426 3777 632 3848 τρόπος
659 3777 716 3830 δὲ
746 3776 956 3830 τούτων
978 3774 1131 3846 παρὰ
1156 3775 1296 3829 πολὺ
1348 3774 1599 3845 διήνεγκε
1618 3788 1633 3803 '
1678 3771 1954 3843 γράφεται

272 3872 279 3877 ’
375 3869 479 3939 μὲν
520 3868 632 3938 γάρ
660 3866 953 3937 ἄνθρωπος
975 3867 1064 3921 διά
1096 3864 1409 3936 χρωμάτων
1447 3866 1542 3917 καὶ
1580 3862 1853 3934 ψηφίδων,
1887 3860 1955 3914 ἂν

368 3956 518 4013 οὕτω
546 3957 917 4029 συνενεχθείη,
949 3957 1046 4011 καὶ
1079 3955 1252 4010 ταῦτα
1300 3955 1561 4018 ποικίλως
1608 3954 1704 4007 καὶ
1730 3952 1953 4005 πολυει-

366 4048 481 4113 δῶς
557 4048 1117 4123 σχηματιζόμενοςη
1164 4047 1262 4100 καὶ
1336 4043 1752 4115 διηλλαγμένοις
1842 4043 1956 4104 τοῖς

366 4140 591 4194 ἄνθεσιν
613 4155 626 4168 ·
650 4138 904 4209 οὐδαμῶς
945 4137 1001 4190 δὲ
1026 4136 1205 4190 ἔνεστι
1255 4134 1345 4188 διὰ
1372 4133 1577 4187 τούτων
1605 4132 1771 4187 αὑτὸν
1801 4148 1957 4203 περι-

365 4232 708 4302 γράφεσθαι,
759 4231 881 4284 ἐπεὶ
955 4229 1157 4301 ἑτέρως
1203 4227 1349 4298 ἔχειν
1395 4229 1456 4281 τὸ
1515 4225 1954 4299 περιγράφεσθαι

364 4323 608 4393 εἴρηται.

444 4413 569 4466 Ἔτι
604 4413 638 4484 ἡ
672 4412 861 4484 γραφὴ
882 4412 943 4466 τὸ
966 4412 1274 4483 σωματικὸν
1302 4406 1444 4475 εἶδος
1466 4410 1562 4465 τοῦ
1603 4411 1953 4482 γραφομένου

2051 1970 2201 2010 nunc
2224 1956 2561 2024 propositum
2584 1963 2670 2009 est
2692 1956 2892 2018 dicere,
2917 1955 3165 2009 eumdem
3190 1955 3351 2009 sinutl
3377 1956 3646 2023 pingendo

2061 2035 2505 2102 eircumscribet.
2536 2046 2723 2115 Neque
2757 2047 2801 2101 si
2835 2047 2962 2116 quis
2992 2046 3228 2115 aliquem
3287 2048 3644 2102 circuit-tinti-

2061 2139 2282 2204 laverit,
2334 2139 2536 2193 idcirco
2563 2153 2686 2192 eum
2716 2138 2770 2192 in
2799 2137 2916 2192 Ιοιτο
2949 2153 3056 2207 quo
3074 2139 3390 2192 continetur
3418 2140 3644 2193 conclu-

2056 2231 2169 2295 det,
2199 2232 2496 2299 praesertim
2521 2244 2650 2285 vero
2683 2245 2789 2284 non
2811 2239 3172 2298 prasentem:
3211 2230 3263 2281 in
3287 2229 3640 2283 circumscri-

2058 2324 2243 2394 ptione
2270 2323 2413 2377 enim
2460 2322 2770 2376 necessario
2821 2322 2978 2375 adest
3016 2320 3142 2387 ille;
3182 2336 3305 2375 eum
3334 2322 3645 2389 depingitur

2066 2425 2276 2478 autem,
2315 2415 2458 2468 haud
2488 2414 2712 2468 omnino
2757 2412 3074 2468 necessario
3098 2413 3251 2466 adest
3281 2430 3295 2467 :
3331 2413 3440 2465 imo
3476 2414 3642 2466 abso-

2060 2506 2171 2560 lute
2188 2519 2366 2575 neque
2382 2505 2827 2571 circumscribet,
2850 2506 3102 2574 quamvis
3122 2506 3324 2575 aliquis
3361 2507 3449 2560 exi
3471 2507 3646 2561 ttimet

2059 2599 2239 2654 sehoe
2262 2599 2443 2653 facere
2477 2614 2491 2651 :
2523 2613 2748 2667 prorsus
2772 2598 2919 2651 enim
2948 2597 3003 2650 in
3042 2597 3109 2652 iis
3138 2613 3258 2667 qua:
3285 2599 3646 2668 corporaliter

2060 2691 2611 2754 circumscribuntur,
2642 2689 2795 2744 locus
2822 2697 2901 2744 est
2926 2689 3019 2759 qui
3041 2704 3103 2742 ea
3127 2691 3375 2759 proxime
3409 2691 3646 2744 circnm-

2061 2782 2294 2838 scribit:
2323 2780 2449 2850 quid
2480 2789 2661 2834 autem
2688 2780 2760 2833 sit
2783 2779 2954 2843 locus,
2974 2777 3085 2846 jam
3103 2782 3309 2833 dictum
3333 2789 3419 2833 est
3461 2778 3646 2847 Neque

2062 2888 2273 2938 rursus,
2304 2872 2348 2925 si
2375 2872 2498 2940 quis
2521 2871 2759 2940 aliquem
2794 2870 3163 2939 corporaliter
3197 2871 3641 2934 circumscribat,

2058 2964 2310 3017 etttndetn
2335 2961 2596 3032 depingit,
2630 2961 2682 3014 id
2709 2969 2793 3015 est
2815 2959 2933 3027 ejus
2957 2960 3251 3028 imaginem
3286 2959 3460 3027 facit;
3498 2960 3644 3014 nulla

2059 3051 2204 3104 enim
2241 3051 2381 3103 ratio
2407 3050 2553 3118 cogit
2587 3050 2689 3103 hoc
2735 3050 2920 3103 dicere
2943 3089 2958 3115 ,
3004 3050 3131 3118 quia
3162 3064 3269 3103 nec
3300 3051 3503 3104 habent
3530 3051 3645 3105 haec

2052 3140 2308 3210 (pingere
2325 3140 2534 3195 scilicet
2556 3148 2613 3194 et
2637 3140 3112 3210 circumscribere)
3140 3139 3283 3193 inter
3295 3154 3354 3195 se
3380 3156 3646 3195 consecu-

2062 3234 2288 3294 tionem,
2311 3240 2371 3285 ut
2387 3241 2571 3300 postea
2589 3230 2820 3284 dicetur.
2848 3228 3090 3300 Namque
3108 3230 3160 3284 in
3182 3231 3285 3284 hoc
3304 3229 3446 3297 loco,
3472 3230 3525 3284 in
3545 3231 3645 3284 ali-

2059 3338 2167 3393 quo
2190 3322 2397 3378 scilicet
2418 3322 2626 3391 pariete
2648 3331 2738 3377 aut
2757 3322 2959 3387 tabula,
2981 3320 3216 3376 dicimus
3241 3323 3461 3391 quidem
3491 3323 3639 3393 pingi

2062 3415 2360 3479 hominem,
2385 3418 2478 3468 sed
2512 3415 2564 3468 in
2596 3413 2689 3468 illo
2711 3414 2828 3483 ipso
2851 3414 2969 3469 loco
2991 3428 3148 3469 nemo
3176 3414 3413 3482 prudens
3433 3424 3490 3469 et
3519 3431 3641 3470 cor-

2016 3540 2023 3546 ς
2059 3507 2222 3560 datus
2251 3506 2399 3560 dicet
2418 3492 2819 3569 circumscribi,
2850 3504 2903 3558 id
2924 3514 3008 3559 est
3034 3503 3270 3559 deliniri.
3295 3504 3467 3561 lloino
3492 3508 3639 3561 enim

2060 3594 2113 3648 in
2153 3593 2388 3661 imagine
2414 3608 2511 3648 sua
2543 3593 2789 3664 pingitur
2817 3594 3065 3662 quidem,
3097 3608 3204 3648 non
3234 3606 3414 3650 tamen
3447 3597 3499 3650 in
3524 3596 3642 3666 ipsa

2058 3684 2554 3751 circumscribitur,
2584 3687 2678 3741 sed
2711 3686 2764 3740 in
2792 3685 2921 3741 loco.
2954 3700 3070 3754 suae
3110 3688 3346 3756 propriae
3395 3690 3637 3743 circnm-

2058 3775 2398 3845 scriptionis.
2433 3775 2503 3831 Et
2534 3778 2727 3831 modus
2762 3776 2953 3831 horum
2989 3777 3370 3847 multipliciter
3398 3779 3583 3835 diﬂ'crt
3620 3798 3636 3836 :

2058 3868 2300 3938 pingitur
2335 3868 2483 3943 enim
2507 3869 2668 3923 homo
2694 3869 2971 3924 coloribus
2996 3878 3053 3924 et
3080 3869 3279 3938 lapillis
3306 3870 3368 3943 (i.
3393 3888 3445 3925 e.
3471 3886 3637 3940 opere

2061 3959 2308 4029 musivo)
2340 3960 2384 4014 si
2416 3960 2492 4014 ita
2526 3957 2642 4013 ﬁeri
2678 3961 2959 4029 contingat
2980 3999 2996 4024 ,
3032 3970 3087 4016 et
3121 3961 3340 4031 quidem
3393 3963 3542 4015 varie
3570 3976 3638 4018 ac

2060 4048 2401 4105 multimodis
2445 4048 2754 4119 ﬁguratus,
2793 4051 3133 4120 diversisque
3180 4050 3492 4119 coloribus;
3540 4068 3638 4108 nec

2058 4154 2330 4211 quaquam
2359 4135 2543 4197 tamen
2581 4142 2882 4212 potestJiis
2915 4142 3046 4211 ipsis
3073 4144 3475 4207 circutttscribi.
3509 4146 3638 4215 quia

2058 4233 2623 4305 circumscriptionem
2655 4233 2816 4291 aliter
2843 4248 2904 4291 se
2939 4233 3138 4290 habere
3160 4235 3421 4292 d:ximus.

2131 4412 2242 4484 78
2269 4410 2539 4481 Praeterea
2560 4412 2773 4483 pictura
2825 4414 3064 4482 speciem
3118 4429 3437 4483 corpoream
3495 4415 3626 4483 picti

366 4505 698 4577 παρίστησι,
762 4504 951 4575 σχῆμά
997 4521 1057 4557 τε
1095 4505 1188 4559 καὶ
1218 4503 1436 4574 μορφὴν
1472 4502 1638 4556 αὐτοῦ
1690 4504 1950 4555 ἐντυπουσ

2063 4513 2453 4572 repraesentat,
2502 4513 2558 4557 et
2590 4499 2816 4573 liguram
2850 4518 2917 4558 ac
2961 4503 3191 4558 formam
3224 4505 3339 4573 ejtts
3372 4506 3633 4573 exprimit

369 4600 516 4669 μένη
551 4596 646 4650 καὶ
679 4594 779 4667 τὴν
827 4594 1148 4665 ἐμφέρειαν.
1195 4596 1263 4648 Ἠ
1300 4594 1358 4648 δὲ
1409 4593 1745 4665 περιγραφὴ,
1777 4595 1834 4647 ὲν
1858 4595 1953 4647 οὒ-

367 4689 488 4742 δενὶ
534 4686 742 4741 τούτων
786 4685 1218 4740 ἐπικοινωνοῧσα
1270 4688 1387 4750 τοῖς
1439 4685 1752 4756 εἰρημένοις
1805 4685 1954 4756 τρισὶ

364 4778 619 4849 τρόποις,
668 4776 739 4830 τά
784 4776 1299 4848 ἐμπεριειλημμένα
1330 4776 1536 4848 ὁρίζειο
1571 4776 1723 4847 καὶὴ
1758 4775 1856 4846 μὲν
1896 4777 1955 4829 ὲν

366 4869 452 4941 τῷ
474 4868 644 4940 ὁμοίῳ
663 4867 764 4940 τὴν
784 4869 972 4940 σχέσιν
1003 4867 1204 4938 ἔχουσα
1229 4868 1367 4939 πρὸς
1389 4866 1468 4938 τῷ
1490 4865 1791 4938 ἀρχετύπῳ
1813 4867 1954 4933 ἐστὶ,

365 4963 469 5017 καὶ
488 4959 809 5031 ἀρχετύπου
831 4962 1020 5032 γραφὴ
1038 4958 1155 5013 ἔστι
1165 4976 1227 5013 τε
1250 4959 1345 5014 καὶ
1361 4958 1600 5029 λέγεται,
1620 4957 1955 5030 κεχώρισται

336 5070 432 5109 ,τε
460 5053 656 5120 αὑτοῦ,
684 5053 782 5106 καὶ
819 5053 927 5124 ἰδία
960 5051 1258 5123 ὑφέστηκε,
1293 5051 1388 5105 καί
1420 5067 1551 5105 ποτε
1581 5049 1729 5103 ἔστιν
1749 5066 1761 5080 ·
1797 5052 1830 5119 ἠ
1870 5050 1952 5115 δὲ,

360 5144 497 5200 οὔτε
532 5146 741 5216 ὅμοιον,
772 5143 895 5199 οὔτε
918 5145 1173 5214 ἀνόμοιον
1219 5144 1453 5212 γίνεται,
1491 5141 1619 5196 οὔτε
1650 5141 1940 5196 εἰδοποιεί-

362 5248 482 5305 tat,
508 5237 632 5291 οὐδὲ
656 5239 968 5309 ἀρχετύπου
1028 5236 1348 5308 περιγραφὴ
1391 5235 1632 5303 λέγεται,
1660 5234 1781 5288 οὐδὲ
1817 5234 1955 5306 πρὸς

362 5328 431 5381 τὺ
467 5330 778 5400 ἀρχέτυπον
808 5331 1035 5401 φέρεται
1065 5346 1080 5361 ο
1125 5329 1446 5399 άχωρίστως
1476 5327 1534 5381 δὲ
1578 5328 1673 5380 καὶ
1701 5326 1952 5392 αὐτόθεν,

361 5420 451 5486 οἷς
471 5423 907 5495 συμπεριείληφε
933 5422 1349 5492 συνυφίσταται,
1372 5422 1470 5475 καὶ
1486 5420 1573 5474 ἀεὶ
1585 5420 1770 5485 αὐτοῖς
1794 5420 1958 5491 πρόσ·

365 5531 546 5570 εστιν.
585 5517 699 5569 Ἀεὶ
728 5516 838 5588 γὰρ
863 5518 922 5569 ὲν
952 5517 1106 5586 τόπῳ
1135 5518 1162 5569 ὁ
1189 5515 1498 5587 ἄνθρωπος,
1528 5515 1624 5568 καὶ
1652 5515 1712 5566 ὲν
1751 5514 1952 5584 χρόνῳ,

366 5609 469 5661 καὶ
493 5609 553 5661 ὲν
588 5607 897 5679 καταλήψει
920 5607 1061 5673 ἐστὶ,
1101 5607 1196 5661 καὶ
1229 5606 1584 5677 περιγραπτῇ
1614 5620 1679 5672 γε
1715 5603 1850 5675 οὔσῃ
1884 5607 1952 5677 τῇ

370 5699 562 5769 φύσει,
591 5698 651 5764 ἐξ
673 5701 920 5770 ἀνάγκης
947 5699 1164 5764 ἕπεται,
1185 5696 1365 5750 οὐδενὶ
1399 5696 1543 5767 κενῷ
1563 5696 1913 5768 διειργομένη
1938 5711 1954 5728 ο

365 5790 444 5854 ὡς
465 5790 567 5844 ἴδοι
587 5807 670 5855 τις
692 5792 787 5845 ἐπὶ
803 5790 903 5861 τῆς
924 5788 1159 5857 τοπικῆς
1181 5782 1556 5859 περιγραφῆς,
1578 5786 1638 5840 τὸ
1658 5787 1952 5841 συνάπτειν

2057 4608 2122 4648 ac
2143 4593 2578 4650 similitudinem.
2609 4592 3060 4663 Circumscriptio
3103 4609 3231 4648 vero
3263 4595 3396 4649 nihil
3435 4595 3634 4649 horum

2055 4700 2345 4742 commune
2374 4685 2583 4742 habens
2610 4726 2626 4752 ,
2671 4685 2844 4741 tribus
2887 4687 3061 4741 modis
3076 4702 3149 4741 ea
3191 4702 3310 4756 qua:
3346 4689 3635 4754 continet,

2060 4778 2352 4845 terminat;
2380 4786 2436 4832 et
2464 4777 2642 4847 imago
2666 4778 2884 4848 quidem
2918 4778 2983 4832 ad
3018 4778 3196 4835 simile
3223 4779 3393 4835 relata
3414 4821 3430 4847 ,
3464 4782 3630 4851 juxta

2055 4869 2410 4939 archetypum
2441 4875 2549 4935 est,
2591 4867 2983 4940 archetypique
3014 4869 3195 4940 imago
3229 4880 3388 4925 estet
3408 4872 3635 4937 dicitur,

2054 4968 2107 5016 et
2137 4958 2208 5013 ab
2241 4973 2308 5012 eo
2337 4968 2598 5027 separata
2625 4969 2730 5023 est,
2772 4974 2837 5014 ac
2870 4974 3120 5015 seorsum
3145 4960 3442 5030 aliquando
3470 4972 3551 5017 est
3582 4974 3636 5018 et

2055 5052 2271 5106 exsistit
2304 5068 2320 5106 :
2353 5051 2805 5121 circumscriptio
2845 5066 2978 5107 vero
3016 5068 3192 5121 neque
3221 5053 3423 5108 similis
3460 5068 3638 5121 neque

2055 5144 2340 5201 dissimilis
2375 5144 2453 5208 tit,
2480 5159 2655 5214 neque
2679 5144 2738 5199 ﬁt
2769 5147 2983 5215 species
3013 5161 3187 5215 neque
3213 5144 3421 5208 forma;
3462 5159 3637 5213 neque

2054 5235 2256 5289 dicitur
2295 5235 2735 5303 circumscriptio
2771 5234 3051 5304 archetypi
3083 5271 3099 5298 ,
3139 5248 3240 5287 nec
3278 5235 3344 5287 ad
3373 5233 3632 5302 archety-

2056 5341 2182 5394 puut
2232 5324 2493 5387 refertur.
2530 5335 2581 5379 et
2620 5326 3068 5394 inseparabiliter
3102 5340 3168 5380 ac
3198 5336 3391 5393 suapte
3435 5333 3631 5379 natura

2055 5434 2179 5474 cum
2214 5419 2281 5473 iis
2319 5417 2482 5472 simul
2525 5418 2777 5482 exsistit,
2825 5433 2948 5486 qua:
2977 5418 3261 5480 continet,
3307 5430 3633 5486 semperque

2057 5512 2163 5566 illis
2185 5511 2359 5565 adest.
2398 5510 2627 5580 Semper
2656 5509 2802 5563 enim
2849 5509 2901 5562 in
2949 5510 3070 5563 loco
3108 5518 3192 5562 est
3230 5507 3394 5561 homo
3420 5545 3437 5571 ,
3467 5516 3520 5561 et
3578 5507 3630 5560 in

2058 5614 2333 5674 tempore,
2366 5613 2420 5657 et
2456 5604 2510 5657 in
2564 5602 3058 5671 comprehensione
3086 5644 3102 5669 ,
3145 5612 3201 5657 et
3232 5609 3486 5655 naturam
3521 5602 3634 5656 cir-

2055 5696 2450 5764 cumscriptam
2489 5696 2806 5749 necessario
2846 5694 3120 5763 sequitur,
3172 5694 3321 5748 nullo
3353 5706 3524 5747 vacuo
3551 5692 3639 5747 di-r

2006 5816 2011 5826 -
2058 5795 2323 5856 I‘cntptatn
2348 5825 2364 5852 ,
2392 5785 2533 5841 sicut
2574 5783 2754 5853 quitis
2787 5794 2968 5855 potest
3000 5797 3230 5840 cernere
3289 5784 3341 5839 in
3390 5784 3632 5840 circum-
