4050 6480
453 363 557 428 359
637 343 640 346 ’

1482 361 1542 417 S.
1590 354 2008 416 NlCEPl-IORI
2046 351 2559 414 'PATRIARCH.E
2598 353 2708 413 CI’.

3642 350 3749 415 360

456 474 775 542 scriptione,
798 487 960 540 quam
982 469 1114 522 facit
1141 469 1314 532 locus,
1341 483 1458 536 qum
1482 467 2041 532 tcrminosutriusque

2147 464 2351 532 ἀμφοῖν
2409 462 2546 533 πρὸς
2607 466 2673 533 τῇ
2715 463 3009 533 ἐπιφανείᾳ
3041 462 3289 534 ἀλλήλων
3347 464 3426 516 τὰ
3487 463 3744 534 πέραταο

454 569 704 634 corporis
743 556 995 634 (scilicet
1029 562 1367 615 continentis
1408 569 1463 612 et
1509 560 1752 612 ('0ntcnti
1779 558 1796 628 )
1827 558 1892 610 ad
1942 574 2032 610 su-

455 658 728 725 perﬁciem
751 655 1032 709 amborum
1064 653 1309 723 adjungit
1338 668 1351 703 :
1385 651 1472 704 tibi
1505 650 1648 702 enim
1682 663 1762 702 cSt
1785 649 1954 702 moles
1983 658 2038 702 et

458 746 787 816 magnitudo,
805 760 1028 799 necesse
1051 756 1134 798 est
1156 745 1424 812 cogitetur
1446 741 1605 794 simul
1631 741 1800 793 locus.
1819 739 2035 792 Pictura

457 849 633 892 autem
673 839 831 908 longe
880 836 1124 891 dissidet.
1174 832 1306 887 Nam
1355 833 1563 901 pictura
1617 831 1837 898 quidem
1872 845 2039 897 quan-

456 946 619 998 quam
655 930 889 984 diversis
931 929 983 982 in
1023 928 1188 992 locis,
1235 924 1595 978 nihilominus
1626 922 1845 976 definite
1881 921 2035 975 ciliu-

459 1023 625 1090 gitur.
660 1021 1110 1089 Circumscriptio
1147 1033 1275 1072 vero
1305 1057 1320 1081 ,
1358 1015 1682 1085 simpliciter
1728 1024 1784 1069 et
1827 1013 2039 1067 inﬁnite

461 1113 748 1176 definiens,
766 1127 888 1165 cum
910 1110 974 1163 iis
994 1109 1270 1171 omnibus,
1293 1121 1634 1175 quaecunque
1659 1105 2036 1158 circumscribi

461 1212 654 1254 natura
681 1217 774 1254 sua
813 1210 1056 1269 possunt,
1090 1198 1494 1252 circumfertur.
1524 1197 1638 1250 Non
1669 1197 1810 1250 enim
1846 1196 1895 1248 in
1934 1195 2038 1248 hoc

458 1295 673 1359 quidem
705 1292 1152 1364 circumscribit,
1191 1291 1243 1341 in
1277 1291 1368 1341 illo
1411 1299 1592 1340 autem
1631 1302 1816 1340 secus.
1858 1287 2040 1353 Atque

460 1389 633 1454 imago
665 1385 881 1454 quidem
908 1385 959 1436 in
988 1398 1150 1437 sensu
1183 1392 1235 1435 et
1263 1383 1580 1435 ostensione
1605 1389 1717 1432 tota
1753 1379 2034 1446 consistit,

460 1477 899 1544 circumscriptio
947 1491 1076 1529 vero
1131 1491 1324 1544 magna
1355 1488 1420 1526 ex
1456 1483 1609 1540 parte
1661 1472 1714 1524 in
1754 1473 1975 1525 notione
2022 1490 2034 1525 :

461 1570 694 1621 fortasse
723 1569 866 1621 enim
914 1567 1086 1620 solum
1122 1567 1297 1619 locum
1331 1563 1876 1618 circumscribentem
1917 1576 2041 1615 sen-

462 1661 645 1713 timus.
691 1659 755 1712 Et
802 1671 859 1710 ut
913 1660 1224 1712 summatim
1263 1658 1478 1720 dicam,
1510 1671 1612 1710 nec
1661 1656 1870 1721 pictura
1925 1652 2038 1706 cir-

461 1751 782 1804 cumscribit
815 1752 1122 1812 huminem,
1163 1750 1283 1803 licet
1317 1750 1384 1802 sit
1429 1749 1915 1815 circumscriptus;
1947 1758 2040 1799 Ile-

2139 555 2268 609 ἔνθα
2299 558 2409 626 γὰρ
2442 557 2605 624 ὄγκος
2643 556 2734 608 καὶ
2774 555 3026 626 μέγεθος,
3062 556 3120 618 ἐξ
3155 557 3413 627 ἀνάγκης
3448 556 3550 609 καὶ
3581 556 3749 618 τόπος

2141 648 2687 717 συνεπινοτ,θήσεται.
2737 647 2799 700 Ἦ
2830 648 3017 718 γραφὴ
3045 648 3104 700 δὲ
3127 648 3497 719 ὲκκεχὼρηκε
3532 647 3747 718 πολλῷ·

2139 741 2298 810 καὶὴ
2353 741 2538 810 γραφὴ
2572 755 2690 810 μεν,
2757 741 2805 792 εξ
2859 741 2951 793 καὶ
2995 740 3273 810 διαφόροις
3308 741 3534 804 τόποις,
3599 741 3750 810 ὅμως

2140 830 2464 900 ὡρισμένως
2505 829 2792 884 τυποῦται.
2846 830 2911 882 Ἡ
2967 830 3289 901 περιγραφὴ
3343 831 3406 882 δὲ
3454 828 3748 900 ὁρίζουσα,

2147 921 2334 984 ἁπλῶς
2382 922 2476 974 καὶ
2539 921 2807 990 ἀορίστως
2849 923 3017 974 πᾶσιν
3051 921 3087 975 ἃ
3133 921 3347 990 πέφυκε
3396 923 3750 991 περιγράφε-

2149 1012 2274 1066 σθαι
2306 1015 2739 1084 συμπεριῆκται.
2794 1014 2869 1066 Οὐ
2910 1012 3018 1085 γὰρ
3057 1017 3115 1066 ὲν
3147 1013 3282 1083 τῷδε
3320 1013 3428 1083 μὲν
3468 1026 3750 1084 περιγρα-

2144 1124 2254 1174 φει,
2288 1107 2345 1157 ὲν
2379 1105 2515 1175 τῷδε
2546 1105 2600 1158 δὲ
2629 1105 2712 1158 οὗ.
2761 1107 2872 1158 Kal
2914 1107 2946 1175 ὴ
2981 1106 3080 1174 μὲν
3107 1107 3164 1158 ἑν
3209 1106 3478 1174 αἰσθήσει
3522 1105 3618 1156 καὶ
3646 1105 3752 1157 δεί-

2143 1196 2223 1261 ξει
2241 1197 2302 1250 τὸ
2327 1199 2432 1250 πᾶν
2451 1197 2582 1266 ἔχει,
2617 1199 2648 1265 ἡ
2671 1196 2807 1250 δὲτὸ
2832 1196 2994 1249 πλέον
3015 1199 3261 1266 ὲννοήσει
3282 1214 3296 1228 ⁸
3329 1199 3484 1265 τάχα
3521 1197 3636 1266 γὰρ
3660 1197 3745 1249 τὸν

2143 1289 2556 1359 περιγράφοντα
2596 1290 2760 1341 τόπον
2795 1306 2882 1351 τις
2923 1288 3162 1342 αἴσθοιτο
3188 1288 3370 1358 μόνον.
3414 1288 3530 1340 Καὶ
3559 1288 3746 1350 ἁπλῶς

2142 1383 2338 1443 εἰπεῖν,
2368 1380 2492 1433 ούτε
2522 1382 2554 1450 ἡ
2580 1381 2766 1450 γραφὴ
2801 1381 3138 1452 περιγράφει
3183 1381 3272 1433 τὸν
3307 1380 3612 1451 ἄνθρωπον
3643 1381 3746 1434 κᾶν

2145 1473 2522 1544 περιγραπτός
2571 1475 2739 1535 ἐστιν,
2771 1472 2895 1525 οὔτε
2937 1475 2971 1543 ἡ
3024 1473 3348 1543 περιγραφὴ
3381 1475 3597 1542 γράφει
3645 1473 3746 1526 κᾶν

2143 1564 2392 1634 γραπτός
2423 1565 2572 1615 ἐστιν
2593 1580 2605 1591 ’
2641 1564 2902 1632 ἑκάτερον
2933 1563 3041 1633 γὰρ
3073 1563 3163 1616 τὸν
3189 1562 3386 1615 ἑαυτοῦ
3419 1563 3586 1630 λόγον
3613 1563 3744 1630 ἕξει.

2142 1657 2253 1709 Καὶ
2284 1656 2362 1707 ἔτι
2394 1657 2426 1726 ἡ
2454 1641 2564 1725 ’μὲν
2591 1655 2778 1725 γραφὴ
2820 1655 3138 1726 περιέχεται
3175 1655 3280 1708 ὑπὸ
3313 1655 3423 1724 τῆς
3465 1671 3746 1726 περιγραο

2144 1749 2270 1818 φῆς,
2297 1748 2405 1819 ἠδὲ
2429 1747 2747 1817 περιγραφὴ
2792 1747 2852 1800 οὐ
2885 1747 3202 1818 περιέχεται
3231 1747 3325 1799 ὑπ’
3363 1747 3574 1815 αὐτῆς,
3609 1747 3746 1800 ἀλλὰ

460 1861 564 1912 que
592 1845 1029 1911 circumscriptio
1059 1843 1229 1912 pingit
1256 1883 1268 1905 ,
1297 1841 1509 1894 etiamsi
1539 1841 1626 1892 ille
1649 1839 1794 1908 pingi
1822 1845 2041 1906 potest,

2147 1815 2392 1908 περιέχει
2423 1815 2622 1908 αὑτήν·
2644 1815 2865 1890 διδ-οὑδὲ
2890 1815 3259 1906 ἀντιστρέφει.
3296 1835 3432 1888 Ἐπὶ
3453 1836 3624 1890 πλέον
3642 1837 3748 1907 γὰρ

461 1948 753 2004 ntrmnque
784 1938 929 1989 enim
986 1938 1257 1990 rationem
1301 1952 1456 1989 suam
1498 1937 1742 1990 habebit.
1777 1935 2043 1989 Praaterca

461 2028 671 2093 pictura
749 2026 1066 2078 continetur
1113 2044 1139 2077 a
1193 2026 1744 2093 circtunscriptione,
1806 2025 2043 2078 circnm-

459 2115 687 2182 si-riptio
727 2125 902 2169 autem
937 2131 1041 2169 non
1078 2117 1387 2170 continetur
1424 2131 1452 2168 a
1483 2100 1827 2180 pietttra,8ed
1863 2117 2040 2169 conti-

463 2216 552 2258 net
588 2219 734 2270 eam;
763 2205 882 2257 ideo
919 2220 1020 2259 nec
1061 2205 1114 2258 ﬁt
1155 2206 1538 2272 reciprocatio.
1578 2204 1764 2258 Latius
1809 2200 2044 2273 namque

463 2305 613 2364 patet
649 2296 1092 2365 circumscriptio
1128 2313 1142 2348 :
1175 2312 1298 2349 nam
1341 2296 1386 2349 si
1419 2296 1545 2364 quid
1583 2305 1666 2349 est
1699 2295 1904 2362 pictum
1935 2335 1950 2358 ,
1989 2295 2042 2349 id

459 2397 544 2439 cst
574 2387 883 2455 ﬁguratum,
919 2387 1113 2449 homo,
1157 2387 1403 2456 inquam,
1434 2397 1488 2440 et
1526 2387 1639 2454 ipsa
1673 2387 1908 2454 pictura,
1937 2400 2035 2440 seu

463 2475 730 2544 cﬂigiatus
783 2475 1109 2539 character,
1148 2475 1284 2537 hanc,
1347 2475 1594 2544 inquam,
1633 2474 1738 2528 diei
1793 2484 2046 2542 poterunt

2145 1931 2178 1999 ἠ
2203 1929 2519 1999 περιγραφή
2546 1942 2561 1956 °
2587 1928 2705 1980 εἴτι
2734 1927 2834 1998 μὲν
2857 1927 2963 1998 γὰρ
2996 1929 3260 1998 γραπτὸν,
3303 1928 3430 1998 ἦτοι
3451 1929 3516 1979 τὸ
3552 1931 3748 1981 εἰκονι-

2146 2019 2396 2090 ζόμενον,
2429 2021 2457 2071 6
2479 2019 2767 2088 ἄνθρωπος
2793 2019 2956 2088 λέγω,
2977 2020 3070 2073 καὶ
3103 2019 3242 2091 αὑτὴ
3268 2022 3299 2090 ἡ
3326 2021 3551 2091 γραφὴ,
3579 2022 3749 2091 ἤγουν

2143 2109 2172 2160 6
2204 2109 2593 2178 τετυπωμένος
2644 2110 2956 2178 χαρακτὴρ,
2993 2110 3221 2179 φήσειεν
3254 2110 3316 2162 ἄν
3345 2128 3432 2174 τις
3467 2110 3613 2180 τάχα
3641 2129 3744 2164 που

2146 2201 2241 2252 καὶ
2270 2199 2672 2268 περιγραπτδν.
2703 2201 2830 2269 περὶ
2859 2191 2920 2251 οὗ
2945 2199 3037 2252 νῦν
3067 2202 3202 2270 ἡμῖν
3229 2200 3422 2268 λέγειν
3449 2203 3746 2272 stipes-rw,

2148 2291 2176 2344 ὃ
2222 2290 2500 2361 πανταχοῦ
2531 2291 2996 2362 ἐπισημαίνεσθαι
3024 2295 3166 2362 ”χρή.
3205 2295 3280 2348 Οὐ
3315 2295 3434 2364 γάρ
3479 2296 3610 2366 περὶ¹
3651 2295 3744 2349 τοῦ

2150 2383 2340 2454 ἑτέρου
2369 2382 2574 2454 τρόπου
2623 2383 2867 2453 διέξιμεν
2887 2399 2902 2413 ·
2934 2384 2994 2437 ού
3029 2385 3136 2454 μὴν
3165 2385 3414 2456 ἔμπαλιν
3443 2386 3498 2438 εἴ
3517 2405 3570 2440 τι
3597 2403 3750 2457 περι-

2150 2473 2423 2542 γραπτὸν,
2457 2473 2617 2527 τοῦτο
2650 2476 2746 2527 καὶ
2783 2475 3051 2544 γραπτόν.

461 2574 625 2626 etiam
657 2571 1093 2639 circumscripta,
1129 2573 1192 2625 de
1227 2570 1426 2641 quibus
1456 2585 1604 2624 nunc
1640 2584 1823 2623 sermo
1873 2569 2035 2624 nobis
2073 2579 2182 2634 est,
2210 2570 2354 2638 quod
2423 2568 2623 2638 ubique
2694 2579 2892 2625 notare
2924 2579 3176 2641 oportet,
3214 2587 3322 2625 non
3363 2573 3515 2626 enim
3553 2574 3615 2624 dc.
3648 2574 3749 2626 alio

469 2665 629 2719 modo
659 2667 886 2734 agimus.
921 2663 1036 2718 Non
1075 2675 1253 2718 tamen
1290 2674 1517 2730 remeat,
1565 2673 1621 2716 nt
1659 2665 1702 2718 si
1753 2665 1880 2732 quid
1907 2676 1993 2720 est
2039 2665 2542 2734 circumscriptum,
2581 2667 2722 2722 idem
2780 2669 2943 2722 etiam
2971 2667 3042 2722 sit
3077 2669 3279 2738 pictura
3338 2667 3492 2738 (sive
3527 2668 3746 2739 imago).

535 2756 794 2822 Exemplo
820 2755 1050 2822 quodam
1080 2766 1220 2808 utar.
1242 2756 1467 2808 Annuus
1488 2757 1578 2823 qui
1604 2758 1805 2810 dicitur
1829 2759 2037 2828 cyclus,

465 2857 524 2900 nt
577 2861 730 2915 aeque
779 2862 959 2901 sermo
1012 2848 1174 2899 etiam
1211 2857 1398 2900 noster
1428 2848 1723 2917 procedat,
1767 2850 2042 2904 mensuris

465 2939 712 3007 aliquot,
749 2939 801 2991 id
846 2946 930 2991 est
976 2936 1277 2991 intervallis
1321 2938 1599 2992 chronicis
1631 2951 1888 3008 quatuor,
1927 2942 2040 2995 cir-

2219 2753 2346 2812 Οἴόν
2366 2759 2418 2811 τί
2437 2773 2614 2830 φημιο
2655 2759 2711 2811 ’0
2734 2759 3004 2823 ἐνιαύσιος
3034 2760 3375 2832 καλούμενος
3413 2763 3639 2830 κύκλος,
3664 2765 3748 2818 ἵνα

2149 2849 2244 2903 καὶ
2267 2848 2440 2914 οὕτως
2467 2851 2495 2902 6
2523 2849 2680 2918 λόγος
2709 2851 2839 2921 ἡμῖν
2871 2853 2963 2916 ῐοι,
2993 2853 3215 2922 μέτροις
3247 2855 3364 2906 τισὶ
3398 2856 3498 2907 καὶ
3528 2854 3748 2924 διαστή-

2155 2961 2288 3014 μασι
2313 2947 2587 3016 χρονικοῖς
2604 2944 2830 3015 τέτρασι
2854 2947 3284 3016 περιστρέφεται
3305 2964 3319 2978 ’
3344 2947 3548 3018 διόπερ
3578 2948 3642 3016 δὴ
3657 2951 3747 3001 καὶ

464 3027 826 3095 utinvolvitur
862 3044 876 3080 :
912 3027 1036 3081 ideo
1077 3036 1133 3080 et
1174 3026 1554 3083 circumscribi
1591 3029 1809 3095 dicitur,
1869 3045 2042 3099 quan-

2152 3039 2462 3108 περιγράφε
2475 3036 2533 3089 σθ
2546 3055 2595 3088 χι
2616 3036 2857 3105 λέγεται,
2873 3037 2935 3089 ού
2955 3038 3230 3107 γράφεται
3245 3038 3322 3102 δὲ,
3340 3039 3473 3108 ἢτοι
3492 3038 3748 3102 εἰκονίζε-

383 3158 408 3172 ..,
461 3136 624 3188 quam
672 3133 850 3188 neque
898 3117 1160 3189 pingitur,
1199 3133 1378 3188 neque
1419 3119 1706 3190 ﬁguratur.
1758 3122 2044 3189 Quomodo

462 3212 609 3264 enim
636 3211 962 3297 ligarat-etur
985 3211 1128 3279 quod
1157 3211 1339 3280 specie
1364 3209 1648 3280 lormaqne
1694 3224 1864 3276 caret,
1898 3215 2044 3269 ideo~

466 3317 573 3370 que
610 3318 787 3370 neque
819 3303 919 3356 sub
969 3304 1143 3356 visum
1187 3302 1332 3356 cadit
1374 3318 1552 3372 neque
1598 3305 1883 3359 subsistit?
1913 3306 2043 3360 Nam

461 3395 754 3448 continuus
795 3407 918 3446 cum
954 3392 1061 3457 sit,
1104 3394 1369 3448 terminos
1401 3409 1522 3448 cum
1572 3396 1856 3466 principiis
1902 3412 2044 3452 sem-

467 3502 568 3556 per
599 3487 895 3538 connectit.
925 3484 1059 3550 Quia
1087 3499 1218 3554 ergo
1246 3487 1311 3540 ab
1337 3487 1530 3540 eodem
1564 3487 1630 3540 ad
1656 3486 1793 3542 idem
1827 3488 2044 3559 signum

467 3579 898 3634 circumvolutus
945 3577 1025 3632 sol
1089 3577 1440 3644 transfertur,
1490 3579 1889 3648 quodammodo
1940 3583 2046 3636 cir-

465 3669 760 3723 cumscribi
799 3668 1021 3721 dicitur.
1056 3666 1534 3736 Atque.principia
1584 3672 1640 3719 et
1676 3668 1894 3721 termini
1927 3683 2048 3722 mu-

469 3773 592 3816 tttas
613 3764 991 3814 successiones
1013 3774 1118 3813 uno
1151 3767 1426 3813 momento
1449 3767 1763 3827 punctoque
1785 3759 2045 3828 temporis

467 3870 533 3909 ac
579 3869 716 3923 pene
761 3849 1156 3906 insi-.nsibiliter
1203 3851 1512 3905 absolvunt.
1559 3849 1638 3905 Ne
1683 3851 1830 3905 enim
1870 3849 2044 3906 ﬂuens

468 3958 679 4014 tempus
724 3944 1020 3998 humanam
1053 3943 1214 3996 vitam
1264 3956 1408 3996 caeco
1441 3942 1494 3995 in
1535 3957 1699 3996 cursu
1739 3941 2042 4006 retineret,

467 4037 782 4104 nostrisque
813 4036 976 4090 rebus
1004 4043 1059 4088 et
1104 4033 1316 4087 actibus
1347 4031 1598 4086 confusio
1622 4040 1677 4086 et
1711 4031 2047 4102 perturbatio

468 4138 635 4195 atque
665 4126 941 4180 anomalia
988 4124 1384 4188 dominaretur,
1423 4122 1570 4176 nullo
1601 4123 1862 4176 cbronico
1893 4123 2048 4192 signo

471 4223 538 4274 iis
573 4221 920 4288 interposito,
947 4225 1160 4284 tempus
1198 4217 1323 4281 hoc,
1353 4217 1594 4285 inquam,
1628 4214 1839 4278 diebtts,
1872 4214 2045 4278 horis,

470 4312 850 4374 hebdomadis,
887 4310 1187 4374 mensibus,
1215 4309 1500 4376 annisque,
1527 4307 1782 4361 metimur
1812 4316 1901 4362 :et
1917 4307 2044 4359 olim

2146 3141 2258 3176 ται.
2287 3125 2410 3187 Πῶς
2432 3125 2540 3193 γὰρ
2563 3125 2628 3178 ἂν
2658 3125 2751 3177 καὶ
2772 3125 3101 3196 εἰκονισθείη
3129 3128 3156 3180 ὅ
3177 3144 3240 3196 γε
3272 3129 3424 3198 μήτε
3451 3129 3750 3181 εἰδοποιού-

2150 3232 2329 3285 μενος,
2349 3218 2484 3287 μήτε
2506 3216 3006 3290 σχηματιζόμενος,
3026 3221 3120 3272 καὶ
3142 3219 3232 3272 διὰ
3285 3220 3463 3275 τοῦτο
3493 3221 3627 3292 μηδὲ
3661 3221 3747 3273 ὑπ’

2145 3305 2268 3374 ὖψιν
2284 3307 2598 3376 ἐρχόμενος,
2627 3307 2741 3359 ἀλλ’
2757 3308 2880 3360 οὐδὲ
2901 3308 3188 3378 ὑπομένων
3208 3327 3223 3375 ;
3247 3309 3498 3382 Συνεχὴς
3521 3311 3630 3379 γὰρ
3650 3307 3741 3373 ὢν,

2145 3399 2215 3452 τὰ
2239 3401 2412 3452 οἰκεῖα
2437 3399 2654 3470 πέρατα
2673 3404 2786 3463 τοῖς
2817 3400 2909 3453 τοῦ
2936 3401 3136 3471 ἑφεξῆς
3163 3401 3344 3472 ἀρχὰς
3373 3403 3466 3456 ἀεὶ
3493 3403 3743 3473 ποιούμε-

2147 3508 2237 3553 νος
2263 3491 2645 3544 ὲπισυνάπτει.
2699 3492 2915 3556 Ἀπλῶς
2943 3491 3074 3560 γοῦν
3104 3493 3185 3563 τῷ
3216 3492 3326 3546 ἀπὸ
3356 3493 3454 3547 τοῦ
3477 3487 3642 3547 αὐτοῦ
3667 3494 3742 3555 είς

2146 3583 2208 3636 τὸ
2236 3582 2368 3635 αύτδ
2403 3585 2635 3653 σημεῖον
2674 3583 2954 3647 κυκλικῶς
2987 3584 3440 3656 περιδινούμενον
3467 3586 3558 3640 τὸν
3595 3586 3741 3655 ἥλιον

2147 3671 2640 3736 ἀποκαθίστασθαι,
2689 3659 2943 3726 ὁπωσοῦν
2995 3677 3449 3746 περιγράφεσθαι
3505 3675 3738 3744 λέγεται.

2147 3763 2260 3815 Καὶ
2284 3761 2459 3826 οὕτως
2484 3762 2729 3834 ἀλλήλων
2771 3765 2872 3826 τὰς
2913 3763 3190 3836 διαδοχὰς,
3222 3765 3416 3839 ὥσπερ
3451 3769 3510 3821 ἐν
3558 3769 3740 3838 ἀτόμῳ

2148 3855 2243 3909 καὶ
2272 3857 2475 3927 ἀκαρεῖ
2523 3857 2620 3908 καὶ⁵
2685 3855 2874 3924 σχεδὸν
2923 3856 3352 3928 ἅνεπαισθήτως
3405 3860 3736 3913 διανύουσιν.

2149 3950 2266 4003 Ἵνα
2295 3951 2405 4020 γὰρ
2441 3950 2516 4022 μὴ
2553 3951 2694 4023 ῥέων
2726 3952 2754 4004 6
2788 3951 2980 4023 χρόνος
3017 3953 3104 4004 ἐπ’
3133 3953 3316 4024 ἀδήλῳ
3347 3955 3416 4008 τὰ
3456 3958 3557 4025 τῆς
3596 3953 3738 4022 ζωῆς

2145 4041 2245 4111 τῆς
2269 4040 2627 4112 ἀνθρωπίνης
2655 4044 3032 4112 περιστήσειε,
3067 4042 3333 4113 σύγχυσίς
3381 4061 3443 4097 τε
3476 4044 3584 4098 τῶν
3618 4040 3737 4096 καθ’

2148 4133 2296 4203 ἡμᾶς
2337 4132 2685 4204 πραγμάτων
2716 4133 2810 4186 καὶ
2835 4133 3034 4200 ἀταξία
3069 4135 3165 4188 καὶ
3194 4135 3488 4204 ἀνωμαλία
3516 4138 3738 4204 ἐπικρα-

2147 4222 2290 4293 τοέη,
2332 4222 2562 4293 μηδενὸς
2583 4222 2840 4291 χρονικοῦ
2867 4223 3097 4294 σημείου
3138 4223 3353 4289 τούτοις
3395 4223 3733 4296 ὲμφαινομέ·

2149 4331 2267 4378 νου,
2300 4314 2541 4384 ἡμέραις
2571 4315 2664 4366 καὶ
2697 4313 2871 4384 ὥραις
2919 4316 3014 4369 καὶ⁵
3055 4316 3321 4387 ἑϐδομάσι
3349 4319 3447 4373 καὶ
3485 4319 3620 4390 μησὶ
3646 4316 3735 4369 καὶ

469 4404 691 4472 quidem
716 4401 1116 4473 olympiadibus
1137 4409 1188 4453 et
1207 4399 1584 4454 consulatibus
1599 4399 1828 4469 aliisque
1845 4401 2042 4454 dimen-

2151 4405 2416 4466 ἐνιαυτοῖς
2462 4406 2771 4474 μετρεῖται,
2805 4405 3106 4476 ὀλυμπιάσι
3137 4424 3198 4460 τε
3253 4409 3314 4461 τὸ
3365 4410 3597 4464 παλαιὸν
3646 4407 3734 4461 καὶ⁷

469 4493 717 4548 siouibus
747 4493 943 4546 decore
971 4489 1427 4560 distinguebatur,
1457 4498 1518 4543 ut
1549 4490 1836 4558 perspicua
1868 4499 1922 4545 et
1956 4504 2049 4543 ac-

467 4592 659 4634 curata
696 4597 876 4634 rerum
909 4591 1185 4650 gestarum
1227 4579 1490 4634 memoria
1517 4589 1959 4646 conservaretur,
1993 4589 2048 4634 et

470 4675 594 4726 vine
649 4683 804 4726 actus
853 4684 1002 4724 recte
1069 4662 1507 4740 disponerentur.
1559 4671 1649 4726 Sic
1701 4687 1829 4740 ergo
1881 4673 2046 4726 etiam

472 4763 674 4831 )loysis
708 4761 791 4813 lex
825 4774 998 4828 usque
1020 4760 1086 4814 ad
1117 4760 1492 4830 evangelicam
1525 4761 1824 4815 salutarem
1851 4761 2050 4829 pracdi-

468 4854 739 4903 cationem
773 4849 1072 4917 producta,
1117 4860 1364 4918 tempore
1413 4851 1661 4904 constitit
1715 4860 1770 4903 et
1813 4851 2049 4904 circum-

469 4944 674 5011 scripta
721 4941 842 4995 fuit.
882 4941 1188 4995 ldololatria
1224 4956 1382 5006 vero,
1423 4953 1718 5008 apparente
1757 4941 2048 4997 Servatore

469 5048 656 5088 nostro
683 5033 810 5095 Deo,
845 5049 998 5100 a'que
1022 5032 1719 5100 cessavitcircumscripta,
1761 5048 1936 5101 neque
1963 5034 2048 5088 ul-

469 5127 640 5179 terius
672 5123 1052 5193 progrediens,
1081 5138 1260 5191 neque
1298 5123 1504 5177 diutius
1540 5138 1670 5178 suos
1714 5133 1867 5178 actus
1893 5139 2048 5180 exse-

468 5231 613 5270 rcns.
646 5215 751 5270 Sed
779 5230 953 5282 neque
985 5215 1070 5268 lex
1096 5213 1348 5283 quamvis
1370 5214 1809 5284 circumscripta,
1843 5215 1952 5285 79
1982 5216 2049 5270 li-

465 5324 651 5377 guram
691 5308 878 5360 habuit
909 5345 925 5370 ,
962 5323 1085 5360 cum
1128 5322 1224 5374 per
1268 5322 1326 5359 se
1384 5307 1516 5360 nihil
1553 5306 1624 5360 sit
1671 5309 1773 5361 nisi
1811 5324 2044 5372 nomen,

465 5413 778 5464 quanquam
811 5397 930 5464 ejus
980 5397 1234 5450 mandata
1270 5395 1578 5466 syllabatim
1629 5398 1962 5463 scribuntur,
1994 5409 2048 5451 et

468 5488 522 5542 in
570 5488 744 5540 sacris
773 5487 952 5540 Libris
984 5497 1249 5556 perpetuo
1282 5495 1521 5542 manent.
1555 5487 1740 5558 Neque
1767 5489 1893 5542 item
1926 5493 2046 5544 ido-

469 5577 682 5633 lolatria
715 5579 976 5648 pingitur,
1009 5595 1133 5633 cum
1165 5578 1309 5631 circa
1340 5596 1425 5633 res
1457 5580 1876 5637 insubsistentes
1911 5599 2048 5638 vane

471 5667 704 5738 laboret,
733 5681 787 5725 ct
817 5669 1023 5739 absque
1053 5665 1236 5740 specie
1265 5671 1371 5724 ulla
1403 5671 1643 5742 ﬁgurave
1667 5673 1758 5728 sit.
1809 5686 1822 5701 °

2108 4567 2110 4569 η
2152 4496 2462 4558 ὑπατείαις,
2514 4497 2609 4548 καὶ
2647 4497 2861 4568 ἑτέροις
2906 4498 3134 4570 μέτροις
3193 4501 3598 4572 κοσμούμενος,
3649 4501 3732 4552 ἴνα

2152 4587 2330 4656 σαφὴς
2365 4587 2458 4639 καὶ
2493 4587 2882 4658 τετρανωμένη
2911 4587 3020 4641 τῶν
3061 4590 3458 4662 πραττομένων
3488 4594 3520 4662 ἡ
3550 4593 3730 4662 μνήμη

2150 4678 2502 4746 διασώζηται,
2527 4679 2622 4730 καὶ
2642 4680 2709 4731 τὰ
2731 4679 2787 4731 ὲν
2812 4679 2890 4749 τῷ
2915 4679 3016 4749 βίῳ
3039 4681 3381 4752 διευθετῆται
3415 4685 3734 4755 πράγματα.

2153 4767 2340 4830 Οὕτως
2376 4764 2468 4821 οὖν
2491 4769 2584 4821 καὶ
2615 4773 2642 4822 6
2671 4770 2811 4824 κατὰ
2843 4773 3046 4825 Μωσέα
3069 4774 3234 4842 νόμος
3258 4775 3422 4845 μέχρι
3456 4776 3550 4828 τοῦ
3576 4775 3732 4839 εὐαγ-

2151 4858 2374 4925 γελικοῦ
2431 4860 2526 4912 καὶ
2556 4860 2831 4931 σωτηρίου
2875 4862 3237 4932 κηρύγματος
3280 4865 3509 4936 προῖὼν,
3558 4862 3731 4934 χρόνῳ

2149 4951 2278 5020 ἔστη
2317 4951 2412 5003 καὶ⁹
2446 4950 2821 5022 περιεγράφη.
2872 4953 3042 5024 Kell]
3090 4953 3500 5028 εἰδωλολατρία,
3535 4958 3728 5021 ἐπιφα-

2149 5041 2332 5105 νέντος
2361 5042 2455 5094 τοῦ
2490 5042 2744 5113 Σωτῆρος
2777 5044 2935 5113 ἡμῶν
2966 5044 3126 5110 Θεοῦ,
3150 5047 3414 5112 ὡσαύτως
3447 5047 3729 5116 κατήργη-

2147 5150 2236 5186 ται
2271 5132 2364 5184 καὶ
2397 5132 2864 5204 περιγέγραπται,
2898 5137 2978 5198 εἰς
3006 5136 3066 5188 τὸ
3081 5137 3270 5193 λοιπὸν
3295 5142 3432 5212 μήτε
3469 5137 3726 5210 προϊοῦσα

2152 5221 2290 5290 μήτε
2317 5221 2624 5293 ὲνεργοῦσα
2659 5224 2907 5278 πώποτε.
2955 5226 3094 5279 Ἀλλ’
3145 5227 3268 5282 οὔτε
3304 5233 3332 5284 6
3365 5231 3528 5301 νόμος
3555 5227 3726 5282 καίτοι

2149 5314 2528 5383 περιγραπτὸς
2577 5312 2675 5380 ὢν,
2732 5316 3085 5381 εἰκονίζεται,
3139 5319 3273 5372 αὑτό
3320 5338 3381 5388 γε
3427 5317 3551 5373 καθ’
3600 5313 3724 5368 αὐτὸ

2147 5402 2386 5472 τοῦνομα
2425 5403 2601 5472 ψιλὸν,
2660 5407 2708 5458 εἰ
2761 5410 2856 5461 καὶ
2909 5410 2978 5462 τὰ
3013 5409 3350 5481 νομιζόμενα
3393 5406 3723 5468 συλλαόικῶς

2148 5493 2443 5564 γράφεται,
2478 5497 2571 5547 καὶ
2601 5497 2657 5548 ὲν
2696 5496 2911 5562 Βίϐλοις
2948 5500 3119 5567 ἱεραῖς
3154 5503 3241 5553 ἀεὶ
3265 5501 3599 5572 διαφέρεται.
3628 5492 3724 5548 Οὔ·

2147 5601 2207 5636 τε
2240 5587 2271 5655 ἡ
2305 5585 2696 5657 εἰδωλολατρία
2728 5592 3024 5659 γράφεται,
3081 5595 3317 5664 πρᾶγμα
3369 5594 3498 5664 περὶ
3527 5590 3721 5646 ἀνυπό·

2151 5694 2321 5729 στατα
2373 5682 2929 5754 ματαιοπονούμενον,
2969 5687 3210 5741 ἀνείδεόν
3253 5706 3310 5742 τε
3347 5689 3406 5744 ὃν
3438 5687 3528 5742 καὶ
3558 5685 3718 5753 ἀσχη⁸

2156 5786 2434 5838 ματιστον.
