4050 6418
282 400 373 470 361

343 517 420 571 ιδ’.
466 512 740 576 Ὡσαύτως
778 512 835 566 δὲ
870 512 965 565 καὶ
1020 511 1078 563 αί
1109 511 1279 581 ἀρχαὶ
1312 510 1406 562 καὶ
1439 509 1687 574 ἐξουσίαι
1739 507 1848 564 τῶν
1882 516 1928 571 Α,

278 610 451 685 ἐθνῶν,
476 605 995 678 περιγεγραμμέναι
1020 604 1126 657 είσί
1169 620 1230 656 τε
1262 604 1357 655 καὶ
1385 602 1661 672 λέγονται,
1696 603 1843 672 ὅροις

277 703 374 757 τισὶ
402 702 493 753 καὶ
540 700 745 770 πέρασι
786 697 1193 768 διειλημμέναι.
1239 696 1327 748 Ἐν
1354 695 1543 758 τόποις
1577 696 1687 765 γὰρ
1734 696 1843 763 ἀφ-

281 793 596 866 ωρισμένοις
630 792 850 861 ἑκάστῳ
880 791 1024 845 ἔθνει
1054 790 1121 843 τὰ
1156 789 1258 858 τῆς
1290 788 1503 852 οἰκείας
1538 789 1714 859 ἀρχῆς
1751 786 1846 841 καὶ

289 884 511 951 ἔξουσίας
538 883 689 953 παρὰ
718 882 855 935 Θεοῦ
896 882 1288 951 ὲκνενέμηται,
1322 880 1470 934 κατά
1499 880 1561 933 τὸ
1611 880 1845 952 εἰρημέ-

295 992 381 1030 νονο
408 976 714 1043 Ἕστησεν
745 975 875 1043 ὅρια
907 973 1102 1028 ἐθνῶν
1128 975 1279 1027 κατὰ
1298 972 1552 1041 ἀριθμὸν
1575 972 1849 1042 ἀγγέλων

286 1067 431 1123 Θεοῦ.
465 1067 541 1119 Οὐ
588 1066 694 1137 μὴν
728 1067 860 1119 αὑτό
886 1084 949 1134 γε
976 1064 1219 1135 τοῦνομα
1252 1065 1354 1134 τῆς
1392 1065 1569 1136 ἀρχῆς
1609 1065 1705 1118 καί⁵
1747 1064 1849 1134 τῆς

281 1159 508 1227 ἐξουσίας
534 1159 971 1231 είκονισθήσεται
998 1175 1011 1189 ·
1054 1160 1203 1229 πρᾶγ
1214 1158 1422 1229 μαγὰρ
1455 1158 1552 1211 καὶ
1580 1156 1849 1227 σύμϐολον

281 1250 577 1321 ἀξιώματος
609 1251 669 1305 ὃν
726 1252 1005 1321 τυγχάνει.
1052 1250 1289 1320 Ὁμοίως
1329 1250 1423 1302 καὶ
1459 1251 1492 1319 ὴ
1528 1248 1848 1319 ἀνθρωπίνη

281 1341 402 1410 ζωὴ,
454 1340 642 1394 καίτοι
682 1340 1181 1411 περιγεγραμμένη
1227 1336 1386 1401 οὖσα,
1455 1339 1552 1392 καὶ
1611 1338 1717 1391 ὑπὸ
1753 1336 1848 1390 τοῦ

280 1432 598 1505 δημιουργοῦ
652 1432 763 1486 τῶν
792 1433 929 1485 ὅλων
957 1432 1092 1485 Θεοῦ
1129 1431 1556 1502 καθοριξομένη,
1591 1432 1743 1502 ὅμως
1787 1430 1848 1483 οὖ

280 1528 558 1598 γράφεται.
611 1526 725 1579 Καὶ
770 1524 842 1578 τὰ
879 1524 1268 1595 συμπίπτοντα
1298 1525 1356 1576 ἐν
1400 1525 1535 1594 ἡμῖν
1568 1525 1852 1593 νοσήματα

280 1618 622 1688 περίγραπτά
678 1618 797 1669 ἐστι
825 1631 839 1646 ο
876 1616 1057 1687 χρόνῳ
1095 1615 1206 1685 γὰρ
1250 1614 1705 1687 περιγράφεται·
1758 1617 1852 1668 καὶ

283 1709 502 1780 μάλιστα
550 1707 783 1778 πυρετοὶ
812 1707 1083 1777 ἐφήμεροι
1107 1722 1120 1735 ⁸
1160 1708 1290 1777 ἄχρι
1326 1707 1438 1778 γάρ
1472 1708 1601 1778 μιᾶς
1638 1706 1854 1777 ἡμέρας

280 1800 346 1862 ὡς
376 1799 466 1851 ἐπὶ
500 1797 566 1849 τὸ
613 1797 866 1850 πλεῖστον
892 1796 1354 1867 περιγράφονται,
1407 1796 1611 1869 ίατρῶν
1664 1798 1853 1859 παῖδές

973 394 1605 458 ANTIRBHETICUS
1640 396 1702 455 II
1767 395 1938 455 ADV.
1978 391 2573 453 CONSTANTINUM
2606 396 2825 454 COPR.

3438 393 3545 458 362

2026 508 2115 562 Η.
2152 507 2503 578 Principatus
2540 509 2666 563 item
2707 508 2948 577 gentium
2978 524 3042 564 ac
3084 509 3400 567 dominatus
3433 514 3545 567 cir-

1954 582 2273 672 cumscripti
2306 610 2435 656 sunt
2461 612 2625 671 atque
2658 604 2936 667 dicuntur,
2972 602 3177 658 ﬁnibus
3211 605 3543 674 quibusdam

1956 690 2313 760 terminisque
2365 692 2630 747 distineti.
2703 693 2915 746 Etenim
2957 692 3225 761 separatis
3281 694 3333 748 in
3409 695 3544 749 locis

1955 781 2253 851 unicuique
2284 784 2432 850 genti
2472 784 2769 854 peculiaris
2807 782 3147 854 principatus
3178 792 3338 853 atque
3370 785 3544 852 impe-

1959 873 2097 927 rium
2138 873 2458 928 attributum
2497 878 2615 940 est,
2656 876 2815 945 juxta
2853 876 2984 930 illud
3021 876 3227 930 dictum
3280 893 3294 930 :
3339 875 3543 931 Statuit

1955 969 2206 1021 terminos
2234 971 2506 1037 gentium,
2530 971 2692 1039 juxta
2721 986 2999 1046 nutrierunt
3020 969 3333 1040 angelorum
3371 969 3467 1024 Dei
3497 970 3540 1024 ⁸.

1955 1057 2143 1129 Neque
2172 1068 2321 1115 certe
2354 1062 2693 1131 principatus
2715 1074 2770 1118 et
2800 1063 3019 1132 imperii
3049 1078 3248 1118 nomen
3282 1060 3547 1131 ligurabi-

1956 1164 2078 1223 tur;
2111 1163 2191 1209 est
2218 1154 2361 1208 enim
2394 1170 2481 1212 res
2509 1173 2574 1213 ac
2600 1158 2906 1228 symbolum
2948 1158 3261 1227 dignitatis.
3294 1156 3545 1210 Humana

1958 1249 2163 1318 pariter
2194 1246 2325 1311 vita,
2354 1250 2454 1303 etsi
2479 1249 2895 1318 circumscripta
2930 1260 3032 1313 est,
3066 1259 3121 1302 et
3150 1249 3218 1303 ab
3246 1247 3542 1302 universali

1958 1351 2202 1398 creature
2226 1345 2332 1399 Deo
2360 1342 2615 1405 litnitala,
2642 1341 2998 1394 nihilominus
3030 1342 3172 1394 haud
3208 1342 3541 1395 detineatur.

1958 1431 2129 1487 Morbi
2149 1437 2334 1500 etiam,
2354 1434 2442 1503 qui
2469 1434 2625 1487 nobis
2652 1434 2927 1496 accidunt,
2950 1432 3348 1501 circumscripti
3379 1441 3546 1497 sunt;

1958 1527 2157 1578 etenim
2210 1535 2452 1597 tempore
2495 1523 2852 1578 deﬁniuntur.
2891 1524 3030 1577 Sunt
3063 1522 3308 1591 apprime.
3359 1523 3545 1577 febres

1959 1616 2285 1682 cphemerae,
2321 1630 2441 1684 qua:
2474 1630 2577 1667 una
2608 1614 2695 1668 die
2726 1614 3044 1684 plerumque
3069 1614 3543 1670 circumscribun-

1963 1715 2068 1770 tur,
2105 1714 2163 1760 ut
2211 1706 2364 1759 aiunt
2399 1706 2627 1772 medici;
2676 1720 2837 1760 nemo
2884 1715 3064 1761 tamen
3108 1705 3301 1759 febrim
3348 1707 3547 1774 pictam

1962 1795 2320 1866 ﬁguratamve
2352 1796 2505 1849 vidit.
2531 1796 2759 1868 insuper
2798 1795 2992 1849 [lorum
3025 1797 3190 1852 etiam
3226 1797 3546 1868 qualitates,

282 1907 452 1961 φασιν,
486 1889 608 1942 ἀλλ’
652 1889 830 1950 οὐδείς
879 1888 944 1957 γέ
992 1906 1127 1941 ποτε
1170 1888 1409 1960 πυρετὸν
1440 1889 1792 1959 γραφόμενον
1820 1888 1854 1957 ἦ

1961 1903 2081 1956 qum
2107 1888 2328 1941 odorem
2360 1886 2656 1955 spirantes,
2702 1886 2970 1957 subjectis
2999 1888 3325 1956 corporibus
3362 1888 3550 1942 insunt

278 1979 677 2049 εἰκονιζόμενον
720 1978 999 2031 τεθέαται.
1048 1977 1189 2048 Ἤδη
1216 1978 1271 2030 δὲ
1304 1979 1400 2030 καὶ
1446 1978 1558 2030 τῶν
1582 1976 1762 2031 ἀνθῶν
1799 1977 1853 2029 αἱ

280 2072 575 2140 ποιότητες,
614 2068 671 2121 αἳ
702 2071 815 2132 τοῖς
851 2069 1234 2139 ὑποκειμένοις
1267 2067 1639 2141 ἐνυπάρχουσι
1666 2067 1855 2137 σώμαο
1892 2095 1899 2102 ·

280 2184 352 2218 σιν
381 2166 805 2229 εὖωδιάζουσαι,
843 2166 903 2216 ὲν
930 2162 1067 2232 τῷδε
1100 2161 1179 2232 τῷ
1207 2163 1357 2232 τόπῳ
1386 2163 1549 2231 τυχὸν
1587 2178 1858 2229 πεφυτευ-

282 2258 449 2328 μένοις
472 2257 505 2329 ἦ
529 2256 1069 2325 ἐναποτεθειμένοις,
1091 2254 1186 2306 καὶ
1201 2253 1262 2306 τὺ
1278 2253 1475 2316 εὐῶδες
1498 2254 1678 2305 ἀποπέ
1687 2268 1861 2323 μπου-

281 2369 382 2417 σαι,
417 2352 549 2420 ἄχρι
596 2349 753 2403 τοῦδε
804 2347 1343 2417 περιγραφήσονται.
1393 2346 1534 2399 Καθ’
1569 2346 1769 2408 ἑαυτὰς
1804 2346 1858 2397 δὲ

280 2444 353 2493 ὅτι
401 2444 475 2511 μὴ
535 2441 892 2509 ὑφίστανται,
942 2439 1003 2491 οὐ
1057 2436 1382 2508 γράφονται,
1420 2438 1501 2490 ὃτι
1555 2437 1690 2507 μηδὲ
1722 2440 1858 2490 εἰδο-

280 2518 550 2585 ποιοῦνται
589 2532 648 2584 τὸ
672 2530 918 2584 σύνολον.
951 2530 1015 2582 Τί
1044 2529 1100 2582 δὲ
1131 2532 1163 2599 ἡ
1192 2529 1280 2582 ἐπ’
1313 2530 1588 2597 Αἴγυπτον
1618 2528 1711 2580 τοῦ
1757 2530 1862 2581 Ἰα-

280 2623 386 2677 κὼϐ
420 2626 512 2677 καὶ
547 2623 662 2676 τῶν
711 2623 770 2687 ἐξ
834 2621 1029 2675 Ἰακὼό
1075 2620 1323 2687 κάθοδος,
1365 2620 1506 2691 ὑπὲρ
1556 2619 1628 2672 τὰ
1658 2636 1856 2692 τετρα-

281 2719 427 2770 κόσια
456 2717 806 2788 διαρκέσασα
831 2716 926 2786 ἔτη
950 2733 963 2780 ;
991 2716 1024 2786 ἥ
1052 2733 1114 2768 τε
1144 2716 1225 2778 είς
1253 2713 1555 2769 Βαϐυλῶνα
1576 2714 1686 2767 τῶν
1716 2715 1859 2768 ὲκεζο

282 2814 363 2867 θεν
404 2813 685 2867 Ἰουδαίων
742 2811 846 2864 ὑπὸ
878 2809 1168 2864 Χαλδαίων
1200 2807 1573 2879 αίχμαλωσία,
1622 2809 1679 2860 ὲν
1709 2807 1859 2860 ἐϐδο-

285 2907 518 2976 μήκοντα
576 2902 722 2967 ὅλοις
764 2902 909 2955 ἔτεσι
973 2900 1360 2971 καθωρισμένη
1416 2898 1570 2969 παρὰ
1616 2897 1710 2952 τοῦ
1749 2899 1860 2953 τῶν

281 2997 408 3053 ὅλων
439 2996 606 3061 Θεοῦ,
626 2998 691 3067 ἦν
721 2995 814 3048 ἐπὶ
843 2995 937 3062 τῆς
961 2992 1267 3062 ἀλλοδαπῆς
1287 2993 1333 3044 oi
1364 2989 1703 3057 δοριάλωτοι,
1723 2990 1859 3060 προς

282 3090 520 3145 παιδείαν
549 3089 661 3142 τῶν
709 3084 1292 3157 πεπλημμελημένων,
1349 3080 1660 3135 διατελέσαι
1725 3097 1859 3135 κατ-

282 3183 534 3253 eameam,
546 3199 649 3235 σαν
667 3198 680 3246 ;
711 3178 848 3249 Οὐχὶ
865 3196 932 3231 πε
941 3177 1246 3249 ριγραπταὶ
1264 3175 1373 3243 ὑπῆ
1387 3191 1545 3244 ρχον,·
1565 3173 1659 3226 καὶ
1689 3172 1855 3225 πάλαι

280 3280 339 3346 τῇ
392 3276 642 3344 ἑπανόδῳ
691 3272 935 3333 λέλυντο,
998 3269 1165 3340 φησιν
1220 3267 1250 3320 ό
1309 3265 1452 3328 θεῖος
1516 3266 1851 3336 Γρηγόριοςς

284 3371 513 3439 ῐίρᾶγμα
541 3367 602 3419 δέ
640 3363 849 3433 ὲστινή
890 3363 989 3431 μὲν
1041 3359 1269 3425 κάθοδος
1298 3357 1407 3409 τῶν
1452 3356 1858 3426 μετῳκηκότων

278 3461 307 3530 ἢ
342 3442 745 3530 μετανάστασις
764 3472 777 3485 ³
804 3456 839 3522 ἡ
866 3449 1222 3522 αἰχμαλωσίᾳ
1248 3448 1303 3500 δὲ
1330 3447 1443 3500 τῶν
1475 3448 1574 3517 μὲν
1605 3447 1856 3510 ἑλόντων,

276 3551 592 3615 πλεονεξίας
627 3544 904 3609 ἀπόδειξις
936 3542 1031 3596 καὶ
1062 3538 1258 3610 γνώμη
1295 3537 1619 3608 τυραννικὴ,
1654 3537 1764 3589 τῶν
1801 3538 1857 3589 δὲ

280 3645 512 3698 ἑλόντων
543 3638 857 3707 ἐλευθερίας
880 3634 1190 3703 ἀφαίρεσις,
1216 3629 1654 3701 ἀνδραποδισμός
1678 3647 1737 3683 τε
1764 3630 1858 3682 καὶ

277 3734 533 3795 ἀκούσιος
582 3727 883 3797 ἀπαγωγὴ.
955 3723 1098 3778 Ἀλλ’
1154 3722 1253 3775 οὐκ
1303 3722 1370 3776 ἄν
1418 3738 1502 3785 τις
1564 3721 1855 3794 κάθοδονῆ

276 3820 654 3893 αἰχμαλωσίαν
688 3818 822 3873 αὐτὸ
860 3816 983 3870 καθ’
1031 3813 1166 3867 αὐτὸ
1196 3813 1256 3866 τὸ
1284 3813 1521 3882 πρᾶγμα
1550 3812 1812 3883 γράψειεν
1840 3828 1854 3841 ο

276 3915 333 3966 οὐ
363 3914 468 3982 γὰρ
501 3912 628 3973 τοὺς
662 3909 955 3969 κατιόντας
976 3904 1180 3967 αὐτοὺς
1214 3903 1398 3974 ἦτοὺς
1427 3904 1857 3974 ᾐχμαλωτισμέ-

275 4022 392 4067 vo»;
441 4001 704 4075 είρῆσθαι
753 3998 849 4052 νῦν
913 3996 1157 4066 οἰητέον·
1214 3996 1404 4066 ἕτερον
1458 3995 1567 4065 γὰρ
1632 3994 1857 4048 ἐκείνων

276 4098 486 4151 ταῦτα’
537 4095 728 4166 ὥσπερ
759 4093 824 4164 δὴ
873 4092 982 4143 τῶν
1052 4089 1345 4161 σωμάτων,
1406 4087 1477 4141 τὰ
1530 4088 1853 4159 πράγματα.

275 4191 465 4257 Φήσειε
486 4187 535 4242 δ’
557 4187 623 4242 ἄν
645 4204 728 4249 τις
753 4182 1232 4254 περιγραφόμενον
1250 4183 1345 4235 καὶ
1382 4181 1442 4234 τὸ
1472 4181 1692 4252 πνεῦμα
1723 4182 1858 4235 αὐτὸ

275 4282 334 4335 τὸ
374 4282 582 4352 ἀέριον,
614 4280 708 4333 ἆτε
736 4279 801 4350 δὴ
834 4280 893 4331 ὲν
944 4277 1079 4348 τῷδε
1119 4276 1217 4346 μὲν
1249 4273 1329 4344 τῷ
1365 4274 1551 4345 χωρίῳ
1577 4276 1760 4339 πνέον,
1799 4277 1857 4327 ὲν

275 4371 408 4441 τῷδε
441 4371 498 4425 δὲ
542 4368 1005 4436 ἀπολειπόμενον,
1035 4364 1098 4418 οὐ
1126 4363 1478 4436 γραφόμενον
1510 4362 1589 4430 δὲ,
1645 4363 1772 4416 ἐπεὶ
1794 4364 1855 4415 οὐ

276 4462 603 4535 διήρθρωται
636 4461 759 4514 οὐδὲ
798 4456 1234 4527 είδοπεποίηται.

349 4562 428 4609 ιε’.
470 4554 584 4611 Καὶ
626 4553 655 4606 ὁ
687 4551 842 4620 λόγος
871 4550 931 4604 δὲ
976 4550 1111 4603 εὐπε
1129 4547 1429 4619 ρίγραπτος
1468 4547 1568 4618 μὲν
1611 4546 1852 4616 λέγεται,

279 4646 526 4717 οὐδαμῶς
577 4644 634 4697 δὲ
683 4641 1042 4707 είκονίζεταιο
1076 4642 1138 4694 οὐ
1176 4639 1287 4710 γὰρ
1328 4639 1491 4710 σῶμα
1539 4639 1662 4692 οὐδὲ
1717 4634 1857 4705 εἶδος

280 4738 421 4809 αὐτῷ
453 4739 488 4808 ἦ
547 4736 736 4807 σχῆμα
780 4734 1031 4806 περίεστι
1062 4750 1077 4764 ·
1142 4734 1262 4798 πῶς
1297 4732 1406 4804 γὰρ
1435 4734 1463 4787 ὃ
1491 4750 1555 4802 γε
1591 4728 1733 4787 κατὰ
1759 4734 1857 4803 τὴν

284 4831 558 4902 προφορὰν
594 4830 851 4899 χεόμενος
896 4828 992 4883 καὶ
1015 4826 1308 4898 λυόμενοςς
1346 4826 1577 4897 Εἴρηται
1605 4827 1661 4880 δὲ,
1683 4827 1770 4897 ἐφ’
1795 4820 1856 4879 οὗ

285 4922 339 4977 τὸ
368 4922 651 4993 magar-nat
680 4921 775 4983 ἐπὶ
815 4921 1036 4975 πάντων
1074 4919 1283 4973 τούτων
1320 4918 1644 4990 ἐκληπτέον.
1700 4920 1858 4973 Κατὰ

286 5013 386 5086 γὰρ
412 5014 532 5077 ,τὸν
555 5015 742 5085 ἕτερον
795 5013 904 5066 τῶν
953 5010 1376 5081 σημαινομένων
1429 5011 1654 5083 τρόπον,
1691 5011 1861 5082 ἤγουν

285 5107 638 5173 συΗαόικῶς,
676 5107 856 5162 πάντα
902 5106 1283 5177 γραφήσεται·
1328 5105 1424 5159 καὶ
1458 5105 1630 5159 πολλὰ
1661 5105 1729 5159 ἄν
1777 5123 1862 5170 τις

284 5201 585 5273 ὀνερευνῶν
628 5199 799 5271 εὖροι,
853 5200 938 5268 ἐφ’
983 5192 1058 5252 ὧν
1106 5200 1140 5269 ὴ
1182 5198 1420 5269 διαφορὰ
1470 5199 1701 5252 τουτωνὶ
1750 5199 1861 5252 τῶν

286 5291 475 5359 λέξεων
505 5292 878 5362 διαφαίνεται.
905 5290 1075 5344 Οὐδὲν
1104 5285 1199 5345 οὖν
1238 5292 1346 5344 τῶν
1373 5292 1685 5361 εἰρημένων
1718 5291 1857 5361 γρά-

285 5401 459 5452 φεται,
503 5386 555 5439 εί
603 5386 679 5457 μὴ
730 5384 988 5453 καθάπερ
1019 5381 1149 5436 ἔνιοι
1194 5384 1295 5445 τὰς
1325 5381 1526 5452 ἀρετὰς
1581 5382 1854 5451 σχηματί-

289 5473 465 5539 ζοντες
511 5478 606 5532 καὶ
664 5460 1112 5541 διαπλάσσοντες,
1184 5466 1296 5525 οἷον
1351 5470 1702 5540 δικαιοσύνην
1761 5473 1854 5524 καὶ

351 5608 373 5641 ⁸
400 5610 553 5670 Deut.
585 5626 739 5667 xxx"
794 5609 849 5663 8.

1966 1980 2056 2032 tali
2085 1980 2138 2037 in
2171 1980 2287 2033 loco
2315 1978 2572 2049 plautatis
2604 1987 2699 2033 aut
2727 1980 3002 2048 repositis,
3029 1982 3354 2034 suavitatem
3390 1996 3547 2035 suam

1961 2071 2260 2137 emittunt,
2292 2080 2455 2142 atque
2509 2073 2779 2127 hactenus
2825 2072 3379 2129 circumscrilmntur.
3440 2073 3547 2126 Sed

1961 2165 2084 2232 quia
2120 2165 2200 2218 ha:
2234 2164 2536 2233 qualitates
2560 2179 2655 2232 per
2689 2179 2747 2218 se
2781 2181 2885 2218 non
2917 2166 3245 2229 subsistunt,
3279 2182 3389 2219 non
3418 2166 3547 2235 piu-‘

1961 2264 2165 2323 guntur
2198 2270 2373 2323 neque
2405 2255 2514 2324 ullo
2545 2257 2705 2311 modo
2730 2254 2959 2312 formam
2998 2259 3066 2313 ab
3093 2269 3210 2313 arte
3245 2259 3547 2328 accipiunt.

1960 2346 2098 2413 Quid
2129 2346 2316 2401 Jacobi
2348 2346 2574 2419 ejusque
2594 2349 2867 2419 progeniei
2890 2351 2941 2404 in
2971 2350 3275 2422 Egyptum
3309 2351 3548 2406 descen-

1963 2454 2087 2500 Sus,
2118 2437 2210 2505 qui
2246 2438 2310 2491 ad
2342 2438 2773 2508 quadringentos
2815 2457 2988 2496 annos
3024 2443 3389 2510 perduravit?
3417 2459 3550 2496 ncc-

1964 2543 2067 2579 nou
2118 2526 2436 2582 Judatorum
2508 2529 2609 2583 sub
2660 2530 2930 2587 Chaldaeis
2996 2534 3137 2602 apud
3205 2534 3545 2606 Babylonem

1962 2618 2284 2688 captivitas,
2324 2619 2453 2673 totis
2502 2624 2847 2690 septuaginta
2906 2626 3067 2679 annis
3118 2626 3186 2678 ab
3234 2626 3536 2679 universali

1962 2708 2075 2764 Deo
2099 2710 2389 2778 prmﬁnita,
2425 2714 2491 2765 ad
2516 2728 2676 2782 quam
2698 2714 2750 2768 in
2774 2716 2953 2769 alieno
2972 2717 3089 2772 solo
3122 2717 3174 2772 hi
3206 2716 3347 2772 bello
3378 2719 3547 2785 capti,

1964 2808 2021 2853 ut
2054 2816 2148 2853 sua
2186 2815 2408 2870 peccata
2456 2805 2746 2872 expiarent
2777 2846 2793 2871 ,
2833 2809 3245 2877 perpetiendum
3298 2812 3547 2865 damnati

1961 2893 2135 2948 sunt?
2164 2892 2357 2947 Nonne
2385 2894 2502 2949 haec
2528 2898 2714 2951 omnia
2744 2900 3166 2971 circumscripta
3200 2901 3458 2965 fuerunt,
3493 2912 3549 2956 et

1964 2986 2142 3038 reditu
2177 2985 2395 3039 demum
2431 2987 2580 3041 [inita
2608 3027 2623 3052 ,
2660 2998 2720 3041 ut
2755 2988 2914 3045 divus
2954 2990 3249 3060 Gregorius
3284 2994 3360 3051 ait
3392 2994 3547 3066 (92)?

1963 3075 2108 3129 Sane
2146 3091 2232 3131 res
2262 3082 2505 3146 quaedam
2559 3090 2686 3135 sunt
2733 3081 2991 3136 abductio
3022 3082 3432 3152 deportatorum
3478 3102 3548 3139 ac

1962 3171 2174 3225 reditus
2209 3189 2221 3225 :
2257 3173 2495 3228 servitus
2524 3185 2705 3228 autem
2733 3176 3107 3245 captivitatem
3133 3178 3376 3246 quidem,
3407 3194 3550 3247 pran-

1964 3264 2258 3332 polentiam
2281 3305 2297 3330 ,
2341 3265 2794 3336 voluntatemque
2825 3252 3173 3338 tyrannicam
3197 3271 3546 3325 demonstra-

1963 3357 2082 3419 bat;
2113 3355 2453 3423 captivorum
2489 3373 2617 3414 vero
2651 3375 2735 3414 res
2767 3369 2923 3424 erat,
2961 3360 3236 3415 libertatis
3267 3356 3503 3428 priVat'to
3527 3406 3545 3431 ,

1960 3444 2273 3509 servitium,
2311 3454 2367 3500 et
2401 3448 2640 3502 violenta
2676 3451 2957 3506 abductio.
3007 3450 3111 3506 Sed
3147 3465 3330 3509 tamen
3381 3471 3541 3509 nemo

1959 3537 2393 3603 deportatioucm
2440 3550 2496 3593 et
2531 3541 2946 3610 captivitatem,
2997 3556 3271 3613 quatenus
3322 3549 3548 3615 quidem

1960 3644 2049 3682 res
2079 3630 2326 3697 qumdam
2364 3642 2532 3697 sunt,
2585 3634 2771 3704 pinget
2814 3653 2829 3688 ;
2877 3650 2983 3691 non
3028 3638 3181 3690 enim
3228 3638 3546 3706 deportatos

1958 3720 2108 3801 ipsos
2138 3721 2220 3774 vel
2252 3724 2561 3792 captivatos
2590 3742 2735 3782 nunc
2770 3727 2876 3781 dici
2921 3731 3219 3796 putandum
3256 3743 3385 3797 est;
3424 3750 3547 3785 nam

1961 3828 2049 3867 res
2075 3817 2142 3867 ab
2174 3814 2309 3885 ipsis
2340 3817 2659 3873 hominibus
2695 3820 2909 3875 diversa
2937 3833 3058 3889 est,
3089 3823 3253 3877 sicuti
3287 3822 3548 3879 diil'erunt

1959 3915 2116 3961 actus
2164 3920 2193 3958 a
2226 3909 2573 3976 corporibus.
2606 3909 2845 3966 Aereum
2878 3928 3094 3980 quoque
3141 3913 3329 3968 [latum
3364 3916 3548 3971 dicere

1957 3996 2087 4051 licet
2115 3997 2619 4071 circumscriptum,
2648 4005 2848 4074 quippe
2866 4006 2959 4075 qui
2982 4022 3088 4060 uno
3114 4006 3166 4059 iu
3194 4006 3316 4062 loco
3345 4010 3546 4078 Spirat,

1959 4089 2013 4143 iu
2064 4088 2174 4144 alio
2205 4092 2425 4158 delicit;
2471 4110 2581 4149 non
2616 4106 2794 4177 tamen
2836 4099 2983 4167 pingi
3025 4109 3229 4168 potest,
3284 4103 3548 4169 quoniam

1957 4185 2187 4239 artubus
2221 4196 2437 4241 nonest
2458 4188 2731 4257 prteditus
2764 4205 2945 4260 neque
2970 4191 3134 4245 ullam
3162 4196 3400 4263 Speciem
3438 4210 3537 4263 pta

1959 4288 2019 4327 se
2052 4271 2179 4329 fert.

2035 4554 2124 4609 15.
2156 4555 2270 4626 Age
2313 4571 2441 4635 veru
2499 4558 2771 4615 humanus
2815 4575 3034 4631 quoque
3066 4578 3252 4618 sermo
3303 4565 3539 4620 circum-

1902 4648 1929 4705 ἶ
1963 4648 2204 4717 scriptus
2229 4649 2453 4715 dicitur,
2483 4666 2659 4718 neque
2689 4661 2872 4707 tamen
2909 4654 3192 4723 ﬁguratur,
3227 4672 3325 4711 nec
3347 4674 3549 4728 corpus

1967 4740 2066 4803 illi,
2090 4755 2186 4794 nec
2212 4742 2445 4809 species,
2473 4758 2649 4811 neque
2674 4743 2780 4797 ulla
2807 4743 2981 4800 fortna
3014 4747 3177 4801 ἱιιθδι.
3213 4749 3348 4803 Nam
3373 4753 3466 4820 qui
3500 4754 3551 4806 ἰοί

1970 4830 2086 4884 ﬁeri
2113 4841 2322 4901 posset,
2346 4833 2618 4902 siquidem
2660 4838 3063 4904 pronuntiando
3098 4837 3342 4895 insiditur
3370 4857 3435 4898 ac
3468 4845 3556 4899 di-

1967 4924 2211 4979 labitur?
2240 4924 2413 4980 Porru
2436 4925 2551 4996 jam
2582 4928 2790 4984 dittum
2822 4946 2850 4985 ι
2886 4933 3043 4986 nobis
3073 4931 3213 4999 fuit,
3249 4950 3357 5004 quo
3385 4952 3551 4991 sensu

1966 5018 2288 5071 vocabulum
2322 5019 2593 5089 γράφεται
2629 5022 2690 5092 (i.
2728 5039 2780 5077 e.
2808 5025 3051 5094 pingitur
3077 5037 3172 5081 aut
3198 5029 3550 5100 describitur)

1968 5108 2020 5161 in
2048 5109 2135 5164 his
2163 5114 2415 5169 omnibus
2442 5116 2817 5183 accipiendum
2851 5119 2943 5172 sit.
2980 5117 3114 5173 Nam
3148 5124 3449 5175 secandum
3475 5124 3553 5175 al-

1968 5210 2143 5256 terum
2176 5219 2240 5258 ex
2274 5206 2359 5260 his
2383 5208 2820 5278 signiﬁcatibus,
2844 5210 2912 5289 _id
2941 5220 3023 5264 est
3057 5212 3391 5282 syllabatim,
3431 5230 3555 5268 om-

1968 5291 2058 5345 nia
2112 5293 2540 5351 delineabuntur
2575 5316 2590 5351 :
2625 5308 2681 5353 et
2739 5299 2915 5351 multa
2966 5300 3202 5369 quisque
3254 5303 3550 5355 scrutando

1970 5386 2248 5453 reperiet,
2296 5389 2348 5442 iu
2404 5390 2604 5459 quibus
2637 5391 2835 5445 harum
2884 5392 3188 5446 dictionum
3238 5393 3543 5448 dili'ereutia

1965 5488 2137 5546 patet.
2164 5477 2319 5536 Nulla
2346 5496 2479 5552 ergo
2512 5483 2896 5552 prardictarum
2920 5498 3101 5536 rerum
3132 5484 3409 5555 pingitur;
3444 5486 3548 5540 nisi

350 5764 460 5847 (Si?)
491 5763 638 5847 Orat.
677 5766 792 5847 ΙΗ,⁷
815 5764 929 5818 sive
952 5762 1033 5847 .de
1065 5761 1413 5847 rentecostc,
1441 5762 1590 5847 eirea
1611 5833 1643 5847 η
1664 5763 1824 5819 ﬂuent
1854 5785 1857 5820 :

1964 5768 2264 5841 ίχμαλωσία
2330 5771 2430 5843 μὲν
2494 5773 2604 5847 γὰρ
2638 5778 2717 5840 εὶς
2776 5778 3052 5846 Αἴγυπτον
3107 5781 3200 5833 καὶ
3250 5779 3555 5835 Βαϐυλῶνι

286 5830 653 5907 περίγραπτός
678 5852 738 5888 τε
764 5831 853 5905 ἦν,
880 5834 975 5886 καὶ
1009 5833 1171 5888 πάλαι
1200 5836 1264 5905 τῇ
1289 5830 1533 5903 ὲπανόδῳ
1567 5833 1776 5889 λέλυτο.

518 5935 786 5997 PATttOL.
820 5934 934 5993 Gn.
968 5933 1036 5994 C.

3154 5944 3231 6005 1'2
