4050 6464
491 367 613 439 363’

1523 377 1584 436 S.
1625 374 2045 439 NICEPHORI
2082 375 2584 438 PATRIARCHAS
2625 379 2732 439 CP.

3649 382 3752 448 361

493 489 634 544 forte
653 501 922 560 quatenus
955 491 1201 546 nonnulli
1237 491 1533 562 ﬁgurantes
1555 502 1610 548 et
1631 491 2061 560 conformantes,

2169 495 2426 566 ἀνδρείαν
2470 496 2564 548 καὶ
2611 497 2708 559 τὰς
2753 494 2947 558 λοιπὰς
3010 494 3506 564 σωματοποιοῦσιν,
3567 495 3641 558 ὡς
3698 498 3754 551 ἒν

489 581 656 636 veluti
701 583 972 653 justitiam
997 623 1014 650 ,
1048 583 1459 650 fortitudinem,
1508 583 1758 654 aliasque
1791 585 2026 640 virtutes
2049 624 2064 650 ,

490 684 804 744 rorporaut,
841 685 898 729 tit
931 673 1128 729 alicubi
1181 675 1468 743 videmus;
1502 691 1625 746 qua:
1661 665 1803 730 haud
1843 676 2066 744 preprie

493 766 712 835 ﬁgurari
752 765 1008 821 dicuntur
1050 780 1222 836 neque
1255 765 1440 837 pingi,
1477 768 1602 836 quia
1637 777 1828 822 carent
1867 766 2064 818 arche-

495 869 645 928 typo,
669 865 846 925 neque
871 859 962 910 ulli
1002 858 1078 912 rei
1107 857 1429 911 subsistenti
1453 856 1660 910 similes
1677 865 1823 910 stitit.
1855 856 2064 910 Etenim

492 950 756 1020 imagines
787 950 851 1004 ad
885 951 1174 1020 archetypa
1209 949 1479 1020 pingendo
1509 950 1822 1019 exiguntur,
1855 959 1909 1002 et
1941 949 2068 1002 chu-

490 1053 776 1108 ramntur,
823 1053 1058 1112 suutrpte
1095 1058 1158 1096 ex
1192 1041 1260 1095 iis
1290 1053 1408 1111 qua:
1463 1043 1530 1096 ad
1569 1043 1774 1111 aliquid
1815 1041 2065 1095 referun-

491 1143 578 1188 tur
606 1133 740 1206 (93),
766 1143 999 1188 utautea
1030 1133 1290 1188 diximus.
1325 1131 1446 1187 [hec
1466 1148 1600 1186 vero
1631 1133 1885 1203 ﬁgmenta
1917 1142 2065 1188 sunt.

489 1241 584 1296 pro
610 1227 825 1297 ingenio
872 1241 936 1281 ac
973 1235 1244 1296 poteState
1276 1225 1504 1280 artiﬁcis
1539 1225 1658 1296 80
1690 1224 2062 1289 conformata.

487 1316 694 1373 [Nullius
723 1318 888 1390 igitur
923 1320 998 1372 rei
1032 1317 1464 1388 praiexsistentis
1492 1327 1708 1372 constat
1737 1318 1807 1373 ab
1842 1318 1928 1372 his
1956 1333 2068 1386 pra:

485 1427 542 1463 se
577 1410 708 1465 ferri
738 1413 1000 1480 speciem,
1030 1410 1104 1464 [σι
1122 1425 1287 1474 mam,
1323 1421 1415 1463 aut
1447 1411 1696 1480 ﬁguram.
1721 1410 1866 1481 Ergo
1889 1425 2069 1480 neque

489 1505 708 1574 proprie
765 1519 940 1571 neque
987 1518 1113 1557 vere
1145 1501 1541 1572 elligiabuntur.
1594 1501 1658 1556 Et
1699 1503 1920 1558 omnino
1949 1517 2068 1572 quae

487 1593 610 1648 luco
653 1593 1078 1656 conelmtuutur,
1113 1606 1167 1650 et
1217 1610 1410 1649 sensus
1443 1606 1662 1650 nostros
1702 1596 1943 1649 alliciunt
1967 1635 1982 1661 ,
2014 1604 2068 1650 et

485 1688 680 1754 quibus
704 1701 925 1754 corpus,
953 1687 1185 1756 species,
1215 1695 1382 1754 atque
1416 1687 1584 1756 ﬁgura
1611 1688 2066 1756 circumponitur,

487 1781 600 1833 lucc
651 1789 705 1832 ut
743 1779 1040 1848 plurimum
1081 1779 1436 1849 eiiigiantur:
1491 1793 1612 1848 quae
1656 1789 1836 1834 autem
1894 1778 2056 1830 aliam

2169 602 2314 638 τισιν
2351 587 2586 655 εἴδομεν,
2633 586 2668 639 ὃ.
2717 587 2774 640 οὐ
2834 586 3039 656 κυρίως
3101 586 3471 650 εἰκονίζεσθαι
3539 587 3754 654 λέγεται

2168 679 2290 731 οὐδὲ
2346 678 2678 748 γράφεσθαι,
2738 679 2814 742 ὡς
2883 679 3210 750 άρχετύηων
3255 679 3630 748 ὴμοιρηκότα,
3666 683 3756 736 καὶ

2171 769 2443 840 μηδαμῶς
2493 788 2636 824 τισιν
2689 771 2989 824 ὑποστάσιν
3039 772 3221 840 ὅμοια.
3267 773 3334 824 Αἱ
3391 770 3504 838 γὰρ
3551 771 3753 836 εἰκόνες

2169 864 2305 934 πρὸς
2339 865 2623 936 ἀρχέτυπα
2681 864 3076 935 διαγράφονται
3125 865 3218 917 καὶ
3255 862 3638 934 χαράσσονται
3664 865 3754 918 καὶ

2169 955 2276 1008 τῶν
2306 957 2441 1026 πρός
2481 955 2528 1010 τί
2558 958 2689 1022 είσι,
2719 955 2866 1009 καθὰ
2898 955 2962 1027 δὴ
2994 957 3086 1010 καὶ
3119 956 3314 1026 πρώην
3345 959 3480 1024 ἡμῖν
3518 957 3748 1026 εἴρηται.

2168 1043 2356 1098 Ταῦτα
2386 1044 2442 1098 δὲ
2501 1043 2802 1117 πλάσματά
2852 1046 3026 1110 ἔστιν,
3087 1044 3148 1109 ἐξ
3195 1045 3450 1106 ἐπινοίας
3499 1047 3596 1098 καὶ
3631 1047 3746 1099 κατ’

2169 1134 2418 1201 ἐξουσίαν
2464 1135 2559 1188 τοῦ
2609 1134 2910 1198 τυποῦντος
2983 1135 3470 1205 ἀναπλασσόμενα.
3530 1135 3742 1200 Οὐδενὸς

2167 1224 2262 1281 οὖν
2303 1227 2723 1299 προῦφεστῶτος
2773 1225 2944 1280 ταῦτα
2987 1227 3224 1298 φέροντα
3278 1226 3590 1290 δείκνυται,
3633 1226 3740 1282 οὔτε

2169 1315 2328 1384 εἶδος,
2357 1319 2480 1373 οὒτε
2513 1319 2723 1390 σχῆμα,
2773 1318 2897 1372 οὔτε
2931 1319 3184 1390 μορφήν·
3224 1317 3426 1372 οὐκοῦν
3462 1319 3524 1370 οὐ
3556 1319 3744 1388 κυρίως

2167 1413 2288 1466 οὐδὲ
2318 1411 2534 1481 ἀληθῶς
2565 1411 3024 1492 είκονισῧήσεται.
3081 1410 3192 1464 Καὶ
3241 1410 3382 1472 ὅλως
3413 1409 3484 1461 τὰ
3514 1411 3572 1461 ὲν
3607 1411 3754 1477 τόπῳ.

2169 1505 2618 1576 περιειργόμενα,
2646 1506 2742 1558 καὶ
2766 1504 2902 1575 πρὸς
2931 1504 3030 1574 τὴν
3058 1503 3315 1575 αἴσθησιν
3345 1504 3449 1572 τὴν
3478 1502 3754 1572 ἡμετέραν

2169 1601 2472 1671 ἐρχόμενα,
2508 1593 2590 1662 οἷς
2627 1597 2790 1667 σῶμά
2824 1614 2882 1649 τε
2925 1597 3022 1650 καὶ
3050 1591 3190 1659 εἶδος
3237 1596 3338 1647 καὶ
3372 1595 3566 1664 σχῆμα
3610 1611 3753 1664 περι-

2167 1689 2396 1756 τίθεται,
2429 1687 2602 1742 ταῦτα
2631 1687 2708 1752 ὼς
2757 1687 2851 1740 ἐπὶ
2876 1687 2936 1740 τὸ
2987 1685 3241 1742 πλεῖστον
3278 1685 3617 1752 εἰκονίζεται
3643 1701 3656 1715 ·
3686 1685 3748 1737 τὰ

2167 1778 2223 1832 δὲ
2254 1779 2375 1831 καθ’
2427 1778 2616 1850 ἕτερον
2638 1778 2838 1849 τρόπον
2873 1777 3158 1846 γινόμενα,
3200 1775 3233 1846 ἢ
3283 1774 3399 1828 οὐδ’
3425 1775 3586 1837 ὅλως,
3630 1776 3662 1845 ἢ
3692 1779 3744 1827 ἐν

485 1867 690 1922 habent
720 1868 1008 1932 rationem,
1040 1883 1102 1922 ea
1138 1869 1221 1922 vel
1255 1883 1560 1937 nunquam,
1584 1868 1666 1922 vel
1697 1867 1942 1930 abusive,
1964 1866 2060 1921 ‘vel

2167 1868 2528 1938 καταχρήσει,
2557 1868 2589 1938 ἢ
2615 1869 2722 1938 ὅτῳ
2749 1867 2936 1938 τρόπῳ
2979 1867 3172 1937 ἑτέρῳ,
3208 1866 3514 1928 σπανιάκις
3544 1867 3752 1936 γραφή-

481 1959 590 2012 alio
619 1959 802 2026 aliquo
835 1958 1024 2024 modo,
1080 1973 1206 2012 raro
1238 1959 1552 2028 pingentur.
1583 1957 1698 2012 Tali
1735 1958 1918 2028 itaque
1956 1959 2064 2011 de-

483 2057 784 2104 tnousttata
817 2049 870 2102 iit
903 2047 1337 2114 hisdiﬂ'crentia,
1371 2061 1482 2103 tum
1509 2065 1575 2103 ex
1602 2050 1921 2109 deﬁnitione
1950 2058 2062 2102 tum

481 2158 544 2197 ex
581 2143 790 2210 reliqua
816 2141 1056 2209 ipsorum
1087 2143 1318 2208 ratione,
1347 2143 1706 2202 nihilominus
1731 2141 1785 2195 bi
1815 2141 2064 2198 carnales

482 2243 536 2288 et
566 2231 772 2297 stolidi,
795 2233 942 2284 intra
970 2233 1252 2300 praesentis
1277 2233 1400 2284 vine
1432 2231 1696 2286 terminos
1729 2247 1877 2302 spem
1908 2221 2061 2284 suam

483 2323 872 2377 concludeutes
905 2323 1002 2393 (ut
1035 2323 1138 2376 hoc
1167 2322 1332 2375 etiam
1364 2322 1479 2376 illis
1501 2331 1700 2392 prreter
1734 2331 1929 2376 etetera
1965 2338 2058 2378 oc-

481 2413 788 2485 ciuamus),
827 2429 1006 2482 neque
1035 2413 1308 2466 ullatenus
1337 2411 1602 2476 futuram,
1636 2425 1860 2484 propter
1895 2413 2063 2468 animi

483 2507 564 2561 sui
609 2505 890 2560 mollitiem
944 2514 1106 2574 atque
1151 2506 1215 2558 ad
1263 2505 1552 2559 materiam
1604 2505 2015 2575 proclivitatem
2043 2546 2058 2570 ,

488 2581 802 2668 spectantes
832 2637 847 2663 ,
884 2597 1167 2652 indomitis
1199 2606 1362 2666 atque
1392 2597 1700 2653 arbitrariis
1725 2599 2062 2653 exstimulati

484 2689 918 2762 cupiditatibus,
980 2679 1235 2757 tauquam
1289 2705 1386 2758 pro
1433 2679 1766 2746 auctoritate
1812 2692 2061 2760 dogmata

484 2801 578 2838 sua
601 2784 1006 2838 inconsiderate
1022 2783 1294 2852 nimisque
1317 2783 1684 2852 imprudenter
1701 2783 2061 2847 constituunt,

482 2890 606 2946 qum
651 2891 721 2930 ne
778 2883 960 2930 ret'uut
1007 2874 1226 2945 quidem
1273 2885 1468 2928 natura
1505 2874 1731 2944 patitur.
1765 2874 1899 2947 Nam
1937 2890 2058 2929 cum

489 2947 782 3020 dicendum
819 2965 962 3025 foret
992 2965 1214 3034 pingere
1247 2975 1300 3018 et
1341 2965 1574 3034 ﬁgurare
1602 3003 1616 3027 .
1667 2965 1768 3034 ipsi
1826 2965 2064 3019 circum-

483 3057 725 3110 scribere
746 3056 955 3119 dicunt,
977 3059 1152 3124 neque
1171 3055 1558 3110 ecclesiasticae
1585 3055 1866 3119 doctrinae,
1887 3070 2064 3125 neque

485 3163 667 3201 rerum
698 3149 915 3216 quidem
949 3147 1344 3202 COIIVCIIieﬂliiB
1379 3149 1740 3202 attendentes.
1779 3147 1963 3218 Neque
1997 3163 2057 3201 ea

483 3255 604 3310 qua:
627 3249 756 3295 sunt
778 3239 828 3293 iu
865 3241 965 3293 hac
995 3241 1266 3292 communi
1305 3255 1369 3294 ac
1393 3231 1634 3308 populari
1665 3239 2063 3293 consuetudine

482 3328 990 3406 persuasernut'cis
1018 3373 1034 3394 ,
1067 3338 1124 3382 ut
1158 3331 1350 3383 borum
1390 3329 1757 3383 differentiam
1797 3344 2061 3398 agnosce-

483 3433 634 3484 rent,
667 3420 830 3474 veluti
860 3431 985 3473 sunt
1013 3434 1074 3472 ea
1118 3435 1237 3490 qure
1259 3421 1518 3474 dicuntur
1553 3421 1605 3474 in
1636 3420 1862 3490 privatis
1892 3421 2064 3488 pactis

486 3513 913 3582 circumscriptae
955 3511 1276 3582 syngrapha:
1309 3551 1323 3576 ,
1353 3511 1584 3565 diversae
1635 3510 1702 3564 ab
1731 3509 1798 3564 iis
1830 3525 1951 3580 qua:
1989 3511 2056 3564 de

485 3604 769 3676 perpetuis
803 3605 1180 3657 contractibus
1204 3602 1323 3672 lege
1351 3602 1578 3655 sancitis
1617 3602 2058 3656 denominantur.

557 3697 645 3753 16.
683 3696 790 3752 Sed
817 3695 962 3766 quod
991 3697 1218 3749 istortrm
1251 3695 1493 3749 omnium
1522 3708 1868 3761 summopere
1899 3695 2066 3765 pude-

486 3782 626 3838 facit
657 3783 969 3850 insaniam,
1033 3799 1136 3836 non
1199 3781 1508 3853 intelligunt
1566 3782 1774 3837 miseri.
1835 3780 2066 3852 Semper

489 3877 634 3931 enim
673 3877 725 3930 in
765 3891 860 3930 ore
888 3877 1086 3929 habent
1118 3876 1402 3944 'eitantque
1430 3875 1750 3944 magistrum
1783 3875 2061 3929 Asterium

483 3970 762 4037 iubentem
808 3985 822 4021 :
873 3985 892 4020 ι
930 3967 1210 4022 Christum
1254 3981 1320 4020 ne
1356 3967 1550 4036 pingas
1591 3965 1726 4036 (94).
1767 3986 1785 4018 ι
1821 3967 1982 4034 Atqui
2021 3968 2066 4019 is

491 4071 597 4111 non
657 4057 900 4127 praecipit
955 4075 967 4111 :
1031 4054 1110 4110 Nc
1157 4056 1598 4111 circmnseribas.
1663 4056 1753 4110 Sic
1797 4057 1942 4110 enim
2011 4069 2065 4110 et

491 4157 682 4203 noster
733 4147 984 4202 Asterius
1040 4147 1091 4200 in
1135 4141 1374 4200 dictione
1422 4146 1490 4200 de
1547 4155 1790 4216 utartyrc
1845 4146 2064 4216 Euphe-

492 4239 782 4310 mia(9z‘i):c
812 4239 951 4302 Vidi,
979 4237 1175 4306 inquit,
1198 4238 1462 4307 picturam
1488 4239 1778 4306 quamdam
1811 4257 1830 4291 ι
1855 4253 2066 4292 sacram

491 4329 743 4386 videlicet
763 4331 896 4384 divae
927 4330 1198 4401 martyris,
1226 4329 1325 4383 hoc
1349 4328 1494 4384 dicto
1523 4330 1680 4384 nobis
1704 4329 1938 4384 iunuens
1957 4331 2067 4386 his-

493 4423 708 4477 toriam.
726 4421 840 4475 Non
861 4430 1040 4474 tamen
1062 4419 1194 4484 dixit
1213 4421 1779 4492 circumscriptionem
1799 4439 1814 4488 ;
1835 4425 2064 4493 pictam,

2167 1977 2339 2014 σεται.
2360 1959 2642 2028 Τοσαύτης
2657 1955 2749 2012 οὖν
2764 1957 3175 2028 ἐμφαινομένης
3193 1959 3250 2010 ὲν
3268 1957 3487 2022 τούτοις
3513 1958 3610 2026 τῆς
3633 1957 3748 2010 δια-

2165 2055 2360 2123 φορᾶς,
2384 2051 2446 2105 ἔκ
2475 2069 2536 2106 τε
2569 2051 2661 2106 τοῦ
2695 2051 2921 2122 ὁρισμοῦ
2947 2051 3040 2104 καὶ
3067 2050 3158 2102 τοῦ
3187 2049 3381 2103 λοιποῦ
3409 2051 3542 2120 περὶ
3573 2048 3746 2102 αὐτῶν

2163 2141 2348 2210 λόγου,
2364 2141 2500 2212 πλὴν
2517 2141 2568 2194 at
2581 2157 2641 2209 γε
2658 2139 2924 2211 ἐμπαθεῖς
2938 2140 3032 2192 καὶ
3045 2139 3283 2208 ἀνόητοι,
3309 2142 3477 2208 μέχρι
3495 2139 3596 2207 τῆς
3611 2138 3751 2206 ζωῆς

2163 2233 2261 2302 τῆς
2275 2231 2558 2304 παρούσης
2576 2233 2674 2334 την
2692 2231 2886 2284 ἐλπίδα
2900 2233 3363 2302 περιγράφοντες,
3380 2231 3470 2282 ἵνα
3483 2229 3750 2282 καὶτοῦτο

2163 2325 2345 2386 αὐτοῖς
2377 2319 2729 2393 προστεθέίη,
2771 2322 2866 2376 καὶ
2890 2322 3146 2390 οὐδαμῶς
3184 2321 3318 2390 πρὸς
3349 2320 3444 2373 τὸν
3482 2319 3742 2389 μέλλοντα

2161 2415 2250 2468 διὰ
2273 2415 2336 2468 τὸ
2359 2413 2606 2484 ἐμπαθὲς
2638 2413 2738 2484 τῆς
2768 2413 2950 2483 ψυχῆς
2986 2415 3082 2467 καὶ
3121 2413 3258 2482 πρὸς
3299 2413 3400 2482 τὴν
3437 2411 3574 2480 ὕλην
3599 2411 3752 2480 ἐπιρ-

2164 2505 2329 2575 ῥεπὲς
2362 2505 2674 2575 βλέποντες,
2702 2507 2902 2576 ὁρμαῖς
2933 2504 2989 2558 δὲ
3037 2503 3396 2568 ἀπαιδεύτοις
3440 2503 3538 2558 καὶ
3563 2501 3748 2556 abbat-

2164 2597 2340 2668 ρέτοις
2374 2595 2707 2666 κινούμενοι,
2741 2596 2931 2666 ὥσπερ
2967 2595 3024 2660 ἐξ
3075 2594 3457 2664 ἐπιτάγματος
3488 2593 3556 2646 τὰ
3575 2593 3754 2662 δεδογ-

2165 2689 2304 2758 μένα
2353 2688 2741 2758 νομοθετοῦσιν
2797 2686 3220 2757 ἀπερισκέπτως
3257 2689 3356 2739 καὶ
3405 2687 3531 2739 λίαν
3581 2687 3746 2754 ἀφρο-

2162 2778 2436 2842 νέστατα,
2483 2777 2520 2831 ἃ
2564 2777 2700 2848 μηδὲ
2753 2776 2893 2847 αὐτὴ
2933 2775 3042 2829 τῶν
3099 2775 3450 2846 πραγμάτων
3510 2777 3544 2845 ἡ
3594 2774 3750 2844 φύσις

2163 2868 2471 2922 ἐπίσταται.
2515 2871 2644 2920 Δέον
2675 2866 2784 2938 γὰρ
2817 2865 3020 2933 λέγειν,
3052 2867 3288 2936 γράφειν
3313 2867 3410 2918 καὶ
3442 2863 3746 2928 είκονίζειν,

2164 2961 2531 3032 περιγράφειν
2567 2961 2723 3028 φασὶ,
2764 2959 2900 3028 μήτε
2931 2961 2996 3028 τῇ
3028 2956 3470 3028 ἐκκλησιαστικῇ
3500 2957 3747 3010 διδασκα-

2162 3053 2271 3124 λίᾳ,
2307 3042 2582 3123 μήτ-ε’μὴν
2613 3055 2678 3124 τῇ
2705 3051 2814 3104 τῶν
2855 3051 3198 3122 πραγμάτων
3246 3051 3550 3124 ἀκολουθίᾳ
3579 3064 3744 3117 προσ-

2165 3147 2479 3216 ανέχοντες.
2510 3145 2646 3199 Οὐδὲ
2673 3144 2742 3198 τὰ
2782 3148 2840 3198 ἐν
2866 3148 2932 3216 τῇ
2958 3147 3112 3214 κοινῇ
3135 3143 3404 3214 ταύτῃῖὴ
3436 3144 3531 3195 καὶ
3567 3140 3747 3210 δημὼ-

2162 3239 2240 3292 δει
2269 3240 2486 3310 χρήσει,
2531 3237 2832 3306 ἐπιγνῶναι
2862 3238 3061 3300 αὐτοὺς
3106 3236 3205 3304 τὴν
3241 3235 3454 3289 τούτων
3480 3232 3748 3304 διαφοράν

2166 3329 2452 3391 πέπεικεν,
2483 3322 2574 3382 οἶά
2606 3330 2714 3381 είσι
2745 3327 2815 3380 τὰ
2857 3327 3131 3398 λεγόμενα
3162 3327 3221 3378 ἐν
3255 3328 3373 3389 τοῖς
3403 3324 3747 3396 συμϐολαίοις

2163 3423 2523 3492 γραμματεῖα
2589 3419 3007 3490 ὲμπερίγραφα,
3063 3417 3592 3487 ἁντιδιεσταλμένως
3638 3415 3746 3476 τοῖς

2163 3515 2276 3584 ἐπι
2310 3513 2422 3576 τοῖς
2489 3512 2768 3582 διηνεκέσι
2830 3511 3242 3582 συναλλάγμασι
3271 3522 3292 3544 ⁴
3327 3508 3743 3580 νενομισμένοις

2163 3603 2566 3674 ὀνομαζόμενα.

2238 3695 2334 3762 ις’.
2389 3698 2454 3749 Ὃ
2510 3696 2568 3748 δὲ
2621 3695 2840 3750 πάντων
2886 3695 3068 3750 αὐτῶν
3117 3695 3356 3776 μάλιστα
3395 3691 3745 3762 καταισχύνει

2165 3789 2264 3860 τὴν
2294 3791 2504 3852 ἄνοιαν,
2535 3790 2598 3841 οὐ
2653 3789 2895 3858 συνῆκαν
2943 3789 2993 3840 οἱ
3041 3787 3289 3844 δείλαιοι.
3330 3784 3614 3854 Πανταχοῡ
3641 3781 3742 3848 γὰρ

2167 3882 2322 3934 αὐτοὶ
2338 3881 2442 3934 δινᾶ
2477 3881 2652 3949 στόμα
2671 3879 2910 3949 ἔχοντες,
2929 3875 3355 3948 προ[σ]φέρουσι
3386 3875 3476 3928 τὸν
3497 3872 3743 3926 διδάσκα-

2165 3971 2257 4024 λον
2303 3969 2582 4040 Ἀστέριον
2611 3968 3028 4039 προστάσσοντα
3059 4007 3073 4030 ,
3103 3966 3194 4033 τί;
3227 3985 3245 4016 ι
3281 3966 3375 4036 Μὴ
3423 3965 3604 4035 γράφε
3656 3961 3744 4012 τῖιν

2167 4059 2403 4131 Χριστόν
2429 4075 2444 4090 ⁸
2479 4076 2500 4110 ›
2529 4059 2589 4110 οὐ
2625 4059 2754 4127 μὴν,
2779 4059 2869 4128 Μὴ
2894 4057 3230 4126 περίγραςρε,
3259 4053 3730 4122 διακελευόμενον.

2169 4155 2326 4206 Οὕτω
2357 4152 2413 4204 δὲ
2441 4151 2534 4204 καὶ
2565 4153 2592 4203 ὁ
2618 4149 2737 4203 καθ’
2765 4151 2914 4220 ἡμᾶς
2965 4149 3246 4219 Ἀστέριος
3279 4149 3337 4200 ὲν
3367 4149 3436 4218 τῇ
3477 4145 3618 4198 κατὰ
3645 4140 3740 4209 τὴν

2169 4240 2334 4310 ἁγίαν
2366 4241 2620 4311 μάρτυρα
2643 4238 3218 4310 Εὐφημίσινὲκφράσει
3241 4237 3317 4309 (ιι)
3343 4253 3357 4268 ·
3397 4257 3414 4288 ι
3446 4232 3596 4291 Εἶδον
3628 4230 3738 4284 ἐκεῖ

2170 4333 2388 4404 γραφήν
2419 4349 2566 4394 τινα,
2605 4350 2624 4382 ι
2661 4331 2758 4402 τὴν
2785 4331 2938 4402 ἱερὰν
2967 4329 3208 4399 ἱστορίαν
3242 4331 3341 4398 τῆς
3371 4329 3741 4398 Θεομάρτυρος

2172 4424 2301 4492 ἡμῖν
2320 4421 2643 4484 ὑποδεικνύς
2663 4438 2676 4452 ·
2724 4423 2785 4474 οὺ
2823 4423 3195 4492 περιγραςρὴν,
3217 4421 3412 4491 εἴρηκε
3437 4438 3450 4452 ·
3483 4420 3576 4472 καὶ
3618 4430 3742 4484 γρα-

495 4519 747 4586 inquant,
781 4531 886 4570 non
930 4516 1425 4586 circumscriptam,
1458 4515 1770 4585 appellavit.
1796 4513 1946 4571 Vidit
1978 4533 2063 4570 ar-

2178 4514 2364 4586 φικὴν,
2394 4513 2456 4568 οὐ
2490 4513 2896 4586 περιγραφικὴν
2932 4513 3460 4582 κατωνομασμένην.
3497 4507 3617 4564 Οἵδε
3649 4505 3741 4574 τὴν

497 4619 623 4672 lem,
651 4619 705 4663 et
741 4609 1008 4677 pictorum
1049 4608 1287 4676 optimos
1318 4607 1731 4676 obstupescere,
1763 4615 1818 4661 et
1847 4607 2065 4677 plurimi

495 4701 562 4754 ab
583 4701 665 4752 eis
701 4698 840 4762 ﬁeri,
873 4697 1274 4750 admirantibus
1307 4697 1649 4764 egregiorum
1666 4690 1949 4750 artiﬁcum
1989 4706 2069 4748 tam

495 4790 668 4846 bulas.
715 4788 856 4854 Quid
891 4787 958 4842 de
1009 4787 1134 4841 aliis
1159 4801 1324 4854 porro
1370 4789 1544 4842 sacris
1575 4782 1831 4840 Patribus
1870 4787 2074 4842 nostris

497 4877 826 4936 dicendum?
865 4892 1104 4947 quorum
1153 4877 1299 4929 alius
1350 4877 1720 4931 charaxautes
1766 4875 1818 4929 in
1873 4876 2072 4932 tabulis

496 4974 736 5044 pictores
759 4971 1020 5037 exhibet;
1050 4968 1193 5023 alius.
1223 4977 1405 5022 autem
1438 4969 1514 5022 ait
1541 4985 1556 5022 ι
1593 4966 1677 5022 An
1708 4968 1865 5022 vobis
1899 4969 2075 5022 homi-

569 5166 914 5242 (95)Gellius
969 5165 1064 5242 lib.
1130 5181 1205 5229 tu,
1264 5163 1318 5218 5.
1379 5181 1396 5215 ι
1460 5161 1660 5242 Omnes
1695 5163 1920 5242 omnino
1980 5181 2065 5221 res

499 5233 620 5313 quia
665 5233 863 5313 sensus
909 5239 1149 5313 omnium
1183 5242 1443 5313 onerent,
1480 5234 1590 5313 τῷν
1642 5233 1784 5302 πρός
1828 5251 1896 5313 ῗι,
1935 5250 2058 5291 esse

501 5303 706 5366 dicunt.
749 5309 804 5362 Id
859 5308 1081 5362 verbum
1147 5303 1422 5375 signiﬁcat
1460 5305 1592 5358 nilril
1625 5320 1746 5359 esse
1769 5305 2060 5374 quidquam

499 5377 642 5453 quod
666 5396 732 5434 ex
755 5395 814 5432 se
843 5387 1082 5453 constet,
1105 5391 1208 5453 nec
1233 5376 1374 5444 quod
1405 5375 1598 5453 habeat
1637 5377 2058 5453 viurproiiriain

501 5445 556 5505 (ἔι
583 5461 852 5512 naturam,
881 5449 975 5502 sed
998 5447 1175 5500 oumia
1211 5459 1456 5512 prorsum
1495 5446 1560 5497 ad
1601 5445 1801 5514 aliquid
1829 5446 2054 5511 referri;

505 5521 740 5585 taliaque
760 5519 949 5582 videri,
979 5517 1156 5583 qualis
1179 5518 1248 5569 sit
1278 5527 1462 5569 eorum
1487 5519 1693 5583 species
1715 5518 1840 5567 dum
1874 5515 2057 5570 viden-

503 5601 608 5654 tur,
625 5589 906 5657 qualiaque
925 5588 1062 5654 apud
1077 5600 1271 5639 sensus
1294 5595 1529 5657 nostros,
1549 5602 1654 5653 quo
1677 5596 2060 5652 pervenerunt,

501 5655 794 5721 creantur;
820 5655 924 5710 non
961 5658 1101 5723 apud
1132 5669 1272 5718 sese,
1306 5655 1446 5708 unde
1493 5657 1734 5722 profecta
1765 5663 1912 5710 sunt.
1959 5673 1980 5706 ι

573 5725 684 5798 (94)
713 5729 863 5796 Apud
880 5724 1263 5798 Combeﬁsiutu
1291 5723 1447 5776 Auct.
1469 5723 1536 5777 Β.
1564 5723 1746 5798 ΡΡηι.
1775 5724 1814 5790 Ι,
1846 5740 1907 5798 p.
1927 5723 2059 5778 267.

501 5795 804 5868 ειηυῑςιυω
857 5805 966 5850 tam
1018 5795 1118 5850 hoc
1167 5808 1328 5863 quam
1385 5806 1643 5865 sequente
1690 5795 1809 5850 loco
1859 5797 2059 5850 dicitur

2173 4604 2487 4674 τέχνην,καὶ
2501 4605 2607 4656 τῶν
2621 4605 2926 4674 ζωγράφων
2939 4605 3030 4656 τοὺ
3043 4625 3061 4666 ς
3073 4604 3328 4674 ἀρίστους
3345 4597 3716 4672 ὑπεράγασοαι
3728 4633 3748 4660 ,

2173 4695 2270 4748 καὶ
2286 4696 2364 4757 είς
2385 4694 2530 4763 μέγα
2549 4691 2864 4766 ἧρθαι’παρ’
2886 4695 3095 4760 αὐτοῖς,
3115 4696 3212 4748 καὶ
3235 4695 3351 4765 ἃμα
3375 4689 3739 4764 θαυμάζεσθαι

2181 4785 2289 4839 τῶν
2325 4787 2828 4858 φιλοτεχνουμένων
2869 4788 2996 4849 τοὺς
3037 4787 3294 4850 πίνακας.
3337 4787 3402 4838 Τί
3433 4788 3537 4856 χρὴ
3567 4781 3740 4847 λέγειν

2178 4894 2245 4929 πε
2257 4877 2307 4948 ρί
2329 4895 2391 4946 γε
2405 4878 2514 4930 τῶν
2531 4879 2707 4933 ἄλλων
2721 4879 2884 4948 ἱερῶν
2903 4878 3049 4932 [latas
3055 4896 3164 4949 ρων
3181 4881 3215 4948 ἡ
3223 4878 3338 4948 μῶν
3357 4896 3372 4944 ;
3395 4872 3468 4932 ὧν
3485 4880 3512 4929 ὁ
3525 4875 3618 4947 μὲν
3634 4870 3742 4930 τοῖς

2183 4969 2398 5035 πίναξιν
2436 4969 2881 5042 ἐγχαράσσοντας
2928 4970 3056 5032 τοὺς
3097 4969 3420 5040 ζωγράφους
3454 4959 3736 5036 παρατίθε-

2169 5167 2414 5222 Asterius
2437 5167 2680 5221 Amaseze
2705 5169 3008 5238 episcopus.
3041 5167 3386 5236 Cteteroquin
3420 5167 3556 5220 alios
3575 5163 3729 5238 etiam

2183 5239 2460 5306 antiquior
2497 5234 2752 5292 Asterius
2767 5234 3004 5291 Aria—nus
3032 5234 3285 5301 exstitit,‘
3307 5241 3460 5306 cujus
3491 5234 3724 5306 ettplaua—

2170 5303 2368 5362 liouein
2399 5311 2451 5361 in
2489 5319 2743 5375 quartum
2771 5309 3040 5378 psalmum
3085 5309 3254 5363 edidit
3301 5303 3726 5378 Miintfaueouius

2167 5393 2290 5432 cmn
2344 5374 2597 5443 Eusebio,
2639 5374 2914 5448 quamque
2959 5381 3013 5431 in
3049 5382 3238 5434 codice
3261 5381 3432 5433 etiam
3475 5374 3732 5430 Vaticano

2167 5449 2396 5516 ipsemet
2424 5449 2733 5503 obaervavi.
2977 5503 2983 5510 ,

2251 5517 2364 5588 (95)
2395 5517 2554 5588 Apud
2593 5517 3004 5585 Comheﬁsium,
3041 5533 3129 5586 op.
3167 5519 3262 5574 cit.
3295 5534 3347 5587 p.
3378 5518 3502 5588 207.

2246 5573 2322 5658 (ιι)
2346 5573 2586 5642 Ὁοιὶΐειιν
2607 5573 3004 5658 (ὶοιιιιιθίίδίιιιιί
3027 5573 3259 5641 Auctor.
3293 5573 3436 5642 'Bt'bl.
3484 5582 3593 5638 ΡΗ.
3627 5588 3664 5635 ι.
3692 5573 3730 5642 ιι

2167 5673 2221 5726 p.
2251 5657 2356 5729 ‘29?
2388 5670 2442 5711 et
2486 5676 2536 5727 p.
2573 5657 2703 5729 267,
2745 5659 2836 5726 qui
2895 5661 3064 5712 utitur
3097 5659 3402 5729 Necpltoro
3429 5666 3606 5714 nostro
3635 5661 3728 5704 ms-

2171 5723 2259 5784 iibi
2291 5723 2353 5784 Β.
2389 5723 2591 5786 Asterii
2623 5723 2927 5800 fragmenta
2967 5730 3188 5800 colligit.
3232 5723 3245 5729 ’
3697 5801 3702 5806 η

3745 5827 3767 5856 ις
