4050 6432
293 426 409 493 365

1038 420 1664 483 ANTIRRHETICUS
1697 417 1757 478 II
1798 418 1965 477 ADV.
2005 410 2601 479 CONSTANTINL'M
2638 419 2852 480 COPR.

3458 419 3564 482 366

296 553 390 588 ται
410 551 424 564 ·
452 536 481 588 6
512 534 588 596 δὲ,
618 532 699 587 δτι
729 527 877 604 ’Ἄρα
912 532 1148 603 μετρίως
1183 530 1313 598 ὑμῖν
1343 530 1433 582 τὸν
1471 528 1640 599 ἄνδρα
1672 528 1700 580 6
1722 525 1879 595 λόγος

2004 539 2107 578 νοω
2179 525 2532 580 mediocriter
2589 542 2772 580 sermo
2828 525 3119 596 depinxit?
3175 528 3239 582 Et
3300 542 3492 583 rursus
3547 549 3561 584 :

294 622 551 694 ἔγραφες
588 624 836 692 φάσκων.
875 622 987 677 Καὶ
1030 621 1194 675 πάλιν
1217 643 1231 657 ·
1266 617 1412 692 *Αρα
1446 620 1506 673 οὐ
1531 617 1718 686 σαφῶς
1748 618 1878 686 ὑμῖν

292 714 392 771 τὸν
418 715 712 786 ὁμώνυμον
736 716 861 784 ἐμοὶ
894 714 993 768 καὶ
1020 714 1299 785 όμόψυχον
1327 715 1358 766 6
1391 711 1686 783 ζωγράφος
1724 710 1879 778 λόγος

295 809 723 874 ἀνστυπώσατος
746 808 937 870 Οὐδεὶς
969 807 1027 860 δέ
1050 825 1159 871 πω,
1188 804 1608 876 περιέγραψεν,
1639 806 1882 874 εἴρηκεν.

304 902 366 956 0i
389 900 455 957 δὲ
478 900 603 955 οὐδὲ
626 898 869 969 τοῦνομα
896 899 1050 961 αύτδ,
1095 898 1125 951 6
1168 900 1281 961 τοῖς
1318 896 1755 969 πεπειραμένοις
1785 895 1883 963 τὴν

304 993 502 1063 τέχνην
541 992 746 1061 ταύτην
805 991 1190 1061 ἐπι-κέκληται,
1249 990 1572 1061 ἐπῄσθοντο.
1609 986 1884 1041 Τοσοῦτον

301 1081 749 1153 κατεφθαρμένοι
783 1080 877 1133 τὸν
906 1081 1169 1151 λογισμὸν
1209 1076 1311 1135 καῖ
1349 1082 1412 1133 τὺ
1443 1079 1705 1133 ἀσύνετον
1735 1078 1887 1130 νενο-

298 1172 542 1245 σήκασιι
589 1171 881 1243 Ζωγράφοι
910 1173 1041 1240 γάρ,
1096 1173 1160 1225 οὐ
1190 1170 1635 1242 ζωοπεριγράφοι
1694 1169 1890 1241 κικλήο

298 1277 552 1317 σκονται.
604 1262 716 1314 Καὶ
758 1261 844 1313 ἵνα
881 1260 957 1332 μὴ
986 1261 1159 1328 λόγων
1208 1260 1530 1331 λαϐύρινθον
1576 1258 1887 1328 διεξίοιμεν,

294 1352 401 1405 καὶ
432 1346 606 1414 ἄλλως
666 1351 928 1422 ῥημάτων
973 1351 1130 1421 ὄχλον
1164 1351 1500 1421 ἀδιεξίτητον
1535 1348 1889 1419 ὲπεισκρίνω-

298 1459 432 1514 μιν,
464 1444 908 1514 εύπερίγραπτον
932 1444 1032 1512 τὴν
1064 1443 1191 1517 περὶ⁵
1217 1444 1311 1498 τοῦ
1330 1441 1586 1517 γραπτοῦ
1614 1441 1708 1494 καὶ
1737 1456 1892 1511 περι-

296 1535 559 1605 γραπτοῦ
590 1536 809 1608 γραφὴν
843 1535 1095 1588 ἐνταυθοῖ
1122 1535 1576 1606 περιγράψωμεν.

377 1650 465 1714 ιζ’.
509 1644 748 1716 [li-3:05»;
795 1648 898 1701 οὐκ
938 1648 1382 1725 ἐγκαλύπτονται
1425 1648 1475 1700 oi
1516 1645 1892 1717 Χριστομάχοι

297 1744 402 1794 καὶ
426 1740 811 1811 καταδύονται,
835 1738 902 1791 τά
934 1726 1206 1808 ἀσώματα
1232 1738 1328 1791 καὶ
1360 1739 1502 1807 ἀσχη
1514 1725 1753 1806 μάτιστα
1781 1731 1892 1789 οἷον

296 1832 542 1903 ἄγγελον
602 1830 697 1884 καὶ
749 1829 953 1901 ψυχὴν,
996 1831 1121 1884 ὅσον
1181 1829 1328 1883 κατά
1381 1829 1474 1884 τὸν
1528 1828 1658 1883 ἴδιον
1709 1829 1889 1898 λόγον,

294 1921 599 1985 ἀκούοντες
655 1914 1117 1991 περιγράφεσθαι,
1158 1919 1398 1991 Χριστὸν
1448 1920 1505 1974 δὲ
1555 1914 1890 1989 σεσωματω-

303 2015 497 2085 μένον,
530 2014 626 2068 καὶ
645 2014 704 2066 ὲν
736 2013 895 2084 οὐσίᾳ
917 2014 983 2083 τῇ
1018 2011 1139 2065 καθ’
1167 2012 1317 2080 ἡμᾶς
1350 2011 1656 2089 πεφηνότα,
1688 2013 1783 2065 καὶ
1810 2013 1895 2064 ὲν-

298 2105 619 2160 υπόστατον
651 2104 816 2169 ὅντα,
847 2103 941 2156 καὶ
985 2098 1126 2165 εἶδος
1177 2102 1274 2157 καὶ
1312 2103 1500 2173 σχῆμα
1540 2104 1635 2156 καὶ
1679 2102 1895 2175 μορφὴν

301 2196 662 2270 ἀνθρωπείαν
687 2195 1021 2266 ἀνειληφότα
1042 2234 1057 2259 ,
1091 2194 1185 2248 καὶ
1220 2193 1556 2258 διασῴζοντα
1584 2194 1642 2246 ἐν
1671 2197 1807 2248 πᾶσι
1835 2197 1896 2247 τδ

301 2291 370 2342 ὲν
403 2287 715 2358 ἀνθρώποις
753 2286 984 2349 τέλειον,
1031 2284 1107 2356 μὴ
1162 2284 1411 2349 δοξάζειν
1450 2284 1897 2355 περιγράφεσθαι

303 2382 407 2436 καὶ
428 2380 899 2451 γράφεσθαι,ῆτοι
923 2376 1318 2443 εἰκονίξεσθαι;
1343 2378 1655 2448 Ἀμφότεροι
1677 2379 1787 2449 γὰρ
1810 2379 1896 2430 ἐπ’

304 2473 486 2528 αὐτοῦ
514 2473 790 2526 δείκνυται
815 2489 828 2501 -
876 2472 1000 2525 ἐπεὶ
1017 2472 1114 2524 καὶ
1148 2469 1233 2540 ἐφ’
1256 2470 1414 2540 ἡμῶν
1445 2469 1617 2524 ταῦτα
1650 2469 1774 2524 καθ’
1805 2468 1900 2534 οὒς

305 2566 557 2634 γέγονεν,
588 2564 802 2626 ούδενδς
831 2563 941 2616 τῶν
971 2562 1094 2616 καθ’
1122 2563 1272 2633 ἡμᾶς
1293 2561 1433 2632 πλὴν
1460 2561 1738 2634 ἁμαρτίας
1764 2562 1900 2614 ἀπο-

305 2656 367 2709 λε
379 2657 657 2729 ιπόμενος.
678 2656 838 2708 Ὀλον
852 2655 920 2722 γὲ
931 2671 961 2725 ρ
973 2653 1063 2707 τὸν
1086 2653 1318 2707 παλαιὸν
1344 2653 1516 2722 Ἀδάμ
1533 2656 1560 2706 6
1578 2653 1700 2716 νέος
1728 2652 1901 2722 Ἀδὰμ

309 2750 535 2821 ἔφερεν,
566 2748 654 2802 ἵνα
677 2747 914 2800 πεσόντα
940 2745 1048 2798 ὑπὸ
1098 2747 1198 2815 τὴν
1222 2740 1499 2814 ἁμαρτίαν
1544 2744 1634 2797 διὰ
1664 2745 1762 2814 τὴν
1796 2742 1901 2813 τῆς

306 2841 475 2904 θείας
517 2840 743 2908 ἐντολῆς
795 2836 1132 2909 παράϐασιν,
1173 2838 1460 2908 ἀναστήσῃ
1492 2839 1551 2890 ὲν
1593 2833 1773 2905 ἑαυτῷ
1825 2834 1901 2898 ὡς

312 2928 710 3001 ἀναμάρτητος
745 2930 951 3001 χάριτι.
989 2929 1059 2981 Ἢ
1093 2928 1187 2981 καὶ
1219 2928 1450 2991 ἑαυτοὺς
1500 2926 1595 2979 τοῦ
1626 2925 1791 2980 αὑτοῦ
1835 2941 1901 2994 γε

310 3022 478 3085 ὂντας
510 3022 854 3092 φυράματος,
891 3019 1333 3092 περιγεγράφθω
1370 3019 1785 3090 ἀπιστήσουσιν,
1814 3018 1903 3071 ἵνα
1926 3048 1939 3057 ι

317 3116 420 3171 καὶ
461 3115 523 3168 τὺ
584 3112 722 3169 εἶναι
769 3113 1049 3185 ἄνθρωποι
1119 3110 1633 3183 προσαπολέσωσιν;
1706 3110 1902 3181 Ἡμεῖς

315 3207 430 3278 γὰρ
450 3205 903 3275 πεπιστεύκαμεν
920 3204 1016 3258 καὶ
1031 3202 1443 3271 διαγγέλλομεν,
1462 3199 1538 3264 ὡς
1558 3199 1647 3253 διὰ
1679 3216 1899 3271 περιου-
1924 3229 1966 3286 c

316 3301 448 3354 σίαν
476 3298 915 3368 φιλανθρωπίας,
937 3296 998 3348 τὸ
1014 3296 1147 3348 ῐδιον
1176 3293 1402 3363 πλάσμα
1434 3292 1524 3345 ἐπὶ
1546 3291 1642 3362 τὴν
1664 3291 1900 3361 ἀρχαίαν

321 3390 612 3458 εὐγὶνειαν
675 3390 703 3443 ό
762 3388 904 3451 θεῖος
944 3388 1117 3455 Λόγος
1174 3385 1637 3455 ἀνακαλούμενος,
1686 3384 1900 3455 πρῶτον

322 3481 427 3552 μὲν
451 3482 510 3533 ὲν
539 3466 605 3551 τῇ
660 3479 817 3549 νηδύϊ
853 3479 952 3548 τῆς
994 3476 1270 3544 παναγίας
1304 3475 1530 3546 Μητρὸς
1564 3465 1900 3546 καϊάληθῶς

314 3574 587 3628 Θεοτόκου
615 3574 867 3643 οἰκήσας,
913 3570 1094 3641 σάρκα
1137 3569 1386 3640 ἀψευδῶς
1414 3568 1511 3639 τὴν
1534 3567 1809 3639 ἡμετέραν
1838 3568 1904 3620 ἐκ

321 3665 674 3736 παρθενικῶν
723 3664 975 3733 αἱμάτων
1009 3650 1398 3732 προσεῖληφεν.
1443 3660 1598 3714 Ἐπεὶ
1623 3660 1717 3713 καὶ
1741 3657 1900 3727 αὐτὴ,

320 3756 613 3828 ἄνθρωπος
644 3756 739 3809 καὶ
765 3755 865 3824 τῆς
901 3753 1182 3825 ἡμετέρας
1211 3752 1431 3821 φύσεως
1464 3749 1903 3822 ἀπαραλλάκτως

320 3841 464 3917 οὖσα
498 3844 821 3914 ἐτύγχανεν,
853 3841 1133 3912 ἁγιωσύνῃ
1154 3842 1211 3894 δὲ
1244 3841 1340 3894 καὶ
1373 3838 1709 3909 καθαρότητι
1745 3837 1906 3906 μόνον

325 3941 549 3993 πάντων
571 3922 939 4009 ύπερέχουσα,
970 3935 1061 3987 κα)⁵
1105 3933 1389 4004 ἄνθρωπος
1413 3932 1639 3996 τέλειος,
1663 3931 1727 3984 οὐ
1767 3930 1908 3984 κατά

322 4028 629 4101 φαντασίαν
653 4065 670 4090 ,
726 4023 790 4078 οὐ
838 4025 982 4081 κατά
1033 4024 1255 4095 δόκησιν
1317 4010 1685 4094 χρηματίσας
1718 4021 1910 4076 ἑαυτὸν

321 4110 470 4175 κατά
521 4118 582 4171 τὸ
617 4115 959 4186 ἀνθρώπινον
1005 4113 1393 4186 περιέγραψεν.
1462 4112 1555 4165 Ἐκ
1599 4110 1754 4164 τοῦδε
1800 4109 1911 4179 γὰρ

321 4214 447 4274 ταῖς
502 4211 720 4282 κυρίαις
777 4209 871 4263 καὶ.
941 4207 1135 4270 ἱδικαῖς
1198 4204 1497 4276 σημασίαις
1546 4202 1654 4255 τῶν
1718 4200 1913 4270 φωνῶν

322 4303 532 4357 τούτων
557 4301 843 4372 χρηστέον.
880 4299 1069 4352 Καίτοι
1095 4296 1170 4360 ὡς
1199 4296 1371 4363 Λόγος
1402 4294 1499 4365 μὲν
1525 4291 1602 4346 ὢν
1632 4293 1738 4354 ἀεὶ,
1763 4291 1911 4344 τοῦθ’

321 4396 465 4465 ὅπερ
518 4396 698 4457 ἐστὶν,
743 4391 958 4461 ἀπαθὴς
984 4433 1001 4456 ,
1036 4391 1130 4443 καὶ
1172 4386 1576 4458 ἀπεριγραψίας
1624 4384 1720 4437 καὶ
1758 4384 1914 4454 ἀορια

327 4489 483 4551 στίας
512 4488 591 4539 ἀπ
603 4486 740 4556 άσης
760 4482 1080 4554 περιγραφὴ
1096 4481 1187 4536 καὶ
1201 4481 1325 4551 ὄρος
1341 4478 1438 4543 ὢν,
1460 4478 1655 4531 ἔπειτα
1690 4477 1755 4530 δὲ
1785 4493 1917 4547 προ-

1986 623 2186 682 Nonue
2209 618 2490 673 evidenter
2524 619 2681 672 vobis
2706 619 3093 690 homonymum
3125 620 3255 674 mihi
3291 632 3345 677 et
3367 624 3557 675 unani-

1986 725 2132 764 mnm
2180 712 2357 777 pictor
2389 726 2570 769 sermo
2604 710 2900 778 eiiigiavit?
2932 709 3101 764 Porro
3145 726 3304 764 nemo
3333 713 3568 766 circum-

1988 802 2197 869 scripsit
2241 805 2336 858 ait.
2375 804 2469 859 Isti
2504 814 2684 858 autem
2721 820 2787 857 ne
2826 803 3004 871 ipsmn
3058 805 3273 873 quidem
3331 806 3569 860 vocabu-

1987 894 2100 948 lum
2130 934 2145 962 ,
2187 897 2329 965 quod
2370 897 2533 966 hujus
2577 898 2713 951 artis
2744 898 2905 966 periti
2945 909 3244 965 usurpant,
3277 910 3565 953 noverunt.

1989 989 2138 1043 Adeo
2175 1000 2433 1067 corrupta
2481 992 2807 1060 inﬁrmaque
2856 1001 3040 1046 mente
3087 992 3249 1045 sunt!
3290 989 3422 1045 Nam
3458 994 3570 1060 pic-

1988 1091 2139 1138 tores
2173 1100 2280 1137 non
2331 1084 2846 1153 circumscriptores
2886 1084 3217 1140 vocitantur.
3274 1085 3380 1136 Sed
3417 1101 3481 1137 ne
3518 1086 3568 1137 in

1988 1189 2300 1230 sermonum
2332 1175 2643 1247 labyrintho
2674 1192 2950 1245 vagemur.
2997 1176 3335 1245 iniiniztrque
3374 1175 3571 1229 verbo-

1992 1280 2111 1318 rum
2171 1266 2344 1320 turbae
2388 1264 2604 1337 nosmet
2644 1267 3073 1329 committamus,
3139 1277 3291 1321 recte
3348 1268 3566 1321 demum

1992 1357 2467 1427 circumscriptam
2501 1358 2566 1411 de
2596 1358 2745 1426 pirta
2773 1366 2825 1411 et
2854 1360 3273 1428 circumscripto
3308 1345 3570 1431 scriptio-

1992 1462 2114 1502 nem
2147 1448 2249 1503 hoc
2278 1440 2398 1502 loco
2426 1448 2942 1503 circutnscrihatnus
2980 1448 3115 1517 (96).

2064 1640 2153 1694 ΓΙ.
2206 1639 2319 1695 Cur
2354 1654 2483 1710 ergo
2512 1640 2578 1694 ad
2614 1640 2872 1696 tenebras
2904 1638 3255 1713 latebrasque
3288 1658 3394 1697 non
3437 1659 3573 1699 con-

1994 1730 2209 1803 fugiunt
2238 1732 2668 1800 Christomarbi,
2723 1749 2845 1788 cum
2891 1750 2980 1790 res
3007 1735 3358 1805 incorporeas
3393 1739 3574 1792 omni-

1996 1840 2103 1891 quc
2133 1823 2308 1878 forma
2339 1828 2593 1879 carentes
2618 1858 2635 1890 ,
2666 1839 2768 1879 ceu
2821 1828 3073 1896 angelum
3107 1839 3273 1897 atque
3308 1831 3569 1897 animam,

1996 1930 2093 1971 suo
2123 1903 2359 1985 quodam
2410 1916 2631 1984 proprio
2683 1915 2846 1970 modo
2888 1918 3268 1974 circumscribi
3301 1920 3573 1976 audiunt!

1990 2006 2273 2063 Christum
2297 2019 2475 2063 autem
2502 2018 2874 2077 corporatum,
2895 2018 2948 2063 et
2978 2011 3033 2064 iu
3053 2002 3361 2067 substantia
3385 2024 3575 2069 nostra

1996 2101 2170 2154 visum
2196 2140 2211 2165 ,
2260 2099 2551 2169 eidemque
2587 2100 3006 2171 enhypostatum
3039 2143 3055 2167 ,
3097 2105 3189 2173 qui
3228 2106 3469 2173 speciem
3519 2116 3574 2159 et

2000 2193 2225 2262 ligurum
2266 2192 2605 2261 formamque
2648 2192 2940 2246 humanam
2986 2192 3094 2264 81
3134 2197 3467 2267 assumpsit,
3518 2209 3573 2252 et

1997 2284 2391 2339 humanitatem
2425 2283 2480 2339 in
2503 2285 2718 2338 cunctis
2739 2284 3037 2354 perlectam
3066 2287 3312 2356 retinuit,
3349 2292 3576 2344 credere

1998 2374 2189 2428 nolunt
2247 2374 2623 2430 circumscribi
2649 2374 2701 2428 id
2731 2372 2813 2430 est
2842 2376 2989 2445 pingi
3027 2391 3187 2446 posse
3219 2392 3285 2433 ac
3317 2379 3577 2451 ﬁgurari?

1999 2463 2144 2520 Sane
2168 2474 2456 2532 utrumque
2487 2466 2538 2519 in
2572 2474 2653 2520 eo‘
2675 2468 2961 2535 apparuit;
2992 2471 3433 2539 quandoquidem
3473 2489 3573 2527 no—

2000 2560 2084 2613 bis
2112 2573 2330 2629 quoque
2365 2558 2484 2613 haec
2517 2560 2866 2627 usuveniuut,
2902 2575 3130 2629 quorttm
3158 2564 3355 2619 similis
3387 2564 3431 2619 is
3453 2581 3575 2621 esse

1997 2649 2197 2714 voluit,
2246 2648 2381 2703 nihil
2435 2659 2637 2720 praeter
2691 2660 2974 2720 peccatum
3027 2657 3307 2710 omittens.
3376 2655 3574 2712 Totum

1998 2742 2197 2812 quippe
2248 2752 2489 2797 veterem
2538 2742 2807 2797 Adamum
2853 2759 3025 2799 novus
3074 2750 3358 2815 gestabat,
3403 2759 3462 2802 ut
3519 2752 3572 2803 in

1998 2835 2213 2904 culpam
2245 2834 2451 2903 lapsum
2488 2844 2710 2912 propter
2749 2835 2918 2889 divini
2958 2840 3210 2908 prmccpti
3269 2850 3576 2911 transgres-

2001 2927 2208 2982 sionem
2230 2963 2245 2989 ,
2287 2924 2333 2981 is
2372 2928 2460 2996 qui
2509 2928 2629 2981 sine
2664 2937 2893 2997 peccato
2918 2939 2999 2984 est
3028 2933 3094 2985 ad
3124 2934 3355 3003 gratiam
3390 2951 3577 2990 secum

2002 3016 2285 3071 relevaret.
2322 3014 2459 3072 Num
2486 3021 2721 3090 denique
2755 3036 2812 3076 se
2838 3021 2982 3090 ipsos
3025 3039 3263 3094 quoque,
3298 3042 3394 3080 ceu
3425 3027 3578 3094 ejus-

1999 3108 2118 3161 dem
2146 3108 2430 3177 plasmatis
2452 3119 2656 3179 partes,
2690 3112 3137 3181 circumscriptos
3168 3127 3291 3169 esse
3320 3132 3427 3169 non
3458 3133 3579 3171 cre-

2000 3199 2172 3265 dent,
2216 3210 2276 3255 ut
2311 3201 2391 3257 sic
2432 3204 2722 3257 humanam
2770 3204 2936 3257 etiam
2977 3214 3226 3258 naturam
3277 3207 3578 3263 amittant!

2001 3284 2112 3346 Nos
2139 3298 2291 3348 certe
2318 3294 2602 3349 credimus
2633 3304 2689 3349 et.
2730 3297 3098 3366 praedicamus
3124 3338 3139 3365 ,
3171 3309 3396 3367 propter
3427 3316 3578 3356 sum-

2002 3400 2144 3438 mam
2171 3399 2292 3450 quze
2329 3387 2382 3439 in
2410 3400 2476 3439 eo
2501 3396 2583 3440 est
2612 3401 2739 3458 erga
2771 3388 3019 3444 homines
3046 3391 3370 3446 charitatem
3391 3433 3408 3457 ,
3442 3395 3580 3446 divi-

2005 3496 2131 3531 num
2164 3476 2433 3543 Verbum,
2465 3489 2522 3535 ut
2550 3492 2859 3548 creaturam
2894 3499 3050 3557 suam
3088 3484 3144 3539 in
3181 3488 3462 3557 antiquam
3500 3488 3582 3541 in-

2005 3570 2336 3637 genuitatem
2363 3583 2669 3641 reponeret,
2701 3576 2877 3643 primo
2894 3578 3111 3646 quidem
3143 3578 3199 3631 in
3222 3581 3584 3636 sanctissium

2010 3661 2199 3718 Matris
2242 3678 2478 3734 vereque
2533 3665 2776 3734 Deiparte
2820 3678 2981 3722 utero
3026 3670 3277 3723 habitans
3306 3709 3322 3735 ,
3359 3682 3580 3727 carnem

2008 3755 2126 3808 sine
2153 3756 2315 3810 dubio
2350 3764 2591 3810 nostram
2617 3772 2682 3811 ex
2709 3760 2968 3829 virgineis
2994 3746 3353 3830 sanguinian
3384 3754 3576 3831 suntp-

2009 3849 2167 3903 sisse.
2193 3846 2325 3903 Nam
2352 3858 2406 3902 et
2431 3849 2547 3917 ipsa
2575 3847 2741 3919 Virgo
2767 3851 2932 3906 homo
2955 3861 3094 3911 erat.
3119 3869 3147 3905 a
3166 3862 3375 3907 'ltatura
3399 3867 3583 3909 nostra

2013 3940 2320 3995 nullatenus
2352 3940 2610 3997 diii‘ereus
2631 3984 2644 4002 .
2682 3945 2977 3998 sanctitate
3011 3936 3220 4000 tantum
3254 3961 3317 4001 ac
3347 3948 3583 4017 puritate

2012 4038 2239 4083 uinctos
2292 4033 2579 4084 excedens.
2633 4029 2883 4086 Christus
2948 4042 3127 4088 autem
3190 4035 3351 4089 homo
3408 4039 3588 4105 perie-

2014 4132 2156 4181 ctus,
2193 4134 2301 4174 non
2333 4120 2672 4189 phantastice
2701 4136 2878 4192 neque
2922 4135 3243 4193 apparenter
3275 4127 3544 4181 exsistcns
3571 4169 3587 4191 ,

2015 4214 2131 4281 ipse
2163 4229 2223 4267 se
2252 4216 2303 4265 iu
2353 4215 2695 4269 humanitate
2741 4230 2837 4270 Sua
2869 4218 3321 4286 circumscripsit.
3376 4221 3590 4275 Abhinc

2016 4302 2159 4355 enim
2188 4301 2583 4371 principalibus
2610 4304 2955 4374 propriisque
2985 4308 3277 4361 verborum
3308 4309 3590 4379 signiﬁca-

2018 4394 2160 4449 tiints
2203 4394 2463 4448 utendum
2498 4396 2624 4450 crit.
2664 4396 2726 4448 Et
2760 4397 3010 4465 quamvis
3042 4396 3317 4461 Christus,
3348 4402 3426 4453 uti
3457 4398 3594 4455 Ver-

2019 4486 2170 4549 bum,
2201 4483 2344 4538 idem
2379 4485 2472 4554 qui
2506 4499 2727 4555 semper
2752 4497 2898 4541 esset
2920 4488 3295 4556 impassibiiis,
3334 4502 3390 4545 et
3420 4481 3590 4547 mar-

325 4576 502 4631 ελθὼν
529 4577 739 4631 ἐκεῖθεν
774 4575 849 4638 ὡς
894 4573 1213 4643 εὐδόκησεν,
1251 4572 1309 4623 ἐν
1341 4568 1591 4639 σπηλαίῳ
1611 4568 1705 4621 καὶ
1732 4568 1902 4637 φάτνῃ

2018 4574 2632 4644 cuntscriptiouisatque
2649 4578 2828 4631 omnis
2845 4578 3132 4634 iniinitatis
3155 4582 3595 4652 circumscriptio

325 4669 705 4733 κατακλιθεὶς,
722 4669 816 4721 καὶ
838 4666 1173 4736 σπαργάνοις
1208 4661 1528 4733 ἐνειληθεὶς,
1561 4661 1915 4733 περιεγράφη

327 4764 425 4817 καὶ
449 4758 790 4832 περιωρίσθη
818 4758 1005 4828 σαρκί.
1036 4756 1151 4825 Ἐφ’
1179 4749 1261 4819 οἷς
1282 4755 1379 4808 καὶ
1398 4753 1468 4806 τά
1490 4752 1728 4822 ὲξῆςτοῦ
1758 4768 1919 4823 rupt-

326 4848 584 4924 γραπτοῦ
630 4850 905 4921 σώματος,
956 4847 1325 4919 περιετμήθη,
1381 4843 1709 4915 ἐϐαπτίσθη,
1761 4860 1923 4914 περι-

328 4945 551 5017 σγράφη
596 4942 927 5014 σωματικῶς
972 4943 1034 4995 ὲν
1071 4944 1185 5004 τοϊς
1238 4938 1412 5002 ὕδασι,
1465 4938 1561 4992 καὶ
1594 4937 1699 4990 ὑπὸ
1730 4935 1918 4989 δούλου

329 5034 843 5107 χειροθετούμενος,
899 5032 1089 5104 ὑψώθη
1143 5034 1204 5086 ἐν
1263 5028 1504 5100 σταυρῷ,
1563 5028 1773 5100 ὲτρῄθη
1815 5026 1913 5098 τὴν

329 5126 605 5199 πλευρὰν,
630 5127 723 5181 τὸν
746 5127 890 5197 ὑπὲρ
918 5124 1077 5196 ἡμῶν
1108 5124 1306 5195 ἀνέτλη
1340 5124 1594 5184 θάνατον,
1633 5119 1909 5173 τέθαπται

328 5219 392 5272 ἰν
421 5218 672 5292 μνημείῳ
700 5219 757 5272 ὲν
784 5211 828 5287 ᾧ
856 5216 1207 5289 περιεγράφη
1235 5214 1585 5286 σωματικῶς.
1624 5207 1763 5265 Elea
1819 5212 1916 5265 άν-

330 5308 470 5366 αϐίω
499 5312 821 5384 τριήμερος,
854 5311 932 5372 ὡς
959 5309 1095 5369 Θεὸς
1133 5310 1385 5377 πατήσας
1405 5307 1499 5361 τὸν
1532 5306 1785 5371 θάνατον,
1820 5304 1916 5358 καὶ

330 5404 551 5475 νεκροῖς
570 5403 674 5475 τὴν
696 5401 1012 5473 ἰλευθερίαν
1037 5401 1134 5456 καὶ
1171 5399 1318 5471 ζωὴν
1339 5399 1731 5471 χαρισάμενος.
1895 5391 1906 5402 ’

404 5678 479 5736 Ti
500 5678 594 5734 οὖν
625 5694 763 5748 φατε
795 5678 953 5748 ὑμεῖς
975 5676 1024 5729 σί
1045 5674 1107 5729 τὸ
1134 5674 1547 5747 ἀπερίγραπτσν
1581 5676 1912 5747 πρεσϐεύον-

410 5833 527 5907 (96)
561 5832 717 5890 Ludit
752 5832 803 5888 in
831 5831 1105 5889 vocabulis
1130 5828 1490 5902 Nieephorus.

2019 4680 2084 4718 ac
2113 4666 2417 4732 terminus;
2458 4667 2655 4722 deinde
2690 4677 2870 4722 tamen
2899 4711 2915 4735 ,
2948 4681 3006 4724 ut
3038 4672 3242 4740 voluit,
3281 4675 3430 4728 illinc
3463 4691 3596 4743 pro-

2020 4757 2197 4820 dieus,
2228 4757 2282 4811 in
2306 4759 2565 4826 spelunca
2598 4771 2651 4814 et
2678 4765 2905 4831 prasepi
2940 4756 3258 4832 reclinatus,
3294 4767 3481 4822 fasciis
3510 4770 3595 4821 in-

2020 4847 2235 4900 volutus
2254 4887 2270 4914 ,
2312 4849 2759 4919 circumscriptus
2787 4867 2953 4907 carne
2976 4850 3077 4909 fuit
3105 4864 3160 4909 et
3191 4856 3476 4914 limilatus.
3520 4859 3595 4913 Ex

2020 4952 2132 5006 quo
2166 4948 2366 4993 cetera
2398 4953 2617 5007 quoque
2648 4941 2767 5011 ejus
2795 4944 3013 5013 corpori
3045 4946 3463 5016 circumscripto
3502 4964 3597 5002 ac-

2022 5027 2299 5095 ciderunt;
2333 5028 2695 5091 circumcisus
2721 5031 2844 5095 fuit,
2873 5034 3199 5101 baptizatus,
3235 5037 3597 5107 corporaliter

1994 5119 2470 5189 ,circumscriptus
2502 5120 2578 5189 (i.
2610 5136 2659 5175 e.
2689 5123 2953 5195 obrutus)
3000 5125 3051 5178 in
3090 5128 3268 5195 aquis,
3298 5136 3352 5181 et
3380 5142 3410 5182 a
3438 5143 3597 5182 servo

2024 5212 2259 5268 traditus
2283 5213 2337 5266 in
2363 5228 2586 5267 crucem
2618 5224 2705 5270 est
2729 5214 2995 5282 sublatus,
3022 5219 3301 5287 perfossus
3324 5220 3378 5274 in
3406 5219 3596 5285 latere,

2025 5316 2213 5358 necem
2245 5319 2346 5374 pro
2377 5305 2536 5361 nobis
2577 5308 2815 5374 pertulit,
2856 5309 3099 5379 sepultus
3130 5311 3182 5364 in
3209 5321 3557 5366 monumento
3578 5350 3599 5378 ,

2024 5396 2113 5450 ubi
2157 5396 2322 5451 etiam
2357 5399 2719 5467 corporaliter
2754 5398 2855 5453 fuit
2889 5396 3352 5471 circumscriptus.
3397 5401 3600 5457 Deinde

2029 5491 2186 5545 tertia
2217 5491 2308 5546 die
2366 5493 2668 5547 resurrexit
2692 5532 2707 5555 ,
2743 5494 2950 5549 calcata
2995 5504 3180 5564 utpote
3217 5495 3355 5551 Deus
3384 5510 3595 5563 morte,

2029 5587 2368 5655 mortuisque
2400 5586 2702 5641 libertatem
2727 5600 2792 5642 ac
2824 5588 2989 5642 vitam
3032 5589 3257 5659 largitus
3286 5600 3391 5647 est.

2098 5675 2235 5744 Quid
2301 5694 2432 5748 ergo
2492 5694 2584 5735 vos
2632 5679 2852 5745 dicitis,
2901 5680 2994 5750 qui
3057 5680 3593 5753 incircumscriptum
