4050 6428
541 372 644 435 3ίδ7

1573 377 1633 434 S.
1679 375 2099 436 NICEPHORI
2138 376 2644 437 PATRIARCH.’E
2683 380 2789 440 (ΖΡ.

3678 393 3775 457 368

535 484 832 537 clamitaris
860 526 874 548 ,
909 493 963 538 et
987 485 1260 554 opinionis
1286 486 1635 554 inpEnaLilis
1667 486 1917 541 lueresim
1950 496 2078 541 sect:

2185 512 2198 548 ι
2228 504 2338 553 τες,
2374 490 2469 541 καὶ
2501 488 2601 559 τῆς
2660 491 2936 559 δοκήσεως
2963 492 3279 560 δοξάζοντες
3302 496 3360 549 τὸ
3390 497 3641 570 ἀδόκιμον
3666 526 3681 570 ;
3719 507 3773 560 ὐ

535 577 707 630 mini?
747 576 848 643 Qui
878 576 1061 631 fasciis
1092 578 1403 643 involvitur,
1439 580 1490 632 in
1531 581 1761 647 prmscpi
1797 580 2110 648 recliuatur,

534 681 582 722 et
622 670 760 721 intra
804 684 1025 738 spei-nm
1058 670 1397 734 continetur,
1432 671 1552 735 bic,
1588 673 1845 750 inquam,
1875 674 2111 726 circum-

532 760 815 827 scribitur,
870 763 1081 816 necue?
1115 763 1253 828 Quid
1308 764 1513 831 porro?
1551 765 1891 833 baptizatus,
1928 766 2109 819 cruci-

532 853 709 918 ﬁxus,
762 854 827 907 ad
879 866 1186 909 exlrenmm
1231 866 1584 910 monumento
1626 857 1937 923 conclusus,
1974 857 2108 912 delia

533 943 756 998 niturue
789 946 874 998 bis
920 956 1086 1015 atque
1128 947 1481 1013 cootinetnr,
1529 964 1701 1002 necne
1733 948 1756 1001 ?
1795 947 1931 1002 Nam
1965 948 2109 1018 quod

530 1053 634 1091 nou
676 1048 757 1090 est
806 1039 1322 1108 circumscriptum,
1360 1056 1424 1093 ne
1462 1040 1515 1093 in
1564 1040 1682 1095 loco
1709 1040 1928 1111 quidem
1974 1053 2104 1096 est:

529 1132 668 1198 quod
703 1131 747 1183 si
786 1147 890 1184 non
930 1141 1011 1184 est
1046 1130 1099 1183 in
1145 1132 1287 1193 loco,
1334 1147 1400 1186 ne
1431 1147 1630 1202 corpus
1663 1134 1878 1202 quidem
1912 1152 1925 1188 :
1963 1135 2107 1201 quod

524 1223 567 1277 si
616 1238 723 1277 non
766 1235 849 1277 est
903 1239 1126 1293 corpus,
1168 1224 1340 1279 multo
1384 1226 1567 1279 minus
1616 1226 1780 1281 homo
1827 1236 1930 1282 cst.
1967 1229 2107 1295 Ergo

524 1332 701 1386 neque
735 1317 1066 1371 bumanatns
1097 1328 1202 1382 est,
1250 1333 1425 1385 neque
1473 1320 1679 1388 lapsam
1725 1330 1975 1374 naturam
2016 1337 2105 1376 as-

522 1410 779 1477 sumpsit,
818 1424 995 1475 neque
1031 1425 1181 1463 more
1230 1411 1401 1463 nostri
1441 1412 1601 1479 biijus
1653 1415 1922 1481 corporis,
1978 1414 2102 1468 talia

522 1502 628 1566 piti
670 1501 849 1565 soliti“,
899 1502 1089 1556 iisdem
1128 1504 1406 1573 subjacnit
1451 1504 1817 1572 passionibus.
1867 1506 2020 1573 Quod
2056 1508 2101 1563 si

520 1611 639 1646 t'ttm
671 1595 908 1649 ruditate
940 1610 1002 1648 ac
1036 1596 1368 1664 impudentia
1395 1607 1575 1650 vestra
1610 1614 1901 1666 parumper
1926 1598 2099 1667 jocari

521 1687 666 1751 licet,
716 1687 807 1756 qui
867 1688 1347 1741 circumscribitur
1426 1700 1610 1754 estne,
1696 1689 1941 1758 inquam,
1995 1691 2102 1743 cir-

514 1772 880 1847 cumscriptus
925 1777 1138 1831 necne?
1169 1777 1302 1830 Nam
1341 1778 1441 1832 boc
1499 1778 1737 1848 denique
1787 1794 1815 1832 a
1867 1781 2102 1849 stupidi-

517 1878 621 1921 tate
670 1878 857 1923 vestra
906 1880 959 1923 et
1006 1871 1232 1923 vesania
1284 1871 1388 1923 dici
1442 1871 1663 1938 dignum
1708 1880 1809 1925 est.
1845 1873 2098 1927 Attamen

513 1976 580 2012 ne
614 1959 741 2013 buic
774 1961 994 2029 quidem
1040 1960 1399 2028 propositioni
1433 1960 1664 2016 fortasse
1696 1962 2098 2025 assentientini.

510 2055 580 2107 At
610 2069 740 2108 vero
780 2056 892 2107 bzrc
919 2054 1058 2122 apud
1090 2054 1435 2110 Christianos
1466 2071 1640 2125 neque
1671 2071 1777 2111 non
1806 2056 2100 2112 credentur

512 2159 689 2211 neque
740 2144 973 2198 lmlibrio
1024 2154 1206 2198 erunt.
1262 2144 1548 2217 Siquidem
1583 2145 1746 2198 etiam
1797 2154 1920 2214 post
1953 2146 2098 2200 divi-

517 2251 638 2287 nam
694 2235 1188 2301 resurrectionem,
1222 2237 1411 2290 eodem
1462 2253 1583 2290 cum
1618 2252 1869 2305 corpore,
1924 2254 2097 2308 quan-

510 2345 673 2398 quam
770 2329 1343 2395 incorruptibilitatem
1416 2330 1527 2399 jam
1599 2330 1831 2397 adepto,
1910 2331 2096 2398 januis

510 2422 715 2476 clausis
751 2421 988 2483 introiit,
1022 2430 1072 2476 et
1110 2420 1395 2489 discipulis
1427 2421 1753 2491 palpandum
1787 2440 1845 2479 se
1872 2425 2090 2490 obtulit,

506 2513 785 2581 divinique
850 2513 1038 2566 lateris
1094 2512 1381 2566 cicatrices
1433 2528 1641 2568 necnon
1704 2515 1984 2570 clavorum
2039 2519 2091 2571 in

508 2605 765 2658 manibus
799 2604 996 2673 quibus
1032 2601 1211 2656 fuerat
1248 2602 1576 2674 periuratos,
1610 2606 1874 2660 05tendit.
1907 2605 2093 2675 Neque

503 2697 786 2751 attenditis
812 2714 825 2749 :
866 2696 969 2760 Qui
992 2712 1110 2748 cum
1146 2695 1237 2750 illo
1264 2698 1699 2752 munducarimus
1728 2708 1777 2753 ct
1807 2699 2028 2767 bibimus
2046 2700 2086 2753 ’.

502 2788 766 2857 Quodque
816 2788 904 2842 liis
942 2787 1119 2843 adhuc
1170 2789 1475 2845 mirabilius
1527 2801 1644 2856 εει,
1681 2801 2002 2859 corporatus
2033 2792 2086 2846 in

502 2881 673 2936 rcelos
704 2880 1045 2947 conscendit,
1079 2897 1386 2953 corpusque
1411 2898 1596 2937 secum
1629 2898 1820 2953 gerere
1852 2899 2085 2953 conSpe-

502 2986 623 3027 ctus
652 2982 755 3027 est.
815 2972 975 3041 idque
1008 2974 1174 3028 etiam
1208 2983 1421 3028 constat
1463 2989 1529 3028 ex
1561 2974 1882 3044 angelorum
1914 2977 2087 3029 comi-

502 3066 732 3119 tantium
773 3065 920 3119 dicto
942 3065 1228 3135 discipulis
1276 3066 1533 3121 exaudito
1574 3066 2078 3131 :Quemadmodum

495 3156 701 3210 ridetis
748 3174 865 3211 eum
917 3159 1285 3212 ascendentem
1331 3158 1384 3212 in
1429 3158 1647 3223 cazi'uua,
1697 3160 1774 3214 sic
1825 3162 1988 3213 veniet
2011 3159 2073 3213 ιθ.

495 3248 700 3319 Nempe
750 3250 845 3320 qui
899 3252 964 3304 ad
1008 3250 1119 3320 82
1149 3248 1428 3305 dexteram
1472 3248 1566 3305 Dei
1614 3252 1787 3318 sedet,
1818 3261 2081 3306 venturus

494 3347 672 3396 denuo
697 3355 780 3397 est
809 3352 1034 3411 paterna
1072 3343 1246 3414 gloria
1293 3344 1551 3411 stipatus,
1581 3342 1770 3398 eodem
1803 3360 1925 3398 cum
1958 3359 2082 3400 cor-

495 3452 648 3505 pore,
684 3445 738 3489 ut
773 3438 936 3490 etiam
970 3451 999 3489 a
1039 3436 1456 3492 transﬁxoribus
1489 3436 1883 3505 conspiciatur,
1921 3451 1977 3492 et
2010 3438 2079 3493 ab

495 3527 793 3591 incredulis
825 3527 1102 3581 credatur.
1149 3528 1401 3593 l’rorsus,
1442 3538 1500 3582 ut
1531 3530 1693 3583 verba
1724 3530 1788 3582 ad
1818 3543 2078 3599 compen-

492 3622 643 3674 dium
704 3619 1028 3684 conferam,
1086 3620 1337 3675 ascensio
1394 3620 1515 3690 ejus
1562 3620 1781 3675 nonnisi
1830 3619 2075 3689 corporis

491 3712 708 3782 propria
741 3721 860 3777 est,
902 3711 1161 3767 nimirum
1211 3712 1280 3766 de
1326 3711 1447 3766 loco
1479 3711 1533 3765 in
1585 3711 1759 3765 locum
1800 3712 2072 3768 transitio.

491 3803 630 3857 Sunt
696 3818 827 3874 ergo
895 3802 1011 3857 haec
1089 3801 1491 3871 circumscripti
1549 3801 1797 3870 corporis
1861 3801 2070 3865 oliicia,

488 3896 770 3966 corporis,
822 3895 1079 3964 inquam,
1120 3894 1275 3949 nobis
1314 3893 1528 3953 similis.
1567 3906 1876 3961 quanquam
1915 3892 2072 3946 nobis

488 3989 823 4058 superioris,
889 3988 1109 4042 etiamsi
1171 3987 1223 4041 lii
1280 3985 1497 4042 scelesti
1545 3986 1738 4041 nolint.
1795 3985 1913 4045 Etsi
1951 3985 2070 4055 jam

485 4081 689 4134 diutius
725 4079 1000 4135 Christum
1032 4081 1085 4132 in
1116 4095 1277 4133 carne
1303 4095 1408 4132 non
1448 4078 1812 4147 cognoscimus
1833 4078 1895 4132 ¹³.
1937 4078 2069 4143 Qui-

487 4173 587 4223 bus
619 4169 800 4223 verbis
829 4170 1200 4239 signiﬁcatur,
1245 4168 1525 4222 laboribus
1559 4182 1681 4221 eum
1704 4167 1828 4237 jam
1879 4182 2066 4222 exem-

482 4272 666 4330 ptum,
706 4260 884 4324 fante,
920 4260 1047 4325 siti,
1080 4269 1135 4315 et
1168 4259 1502 4331 quibuslibet
1545 4258 1731 4313 carnis
1774 4258 2065 4312 inﬁrmita-

482 4353 682 4420 tisque,
710 4361 936 4416 excepto
962 4357 1443 4419 semperpeccato,
1466 4349 1813 4425 passionibus
1836 4348 2060 4401 nostris.

481 4444 597 4495 Non
653 4445 796 4495 enim
852 4443 1081 4496 ulterius
1128 4442 1179 4494 in
1222 4444 1440 4495 easdem
1488 4442 1774 4510 passiones
1825 4438 2061 4503 incidet,

481 4545 771 4603 postquam
800 4534 902 4587 sibi
938 4534 1111 4587 induit
1140 4532 1734 4602 incorruptibilitatem.

551 4712 638 4764 18.
693 4711 857 4764 Certe
913 4709 964 4760 in
1027 4720 1169 4760 terra
1244 4707 1470 4779 degens,
1532 4712 1693 4763 etab
1751 4710 2063 4766 hominibus

477 4809 827 4868 conspectus,
875 4814 995 4852 cum
1040 4799 1217 4866 iisque
1271 4813 1629 4863 conversaris,
1661 4815 1769 4869 quo
1818 4811 2062 4872 tempore

480 4896 623 4946 intra
685 4890 947 4961 templum
1013 4891 1722 4959 corporaliter-exsistens
1791 4893 2060 4961 docebat,

476 4998 625 5040 certe
658 4992 785 5038 tunc
808 5022 823 5048 ,
856 4984 1077 5050 inquam
1105 5023 1119 5048 ,
1157 4983 1738 5037 circumscﬁbebatur.
1772 4985 1889 5039 Jam
1932 4988 2059 5041 dum

475 5078 544 5132 ibi
596 5086 763 5140 esset,
821 5088 1165 5143 nequaquam
1209 5075 1397 5129 eodem
1436 5066 1678 5143 tempore
1730 5078 1781 5130 in
1834 5076 2060 5133 Galilrea

472 5152 687 5238 quoqile
732 5165 1089 5234 corporaliter
1139 5174 1292 5231 erat;
1323 5181 1637 5243 quanquam
1679 5168 1843 5222 simul
1878 5172 2060 5225 Oumia

474 5259 784 5330 complebat
818 5299 833 5322 ,
869 5269 924 5312 et
975 5258 1175 5328 ubique
1219 5269 1273 5313 et
1316 5275 1479 5329 super
1510 5262 1690 5314 munia
1727 5261 1866 5316 Deus
1906 5262 2052 5317 exsi-

473 5363 649 5416 stcus,
697 5363 880 5421 atque,
918 5362 975 5403 ut
1008 5351 1097 5405 liic
1129 5352 1253 5405 licet
1283 5352 1488 5417 dicere,
1520 5353 2047 5422 incircmnscriptus.

473 5445 676 5498 [79inth
734 5444 1012 5514 quomodo
1061 5453 1116 5497 et
1153 5445 1296 5499 unde
1335 5445 1386 5498 in
1436 5445 1754 5501 Bctbaniam
1811 5450 2051 5517 transiit,

468 5538 559 5603 qui
593 5536 725 5590 dixit
757 5537 1083 5604 discipulis:
1116 5535 1333 5591 Gaudeo
1359 5552 1573 5606 propter
1607 5557 1692 5594 ros
1721 5550 1775 5595 ut
1797 5544 2046 5607 credaris,

470 5627 720 5696 quoniam
748 5627 818 5680 ibi
854 5644 955 5680 non
983 5644 1125 5681 erant
1151 5628 1215 5680 ¹¹.
1241 5628 1341 5694 Qui
1389 5645 1643 5699 maguum
1688 5634 1816 5687 illud
1865 5646 2043 5705 patra-

2134 1834 2176 1888 Β

2216 581 2273 634 ἐν
2314 582 2655 650 σπαργάνοις
2709 584 3102 655 ἐνειλούμενος,
3146 587 3180 657 ἢ
3210 588 3268 639 ἐν
3319 589 3495 663 φάτνῃ
3527 596 3774 649 κατακλιο

2215 673 2463 742 νόμενος,
2496 676 2590 728 καὶ
2621 675 2755 728 εἴσω
2783 676 3049 746 σπηλαίου
3066 678 3350 748 γινόμενος
3370 682 3772 752 περιγράφεται,

2213 764 2245 833 ἦ
2268 766 2361 831 οὓς
2387 768 2451 820 Τί
2476 767 2563 834 δές
2590 769 2618 820 ὁ
2640 786 2705 820 πε
2717 771 3127 839 ριτεμνόμενος,
3147 772 3239 825 καὶ
3269 771 3775 849 βαπτιζόμενος,καὶ

2214 858 2642 929 σταυρούμενος,
2675 861 2773 915 καὶ
2807 861 2868 925 τὸ
2918 863 3140 916 πάντων
3187 862 3416 933 ἔσχατον
3448 868 3504 918 ὲν
3538 871 3772 942 μνημείῳ

2214 950 2701 1021 κατακλειόμενος,
2740 954 3124 1025 περιορίζεται
3172 957 3232 1009 ὲν
3262 955 3476 1021 τούτοις
3506 958 3599 1011 καὶ
3641 978 3770 1031 περι.

2216 1040 2427 1109 ἑχεται,
2466 1043 2497 1112 ἢ
2532 1042 2630 1108 ob;
2661 1044 2734 1097 Τὸ
2771 1044 2881 1115 γὰρ
2924 1048 2998 1116 μὴ
3052 1049 3551 1118 περιγραφόμενον,
3584 1050 3696 1103 οὐδὲ
3718 1055 3767 1105 ἐν

2210 1132 2363 1201 τόπῳ
2395 1134 2545 1187 ἐστίν
2572 1153 2585 1166 ·
2620 1135 2670 1187 εί
2710 1135 2768 1189 δὲ
2797 1137 2900 1190 οὐκ
2940 1139 2997 1190 ὲν
3030 1139 3202 1209 τόπῳ,
3235 1139 3357 1193 οὐδὲ
3415 1139 3576 1210 σῶμα
3599 1158 3611 1172 ·
3650 1145 3760 1197 τίδὲ

2208 1223 2269 1275 οὐ
2307 1224 2492 1293 σῶμα,
2548 1225 2731 1296 πολλῷ
2770 1228 3038 1299 πρότερον
3076 1230 3199 1283 οὐδὲ
3236 1230 3548 1301 ἄνθρωπος.
3578 1234 3757 1289 Οὐκοῦν

2206 1312 2329 1365 οὐδὲ
2365 1313 2811 1385 ὲνηνθρώπησεν,
2876 1319 3001 1371 οὐδὲ
3061 1318 3323 1391 ἀνείληφε
3355 1323 3457 1392 τὴν
3508 1324 3762 1378 πεσοῦσαν

2212 1401 2395 1468 φύσιν,
2449 1406 2541 1457 καὶ
2593 1401 2708 1459 οἷον
2764 1408 2827 1460 τὸ
2880 1408 3001 1461 καθ’
3061 1411 3211 1480 ἡμᾶς
3266 1412 3450 1482 σῶμα,
3513 1413 3542 1466 δ
3609 1415 3763 1469 ταῦτα

2207 1495 2439 1564 πάσχειν
2497 1498 2731 1567 πέφυκε,
2790 1502 2885 1553 καὶ
2942 1503 3055 1565 τοῖς
3110 1502 3377 1568 τοιούτοις
3419 1506 3763 1561 ὑποπέπτωκε

2206 1584 2455 1639 πάθεσιν.
2516 1587 2577 1639 ΕΞ
2628 1588 2685 1641 δὲ
2734 1588 2841 1660 χρὴ
2881 1591 3020 1660 πρῦς
3074 1590 3175 1662 τὴν
3220 1592 3378 1663 ὑμῶν
3420 1594 3763 1650 ἀπαιδευσίαν

2205 1678 2299 1729 καὶ
2338 1678 2723 1749 ἀναισχυντίαν
2775 1683 2972 1750 μικρόν
3003 1698 3056 1735 τι
3106 1683 3527 1753 προσπαίξαντα
3587 1690 3762 1750 εἰπεῖν,

2205 1769 2617 1839 περιγράφεται
2688 1771 2717 1824 ό
2776 1774 3276 1844 περιγραφόμενος,
3348 1777 3382 1848 ἢ
3453 1777 3549 1845 ob;
3610 1780 3765 1835 Τοῦτο

2204 1862 2303 1932 τῆς
2378 1863 2651 1933 ὑμετέρας
2710 1864 3119 1937 ἐμϐροντησίας
3172 1869 3268 1921 καὶ
3349 1870 3763 1940 φρενοϐλαϐείας

2200 1946 2379 2008 εἰπεῖν
2435 1948 2613 2022 ἄξιονζ
2664 1957 2824 2020 Ἴσως
2870 1957 2979 2028 γὰρ
3031 1959 3153 2012 οὐδὲ
3210 1961 3388 2031 τούτῳ
3424 1962 3759 2035 συνθήσεσθε.

2199 2049 2274 2102 Οὐ
2321 2050 2431 2120 γὰρ
2498 2052 2648 2121 παρὰ
2703 2051 3052 2121 Χριστιανοῖς
3104 2054 3279 2108 ταῦτα
3331 2058 3757 2129 ἀπιστηθήσεται

2198 2138 2230 2209 ἢ
2285 2138 2675 2210 παιχθήσεται.
2764 2143 2938 2196 Ὅπου
2994 2162 3059 2213 γε
3116 2147 3212 2200 καὶ
3267 2149 3409 2217 μετὰ
3470 2149 3568 2221 τὴν
3625 2151 3761 2205 θείαν

2201 2234 2521 2299 ἀνάστασιν,
2578 2235 2656 2306 τῷ
2696 2236 2845 2305 αὐτῷ
2893 2237 3128 2307 σώματι,
3198 2241 3380 2295 καίτοι
3438 2242 3535 2313 τὴν
3568 2242 3763 2316 ἀφθαρ-

2198 2322 2322 2374 σίαν
2361 2324 2928 2395 καταπεπλουτηκότι,
2983 2328 3163 2398 ουρῶν
3208 2329 3614 2400 κεκλεισμένων
3646 2334 3762 2386 εἴσω

2195 2416 2429 2483 γίνεται,
2485 2418 2581 2471 καὶ
2637 2420 2753 2481 τοῖς
2813 2419 3087 2490 μαθηταῖς
3165 2422 3535 2492 ἐμφανίζεται
3598 2424 3760 2495 ψηλα-

2195 2509 2466 2578 φώμενος,
2499 2509 2591 2562 καὶ
2616 2510 2716 2573 τὰς
2733 2511 2966 2576 ὠτειλὰς
2990 2512 3089 2581 τῆς
3118 2513 3271 2577 θείας
3292 2515 3542 2585 πλευρᾶς
3558 2515 3761 2569 καὶτῶν

2192 2599 2338 2669 ἥλων
2378 2600 2489 2653 τῶν
2513 2603 2572 2654 ὲν
2606 2604 2816 2673 χερσὶν,
2864 2598 2945 2668 οἷς
2985 2606 3480 2679 διαπεπερόνηται,
3519 2609 3762 2680 παραδείο

2192 2691 2574 2744 κνυσινοοὺδὲ
2621 2693 2917 2760 προσέξετε
2969 2698 3083 2760 τοῖς
3132 2696 3417 2765 λέγουσιν,
3481 2719 3499 2750 ι
3550 2700 3761 2766 οἵτινες

2190 2782 2615 2853 συνεφάγομεν
2658 2786 2757 2839 καὶ
2809 2788 3182 2857 συνεπίομεν
3223 2788 3412 2856 αὐτῷ.
3467 2790 3575 2845 Καὶ
3613 2791 3669 2845 τὸ
3688 2790 3759 2845 ἔτι

2188 2877 2396 2929 τούτων
2451 2876 2921 2951 παραδοξότερον,
2957 2880 3054 2934 καὶ
3083 2882 3164 2944 εἰς
3215 2870 3487 2953 οὐρανοὺς
3526 2901 3761 2955 σεσωμα-

2184 2967 2434 3037 τωμένος
2461 2967 2665 3036 ἄνεισι,
2701 2970 2798 3023 καὶ
2819 2970 2895 3034 ὡς
2928 2972 3087 3041 σῶμα
3114 2972 3296 3044 φέρων
3319 2974 3628 3047 ὁρώμενος.
3661 2976 3760 3031 Καὶ

2185 3050 2409 3130 δηλοῦσι
2438 3062 2507 3116 τὰ
2538 3064 2657 3127 τοῖς
2694 3065 3166 3136 παραπέμπουσιν
3192 3066 3458 3135 ἀγγέλοις
3481 3069 3754 3141 λεγόμενα,

2185 3152 2282 3207 καὶ
2305 3152 2457 3225 παρὰ
2486 3157 2599 3220 τοῖς
2629 3156 2903 3227 μαθηταῖς
2923 3158 3258 3228 ἀκουόμενα,
3296 3160 3386 3214 ὅτι
3418 3164 3525 3223 Ὃν
3547 3165 3755 3231 τρόπον

2182 3242 2522 3302 ἐθεάσασθε
2547 3246 2735 3301 αὐτὸν
2778 3248 3188 3320 ἀνερχόμενον
3215 3254 3297 3318 εὶς
3340 3254 3447 3309 τὸν
3487 3253 3752 3323 οὐρανὸν,

2182 3338 2373 3404 οὕτως
2427 3338 2769 3394 ἐλεύσεται·
2812 3342 2946 3407 καὶ,
2994 3342 3083 3413 Ἐν
3137 3341 3288 3416 δεξιᾷ
3319 3345 3414 3399 τοῦ
3458 3345 3591 3399 Θεοῦ
3629 3345 3752 3400 καθ-

2182 3429 2465 3498 εζόμενον,
2487 3432 2583 3484 καὶ
2612 3432 2778 3486 πάλιν
2800 3432 2999 3504 ἥξοντα
3019 3434 3159 3505 μετὰ
3177 3436 3276 3506 τῆς
3309 3438 3587 3509 πατρικῆς
3606 3438 3751 3509 δόξης

2178 3523 2652 3596 δορυφορούμενον
2682 3525 2761 3597 τῷ
2810 3526 2965 3598 αὐτῷ
2995 3529 3343 3599 κεχρημένον
3382 3529 3614 3602 σώματι,
3674 3531 3753 3585 ἴνα

2178 3616 2272 3668 καὶ
2301 3615 2443 3687 ὀφθῇ
2496 3616 2604 3670 ὑπὸ
2654 3617 2765 3672 τῶν
2812 3620 3300 3690 ὲκκεντησάντων,
3356 3622 3453 3675 καὶ
3502 3622 3750 3694 πιστευθῇ

2178 3705 2283 3758 ὑπὸ
2325 3706 2433 3758 τῶν
2456 3707 2898 3778 ἀπειθησᾶντων.
2935 3709 3046 3762 Καὶ
3073 3709 3211 3773 ὅλως
3247 3711 3333 3763 ἵνα
3366 3714 3751 3767 συνοπτικώτε-

2180 3812 2272 3864 ρον
2306 3798 2575 3866 εἴπωμεν,
2600 3798 2661 3851 τδ
2694 3798 3103 3873 ἀναϐεϐηκέναι
3127 3799 3313 3862 αὑτὸν,
3348 3803 3403 3855 τί
3429 3802 3559 3858 ἄλλο
3591 3804 3621 3874 ἦ
3657 3803 3751 3856 σώ-

2177 3906 2348 3958 ματος
2382 3888 2535 3955 ἴδιον,
2563 3890 2663 3944 καὶ
2691 3891 2859 3945 τόπου
2891 3893 2949 3959 ἐξ
2973 3887 3035 3947 οὗ
3068 3894 3162 3946 καὶ
3183 3896 3262 3956 είς
3291 3894 3354 3948 ὃν
3386 3878 3746 3968 μεταϐεϐηκες

2174 3976 2437 4049 Σὼματος
2488 3974 2581 4034 οὖν
2640 3980 2817 4037 ταῦτα
2871 3984 3278 4054 περιγραπτοῦ,
3331 3990 3429 4041 καὶ
3477 3988 3573 4043 τοῦ
3633 3988 3747 4063 καθ’

2172 4071 2341 4142 ἡμᾶς,
2377 4074 2426 4124 εί
2456 4073 2549 4126 καὶ
2584 4073 2723 4145 ὑπὲρ
2750 4075 2919 4145 ἡμᾶς,
2956 4074 3057 4129 κᾶν
3084 4077 3159 4146 μὴ
3190 4077 3471 4148 βούλοιντο
3508 4083 3556 4134 οί
3580 4082 3746 4151 παρά-

2169 4181 2347 4233 νομοι.
2383 4168 2453 4219 El
2488 4164 2586 4218 καὶ
2618 4166 2835 4235 μηκέτι
2886 4154 3147 4235 Χριστὸν
3179 4171 3331 4225 κατὰ
3357 4172 3557 4242 σάρκα
3577 4174 3741 4244 τινώ-

2172 4251 2503 4328 σκομενῖῼ
2529 4257 2786 4327 δηλοῦται
2825 4259 3035 4312 κόπων.
3058 4260 3223 4315 αὐτὸν
3260 4263 3628 4338 ἀπηλλάχθαι,
3659 4265 3744 4318 καὶ

2166 4349 2362 4420 πείνης
2392 4355 2502 4403 -καὶ
2529 4348 2711 4421 δίψης,
2740 4352 2836 4407 καὶ
2872 4352 2974 4405 ὅσα
3023 4351 3228 4422 σαρκὸς
3282 4355 3432 4427 πάθη
3467 4357 3562 4411 καὶ
3589 4357 3741 4411 ἀσθε-

2165 4442 2335 4506 νείας,
2382 4442 2480 4495 καὶ.
2534 4441 2677 4512 πλὴν
2714 4442 3018 4513 ἁμαρτίας,
3079 4436 3353 4514 ἡμέτερα.
3382 4448 3467 4527 Ὀὐ
3520 4448 3626 4518 γὰρ
3664 4446 3740 4499 ἔτι

2093 4539 2135 4594 D
2166 4537 2279 4598 τοῖς
2303 4535 2494 4598 αὐτοῖς
2555 4536 2937 4605 περιπεσεῖται
2995 4534 3216 4601 πάθεσι,
3276 4537 3376 4608 τὴν
3441 4538 3739 4611 ἀφθαρσίαν

2163 4627 2311 4693 ἅπαξ
2334 4625 2651 4691 ἐνδεδυκώς.
3512 4686 3515 4689 _
3564 4675 3577 4683 .

2238 4725 2327 4788 ιη’.
2386 4720 2601 4789 Ἀμέλει
2642 4720 2739 4773 ἐπὶ
2761 4720 2861 4791 τῆς
2888 4721 2993 4790 γῆς
3023 4720 3119 4787 ὣν,
3154 4708 3253 4777 καὶ
3284 4726 3401 4785 τοῖς
3433 4721 3738 4794 ἀνθρώποις

2164 4808 2546 4880 ὀπτανόμενος
2585 4810 2682 4863 καὶ
2723 4812 3311 4882 συναναστρεφόμενος
3345 4853 3361 4877 ,
3395 4813 3563 4884 ἡνίκα
3592 4813 3737 4873 ἐντὸς

2164 4900 2260 4955 τοῦ
2304 4900 2455 4972 ἱεροῦ
2499 4900 2835 4972 σωματικῶς
2879 4903 3148 4974 ὑπάρχων
3178 4903 3453 4969 ἐδίδασκε,
3484 4902 3736 4973 περιεγέ-

2159 5009 2399 5063 γραπτο.
2447 4992 2720 5046 Ἐνταῦθα
2759 4992 2814 5045 δὲ
2847 4992 3080 5064 παρὼν,
3109 4994 3213 5046 οὐκ
3250 4988 3320 5066 ἦν
3360 4994 3504 5048 κατὰ
3542 4992 3735 5047 ταυτὸν

2158 5086 2254 5137 καὶ
2281 5087 2339 5137 ἐν
2374 5086 2441 5155 τῇ
2478 5084 2741 5157 Γαλιλαίᾳ
2781 5093 3150 5155 σωματικῶς·
3185 5085 3361 5140 καίτοι
3393 5087 3575 5141 πάντα
3600 5086 3733 5154 πλη-

2159 5178 2293 5243 ρῶν,
2332 5180 2427 5231 καὶ
2460 5180 2767 5248 πανταχοῦ,
2800 5181 2896 5249 καὶ
2937 5180 3080 5251 ὑπὲρ
3114 5180 3175 5247 τὸ
3214 5180 3326 5233 πᾶν
3355 5180 3431 5243 ὡς
3466 5178 3600 5241 Θεὸς
3638 5177 3730 5239 ὢν,

2162 5272 2257 5325 καὶ
2289 5271 2366 5335 ὡς
2404 5271 2524 5337 ἐξὸν
2570 5265 2672 5326 ὦδε
2709 5274 2889 5326 εἰπεῖν
2932 5272 3377 5342 ἁπερίγραπτος.
3426 5271 3580 5324 Ἐπεὶ
3619 5270 3733 5332 πῶς

2161 5364 2257 5416 καὶ
2309 5363 2476 5417 πόθεν
2511 5364 2604 5417 ἐπὶ
2642 5365 2744 5437 τὴν
2805 5364 3081 5441 Βηθανίαν
3124 5364 3445 5434 μετάγεται,
3493 5366 3523 5417 ὁ
3569 5363 3733 5426 λέγων

2158 5458 2270 5519 τοῖς
2305 5455 2601 5527 μαθηταῖς,
2628 5459 2821 5527 Χαίζοω
2845 5458 2920 5511 δι’
2941 5457 3102 5527 ὑμᾶς
3121 5459 3221 5511 ἵνα
3245 5456 3633 5523 πιστεύσητε,
3651 5458 3733 5509 ἔτι

2159 5550 2271 5601 οὐκ
2301 5548 2465 5617 ἢμην
2488 5550 2650 5614 excf;
2678 5551 2738 5603 τὸ
2774 5551 2921 5621 μέγα
2954 5549 3288 5602 ὲπιτελέσων
3320 5549 3502 5601 ἐκεῖνο
3532 5547 3733 5618 μυστή-

2162 5655 2299 5707 ριον,
2328 5639 2396 5691 τὰ
2423 5640 2519 5709 τῆς
2550 5643 2736 5711 κοινῆς
2756 5643 2850 5695 καὶ
2881 5639 3186 5709 καθολικῆς
3214 5637 3567 5701 ἀναστάσεως
3601 5634 3730 5708 πρὸ·

535 5811 697 5863 'Act.
732 5810 899 5877 x,4l.
983 5802 1160 5864 "Act.
1201 5824 1241 5876 ι,
1286 5809 1370 5864 ll.
1454 5811 1491 5841 "
1524 5811 1563 5866 ll
1593 5814 1717 5869 Cor.
1749 5831 1799 5883 ν,
1848 5814 1932 5874 l6.
2013 5816 2082 5870 ³³4

2185 5835 2234 5874 n.
2260 5817 2449 5885 3515.
