4050 6420
232 443 344 507 3ί9

950 446 1582 508 ANTIRRHETICUS
1622 446 1684 505 II
1751 446 1918 507 ADV.
1960 446 2558 507 CONSTANTINUM
2598 445 2812 508 COPR.
3411 443 3520 506 370

230 555 462 622 τέλεια,
497 553 686 624 σαφῶς
727 548 830 609 ὦδε
883 557 1284 626 πιστούμενος·
1323 557 1566 611 ὀδωδότα
1613 555 1708 610 τὸν
1738 573 1828 608 τε·
1861 609 1863 616 ,

1973 573 2087 613 trns
2118 567 2236 612 erat
2279 559 2625 628 mysterium,
2654 573 2796 612 nunc
2826 557 2939 626 jam
2971 557 3276 612 communis
3316 565 3372 610 et
3401 555 3524 609 univ

230 649 563 721 τραήμερον
611 650 678 702 ὲκ
734 648 844 702 τῶν
902 649 1263 720 μυχαιτάτων
1304 651 1401 705 καὶ
1455 649 1682 720 ἀφανῶν
1737 647 1831 700 τοῦ

232 742 368 814 ᾅδου
420 739 646 812 χωρίων
695 741 770 805 ὡς
825 739 1006 806 ζῶντα
1046 743 1499 816 προκαλούμενος
1528 785 1542 809 ,
1593 743 1835 805 καὶτοῖς

238 835 375 900 ζῶσι
405 835 500 887 τὸν
524 835 628 904 ἤδη
665 835 803 907 πρὸς
844 835 1053 908 φθορὰν
1088 837 1452 906 ἐπειγόμενον
1488 835 1585 889 καὶ
1627 833 1835 904 λυόμε-

247 944 333 980 νον
361 926 826 997 ἐγκαταριθμῶν,
862 927 1114 1000 ἐναργῶς
1161 929 1257 981 τοῦ
1290 927 1572 997 θαύματος
1606 927 1706 997 τὴν
1738 926 1834 979 δύ-

252 1037 408 1088 ναμιν
434 1018 532 1075 τοῦ
551 1019 952 1084 ζωοποιοῦντος
983 1023 1109 1085 τοὺς
1141 1021 1376 1096 νεκροὺς
1401 1016 1827 1080 διαδεικνύντος.

257 1113 397 1164 Ἀλλ’
433 1113 559 1165 οὐδὲ
594 1112 831 1164 ἐνταῦθα
865 1111 964 1177 ὣν,
1002 1113 1107 1184 ἤδη
1145 1113 1242 1167 καὶ
1279 1115 1338 1166 ὲν
1376 1113 1762 1183 Καπερναοὺμ
1801 1111 1834 1180 ἢ

239 1201 300 1254 ἑν
327 1202 509 1274 ἑτέρῳ
547 1203 703 1274 τόπῳ
751 1186 896 1257 κατὰ
935 1204 1137 1258 ταυτὸν
1171 1203 1506 1274 σωματικῶς
1539 1203 1802 1275 ἐφαίνετο
1823 1215 1836 1228 ·

240 1296 342 1347 καὶ
371 1295 514 1358 ὅλως
549 1297 608 1348 ὲν
647 1295 787 1366 τῷδε
815 1293 892 1347 ὢν
924 1295 1003 1366 τῷ
1041 1296 1250 1366 χωρίῳ,
1294 1295 1394 1349 οὐκ
1423 1290 1492 1365 ἦν
1543 1295 1638 1347 καὶ
1679 1293 1844 1346 ἀλλα-

240 1385 368 1457 χόθι
389 1404 405 1417 ·
445 1387 540 1438 τὸν
569 1385 705 1453 γοῦν
734 1389 816 1451 είς
839 1387 1112 1458 οὐρανοὺς
1141 1389 1364 1441 ἀνιόντα
1403 1387 1502 1439 οὐκ
1527 1383 1647 1439 οἶδα
1683 1385 1736 1438 εί
1760 1401 1846 1447 τις

244 1477 390 1546 φαίη
414 1518 431 1540 ,
466 1478 566 1532 καὶ
595 1477 692 1531 νῦν
732 1478 814 1532 ἔτι
859 1479 1196 1550 σωματικῶς
1226 1475 1545 1548 ἀνθρώποις
1578 1493 1845 1547 προσομι-

244 1569 458 1625 λοῦντα
505 1571 1059 1642 συναναστρέφεσθαι
1087 1613 1101 1634 ,
1139 1573 1188 1624 εί
1222 1571 1319 1624 καὶ
1352 1570 1530 1634 ἄλλως
1581 1570 1679 1622 σὺν
1709 1571 1847 1640 ἡμῖν

244 1659 330 1723 ὡς
373 1661 594 1726 πιστοῖς
631 1662 726 1716 καὶ
760 1662 990 1724 οἰκείοις
1039 1661 1368 1725 διαιωνίζων
1408 1661 1549 1724 ἐστὶ,
1605 1659 1750 1712 κατὰ
1785 1660 1848 1710 τὸ

246 1750 594 1822 ἐπάγγελμα
618 1769 632 1783 ·
664 1753 712 1804 εί
758 1752 834 1824 μὴ
883 1752 1134 1824 μέλλοιεν
1169 1753 1262 1805 καὶ
1295 1751 1433 1822 πρὸς
1478 1750 1655 1804 ταῦτα
1685 1767 1848 1820 περι-

247 1843 696 1915 τραχὺνεσθαιοί
727 1845 1026 1916 ἀλλότριοι.
1053 1844 1164 1898 Καὶ
1193 1845 1282 1898 ἵνα
1315 1843 1390 1916 μὴ
1417 1845 1486 1898 τὰ
1516 1843 1688 1898 πολλὰ
1713 1843 1852 1910 διεξ-

251 1937 439 2000 ιόντες
479 1938 694 2010 μακρὸν
731 1937 1112 2010 ἀποτείνωμεν
1169 1937 1353 2005 λόγον,
1395 1935 1553 2006 εἴπερ
1597 1933 1850 2005 ὲνσώμα-
1885 1921 1923 1974 Β

248 2047 352 2093 τος
382 2027 474 2101 ἦν,
515 2033 573 2084 ὲν
603 2031 754 2102 τόπῳ
780 2027 850 2100 ἦν
880 2032 976 2083 καὶ
1012 2030 1485 2103 περιεγέγραπτο.
1523 2029 1705 2094 Τόπος
1744 2027 1854 2099 γὰρ

253 2125 444 2193 πέρας
486 2125 606 2178 ἐστὶ
635 2123 730 2178 τοῦ
769 2123 1127 2195 περιέχοντος
1155 2162 1170 2189 ,
1207 2121 1346 2176 καθὸ
1378 2120 1630 2192 περιέχει
1664 2121 1725 2174 τὸ
1754 2138 1854 2174 πε-

254 2216 610 2287 ριεχόμενον,
644 2215 740 2268 καὶ
771 2215 983 2286 πέρασι
1011 2213 1324 2284 διείληπται
1357 2211 1479 2266 καθ’
1509 2213 1575 2276 ἃς
1609 2212 1856 2284 ὀρίζεσαι

252 2303 554 2376 ιὸρίζεται]
593 2304 835 2374 σχέσεις.

331 2395 424 2452 ιϐ’.
474 2393 646 2468 Δῆλον
675 2391 792 2461 οὖν,
825 2396 902 2460 ὡς
940 2396 1037 2449 καὶ
1064 2397 1092 2449 ὁ
1123 2394 1384 2467 Χριστὸς,
1419 2393 1580 2463 σῶμα
1612 2389 1854 2462 ἀληθῶς,

255 2489 363 2543 καὶ
403 2489 469 2543 οὐ
510 2487 656 2543 κατὰ
693 2487 939 2560 δόκησιν,
985 2486 1171 2558 φορῶν
1203 2487 1266 2540 τὸ
1314 2486 1612 2556 ἡμέτερον,
1653 2483 1710 2536 ἕν
1749 2499 1858 2534 τινι

252 2583 414 2654 τόπῳ
467 2579 566 2647 ὢν,
626 2582 730 2634 οὐκ
777 2576 847 2653 ἦν
890 2577 1232 2651 σωματικῶς
1274 2577 1563 2648 ’πανταχοῦ
1595 2589 1610 2606 ·
1668 2575 1730 2640 ἐξ
1781 2569 1858 2627 ὧν

256 2675 490 2729 πάντων
545 2674 804 2744 φανερὸν,
859 2673 944 2726 ὅτι
999 2675 1472 2743 περιεγέγραπτο.
1527 2668 1639 2722 Καὶ
1679 2671 1728 2719 εί
1783 2671 1857 2738 μὴ

257 2769 429 2821 τοῦτο
463 2766 889 2838 ὁμολογήσαιεν,
917 2764 1010 2818 τὸν
1043 2763 1234 2836 ἕτερον
1265 2763 1469 2834 τρόπον
1503 2762 1762 2826 δώσουσι,
1791 2765 1856 2832 τῇ

259 2857 633 2928 κακοδαίμονι
679 2856 790 2909 τῶν
838 2854 1099 2928 Δοκητῶν
1145 2853 1326 2926 πλάνῃ
1359 2854 1684 2926 μαινόμενοι
1718 2869 1859 2921 συμ-

261 2948 722 3020 περιενεχθέντες
749 2988 764 3012 ,
799 2947 858 3000 ὲν
900 2947 1178 3018 φαντασία
1207 2945 1308 3017 τὴν
1339 2945 1434 2998 τοῦ
1470 2945 1686 3017 Κυρίου
1726 2945 1862 3016 σάρ-

262 3039 442 3094 κωσίν
481 3055 540 3090 τε
579 3039 677 3092 καὶ
711 3036 1028 3109 σταύρωσιν
1057 3037 1504 3108 όνειρὼσσοντες.
1560 3035 1712 3102 Μηδὲ
1752 3036 1862 3106 γὰρ

265 3126 412 3183 εἶναι
446 3127 686 3199 Χριστὸν
713 3126 808 3181 τὸν
859 3127 1276 3200 σταυρούμενον
1313 3126 1716 3197 ἐφαντάζοντο,
1747 3125 1862 3178 ἀλλ’

267 3219 439 3274 αὑτὸν
494 3219 596 3290 μὲν
645 3221 742 3274 ἐπὶ
773 3219 873 3272 τοῦ
907 3218 1070 3292 ὅρους
1119 3219 1474 3285 καθέζεσθαι,
1510 3219 1769 3291 διαγελᾷν
1805 3219 1862 3274 δὲ

281 3311 580 3374 Ἰουδαίους
619 3310 696 3374 ὡς
727 3311 952 3382 Σίμωνα
997 3311 1396 3384 σταυροῦντας,
1438 3309 1588 3376 δόξαι
1627 3311 1868 3382 Χριστὸν

269 3401 681 3476 ἐσταυρῶσθαι.
716 3404 834 3456 Οὐκ
881 3400 942 3468 ἐξ
987 3403 1146 3474 ἡμῶν
1193 3398 1288 3457 οὖν
1333 3401 1462 3473 ἔσχε
1511 3403 1749 3473 Χριστὸς
1803 3403 1864 3456 τὸ

272 3495 744 3567 περιγράφεσθαι,
767 3495 888 3550 οὐδὲ
913 3495 1068 3567 παρὰ
1097 3495 1158 3549 τὸ
1189 3496 1480 3561 εἰκονίζειν
1504 3497 1653 3567 ἡμᾶς
1680 3495 1863 3562 αὐτὸν,

273 3591 662 3660 περιγραπτός
702 3591 844 3643 ἐστι.
883 3589 1090 3660 Μακρά
1124 3586 1218 3642 οὖν
1250 3589 1512 3662 ληροῦσιν
1543 3591 1591 3642 οἱ
1622 3589 1865 3656 ἀνόητοι,

275 3685 374 3734 καὶ
397 3681 720 3736 ἀπαίδευτοι
745 3723 759 3745 ,
799 3682 895 3736 καὶ
937 3684 1119 3752 πάσης
1153 3681 1527 3754 ὴμοιρηκότες
1561 3682 1864 3746 συνέσεως,

275 3775 376 3828 καὶ
409 3775 564 3829 οὐδὲν
608 3776 720 3828 τῶν
763 3776 1088 3846 μεμηνότων
1139 3775 1348 3845 βέλτιον
1375 3777 1614 3845 ἔχοντες.
1655 3775 1868 3827 Οὐκοῦν

274 3869 339 3920 οὗ
393 3869 818 3940 περιγρὰςομεν
874 3870 1042 3923 αὑτὸν
1087 3873 1289 3941 ἡμεῖς·
1349 3871 1469 3936 πῶς
1518 3871 1629 3943 γέιρ
1681 3872 1774 3924 τόν
1807 3888 1871 3940 γε

279 3961 621 4032 σωματικῶς
651 3961 728 4033 μὴ
776 3961 1056 4033 παρόντα;
1101 3961 1239 4017 ἀλλὰ
1279 3963 1568 4034 γράφομεν
1593 4005 1608 4029 ,
1638 3965 1698 4016 οὗ
1737 3963 1872 4017 καθὸ

277 4054 716 4124 περιγράφεται,
753 4053 892 4107 ἀλλὰ
926 4055 1061 4108 καθὸ
1091 4055 1403 4126 γράφεσθαι
1437 4057 1654 4126 πέφυκε
1685 4075 1874 4126 σωμα-

277 4146 455 4208 τικῶς
484 4185 500 4210 ,
539 4145 610 4197 ἵν’
641 4147 995 4219 ἐκδηλότερον
1028 4151 1172 4220 φανῇ
1204 4149 1265 4200 τὸ
1288 4147 1398 4202 τῶν
1433 4148 1629 4218 φωνῶν
1670 4166 1876 4220 σημαι-

279 4239 534 4311 νόμενον.
556 4237 742 4303 Οὖτως
779 4239 876 4293 καὶ
898 4243 952 4294 αἱ
973 4241 1203 4306 εἰκόνες,
1219 4241 1279 4294 οὑ
1300 4240 1439 4295 καθὸ
1472 4241 1874 4313 περιγραπτὸς,

280 4331 428 4385 ἀλλὰ
459 4331 598 4385 καθὸ
637 4331 909 4403 γραπτὸς,
943 4333 1279 4406 γνωρίζουσι
1324 4336 1493 4388 πᾶσιν
1525 4334 1715 4388 αὐτόν.
1766 4334 1877 4388 Καί

281 4441 350 4492 τε
387 4425 486 4478 καὶ
525 4425 692 4496 ἡμεῖς
736 4424 1100 4496 είκονίζομεν,
1143 4427 1242 4496 οὐχ
1359 4429 1532 4494 Λόγος
1584 4427 1683 4481 καὶ
1735 4427 1869 4490 Θεὸς

283 4519 546 4590 (ἀόρατος
569 4520 678 4586 γὰρ
711 4521 805 4573 καὶ
827 4521 1040 4590 ἀναφὴς
1067 4522 1162 4574 καὶ
1191 4522 1630 4592 ἀσχημάτιστος,
1653 4522 1837 4588 ἄπαγε
1861 4536 1874 4552 ·

1936 650 2164 704 versatis
2200 651 2616 705 resurrectionis
2652 651 2910 717 praeludia
2943 651 3200 706 ostendit.
3232 649 3511 704 Fetentem

1938 741 2362 808 quatriduanum
2398 758 2463 796 ex
2503 743 2699 796 abditis
2749 743 3109 812 obscurisque
3153 740 3351 795 inferni
3385 739 3518 793 locis

1940 833 2120 886 vivom
2151 843 2404 899 revocat;
2443 843 2498 887 et
2543 835 2852 890 viventibus
2885 850 3033 894 cuni,
3071 833 3161 901 qui
3195 832 3248 885 in
3279 830 3529 899 putredi-

1943 939 2064 978 nem
2101 926 2212 994 jam
2271 925 2542 978 resolutus
2597 926 2811 988 abibat,
2851 927 3212 988 adnumerat;
3271 923 3378 975 vim
3416 921 3534 988 ejus

1945 1025 2188 1069 mortuos
2222 1015 2531 1078 viviﬁcandi
2581 1017 2848 1072 miraculo
2880 1017 2983 1072 hoc
3029 1015 3318 1070 evidenter
3371 1028 3529 1066 mon-

1943 1118 2174 1162 strante.
2207 1105 2314 1162 Sed
2342 1109 2487 1164 enim
2519 1107 2648 1162 dum
2695 1109 2784 1163 hic
2813 1119 2978 1173 esset,
3001 1108 3114 1178 jam
3145 1122 3251 1161 non
3283 1103 3533 1172 Caphar-

1947 1199 2128 1254 nautni
2162 1201 2340 1254 aliove
2396 1199 2448 1254 in
2482 1199 2624 1266 loco,
2655 1203 2846 1254 eodem
2883 1211 3128 1271 tempore
3163 1195 3529 1268 corporaliter

1947 1292 2246 1348 visebatur.
2281 1289 2516 1346 Prorsus
2557 1293 2682 1345 dum
2721 1291 2771 1346 iu
2801 1292 2904 1350 hoc
2930 1293 3050 1347 loco
3075 1301 3242 1357 esset,
3281 1287 3411 1342 alibi
3449 1287 3532 1340 iu-

1949 1385 2108 1440 terim
2153 1400 2257 1438 non
2293 1395 2433 1438 erat.
2464 1383 2596 1438 Eum
2627 1385 2796 1452 igitur
2824 1385 2915 1454 qui
2953 1385 3008 1439 in
3043 1385 3215 1439 cados
3265 1394 3536 1436 conscen-

1948 1477 2049 1538 dit,
2080 1476 2221 1534 haud
2251 1476 2367 1530 scio
2394 1491 2460 1528 an
2485 1475 2772 1545 quisquam
2798 1475 2940 1528 dicet
2963 1471 3324 1542 corporaliter
3351 1470 3529 1522 adhuc

1951 1571 2094 1624 inter
2127 1569 2375 1624 homines
2407 1565 2636 1622 versari.
2671 1566 2990 1634 Quanquam
3022 1564 3127 1620 alio
3155 1559 3320 1618 modo
3349 1560 3532 1614 nobis-

1951 1677 2076 1717 cum
2129 1676 2225 1716 ceu
2279 1660 2530 1715 ﬁdelibus
2573 1675 2638 1716 ac
2692 1659 3058 1716 familiaribus
3111 1663 3376 1727 perpetuo
3433 1663 3536 1715 est,

1951 1754 2250 1811 secundum
2297 1755 2752 1822 promissionem;
2793 1751 2896 1807 nisi
2935 1752 3078 1807 forte
3124 1750 3176 1803 in
3230 1749 3335 1803 hoc
3371 1745 3531 1800 etiam

1953 1847 2288 1904 stomachari
2337 1845 2518 1902 volent
2561 1845 2616 1900 hi
2665 1861 2692 1898 a
2743 1843 2848 1898 ﬁde
2885 1852 3091 1897 nostra
3133 1839 3320 1894 alieni.
3371 1837 3438 1891 Et
3469 1849 3537 1889 ne

1957 1941 2121 1994 multa
2146 1938 2521 2009 persequendo
2542 1937 2758 2008 longius
2781 1949 3085 1990 sermonem
3107 1933 3460 2004 protraham;
3496 1929 3539 1981 si

1955 2032 2208 2087 Christus
2240 2039 2563 2100 corporatus
2613 2039 2766 2092 erat,
2813 2029 3001 2096 utique
3051 2027 3103 2081 in
3162 2025 3280 2080 loco
3329 2033 3444 2078 erat
3489 2032 3546 2074 et

1957 2123 2428 2190 circumscriptus.
2454 2119 2587 2174 Nam
2617 2119 2769 2174 locus
2795 2119 3064 2172 terminus
3079 2125 3162 2170 est
3188 2112 3543 2174 continentis,

1957 2225 2229 2285 quatenus
2261 2214 2537 2278 continet,
2577 2221 2631 2267 et
2679 2211 2932 2267 terminis
2978 2209 3318 2272 continetur,
3349 2220 3549 2260 serun-

1959 2309 2085 2362 dum
2117 2323 2214 2362 eas
2244 2307 2444 2375 quibus
2472 2303 2776 2375 praeﬁnitur
2804 2303 3120 2358 relationes.

2033 2399 2119 2454 l9.
2159 2399 2310 2456 Patet
2363 2401 2548 2471 igitur,
2586 2401 2865 2458 Christum
2919 2414 3136 2471 quoque
3169 2411 3299 2451 vere
3351 2404 3407 2450 et
3439 2409 3546 2448 non

1958 2501 2287 2561 apparenter
2337 2508 2537 2562 corpus
2582 2503 2830 2548 nostrum
2885 2498 3210 2560 gestantem,
3265 2487 3449 2554 aliquo
3492 2485 3548 2538 in

1962 2583 2081 2638 loco
2139 2586 2536 2652 exsistentem,
2592 2575 2699 2641 non
2753 2585 2924 2639 fuisse
2974 2583 3178 2650 ubique
3241 2575 3549 2648 corporaliu

1963 2683 2044 2728 ter
2074 2693 2088 2730 :
2119 2677 2316 2745 quibus
2337 2692 2402 2731 ex
2437 2677 2691 2734 omnibus
2723 2685 2936 2732 constat
2963 2690 3087 2727 eum
3121 2672 3288 2727 fuisse.
3316 2674 3562 2725 circum-

1961 2769 2250 2835 scriptum.
2289 2769 2444 2835 Quod
2493 2769 2537 2823 si
2589 2770 2758 2823 nolint
2809 2767 3085 2831 conﬁteri,
3125 2766 3292 2820 alium
3334 2765 3551 2816 n-odum

1963 2861 2302 2941 narrabunt,
2359 2860 2563 2916 infelici
2637 2860 2964 2916 Docetarnm
3026 2874 3216 2914 errore
3283 2855 3554 2909 furialiter

1963 2952 2196 3020 abrepti,
2233 2951 2519 3020 phantasia
2553 2961 2764 3005 tantum
2791 2949 3086 3018 contigisse
3114 2947 3327 3006 Domini
3365 2948 3552 2998 incar-

1965 3044 2240 3098 nationem
2285 3055 2338 3098 et
2363 3044 2772 3100 erneiﬁxionem
2810 3043 3174 3098 somniantes.
3207 3038 3340 3093 Nam
3390 3037 3554 3091 Chri-

1967 3146 2106 3188 stum
2156 3135 2296 3188 haud
2328 3134 2495 3188 l'uisse
2545 3133 2867 3188 cruciﬁxum
2925 3130 3208 3201 imaginati
3257 3139 3416 3194 sunt;
3458 3127 3555 3180 sed

1970 3229 2144 3298 ipsum
2177 3231 2394 3298 quidem
2449 3229 2502 3282 in
2553 3236 2739 3282 monte
2792 3227 3073 3282 sedentem
3125 3221 3342 3278 Imbros
3398 3221 3544 3274 deri-

1969 3322 2140 3384 sisse,
2172 3335 2269 3374 reu
2301 3321 2391 3388 qui
2419 3319 2698 3376 Simonem
2722 3318 3077 3390 (Cyrenmum
3102 3311 3120 3377 )
3147 3310 3554 3379 cruciﬁgentes.

1971 3419 2224 3480 putarent
2257 3412 2530 3466 Christum
2561 3409 2899 3464 cruciﬁxisse
2937 3403 3175 3479 (97-98).
3235 3401 3350 3458 Non
3393 3401 3559 3471 igitur

1973 3502 2136 3557 habet
2188 3501 2439 3557 Christus
2491 3518 2519 3554 a
2581 3501 2738 3554 nobis
2785 3495 3396 3564 circumscriptionem;
3461 3507 3561 3545 nec

1971 3595 2098 3664 quia
2146 3610 2176 3648 a
2225 3595 2381 3648 nobis
2433 3594 2616 3663 imago
2668 3591 2788 3659 ejus
2821 3591 3063 3659 pingitur
3099 3589 3214 3644 sive
3271 3585 3560 3653 sculpitur,

1974 3687 2180 3740 idcirco
2229 3686 2275 3740 is
2315 3695 2400 3740 est
2432 3684 2901 3752 circumscriptus.
2942 3680 3108 3737 Valde
3139 3680 3327 3748 itaque
3354 3691 3563 3745 litigan-

1975 3788 2063 3834 tur
2109 3781 2162 3834 lti
2205 3779 2388 3833 stolidi
2447 3777 2558 3848 83
2606 3785 2658 3831 et
2705 3776 2916 3847 ignari,
2967 3774 3228 3840 omnique
3283 3770 3562 3824 intellectu

1977 3873 2144 3938 cassi,
2191 3887 2367 3941 neque
2420 3871 2728 3925 furentibus
2771 3869 3042 3932 saniores,
3093 3864 3211 3919 Non
3252 3878 3380 3931 ergo
3421 3875 3560 3925 nos,

1975 3967 2222 4034 inquam,
2249 3964 2526 4020 Christum
2553 3961 3060 4018 circumscribimus
3091 3976 3104 4012 :
3129 3960 3399 4027 quomodo
3419 3954 3563 4007 enim

1980 4056 2032 4110 id
2069 4057 2244 4120 ﬁeret,
2295 4069 2359 4108 eo
2408 4051 2771 4122 corporaliter
2806 4065 2912 4104 non
2949 4046 3266 4118 prvese_nte?
3297 4043 3402 4097 Sed
3441 4058 3564 4097 eum

1977 4150 2342 4211 tlelineamus,
2380 4161 2488 4200 non
2537 4155 2808 4214 quatenus
2853 4139 3420 4212 sitciicumscriptus.
3472 4136 3574 4191 sed

1982 4251 2252 4310 quatenus
2296 4249 2491 4294 natura
2539 4254 2633 4293 sua
2668 4239 2738 4290 ita
2793 4245 3142 4305 comparatus
3178 4240 3262 4287 est
3313 4240 3368 4286 ut
3399 4231 3584 4298 possit

1983 4333 2267 4388 delineari.
2299 4331 2391 4386 Sic
2417 4330 2561 4384 enim
2591 4329 2702 4399 jam
2732 4326 3116 4382 vocabulorum
3150 4339 3342 4378 sensus
3369 4322 3572 4377 clarius

1983 4433 2248 4494 patescet.
2283 4420 2359 4474 Ita
2399 4421 2564 4474 etiam
2613 4420 2797 4472 icoucs
2829 4432 2977 4479 eum,
3016 4429 3122 4469 non
3157 4424 3427 4482 quatenus
3461 4413 3572 4467 cir-

1985 4517 2400 4585 cumscriptum,
2431 4515 2525 4567 sed
2556 4521 2827 4580 quatenus
2853 4507 3113 4562 deiineari
3137 4517 3336 4575 potest,
3361 4505 3574 4560 eunetis

282 4612 723 4684 παραφροσύνης
753 4613 864 4684 γὰρ
902 4614 1062 4668 τοῦτό
1087 4615 1283 4683 γε,καὶ
1310 4616 1409 4684 τῆς
1444 4614 1674 4668 ἁπασῶν
1708 4614 1863 4692 ἐσχὲιτ

1988 4612 2295 4665 notitieant.
2334 4607 2550 4675 Nosque
2586 4605 2720 4657 adeo
2754 4603 2903 4654 ἱιΙιιιιι
2958 4600 3254 4668 ﬁguramus
3279 4639 3295 4665 ,
3323 4612 3428 4650 non
3468 4611 3584 4664 qua-

280 4723 388 4778 της
445 4707 706 4770 ἀπονοίας
761 4701 1339 4784 ἀνάμεστον),ἀλλ’ᾖ
1389 4708 1680 4778 ἅνθρωπος
1734 4707 1877 4760 κατὰ

285 4800 475 4852 πάντα
507 4799 922 4870 πεφανέρωται.
951 4801 1064 4870 Οὐχ
1089 4801 1283 4868 ὥσπερ
1316 4800 1393 4870 τῷ
1429 4799 1686 4869 ’Λϐραὲιμ
1715 4797 1876 4868 ὤφθη

286 4887 388 4942 καὶ
412 4891 528 4951 τοῖς
570 4891 887 4960 προφήταις
926 4893 984 4945 ἐν
1010 4892 1142 4946 εῖδει
1171 4890 1465 4962 ἀνθρώπου
1488 4933 1504 4956 ,
1537 4891 1675 4955 ἀλλ’,
1696 4891 1777 4944 ὅτι
1820 4891 1882 4944 ’0

289 4981 488 5050 Λόγος
533 4981 693 5050 σὰρξ
741 4982 982 5053 ἐγένετο
1012 5025 1025 5048 ,
1064 4985 1165 5038 καί
1198 4985 1558 5050 ἐσκήνωσεν
1591 4983 1661 5036 ἐν
1713 4984 1876 5052 ἡμῖν.

291 5074 424 5138 Καὶ,
475 5089 495 5124 t
545 5072 606 5128 '0
651 5075 826 5144 Λόγος
879 5075 1216 5146 παχύνεται,
1267 5095 1284 5127 ι
1319 5077 1346 5129 ὅ
1388 5078 1542 5138 ἐστι,
1598 5074 1699 5144 τὴν
1757 5074 1881 5125 καθ’

290 5169 440 5238 ἡμᾶς
477 5167 658 5240 σάρκα
687 5167 998 5240 πεφόρεκεο
1025 5170 1140 5235 καὶ,
1173 5189 1190 5219 ι
1213 5168 1273 5222 '0
1301 5169 1544 5240 ἄναρχος
1570 5165 1826 5236 ἄρχεται·
1863 5185 1878 5214 ι

363 5321 575 5395 (97ς98)
594 5321 979 5378 Animadverte
1009 5321 1542 5395 insigniterimpiam
1563 5319 1885 5395 Docetaruin

291 5389 391 5450 seu
454 5389 951 5448 Phamasiastarum
1002 5389 1255 5456 tabulam,
1299 5389 1438 5446 haud
1471 5394 1586 5446 scio
1642 5407 1708 5443 an
1759 5389 1885 5442 alibi

295 5474 682 5520 memoratam.
707 5463 912 5518 licvera
934 5463 1324 5518 Phantasiast
1361 5463 1651 5516 humanam
1683 5460 1884 5514 Christi

297 5547 552 5590 naturam
577 5533 996 5604 negantem-ejus
1016 5549 1232 5600 quoque
1264 5535 1570 5601 passionem
1605 5547 1669 5604 ac
1697 5546 1882 5583 net-em

296 5601 700 5674 umsequenter
725 5605 1081 5675 rejiciebant:
1105 5614 1268 5672 atque
1287 5605 1360 5656 ita
1392 5601 1670 5675 ludibundi
1694 5615 1885 5675 prope-

297 5673 520 5730 modum
555 5692 620 5730 ac
653 5673 793 5729 Inale
821 5673 998 5728 feriati
1047 5673 1430 5743 huncquoque
1475 5673 1721 5743 Cyrenaei
1762 5686 1885 5739 sup-

297 5746 626 5812 positionem
711 5747 1199 5813 cxcogitaverunt;
1258 5746 1359 5797 nisi
1417 5743 1560 5796 forte
1623 5744 1793 5808 ipsam
1856 5758 1886 5794 a

297 5816 616 5874 Manichaais
647 5818 802 5886 quasi
855 5815 1098 5886 luet-edes
1149 5825 1499 5886 aet-cperant.
1561 5813 1885 5866 Phantasia-

302 5901 418 5945 διεδ
451 5885 693 5945 Severus
725 5885 1045 5958 patriarcha
1078 5885 1452 5942 Antiochenus
1489 5886 1645 5940 libris
1691 5895 1881 5938 contra

1989 4704 2228 4759 Verbum
2256 4711 2337 4756 est
2367 4709 2420 4754 et
2455 4700 2630 4762 Deus;
2659 4697 2761 4750 hac
2785 4695 2984 4749 ctenim
3017 4692 3229 4746 ratione
3262 4690 3576 4755 invisibilis,

1991 4793 2356 4865 iutangibilis,
2416 4799 2470 4846 et
2513 4789 2718 4859 absque
2751 4786 2924 4839 forma
2974 4794 3057 4839 εει
3096 4783 3278 4856 (absit
3330 4782 3459 4846 hoc,
3497 4782 3578 4837 in-

1991 4903 2183 4942 sanum
2221 4887 2419 4954 quippe
2440 4892 2604 4944 esset,
2638 4892 2692 4934 et
2731 4894 2942 4933 snznina
2975 4877 3244 4936 deinentia
3282 4874 3574 4946 plenum);

1993 4980 2085 5032 sed
2119 4987 2388 5046 quatenus
2430 4975 2595 5028 homo
2627 4970 2827 5034 factus,
2861 4970 3059 5038 ubique
3095 4967 3194 5022 iuit
3226 4968 3576 5035 conspicuus.

1993 5071 2108 5126 Non
2165 5073 2308 5123 sicut
2355 5067 2672 5120 Abrahamo
2697 5063 2858 5124 _visus
2893 5071 2974 5116 est
3019 5071 3183 5131 atque
3213 5060 3491 5129 prophetis
3527 5061 3576 5112 iu

1999 5161 2234 5217 hominis
2278 5158 2459 5228 specie
2483 5198 2497 5224 ,
2523 5157 2620 5210 sed
2675 5150 2800 5222 quia
2831 5151 3050 5207 Verbum
3085 5168 3210 5206 caro
3241 5151 3444 5221 factum
3479 5159 3580 5213 est,

1991 5315 2266 5370 lulianum
2350 5312 2520 5367 llalie.
2582 5311 2910 5380 pulsaverat,
2965 5319 3018 5361 et
3075 5325 3196 5361 (ιιι-ιι
3256 5307 3569 5380 Maniehmis

1995 5387 2308 5453 conspirare
2331 5379 2802 5453 tleiiiiiiis[t':tv'erat
2827 5398 2840 5445 ;
2869 5395 3008 5453 quos
3045 5380 3212 5453 libros
3243 5395 3340 5432 nos
3373 5379 3572 5453 partim

1993 5449 2264 5509 edidimus
2308 5453 2497 5520 Spicil.
2556 5451 2709 5505 Rom.
2749 5460 2787 5503 t.
2844 5451 2911 5504 Χ.
2945 5450 3087 5502 Idem
3147 5449 3354 5520 fecerat
3404 5451 3573 5520 etiam

1991 5527 2331 5581 Theodosius
2354 5518 2670 5593 patriarcha
2704 5521 3125 5593 .'\|c.\a.idriuus,
3160 5518 3570 5593 cujususcripta

1988 5599 2040 5650 in
2099 5587 2674 5650 Arabicis-codicibus
2751 5592 2944 5658 partizn
3004 5592 3272 5643 novimus.
3327 5587 3576 5654 Cumque

1987 5669 2038 5721 hi
2057 5667 2294 5722 haeretici
2317 5669 2357 5718 A
2371 5665 2632 5718 rmeniazn
2654 5678 2870 5730 quoque
2899 5659 3390 5719 contaminassent,
3427 5660 3575 5730 rei'ng

2000 5739 2095 5790 tati
2116 5747 2236 5790 sunt
2266 5735 2465 5788 saeculo
2489 5728 2680 5786 octavo
2701 5749 2726 5783 a
2751 5732 3057 5798 patriarcha
3080 5731 3288 5783 Joanne
3311 5728 3573 5782 Uaniensi

1998 5826 2058 5863 ea
2086 5808 2346 5876 pra-clara
2391 5807 2656 5867 oratione,
2703 5817 2822 5871 q-t.e
2856 5802 2995 5870 typis
3034 5799 3139 5876 μί’.
3173 5799 3580 5855 Merhitaiista-

2001 5870 2116 5934 rum
2159 5876 2398 5934 Venetiis
2426 5887 2549 5930 ante
2589 5876 2682 5928 hos
2719 5870 2889 5927 annos
2915 5870 3161 5942 piotliit._
