4050 6482
425 378 538 440 073

1141 373 1771 435 ANTIRRHETICUS
1807 373 1891 434 ΙΙ.
1932 375 2101 436 ADV.
2142 375 2734 438 CONSTANTIN‘UM
2773 379 2987 440 COPR.

3590 372 3699 441 37$

428 491 642 550 πάντες
669 479 750 550 οἷς
787 484 858 540 τά
901 483 1238 554 αῖσθητήρια
1268 485 1367 554 τῆς
1393 483 1574 554 ψυχῆς
1597 483 1838 554 ἔρρωται
1873 501 2016 553 συμ-

2125 486 2594 556 circumscriptum
2625 497 2806 541 autem
2830 527 2845 551 ,
2875 499 2934 542 ut
2967 500 3155 541 omnes
3187 483 3384 554 quibus
3417 499 3537 540 sam
3573 496 3701 540 sunt

425 574 701 644 φωνοῦσι,
733 575 828 628 καὶ
861 574 1094 644 ἀόρατόν
1123 576 1260 627 ἐστι·
1293 575 1354 628 τὺ
1380 575 1436 628 δὲ
1468 575 1724 646 ἀόρατον,
1766 573 1860 626 καὶ
1885 576 2018 629 ἀνα-

429 667 538 736 φὲς
567 667 665 720 καὶ
695 666 1204 738 ἀπερίληπτον,καὶ
1237 667 1297 720 τὸ
1327 668 1435 720 πᾶν
1459 667 1657 730 εἰπεῖν,
1681 665 1976 736 ἀσώματον
2002 683 2015 696 ·

428 759 486 811 τι
519 759 584 828 δή
607 759 741 812 ποτέ
769 761 916 812 ἐστιν
941 759 1184 828 ὄπερὲπὶ
1206 758 1316 811 τῶν
1342 759 1578 812 τελετῶν
1600 759 1708 810 τῶν
1729 761 1861 828 παρ’
1884 760 2017 830 ἡμῖν

435 849 762 920 μυστηρίων
827 851 1166 920 ἱερουργείτε
1193 890 1208 914 ,
1263 851 1310 902 οἱ
1357 850 1518 903 ποσὶν
1552 849 1832 914 ἀνίπτοις,
1885 850 1913 903 ὃ
1951 849 2016 922 δὴ

438 939 682 1007 λέγεται,
705 944 825 1004 τοῖς
855 940 1023 1012 ἱεροῖς
1045 941 1455 1008 ἐπιϐαίνοντες;
1481 942 1542 994 Ei
1565 942 1677 1010 γὰρ
1699 943 1799 1010 οὐχ
1820 943 2013 1006 ἁπτὸν,

433 1031 558 1093 πῶς
587 1032 990 1101 σφσεγιάζεταη
1034 1033 1129 1086 καὶ
1155 1032 1208 1084 τί
1251 1031 1438 1086 θύεται
1489 1033 1557 1098 ςδ
1600 1035 1710 1104 γὰρ
1747 1034 1820 1104 μή
1866 1033 2017 1087 ἐστιν

431 1123 660 1193 ὁρατὸν,
704 1125 826 1178 ούδέ
859 1126 1072 1194 πέφυκε
1121 1123 1386 1190 θύεσθαι,
1417 1125 1540 1178 ούδέ
1591 1125 2015 1194 σφαγιάζεσθαι.

431 1216 550 1268 Καὶ
578 1217 726 1279 τίνος
752 1215 992 1270 ἅπτεσθε
1027 1216 1300 1283 ἀναφοῦς,
1335 1217 1430 1269 καὶ
1479 1215 1669 1269 ὁποίου
1711 1215 1973 1286 σώματος
1999 1233 2014 1281 ;

437 1309 550 1361 Ποῖ
575 1307 632 1360 δὲ
661 1309 907 1378 χωρήσει
938 1309 1070 1380 ὑμῖν
1095 1311 1156 1363 τὸ
1186 1309 1324 1379 μετά
1358 1311 1547 1378 χεῖρας
1575 1309 1900 1378 φερόμενον,
1927 1307 2023 1362 καὶ⁹

429 1399 667 1466 χειλέων
696 1399 831 1452 εἴσω
861 1399 1330 1468 κατακλειόμενον
1357 1390 1453 1452 xlii.
1497 1398 1978 1478 περιγραφόμενον
2001 1413 2014 1428 ·

428 1490 461 1544 ὃ
497 1493 594 1544 καὶ
623 1491 806 1544 ὀδοῦσι
828 1491 1179 1556 λεπτύνεται,
1207 1492 1303 1546 καὶ
1332 1491 1553 1546 ἐδεστὸν
1587 1491 1798 1560 γίνεται
1822 1530 1838 1556 ,
1875 1491 1929 1545 ετ
1954 1507 2020 1558 γε

431 1582 717 1651 ἄψαυστον
750 1583 810 1636 ὃν
835 1583 960 1638 οὐδὲ
994 1585 1252 1651 τέθυται;
1282 1584 1342 1636 οὐ
1375 1583 1486 1652 γὰρ
1529 1584 1622 1638 τὸν
1646 1583 1820 1654 Λόγον
1857 1583 2021 1638 αὐτὸν

433 1672 567 1725 καθ’
590 1672 757 1725 αὑτὸν
785 1673 1001 1726 ἐδεστὸν
1035 1670 1176 1727 εἶναι
1215 1673 1446 1726 εἴποιτε.
1937 1655 1940 1658 ﬁ

2125 579 2320 632 animat:
2346 593 2542 634 sensus
2565 579 2893 644 concedunt,
2919 579 3192 633 invisibile
3217 578 3378 634 simul
3407 588 3520 643 est;
3557 577 3701 646 quod

2125 683 2269 724 vero.
2301 669 2608 736 invisibile,
2663 671 2980 742 intangibile
3021 686 3238 742 quoque
3272 681 3356 726 est
3399 681 3453 724 et
3491 671 3700 724 incont-

2125 761 2494 830 prehen’sibile
2515 801 2530 826 ,
2563 773 2746 831 alque,
2780 773 2842 816 ut
2875 775 2982 815 uno
3015 762 3183 815 verbo
3207 761 3408 824 dicam,
3445 761 3701 828 int-orpo-

2127 866 2315 918 reum;
2353 854 2518 923 quid,
2553 869 2686 922 oro,
2736 869 2832 909 vos
2878 855 2932 908 in
2968 862 3276 908 nostrorum
3313 851 3698 920 mysteriorum

2126 943 2344 1014 litnrgia
2376 947 2729 1010 sacriﬁcatis,
2763 963 2880 1014 vos,
2923 947 3167 1015 inquam,
3198 945 3289 1014 qui
3340 943 3504 998 illotis
3549 943 3700 1008 pedi-

2127 1035 2227 1091 bns
2279 1037 2380 1107 (l),
2429 1048 2494 1092 ut
2537 1041 2880 1108 proverbium
2919 1049 3035 1104 est,
3081 1039 3146 1092 ad
3200 1051 3357 1091 sacra
3415 1032 3699 1088 acceditis?

2122 1125 2256 1181 Nam
2286 1129 2329 1182 si
2355 1129 2484 1183 illud
2510 1146 2711 1201 corpus
2741 1147 2847 1186 non
2879 1142 2962 1186 est
2987 1129 3271 1200 tangibile,
3303 1126 3576 1196 quomodo
3603 1126 3705 1177 im-

2107 1219 2398 1274 “molatur?
2436 1222 2633 1292 quidve
2662 1225 2875 1278 demum
2909 1220 3286 1277 sacriﬁcatur?
3319 1235 3402 1274 res
3431 1220 3576 1272 enim
3617 1216 3704 1268 in-

2121 1311 2353 1367 visibilis
2382 1329 2559 1382 neqne
2577 1313 2873 1369 sacriﬁcari
2895 1329 3070 1383 neque
3091 1313 3361 1367 immolati
3392 1321 3568 1379 potest
3596 1308 3698 1380 (‘2).

2123 1399 2405 1468 Quodnam
2429 1445 2444 1470 ,
2473 1420 2678 1475 qureso,
2717 1404 3035 1474 intangibile
3069 1407 3281 1473 quodve
3313 1405 3530 1458 demnm
3576 1416 3703 1456 ccr-

2127 1511 2226 1565 pus
2269 1511 2362 1552 vos
2411 1497 2674 1566 tangitis?
2705 1479 2946 1562 Quonam
2984 1497 3135 1550 vobis
3183 1495 3388 1558 abibit,
3419 1493 3562 1562 quod
3595 1506 3706 1561 pra:

2130 1587 2382 1643 manibus
2413 1587 2664 1654 habetis,
2699 1585 2842 1656 quod
2892 1583 3034 1640 intra
3079 1585 3220 1640 labia
3279 1581 3610 1639 concluditis
3651 1586 3707 1632 et

2128 1679 2612 1744 circumscribitis,
2641 1680 2784 1750 quod
2818 1679 3070 1734 dentibus
3111 1676 3526 1737 comminuitur,
3563 1669 3706 1741 quod

430 1763 597 1817 edule
617 1762 864 1818 est?ﬂes
893 1763 1138 1832 profecto
1164 1764 1503 1835 intangibilis
1561 1779 1671 1818 non
1734 1763 2086 1820 immolatur:
2129 1785 2254 1824 nam
2284 1783 2430 1826 certe
2482 1769 2740 1839 Verbum,
2792 1786 2898 1842 qua
2934 1765 3172 1824 Verbum
3229 1775 3346 1835 est,
3381 1766 3521 1820 haud
3550 1763 3708 1820 edule

433 1854 656 1909 dicetis.

511 1947 638 2010 Πῶς
669 1947 726 2000 δέ
757 1947 968 2002 καὶτὸν
989 1946 1222 2002 θάνατον
1257 1949 1497 2020 Χριστοῦ
1529 1947 1957 2017 καταγγέλλετε,
1987 1947 2022 2020 ἥ

2199 1947 2487 2014 Quomodo
2521 1948 2648 2003 item
2699 1947 2902 2003 Christi
2955 1962 3168 2018 quoque
3219 1955 3448 2001 mortem
3493 1960 3710 2002 annun-

431 2040 538 2110 τὴν
583 2039 886 2094 ἀνάστασιν
927 2041 1279 2112 ὁμολογεῖτε,
1335 2042 1429 2096 καὶ
1475 2041 1544 2094 τὰ
1601 2039 2022 2111 παραδεδομένα

433 2135 553 2196 τοῖς
607 2132 844 2204 μύσταις
881 2133 976 2187 τοῦ
1031 2133 1195 2200 λόγου
1249 2133 1394 2187 κατὰ
1445 2131 1544 2203 τὴν
1599 2133 1753 2202 ἱερὰν
1801 2131 2022 2202 ἐκείνην

434 2224 613 2278 νύκτα
633 2265 648 2288 ,
680 2225 804 2278 καθ’
833 2226 901 2296 ἣν
956 2225 1356 2294 κεκοινώνηκεν
1399 2225 1586 2286 αὐτοῖς
1614 2223 1722 2276 τῶν
1765 2221 2024 2276 τοιούτων

439 2315 802 2386 μυστηρίων;
847 2314 938 2380 Ἐξ
969 2311 1045 2369 ὧν
1075 2315 1362 2370 δείκνυσθε
1403 2315 1478 2377 ὡς
1513 2314 1902 2386 παράφρονες,
1937 2313 2025 2366 λέ-

439 2421 632 2472 γοντες
658 2407 741 2459 ὅτι
772 2407 892 2458 οὐδὲ
929 2406 958 2458 ὁ
989 2405 1230 2476 Χριστὸς
1274 2404 1492 2474 ἀληθῶς
1539 2405 1732 2458 ἑαυτὸν
1778 2403 1978 2458 τέθυκε
2006 2443 2021 2466 ,

440 2493 698 2564 σώματος
739 2498 1121 2568 περιγραπτοῦ
1154 2499 1230 2569 μὴ
1261 2500 1633 2570 ὑπάρχοντος·
1665 2498 1862 2553 οὐκοῦν
1894 2497 2026 2552 ἐαυλ

437 2589 568 2650 τοὺς
614 2589 930 2652 πλανῶντες
982 2587 1450 2660 παραλογίζεσθε,
1505 2591 1655 2646 Θύειν
1701 2588 2029 2660 ὑπολαμϐά-

437 2694 627 2740 νοντες
657 2677 694 2732 ἃ
727 2681 802 2750 μὴ
830 2679 1020 2772 λέγετε
1073 2679 1320 2737 θύεσθαι.
1357 2682 1484 2745 Πῶς
1515 2681 1626 2754 γὰρ
1657 2681 1723 2734 ἂν
1755 2681 1942 2752 τυθείη
1967 2681 2029 2734 τὸ

435 2770 886 2839 ἀπερίγραπτον,
918 2770 1012 2825 καὶ
1039 2773 1211 2828 ἁπτὸν
1241 2773 1398 2828 ἔσται
1434 2773 1467 2845 ἤ
1503 2773 1889 2846 ἐδεσθήσεται;
1940 2773 2028 2840 Ἐξ

435 2855 500 2914 οὗ
537 2861 698 2932 δῆλον
729 2863 813 2917 ὅτι
843 2865 938 2916 καὶ
968 2863 1035 2917 τὰ
1081 2863 1178 2917 ἐπὶ
1222 2865 1330 2918 τῶν
1381 2865 1700 2935 μυστηρίων
1725 2865 1934 2918 τούτων
1971 2866 2030 2920 ἐν

437 2957 558 3018 τοῖς
608 2955 778 3026 ἱεροῖς
817 2955 1178 3025 Εὐαγγελίοις
1223 2957 1678 3028 παραδεδομένα,
1717 2958 1812 3012 καὶ
1860 2957 2030 3012 τᾶλλα

439 3047 622 3098 πάντα
652 3047 988 3118 διαγράφετε
1047 3049 1144 3101 καὶ
1189 3049 1469 3114 ἀθετεῖτε,
1527 3051 1578 3102 οι
1628 3050 1710 3113 εἰς
1760 3050 1822 3103 τὸ
1869 3051 2029 3121 σῶμα

442 3138 691 3210 Χριστοῦ
733 3139 929 3209 ἀνέδην
963 3140 1409 3210 προσκόπτοντες
1436 3157 1450 3174 ο
1492 3138 1543 3193 εἴ
1577 3158 1643 3211 γε
1688 3143 1810 3196 οὐδὲ
1864 3141 2028 3212 σῶμα

439 3234 687 3301 κυρὶως,
727 3231 844 3284 ἀλλ’
880 3233 1069 3286 εἰκόνα
1104 3233 1363 3302 σώματος
1396 3232 1541 3286 κατὰ
1585 3234 1676 3288 τὸν
1707 3233 2028 3287 διδάσκαλον

2133 2039 2315 2104 tiatis,
2359 2045 2452 2092 aut
2500 2040 2960 2093 resurrectionem
3009 2038 3379 2101 conlitemini,
3421 2049 3474 2092 et
3503 2029 3707 2094 tradita

2131 2131 2396 2186 sermonis
2434 2131 2700 2186 ministris
2725 2131 2771 2163 ⁸⁸
2804 2132 2856 2184 in
2889 2145 3043 2185 sacra
3089 2129 3178 2184 illa
3223 2139 3404 2192 nocte,
3449 2145 3552 2198 qna
3586 2129 3708 2185 illos

2129 2224 2320 2276 borum
2356 2221 2742 2292 mysteriorum
2791 2220 2920 2276 fecit
2959 2220 3290 2290 participes?
3337 2219 3707 2286 Quamobrem

2127 2314 2368 2367 insanire
2397 2330 2490 2368 vos
2513 2323 2750 2378 consaat,
2787 2313 3031 2368 dicentes
3066 2329 3131 2367 ne
3162 2303 3448 2366 Christum
3489 2313 3708 2388 quidem

2128 2415 2300 2461 semet
2339 2422 2465 2460 vere
2517 2405 2866 2471 immolasse,
2928 2421 3050 2461 cum
3107 2420 3306 2474 corpus
3357 2419 3462 2457 non
3503 2405 3572 2458 sit
3604 2406 3714 2458 cir-

2129 2499 2542 2569 cumscriptum.
2577 2497 2718 2569 Ergo
2749 2509 2960 2554 vosmet
3004 2498 3151 2566 ipsos
3198 2510 3388 2551 errore
3421 2496 3708 2566 decipitis,

2129 2591 2442 2645 sacriﬁcare
2472 2591 2872 2657 existimantes,
2905 2606 3026 2660 qum
3056 2603 3245 2657 reapse
3279 2587 3583 2644 sacriﬁcari
3617 2602 3710 2642 ne-

2129 2685 2289 2754 gatis.
2321 2681 2452 2738 Nam
2479 2683 2756 2752 quomodo
2781 2683 3124 2738 sacriﬁcetur
3145 2681 3708 2750 incircutuscriptum,

2133 2775 2212 2829 vel
2243 2775 2384 2828 idem
2419 2775 2676 2845 tangibile
2702 2775 2804 2828 erit
2825 2815 2840 2841 ,
2877 2780 2966 2828 aut
2989 2772 3441 2830 manducabilur?
3469 2771 3550 2832 Ex
3583 2772 3706 2842 qni-

2130 2868 2232 2922 bns
2261 2859 2516 2936 apparet,
2565 2881 2660 2921 vos
2701 2866 2790 2920 illa
2837 2865 3000 2920 etiam
3034 2881 3153 2937 qua:
3198 2867 3264 2920 de
3299 2865 3384 2920 his
3433 2863 3713 2934 mysteriis

2133 2958 2183 3012 in
2244 2957 2418 3012 sacris
2465 2957 2778 3028 Evangeliis
2839 2966 2968 3012 sunt
3024 2956 3254 3020 tradita,
3309 2971 3430 3010 cum
3487 2953 3714 3022 reliquis

2130 3051 2382 3104 omnibus
2427 3049 2609 3104 delere
2648 3058 2811 3120 atque
2857 3048 3113 3115 abolere,
3169 3048 3259 3118 qui
3308 3049 3454 3103 circa
3509 3044 3712 3102 Christi

2131 3157 2329 3211 corpus
2351 3141 2574 3196 omnino
2599 3143 2818 3206 erratis,
2850 3141 3108 3212 quoniam
3157 3140 3296 3195 haud
3335 3155 3462 3196 vere
3509 3154 3710 3208 corpus

2133 3247 2278 3296 esse,
2307 3223 2398 3288 sed
2429 3232 2679 3301 corporis
2727 3231 3044 3302 imaginem,
3073 3232 3228 3302 juxta
3261 3239 3497 3286 vostrum
3531 3228 3710 3298 magi-

440 3324 599 3392 ὑμῶν
621 3321 1005 3394 δογιᾎιατίξετε.
1049 3325 1143 3378 Διὸ
1190 3325 1332 3378 κατὰ
1362 3325 1454 3378 τὸν
1473 3327 1578 3396 τῆς
1611 3327 1825 3389 εἰκόνος
1856 3325 2018 3395 λόγον

2127 3333 2326 3387 strnm,
2359 3323 2767 3392 dogmatizatis.
2801 3319 2990 3391 Itaque
3029 3321 3330 3377 secundum
3372 3320 3516 3376 illam
3572 3320 3712 3374 ima-

435 3416 499 3468 ὃν
533 3415 687 3468 αὐτοὶ⁸
731 3415 1104 3486 εἰσηγήσασοε
1127 3455 1142 3478 ,
1182 3415 1241 3480 ἐξ
1274 3415 1524 3486 ἀνάγκης
1557 3415 1589 3486 ἢ
1641 3416 2022 3486 συγκαταθύε-

441 3508 569 3558 σῖαι
593 3505 685 3559 τὸν
713 3507 886 3574 Λόγον
902 3507 1272 3578 ὁμολογήσετε
1299 3507 1389 3560 διὰ
1417 3509 1516 3578 τὴν
1546 3509 1674 3578 μίαν
1702 3507 2021 3576 ὑπόστασιν,

437 3599 470 3667 ἢ
505 3597 595 3650 διὰ
627 3599 688 3651 τὸ
719 3597 1142 3670 ἁπερίγραπτον
1163 3595 1324 3666 εἶναι,
1357 3601 1696 3672 κεχωρίσθαι
1721 3601 1817 3655 τοῦ
1840 3599 2026 3670 σώμα-

437 3706 558 3754 τος,
581 3691 678 3742 καὶ
706 3690 861 3743 οὐδὲν
885 3690 1049 3744 πλέον
1073 3691 1240 3762 ἄρτου
1274 3693 1458 3745 κοινοῦ
1504 3695 1599 3746 καὶ
1631 3693 1774 3746 οἴνου
1813 3694 2026 3764 [sposp-

442 3781 646 3850 γήσετε
696 3781 730 3851 ἢ
767 3781 1146 3851 μεταλήψεσθε
1172 3799 1188 3814 ο
1240 3785 1517 3856 σωτηρίας
1559 3784 1616 3837 δὲ
1659 3784 1692 3856 ἢ
1746 3783 2022 3856 ἀγιασμοῦ

445 3871 721 3940 μετέχειν,
751 3871 872 3924 οὐδὲ
913 3873 1164 3926 ὑπονοεῖν
1187 3873 1338 3939 ἄξιον
1361 3891 1375 3906 ο
1401 3877 1429 3928 ὁ
1455 3876 1535 3928 δέ·
1556 3875 1748 3940 πιστὸς
1770 3876 1871 3929 οὐκ
1893 3876 2029 3929 ἀπο⁴

441 3961 718 4016 πλανᾶται
741 3979 756 3994 ο
793 3966 1074 4020 Πιστεύει
1119 3966 1230 4036 γὰρ
1267 3967 1358 4021 ὅτι
1392 3967 1566 4034 σῶμα
1595 3969 1856 4037 Χριστοῦ
1899 3969 2033 4023 ἐστι

441 4052 510 4104 τὸ
529 4052 689 4118 παρὰ
721 4053 845 4119 τοῖς
874 4053 1070 4121 ἀξίοις
1093 4057 1596 4124 ἱερουργούμενον
1616 4073 1630 4084 ·
1660 4057 1758 4110 καὶ
1786 4059 1846 4109 ἐν
1873 4055 2031 4128 χερσὶ

442 4129 688 4212 συνέχων
721 4147 1247 4216 περιγεγραμμένον
1277 4143 1444 4211 οἶδεν,
1483 4147 1754 4218 ἐδηδοκὼς
1779 4165 1841 4202 τε
1869 4149 2029 4218 ἁγιά-

440 4233 622 4299 ζεται,
651 4235 748 4288 καὶ
782 4237 1075 4307 ἁμαρτιῶν
1099 4239 1458 4308 καθαίρεται,
1489 4241 1584 4293 καὶ
1619 4239 1900 4310 βασιλείας
1927 4241 2024 4294 ού-

441 4329 625 4398 ρκνῶν
661 4329 1046 4395 ἐπιτεύξεσθαι
1073 4329 1164 4384 διὰ
1209 4331 1418 4386 τούτων
1447 4331 1668 4402 ἀσφαλῆ
1704 4333 1802 4402 τὴν
1833 4331 2024 4386 ἐλπίδα

440 4437 734 4492 κεκτηται.

521 4691 566 4726 ⁸³
597 4692 724 4752 Luc.
762 4707 801 4760 t,
853 4693 908 4749 2.

520 4851 598 4920 (l)
628 4850 828 4920 Nempe
859 4852 960 4908 hoc
999 4851 1339 4907 nutissimttm
1366 4851 1708 4919 proverbium
1735 4860 1839 4909 est.

522 4923 598 4991 (εὶ)
635 4921 707 4974 De
725 4925 896 4976 missa‘
925 4922 1193 4992 sacriﬁcio
1225 4939 1277 4992 p.
1311 4923 1399 4990 69,
1437 4925 1562 4993 adn.
1591 4920 1646 4993 2.

525 4995 594 5064 (5)
623 4993 825 5045 Sensus
879 4994 1138 5064 dictionis
1180 4991 1296 5064 cst,
1335 4991 1478 5062 quod
1512 4993 1585 5046 illi
1631 4991 1840 5062 indigni
1872 4992 2015 5046 haud

439 5063 745 5119 credebant
775 5065 1034 5134 mysterio
1064 5063 1458 5130 Eucharisticu,
1485 5067 1728 5132 adeoque
1753 5079 1852 5134 nec
1886 5065 2012 5134 rite,

436 5138 561 5190 sive
595 5147 663 5186 ex
687 5132 998 5188 authentica
1024 5149 1088 5188 ac
1129 5136 1440 5204 necessaria
1475 5135 1707 5204 litnrgite
1750 5132 2010 5204 formula,

439 5205 858 5260 (onsecrarisse
889 5205 1161 5261 videntur.
1213 5203 1278 5260 Et
1330 5207 1450 5262 vide
1502 5201 1664 5260 simul
1696 5218 1892 5262 novum
1944 5201 2012 5257 de

2130 3415 2273 3484 ginis
2329 3414 2591 3468 rationem
2631 3429 2794 3482 quam
2832 3413 3039 3468 docetis
3064 3413 3432 3480 ,-necessario
3479 3426 3577 3466 vos
3620 3423 3714 3464 aut

2130 3505 2295 3560 simul
2349 3522 2472 3561 cum
2537 3520 2766 3576 corpore
2834 3505 3108 3560 immolari
3178 3503 3437 3570 Verbum,
3493 3512 3715 3574 propter

2133 3597 2344 3650 unicam
2369 3598 2724 3668 bypostasim,
2747 3597 3177 3664 conﬁtebim’mi;
3203 3606 3296 3652 aut
3319 3597 3445 3668 quia
3471 3593 3714 3650 Verbum

2132 3688 2666 3758 incircumscriptum
2693 3697 2797 3754 est,
2830 3689 2879 3742 id
2902 3677 3025 3744 esse
3047 3704 3078 3743 a
3098 3703 3330 3758 corpore
3355 3695 3666 3757 separatum
3695 3701 3712 3740 :

2133 3779 2322 3849 etjam
2374 3779 2510 3832 nihil
2564 3767 2705 3834 ultra
2763 3793 3108 3833 communem
3167 3793 3362 3849 panem
3423 3792 3485 3832 ac
3527 3775 3714 3830 vinum

2133 3869 2488 3927 itmnoiabitis
2513 3882 2610 3926 aut
2637 3869 3060 3942 participabitis.
3091 3869 3336 3939 Denique
3363 3868 3591 3924 salutem
3622 3872 3716 3920 aut

2131 3962 2622 4020 sanctiﬁcationem
2672 3979 2767 4020 vos
2798 3964 2962 4018 istinc
3015 3963 3366 4032 participare,
3403 3959 3455 4014 id
3507 3958 3576 4012 ne'
3618 3973 3716 4014 co-

2129 4061 2306 4131 gitare
2353 4061 2572 4132 quidem
2621 4059 2768 4116 licet.
2824 4058 2997 4114 llomo
3045 4066 3236 4114 contra
3274 4055 3450 4110 ﬁdelis
3481 4067 3586 4108 non
3621 4067 3713 4108 er-

2130 4162 2244 4215 rat;
2274 4151 2440 4207 credit
2471 4153 2609 4208 enim
2640 4169 2830 4220 corpus
2860 4165 2970 4206 esse
3015 4148 3239 4216 Christi,
3271 4146 3414 4218 quod
3450 4144 3592 4215 apud
3627 4145 3712 4198 di-

2126 4249 2254 4312 gnos
2286 4239 2360 4312 (5)
2395 4241 2751 4310 sacriﬁcatur,
2785 4249 2836 4293 et
2865 4238 3078 4310 quando
3114 4235 3361 4290 manibus
3394 4242 3529 4288 tenet
3551 4273 3567 4300 ,
3596 4232 3700 4287 scit

2118 4347 2228 4386 esse
2257 4334 2732 4402 circumscriptam,
2775 4341 2824 4385 et
2849 4331 3122 4384 comedens
3150 4327 3539 4396 sanctiﬁcatur,
3571 4338 3704 4394 pec-

2120 4424 2367 4492 catisque
2392 4423 2712 4488 mandatur,
2739 4435 2795 4478 et
2823 4423 3082 4478 caelorum
3119 4433 3284 4490 regno
3334 4427 3559 4489 propter
3591 4416 3708 4472 hac

2123 4530 2181 4573 se
2203 4517 2497 4588 potiturum
2531 4525 2644 4572 tuto
2673 4517 2893 4573 conlidit
2923 4516 3024 4588 (4).

2053 4869 2098 4927 υ
2126 4845 2586 4927 Christicorpore
2609 4850 2663 4906 in
2699 4858 2888 4907 sancta
2919 4849 3258 4906 Eucharistia
3290 4858 3564 4920 praesente
3607 4857 3690 4907 te-

2125 4933 2467 4980 slitnonium.

2197 4993 2275 5064 (4)
2307 4993 2550 5062 ReSpicit
2592 4993 2658 5047 ad
2707 4989 2913 5049 Christi
2945 4990 3110 5064 verba
3147 4990 3304 5047 Joan.
3339 5006 3411 5057 vt,
3447 4989 3556 5064 55;
3595 4993 3700 5058 οιιὶ

2122 5061 2411 5117 manduca!
2440 5079 2607 5117 meam
2638 5079 2848 5120 carnem
2887 5073 2934 5118 et
2973 5061 3102 5118 bibit
3142 5078 3320 5118 meum
3343 5062 3689 5133 sanguinem,

2121 5135 2272 5190 habet
2308 5135 2464 5190 vitam
2498 5144 2774 5190 teter-nam.
