  <div class='ocr_page' id='page_1' title='image "/cluster/home/n/w/nwhite01/storage/ocr_20150623/100/coo.31924054870047/193.png"; bbox 0 0 4050 6422; ppageno 0'>
   <div class='ocr_carea' id='block_1_1' title="bbox 541 254 2037 421">
    <p class='ocr_par' dir='ltr' id='par_1_1' title="bbox 541 254 2037 365">
     <span class='ocr_line' id='line_1_1' title="bbox 541 254 2037 365; baseline 0.033 -49"><span class='ocrx_word' id='word_1_1' title='bbox 541 254 608 318; x_wconf 82' lang='lat'><strong>75</strong></span> <span class='ocrx_word' id='word_1_2' title='bbox 766 268 781 277; x_wconf 84' lang='grc'><em>’</em></span> <span class='ocrx_word' id='word_1_3' title='bbox 1525 289 1588 351; x_wconf 89' lang='lat' dir='ltr'><strong>S.</strong></span> <span class='ocrx_word' id='word_1_4' title='bbox 1632 293 1684 354; x_wconf 90' lang='grc' dir='ltr'><strong>Ν</strong></span> <span class='ocrx_word' id='word_1_5' title='bbox 1689 295 2037 365; x_wconf 79' lang='lat' dir='ltr'><strong>ICEPHORJ</strong></span> 
     </span>
    </p>
   </div>
   <div class='ocr_carea' id='block_1_2' title="bbox 2115 254 3761 421">
    <p class='ocr_par' dir='ltr' id='par_1_2' title="bbox 2115 310 3761 421">
     <span class='ocr_line' id='line_1_2' title="bbox 2115 310 3761 421; baseline 0.031 -53"><span class='ocrx_word' id='word_1_6' title='bbox 2115 310 2604 383; x_wconf 65' lang='lat' dir='ltr'><strong>MTRIARCIIAE</strong></span> <span class='ocrx_word' id='word_1_7' title='bbox 2641 328 2752 390; x_wconf 73' lang='grc' dir='ltr'><strong>(ΞΡ.</strong></span> <span class='ocrx_word' id='word_1_8' title='bbox 3661 359 3761 421; x_wconf 76' lang='lat'><strong>376</strong></span> 
     </span>
    </p>
   </div>
   <div class='ocr_carea' id='block_1_3' title="bbox 1606 593 2683 715">
    <p class='ocr_par' dir='ltr' id='par_1_3' title="bbox 1606 593 2683 715">
     <span class='ocr_line' id='line_1_3' title="bbox 1606 593 2683 715; baseline 0.025 -30"><span class='ocrx_word' id='word_1_9' title='bbox 1606 593 2242 706; x_wconf 77' lang='grc' dir='ltr'><strong>ΑΝΤΙΡΡΗΣΙΣ</strong></span> <span class='ocrx_word' id='word_1_10' title='bbox 2317 625 2645 715; x_wconf 88' lang='lat' dir='ltr'><strong>TPITH</strong></span> <span class='ocrx_word' id='word_1_11' title='bbox 2657 685 2683 712; x_wconf 94' lang='lat'><strong>.</strong></span> 
     </span>
    </p>
   </div>
   <div class='ocr_carea' id='block_1_4' title="bbox 2070 826 2144 840">
    <p class='ocr_par' dir='ltr' id='par_1_4' title="bbox 2070 826 2144 840">
     <span class='ocr_line' id='line_1_4' title="bbox 2070 826 2144 840; baseline 0.014 -1"><span class='ocrx_word' id='word_1_12' title='bbox 2070 826 2144 840; x_wconf 45' lang='grc' dir='ltr'>ῃ</span> 
     </span>
    </p>
   </div>
   <div class='ocr_carea' id='block_1_5' title="bbox 1275 933 2936 1089">
    <p class='ocr_par' dir='ltr' id='par_1_5' title="bbox 1275 933 2936 1089">
     <span class='ocr_line' id='line_1_5' title="bbox 1275 933 2936 1089; baseline 0.034 -55"><span class='ocrx_word' id='word_1_13' title='bbox 1275 933 1560 1043; x_wconf 85' lang='grc' dir='ltr'><strong>ΑΝΤΙ</strong></span> <span class='ocrx_word' id='word_1_14' title='bbox 1588 959 2266 1070; x_wconf 81' lang='lat' dir='ltr'><strong>RRHETICUS</strong></span> <span class='ocrx_word' id='word_1_15' title='bbox 2378 984 2936 1089; x_wconf 80' lang='lat' dir='ltr'><strong>TERTIUS.</strong></span> 
     </span>
    </p>
   </div>
   <div class='ocr_carea' id='block_1_6' title="bbox 465 1731 2048 1841">
    <p class='ocr_par' dir='ltr' id='par_1_6' title="bbox 465 1731 2048 1841">
     <span class='ocr_line' id='line_1_6' title="bbox 465 1731 2048 1841; baseline 0.029 -59"><span class='ocrx_word' id='word_1_16' title='bbox 465 1731 767 1804; x_wconf 90' lang='lat' dir='ltr'><strong>dornmque</strong></span> <span class='ocrx_word' id='word_1_17' title='bbox 805 1739 1257 1810; x_wconf 79' lang='lat' dir='ltr'><strong>dogmatistarum</strong></span> <span class='ocrx_word' id='word_1_18' title='bbox 1299 1755 1530 1824; x_wconf 79' lang='lat' dir='ltr'><strong>gloriam</strong></span> <span class='ocrx_word' id='word_1_19' title='bbox 1570 1731 1713 1832; x_wconf 78' lang='lat' dir='ltr'><strong>apud</strong></span> <span class='ocrx_word' id='word_1_20' title='bbox 1745 1781 1858 1833; x_wconf 89' lang='lat' dir='ltr'><strong>eos,</strong></span> <span class='ocrx_word' id='word_1_21' title='bbox 1911 1731 2048 1841; x_wconf 75' lang='lat' dir='ltr'><strong>quos</strong></span> 
     </span>
    </p>
   </div>
   <div class='ocr_carea' id='block_1_7' title="bbox 463 1823 2048 1926">
    <p class='ocr_par' dir='ltr' id='par_1_7' title="bbox 463 1823 2048 1926">
     <span class='ocr_line' id='line_1_7' title="bbox 463 1823 2048 1926; baseline 0.029 -52"><span class='ocrx_word' id='word_1_22' title='bbox 463 1823 760 1894; x_wconf 80' lang='lat' dir='ltr'><strong>decipiunt,</strong></span> <span class='ocrx_word' id='word_1_23' title='bbox 818 1845 1102 1904; x_wconf 76' lang='lat' dir='ltr'><strong>venantes,</strong></span> <span class='ocrx_word' id='word_1_24' title='bbox 1171 1845 1356 1901; x_wconf 89' lang='lat' dir='ltr'><strong>statim</strong></span> <span class='ocrx_word' id='word_1_25' title='bbox 1397 1865 1461 1904; x_wconf 90' lang='lat' dir='ltr'><strong>ac</strong></span> <span class='ocrx_word' id='word_1_26' title='bbox 1523 1855 1592 1908; x_wconf 87' lang='lat' dir='ltr'><strong>ah</strong></span> <span class='ocrx_word' id='word_1_27' title='bbox 1643 1858 1762 1926; x_wconf 89' lang='lat' dir='ltr'><strong>ipsa</strong></span> <span class='ocrx_word' id='word_1_28' title='bbox 1813 1863 2048 1921; x_wconf 72' lang='lat' dir='ltr'><strong>veritate</strong></span> 
     </span>
    </p>
   </div>
   <div class='ocr_carea' id='block_1_8' title="bbox 461 1928 2040 2009">
    <p class='ocr_par' dir='ltr' id='par_1_8' title="bbox 461 1928 2040 2009">
     <span class='ocr_line' id='line_1_8' title="bbox 461 1928 2040 2009; baseline 0.028 -45"><span class='ocrx_word' id='word_1_29' title='bbox 461 1928 836 1985; x_wconf 81' lang='lat' dir='ltr'><strong>coarguuntnr</strong></span> <span class='ocrx_word' id='word_1_30' title='bbox 900 1935 1068 1998; x_wconf 82' lang='lat' dir='ltr'><strong>atque</strong></span> <span class='ocrx_word' id='word_1_31' title='bbox 1135 1949 1481 2009; x_wconf 85' lang='lat' dir='ltr'><strong>premuntur,</strong></span> <span class='ocrx_word' id='word_1_32' title='bbox 1561 1944 1630 2000; x_wconf 89' lang='lat' dir='ltr'><strong>ad</strong></span> <span class='ocrx_word' id='word_1_33' title='bbox 1683 1929 2040 2009; x_wconf 75' lang='lat' dir='ltr'><strong>inordinatus</strong></span> 
     </span>
    </p>
   </div>
   <div class='ocr_carea' id='block_1_9' title="bbox 459 2007 2046 2106">
    <p class='ocr_par' dir='ltr' id='par_1_9' title="bbox 459 2007 2046 2106">
     <span class='ocr_line' id='line_1_9' title="bbox 459 2007 2046 2106; baseline 0.026 -46"><span class='ocrx_word' id='word_1_34' title='bbox 459 2007 888 2078; x_wconf 71' lang='lat' dir='ltr'><strong>disceptationes</strong></span> <span class='ocrx_word' id='word_1_35' title='bbox 935 2030 990 2075; x_wconf 91' lang='lat' dir='ltr'><strong>et</strong></span> <span class='ocrx_word' id='word_1_36' title='bbox 1028 2022 1406 2096; x_wconf 89' lang='lat' dir='ltr'><strong>intempestiva</strong></span> <span class='ocrx_word' id='word_1_37' title='bbox 1463 2007 1782 2106; x_wconf 81' lang='lat' dir='ltr'><strong>argumenta</strong></span> <span class='ocrx_word' id='word_1_38' title='bbox 1824 2053 2046 2101; x_wconf 87' lang='lat' dir='ltr'><strong>vertun-</strong></span> 
     </span>
    </p>
   </div>
   <div class='ocr_carea' id='block_1_10' title="bbox 458 2103 2038 2206">
    <p class='ocr_par' dir='ltr' id='par_1_10' title="bbox 458 2103 2038 2206">
     <span class='ocr_line' id='line_1_10' title="bbox 458 2103 2038 2206; baseline 0.027 -56"><span class='ocrx_word' id='word_1_39' title='bbox 458 2107 567 2162; x_wconf 83' lang='lat' dir='ltr'><strong>tur,</strong></span> <span class='ocrx_word' id='word_1_40' title='bbox 594 2103 960 2180; x_wconf 80' lang='lat' dir='ltr'><strong>prnianasqne</strong></span> <span class='ocrx_word' id='word_1_41' title='bbox 987 2117 1376 2178; x_wconf 83' lang='lat' dir='ltr'><strong>vocabulorum</strong></span> <span class='ocrx_word' id='word_1_42' title='bbox 1399 2129 1668 2186; x_wconf 83' lang='lat' dir='ltr'><strong>novitates</strong></span> <span class='ocrx_word' id='word_1_43' title='bbox 1690 2134 2038 2206; x_wconf 86' lang='lat' dir='ltr'><strong>concinnant,</strong></span> 
     </span>
    </p>
   </div>
   <div class='ocr_carea' id='block_1_11' title="bbox 453 2191 2038 2282">
    <p class='ocr_par' dir='ltr' id='par_1_11' title="bbox 453 2191 2038 2282">
     <span class='ocr_line' id='line_1_11' title="bbox 453 2191 2038 2282; baseline 0.026 -42"><span class='ocrx_word' id='word_1_44' title='bbox 453 2191 759 2264; x_wconf 82' lang='lat' dir='ltr'><strong>stnltasqae</strong></span> <span class='ocrx_word' id='word_1_45' title='bbox 811 2209 867 2254; x_wconf 91' lang='lat' dir='ltr'><strong>et</strong></span> <span class='ocrx_word' id='word_1_46' title='bbox 933 2201 1142 2275; x_wconf 85' lang='lat' dir='ltr'><strong>ineptas</strong></span> <span class='ocrx_word' id='word_1_47' title='bbox 1197 2210 1382 2268; x_wconf 89' lang='lat' dir='ltr'><strong>hostili</strong></span> <span class='ocrx_word' id='word_1_48' title='bbox 1441 2216 1706 2276; x_wconf 89' lang='lat' dir='ltr'><strong>adversus</strong></span> <span class='ocrx_word' id='word_1_49' title='bbox 1758 2223 2038 2282; x_wconf 82' lang='lat' dir='ltr'><strong>Christum</strong></span> 
     </span>
    </p>
   </div>
   <div class='ocr_carea' id='block_1_12' title="bbox 453 2281 2038 2376">
    <p class='ocr_par' dir='ltr' id='par_1_12' title="bbox 453 2281 2038 2376">
     <span class='ocr_line' id='line_1_12' title="bbox 453 2281 2038 2376; baseline 0.027 -43"><span class='ocrx_word' id='word_1_50' title='bbox 453 2281 636 2352; x_wconf 79' lang='lat' dir='ltr'><strong>lingua</strong></span> <span class='ocrx_word' id='word_1_51' title='bbox 697 2293 1024 2358; x_wconf 65' lang='lat' dir='ltr'><strong>quaestiones</strong></span> <span class='ocrx_word' id='word_1_52' title='bbox 1076 2313 1447 2372; x_wconf 86' lang='lat' dir='ltr'><strong>commovent,</strong></span> <span class='ocrx_word' id='word_1_53' title='bbox 1480 2310 1628 2366; x_wconf 88' lang='lat' dir='ltr'><strong>circa</strong></span> <span class='ocrx_word' id='word_1_54' title='bbox 1683 2314 1845 2370; x_wconf 86' lang='lat' dir='ltr'><strong>ﬁdem</strong></span> <span class='ocrx_word' id='word_1_55' title='bbox 1901 2336 1929 2372; x_wconf 90' lang='lat' dir='ltr'><strong>a</strong></span> <span class='ocrx_word' id='word_1_56' title='bbox 1977 2335 2038 2376; x_wconf 93' lang='lat' dir='ltr'><strong>se</strong></span> 
     </span>
    </p>
   </div>
   <div class='ocr_carea' id='block_1_13' title="bbox 450 2375 2037 2466">
    <p class='ocr_par' dir='ltr' id='par_1_13' title="bbox 450 2375 2037 2466">
     <span class='ocr_line' id='line_1_13' title="bbox 450 2375 2037 2466; baseline 0.026 -40"><span class='ocrx_word' id='word_1_57' title='bbox 450 2375 716 2446; x_wconf 83' lang='lat' dir='ltr'><strong>ahjectam</strong></span> <span class='ocrx_word' id='word_1_58' title='bbox 770 2385 1242 2460; x_wconf 74' lang='lat' dir='ltr'><strong>naufragantes“,</strong></span> <span class='ocrx_word' id='word_1_59' title='bbox 1294 2399 1430 2454; x_wconf 85' lang='lat' dir='ltr'><strong>nihil</strong></span> <span class='ocrx_word' id='word_1_60' title='bbox 1481 2403 1719 2463; x_wconf 83' lang='lat' dir='ltr'><strong>scientes</strong></span> <span class='ocrx_word' id='word_1_61' title='bbox 1769 2411 1864 2463; x_wconf 88' lang='lat' dir='ltr'><strong>sed</strong></span> <span class='ocrx_word' id='word_1_62' title='bbox 1915 2411 2037 2466; x_wconf 87' lang='lat' dir='ltr'><strong>lan-</strong></span> 
     </span>
    </p>
   </div>
   <div class='ocr_carea' id='block_1_14' title="bbox 447 2473 2032 2570">
    <p class='ocr_par' dir='ltr' id='par_1_14' title="bbox 447 2473 2032 2570">
     <span class='ocr_line' id='line_1_14' title="bbox 447 2473 2032 2570; baseline 0.026 -51"><span class='ocrx_word' id='word_1_63' title='bbox 447 2481 693 2534; x_wconf 73' lang='lat' dir='ltr'><strong>guentes,</strong></span> <span class='ocrx_word' id='word_1_64' title='bbox 723 2484 780 2528; x_wconf 94' lang='lat' dir='ltr'><strong>ut</strong></span> <span class='ocrx_word' id='word_1_65' title='bbox 809 2491 978 2534; x_wconf 74' lang='lat' dir='ltr'><strong>sacra:</strong></span> <span class='ocrx_word' id='word_1_66' title='bbox 1013 2479 1232 2542; x_wconf 58' lang='lat' dir='ltr'><strong>Littera</strong></span> <span class='ocrx_word' id='word_1_67' title='bbox 1247 2473 1400 2546; x_wconf 76' lang='lat' dir='ltr'><strong>aiunt</strong></span> <span class='ocrx_word' id='word_1_68' title='bbox 1424 2492 1490 2560; x_wconf 79' lang='lat'><strong>&quot;,</strong></span> <span class='ocrx_word' id='word_1_69' title='bbox 1519 2496 1676 2551; x_wconf 83' lang='lat' dir='ltr'><strong>circa</strong></span> <span class='ocrx_word' id='word_1_70' title='bbox 1703 2503 2032 2570; x_wconf 71' lang='lat' dir='ltr'><strong>qumstiones</strong></span> 
     </span>
    </p>
   </div>
   <div class='ocr_carea' id='block_1_15' title="bbox 445 2565 2032 2651">
    <p class='ocr_par' dir='ltr' id='par_1_15' title="bbox 445 2565 2032 2651">
     <span class='ocr_line' id='line_1_15' title="bbox 445 2565 2032 2651; baseline 0.027 -42"><span class='ocrx_word' id='word_1_71' title='bbox 445 2565 500 2612; x_wconf 91' lang='lat' dir='ltr'><strong>et</strong></span> <span class='ocrx_word' id='word_1_72' title='bbox 531 2575 740 2633; x_wconf 83' lang='lat' dir='ltr'><strong>pugnas</strong></span> <span class='ocrx_word' id='word_1_73' title='bbox 772 2570 1084 2632; x_wconf 76' lang='lat' dir='ltr'><strong>verborum.</strong></span> <span class='ocrx_word' id='word_1_74' title='bbox 1113 2577 1478 2644; x_wconf 86' lang='lat' dir='ltr'><strong>Quamobrem</strong></span> <span class='ocrx_word' id='word_1_75' title='bbox 1510 2589 1668 2644; x_wconf 91' lang='lat' dir='ltr'><strong>nobis</strong></span> <span class='ocrx_word' id='word_1_76' title='bbox 1698 2565 1756 2646; x_wconf 75' lang='lat' dir='ltr'><strong>se</strong></span> <span class='ocrx_word' id='word_1_77' title='bbox 1787 2593 2032 2651; x_wconf 85' lang='lat' dir='ltr'><strong>addubi-</strong></span> 
     </span>
    </p>
   </div>
   <div class='ocr_carea' id='block_1_16' title="bbox 446 2657 2100 2752">
    <p class='ocr_par' dir='ltr' id='par_1_16' title="bbox 446 2657 2100 2752">
     <span class='ocr_line' id='line_1_16' title="bbox 446 2657 2100 2752; baseline 0.028 -49"><span class='ocrx_word' id='word_1_78' title='bbox 446 2661 624 2710; x_wconf 89' lang='lat' dir='ltr'><strong>tantes</strong></span> <span class='ocrx_word' id='word_1_79' title='bbox 647 2657 944 2732; x_wconf 80' lang='lat' dir='ltr'><strong>exhibent;</strong></span> <span class='ocrx_word' id='word_1_80' title='bbox 975 2675 1141 2737; x_wconf 86' lang='lat' dir='ltr'><strong>atque</strong></span> <span class='ocrx_word' id='word_1_81' title='bbox 1168 2673 1312 2728; x_wconf 84' lang='lat' dir='ltr'><strong>unde</strong></span> <span class='ocrx_word' id='word_1_82' title='bbox 1355 2677 1513 2732; x_wconf 88' lang='lat' dir='ltr'><strong>nobis</strong></span> <span class='ocrx_word' id='word_1_83' title='bbox 1555 2680 1848 2752; x_wconf 75' lang='lat' dir='ltr'><strong>imaginum</strong></span> <span class='ocrx_word' id='word_1_84' title='bbox 1882 2689 2022 2751; x_wconf 82' lang='lat' dir='ltr'><strong>ratio</strong></span> <span class='ocrx_word' id='word_1_85' title='bbox 2061 2681 2100 2736; x_wconf 79' lang='grc' dir='ltr'><strong>Β</strong></span> 
     </span>
    </p>
   </div>
   <div class='ocr_carea' id='block_1_17' title="bbox 443 2746 2025 2840">
    <p class='ocr_par' dir='ltr' id='par_1_17' title="bbox 443 2746 2025 2840">
     <span class='ocr_line' id='line_1_17' title="bbox 443 2746 2025 2840; baseline 0.027 -46"><span class='ocrx_word' id='word_1_86' title='bbox 443 2749 600 2812; x_wconf 86' lang='lat' dir='ltr'><strong>capta</strong></span> <span class='ocrx_word' id='word_1_87' title='bbox 651 2746 820 2806; x_wconf 80' lang='lat' dir='ltr'><strong>fuerit</strong></span> <span class='ocrx_word' id='word_1_88' title='bbox 851 2753 1216 2830; x_wconf 81' lang='lat' dir='ltr'><strong>interrogant,</strong></span> <span class='ocrx_word' id='word_1_89' title='bbox 1253 2773 1306 2818; x_wconf 90' lang='lat' dir='ltr'><strong>et</strong></span> <span class='ocrx_word' id='word_1_90' title='bbox 1333 2768 1476 2823; x_wconf 85' lang='lat' dir='ltr'><strong>unde</strong></span> <span class='ocrx_word' id='word_1_91' title='bbox 1507 2773 1747 2840; x_wconf 91' lang='lat' dir='ltr'><strong>ipsarum</strong></span> <span class='ocrx_word' id='word_1_92' title='bbox 1793 2793 2025 2836; x_wconf 83' lang='lat' dir='ltr'><strong>venera-</strong></span> 
     </span>
    </p>
   </div>
   <div class='ocr_carea' id='block_1_18' title="bbox 440 2835 2024 2928">
    <p class='ocr_par' dir='ltr' id='par_1_18' title="bbox 440 2835 2024 2928">
     <span class='ocr_line' id='line_1_18' title="bbox 440 2835 2024 2928; baseline 0.028 -42"><span class='ocrx_word' id='word_1_93' title='bbox 440 2835 519 2888; x_wconf 88' lang='lat' dir='ltr'><strong>tio</strong></span> <span class='ocrx_word' id='word_1_94' title='bbox 545 2840 743 2895; x_wconf 84' lang='lat' dir='ltr'><strong>Iradita</strong></span> <span class='ocrx_word' id='word_1_95' title='bbox 767 2843 791 2897; x_wconf 80' lang='lat'><strong>?</strong></span> <span class='ocrx_word' id='word_1_96' title='bbox 819 2859 1108 2915; x_wconf 84' lang='lat' dir='ltr'><strong>sperantes</strong></span> <span class='ocrx_word' id='word_1_97' title='bbox 1123 2855 1336 2914; x_wconf 86' lang='lat' dir='ltr'><strong>scilicet</strong></span> <span class='ocrx_word' id='word_1_98' title='bbox 1363 2863 1519 2918; x_wconf 89' lang='lat' dir='ltr'><strong>nobis</strong></span> <span class='ocrx_word' id='word_1_99' title='bbox 1543 2865 1610 2920; x_wconf 90' lang='lat' dir='ltr'><strong>ad</strong></span> <span class='ocrx_word' id='word_1_100' title='bbox 1633 2866 1832 2926; x_wconf 84' lang='lat' dir='ltr'><strong>incitas</strong></span> <span class='ocrx_word' id='word_1_101' title='bbox 1868 2875 2024 2928; x_wconf 86' lang='lat' dir='ltr'><strong>reda-</strong></span> 
     </span>
    </p>
   </div>
   <div class='ocr_carea' id='block_1_19' title="bbox 439 2926 1640 3022">
    <p class='ocr_par' dir='ltr' id='par_1_19' title="bbox 439 2926 1640 3022">
     <span class='ocr_line' id='line_1_19' title="bbox 439 2926 1640 3022; baseline 0.031 -44"><span class='ocrx_word' id='word_1_102' title='bbox 439 2926 542 2983; x_wconf 87' lang='lat' dir='ltr'><strong>ctis</strong></span> <span class='ocrx_word' id='word_1_103' title='bbox 577 2928 829 2990; x_wconf 72' lang='lat' dir='ltr'><strong>fiduciam</strong></span> <span class='ocrx_word' id='word_1_104' title='bbox 868 2937 1201 3003; x_wconf 80' lang='lat' dir='ltr'><strong>defuturam.</strong></span> <span class='ocrx_word' id='word_1_105' title='bbox 1635 3015 1640 3022; x_wconf 73' lang='grc'><strong>,</strong></span> 
     </span>
    </p>
   </div>
   <div class='ocr_carea' id='block_1_20' title="bbox 508 3020 2010 3114">
    <p class='ocr_par' dir='ltr' id='par_1_20' title="bbox 508 3020 2010 3114">
     <span class='ocr_line' id='line_1_20' title="bbox 508 3020 2010 3114; baseline 0.029 -42"><span class='ocrx_word' id='word_1_106' title='bbox 508 3020 559 3073; x_wconf 75' lang='grc'>1.</span> <span class='ocrx_word' id='word_1_107' title='bbox 589 3022 719 3094; x_wconf 59' lang='lat' dir='ltr'><strong>Age,</strong></span> <span class='ocrx_word' id='word_1_108' title='bbox 741 3041 892 3096; x_wconf 91' lang='lat' dir='ltr'><strong>vero,</strong></span> <span class='ocrx_word' id='word_1_109' title='bbox 931 3033 1244 3102; x_wconf 76' lang='lat' dir='ltr'><strong>huiusmodi</strong></span> <span class='ocrx_word' id='word_1_110' title='bbox 1289 3049 1601 3114; x_wconf 72' lang='lat' dir='ltr'><strong>qumstioni,</strong></span> <span class='ocrx_word' id='word_1_111' title='bbox 1633 3067 2010 3114; x_wconf 81' lang='lat' dir='ltr'><strong>consentanea</strong></span> 
     </span>
    </p>
   </div>
   <div class='ocr_carea' id='block_1_21' title="bbox 435 3127 2020 3207">
    <p class='ocr_par' dir='ltr' id='par_1_21' title="bbox 435 3127 2020 3207">
     <span class='ocr_line' id='line_1_21' title="bbox 435 3127 2020 3207; baseline 0.026 -41"><span class='ocrx_word' id='word_1_112' title='bbox 435 3127 534 3168; x_wconf 89' lang='lat' dir='ltr'><strong>nos</strong></span> <span class='ocrx_word' id='word_1_113' title='bbox 564 3130 782 3188; x_wconf 80' lang='lat' dir='ltr'><strong>quoque</strong></span> <span class='ocrx_word' id='word_1_114' title='bbox 815 3138 1071 3184; x_wconf 88' lang='lat' dir='ltr'><strong>sermone</strong></span> <span class='ocrx_word' id='word_1_115' title='bbox 1106 3138 1525 3204; x_wconf 84' lang='lat' dir='ltr'><strong>respondemus.</strong></span> <span class='ocrx_word' id='word_1_116' title='bbox 1559 3141 1839 3204; x_wconf 85' lang='lat' dir='ltr'><strong>Undenam</strong></span> <span class='ocrx_word' id='word_1_117' title='bbox 1867 3152 2020 3207; x_wconf 79' lang='lat' dir='ltr'><strong>vobis</strong></span> 
     </span>
    </p>
   </div>
   <div class='ocr_carea' id='block_1_22' title="bbox 433 3209 2017 3310">
    <p class='ocr_par' dir='ltr' id='par_1_22' title="bbox 433 3209 2017 3310">
     <span class='ocr_line' id='line_1_22' title="bbox 433 3209 2017 3310; baseline 0.026 -51"><span class='ocrx_word' id='word_1_118' title='bbox 433 3209 874 3278; x_wconf 75' lang='lat' dir='ltr'><strong>evangelicorum</strong></span> <span class='ocrx_word' id='word_1_119' title='bbox 908 3216 1172 3276; x_wconf 89' lang='lat' dir='ltr'><strong>librorum</strong></span> <span class='ocrx_word' id='word_1_120' title='bbox 1214 3225 1486 3297; x_wconf 85' lang='lat' dir='ltr'><strong>inventio,</strong></span> <span class='ocrx_word' id='word_1_121' title='bbox 1524 3247 1579 3289; x_wconf 90' lang='lat' dir='ltr'><strong>et</strong></span> <span class='ocrx_word' id='word_1_122' title='bbox 1617 3237 1704 3292; x_wconf 89' lang='lat' dir='ltr'><strong>illa</strong></span> <span class='ocrx_word' id='word_1_123' title='bbox 1737 3255 1896 3310; x_wconf 84' lang='lat' dir='ltr'><strong>quam</strong></span> <span class='ocrx_word' id='word_1_124' title='bbox 1933 3245 2017 3300; x_wconf 84' lang='lat' dir='ltr'><strong>his</strong></span> 
     </span>
    </p>
   </div>
   <div class='ocr_carea' id='block_1_23' title="bbox 429 3298 2006 3402">
    <p class='ocr_par' dir='ltr' id='par_1_23' title="bbox 429 3298 2006 3402">
     <span class='ocr_line' id='line_1_23' title="bbox 429 3298 2006 3402; baseline 0.025 -52"><span class='ocrx_word' id='word_1_125' title='bbox 429 3298 704 3358; x_wconf 77' lang='lat' dir='ltr'><strong>adhibetis</strong></span> <span class='ocrx_word' id='word_1_126' title='bbox 729 3311 1008 3366; x_wconf 83' lang='lat' dir='ltr'><strong>veneratio</strong></span> <span class='ocrx_word' id='word_1_127' title='bbox 1028 3313 1404 3376; x_wconf 87' lang='lat' dir='ltr'><strong>demonstrata</strong></span> <span class='ocrx_word' id='word_1_128' title='bbox 1438 3323 1562 3391; x_wconf 83' lang='lat' dir='ltr'><strong>fuit,</strong></span> <span class='ocrx_word' id='word_1_129' title='bbox 1597 3298 1838 3402; x_wconf 70' lang='lat' dir='ltr'><strong>itemque</strong></span> <span class='ocrx_word' id='word_1_130' title='bbox 1872 3350 2006 3390; x_wconf 79' lang='lat' dir='ltr'><strong>crux</strong></span> 
     </span>
    </p>
   </div>
   <div class='ocr_carea' id='block_1_24' title="bbox 427 3395 2008 3482">
    <p class='ocr_par' dir='ltr' id='par_1_24' title="bbox 427 3395 2008 3482">
     <span class='ocr_line' id='line_1_24' title="bbox 427 3395 2008 3482; baseline 0.025 -40"><span class='ocrx_word' id='word_1_131' title='bbox 427 3396 484 3442; x_wconf 85' lang='lat' dir='ltr'><strong>et</strong></span> <span class='ocrx_word' id='word_1_132' title='bbox 541 3405 878 3466; x_wconf 69' lang='lat' dir='ltr'><strong>quaecunque</strong></span> <span class='ocrx_word' id='word_1_133' title='bbox 922 3395 1050 3458; x_wconf 32' lang='lat' dir='ltr'><strong>&quot;alia</strong></span> <span class='ocrx_word' id='word_1_134' title='bbox 1127 3408 1178 3462; x_wconf 91' lang='lat' dir='ltr'><strong>in</strong></span> <span class='ocrx_word' id='word_1_135' title='bbox 1234 3411 1674 3474; x_wconf 73' lang='lat' dir='ltr'><strong>Christianorum</strong></span> <span class='ocrx_word' id='word_1_136' title='bbox 1762 3425 2008 3482; x_wconf 81' lang='lat' dir='ltr'><strong>Ecclesia</strong></span> 
     </span>
    </p>
   </div>
   <div class='ocr_carea' id='block_1_25' title="bbox 427 3483 2010 3586">
    <p class='ocr_par' dir='ltr' id='par_1_25' title="bbox 427 3483 2010 3586">
     <span class='ocr_line' id='line_1_25' title="bbox 427 3483 2010 3586; baseline 0.025 -51"><span class='ocrx_word' id='word_1_137' title='bbox 427 3483 694 3554; x_wconf 86' lang='lat' dir='ltr'><strong>obsequio</strong></span> <span class='ocrx_word' id='word_1_138' title='bbox 755 3491 1020 3562; x_wconf 86' lang='lat' dir='ltr'><strong>cultuque</strong></span> <span class='ocrx_word' id='word_1_139' title='bbox 1077 3500 1356 3569; x_wconf 72' lang='lat' dir='ltr'><strong>gaudent?</strong></span> <span class='ocrx_word' id='word_1_140' title='bbox 1403 3507 1535 3575; x_wconf 74' lang='lat' dir='ltr'><strong>Quce</strong></span> <span class='ocrx_word' id='word_1_141' title='bbox 1583 3527 1707 3567; x_wconf 89' lang='lat' dir='ltr'><strong>cum</strong></span> <span class='ocrx_word' id='word_1_142' title='bbox 1760 3519 2010 3586; x_wconf 66' lang='lat' dir='ltr'><strong>audiunt,</strong></span> 
     </span>
    </p>
   </div>
   <div class='ocr_carea' id='block_1_26' title="bbox 426 3585 2007 3670">
    <p class='ocr_par' dir='ltr' id='par_1_26' title="bbox 426 3585 2007 3670">
     <span class='ocr_line' id='line_1_26' title="bbox 426 3585 2007 3670; baseline 0.027 -43"><span class='ocrx_word' id='word_1_143' title='bbox 426 3590 824 3647; x_wconf 78' lang='lat' dir='ltr'><strong>exasperantur</strong></span> <span class='ocrx_word' id='word_1_144' title='bbox 851 3585 1169 3656; x_wconf 88' lang='lat' dir='ltr'><strong>plurimum,</strong></span> <span class='ocrx_word' id='word_1_145' title='bbox 1211 3605 1264 3649; x_wconf 88' lang='lat' dir='ltr'><strong>et</strong></span> <span class='ocrx_word' id='word_1_146' title='bbox 1293 3613 1417 3654; x_wconf 91' lang='lat' dir='ltr'><strong>eum</strong></span> <span class='ocrx_word' id='word_1_147' title='bbox 1470 3601 1551 3658; x_wconf 89' lang='lat' dir='ltr'><strong>ira</strong></span> <span class='ocrx_word' id='word_1_148' title='bbox 1594 3607 1862 3664; x_wconf 85' lang='lat' dir='ltr'><strong>deliniant</strong></span> <span class='ocrx_word' id='word_1_149' title='bbox 1898 3627 2007 3670; x_wconf 90' lang='lat' dir='ltr'><strong>non</strong></span> 
     </span>
    </p>
   </div>
   <div class='ocr_carea' id='block_1_27' title="bbox 424 3651 2008 3758">
    <p class='ocr_par' dir='ltr' id='par_1_27' title="bbox 424 3651 2008 3758">
     <span class='ocr_line' id='line_1_27' title="bbox 424 3651 2008 3758; baseline 0.025 -40"><span class='ocrx_word' id='word_1_150' title='bbox 424 3651 546 3723; x_wconf 74' lang='lat' dir='ltr'><strong>esse</strong></span> <span class='ocrx_word' id='word_1_151' title='bbox 577 3672 644 3724; x_wconf 92' lang='lat' dir='ltr'><strong>de</strong></span> <span class='ocrx_word' id='word_1_152' title='bbox 675 3670 761 3728; x_wconf 91' lang='lat' dir='ltr'><strong>his</strong></span> <span class='ocrx_word' id='word_1_153' title='bbox 796 3676 1211 3750; x_wconf 87' lang='lat' dir='ltr'><strong>sciscitandum,</strong></span> <span class='ocrx_word' id='word_1_154' title='bbox 1249 3699 1552 3750; x_wconf 89' lang='lat' dir='ltr'><strong>metuentes</strong></span> <span class='ocrx_word' id='word_1_155' title='bbox 1581 3697 1794 3755; x_wconf 86' lang='lat' dir='ltr'><strong>scilicet</strong></span> <span class='ocrx_word' id='word_1_156' title='bbox 1845 3718 1911 3758; x_wconf 91' lang='lat' dir='ltr'><strong>ne</strong></span> <span class='ocrx_word' id='word_1_157' title='bbox 1956 3706 2008 3758; x_wconf 91' lang='lat' dir='ltr'><strong>in</strong></span> 
     </span>
    </p>
   </div>
   <div class='ocr_carea' id='block_1_28' title="bbox 425 3762 2008 3852">
    <p class='ocr_par' dir='ltr' id='par_1_28' title="bbox 425 3762 2008 3852">
     <span class='ocr_line' id='line_1_28' title="bbox 425 3762 2008 3852; baseline 0.025 -40"><span class='ocrx_word' id='word_1_158' title='bbox 425 3762 678 3818; x_wconf 88' lang='lat' dir='ltr'><strong>eamdem</strong></span> <span class='ocrx_word' id='word_1_159' title='bbox 714 3767 996 3825; x_wconf 91' lang='lat' dir='ltr'><strong>nobiscum</strong></span> <span class='ocrx_word' id='word_1_160' title='bbox 1032 3783 1465 3839; x_wconf 87' lang='lat' dir='ltr'><strong>controversiam</strong></span> <span class='ocrx_word' id='word_1_161' title='bbox 1501 3787 1766 3848; x_wconf 84' lang='lat' dir='ltr'><strong>incidant.</strong></span> <span class='ocrx_word' id='word_1_162' title='bbox 1804 3795 2008 3852; x_wconf 83' lang='lat' dir='ltr'><strong>Deinde</strong></span> 
     </span>
    </p>
   </div>
   <div class='ocr_carea' id='block_1_29' title="bbox 421 3856 2004 3958">
    <p class='ocr_par' dir='ltr' id='par_1_29' title="bbox 421 3856 2004 3958">
     <span class='ocr_line' id='line_1_29' title="bbox 421 3856 2004 3958; baseline 0.024 -53"><span class='ocrx_word' id='word_1_163' title='bbox 421 3856 578 3929; x_wconf 82' lang='lat' dir='ltr'><strong>quasi</strong></span> <span class='ocrx_word' id='word_1_164' title='bbox 601 3857 824 3916; x_wconf 87' lang='lat' dir='ltr'><strong>aliunde</strong></span> <span class='ocrx_word' id='word_1_165' title='bbox 860 3878 966 3918; x_wconf 89' lang='lat' dir='ltr'><strong>non</strong></span> <span class='ocrx_word' id='word_1_166' title='bbox 1011 3869 1225 3934; x_wconf 89' lang='lat' dir='ltr'><strong>possint</strong></span> <span class='ocrx_word' id='word_1_167' title='bbox 1248 3877 1482 3934; x_wconf 87' lang='lat' dir='ltr'><strong>evadere</strong></span> <span class='ocrx_word' id='word_1_168' title='bbox 1515 3883 1663 3948; x_wconf 82' lang='lat' dir='ltr'><strong>(nam</strong></span> <span class='ocrx_word' id='word_1_169' title='bbox 1701 3886 1830 3958; x_wconf 72' lang='lat' dir='ltr'><strong>quid</strong></span> <span class='ocrx_word' id='word_1_170' title='bbox 1856 3888 2004 3943; x_wconf 84' lang='lat' dir='ltr'><strong>aliud</strong></span> 
     </span>
    </p>
   </div>
   <div class='ocr_carea' id='block_1_30' title="bbox 421 3947 2003 4050">
    <p class='ocr_par' dir='ltr' id='par_1_30' title="bbox 421 3947 2003 4050">
     <span class='ocr_line' id='line_1_30' title="bbox 421 3947 2003 4050; baseline 0.025 -52"><span class='ocrx_word' id='word_1_171' title='bbox 421 3947 606 4004; x_wconf 82' lang='lat' dir='ltr'><strong>dicere</strong></span> <span class='ocrx_word' id='word_1_172' title='bbox 655 3955 916 4030; x_wconf 83' lang='lat' dir='ltr'><strong>queant?)</strong></span> <span class='ocrx_word' id='word_1_173' title='bbox 953 3960 1018 4012; x_wconf 86' lang='lat' dir='ltr'><strong>ad</strong></span> <span class='ocrx_word' id='word_1_174' title='bbox 1055 3962 1402 4022; x_wconf 85' lang='lat' dir='ltr'><strong>traditionem</strong></span> <span class='ocrx_word' id='word_1_175' title='bbox 1435 3947 1798 4046; x_wconf 74' lang='lat' dir='ltr'><strong>confugiunt;</strong></span> <span class='ocrx_word' id='word_1_176' title='bbox 1841 3991 2003 4050; x_wconf 87' lang='lat' dir='ltr'><strong>prnnt</strong></span> 
     </span>
    </p>
   </div>
   <div class='ocr_carea' id='block_1_31' title="bbox 419 4029 2076 4136">
    <p class='ocr_par' dir='ltr' id='par_1_31' title="bbox 419 4029 2076 4136">
     <span class='ocr_line' id='line_1_31' title="bbox 1605 4029 2003 4050; baseline 0.015 -6"><span class='ocrx_word' id='word_1_177' title='bbox 1605 4029 1632 4044; x_wconf 81' lang='grc' dir='ltr'>υ</span> 
     </span>
     <span class='ocr_line' id='line_1_32' title="bbox 419 4029 2076 4136; baseline 0.024 -45"><span class='ocrx_word' id='word_1_178' title='bbox 419 4038 666 4096; x_wconf 88' lang='lat' dir='ltr'><strong>homines</strong></span> <span class='ocrx_word' id='word_1_179' title='bbox 691 4044 872 4101; x_wconf 85' lang='lat' dir='ltr'><strong>&#39;solent</strong></span> <span class='ocrx_word' id='word_1_180' title='bbox 919 4063 1142 4122; x_wconf 75' lang='lat' dir='ltr'><strong>carcere</strong></span> <span class='ocrx_word' id='word_1_181' title='bbox 1171 4057 1358 4113; x_wconf 88' lang='lat' dir='ltr'><strong>emissi</strong></span> <span class='ocrx_word' id='word_1_182' title='bbox 1412 4063 1502 4131; x_wconf 85' lang='lat' dir='ltr'><strong>qui</strong></span> <span class='ocrx_word' id='word_1_183' title='bbox 1556 4065 1622 4118; x_wconf 88' lang='lat' dir='ltr'><strong>ad</strong></span> <span class='ocrx_word' id='word_1_184' title='bbox 1661 4071 1898 4136; x_wconf 87' lang='lat' dir='ltr'><strong>spatiosa</strong></span> <span class='ocrx_word' id='word_1_185' title='bbox 1946 4081 2001 4128; x_wconf 90' lang='lat' dir='ltr'><strong>et</strong></span> <span class='ocrx_word' id='word_1_186' title='bbox 2031 4029 2076 4089; x_wconf 81' lang='lat' dir='ltr'>c</span> 
     </span>
    </p>
   </div>
   <div class='ocr_carea' id='block_1_32' title="bbox 417 4129 2000 4224">
    <p class='ocr_par' dir='ltr' id='par_1_32' title="bbox 417 4129 2000 4224">
     <span class='ocr_line' id='line_1_33' title="bbox 417 4129 2000 4224; baseline 0.023 -43"><span class='ocrx_word' id='word_1_187' title='bbox 417 4129 586 4185; x_wconf 86' lang='lat' dir='ltr'><strong>libera</strong></span> <span class='ocrx_word' id='word_1_188' title='bbox 627 4131 746 4188; x_wconf 84' lang='lat' dir='ltr'><strong>loca</strong></span> <span class='ocrx_word' id='word_1_189' title='bbox 785 4137 1104 4206; x_wconf 83' lang='lat' dir='ltr'><strong>decurrunt,</strong></span> <span class='ocrx_word' id='word_1_190' title='bbox 1143 4153 1308 4215; x_wconf 84' lang='lat' dir='ltr'><strong>atque</strong></span> <span class='ocrx_word' id='word_1_191' title='bbox 1329 4129 1634 4210; x_wconf 78' lang='lat' dir='ltr'><strong>Ecclesiam</strong></span> <span class='ocrx_word' id='word_1_192' title='bbox 1660 4129 1772 4224; x_wconf 76' lang='lat' dir='ltr'><strong>jam</strong></span> <span class='ocrx_word' id='word_1_193' title='bbox 1816 4161 1942 4218; x_wconf 89' lang='lat' dir='ltr'><strong>inde</strong></span> <span class='ocrx_word' id='word_1_194' title='bbox 1971 4179 2000 4217; x_wconf 85' lang='lat' dir='ltr'><strong>a</strong></span> 
     </span>
    </p>
   </div>
   <div class='ocr_carea' id='block_1_33' title="bbox 415 4221 2002 4310">
    <p class='ocr_par' dir='ltr' id='par_1_33' title="bbox 415 4221 2002 4310">
     <span class='ocr_line' id='line_1_34' title="bbox 415 4221 2002 4310; baseline 0.025 -38"><span class='ocrx_word' id='word_1_195' title='bbox 415 4221 736 4290; x_wconf 86' lang='lat' dir='ltr'><strong>primordiis</strong></span> <span class='ocrx_word' id='word_1_196' title='bbox 791 4232 1108 4306; x_wconf 84' lang='lat' dir='ltr'><strong>suscepisse</strong></span> <span class='ocrx_word' id='word_1_197' title='bbox 1157 4241 1418 4310; x_wconf 83' lang='lat' dir='ltr'><strong>scriptam</strong></span> <span class='ocrx_word' id='word_1_198' title='bbox 1478 4245 1531 4299; x_wconf 91' lang='lat' dir='ltr'><strong>in</strong></span> <span class='ocrx_word' id='word_1_199' title='bbox 1586 4247 1695 4304; x_wconf 88' lang='lat' dir='ltr'><strong>illis</strong></span> <span class='ocrx_word' id='word_1_200' title='bbox 1731 4251 1888 4308; x_wconf 71' lang='lat' dir='ltr'><strong>libris</strong></span> <span class='ocrx_word' id='word_1_201' title='bbox 1937 4271 2002 4310; x_wconf 90' lang='lat' dir='ltr'><strong>ae</strong></span> 
     </span>
    </p>
   </div>
   <div class='ocr_carea' id='block_1_34' title="bbox 413 4315 1999 4417">
    <p class='ocr_par' dir='ltr' id='par_1_34' title="bbox 413 4315 1999 4417">
     <span class='ocr_line' id='line_1_35' title="bbox 413 4315 1999 4417; baseline 0.024 -51"><span class='ocrx_word' id='word_1_202' title='bbox 413 4315 822 4374; x_wconf 82' lang='lat' dir='ltr'><strong>manifestatam</strong></span> <span class='ocrx_word' id='word_1_203' title='bbox 861 4325 1118 4394; x_wconf 76' lang='lat' dir='ltr'><strong>gratiam,</strong></span> <span class='ocrx_word' id='word_1_204' title='bbox 1172 4335 1530 4402; x_wconf 88' lang='lat' dir='ltr'><strong>respondent.</strong></span> <span class='ocrx_word' id='word_1_205' title='bbox 1578 4339 1751 4398; x_wconf 87' lang='lat' dir='ltr'><strong>Porro</strong></span> <span class='ocrx_word' id='word_1_206' title='bbox 1801 4347 1846 4400; x_wconf 94' lang='lat' dir='ltr'><strong>si</strong></span> <span class='ocrx_word' id='word_1_207' title='bbox 1876 4349 1999 4417; x_wconf 89' lang='lat' dir='ltr'><strong>quis</strong></span> 
     </span>
    </p>
   </div>
   <div class='ocr_carea' id='block_1_35' title="bbox 409 4405 1993 4508">
    <p class='ocr_par' dir='ltr' id='par_1_35' title="bbox 409 4405 1993 4508">
     <span class='ocr_line' id='line_1_36' title="bbox 409 4405 1993 4508; baseline 0.024 -49"><span class='ocrx_word' id='word_1_208' title='bbox 409 4405 643 4462; x_wconf 89' lang='lat' dir='ltr'><strong>istorum</strong></span> <span class='ocrx_word' id='word_1_209' title='bbox 673 4409 1113 4474; x_wconf 88' lang='lat' dir='ltr'><strong>incredulitatem</strong></span> <span class='ocrx_word' id='word_1_210' title='bbox 1145 4433 1313 4492; x_wconf 86' lang='lat' dir='ltr'><strong>atque</strong></span> <span class='ocrx_word' id='word_1_211' title='bbox 1360 4427 1733 4499; x_wconf 87' lang='lat' dir='ltr'><strong>insipientiam</strong></span> <span class='ocrx_word' id='word_1_212' title='bbox 1759 4449 1993 4508; x_wconf 87' lang='lat' dir='ltr'><strong>spectet,</strong></span> 
     </span>
    </p>
   </div>
   <div class='ocr_carea' id='block_1_36' title="bbox 406 4502 1996 4602">
    <p class='ocr_par' dir='ltr' id='par_1_36' title="bbox 406 4502 1996 4602">
     <span class='ocr_line' id='line_1_37' title="bbox 406 4502 1996 4602; baseline 0.024 -51"><span class='ocrx_word' id='word_1_213' title='bbox 406 4513 539 4555; x_wconf 82' lang='lat' dir='ltr'><strong>sane</strong></span> <span class='ocrx_word' id='word_1_214' title='bbox 582 4502 726 4558; x_wconf 89' lang='lat' dir='ltr'><strong>dicet</strong></span> <span class='ocrx_word' id='word_1_215' title='bbox 767 4519 904 4576; x_wconf 92' lang='lat' dir='ltr'><strong>opus</strong></span> <span class='ocrx_word' id='word_1_216' title='bbox 956 4523 1078 4566; x_wconf 88' lang='lat' dir='ltr'><strong>esse</strong></span> <span class='ocrx_word' id='word_1_217' title='bbox 1106 4513 1239 4584; x_wconf 87' lang='lat' dir='ltr'><strong>ipsis</strong></span> <span class='ocrx_word' id='word_1_218' title='bbox 1296 4519 1572 4592; x_wconf 88' lang='lat' dir='ltr'><strong>scriptura</strong></span> <span class='ocrx_word' id='word_1_219' title='bbox 1603 4527 1731 4592; x_wconf 87' lang='lat' dir='ltr'><strong>alia,</strong></span> <span class='ocrx_word' id='word_1_220' title='bbox 1775 4531 1996 4602; x_wconf 88' lang='lat' dir='ltr'><strong>aliaque</strong></span> 
     </span>
    </p>
   </div>
   <div class='ocr_carea' id='block_1_37' title="bbox 405 4599 1990 4689">
    <p class='ocr_par' dir='ltr' id='par_1_37' title="bbox 405 4599 1990 4689">
     <span class='ocr_line' id='line_1_38' title="bbox 405 4599 1990 4689; baseline 0.026 -49"><span class='ocrx_word' id='word_1_221' title='bbox 405 4599 681 4662; x_wconf 83' lang='lat' dir='ltr'><strong>utcunque</strong></span> <span class='ocrx_word' id='word_1_222' title='bbox 716 4599 1204 4676; x_wconf 86' lang='lat' dir='ltr'><strong>demonstratione,</strong></span> <span class='ocrx_word' id='word_1_223' title='bbox 1251 4624 1374 4680; x_wconf 85' lang='lat' dir='ltr'><strong>quae</strong></span> <span class='ocrx_word' id='word_1_224' title='bbox 1405 4618 1783 4689; x_wconf 81' lang='lat' dir='ltr'><strong>consignalam</strong></span> <span class='ocrx_word' id='word_1_225' title='bbox 1816 4625 1990 4680; x_wconf 89' lang='lat' dir='ltr'><strong>Evan-</strong></span> 
     </span>
    </p>
   </div>
   <div class='ocr_carea' id='block_1_38' title="bbox 403 4683 1988 4776">
    <p class='ocr_par' dir='ltr' id='par_1_38' title="bbox 403 4683 1988 4776">
     <span class='ocr_line' id='line_1_39' title="bbox 403 4683 1988 4776; baseline 0.028 -43"><span class='ocrx_word' id='word_1_226' title='bbox 403 4683 560 4751; x_wconf 75' lang='lat' dir='ltr'><strong>geliis</strong></span> <span class='ocrx_word' id='word_1_227' title='bbox 588 4689 874 4746; x_wconf 84' lang='lat' dir='ltr'><strong>veritatem</strong></span> <span class='ocrx_word' id='word_1_228' title='bbox 905 4704 1202 4754; x_wconf 87' lang='lat' dir='ltr'><strong>attestetnr</strong></span> <span class='ocrx_word' id='word_1_229' title='bbox 1229 4710 1728 4774; x_wconf 81' lang='lat' dir='ltr'><strong>atqueeonﬁrmet:</strong></span> <span class='ocrx_word' id='word_1_230' title='bbox 1766 4731 1988 4776; x_wconf 90' lang='lat' dir='ltr'><strong>rursus-</strong></span> 
     </span>
    </p>
   </div>
   <div class='ocr_carea' id='block_1_39' title="bbox 402 4777 1980 4879">
    <p class='ocr_par' dir='ltr' id='par_1_39' title="bbox 402 4777 1980 4879">
     <span class='ocr_line' id='line_1_40' title="bbox 402 4777 1980 4879; baseline 0.027 -53"><span class='ocrx_word' id='word_1_231' title='bbox 402 4789 509 4844; x_wconf 89' lang='lat' dir='ltr'><strong>que</strong></span> <span class='ocrx_word' id='word_1_232' title='bbox 542 4777 670 4834; x_wconf 86' lang='lat' dir='ltr'><strong>huic</strong></span> <span class='ocrx_word' id='word_1_233' title='bbox 697 4787 955 4840; x_wconf 73' lang='lat' dir='ltr'><strong>secunda:</strong></span> <span class='ocrx_word' id='word_1_234' title='bbox 1001 4791 1292 4860; x_wconf 73' lang='lat' dir='ltr'><strong>scriptum</strong></span> <span class='ocrx_word' id='word_1_235' title='bbox 1324 4812 1461 4866; x_wconf 86' lang='lat' dir='ltr'><strong>opus</strong></span> <span class='ocrx_word' id='word_1_236' title='bbox 1487 4816 1613 4858; x_wconf 85' lang='lat' dir='ltr'><strong>esse</strong></span> <span class='ocrx_word' id='word_1_237' title='bbox 1646 4805 1777 4873; x_wconf 86' lang='lat' dir='ltr'><strong>alia,</strong></span> <span class='ocrx_word' id='word_1_238' title='bbox 1816 4820 1980 4879; x_wconf 85' lang='lat' dir='ltr'><strong>atque</strong></span> 
     </span>
    </p>
   </div>
   <div class='ocr_carea' id='block_1_40' title="bbox 399 4867 1240 4946">
    <p class='ocr_par' dir='ltr' id='par_1_40' title="bbox 399 4867 1240 4946">
     <span class='ocr_line' id='line_1_41' title="bbox 399 4867 1240 4946; baseline 0.026 -27"><span class='ocrx_word' id='word_1_239' title='bbox 399 4867 476 4920; x_wconf 90' lang='lat' dir='ltr'><strong>ita</strong></span> <span class='ocrx_word' id='word_1_240' title='bbox 516 4869 569 4922; x_wconf 93' lang='lat' dir='ltr'><strong>in</strong></span> <span class='ocrx_word' id='word_1_241' title='bbox 609 4871 880 4930; x_wconf 81' lang='lat' dir='ltr'><strong>inﬁnitum</strong></span> <span class='ocrx_word' id='word_1_242' title='bbox 921 4885 1240 4946; x_wconf 90' lang='lat' dir='ltr'><strong>procedere.</strong></span> 
     </span>
    </p>
   </div>
   <div class='ocr_carea' id='block_1_41' title="bbox 467 4958 1984 5050">
    <p class='ocr_par' dir='ltr' id='par_1_41' title="bbox 467 4958 1984 5050">
     <span class='ocr_line' id='line_1_42' title="bbox 467 4958 1984 5050; baseline 0.026 -37"><span class='ocrx_word' id='word_1_243' title='bbox 467 4958 574 5014; x_wconf 90' lang='lat' dir='ltr'><strong>Sed</strong></span> <span class='ocrx_word' id='word_1_244' title='bbox 604 4961 710 5019; x_wconf 89' lang='lat' dir='ltr'><strong>hoc</strong></span> <span class='ocrx_word' id='word_1_245' title='bbox 741 4979 875 5021; x_wconf 87' lang='lat' dir='ltr'><strong>sane</strong></span> <span class='ocrx_word' id='word_1_246' title='bbox 907 4968 1150 5034; x_wconf 89' lang='lat' dir='ltr'><strong>ipsorum</strong></span> <span class='ocrx_word' id='word_1_247' title='bbox 1179 4977 1394 5049; x_wconf 89' lang='lat' dir='ltr'><strong>ineptiis</strong></span> <span class='ocrx_word' id='word_1_248' title='bbox 1425 4988 1814 5049; x_wconf 86' lang='lat' dir='ltr'><strong>concedamus.</strong></span> <span class='ocrx_word' id='word_1_249' title='bbox 1847 4995 1984 5050; x_wconf 86' lang='lat' dir='ltr'><strong>Tra-</strong></span> 
     </span>
    </p>
   </div>
   <div class='ocr_carea' id='block_1_42' title="bbox 396 5050 1983 5154">
    <p class='ocr_par' dir='ltr' id='par_1_42' title="bbox 396 5050 1983 5154">
     <span class='ocr_line' id='line_1_43' title="bbox 396 5050 1983 5154; baseline 0.026 -50"><span class='ocrx_word' id='word_1_250' title='bbox 396 5050 658 5110; x_wconf 80' lang='lat' dir='ltr'><strong>ditionem</strong></span> <span class='ocrx_word' id='word_1_251' title='bbox 685 5063 1052 5132; x_wconf 71' lang='lat' dir='ltr'><strong>prastendunt,</strong></span> <span class='ocrx_word' id='word_1_252' title='bbox 1099 5069 1260 5138; x_wconf 78' lang='lat' dir='ltr'><strong>quam</strong></span> <span class='ocrx_word' id='word_1_253' title='bbox 1300 5074 1352 5128; x_wconf 91' lang='lat' dir='ltr'><strong>in</strong></span> <span class='ocrx_word' id='word_1_254' title='bbox 1387 5078 1548 5135; x_wconf 91' lang='lat' dir='ltr'><strong>rebus</strong></span> <span class='ocrx_word' id='word_1_255' title='bbox 1581 5083 1686 5138; x_wconf 90' lang='lat' dir='ltr'><strong>sibi</strong></span> <span class='ocrx_word' id='word_1_256' title='bbox 1719 5085 1983 5154; x_wconf 86' lang='lat' dir='ltr'><strong>jucundis</strong></span> 
     </span>
    </p>
   </div>
   <div class='ocr_carea' id='block_1_43' title="bbox 393 5146 1984 5247">
    <p class='ocr_par' dir='ltr' id='par_1_43' title="bbox 393 5146 1984 5247">
     <span class='ocr_line' id='line_1_44' title="bbox 393 5146 1984 5247; baseline 0.028 -54"><span class='ocrx_word' id='word_1_257' title='bbox 393 5146 502 5200; x_wconf 79' lang='lat' dir='ltr'><strong>vim</strong></span> <span class='ocrx_word' id='word_1_258' title='bbox 548 5148 754 5206; x_wconf 82' lang='lat' dir='ltr'><strong>habere</strong></span> <span class='ocrx_word' id='word_1_259' title='bbox 792 5153 1007 5223; x_wconf 86' lang='lat' dir='ltr'><strong>volunt,</strong></span> <span class='ocrx_word' id='word_1_260' title='bbox 1048 5158 1102 5213; x_wconf 90' lang='lat' dir='ltr'><strong>in</strong></span> <span class='ocrx_word' id='word_1_261' title='bbox 1169 5165 1417 5224; x_wconf 82' lang='lat' dir='ltr'><strong>molestis</strong></span> <span class='ocrx_word' id='word_1_262' title='bbox 1473 5185 1656 5230; x_wconf 90' lang='lat' dir='ltr'><strong>autem</strong></span> <span class='ocrx_word' id='word_1_263' title='bbox 1695 5181 1984 5247; x_wconf 84' lang='lat' dir='ltr'><strong>repudiare</strong></span> 
     </span>
    </p>
   </div>
   <div class='ocr_carea' id='block_1_44' title="bbox 391 5245 1982 5344">
    <p class='ocr_par' dir='ltr' id='par_1_44' title="bbox 391 5245 1982 5344">
     <span class='ocr_line' id='line_1_45' title="bbox 391 5245 1982 5344; baseline 0.026 -55"><span class='ocrx_word' id='word_1_264' title='bbox 391 5246 666 5310; x_wconf 70' lang='lat' dir='ltr'><strong>satagunt.</strong></span> <span class='ocrx_word' id='word_1_265' title='bbox 700 5245 866 5316; x_wconf 87' lang='lat' dir='ltr'><strong>Atqui</strong></span> <span class='ocrx_word' id='word_1_266' title='bbox 903 5249 955 5304; x_wconf 89' lang='lat' dir='ltr'><strong>in</strong></span> <span class='ocrx_word' id='word_1_267' title='bbox 983 5255 1200 5312; x_wconf 89' lang='lat' dir='ltr'><strong>cunctis</strong></span> <span class='ocrx_word' id='word_1_268' title='bbox 1224 5256 1367 5315; x_wconf 89' lang='lat' dir='ltr'><strong>idem</strong></span> <span class='ocrx_word' id='word_1_269' title='bbox 1399 5263 1707 5344; x_wconf 82' lang='lat' dir='ltr'><strong>subjectum</strong></span> <span class='ocrx_word' id='word_1_270' title='bbox 1736 5245 1842 5338; x_wconf 78' lang='lat' dir='ltr'><strong>est,</strong></span> <span class='ocrx_word' id='word_1_271' title='bbox 1884 5290 1982 5344; x_wconf 89' lang='lat' dir='ltr'><strong>par</strong></span> 
     </span>
    </p>
   </div>
   <div class='ocr_carea' id='block_1_45' title="bbox 393 5337 1968 5437">
    <p class='ocr_par' dir='ltr' id='par_1_45' title="bbox 393 5337 1968 5437">
     <span class='ocr_line' id='line_1_46' title="bbox 393 5337 1968 5437; baseline 0.028 -56"><span class='ocrx_word' id='word_1_272' title='bbox 393 5337 652 5402; x_wconf 81' lang='lat' dir='ltr'><strong>temporis</strong></span> <span class='ocrx_word' id='word_1_273' title='bbox 681 5355 897 5410; x_wconf 88' lang='lat' dir='ltr'><strong>cursus,</strong></span> <span class='ocrx_word' id='word_1_274' title='bbox 925 5349 1228 5406; x_wconf 83' lang='lat' dir='ltr'><strong>auctoritas</strong></span> <span class='ocrx_word' id='word_1_275' title='bbox 1259 5355 1476 5412; x_wconf 82' lang='lat' dir='ltr'><strong>eadem.</strong></span> <span class='ocrx_word' id='word_1_276' title='bbox 1513 5342 1619 5416; x_wconf 81' lang='lat' dir='ltr'><strong>sed</strong></span> <span class='ocrx_word' id='word_1_277' title='bbox 1659 5365 1788 5431; x_wconf 90' lang='lat' dir='ltr'><strong>quid</strong></span> <span class='ocrx_word' id='word_1_278' title='bbox 1815 5368 1968 5437; x_wconf 86' lang='lat' dir='ltr'><strong>quis-</strong></span> 
     </span>
    </p>
   </div>
   <div class='ocr_carea' id='block_1_46' title="bbox 388 5423 1972 5533">
    <p class='ocr_par' dir='ltr' id='par_1_46' title="bbox 388 5423 1972 5533">
     <span class='ocr_line' id='line_1_47' title="bbox 388 5423 1972 5533; baseline 0.03 -60"><span class='ocrx_word' id='word_1_279' title='bbox 388 5423 533 5488; x_wconf 85' lang='lat' dir='ltr'><strong>piam</strong></span> <span class='ocrx_word' id='word_1_280' title='bbox 591 5428 739 5485; x_wconf 85' lang='lat' dir='ltr'><strong>dicat</strong></span> <span class='ocrx_word' id='word_1_281' title='bbox 784 5435 1121 5508; x_wconf 83' lang='lat' dir='ltr'><strong>hominibus,</strong></span> <span class='ocrx_word' id='word_1_282' title='bbox 1190 5447 1280 5514; x_wconf 90' lang='lat' dir='ltr'><strong>qui</strong></span> <span class='ocrx_word' id='word_1_283' title='bbox 1336 5465 1516 5520; x_wconf 88' lang='lat' dir='ltr'><strong>neque</strong></span> <span class='ocrx_word' id='word_1_284' title='bbox 1581 5456 1749 5514; x_wconf 80' lang='lat' dir='ltr'><strong>factis.</strong></span> <span class='ocrx_word' id='word_1_285' title='bbox 1798 5423 1972 5533; x_wconf 70' lang='lat' dir='ltr'><strong>neque</strong></span> 
     </span>
    </p>
   </div>
   <div class='ocr_carea' id='block_1_47' title="bbox 389 5516 1975 5618">
    <p class='ocr_par' dir='ltr' id='par_1_47' title="bbox 389 5516 1975 5618">
     <span class='ocr_line' id='line_1_48' title="bbox 389 5516 1975 5618; baseline 0.029 -54"><span class='ocrx_word' id='word_1_286' title='bbox 389 5516 570 5572; x_wconf 79' lang='lat' dir='ltr'><strong>verbis</strong></span> <span class='ocrx_word' id='word_1_287' title='bbox 597 5523 854 5593; x_wconf 85' lang='lat' dir='ltr'><strong>credunt,</strong></span> <span class='ocrx_word' id='word_1_288' title='bbox 891 5544 990 5586; x_wconf 85' lang='lat' dir='ltr'><strong>nec</strong></span> <span class='ocrx_word' id='word_1_289' title='bbox 1017 5534 1146 5603; x_wconf 86' lang='lat' dir='ltr'><strong>quid</strong></span> <span class='ocrx_word' id='word_1_290' title='bbox 1171 5516 1465 5608; x_wconf 76' lang='lat' dir='ltr'><strong>loquantur</strong></span> <span class='ocrx_word' id='word_1_291' title='bbox 1490 5547 1569 5600; x_wconf 81' lang='lat' dir='ltr'><strong>vel</strong></span> <span class='ocrx_word' id='word_1_292' title='bbox 1597 5549 1724 5618; x_wconf 86' lang='lat' dir='ltr'><strong>quid</strong></span> <span class='ocrx_word' id='word_1_293' title='bbox 1749 5516 1975 5610; x_wconf 66' lang='lat' dir='ltr'><strong>audiant</strong></span> 
     </span>
    </p>
   </div>
   <div class='ocr_carea' id='block_1_48' title="bbox 464 5690 1424 5787">
    <p class='ocr_par' dir='ltr' id='par_1_48' title="bbox 464 5690 1424 5787">
     <span class='ocr_line' id='line_1_49' title="bbox 464 5690 1424 5787; baseline 0.029 -41"><span class='ocrx_word' id='word_1_294' title='bbox 464 5690 692 5753; x_wconf 85' lang='lat' dir='ltr'><strong>“lTim.</strong></span> <span class='ocrx_word' id='word_1_295' title='bbox 725 5715 761 5769; x_wconf 81' lang='grc' dir='ltr'><strong>ι,</strong></span> <span class='ocrx_word' id='word_1_296' title='bbox 803 5704 881 5760; x_wconf 84' lang='grc' dir='ltr'>Ιθ.</span> <span class='ocrx_word' id='word_1_297' title='bbox 965 5711 1004 5744; x_wconf 82' lang='grc'><strong>⁸⁵</strong></span> <span class='ocrx_word' id='word_1_298' title='bbox 1037 5713 1053 5765; x_wconf 90' lang='lat' dir='ltr'><strong>l</strong></span> <span class='ocrx_word' id='word_1_299' title='bbox 1092 5713 1231 5771; x_wconf 86' lang='lat' dir='ltr'><strong>Tim.</strong></span> <span class='ocrx_word' id='word_1_300' title='bbox 1273 5734 1344 5787; x_wconf 74' lang='lat' dir='ltr'><strong>vi,</strong></span> <span class='ocrx_word' id='word_1_301' title='bbox 1373 5719 1424 5773; x_wconf 76' lang='lat' dir='ltr'><strong>-i.</strong></span> 
     </span>
    </p>
   </div>
   <div class='ocr_carea' id='block_1_49' title="bbox 2153 1597 3771 1717">
    <p class='ocr_par' dir='ltr' id='par_1_49' title="bbox 2153 1597 3771 1717">
     <span class='ocr_line' id='line_1_50' title="bbox 2153 1597 3771 1717; baseline 0.028 -69"><span class='ocrx_word' id='word_1_302' title='bbox 2153 1597 2412 1666; x_wconf 80' lang='grc' dir='ltr'>ἀσεϐείας</span> <span class='ocrx_word' id='word_1_303' title='bbox 2438 1605 2622 1662; x_wconf 82' lang='grc' dir='ltr'>αὐτῶν</span> <span class='ocrx_word' id='word_1_304' title='bbox 2660 1611 2963 1685; x_wconf 86' lang='grc' dir='ltr'>ποιοῦνται,</span> <span class='ocrx_word' id='word_1_305' title='bbox 2999 1621 3066 1674; x_wconf 70' lang='grc' dir='ltr'>τὰ</span> <span class='ocrx_word' id='word_1_306' title='bbox 3098 1623 3237 1694; x_wconf 79' lang='grc' dir='ltr'><strong>ὀρθὰ</strong></span> <span class='ocrx_word' id='word_1_307' title='bbox 3411 1597 3771 1717; x_wconf 36' lang='grc' dir='ltr'>Ἐκκλησέας-</span> 
     </span>
    </p>
   </div>
   <div class='ocr_carea' id='block_1_50' title="bbox 2152 1693 3737 1792">
    <p class='ocr_par' dir='ltr' id='par_1_50' title="bbox 2152 1693 3737 1792">
     <span class='ocr_line' id='line_1_51' title="bbox 2152 1693 3737 1792; baseline 0.028 -51"><span class='ocrx_word' id='word_1_308' title='bbox 2152 1693 2518 1762; x_wconf 84' lang='grc' dir='ltr'>παρευθύνειν</span> <span class='ocrx_word' id='word_1_309' title='bbox 2547 1699 2815 1772; x_wconf 73' lang='grc' dir='ltr'>δόγματα,</span> <span class='ocrx_word' id='word_1_310' title='bbox 2839 1708 2938 1780; x_wconf 84' lang='grc' dir='ltr'><strong>τὴν</strong></span> <span class='ocrx_word' id='word_1_311' title='bbox 2966 1714 3030 1766; x_wconf 80' lang='grc' dir='ltr'>ἑκ</span> <span class='ocrx_word' id='word_1_312' title='bbox 3049 1717 3144 1770; x_wconf 87' lang='grc' dir='ltr'><strong>τοῦ</strong></span> <span class='ocrx_word' id='word_1_313' title='bbox 3171 1719 3320 1787; x_wconf 79' lang='grc' dir='ltr'>δόξαι</span> <span class='ocrx_word' id='word_1_314' title='bbox 3345 1723 3563 1790; x_wconf 84' lang='grc' dir='ltr'>δεινούς</span> <span class='ocrx_word' id='word_1_315' title='bbox 3584 1745 3737 1792; x_wconf 80' lang='grc' dir='ltr'>τινας</span> 
     </span>
    </p>
   </div>
   <div class='ocr_carea' id='block_1_51' title="bbox 2151 1784 3736 1883">
    <p class='ocr_par' dir='ltr' id='par_1_51' title="bbox 2151 1784 3736 1883">
     <span class='ocr_line' id='line_1_52' title="bbox 2151 1784 3736 1883; baseline 0.026 -48"><span class='ocrx_word' id='word_1_316' title='bbox 2151 1785 2247 1838; x_wconf 79' lang='grc' dir='ltr'>καὶ</span> <span class='ocrx_word' id='word_1_317' title='bbox 2279 1784 2496 1858; x_wconf 77' lang='grc' dir='ltr'><strong>δριμεῖς</strong></span> <span class='ocrx_word' id='word_1_318' title='bbox 2541 1787 2684 1848; x_wconf 79' lang='grc' dir='ltr'>εἶναι</span> <span class='ocrx_word' id='word_1_319' title='bbox 2711 1797 3083 1870; x_wconf 75' lang='grc' dir='ltr'>δογματιστὰς</span> <span class='ocrx_word' id='word_1_320' title='bbox 3112 1812 3265 1882; x_wconf 83' lang='grc' dir='ltr'><strong>παρὰ</strong></span> <span class='ocrx_word' id='word_1_321' title='bbox 3299 1814 3411 1868; x_wconf 85' lang='grc' dir='ltr'><strong>τῶν</strong></span> <span class='ocrx_word' id='word_1_322' title='bbox 3449 1816 3736 1883; x_wconf 80' lang='grc' dir='ltr'>ἐξαπατω-</span> 
     </span>
    </p>
   </div>
   <div class='ocr_carea' id='block_1_52' title="bbox 2150 1877 3734 1982">
    <p class='ocr_par' dir='ltr' id='par_1_52' title="bbox 2150 1877 3734 1982">
     <span class='ocr_line' id='line_1_53' title="bbox 2150 1877 3734 1982; baseline 0.026 -55"><span class='ocrx_word' id='word_1_323' title='bbox 2150 1877 2332 1945; x_wconf 84' lang='grc' dir='ltr'>μένων</span> <span class='ocrx_word' id='word_1_324' title='bbox 2347 1881 2506 1947; x_wconf 81' lang='grc' dir='ltr'>δόξαν</span> <span class='ocrx_word' id='word_1_325' title='bbox 2533 1884 2864 1960; x_wconf 80' lang='grc' dir='ltr'>θηρώμενοι,</span> <span class='ocrx_word' id='word_1_326' title='bbox 2885 1895 3015 1952; x_wconf 74' lang='grc' dir='ltr'>ὅταν</span> <span class='ocrx_word' id='word_1_327' title='bbox 3040 1900 3132 1954; x_wconf 82' lang='grc' dir='ltr'>ὑπ’</span> <span class='ocrx_word' id='word_1_328' title='bbox 3155 1904 3328 1974; x_wconf 74' lang='grc' dir='ltr'>αὐτῆς</span> <span class='ocrx_word' id='word_1_329' title='bbox 3345 1909 3451 1979; x_wconf 78' lang='grc' dir='ltr'>τῆς</span> <span class='ocrx_word' id='word_1_330' title='bbox 3477 1911 3734 1982; x_wconf 78' lang='grc' dir='ltr'><strong>ἀληθείας</strong></span> 
     </span>
    </p>
   </div>
   <div class='ocr_carea' id='block_1_53' title="bbox 2145 1967 3732 2070">
    <p class='ocr_par' dir='ltr' id='par_1_53' title="bbox 2145 1967 3732 2070">
     <span class='ocr_line' id='line_1_54' title="bbox 2145 1967 3732 2070; baseline 0.025 -50"><span class='ocrx_word' id='word_1_331' title='bbox 2145 1967 2478 2041; x_wconf 73' lang='grc' dir='ltr'><strong>ἐλέγχωνται</strong></span> <span class='ocrx_word' id='word_1_332' title='bbox 2511 1980 2606 2031; x_wconf 81' lang='grc' dir='ltr'><strong>καὶ</strong></span> <span class='ocrx_word' id='word_1_333' title='bbox 2639 1981 2938 2047; x_wconf 82' lang='grc' dir='ltr'>πιέζωνται</span> <span class='ocrx_word' id='word_1_334' title='bbox 2961 2031 2975 2054; x_wconf 93' lang='grc'><strong>,</strong></span> <span class='ocrx_word' id='word_1_335' title='bbox 3019 1992 3157 2064; x_wconf 81' lang='grc' dir='ltr'>πρὸς</span> <span class='ocrx_word' id='word_1_336' title='bbox 3189 1997 3426 2068; x_wconf 86' lang='grc' dir='ltr'>ἐρεύνας</span> <span class='ocrx_word' id='word_1_337' title='bbox 3461 2001 3732 2070; x_wconf 81' lang='grc' dir='ltr'><strong>ἀτάκτους</strong></span> 
     </span>
    </p>
   </div>
   <div class='ocr_carea' id='block_1_54' title="bbox 2145 2063 3730 2164">
    <p class='ocr_par' dir='ltr' id='par_1_54' title="bbox 2145 2063 3730 2164">
     <span class='ocr_line' id='line_1_55' title="bbox 2145 2063 3730 2164; baseline 0.025 -52"><span class='ocrx_word' id='word_1_338' title='bbox 2145 2063 2238 2114; x_wconf 79' lang='grc' dir='ltr'><strong>καὶ</strong></span> <span class='ocrx_word' id='word_1_339' title='bbox 2258 2064 2564 2136; x_wconf 80' lang='grc' dir='ltr'><strong>ἀποδείξεις</strong></span> <span class='ocrx_word' id='word_1_340' title='bbox 2593 2073 2860 2146; x_wconf 79' lang='grc' dir='ltr'>ἀκαίρους</span> <span class='ocrx_word' id='word_1_341' title='bbox 2887 2087 3334 2156; x_wconf 77' lang='grc' dir='ltr'><strong>περιτρέπονται,</strong></span> <span class='ocrx_word' id='word_1_342' title='bbox 3371 2092 3644 2164; x_wconf 84' lang='grc' dir='ltr'>βεϐήλους</span> <span class='ocrx_word' id='word_1_343' title='bbox 3673 2117 3730 2152; x_wconf 86' lang='grc' dir='ltr'><strong>τε</strong></span> 
     </span>
    </p>
   </div>
   <div class='ocr_carea' id='block_1_55' title="bbox 2141 2160 3731 2257">
    <p class='ocr_par' dir='ltr' id='par_1_55' title="bbox 2141 2160 3731 2257">
     <span class='ocr_line' id='line_1_56' title="bbox 2141 2160 3731 2257; baseline 0.024 -51"><span class='ocrx_word' id='word_1_344' title='bbox 2141 2160 2478 2234; x_wconf 75' lang='grc' dir='ltr'>κενοφωνίας</span> <span class='ocrx_word' id='word_1_345' title='bbox 2497 2166 2827 2234; x_wconf 83' lang='grc' dir='ltr'>συντιθέασι,</span> <span class='ocrx_word' id='word_1_346' title='bbox 2857 2175 2948 2225; x_wconf 76' lang='grc' dir='ltr'><strong>καὶ</strong></span> <span class='ocrx_word' id='word_1_347' title='bbox 2974 2176 3109 2246; x_wconf 78' lang='grc' dir='ltr'>πρὸς</span> <span class='ocrx_word' id='word_1_348' title='bbox 3133 2178 3396 2252; x_wconf 78' lang='grc' dir='ltr'><strong>ζητήσεις</strong></span> <span class='ocrx_word' id='word_1_349' title='bbox 3420 2187 3618 2257; x_wconf 75' lang='grc' dir='ltr'>μωρὰς</span> <span class='ocrx_word' id='word_1_350' title='bbox 3639 2192 3731 2243; x_wconf 77' lang='grc' dir='ltr'><strong>καὶ</strong></span> 
     </span>
    </p>
   </div>
   <div class='ocr_carea' id='block_1_56' title="bbox 2139 2247 3723 2350">
    <p class='ocr_par' dir='ltr' id='par_1_56' title="bbox 2139 2247 3723 2350">
     <span class='ocr_line' id='line_1_57' title="bbox 2139 2247 3723 2350; baseline 0.023 -51"><span class='ocrx_word' id='word_1_351' title='bbox 2139 2247 2504 2317; x_wconf 76' lang='grc' dir='ltr'><strong>ἀπαιδεύτους</strong></span> <span class='ocrx_word' id='word_1_352' title='bbox 2553 2257 2654 2326; x_wconf 82' lang='grc' dir='ltr'>τὴν</span> <span class='ocrx_word' id='word_1_353' title='bbox 2683 2261 3071 2336; x_wconf 84' lang='grc' dir='ltr'>Χριστομάχον</span> <span class='ocrx_word' id='word_1_354' title='bbox 3111 2271 3365 2339; x_wconf 82' lang='grc' dir='ltr'>γλῶσσαν</span> <span class='ocrx_word' id='word_1_355' title='bbox 3414 2279 3723 2350; x_wconf 78' lang='grc' dir='ltr'>προΐενται,</span> 
     </span>
    </p>
   </div>
   <div class='ocr_carea' id='block_1_57' title="bbox 2139 2343 3718 2442">
    <p class='ocr_par' dir='ltr' id='par_1_57' title="bbox 2139 2343 3718 2442">
     <span class='ocr_line' id='line_1_58' title="bbox 2139 2343 3718 2442; baseline 0.023 -51"><span class='ocrx_word' id='word_1_356' title='bbox 2139 2343 2268 2412; x_wconf 75' lang='grc' dir='ltr'>περὶ</span> <span class='ocrx_word' id='word_1_357' title='bbox 2299 2344 2399 2416; x_wconf 78' lang='grc' dir='ltr'><strong>τὴν</strong></span> <span class='ocrx_word' id='word_1_358' title='bbox 2443 2347 2628 2403; x_wconf 76' lang='grc' dir='ltr'>πίστιν</span> <span class='ocrx_word' id='word_1_359' title='bbox 2657 2353 2994 2430; x_wconf 81' lang='grc' dir='ltr'><strong>ἀπωσμένην</strong></span> <span class='ocrx_word' id='word_1_360' title='bbox 3046 2363 3232 2425; x_wconf 72' lang='grc' dir='ltr'>αὐτοῖς</span> <span class='ocrx_word' id='word_1_361' title='bbox 3280 2375 3718 2442; x_wconf 80' lang='grc' dir='ltr'>ναυαγήσαντες,</span> 
     </span>
    </p>
   </div>
   <div class='ocr_carea' id='block_1_58' title="bbox 2139 2431 3726 2534">
    <p class='ocr_par' dir='ltr' id='par_1_58' title="bbox 2139 2431 3726 2534">
     <span class='ocr_line' id='line_1_59' title="bbox 2139 2431 3726 2534; baseline 0.023 -52"><span class='ocrx_word' id='word_1_362' title='bbox 2139 2431 2304 2502; x_wconf 83' lang='grc' dir='ltr'>μηδὲν</span> <span class='ocrx_word' id='word_1_363' title='bbox 2344 2437 2723 2509; x_wconf 75' lang='grc' dir='ltr'>ἐπιστάμενοι,</span> <span class='ocrx_word' id='word_1_364' title='bbox 2761 2447 3044 2512; x_wconf 73' lang='grc' dir='ltr'>νοσοῦντες</span> <span class='ocrx_word' id='word_1_365' title='bbox 3073 2452 3171 2518; x_wconf 83' lang='grc' dir='ltr'><strong>δὲ,</strong></span> <span class='ocrx_word' id='word_1_366' title='bbox 3207 2458 3350 2511; x_wconf 69' lang='grc' dir='ltr'>κατὰ</span> <span class='ocrx_word' id='word_1_367' title='bbox 3384 2431 3450 2512; x_wconf 67' lang='grc' dir='ltr'><strong>τδ</strong></span> <span class='ocrx_word' id='word_1_368' title='bbox 3484 2431 3726 2534; x_wconf 55' lang='grc' dir='ltr'>λ’ράμμα</span> 
     </span>
    </p>
   </div>
   <div class='ocr_carea' id='block_1_59' title="bbox 2133 2523 3724 2626">
    <p class='ocr_par' dir='ltr' id='par_1_59' title="bbox 2133 2523 3724 2626">
     <span class='ocr_line' id='line_1_60' title="bbox 2133 2523 3724 2626; baseline 0.022 -51"><span class='ocrx_word' id='word_1_369' title='bbox 2133 2523 2192 2576; x_wconf 60' lang='grc' dir='ltr'>τι</span> <span class='ocrx_word' id='word_1_370' title='bbox 2226 2524 2393 2597; x_wconf 75' lang='grc' dir='ltr'>ἱερὸν,</span> <span class='ocrx_word' id='word_1_371' title='bbox 2427 2531 2821 2606; x_wconf 78' lang='grc' dir='ltr'>περιζητήσεις</span> <span class='ocrx_word' id='word_1_372' title='bbox 2855 2537 3009 2611; x_wconf 77' lang='grc' dir='ltr'>[περὶ</span> <span class='ocrx_word' id='word_1_373' title='bbox 3029 2544 3312 2622; x_wconf 75' lang='grc' dir='ltr'>ζητήσεις]</span> <span class='ocrx_word' id='word_1_374' title='bbox 3350 2553 3448 2605; x_wconf 75' lang='grc' dir='ltr'>καὶ</span> <span class='ocrx_word' id='word_1_375' title='bbox 3486 2523 3724 2626; x_wconf 67' lang='grc' dir='ltr'>λογομα-</span> 
     </span>
    </p>
   </div>
   <div class='ocr_carea' id='block_1_60' title="bbox 2133 2613 3724 2713">
    <p class='ocr_par' dir='ltr' id='par_1_60' title="bbox 2133 2613 3724 2713">
     <span class='ocr_line' id='line_1_61' title="bbox 2133 2613 3724 2713; baseline 0.023 -48"><span class='ocrx_word' id='word_1_376' title='bbox 2133 2613 2279 2683; x_wconf 70' lang='grc' dir='ltr'>χίας.</span> <span class='ocrx_word' id='word_1_377' title='bbox 2317 2617 2408 2682; x_wconf 78' lang='grc' dir='ltr'><strong>Ἐξ</strong></span> <span class='ocrx_word' id='word_1_378' title='bbox 2433 2613 2510 2674; x_wconf 81' lang='grc' dir='ltr'>ὧν</span> <span class='ocrx_word' id='word_1_379' title='bbox 2538 2621 2896 2698; x_wconf 79' lang='grc' dir='ltr'>διαποροῦσιν</span> <span class='ocrx_word' id='word_1_380' title='bbox 2928 2613 3094 2704; x_wconf 68' lang='grc' dir='ltr'>ἡμῖν,</span> <span class='ocrx_word' id='word_1_381' title='bbox 3123 2613 3312 2694; x_wconf 71' lang='grc' dir='ltr'><strong>Πόθεν⁴</strong></span> <span class='ocrx_word' id='word_1_382' title='bbox 3337 2643 3478 2713; x_wconf 74' lang='grc' dir='ltr'>ὑμῖν</span> <span class='ocrx_word' id='word_1_383' title='bbox 3508 2613 3724 2700; x_wconf 70' lang='grc' dir='ltr'>ἀνιστο-</span> 
     </span>
    </p>
   </div>
   <div class='ocr_carea' id='block_1_61' title="bbox 2129 2708 3721 2808">
    <p class='ocr_par' dir='ltr' id='par_1_61' title="bbox 2129 2708 3721 2808">
     <span class='ocr_line' id='line_1_62' title="bbox 2129 2708 3721 2808; baseline 0.023 -50"><span class='ocrx_word' id='word_1_384' title='bbox 2129 2708 2345 2776; x_wconf 73' lang='grc' dir='ltr'>ρεῖσθαι</span> <span class='ocrx_word' id='word_1_385' title='bbox 2397 2711 2496 2776; x_wconf 75' lang='grc' dir='ltr'>τὰς</span> <span class='ocrx_word' id='word_1_386' title='bbox 2543 2717 2761 2784; x_wconf 70' lang='grc' dir='ltr'>εἰκόνας</span> <span class='ocrx_word' id='word_1_387' title='bbox 2805 2725 3227 2799; x_wconf 86' lang='grc' dir='ltr'>παρείληπται,</span> <span class='ocrx_word' id='word_1_388' title='bbox 3291 2735 3387 2788; x_wconf 78' lang='grc' dir='ltr'><strong>καὶ</strong></span> <span class='ocrx_word' id='word_1_389' title='bbox 3433 2740 3470 2808; x_wconf 80' lang='grc' dir='ltr'><strong>ἠ</strong></span> <span class='ocrx_word' id='word_1_390' title='bbox 3515 2739 3721 2792; x_wconf 85' lang='grc' dir='ltr'>τούτων</span> 
     </span>
    </p>
   </div>
   <div class='ocr_carea' id='block_1_62' title="bbox 2128 2797 3720 2896">
    <p class='ocr_par' dir='ltr' id='par_1_62' title="bbox 2128 2797 3720 2896">
     <span class='ocr_line' id='line_1_63' title="bbox 2128 2797 3720 2896; baseline 0.021 -49"><span class='ocrx_word' id='word_1_391' title='bbox 2128 2797 2500 2868; x_wconf 84' lang='grc' dir='ltr'>προσκύνησις</span> <span class='ocrx_word' id='word_1_392' title='bbox 2526 2807 2888 2876; x_wconf 80' lang='grc' dir='ltr'>παραδέδοται</span> <span class='ocrx_word' id='word_1_393' title='bbox 2911 2830 2924 2878; x_wconf 88' lang='grc'><strong>;</strong></span> <span class='ocrx_word' id='word_1_394' title='bbox 2955 2797 3136 2868; x_wconf 78' lang='grc' dir='ltr'>ἐλπίδι</span> <span class='ocrx_word' id='word_1_395' title='bbox 3161 2817 3284 2885; x_wconf 87' lang='grc' dir='ltr'>τοῦ,</span> <span class='ocrx_word' id='word_1_396' title='bbox 3314 2797 3470 2894; x_wconf 50' lang='grc' dir='ltr'>πρὸς·</span> <span class='ocrx_word' id='word_1_397' title='bbox 3497 2825 3558 2877; x_wconf 75' lang='grc' dir='ltr'>τὸ</span> <span class='ocrx_word' id='word_1_398' title='bbox 3579 2827 3720 2896; x_wconf 86' lang='grc' dir='ltr'><strong>ἀμή-</strong></span> 
     </span>
    </p>
   </div>
   <div class='ocr_carea' id='block_1_63' title="bbox 2126 2892 3710 2988">
    <p class='ocr_par' dir='ltr' id='par_1_63' title="bbox 2126 2892 3710 2988">
     <span class='ocr_line' id='line_1_64' title="bbox 2126 2892 3710 2988; baseline 0.02 -50"><span class='ocrx_word' id='word_1_399' title='bbox 2126 2903 2289 2957; x_wconf 90' lang='grc' dir='ltr'>χανον</span> <span class='ocrx_word' id='word_1_400' title='bbox 2319 2892 2575 2948; x_wconf 85' lang='grc' dir='ltr'>ἐντεῦθεν</span> <span class='ocrx_word' id='word_1_401' title='bbox 2607 2903 3007 2972; x_wconf 85' lang='grc' dir='ltr'>περιωσμένων</span> <span class='ocrx_word' id='word_1_402' title='bbox 3043 2908 3074 2978; x_wconf 85' lang='grc' dir='ltr'><strong>ή</strong></span> <span class='ocrx_word' id='word_1_403' title='bbox 3085 2908 3221 2978; x_wconf 85' lang='grc' dir='ltr'>μῶν,</span> <span class='ocrx_word' id='word_1_404' title='bbox 3252 2910 3351 2982; x_wconf 79' lang='grc' dir='ltr'>τὴν</span> <span class='ocrx_word' id='word_1_405' title='bbox 3385 2916 3710 2988; x_wconf 73' lang='grc' dir='ltr'>παρρησίαν</span> 
     </span>
    </p>
   </div>
   <div class='ocr_carea' id='block_1_64' title="bbox 2126 2984 2533 3055">
    <p class='ocr_par' dir='ltr' id='par_1_64' title="bbox 2126 2984 2533 3055">
     <span class='ocr_line' id='line_1_65' title="bbox 2126 2984 2533 3055; baseline 0.025 -24"><span class='ocrx_word' id='word_1_406' title='bbox 2126 2984 2533 3055; x_wconf 77' lang='grc' dir='ltr'>περιαιρήσειν.</span> 
     </span>
    </p>
   </div>
   <div class='ocr_carea' id='block_1_65' title="bbox 2193 3075 3710 3166">
    <p class='ocr_par' dir='ltr' id='par_1_65' title="bbox 2193 3075 3710 3166">
     <span class='ocr_line' id='line_1_66' title="bbox 2193 3075 3710 3166; baseline 0.016 -39"><span class='ocrx_word' id='word_1_407' title='bbox 2193 3079 2262 3130; x_wconf 85' lang='grc' dir='ltr'>α’.</span> <span class='ocrx_word' id='word_1_408' title='bbox 2319 3077 2407 3144; x_wconf 83' lang='grc' dir='ltr'>Ἐξ</span> <span class='ocrx_word' id='word_1_409' title='bbox 2441 3075 2537 3134; x_wconf 84' lang='grc' dir='ltr'>οὗν</span> <span class='ocrx_word' id='word_1_410' title='bbox 2561 3081 2662 3148; x_wconf 84' lang='grc' dir='ltr'>τῆς</span> <span class='ocrx_word' id='word_1_411' title='bbox 2709 3085 3112 3161; x_wconf 79' lang='grc' dir='ltr'>ἑπαπορήσεως</span> <span class='ocrx_word' id='word_1_412' title='bbox 3154 3093 3248 3148; x_wconf 84' lang='grc' dir='ltr'><strong>τοῦ</strong></span> <span class='ocrx_word' id='word_1_413' title='bbox 3298 3096 3460 3166; x_wconf 82' lang='grc' dir='ltr'>λόγου</span> <span class='ocrx_word' id='word_1_414' title='bbox 3493 3099 3556 3153; x_wconf 78' lang='grc' dir='ltr'><strong>τὸ</strong></span> <span class='ocrx_word' id='word_1_415' title='bbox 3583 3097 3710 3152; x_wconf 78' lang='grc' dir='ltr'><strong>ἀκό-</strong></span> 
     </span>
    </p>
   </div>
   <div class='ocr_carea' id='block_1_66' title="bbox 2121 3161 3707 3261">
    <p class='ocr_par' dir='ltr' id='par_1_66' title="bbox 2121 3161 3707 3261">
     <span class='ocr_line' id='line_1_67' title="bbox 2121 3161 3707 3261; baseline 0.018 -46"><span class='ocrx_word' id='word_1_416' title='bbox 2121 3161 2312 3218; x_wconf 87' lang='grc' dir='ltr'>λουθον</span> <span class='ocrx_word' id='word_1_417' title='bbox 2345 3169 2476 3239; x_wconf 80' lang='grc' dir='ltr'>ἡμῖν</span> <span class='ocrx_word' id='word_1_418' title='bbox 2505 3173 2801 3242; x_wconf 76' lang='grc' dir='ltr'>ἐνδιδόντος</span> <span class='ocrx_word' id='word_1_419' title='bbox 2831 3179 3300 3257; x_wconf 75' lang='grc' dir='ltr'>ἀνθυποφέρομεν</span> <span class='ocrx_word' id='word_1_420' title='bbox 3323 3205 3336 3216; x_wconf 91' lang='grc'><strong>·</strong></span> <span class='ocrx_word' id='word_1_421' title='bbox 3372 3161 3552 3243; x_wconf 66' lang='grc' dir='ltr'>Ϊιόθεν</span> <span class='ocrx_word' id='word_1_422' title='bbox 3580 3190 3707 3261; x_wconf 81' lang='grc' dir='ltr'>ὑμῖν</span> 
     </span>
    </p>
   </div>
   <div class='ocr_carea' id='block_1_67' title="bbox 2119 3257 3702 3354">
    <p class='ocr_par' dir='ltr' id='par_1_67' title="bbox 2119 3257 3702 3354">
     <span class='ocr_line' id='line_1_68' title="bbox 2119 3257 3702 3354; baseline 0.017 -46"><span class='ocrx_word' id='word_1_423' title='bbox 2119 3257 2228 3310; x_wconf 81' lang='grc' dir='ltr'><strong>τῶν</strong></span> <span class='ocrx_word' id='word_1_424' title='bbox 2271 3259 2650 3331; x_wconf 76' lang='grc' dir='ltr'>εύαγγελικῶν</span> <span class='ocrx_word' id='word_1_425' title='bbox 2705 3268 2908 3338; x_wconf 80' lang='grc' dir='ltr'>βίϐλων</span> <span class='ocrx_word' id='word_1_426' title='bbox 2947 3277 2980 3346; x_wconf 81' lang='grc' dir='ltr'><strong>ἡ</strong></span> <span class='ocrx_word' id='word_1_427' title='bbox 3016 3276 3308 3350; x_wconf 72' lang='grc' dir='ltr'>ἐφεύρεσις</span> <span class='ocrx_word' id='word_1_428' title='bbox 3334 3318 3349 3343; x_wconf 92' lang='grc'><strong>,</strong></span> <span class='ocrx_word' id='word_1_429' title='bbox 3383 3281 3481 3334; x_wconf 72' lang='grc' dir='ltr'><strong>καὶ</strong></span> <span class='ocrx_word' id='word_1_430' title='bbox 3513 3283 3548 3354; x_wconf 80' lang='grc' dir='ltr'>ὴ</span> <span class='ocrx_word' id='word_1_431' title='bbox 3575 3257 3702 3352; x_wconf 76' lang='grc' dir='ltr'>περὶ</span> 
     </span>
    </p>
   </div>
   <div class='ocr_carea' id='block_1_68' title="bbox 2119 3348 3701 3440">
    <p class='ocr_par' dir='ltr' id='par_1_68' title="bbox 2119 3348 3701 3440">
     <span class='ocr_line' id='line_1_69' title="bbox 2119 3348 3701 3440; baseline 0.016 -40"><span class='ocrx_word' id='word_1_432' title='bbox 2119 3348 2326 3414; x_wconf 83' lang='grc' dir='ltr'>ταύτας</span> <span class='ocrx_word' id='word_1_433' title='bbox 2354 3354 2420 3424; x_wconf 81' lang='grc' dir='ltr'>ῆν</span> <span class='ocrx_word' id='word_1_434' title='bbox 2443 3359 2683 3412; x_wconf 83' lang='grc' dir='ltr'>ποιεῖσθε</span> <span class='ocrx_word' id='word_1_435' title='bbox 2722 3364 3096 3436; x_wconf 83' lang='grc' dir='ltr'>προσκύνησις</span> <span class='ocrx_word' id='word_1_436' title='bbox 3118 3369 3568 3440; x_wconf 85' lang='grc' dir='ltr'>παραδέδεικται,</span> <span class='ocrx_word' id='word_1_437' title='bbox 3595 3374 3625 3428; x_wconf 80' lang='grc' dir='ltr'>ὃ</span> <span class='ocrx_word' id='word_1_438' title='bbox 3642 3391 3701 3428; x_wconf 85' lang='grc' dir='ltr'><strong>τε</strong></span> 
     </span>
    </p>
   </div>
   <div class='ocr_carea' id='block_1_69' title="bbox 2120 3443 3697 3534">
    <p class='ocr_par' dir='ltr' id='par_1_69' title="bbox 2120 3443 3697 3534">
     <span class='ocr_line' id='line_1_70' title="bbox 2120 3443 3697 3534; baseline 0.016 -43"><span class='ocrx_word' id='word_1_439' title='bbox 2120 3443 2355 3512; x_wconf 82' lang='grc' dir='ltr'>σταυρὸς</span> <span class='ocrx_word' id='word_1_440' title='bbox 2378 3483 2393 3508; x_wconf 87' lang='grc'><strong>,</strong></span> <span class='ocrx_word' id='word_1_441' title='bbox 2445 3448 2541 3500; x_wconf 76' lang='grc' dir='ltr'>καὶ</span> <span class='ocrx_word' id='word_1_442' title='bbox 2587 3449 2756 3506; x_wconf 83' lang='grc' dir='ltr'>τᾶλλα</span> <span class='ocrx_word' id='word_1_443' title='bbox 2797 3455 2972 3509; x_wconf 84' lang='grc' dir='ltr'>ὁπόσα</span> <span class='ocrx_word' id='word_1_444' title='bbox 3009 3461 3066 3512; x_wconf 82' lang='grc' dir='ltr'>ὲν</span> <span class='ocrx_word' id='word_1_445' title='bbox 3101 3462 3170 3531; x_wconf 80' lang='grc' dir='ltr'>τῇ</span> <span class='ocrx_word' id='word_1_446' title='bbox 3205 3461 3314 3515; x_wconf 85' lang='grc' dir='ltr'><strong>τῶν</strong></span> <span class='ocrx_word' id='word_1_447' title='bbox 3348 3464 3697 3534; x_wconf 76' lang='grc' dir='ltr'>Χριστιανῶν</span> 
     </span>
    </p>
   </div>
   <div class='ocr_carea' id='block_1_70' title="bbox 2129 3533 3694 3630">
    <p class='ocr_par' dir='ltr' id='par_1_70' title="bbox 2129 3533 3694 3630">
     <span class='ocr_line' id='line_1_71' title="bbox 2129 3533 3694 3630; baseline 0.019 -47"><span class='ocrx_word' id='word_1_448' title='bbox 2129 3533 2431 3610; x_wconf 82' lang='grc' dir='ltr'>Ἐκκλησέᾳ</span> <span class='ocrx_word' id='word_1_449' title='bbox 2457 3539 2518 3592; x_wconf 84' lang='grc' dir='ltr'><strong>τὸ</strong></span> <span class='ocrx_word' id='word_1_450' title='bbox 2547 3541 2714 3607; x_wconf 89' lang='grc' dir='ltr'>σέϐας</span> <span class='ocrx_word' id='word_1_451' title='bbox 2739 3549 2835 3600; x_wconf 73' lang='grc' dir='ltr'>καὶ</span> <span class='ocrx_word' id='word_1_452' title='bbox 2873 3548 2970 3620; x_wconf 83' lang='grc' dir='ltr'><strong>τὴν</strong></span> <span class='ocrx_word' id='word_1_453' title='bbox 3012 3553 3694 3630; x_wconf 61' lang='grc' dir='ltr'>προσκύκιησινὰποφέρε-</span> 
     </span>
    </p>
   </div>
   <div class='ocr_carea' id='block_1_71' title="bbox 2113 3623 3694 3722">
    <p class='ocr_par' dir='ltr' id='par_1_71' title="bbox 2113 3623 3694 3722">
     <span class='ocr_line' id='line_1_72' title="bbox 2113 3623 3694 3722; baseline 0.02 -47"><span class='ocrx_word' id='word_1_454' title='bbox 2113 3640 2204 3676; x_wconf 85' lang='grc' dir='ltr'><strong>ται</strong></span> <span class='ocrx_word' id='word_1_455' title='bbox 2229 3643 2243 3692; x_wconf 87' lang='grc'><strong>;</strong></span> <span class='ocrx_word' id='word_1_456' title='bbox 2273 3627 2392 3697; x_wconf 74' lang='grc' dir='ltr'><strong>Ἐφ’</strong></span> <span class='ocrx_word' id='word_1_457' title='bbox 2413 3623 2495 3694; x_wconf 73' lang='grc' dir='ltr'>οἷς</span> <span class='ocrx_word' id='word_1_458' title='bbox 2521 3632 2600 3695; x_wconf 84' lang='grc' dir='ltr'>ὡς</span> <span class='ocrx_word' id='word_1_459' title='bbox 2633 3635 2866 3691; x_wconf 81' lang='grc' dir='ltr'>πλεῖστα</span> <span class='ocrx_word' id='word_1_460' title='bbox 2902 3645 3298 3714; x_wconf 80' lang='grc' dir='ltr'>τραχυνόμενοι</span> <span class='ocrx_word' id='word_1_461' title='bbox 3332 3665 3391 3700; x_wconf 90' lang='grc' dir='ltr'><strong>τε</strong></span> <span class='ocrx_word' id='word_1_462' title='bbox 3415 3650 3513 3704; x_wconf 79' lang='grc' dir='ltr'><strong>καὶ</strong></span> <span class='ocrx_word' id='word_1_463' title='bbox 3535 3651 3694 3722; x_wconf 84' lang='grc' dir='ltr'>χαλε-</span> 
     </span>
    </p>
   </div>
   <div class='ocr_carea' id='block_1_72' title="bbox 2112 3715 3686 3800">
    <p class='ocr_par' dir='ltr' id='par_1_72' title="bbox 2112 3715 3686 3800">
     <span class='ocr_line' id='line_1_73' title="bbox 2112 3715 3686 3800; baseline 0.021 -34"><span class='ocrx_word' id='word_1_464' title='bbox 2112 3715 2398 3784; x_wconf 77' lang='grc' dir='ltr'>παίνοντες</span> <span class='ocrx_word' id='word_1_465' title='bbox 2425 3723 2839 3794; x_wconf 77' lang='grc' dir='ltr'>νομοθετοῦσιν,</span> <span class='ocrx_word' id='word_1_466' title='bbox 2871 3731 2946 3796; x_wconf 79' lang='grc' dir='ltr'>ὡς</span> <span class='ocrx_word' id='word_1_467' title='bbox 2967 3735 3068 3788; x_wconf 84' lang='grc' dir='ltr'><strong>οὐκ</strong></span> <span class='ocrx_word' id='word_1_468' title='bbox 3094 3735 3214 3800; x_wconf 67' lang='grc' dir='ltr'>ἐξὸν</span> <span class='ocrx_word' id='word_1_469' title='bbox 3239 3737 3448 3795; x_wconf 87' lang='grc' dir='ltr'>τούτων</span> <span class='ocrx_word' id='word_1_470' title='bbox 3480 3745 3686 3800; x_wconf 82' lang='grc' dir='ltr'>πυνθά-</span> 
     </span>
    </p>
   </div>
   <div class='ocr_carea' id='block_1_73' title="bbox 2110 3807 3688 3900">
    <p class='ocr_par' dir='ltr' id='par_1_73' title="bbox 2110 3807 3688 3900">
     <span class='ocr_line' id='line_1_74' title="bbox 2110 3807 3688 3900; baseline 0.018 -40"><span class='ocrx_word' id='word_1_471' title='bbox 2110 3807 2295 3861; x_wconf 87' lang='grc' dir='ltr'>νεσθαι</span> <span class='ocrx_word' id='word_1_472' title='bbox 2329 3809 2536 3878; x_wconf 71' lang='grc' dir='ltr'>ἕνεκεν,</span> <span class='ocrx_word' id='word_1_473' title='bbox 2584 3817 2658 3888; x_wconf 78' lang='grc' dir='ltr'>μὴ</span> <span class='ocrx_word' id='word_1_474' title='bbox 2691 3821 2802 3884; x_wconf 80' lang='grc' dir='ltr'>τοῖς</span> <span class='ocrx_word' id='word_1_475' title='bbox 2850 3823 3034 3886; x_wconf 74' lang='grc' dir='ltr'>αὐτοῖς</span> <span class='ocrx_word' id='word_1_476' title='bbox 3065 3826 3198 3896; x_wconf 82' lang='grc' dir='ltr'>ἡμῖν</span> <span class='ocrx_word' id='word_1_477' title='bbox 3223 3821 3578 3900; x_wconf 82' lang='grc' dir='ltr'>περιπέσοιεν</span> <span class='ocrx_word' id='word_1_478' title='bbox 3609 3835 3688 3888; x_wconf 82' lang='grc' dir='ltr'><strong>λό-</strong></span> 
     </span>
    </p>
   </div>
   <div class='ocr_carea' id='block_1_74' title="bbox 2109 3901 3686 3996">
    <p class='ocr_par' dir='ltr' id='par_1_74' title="bbox 2109 3901 3686 3996">
     <span class='ocr_line' id='line_1_75' title="bbox 2109 3901 3686 3996; baseline 0.022 -48"><span class='ocrx_word' id='word_1_479' title='bbox 2109 3911 2228 3966; x_wconf 73' lang='grc' dir='ltr'>γοις</span> <span class='ocrx_word' id='word_1_480' title='bbox 2257 3901 2673 3977; x_wconf 82' lang='grc' dir='ltr'>εὐλαϐούμενοι.</span> <span class='ocrx_word' id='word_1_481' title='bbox 2697 3907 2831 3966; x_wconf 84' lang='grc' dir='ltr'>Εἶτα</span> <span class='ocrx_word' id='word_1_482' title='bbox 2863 3914 2937 3979; x_wconf 83' lang='grc' dir='ltr'>ὡς</span> <span class='ocrx_word' id='word_1_483' title='bbox 2971 3917 3070 3970; x_wconf 84' lang='grc' dir='ltr'>οὐκ</span> <span class='ocrx_word' id='word_1_484' title='bbox 3093 3919 3212 3972; x_wconf 74' lang='grc' dir='ltr'>ἐνὸν</span> <span class='ocrx_word' id='word_1_485' title='bbox 3241 3923 3426 3988; x_wconf 76' lang='grc' dir='ltr'>αὐτοῖς</span> <span class='ocrx_word' id='word_1_486' title='bbox 3449 3927 3686 3996; x_wconf 75' lang='grc' dir='ltr'>ἑτέρωσέ</span> 
     </span>
    </p>
   </div>
   <div class='ocr_carea' id='block_1_75' title="bbox 2107 3997 3686 4091">
    <p class='ocr_par' dir='ltr' id='par_1_75' title="bbox 2107 3997 3686 4091">
     <span class='ocr_line' id='line_1_76' title="bbox 2107 3997 3686 4091; baseline 0.018 -47"><span class='ocrx_word' id='word_1_487' title='bbox 2107 4009 2200 4046; x_wconf 84' lang='grc' dir='ltr'><strong>ποι</strong></span> <span class='ocrx_word' id='word_1_488' title='bbox 2222 3997 2489 4066; x_wconf 83' lang='grc' dir='ltr'>προϊέναι,</span> <span class='ocrx_word' id='word_1_489' title='bbox 2531 4003 2604 4068; x_wconf 78' lang='grc' dir='ltr'>(τί</span> <span class='ocrx_word' id='word_1_490' title='bbox 2625 4003 2734 4076; x_wconf 79' lang='grc' dir='ltr'><strong>γὰρ</strong></span> <span class='ocrx_word' id='word_1_491' title='bbox 2756 4005 2822 4060; x_wconf 87' lang='grc' dir='ltr'><strong>ἂν</strong></span> <span class='ocrx_word' id='word_1_492' title='bbox 2847 4009 2940 4061; x_wconf 76' lang='grc' dir='ltr'>καὶ</span> <span class='ocrx_word' id='word_1_493' title='bbox 2963 4010 3174 4066; x_wconf 74' lang='grc' dir='ltr'>εἴποιεν</span> <span class='ocrx_word' id='word_1_494' title='bbox 3204 4013 3392 4087; x_wconf 78' lang='grc' dir='ltr'>ἕτερον</span> <span class='ocrx_word' id='word_1_495' title='bbox 3411 4017 3562 4090; x_wconf 76' lang='grc' dir='ltr'><strong>;)ὲπ“ι</strong></span> <span class='ocrx_word' id='word_1_496' title='bbox 3587 4021 3686 4091; x_wconf 86' lang='grc' dir='ltr'><strong>τὴν</strong></span> 
     </span>
    </p>
   </div>
   <div class='ocr_carea' id='block_1_76' title="bbox 2108 4088 3682 4183">
    <p class='ocr_par' dir='ltr' id='par_1_76' title="bbox 2108 4088 3682 4183">
     <span class='ocr_line' id='line_1_77' title="bbox 2108 4088 3682 4183; baseline 0.017 -46"><span class='ocrx_word' id='word_1_497' title='bbox 2108 4088 2406 4157; x_wconf 81' lang='grc' dir='ltr'>παράδοσιν</span> <span class='ocrx_word' id='word_1_498' title='bbox 2456 4093 2868 4165; x_wconf 76' lang='grc' dir='ltr'>αὐτομολοῦσιο</span> <span class='ocrx_word' id='word_1_499' title='bbox 2922 4103 3180 4178; x_wconf 87' lang='grc' dir='ltr'>καθάπερ</span> <span class='ocrx_word' id='word_1_500' title='bbox 3218 4109 3270 4160; x_wconf 79' lang='lat' dir='ltr'><strong>oi</strong></span> <span class='ocrx_word' id='word_1_501' title='bbox 3316 4109 3425 4164; x_wconf 86' lang='grc' dir='ltr'>τῶν</span> <span class='ocrx_word' id='word_1_502' title='bbox 3467 4111 3682 4183; x_wconf 82' lang='grc' dir='ltr'>δεσμῶν</span> 
     </span>
    </p>
   </div>
   <div class='ocr_carea' id='block_1_77' title="bbox 2105 4180 3679 4267">
    <p class='ocr_par' dir='ltr' id='par_1_77' title="bbox 2105 4180 3679 4267">
     <span class='ocr_line' id='line_1_78' title="bbox 2105 4180 3679 4267; baseline 0.018 -37"><span class='ocrx_word' id='word_1_503' title='bbox 2105 4180 2414 4251; x_wconf 71' lang='grc' dir='ltr'>ἀφιέμενοι.</span> <span class='ocrx_word' id='word_1_504' title='bbox 2450 4185 2543 4239; x_wconf 76' lang='grc' dir='ltr'><strong>ἐπὶ</strong></span> <span class='ocrx_word' id='word_1_505' title='bbox 2571 4188 2636 4240; x_wconf 85' lang='grc' dir='ltr'><strong>τὸ</strong></span> <span class='ocrx_word' id='word_1_506' title='bbox 2664 4191 2952 4262; x_wconf 77' lang='grc' dir='ltr'>ἀνειμένον</span> <span class='ocrx_word' id='word_1_507' title='bbox 2979 4198 3298 4267; x_wconf 83' lang='grc' dir='ltr'>ἐπείγονται</span> <span class='ocrx_word' id='word_1_508' title='bbox 3332 4205 3429 4257; x_wconf 82' lang='grc' dir='ltr'><strong>καὶ</strong></span> <span class='ocrx_word' id='word_1_509' title='bbox 3463 4205 3679 4259; x_wconf 76' lang='grc' dir='ltr'>ἐλεύθε-</span> 
     </span>
    </p>
   </div>
   <div class='ocr_carea' id='block_1_78' title="bbox 2105 4278 3680 4370">
    <p class='ocr_par' dir='ltr' id='par_1_78' title="bbox 2105 4278 3680 4370">
     <span class='ocr_line' id='line_1_79' title="bbox 2105 4278 3680 4370; baseline 0.017 -45"><span class='ocrx_word' id='word_1_510' title='bbox 2105 4291 2220 4344; x_wconf 87' lang='grc' dir='ltr'>ρον,</span> <span class='ocrx_word' id='word_1_511' title='bbox 2249 4278 2346 4330; x_wconf 79' lang='grc' dir='ltr'><strong>καὶ</strong></span> <span class='ocrx_word' id='word_1_512' title='bbox 2379 4280 2440 4334; x_wconf 86' lang='grc' dir='ltr'><strong>τὸ</strong></span> <span class='ocrx_word' id='word_1_513' title='bbox 2470 4282 2566 4336; x_wconf 85' lang='grc' dir='ltr'><strong>ἀπ’</strong></span> <span class='ocrx_word' id='word_1_514' title='bbox 2600 4285 2776 4356; x_wconf 81' lang='grc' dir='ltr'>ἀρχῆς</span> <span class='ocrx_word' id='word_1_515' title='bbox 2795 4289 3042 4360; x_wconf 81' lang='grc' dir='ltr'>δεδέχθαι</span> <span class='ocrx_word' id='word_1_516' title='bbox 3075 4294 3173 4365; x_wconf 82' lang='grc' dir='ltr'>τὴν</span> <span class='ocrx_word' id='word_1_517' title='bbox 3215 4297 3545 4368; x_wconf 78' lang='grc' dir='ltr'>Ἐκκλησίαν</span> <span class='ocrx_word' id='word_1_518' title='bbox 3582 4301 3680 4370; x_wconf 81' lang='grc' dir='ltr'>τὴν</span> 
     </span>
    </p>
   </div>
   <div class='ocr_carea' id='block_1_79' title="bbox 2101 4373 3670 4466">
    <p class='ocr_par' dir='ltr' id='par_1_79' title="bbox 2101 4373 3670 4466">
     <span class='ocr_line' id='line_1_80' title="bbox 2101 4373 3670 4466; baseline 0.018 -46"><span class='ocrx_word' id='word_1_519' title='bbox 2101 4373 2502 4444; x_wconf 79' lang='grc' dir='ltr'>γεγραμμένην</span> <span class='ocrx_word' id='word_1_520' title='bbox 2533 4375 2592 4428; x_wconf 82' lang='grc' dir='ltr'>ἐν</span> <span class='ocrx_word' id='word_1_521' title='bbox 2618 4380 2802 4445; x_wconf 75' lang='grc' dir='ltr'>αὐτοῖς</span> <span class='ocrx_word' id='word_1_522' title='bbox 2833 4384 2926 4436; x_wconf 78' lang='grc' dir='ltr'>καὶ</span> <span class='ocrx_word' id='word_1_523' title='bbox 2953 4386 3295 4462; x_wconf 78' lang='grc' dir='ltr'>δηλουμένην</span> <span class='ocrx_word' id='word_1_524' title='bbox 3329 4391 3512 4464; x_wconf 82' lang='grc' dir='ltr'>χάριν,</span> <span class='ocrx_word' id='word_1_525' title='bbox 3545 4411 3670 4466; x_wconf 88' lang='grc' dir='ltr'>προ·</span> 
     </span>
    </p>
   </div>
   <div class='ocr_carea' id='block_1_80' title="bbox 2095 4461 3676 4546">
    <p class='ocr_par' dir='ltr' id='par_1_80' title="bbox 2095 4461 3676 4546">
     <span class='ocr_line' id='line_1_81' title="bbox 2095 4461 3676 4546; baseline 0.018 -34"><span class='ocrx_word' id='word_1_526' title='bbox 2095 4461 2369 4530; x_wconf 83' lang='grc' dir='ltr'>ἲσχονται.</span> <span class='ocrx_word' id='word_1_527' title='bbox 2402 4461 2571 4520; x_wconf 73' lang='grc' dir='ltr'>Εἶπεν</span> <span class='ocrx_word' id='word_1_528' title='bbox 2591 4470 2653 4524; x_wconf 85' lang='grc' dir='ltr'>ἄν</span> <span class='ocrx_word' id='word_1_529' title='bbox 2682 4489 2768 4536; x_wconf 87' lang='grc' dir='ltr'><strong>τις</strong></span> <span class='ocrx_word' id='word_1_530' title='bbox 2792 4475 2930 4546; x_wconf 67' lang='grc' dir='ltr'>πρὸς</span> <span class='ocrx_word' id='word_1_531' title='bbox 2949 4477 3012 4530; x_wconf 82' lang='grc' dir='ltr'><strong>τὸ</strong></span> <span class='ocrx_word' id='word_1_532' title='bbox 3043 4478 3272 4536; x_wconf 79' lang='grc' dir='ltr'>ἄπιστον</span> <span class='ocrx_word' id='word_1_533' title='bbox 3298 4484 3390 4536; x_wconf 79' lang='grc' dir='ltr'><strong>καὶ</strong></span> <span class='ocrx_word' id='word_1_534' title='bbox 3420 4485 3676 4541; x_wconf 75' lang='grc' dir='ltr'>ἀσύνετον</span> 
     </span>
    </p>
   </div>
   <div class='ocr_carea' id='block_1_81' title="bbox 2097 4553 3670 4650">
    <p class='ocr_par' dir='ltr' id='par_1_81' title="bbox 2097 4553 3670 4650">
     <span class='ocr_line' id='line_1_82' title="bbox 2097 4553 3670 4650; baseline 0.025 -47"><span class='ocrx_word' id='word_1_535' title='bbox 2097 4553 2282 4606; x_wconf 77' lang='grc' dir='ltr'>αὐτῶν</span> <span class='ocrx_word' id='word_1_536' title='bbox 2316 4555 2460 4625; x_wconf 75' lang='grc' dir='ltr'>ἰδὼν,</span> <span class='ocrx_word' id='word_1_537' title='bbox 2487 4559 2564 4624; x_wconf 86' lang='grc' dir='ltr'>ὡς</span> <span class='ocrx_word' id='word_1_538' title='bbox 2595 4561 2764 4634; x_wconf 81' lang='grc' dir='ltr'>ἄλλης</span> <span class='ocrx_word' id='word_1_539' title='bbox 2805 4569 2992 4634; x_wconf 83' lang='grc' dir='ltr'>αὐτοῖς</span> <span class='ocrx_word' id='word_1_540' title='bbox 3029 4570 3610 4648; x_wconf 55' lang='grc' dir='ltr'>δεήσεινσυγγραφῆς,</span> <span class='ocrx_word' id='word_1_541' title='bbox 3639 4579 3670 4650; x_wconf 82' lang='grc' dir='ltr'>ἦ</span> 
     </span>
    </p>
   </div>
   <div class='ocr_carea' id='block_1_82' title="bbox 2095 4643 3672 4740">
    <p class='ocr_par' dir='ltr' id='par_1_82' title="bbox 2095 4643 3672 4740">
     <span class='ocr_line' id='line_1_83' title="bbox 2095 4643 3672 4740; baseline 0.018 -46"><span class='ocrx_word' id='word_1_542' title='bbox 2095 4643 2347 4699; x_wconf 85' lang='grc' dir='ltr'>ὁπωσοῦν</span> <span class='ocrx_word' id='word_1_543' title='bbox 2390 4649 2474 4700; x_wconf 84' lang='grc' dir='ltr'><strong>ἑτέ</strong></span> <span class='ocrx_word' id='word_1_544' title='bbox 2486 4666 2586 4718; x_wconf 81' lang='grc' dir='ltr'><strong>ρας</strong></span> <span class='ocrx_word' id='word_1_545' title='bbox 2615 4654 2949 4722; x_wconf 82' lang='grc' dir='ltr'>ἀποδείξεως</span> <span class='ocrx_word' id='word_1_546' title='bbox 2973 4701 2988 4724; x_wconf 93' lang='grc'><strong>,</strong></span> <span class='ocrx_word' id='word_1_547' title='bbox 3028 4661 3088 4715; x_wconf 79' lang='grc' dir='ltr'>τὸ</span> <span class='ocrx_word' id='word_1_548' title='bbox 3129 4665 3188 4717; x_wconf 83' lang='grc' dir='ltr'>ἐν</span> <span class='ocrx_word' id='word_1_549' title='bbox 3218 4665 3450 4732; x_wconf 74' lang='grc' dir='ltr'>ἐκείνοις</span> <span class='ocrx_word' id='word_1_550' title='bbox 3478 4669 3672 4740; x_wconf 80' lang='grc' dir='ltr'>ἀληθὲς</span> 
     </span>
    </p>
   </div>
   <div class='ocr_carea' id='block_1_83' title="bbox 2095 4741 3664 4836">
    <p class='ocr_par' dir='ltr' id='par_1_83' title="bbox 2095 4741 3664 4836">
     <span class='ocr_line' id='line_1_84' title="bbox 2095 4741 3664 4836; baseline 0.019 -50"><span class='ocrx_word' id='word_1_551' title='bbox 2095 4741 2636 4812; x_wconf 84' lang='grc' dir='ltr'>προσμαρτυρούσης</span> <span class='ocrx_word' id='word_1_552' title='bbox 2679 4747 2774 4799; x_wconf 77' lang='grc' dir='ltr'><strong>καὶ</strong></span> <span class='ocrx_word' id='word_1_553' title='bbox 2809 4747 3169 4827; x_wconf 79' lang='grc' dir='ltr'>βεϐαιούσης,</span> <span class='ocrx_word' id='word_1_554' title='bbox 3209 4759 3307 4810; x_wconf 77' lang='grc' dir='ltr'>καὶ</span> <span class='ocrx_word' id='word_1_555' title='bbox 3343 4760 3515 4836; x_wconf 81' lang='grc' dir='ltr'>ταύτῃ</span> <span class='ocrx_word' id='word_1_556' title='bbox 3549 4763 3664 4816; x_wconf 78' lang='grc' dir='ltr'>ἐτέ-</span> 
     </span>
    </p>
   </div>
   <div class='ocr_carea' id='block_1_84' title="bbox 2096 4831 3008 4913">
    <p class='ocr_par' dir='ltr' id='par_1_84' title="bbox 2096 4831 3008 4913">
     <span class='ocr_line' id='line_1_85' title="bbox 2096 4831 3008 4913; baseline 0.019 -33"><span class='ocrx_word' id='word_1_557' title='bbox 2096 4844 2220 4896; x_wconf 82' lang='grc' dir='ltr'>ρας,</span> <span class='ocrx_word' id='word_1_558' title='bbox 2256 4832 2352 4884; x_wconf 74' lang='grc' dir='ltr'>καὶ</span> <span class='ocrx_word' id='word_1_559' title='bbox 2379 4831 2520 4886; x_wconf 80' lang='grc' dir='ltr'>ἰέναι</span> <span class='ocrx_word' id='word_1_560' title='bbox 2551 4836 2644 4888; x_wconf 81' lang='grc' dir='ltr'><strong>ἐπὶ</strong></span> <span class='ocrx_word' id='word_1_561' title='bbox 2667 4837 2729 4890; x_wconf 86' lang='grc' dir='ltr'>τὺ</span> <span class='ocrx_word' id='word_1_562' title='bbox 2759 4839 3008 4913; x_wconf 78' lang='grc' dir='ltr'>ἄπειρον.</span> 
     </span>
    </p>
   </div>
   <div class='ocr_carea' id='block_1_85' title="bbox 2175 5012 3669 5110">
    <p class='ocr_par' dir='ltr' id='par_1_85' title="bbox 2175 5012 3669 5110">
     <span class='ocr_line' id='line_1_86' title="bbox 2175 5012 3669 5110; baseline 0.019 -45"><span class='ocrx_word' id='word_1_563' title='bbox 2175 5012 2338 5068; x_wconf 71' lang='grc' dir='ltr'>Ἀλλὰ</span> <span class='ocrx_word' id='word_1_564' title='bbox 2389 5017 2550 5072; x_wconf 86' lang='grc' dir='ltr'>τοῦτο</span> <span class='ocrx_word' id='word_1_565' title='bbox 2597 5021 2699 5090; x_wconf 82' lang='grc' dir='ltr'><strong>μὲν</strong></span> <span class='ocrx_word' id='word_1_566' title='bbox 2729 5027 2854 5088; x_wconf 81' lang='grc' dir='ltr'>ταῖς</span> <span class='ocrx_word' id='word_1_567' title='bbox 2881 5026 3110 5084; x_wconf 81' lang='grc' dir='ltr'>ἐκείνων</span> <span class='ocrx_word' id='word_1_568' title='bbox 3144 5033 3496 5107; x_wconf 81' lang='grc' dir='ltr'>ἀϐελτηρίαις</span> <span class='ocrx_word' id='word_1_569' title='bbox 3529 5055 3669 5110; x_wconf 79' lang='grc' dir='ltr'>παρ-</span> 
     </span>
    </p>
   </div>
   <div class='ocr_carea' id='block_1_86' title="bbox 2087 5103 3668 5200">
    <p class='ocr_par' dir='ltr' id='par_1_86' title="bbox 2087 5103 3668 5200">
     <span class='ocr_line' id='line_1_87' title="bbox 2087 5103 3668 5200; baseline 0.017 -45"><span class='ocrx_word' id='word_1_570' title='bbox 2087 5103 2316 5176; x_wconf 81' lang='grc' dir='ltr'>ήσομεν.</span> <span class='ocrx_word' id='word_1_571' title='bbox 2351 5107 2665 5180; x_wconf 83' lang='grc' dir='ltr'>Παράδοσιν</span> <span class='ocrx_word' id='word_1_572' title='bbox 2693 5119 3140 5189; x_wconf 79' lang='grc' dir='ltr'>προχειρίζονται</span> <span class='ocrx_word' id='word_1_573' title='bbox 3169 5165 3184 5190; x_wconf 93' lang='grc'><strong>,</strong></span> <span class='ocrx_word' id='word_1_574' title='bbox 3213 5125 3278 5198; x_wconf 72' lang='grc' dir='ltr'>ἦν</span> <span class='ocrx_word' id='word_1_575' title='bbox 3442 5123 3524 5192; x_wconf 72' lang='grc' dir='ltr'>οἷς</span> <span class='ocrx_word' id='word_1_576' title='bbox 3572 5103 3668 5200; x_wconf 56' lang='grc' dir='ltr'><strong>μέν</strong></span> 
     </span>
    </p>
   </div>
   <div class='ocr_carea' id='block_1_87' title="bbox 2085 5195 3664 5290">
    <p class='ocr_par' dir='ltr' id='par_1_87' title="bbox 2085 5195 3664 5290">
     <span class='ocr_line' id='line_1_88' title="bbox 2085 5195 3664 5290; baseline 0.018 -43"><span class='ocrx_word' id='word_1_577' title='bbox 2085 5195 2303 5265; x_wconf 77' lang='grc' dir='ltr'>ἥδονται</span> <span class='ocrx_word' id='word_1_578' title='bbox 2334 5201 2630 5270; x_wconf 78' lang='grc' dir='ltr'>κρατύνειν</span> <span class='ocrx_word' id='word_1_579' title='bbox 2684 5207 2985 5272; x_wconf 78' lang='grc' dir='ltr'>ἐθέλουσιν,</span> <span class='ocrx_word' id='word_1_580' title='bbox 3015 5215 3102 5282; x_wconf 75' lang='grc' dir='ltr'><strong>ἐφ’</strong></span> <span class='ocrx_word' id='word_1_581' title='bbox 3141 5195 3244 5280; x_wconf 23' lang='grc' dir='ltr'>οἷς.</span> <span class='ocrx_word' id='word_1_582' title='bbox 3275 5218 3332 5272; x_wconf 82' lang='grc' dir='ltr'>δὲ</span> <span class='ocrx_word' id='word_1_583' title='bbox 3372 5195 3664 5290; x_wconf 16' lang='grc' dir='ltr'>ήᾶχθονται,</span> 
     </span>
    </p>
   </div>
   <div class='ocr_carea' id='block_1_88' title="bbox 2083 5287 3667 5382">
    <p class='ocr_par' dir='ltr' id='par_1_88' title="bbox 2083 5287 3667 5382">
     <span class='ocr_line' id='line_1_89' title="bbox 2083 5287 3667 5382; baseline 0.019 -45"><span class='ocrx_word' id='word_1_584' title='bbox 2083 5287 2456 5360; x_wconf 79' lang='grc' dir='ltr'>ἀπαγορεύειν</span> <span class='ocrx_word' id='word_1_585' title='bbox 2491 5296 2872 5360; x_wconf 79' lang='grc' dir='ltr'>σπουδάζουσι.</span> <span class='ocrx_word' id='word_1_586' title='bbox 2921 5302 3120 5360; x_wconf 73' lang='grc' dir='ltr'>Καίτοι</span> <span class='ocrx_word' id='word_1_587' title='bbox 3150 5309 3210 5361; x_wconf 85' lang='grc' dir='ltr'>ἐν</span> <span class='ocrx_word' id='word_1_588' title='bbox 3231 5308 3437 5364; x_wconf 77' lang='grc' dir='ltr'>ἅπασιν</span> <span class='ocrx_word' id='word_1_589' title='bbox 3469 5313 3502 5382; x_wconf 84' lang='grc' dir='ltr'>ὴ</span> <span class='ocrx_word' id='word_1_590' title='bbox 3536 5314 3667 5366; x_wconf 81' lang='grc' dir='ltr'><strong>ὑπό-</strong></span> 
     </span>
    </p>
   </div>
   <div class='ocr_carea' id='block_1_89' title="bbox 2013 5376 3667 5474">
    <p class='ocr_par' dir='ltr' id='par_1_89' title="bbox 2013 5376 3667 5474">
     <span class='ocr_line' id='line_1_90' title="bbox 2013 5376 3667 5474; baseline 0.02 -48"><span class='ocrx_word' id='word_1_591' title='bbox 2013 5389 2053 5442; x_wconf 80' lang='grc'><strong>[)</strong></span> <span class='ocrx_word' id='word_1_592' title='bbox 2085 5376 2231 5439; x_wconf 70' lang='lat' dir='ltr'><strong>Osce;</strong></span> <span class='ocrx_word' id='word_1_593' title='bbox 2261 5381 2292 5451; x_wconf 77' lang='grc' dir='ltr'><strong>ἡ</strong></span> <span class='ocrx_word' id='word_1_594' title='bbox 2319 5381 2480 5453; x_wconf 77' lang='grc' dir='ltr'>αὑτὴ,</span> <span class='ocrx_word' id='word_1_595' title='bbox 2517 5387 2612 5439; x_wconf 77' lang='grc' dir='ltr'><strong>καὶ</strong></span> <span class='ocrx_word' id='word_1_596' title='bbox 2643 5390 2670 5442; x_wconf 86' lang='grc' dir='ltr'><strong><em>ὁ</em></strong></span> <span class='ocrx_word' id='word_1_597' title='bbox 2708 5380 2900 5461; x_wconf 41' lang='grc' dir='ltr'>χρόνος</span> <span class='ocrx_word' id='word_1_598' title='bbox 2931 5397 3250 5470; x_wconf 79' lang='grc' dir='ltr'>σύνδρομος,</span> <span class='ocrx_word' id='word_1_599' title='bbox 3286 5403 3379 5455; x_wconf 70' lang='grc' dir='ltr'><strong>καὶ</strong></span> <span class='ocrx_word' id='word_1_600' title='bbox 3405 5401 3464 5455; x_wconf 84' lang='grc' dir='ltr'><strong>τὸ</strong></span> <span class='ocrx_word' id='word_1_601' title='bbox 3498 5405 3667 5474; x_wconf 75' lang='grc' dir='ltr'>γέρας</span> 
     </span>
    </p>
   </div>
   <div class='ocr_carea' id='block_1_90' title="bbox 2082 5469 3664 5564">
    <p class='ocr_par' dir='ltr' id='par_1_90' title="bbox 2082 5469 3664 5564">
     <span class='ocr_line' id='line_1_91' title="bbox 2082 5469 3664 5564; baseline 0.02 -44"><span class='ocrx_word' id='word_1_602' title='bbox 2082 5469 2368 5543; x_wconf 78' lang='grc' dir='ltr'>ὁμότιμον.</span> <span class='ocrx_word' id='word_1_603' title='bbox 2433 5476 2594 5532; x_wconf 85' lang='grc' dir='ltr'><strong>Ἀλλά</strong></span> <span class='ocrx_word' id='word_1_604' title='bbox 2629 5482 2682 5534; x_wconf 84' lang='grc' dir='ltr'><strong>τί</strong></span> <span class='ocrx_word' id='word_1_605' title='bbox 2729 5484 2796 5538; x_wconf 81' lang='grc' dir='ltr'>ἄν</span> <span class='ocrx_word' id='word_1_606' title='bbox 2836 5506 2922 5552; x_wconf 84' lang='grc' dir='ltr'><strong>τις</strong></span> <span class='ocrx_word' id='word_1_607' title='bbox 2967 5469 3302 5564; x_wconf 12' lang='grc' dir='ltr'>εἴποιίπρὸς</span> <span class='ocrx_word' id='word_1_608' title='bbox 3340 5494 3664 5563; x_wconf 76' lang='grc' dir='ltr'>ἀνθρώπους</span> 
     </span>
    </p>
   </div>
   <div class='ocr_carea' id='block_1_91' title="bbox 2087 5563 3660 5658">
    <p class='ocr_par' dir='ltr' id='par_1_91' title="bbox 2087 5563 3660 5658">
     <span class='ocr_line' id='line_1_92' title="bbox 2087 5563 3660 5658; baseline 0.008 -28"><span class='ocrx_word' id='word_1_609' title='bbox 2087 5563 2223 5632; x_wconf 66' lang='grc' dir='ltr'>μήτε</span> <span class='ocrx_word' id='word_1_610' title='bbox 2251 5565 2396 5636; x_wconf 67' lang='grc' dir='ltr'><strong>ἔργῳ</strong></span> <span class='ocrx_word' id='word_1_611' title='bbox 2425 5570 2562 5640; x_wconf 75' lang='grc' dir='ltr'>μήτε</span> <span class='ocrx_word' id='word_1_612' title='bbox 2595 5571 2736 5646; x_wconf 59' lang='grc' dir='ltr'><strong>λόγῳ</strong></span> <span class='ocrx_word' id='word_1_613' title='bbox 2775 5580 3150 5652; x_wconf 73' lang='grc' dir='ltr'>πειθομένους,</span> <span class='ocrx_word' id='word_1_614' title='bbox 3192 5587 3328 5656; x_wconf 80' lang='grc' dir='ltr'>μήτε</span> <span class='ocrx_word' id='word_1_615' title='bbox 3355 5586 3390 5640; x_wconf 79' lang='grc' dir='ltr'><strong>ἃ</strong></span> <span class='ocrx_word' id='word_1_616' title='bbox 3421 5587 3660 5658; x_wconf 75' lang='grc' dir='ltr'>λέγουσι,</span> 
     </span>
    </p>
   </div>
  </div>
