4050 6420
378 346 487 413 377

1117 364 1744 430 ANTIRRHETICUS
1786 367 1880 429 III
1919 367 2090 428 ADV.
2127 368 2723 432 CONSTANTINUM
2761 373 2976 436 COPR.

3547 379 3653 445 378

385 463 530 556 μήτε
557 464 593 521 ἀ
614 466 876 524 ἀκούουσι
912 472 1199 539 συνιέντας
1224 517 1240 542 ,
1267 477 1368 548 τῆς
1401 478 1458 530 δὲ
1489 479 1702 532 ἑαυτῶν
1722 480 1973 548 ἀπεγνω-

2079 480 2280 546 sciunt,
2313 493 2368 536 et
2411 484 2477 536 de
2531 497 2625 537 sua
2678 485 2854 540 salute
2909 485 3654 556 desperantiNihilominus

383 555 557 620 κότας
593 562 901 633 σωτηρίας;
937 565 1134 635 Ὅμως
1157 567 1204 621 δ’
1235 567 1330 622 οὖν
1363 571 1392 620 ὁ
1414 569 1514 639 τῆς
1539 569 1802 640 ἀληθείας
1827 571 1968 640 παῤ·

387 649 718 718 ῥησιάσεται
764 653 943 723 λόγος.
977 657 1222 728 ’Πρῶτον
1251 659 1308 713 δὲ
1363 662 1538 714 ἐκεῖνο
1583 662 1760 714 εἰπεῖν
1798 661 1969 727 ἀξιον,

382 740 470 792 ὅτι
518 741 756 811 μάλιστα
799 747 857 798 ὲν
896 747 1007 810 τοίς
1049 750 1181 819 περὶ
1235 749 1371 802 Θεοῦ
1418 751 1733 822 λεγομένοις
1771 769 1830 804 τε
1878 753 1972 806 καὶ

383 832 765 903 ἀκουομένοις,
797 838 914 906 μετ’
943 839 1232 904 εὐλαϐείας
1256 841 1350 912 τῆς
1378 844 1772 914 προσηκούσης
1797 861 1969 914 προσ-

391 923 534 976 ιέναι
574 925 701 996 χρὴ,
739 927 887 998 φόϐῳ
926 929 1054 999 θείῳ
1083 935 1562 1004 κατηρτισμένους
1586 951 1600 964 ·
1631 931 1752 988 εἷτα
1787 935 1970 988 πίστιν

386 1015 447 1067 ὲν
473 1015 689 1082 τούτοις
735 1019 1005 1088 ἡγεῖσθαι,
1054 1024 1150 1076 καὶ
1183 1025 1368 1078 πίστιν
1405 1025 1698 1096 τιμᾶσθαι,
1731 1029 1824 1080 καὶ
1848 1029 1969 1090 ταῖς

384 1101 595 1174 ψυχαῖς
619 1109 1066 1180 προενιδρύσθαι,
1093 1115 1187 1166 καί
1213 1115 1272 1168 ἐν
1303 1115 1566 1188 εὐθύτητι
1594 1118 1820 1189 καρδίας
1843 1116 1969 1180 τοὺς

385 1197 524 1266 περὶ
558 1199 900 1270 τηλικούτων
942 1204 1136 1275 λόγους
1169 1206 1552 1277 ὑποδέχεσθαι,
1587 1209 1760 1263 κενῶν
1789 1210 1846 1264 δὲ
1875 1211 1970 1264 καὶ

387 1289 644 1356 ματαίων
690 1292 1017 1365 ἐρωτήσεων
1051 1297 1356 1367 ἀπέχεσθαι
1385 1339 1400 1362 ,
1428 1298 1552 1364 τούς
1605 1318 1666 1354 τε
1703 1299 1972 1372 γραώδεις

389 1377 600 1449 μύθους
619 1383 712 1438 καὶ
733 1385 832 1450 τάς
867 1385 1130 1456 βεϐήλους
1153 1391 1492 1461 κενοφωνίας
1512 1394 1594 1455 εἰς
1616 1393 1678 1446 τὸ
1707 1393 1972 1457 παντελὲς

384 1471 839 1544 ἀποτρέπεσθαι,
881 1479 944 1532 οὐ
977 1482 1273 1552 προσέχειν
1313 1483 1370 1536 δὲ
1415 1484 1787 1553 γενεαλογίαις
1833 1485 1970 1538 ἀπε-

390 1563 631 1634 ράντοις,
659 1567 803 1622 καθά
823 1569 884 1622 τὸ
915 1569 1154 1641 Γράμμα
1181 1573 1243 1625 τὸ
1270 1574 1416 1643 ἱερὸν
1449 1573 1741 1644 δεδίδαχεν,
1777 1573 1834 1628 αἳ
1872 1574 1972 1645 ζη-

384 1658 580 1728 τήσεις
614 1660 918 1730 παρέχουσι
959 1662 1183 1732 μᾶλλον,
1225 1665 1256 1735 ἦ
1312 1667 1627 1735 οἰκονομίαν
1685 1665 1822 1719 Θεοῦ
1873 1666 1972 1738 τὴν

386 1753 452 1802 ὲν
507 1751 728 1818 πίστει,
767 1753 906 1824 μηδὲ
964 1756 1152 1824 ζητεῖν
1191 1759 1291 1829 τὴν
1342 1758 1430 1812 διὰ
1461 1760 1570 1812 τῶν
1605 1760 1846 1830 σημείων
1878 1761 1972 1813 καὶ

387 1843 715 1914 παραδόξων
762 1843 938 1916 ἔργων
977 1848 1250 1903 πίστωσιν
1301 1849 1396 1904 καὶ
1439 1849 1738 1917 ἀπόδειξιν,
1780 1849 1971 1920 ἢγοῦν

387 1935 698 2005 ἀμφίϐολον
737 1937 836 2009 τὴν
873 1938 1103 2010 γνώμην
1138 1940 1284 2012 ’ἐχειν
1319 1943 1452 2012 περὶ
1495 1941 1566 1995 τὰ
1592 1941 1802 2010 καίρια.
1842 1943 1972 1994 Ἰου-

387 2028 580 2082 δαῖκὸν
620 2028 780 2084 τοῦτο
833 2031 894 2084 τὸ
929 2033 1272 2104 ἐπιχείρημα
1298 2073 1314 2098 ,
1359 2033 1606 2087 ἀπίστων
1630 2034 1746 2086 ἐστὶ
1779 2033 1840 2087 τὸ
1873 2051 1973 2087 κα-

390 2121 710 2193 κούργημα.
741 2122 896 2176 Τίσιν
931 2123 1034 2195 ἔφη
1061 2125 1088 2176 ὀ
1117 2125 1322 2195 Κύριος
1343 2166 1358 2189 ,
1389 2127 1458 2178 ’Ὠ
1485 2125 1658 2194 γενεὰ
1693 2125 1968 2188 ἄπιστος,

388 2212 648 2281 σημεῖον
662 2212 942 2282 ἐπιζητεῖ,
967 2216 1066 2269 καί
1095 2216 1347 2286 σημεῖον
1367 2218 1440 2270 οὐ
1455 2215 1773 2282 δοθήσεται
1795 2214 1970 2284 αὐτῇ,

386 2307 531 2362 ἀλλ’
582 2306 621 2377 ἢ
664 2304 732 2360 τὸ
773 2307 1028 2378 σημεῖον
1079 2306 1242 2364 Ἰωνᾶ
1293 2307 1398 2362 τοῦ
1455 2307 1808 2377 apogstitov;
1851 2307 1973 2378 οὐχὶ

385 2398 503 2460 τοῖς
527 2396 847 2450 ἀπειθοῦσιν
890 2398 1166 2462 Ἰουδαίοις
1186 2439 1201 2463 ,
1233 2399 1328 2452 καὶ
1370 2401 1456 2452 ἀεὶ
1481 2399 1559 2470 τῷ
1605 2399 1746 2471 ἁγίῳ
1773 2399 1974 2470 διαμα-

385 2487 646 2557 χομένοις
676 2487 988 2558 Πνεύματι;
1041 2490 1182 2560 Μηδ’
1213 2485 1282 2542 αὗ
1333 2491 1473 2561 πρὸς
1522 2492 1848 2562 περιέργους
1879 2493 1974 2546 καὶ

389 2579 756 2644 ἀπαιδεύτους
785 2582 1014 2652 ἐρεύνας
1041 2581 1362 2650 ἀπάγεσθαι
1381 2626 1396 2648 ,
1430 2583 1487 2637 αἰ
1517 2585 1848 2656 λογομαχίας
1879 2587 1974 2637 καὶ

385 2670 592 2743 λέσχην
613 2673 844 2742 γεννῶσι
881 2675 1104 2744 μᾶλλον,
1137 2676 1168 2749 ἢ
1194 2675 1354 2742 λόγον
1379 2674 1682 2748 εὔχρηστον
1714 2679 1808 2730 καὶ
1830 2677 1974 2746 ὠφέ-

385 2763 546 2832 λιμον
571 2751 758 2834 ’μήτε
795 2764 902 2836 μὴν
929 2765 1070 2836 πρὸς
1116 2767 1508 2830 ἀποδεικτικὰς
1546 2767 1794 2836 ἀνάγκας
1823 2767 1972 2836 λογι-

387 2855 516 2916 καίς
559 2853 802 2925 μεθόδοις
844 2853 1264 2923 προαγομένους
1307 2855 1399 2908 διὰ
1445 2857 1552 2909 τῶν
1580 2857 1844 2927 ἐντέχνων
1879 2858 1974 2910 καὶ

390 2945 801 3014 σεσοφισμένων
835 2945 1036 3014 λόγων,
1083 2947 1175 2999 ἐπὶ
1215 2947 1315 3008 τὰς
1357 2945 1562 3000 τούτων
1608 2947 1972 3016 καταφεύγειν

389 3035 780 3104 πιθανότητας,
809 3036 998 3107 βιαίως
1022 3039 1160 3108 πρὸς
1186 3039 1592 3107 συγκατάθεσιν
1616 3041 1742 3102 τοὺς
1768 3040 1975 3109 ἀκροω-

2077 574 2342 629 veritatis'
2387 589 2570 629 sermo
2620 575 2818 630 fiducia
2865 592 2972 631 non
3033 590 3202 636 caret.
3251 581 3436 638 Primo
3470 585 3653 653 itaque

2074 680 2296 720 monere
2321 666 2542 736 dignum
2585 676 2692 734 est,
2741 683 2936 738 nempe
2971 670 3038 724 ad
3061 685 3126 724 ea
3159 674 3394 728 niaximc
3421 689 3541 743 qua:
3577 653 3642 730 ué

2075 755 2185 809 Deo
2207 755 2464 810 dicuntur
2491 765 2546 810 et
2601 757 2924 822 audiuntur,
2963 759 3147 813 debita
3175 773 3297 813 cum
3340 763 3650 818 reverentia

2073 860 2194 902 esse
2251 848 2642 913 accedendum,
2706 848 3005 920 divinoque
3055 851 3252 906 timore
3328 855 3647 909 instrui-tos.

2074 935 2279 992 Deinde
2318 947 2570 1006 oportere
2629 939 2684 992 iu
2727 940 2813 996 his
2863 941 2938 996 uti
3006 945 3145 996 duce
3197 944 3324 1010 fide,
3381 946 3650 1012 honorem

2077 1029 2198 1082 fidei
2257 1029 2481 1096 habere,
2551 1044 2782 1101 eamque
2842 1033 3045 1089 animis
3094 1035 3356 1100 inserere,
3406 1045 3464 1092 et
3527 1052 3649 1092 cum

2074 1119 2398 1176 rectitudine
2422 1121 2600 1178 cordis
2621 1122 2926 1178 doctrinam
2953 1126 3103 1180 circa
3132 1127 3231 1182 has
3262 1142 3353 1184 res
3373 1129 3651 1197 excipere,

2074 1211 2322 1266 futilibus
2349 1212 2660 1283 ineptisque
2691 1216 3089 1284 quaestionibus
3133 1219 3435 1286 abstinere,
3475 1221 3653 1276 aniles

2073 1299 2286 1356 fabulas
2323 1302 2658 1372 profanaque
2685 1313 2740 1358 et
2770 1319 2910 1358 vana
2936 1307 3197 1362 vocabula
3237 1311 3462 1364 omnino
3486 1325 3654 1380 repu-

2073 1391 2246 1456 diare,
2307 1407 2484 1462 neque
2531 1395 2868 1465 genealogiis
2918 1396 3292 1454 interminatis
3345 1402 3650 1467 attendere,

2075 1492 2236 1552 prout
2288 1499 2462 1540 sacrae
2513 1485 2738 1542 Littera;
2782 1489 2981 1541 docent
3007 1489 3076 1554 ιο,
3137 1504 3258 1558 qua:
3316 1492 3648 1558 quaestiones

2076 1583 2339 1644 prmslant
2380 1578 2574 1648 magis,
2603 1593 2770 1648 quam
2803 1579 2898 1635 Dei
2928 1581 3292 1634 oeconomiam
3317 1583 3394 1652 (5)
3420 1598 3540 1652 qum
3566 1593 3652 1636 est

2075 1665 2127 1718 in
2165 1665 2267 1718 fide
2298 1681 2314 1719 :
2343 1678 2516 1734 neque
2549 1667 2676 1720 item
2702 1667 2815 1738 86
2852 1667 3130 1736 postulare
3163 1679 3221 1722 ut
3260 1685 3356 1738 per
3384 1671 3648 1724 miracula

2075 1765 2130 1811 et
2155 1757 2460 1827 prodigiosa
2488 1772 2652 1826 opera
2695 1760 3038 1815 continuatio
3075 1759 3170 1814 fiat
3203 1777 3268 1816 ac
3297 1761 3648 1817 demonstra-

2079 1843 2197 1898 tio:
2234 1843 2316 1896 vel
2377 1844 2609 1914 denique
2651 1845 2876 1902 minime
2933 1849 3138 1902 habere
3178 1860 3458 1905 nutantem
3505 1852 3649 1906 circa

2077 1952 2164 1991 res
2184 1936 2520 2006 principales
2538 1938 2889 1992 sententiam.
2925 1937 3208 1993 Iudaicum
3242 1941 3344 1994 hoc
3364 1955 3652 2008 argumen-

2075 2041 2187 2084 tum
2214 2039 2318 2094 est,
2351 2038 2407 2084 cl
2438 2029 2850 2083 iucredulorum
2887 2031 3123 2086 malitia.
3153 2031 3489 2098 Quibusnam
3516 2032 3650 2086 dicit

2075 2123 2334 2177 Dominus
2368 2141 2382 2176 :
2417 2125 2460 2174 0
2499 2123 2765 2192 generatio
2788 2123 3098 2177 incredula!
3129 2125 3572 2195 signumquwrit,
3598 2135 3646 2177 et

2073 2215 2278 2286 signum
2299 2231 2402 2269 non
2431 2216 2648 2268 dabitur
2666 2215 2737 2278 ei,
2760 2214 2864 2268 nisi
2888 2216 3098 2285 signum
3111 2213 3266 2269 Jama
3279 2223 3546 2284 propheta:
3566 2215 3610 2248 ι’
3626 2215 3654 2269 2

2075 2319 2254 2360 nonne
2319 2305 2739 2360 contumacibus
2798 2303 3004 2360 Iudaeis
3055 2316 3111 2360 et
3163 2314 3355 2359 sancto
3431 2319 3652 2372 semper
3694 2287 3714 2299 ”

2076 2397 2398 2451 resistentes
2431 2395 2656 2464 Spiritui
2681 2395 2704 2450 ?
2725 2396 2911 2466 Neque
2943 2396 3074 2450 item
3106 2397 3340 2451 curiosis
3369 2406 3422 2450 et
3456 2397 3650 2450 inlice-

2076 2489 2146 2544 tis
2179 2487 2624 2556 inquisitiunibus
2655 2496 2872 2556 oportet
2908 2503 3006 2542 nos
3055 2487 3255 2556 abripi,
3293 2502 3415 2557 quae
3449 2489 3641 2542 verbo-

2075 2594 2195 2636 rum
2219 2579 2596 2634 contentiones
2645 2588 2701 2633 et
2751 2579 3128 2648 garrulitatem
3169 2578 3350 2648 potius
3380 2587 3652 2648 generant

2075 2689 2236 2744 quam
2267 2671 2565 2743 proficuam
2617 2671 2913 2740 utiiemque
2941 2672 3246 2726 doctrinam
3271 2693 3284 2726 :
3312 2684 3486 2740 neque
3520 2671 3640 2723 dia-

2077 2765 2287 2820 lecticis
2343 2765 2614 2819 methodis
2651 2764 2718 2818 ad
2764 2765 3222 2818 demonstrativas
3266 2761 3652 2818 conclusiones

2079 2855 2350 2926 pergendo
2383 2869 2480 2922 per
2533 2855 2864 2909 artificiosos
2914 2855 3300 2924 captiososque
3345 2867 3651 2919 sermones,

2077 2949 2308 3005 ad.hoc
2363 2963 2534 3018 genus
2591 2949 3010 3016 persuasionum
3065 2946 3382 3017 confugere,
3433 2961 3556 3014 quae
3586 2947 3652 2999 ad

2077 3057 2405 3098 consensum
2453 3041 2742 3094 audientes
2791 3040 3059 3094 violenter
3117 3039 3366 3108 adigunt.
3423 3036 3654 3091 Prorsus

393 3127 591 3199 μένους
627 3129 978 3199 ἐπαγομένας
1005 3145 1017 3158 ·
1064 3129 1380 3202 Ἑλληνικὸν
1409 3130 1571 3183 τοῦτο
1599 3131 1692 3182 καὶ
1728 3131 1972 3182 ἀπίστων

2081 3137 2184 3191 hoc
2249 3135 2600 3188 ethnicorum
2645 3140 2730 3186 est
2789 3141 2953 3202 atque
3001 3131 3299 3186 infidelium
3348 3129 3654 3183 inventum.

392 3219 713 3272 παντάπασι
742 3219 806 3272 τὸ
854 3219 1161 3296 ὲςρεύρεμα.
1195 3221 1308 3273 Καὶ
1351 3221 1462 3291 γὰρ
1493 3220 1688 3292 ὥσπερ
1729 3221 1974 3274 Ἰουδαῖοι

394 3310 623 3378 σημεῖον
673 3309 954 3377 αἰτοῦσιν,
1001 3311 1146 3364 οὕτω
1194 3312 1289 3365 καὶ
1335 3311 1596 3384 Ἕλληνες
1645 3313 1836 3380 σοφίαν
1877 3311 1976 3383 ζη-

391 3403 604 3458 τοῦσιν.
916 3414 920 3418 ’

466 3497 532 3567 β’.
580 3497 722 3550 Ἀλλ’
747 3499 880 3569 ἡμῖν
897 3515 984 3566 γε,
1011 3493 1093 3561 οἷς
1123 3497 1306 3562 πίστις
1329 3497 1388 3550 τὸ
1417 3496 1754 3569 τιμώμενον,
1781 3497 1974 3561 πίστις

395 3589 658 3660 ἀρχὴκαὶ
699 3587 990 3658 ὑπόϐαθρα
1052 3591 1150 3658 τῆς
1197 3589 1473 3658 σωτηρίας
1511 3588 1670 3660 ήμῶν
1717 3588 1973 3647 τιθέσθω,

395 3667 518 3734 ὅθεν
547 3681 641 3734 ἐπὶ
673 3681 764 3734 τὸν
809 3681 1013 3734 σκοπίδν
1045 3681 1136 3734 καὶ
1165 3679 1226 3732 τὸ
1269 3680 1423 3744 τέλος
1452 3679 1562 3734 τῶν
1603 3679 1976 3750 ἐλπιζομένων

397 3773 754 3844 ἐπειγόμεθα.
790 3773 946 3826 Ἐπεί
983 3772 1039 3826 δὲ
1077 3773 1322 3842 ἠπίστις
1359 3772 1418 3838 ἐξ
1452 3773 1644 3844 ἀκοῆς,
1687 3772 1976 3825 πιστεῦσαι

396 3867 477 3919 δεῖ
503 3865 721 3935 πρῶτον
749 3865 844 3919 τὸν
888 3865 1332 3936 προσερχόμενον
1381 3865 1466 3917 ὄτι
1525 3864 1644 3918 ἐστι
1679 3865 1846 3931 Θεὸς,
1880 3866 1976 3918 καὶ

397 3959 514 4021 τοῖς
542 3955 872 4026 ἐκζητοῦσιν
908 3957 1078 4010 αὐτὸν
1129 3955 1535 4024 μισθαποδότης
1572 3957 1788 4024 γίνεται
1824 3973 1838 3987 ο
1883 3974 1976 4008 πιο

399 4045 626 4100 στεῦσαι
657 4085 673 4110 ,
707 4045 767 4098 οὐ
809 4045 1218 4116 ζυγομαχῆσαι,
1253 4045 1390 4100 ἀλλὰ
1424 4045 1608 4099 πίστει
1665 4047 1976 4118 προσιέναι,

396 4137 489 4190 τὸν
515 4137 617 4207 τῆς
647 4135 965 4199 εὐπειθείας
1033 4137 1223 4208 μισθὸν
1276 4137 1734 4208 ἁπεκδεχόμενον.
1787 4139 1980 4202 Πίστις

397 4229 509 4300 γάρ
540 4231 690 4282 ἐστιν
715 4229 862 4298 ἁπλῆ
887 4228 1168 4298 λογισμῶν
1197 4229 1294 4282 καὶ
1327 4220 1664 4300 ἀπερίεργος
1695 4229 1978 4298 συγκατά-

399 4321 551 4386 θεσις
579 4335 596 4352 ⁶
627 4319 708 4374 διὸ
757 4319 940 4373 πίστει
973 4319 1247 4390 πρόσιμεν
1280 4322 1345 4392 τῇ
1397 4321 1604 4392 χάριτι,
1647 4323 1713 4392 τῇ
1768 4324 1834 4376 ὲκ
1880 4321 1980 4374 τοῦ

398 4413 546 4467 θείου
571 4410 894 4484 Πνεύματος
921 4413 1180 4484 ἐπιπνοίᾳ
1208 4415 1565 4486 ὲντικτομένῃ
1597 4417 1718 4478 ταῖς
1746 4414 1854 4466 τῶν
1887 4432 1982 4466 πι-

2080 3226 2288 3284 Etenim
2321 3226 2462 3279 sicut
2508 3223 2678 3278 Judaei
2727 3225 2942 3295 signum
2975 3231 3188 3295 petunt,
3216 3225 3288 3277 ita
3329 3221 3531 3278 ethnici
3563 3236 3654 3274 sa-

2078 3320 2334 3393 pientiam
2359 3328 2614 3388 quaaruut
2644 3315 2710 3372 ¹⁸.

2145 3504 2202 3561 2.
2240 3502 2407 3558 Nobis
2449 3516 2598 3567 vero,
2635 3501 2833 3572 quibus
2865 3499 3000 3556 fides
3043 3499 3097 3555 in
3129 3502 3337 3554 honore
3374 3507 3484 3564 est,
3527 3497 3658 3554 fides

2081 3599 2197 3667 ipsa
2226 3596 2442 3650 initium
2493 3611 2556 3650 ac
2593 3594 3007 3649 fundamentum
3059 3593 3253 3648 salutis
3295 3600 3493 3648 nostra:
3526 3608 3661 3645 con-

2079 3693 2368 3756 stituatur,
2429 3692 2573 3744 unde
2613 3689 2678 3742 ad
2719 3703 2939 3758 scopum
2991 3689 3262 3754 finemque
3317 3697 3658 3756 speratarum

2079 3798 2261 3837 rerum
2299 3781 2701 3836 contendimus.
2741 3779 3009 3845 Quoniam
3044 3785 3173 3832 vero
3207 3777 3340 3832 fides
3363 3793 3428 3831 ex
3462 3777 3649 3829 audiui

2079 3885 2185 3940 est,
2211 3873 2438 3928 credere
2475 3881 2691 3941 oportet
2721 3871 2899 3940 primo
2948 3871 3297 3926 accedentem
3330 3869 3470 3938 quod
3505 3870 3646 3922 Deus
3731 3879 3736 3884 ‘

2080 3963 2172 4026 sit,
2217 3971 2270 4017 et
2313 3962 2457 4031 quod
2515 3961 2916 4030 inquirentibus
2961 3975 3020 4015 se
3061 3967 3444 4012 rcmunerator
3489 3957 3656 4020 sit";

2081 4053 2596 4122 credere,inqnam,
2647 4061 2881 4120 oportet,
2937 4066 3040 4105 non
3092 4050 3374 4111 resistere.
3411 4050 3504 4102 sed
3535 4063 3660 4102 cum

2084 4147 2188 4201 fide
2205 4146 2488 4205 accedere.
2523 4154 2576 4197 et
2599 4143 2890 4198 docilitalis
2909 4141 3143 4202 fructum
3171 4142 3472 4210 percipere.
3500 4139 3660 4194 Fides

2083 4239 2226 4292 enim
2277 4245 2362 4292 est
2419 4236 2556 4290 liber
2599 4249 2626 4286 a
2682 4231 3198 4288 ratiocinationibus
3246 4241 3300 4285 et
3353 4231 3664 4285 incuriosus

2083 4342 2360 4382 assensus.
2393 4326 2515 4380 Ideo
2545 4324 2648 4379 fide
2677 4325 2743 4378 ad
2781 4323 3011 4392 gratiam
3039 4322 3374 4379 accedimus.
3412 4335 3532 4389 quae
3565 4321 3654 4373 di-

2085 4418 2210 4470 vino
2231 4415 2445 4469 amante
2465 4413 2671 4482 Spiritu
2705 4413 2758 4465 in
2789 4411 3076 4464 animabus
3102 4409 3336 4464 fideliqu
3369 4409 3608 4478 gignitur
3635 4427 3648 4462 :

400 4504 544 4560 στῶν
574 4503 799 4574 ψυχαῖς
851 4504 1030 4574 πάσης
1057 4505 1319 4564 ἀπιστίας
1365 4505 1660 4576 ἐλευθέραν
1701 4507 1800 4577 τὴν
1832 4505 1975 4574 γνὼ-

2088 4523 2207 4560 cum
2239 4505 2465 4558 liberam
2494 4500 2655 4556 omni
2691 4497 3070 4554 incredulitate
3121 4506 3356 4550 mentem
3393 4496 3659 4566 gerimus.

404 4613 512 4669 μην
548 4595 900 4667 κεκτημένοι,
953 4595 1050 4651 καὶ
1099 4597 1157 4650 ἐν
1214 4597 1480 4668 ἁπλότητι
1527 4597 1756 4668 καρδίας
1798 4597 1984 4662 ἁπλῶς

402 4688 496 4741 καὶ
527 4687 908 4752 ἀϐασανίστως
935 4687 1005 4742 τὰ
1036 4691 1103 4757 τῇ
1135 4686 1401 4760 καθολικῇ
1450 4687 1752 4758 Ἐκκλησία
1804 4705 1986 4760 παρα-

402 4778 667 4850 δεδομένα
703 4779 780 4843 ὡς
815 4782 881 4833 ἐκ
921 4780 1078 4844 θείας
1121 4781 1508 4850 ὲπιλάμποντα
1561 4780 1786 4850 χάριτος
1837 4780 1988 4852 δεχό-

408 4871 570 4943 μεθα,
617 4872 800 4943 πάσης
831 4872 930 4939 τῆς
960 4871 1018 4938 ἐξ
1041 4871 1377 4942 ἀμφιϐολίας
1425 4871 1642 4942 κηλῖδος
1674 4874 1770 4926 καὶ
1809 4872 1984 4944 ῥύπου

407 4963 829 5038 καθαρεύοντες.
868 4965 1103 5036 Νόσημα
1135 4967 1249 5037 γὰρ
1281 4964 1466 5036 ψυχῆς
1504 4965 1694 5018 κακῶν
1721 4965 1984 5020 κάκιστον

407 5057 658 5123 ἀπιστία,
699 5057 792 5111 καί
823 5057 1120 5122 ἀσυνεσίας
1149 5057 1292 5128 ἀρχὴ
1321 5058 1418 5110 καὶ
1443 5056 1728 5120 ἀπωλείας
1777 5057 1982 5128 παραί-

407 5166 542 5205 τιον.
589 5148 724 5203 Ἐὰν
755 5150 866 5220 γὰρ
904 5149 991 5222 μὴ
1027 5151 1395 5216 πιστεύσητε
1417 5193 1432 5217 ,
1485 5150 1674 5220 φησὶν,
1725 5149 1869 5204 οὐδὲ
1901 5151 1986 5220 μὴ

408 5236 659 5308 συνῆτε.
692 5239 768 5292 Ἤ
805 5255 864 5292 τε
900 5239 1010 5308 γὰρ
1061 5239 1320 5294 ἀπείθεια
1350 5240 1490 5312 πρὸς
1531 5239 1711 5294 ὁτιοῦν
1753 5241 1814 5292 οὐ
1851 5258 1987 5310 συγ-

483 5419 530 5454 ¹⁶
553 5417 576 5474 1
601 5419 742 5476 Tim.
775 5435 812 5485 ι,
840 5419 897 5474 ι.

975 5417 1015 5449 ¹⁷
1049 5417 1246 5474 Matth.
1286 5433 1396 5484 xw,
1420 5417 1473 5471 4.
1551 5417 1595 5449 ¹⁹
1623 5417 1641 5472 l
1673 5417 1804 5474 Cor.
1839 5433 1874 5486 ι,
1909 5418 2002 5472 22.

490 5575 570 5645 (5)
595 5574 817 5631 Graecus
865 5572 1156 5642 Nirephori
1177 5573 1346 5629 codex
1371 5586 1560 5638 reapse
1582 5573 1747 5645 habet
1790 5589 1895 5627 non
1917 5573 1988 5645 οἰ-

413 5644 650 5716 κοδομὴν
698 5648 780 5700 vel
837 5646 1174 5714 οἰκοδομίαν,
1225 5645 1317 5716 sed
1378 5644 1715 5712 οἰκονομίαν,
1777 5655 1834 5697 ut
1895 5644 1982 5698 alii

414 5713 570 5771 uutlt’i
604 5713 816 5772 codices
855 5713 1208 5783 nonnulliquc
1249 5713 1438 5767 Patres
1465 5723 1778 5782 veteresque
1807 5723 1984 5768 trans-

412 5787 680 5854 lationes;
713 5803 1020 5858 quanquam
1058 5796 1110 5844 et
1157 5787 1246 5841 illa
1278 5785 1425 5854 prior
1471 5785 1766 5853 permultos
1823 5783 1984 5838 habet

2081 4611 2138 4654 et
2177 4599 2231 4654 iu
2266 4595 2620 4666 simplicitate
2645 4593 2827 4646 cordis
2859 4591 3074 4646 sincere
3113 4605 3177 4645 ac
3214 4589 3331 4644 sine
3367 4587 3470 4640 ulla
3499 4585 3670 4653 inqui-

2085 4692 2281 4747 sitione
2329 4689 2558 4742 traditas
2588 4685 2873 4740 catholica:
2908 4683 3170 4739 Ecclesia:
3227 4680 3506 4736 doctrinas
3541 4687 3669 4730 tan.

2084 4799 2244 4854 quam
2297 4782 2477 4836 divina
2529 4778 2796 4847 fulgentes
2848 4777 3021 4847 gratia
3066 4775 3400 4844 suscipimus
3445 4785 3664 4828 onmem

2091 4875 2449 4930 dubitationis
2525 4886 2734 4926 merum
2809 4867 3191 4936 maculamque
3263 4864 3668 4933 abstergent‘es.

2092 4966 2310 5026 Morbus
2350 4965 2497 5020 enim
2544 4963 2796 5018 omnium
2831 4962 3102 5033 pessimus
3133 4958 3511 5020 incredulitas,
3542 4955 3675 5009 insi—

2093 5060 2310 5130 pientize
2349 5059 2585 5120 initium,
2616 5066 2670 5113 et
2709 5055 3034 5126 perditionis
3065 5067 3252 5108 causa.
3287 5050 3347 5106 Si
3380 5049 3525 5104 enim
3563 5063 3662 5101 ηονι

2093 5151 2444 5212 credideritis,
2477 5149 2651 5217 inquit
2689 5147 2974 5216 Scriptura
2991 5146 3058 5211 ",
3096 5160 3159 5198 ne
3193 5139 3498 5211 intelligetis
3543 5137 3665 5206 qui-

2094 5245 2239 5298 dem.
2267 5242 2480 5298 Etenim
2515 5241 2868 5298 incredulitas
2900 5237 3100 5294 nullam
3131 5235 3339 5306 patitur
3364 5247 3504 5288 rene
3539 5231 3674 5286 reli-

2081 5419 2124 5450 "
2164 5416 2330 5474 llebr.
2365 5433 2442 5487 ιι,
2475 5416 2528 5472 6.
2606 5417 2652 5449 ¹⁰
2680 5414 2788 5470 Isa.
2814 5428 2912 5482 ru,
2935 5413 2990 5469 9.

2094 5570 2504 5641 aStipulatores.
2560 5570 2696 5627 Vide
2780 5565 3254 5641 Roscntut'tiicrum
3337 5563 3403 5614 ad
3465 5561 3670 5641 dictum

2095 5632 2243 5700 f'auli
2306 5645 2521 5704 locum,
2579 5642 2670 5710 qui
2740 5641 2934 5696 merito
2994 5635 3278 5706 Vulgatam
3312 5643 3577 5698 nostram,
3621 5632 3678 5688 id

2093 5725 2176 5773 cst
2215 5715 2474 5787 priorem,
2505 5710 2746 5784 praefert.
