4050 6440
411 335 519 400 379

1437 339 1498 400 S.
1538 337 1958 400 NICEPHORI
1996 333 2504 396 PATRIARCIIJE
2542 335 2652 394 CP.

3587 341 3698 404 380

413 447 590 516 gionis
622 446 927 502 doctrinam
981 462 1115 518 pure
1157 450 1455 518 excipere:
1503 451 1773 506 dubitatio
1807 463 1986 506 autem

2108 449 2262 517 ίωρεῖ
2290 447 2552 518 καθαρῶς
2587 447 2680 500 τὸν
2713 446 2875 515 λόγον
2907 450 3006 519 τῆς
3046 448 3338 512 εὐσεϐείας
3367 453 3700 525 παραδέχε-

413 536 758 604 splendorem
783 539 1034 592 veritatis
1054 539 1377 604 obscuratis,
1401 555 1498 594 ceu
1524 533 1714 596 neb\tla
1738 541 1990 611 quaedam

411 626 511 680 soli
543 626 940 694 intercurrens,
978 644 1084 682 non
1102 629 1232 683 sinit
1257 645 1392 699 pure
1415 632 1746 686 intellectum
1777 647 1988 700 eorum,

411 715 500 783 qrti
537 724 718 785 egent,
757 715 1073 770 illuminari.
1109 715 1203 771 Est
1234 717 1398 788 igitur
1448 718 1814 787 exploratum,
1857 718 1992 772 nihil

410 820 532 862 esse
566 807 776 862 ﬁrrnius
813 824 876 861 ac
907 809 1074 863 tutius
1115 824 1281 878 quam
1315 809 1529 864 initium
1569 824 1598 862 a
1632 808 1738 866 ﬁde
1767 810 1990 865 ducere.

413 899 668 964 Quaerere
715 911 896 955 autem
935 901 1070 954 initii
1125 901 1364 965 initium,
1409 911 1466 956 et
1511 902 1994 959 demonstrationis

416 989 964 1054 demonstrationem,
1007 990 1137 1059 quid
1181 989 1324 1042 aliud
1355 999 1440 1044 est
1482 1004 1645 1060 quam
1678 990 1802 1046 ﬁdei
1830 991 1992 1047 ﬁdem

415 1081 701 1148 quaerere?
731 1095 838 1152 qua
869 1082 1087 1148 quidem
1117 1092 1173 1134 re
1199 1081 1332 1136 nihil
1366 1083 1612 1136 insanius
1638 1095 1718 1136 est
1753 1083 1998 1152 magisve

420 1171 733 1225 ridiculum.
775 1171 1058 1242 Nunquam
1095 1171 1241 1226 enim
1281 1173 1507 1227 habebit
1533 1173 1696 1228 homo
1731 1175 1820 1228 ubi
1861 1189 1996 1228 cort-

417 1263 578 1316 sistat
609 1278 878 1333 suumque
909 1264 1254 1318 ratiocinium
1290 1264 1512 1334 deligat,
1545 1266 1592 1319 si
1637 1270 1780 1335 quod
1808 1267 1998 1322 inven-

419 1363 532 1407 tnm
563 1365 668 1419 est,
708 1357 774 1410 ad
817 1355 977 1409 aliain
1029 1366 1260 1425 cogatur
1312 1357 1748 1426 inquisitionem.
1801 1358 1993 1428 Itaque

418 1457 602 1512 postea
635 1463 795 1516 quam
834 1456 1096 1515 quantum
1131 1448 1364 1517 quisque
1395 1448 1538 1502 volet
1569 1449 1906 1518 exquirendo
1938 1464 1999 1504 se

419 1539 713 1602 artriverit,
740 1539 804 1592 ad
832 1540 989 1593 ﬁdem
1015 1539 1231 1593 deruunt
1259 1555 1356 1594 ceu
1377 1543 1443 1593 ad
1473 1551 1644 1594 tttturn
1671 1541 1997 1610 principium

420 1627 716 1699 confugiet.
753 1627 1000 1700 Namque
1036 1631 1338 1686 incredulis
1371 1631 1428 1684 in
1465 1631 1735 1686 inﬁnitum
1769 1632 1996 1686 stultitia

422 1719 700 1789 procedet,
733 1728 787 1774 et
811 1735 1076 1790 nusquam
1111 1721 1434 1787 consistent,
1475 1721 1572 1776 sed
1598 1721 1650 1774 in
1688 1721 1998 1788 semetipsis

2097 539 2221 592 σθαι
2250 553 2264 568 ⁸
2295 537 2332 609 ἦ
2359 555 2418 591 τε
2448 537 2752 608 ἀμφιϐολία
2771 537 2872 608 τὴν
2895 537 3092 610 αίγλην
3119 540 3221 609 τῆς
3255 541 3530 613 ἀληθείας
3559 545 3700 598 ἀπι-

2095 630 2417 695 σκιάζουσα,
2460 629 2718 701 καθάπερ
2744 647 2798 682 τι
2832 629 2995 698 νέφος
3033 631 3337 703 ὑποτρέχον
3379 633 3480 688 τὸν
3509 635 3698 706 ἣλιον.

2093 721 2194 774 οὐκ
2224 721 2446 789 ἐφίησιν
2505 719 2824 790 εἰλικρινῶς
2857 721 2960 790 τὴν
3007 723 3226 776 σύνεσιν
3279 723 3390 779 τῶν
3458 723 3700 780 δεόντων

2095 812 2454 880 αὐγάζεσθαι.
2505 812 2676 882 Δῆλον
2714 807 2810 866 οῦν
2840 812 2916 876 ὡς
2965 813 3122 866 οὐδὲν
3163 815 3263 884 τῆς
3309 814 3400 870 διὰ
3448 817 3704 882 πίστεως

2093 901 2272 971 ἀρχῆς
2323 900 2670 972 βεὸαιότερον
2711 901 2746 972 ἢ
2800 902 3232 972 ἀσφαλέστερον.
3283 904 3356 957 Τὸ
3403 904 3468 958 δὲ
3509 903 3702 978 ζητεῖν

2096 992 2274 1061 ἀρχῆς
2298 989 2494 1062 ἀρχὴν,
2526 991 2623 1044 καὶ
2661 991 2940 1055 ἀπόδειξιν
2986 993 3350 1058 ἀποδείξεως,
3400 993 3458 1047 τί
3507 994 3704 1065 ἕτερόν

2098 1078 2318 1149 ἐστινὴ
2377 1079 2559 1131 πίστιν
2602 1078 2890 1148 ἐπιζητεῖν
2941 1079 3220 1147 πίστεωςς
3271 1079 3476 1134 τούτου
3531 1081 3594 1134 δὲ
3649 1080 3702 1134 τί

2097 1167 2458 1237 ἀνοητότερον
2493 1167 3090 1240 ἢκαταγελαστότερον
3119 1187 3134 1236 ;
3166 1170 3240 1223 Οὐ
3275 1169 3385 1241 γάρ
3415 1169 3538 1236 ἕξει
3569 1171 3699 1227 ποτε

2097 1251 2159 1312 οῦ
2219 1260 2475 1330 στήσεται
2533 1259 2630 1313 καὶ
2678 1261 2968 1330 ἀπερείσει
3001 1261 3094 1313 τὸν
3141 1261 3436 1332 λογισμὸν,
3479 1261 3576 1316 ἀεὶ
3605 1261 3700 1316 τοῦ

2099 1348 2568 1422 ὲφευρισκομένου
2619 1351 2706 1419 ἐφ’
2743 1351 2940 1422 ἑτέραν
2989 1351 3223 1423 ζήτησιν
3273 1354 3655 1424 ἐπειγομένου
3684 1371 3698 1386 ο

2098 1439 2240 1494 ὥστε
2298 1441 2398 1494 ὅσα
2460 1440 2526 1494 ἂν
2570 1442 2742 1512 κάμοι
2792 1459 2879 1506 τις
2906 1443 3112 1515 ζητῶν,
3139 1445 3234 1497 ἐπὶ
3262 1445 3364 1516 τὴν
3405 1445 3705 1510 πίπινώς

2099 1531 2180 1592 εἰς
2211 1528 2387 1600 ἀρχὴν
2421 1529 2642 1601 ἀσφαλῆ
2669 1533 3095 1601 καταφεύξεται.
3142 1535 3270 1597 Τοῖς
3291 1534 3403 1606 γάρ
3435 1535 3703 1600 ἀπίστοις

2103 1622 2182 1683 είς
2213 1621 2522 1690 ἀπέραντον
2557 1622 2676 1694 ἥξει
2726 1624 2789 1677 τδ
2827 1625 3083 1694 μάταιον,
3135 1627 3234 1680 καὶ
3268 1627 3520 1699 οὐδαμοῦ
3575 1631 3704 1701 στή-

2103 1729 2309 1778 σονται,
2345 1713 2461 1767 ἀλλ’
2513 1716 2594 1778 εἰς
2630 1716 2859 1780 ἑαυτοὺς
2925 1717 3384 1788 συντριϐήσονται
3437 1720 3542 1774 καὶ
3595 1721 3702 1774 ἀπ-

421 1819 776 1864 conterentur
795 1822 958 1881 atque
989 1813 1242 1881 peribunt
1263 1823 1484 1884 propter
1518 1827 1672 1867 suanr
1706 1811 1993 1866 inﬁdelita-

2108 1804 2516 1874 ολοῦνται,διά
2565 1809 2666 1879 τὴν
2726 1810 2988 1864 ἀπιστίαν
3043 1811 3226 1866 αὐτῶν
3297 1812 3396 1868 καὶ
3457 1813 3706 1886 σκληρο-

423 1910 530 1954 tem
572 1909 627 1954 et
666 1903 860 1955 durum
894 1919 988 1957 cor
1017 1902 1118 1974 (6).

491 1991 548 2048 3.
596 1990 863 2064 Deinceps
900 1992 1013 2062 jam
1079 1995 1311 2052 dicimus
1369 1995 1626 2066 pingendi
1677 1995 1881 2051 Christi
1937 2011 2001 2052 ac

423 2079 685 2148 ﬁgurandi
747 2099 954 2139 morem
1025 2085 1170 2141 haud
1221 2102 1250 2140 a
1288 2087 1445 2143 nobis
1503 2087 1718 2142 initium
1767 2089 2000 2158 cepisse,

425 2189 602 2242 neque
643 2185 804 2230 aetate
841 2185 1022 2230 nostra
1071 2187 1407 2247 susceptum,
1446 2194 1622 2248 neque
1659 2181 2000 2234 neotericum

397 2280 545 2320 -esse
575 2267 873 2322 inventum.
902 2265 1186 2338 Temporis
1219 2271 1608 2326 auctoritatem
1640 2271 1804 2326 habet
1830 2273 2004 2341 pictu-

429 2371 506 2418 ra,
543 2357 868 2427 antiquitate
898 2363 1335 2426 commendatur,
1376 2365 1703 2434 evangelica:
1728 2366 2000 2436 praedica-

430 2449 563 2504 tioni
597 2462 872 2506 co:etanca
897 2465 1022 2524 est;
1065 2454 1268 2509 idcirco
1317 2458 1644 2513 venerabilis
1675 2469 1756 2514 est
1783 2474 1846 2514 ac
1879 2460 2003 2514 reli-

423 2540 598 2607 giosa.
626 2545 803 2612 Atque
851 2555 910 2598 ut
951 2548 1165 2601 brevius
1217 2549 1734 2619 asseverantiusque
1775 2550 1954 2606 dicam
1987 2569 2001 2606 :

428 2635 554 2702 quia
587 2634 828 2706 syrnbola
879 2637 1000 2692 ﬁdei
1037 2648 1238 2693 nostra:
1267 2651 1396 2693 sunt
1427 2641 1508 2694 ha:
1539 2641 1784 2696 visibiles
1816 2643 2008 2714 imagi-

429 2738 550 2788 nes,
605 2741 789 2794 eaeque
830 2743 937 2782 rtrra
972 2744 1092 2782 cum
1146 2729 1248 2784 ﬁde
1293 2729 1408 2797 jam
1443 2731 1566 2787 inde
1605 2747 1634 2786 ε
1693 2734 2008 2802 primordiis

427 2827 701 2882 COrtslant,
754 2818 1025 2888 simulque
1051 2831 1347 2875 creverunt
1375 2838 1390 2888 ;
1418 2823 1666 2891 sequitur
1702 2835 1759 2878 ut
1789 2835 2007 2894 aposto-

425 2905 588 2960 licunt
615 2906 724 2979 37
775 2901 877 2966 hoc
915 2927 1051 2979 Opus
1109 2912 1202 2975 sit,
1239 2923 1293 2967 et
1327 2913 1549 2969 Patrum
1599 2916 1773 2986 sigillo
1807 2917 2007 2972 contir-

427 3009 656 3054 tnaturn.
691 2999 846 3056 Sicut
891 3004 1034 3056 enim
1071 3003 1144 3058 illi
1175 3003 1416 3060 divinam
1449 3007 1762 3076 religionem
1802 2997 2008 3079 scripto

427 3093 588 3146 nobis
619 3093 954 3159 obtulerunt,
987 3097 1060 3148 ita
1106 3096 1344 3150 vicissim
1383 3113 1409 3150 a
1443 3099 1656 3167 pictura
1677 3100 1868 3156 modus
1902 3117 2009 3170 quo

428 3179 688 3238 Servatur
719 3185 773 3238 in
809 3195 954 3239 terra
975 3197 1332 3241 conversatus
1353 3199 1460 3254 est,
1493 3204 1598 3242 non
1631 3189 1810 3243 minus
1843 3205 2008 3260 quam

424 3279 497 3332 ab
527 3279 836 3347 evangelica
875 3277 1188 3350 Scriptura,
1219 3282 1550 3350 conspicuus
1579 3265 2012 3353 manifestusque

427 3371 509 3427 ﬁt.
539 3375 582 3426 A
615 3375 810 3441 quibus
845 3375 985 3430 idem
1023 3387 1204 3430 actum
1252 3387 1357 3440 est,
1391 3377 1535 3445 quod
1585 3377 1737 3430 rnulti
1781 3387 2010 3447 egerunt

425 3466 633 3530 quires
669 3467 799 3520 olim
862 3469 1126 3536 prmclare
1179 3480 1358 3538 gestas
1409 3469 1844 3538 descripserunt,
1895 3485 2004 3525 non

427 3559 583 3616 libris
611 3560 785 3615 solum
821 3549 1294 3627 contrrter'tdantes,
1331 3578 1517 3616 verum
1563 3563 1730 3618 etiam
1765 3563 1818 3617 in
1857 3563 2010 3618 tabu-

429 3654 494 3708 lis
550 3663 902 3722 cxrronentcs.
959 3654 1276 3725 llnjrrsmodi
1318 3655 1537 3710 ell‘atum
1603 3658 1874 3726 quoddam
1943 3657 2012 3712 ab

429 3761 534 3800 uno
558 3747 722 3800 etiam
759 3747 1137 3818 magistrorum
1185 3745 1460 3804 Ecclesia:
1520 3750 1808 3813 audimus,
1863 3749 2008 3819 quod

431 3856 451 3889 ι
484 3853 676 3906 nempe
700 3854 787 3893 res
811 3838 936 3893 belli
968 3839 1182 3894 fortiter
1212 3851 1414 3911 gestas,
1443 3851 1496 3896 et
1519 3842 1761 3896 historici
1793 3857 1934 3910 saepe
1955 3851 2011 3896 et

418 3925 667 3994 pictores
699 3937 1114 3996 repraesentant,
1147 3930 1221 3984 illi
1276 3932 1495 4000 quidem
1551 3932 1802 3986 oratione
1845 3947 2010 3987 exor-

417 4027 642 4082 nantes,
677 4017 728 4070 bi
765 4033 890 4074 vero
921 4020 974 4074 irt
1017 4021 1216 4076 tabulis
1263 4022 1652 4092 cXprirnentes.
1691 4041 1710 4076 ι
1737 4022 2011 4089 Quamob-

419 4122 544 4160 Jern
575 4107 668 4175 qui
723 4109 989 4178 scriptum
1024 4111 1284 4175 admittit,
1343 4112 1390 4167 is
1463 4114 1776 4168 necessario
1811 4129 2010 4185 reprre-

425 4200 795 4259 eeotationcrn
833 4218 1051 4274 quoque
1097 4206 1389 4260 admittet:
1453 4223 1575 4260 nam
1626 4207 1672 4261 si
1704 4223 1866 4260 unum
1899 4222 2008 4262 non

431 4291 647 4360 recipit,
680 4308 745 4346 ne
777 4293 1008 4348 alterum
1051 4292 1442 4366 quidemIJam
1477 4298 1602 4366 quia
1629 4297 1892 4369 quidquid
1923 4307 2010 4353 est

394 4395 638 4466 ‘acturn,
669 4385 932 4440 exinaniri
965 4383 1128 4442 Verbi
1161 4388 1268 4442 vita
1300 4400 1452 4458 gesta
1476 4388 1598 4451 fuit,
1621 4389 1931 4460 placuitque
1959 4389 2010 4445 ei

2108 1897 2358 1969 καρδίαν.
3707 1957 3714 1964 .

2178 1996 2248 2058 γ’.
2288 1987 2453 2060 Ἑξῆς
2487 1991 2543 2045 δὲ
2571 1991 2745 2046 ταῦτα
2775 1991 3031 2064 λέγομεν.
3073 1994 3155 2048 ὅτι
3188 1994 3252 2048 τδ
3291 1996 3537 2065 γράφειν
3584 1997 3704 2067 ἤτοι

2108 2085 2394 2150 εἰκονίζειν
2417 2085 2510 2138 τὸν
2543 2085 2805 2156 Χριστὸν,
2831 2088 2932 2138 οὐκ
2949 2085 3016 2150 ἐξ
3041 2085 3198 2156 ἡμῶν
3215 2087 3314 2158 τὴν
3336 2089 3522 2160 ἀρχὴν
3551 2089 3703 2160 εἴλη-

2109 2194 2233 2246 φεν,
2261 2177 2384 2230 οὐδὲ
2411 2178 2466 2229 ὲν
2495 2179 2561 2247 τῇ
2588 2177 2711 2229 καθ’
2736 2179 2884 2248 ἡμᾶς
2902 2173 3107 2248 ἦρκται
3125 2182 3312 2251 γενεᾷ,
3339 2165 3470 2234 οὐδὲ
3502 2182 3704 2252 νεαρὸν

2109 2267 2170 2320 τὸ
2194 2266 2514 2338 ἐφεύρημα·
2551 2267 2729 2338 χρόνῳ
2757 2268 3052 2340 τετίμηται
3075 2271 3108 2341 ἡ
3131 2270 3340 2340 γραφὴ,
3367 2272 3704 2344 ἀρχαιότητι

2111 2359 2426 2430 διαπρέπει,
2445 2359 2731 2428 ἡλικιῶτις
2756 2362 2872 2413 ἐστι
2895 2360 2996 2414 τοῦ
3021 2361 3386 2430 εὐαγγελικοῦ
3405 2363 3706 2434 κηρύγμα-

2110 2469 2202 2516 τος
2227 2468 2241 2482 ’
2272 2452 2352 2506 διὸ
2384 2453 2478 2506 καὶ
2508 2453 2791 2522 αἰδέσιμος
2827 2454 2922 2507 καὶ
2951 2453 3250 2521 σεϐασμία.
3293 2457 3406 2508 Καὶ
3433 2455 3527 2510 ἴνα
3575 2472 3705 2510 συν-

2111 2542 2423 2612 τομώτερον
2471 2541 2567 2594 καὶ
2631 2541 2982 2613 βεϐαιότερον
3035 2543 3195 2608 εἴπω,
3227 2545 3420 2615 ἐπειδὴ
3453 2545 3706 2615 σύμῦολα

2110 2633 2211 2702 τῆς
2245 2632 2482 2696 πίστεως
2540 2633 2698 2703 ἡμῶν
2739 2633 2837 2703 τῆς
2889 2635 3195 2706 ἀμωμήτου
3250 2637 3320 2690 τά
3370 2637 3498 2706 ἰερά
3527 2635 3706 2691 ταῦτα

2115 2722 2388 2792 θεάματα,
2411 2721 2582 2776 πάλαι
2610 2725 2676 2794 τῇ
2704 2722 2884 2775 πίστει
2913 2725 3006 2777 καὶ
3033 2725 3092 2791 ἐξ
3121 2725 3298 2796 ἀρχῆς
3320 2725 3706 2798 συνυφέστηκε

2113 2816 2207 2870 καὶ
2239 2817 2593 2884 συνήκμασεν
2623 2831 2634 2846 ·
2687 2815 3010 2870 ἀποστόλων
3072 2817 3193 2871 έστί
3245 2819 3307 2871 τὸ
3359 2819 3703 2890 ἐγχείρημα,

2116 2907 2377 2976 Πατέρων
2415 2907 2477 2960 τὸ
2522 2906 2968 2978 ὲπισφράγισμα.
3007 2907 3094 2972 Ὠς
3123 2912 3232 2981 γὰρ
3269 2909 3428 2962 αὐτοὶ
3480 2911 3576 2964 τὸν
3603 2909 3704 2979 τῆς

2115 2999 2428 3061 θεοσεϐείας
2455 3001 2594 3070 ἡμῖν
2623 3001 2991 3072 εἰσηγήσαντο
3011 3001 3191 3070 λόγον,
3209 3001 3354 3055 οὕτω
3387 3002 3489 3056 καί.
3541 3004 3602 3056 ὲν
3629 3000 3706 3073 τῷ

2120 3093 2278 3162 μέρει
2307 3091 2502 3162 τούτῳ,
2537 3094 2630 3146 τὸν
2670 3094 2876 3162 τρόπον
2907 3094 3031 3148 καθ’
3064 3094 3124 3148 ὃν
3168 3096 3196 3148 ό
3233 3095 3428 3168 Σωτὴρ
3467 3097 3564 3149 ἐπὶ
3606 3103 3706 3173 τῆς

2112 3185 2219 3255 γῆς
2269 3185 2588 3255 ἁνεστράφη
2649 3185 3094 3256 πολιτευόμενος,
3137 3187 3280 3241 καθά
3338 3190 3436 3241 καὶ
3483 3189 3576 3242 διὰ
3605 3189 3705 3258 τῆς

2112 3275 2478 3347 εὐαγγελικῆς
2509 3279 2841 3348 συγγραφῆς
2868 3281 3087 3350 ἐμφανῆ
3115 3281 3209 3334 καὶ
3244 3279 3380 3350 δῆλα
3435 3281 3706 3334 καθίστα-

2110 3383 2222 3431 ται,
2258 3368 2454 3420 ταυτὺν
2477 3367 2618 3438 τάχα
2648 3370 2956 3438 ποιοῦντες,
2985 3372 3126 3442 ὅπερ
3149 3373 3338 3426 πολλοὶ
3381 3375 3500 3426 τῶν
3533 3373 3704 3428 πάλαι

2110 3453 2210 3517 τάς
2245 3455 2528 3526 ἀριστείας
2585 3459 2974 3529 ἀναγράπτους
3007 3463 3364 3533 ἐποιήσαντο,
3415 3465 3482 3518 οὐ
3538 3465 3702 3535 μόνον

2112 3547 2172 3599 ὲν
2202 3547 2412 3617 βίϐλοις
2452 3549 2883 3620 ἀναταξάμενοι,
2917 3552 3020 3622 ἤδη
3054 3551 3111 3604 δὲ
3145 3553 3238 3606 καὶ
3269 3556 3326 3608 ὲν
3354 3555 3584 3621 πίναξιν
3609 3557 3702 3610 ἀν-

2114 3638 2526 3709 ιστορήσαντες.
2553 3634 2678 3693 Οἶόν
2706 3657 2758 3693 τι
2783 3641 2878 3694 καὶ
2909 3643 3063 3713 παρά
3089 3660 3196 3698 τινι
3229 3645 3338 3699 τῶν
3359 3645 3703 3701 διδασκάλων

2109 3733 2210 3801 τῆς
2255 3733 2583 3803 Ἐκκλησίας
2613 3734 2888 3805 ἀκούομεν
2911 3777 2926 3801 ,
2962 3738 3046 3790 ὅτι
3083 3756 3102 3790 ι
3167 3739 3262 3793 καὶ
3314 3741 3578 3813 πολέμων
3610 3743 3702 3796 ἀν-

2111 3821 2360 3894 δραγαθή
2371 3841 2518 3894 ματα
2543 3826 2638 3878 καὶ
2671 3825 3007 3898 λογογράφοι
3041 3829 3308 3894 πολλάκις
3331 3831 3430 3884 καὶ
3472 3833 3694 3904 ζωγρά-

2113 3931 2204 3983 φοι
2231 3913 2708 3985 διασημαίνουσιν,
2737 3919 2786 3972 οἰ
2821 3919 2920 3989 μὲν
2945 3919 3024 3990 τῷ
3058 3920 3204 3990 λόγῳ
3251 3924 3614 3993 κοσμοῦντες,
3646 3923 3694 3976 oi

2110 4004 2168 4058 δὲ
2195 4007 2308 4070 τοῖς
2357 4005 2571 4070 πίναξιν
2603 4009 3060 4080 ἐγχαράττοντες.
3093 4029 3112 4061 ι
3149 4011 3315 4065 ’Ὠστε
3349 4013 3377 4064 ὁ
3415 4013 3517 4085 τὴν
3567 4030 3694 4081 συγ-

2112 4098 2330 4172 γραφὴν
2361 4100 2673 4171 δεχόμενος,
2705 4103 3024 4171 ἀναγκαίως
3054 4103 3270 4168 δέξεται
3295 4107 3392 4158 καὶ
3419 4107 3522 4177 τὴν
3554 4109 3697 4161 ἱστο-

2115 4191 2266 4260 ρίαν·
2299 4193 2350 4244 εἰ
2373 4192 2484 4263 γὰρ
2518 4191 2580 4245 τὸ
2607 4193 2794 4263 ἕτερον
2827 4195 2890 4248 οὐ
2917 4194 3154 4261 δέξεται,
3187 4196 3310 4251 οὐδὲ
3347 4197 3584 4270 θάτερον
3619 4196 3712 4268 δή·

2113 4299 2238 4336 που.
2301 4283 2412 4336 Καὶ
2463 4285 2658 4355 ἐπειδὴ
2692 4285 2753 4338 τὸ
2780 4287 2888 4340 πᾶν
2927 4289 3025 4358 τῆς
3059 4286 3156 4340 τοῦ
3189 4287 3366 4356 Λόγου
3411 4283 3699 4350 κενώσεως

2111 4376 2399 4446 οἰκονομία
2415 4371 2483 4447 ἧν
2519 4376 2622 4448 ἤδη
2649 4379 3044 4448 πραττόμενον,
3075 4380 3342 4452 εὐδόκησε
3385 4382 3492 4435 κάν
3515 4381 3698 4450 τούτῳ

425 4475 532 4535 hoc
563 4493 778 4551 qupqrre
839 4481 998 4535 modo
1037 4481 1274 4536 divinam
1333 4483 1694 4538 oeconomiam
1747 4483 2003 4540 benevole

2111 4469 2176 4538 δὴ
2212 4467 2291 4539 τῷ
2321 4469 2512 4538 τρόπῳ
2543 4469 2943 4541 φιλανθρώπως
2971 4471 3039 4524 τὰ
3066 4470 3168 4540 τῆς
3200 4471 3523 4542 οἰκονομίας
3570 4474 3692 4524 ἑπι-

426 4570 810 4627 dernonstrare
831 4588 846 4638 ;
865 4571 1068 4628 idcirco
1093 4574 1193 4629 hoc
1211 4575 1374 4629 etiam
1399 4575 1786 4644 descriptionis
1810 4590 2008 4645 genere

425 4681 569 4734 Opus
600 4666 722 4732 fuit,
747 4667 1018 4722 crassiore
1037 4669 1252 4738 quidem
1282 4669 1375 4722 sed
1396 4678 1575 4722 tamen
1601 4667 2000 4736 manilestiore,

433 4757 832 4826 simpliciorunt
883 4758 1274 4828 rudiorumque
1304 4758 1587 4812 hominum
1630 4773 1834 4826 causa;
1869 4771 1931 4815 ttt
1970 4760 2006 4816 ii

435 4849 598 4902 etiam
634 4849 724 4916 qui
755 4847 968 4904 litteras
997 4851 1294 4916 nesci-rent,
1335 4851 1475 4920 quod
1505 4864 1600 4920 per
1646 4849 2008 4914 litteraturam

431 4953 543 4994 non
577 4945 850 5008 poterant,
879 4939 930 4993 id
957 4939 1095 4994 visui
1125 4940 1367 4995 oblatum
1403 4941 1733 5010 reciperent,
1775 4949 1829 4995 et
1853 4957 2007 4997 corn-

433 5031 776 5101 pendiariam
821 5033 995 5101 magis
1029 5041 1194 5102 atque
1220 5033 1613 5088 evidentiorem
1646 5049 1826 5088 rerum
1855 5034 2004 5090 noti-

437 5125 566 5178 tiam
599 5124 905 5182 haurirent.
959 5125 1115 5195 Quod
1148 5126 1292 5182 enirn
1340 5141 1720 5195 saepenumero
1770 5141 1926 5182 mens
1979 5142 2007 5181 a

437 5227 753 5270 sermonum
825 5216 1017 5272 auditu
1071 5232 1179 5272 non
1232 5217 1486 5288 percipit,
1560 5217 1710 5272 visus
1757 5217 2010 5273 veracius

437 5305 737 5373 excipiens,
767 5307 968 5364 clarius
1007 5307 1111 5364 sibi
1153 5308 1569 5378 interpretatur.
1619 5305 1711 5363 Sic
1742 5309 2008 5378 ejusmodi

438 5394 688 5452 homines
725 5395 944 5452 facilius
988 5397 1345 5453 recordantur
1368 5413 1430 5454 ea
1459 5413 1581 5468 quae
1614 5396 1868 5454 Christus
1897 5399 2012 5470 egit

513 5547 587 5617 (6)
605 5547 793 5621 AVides
819 5550 1099 5620 pulchram
1128 5551 1377 5621 genuina:
1403 5550 1840 5606 Christianorum
1873 5549 1992 5604 ﬁdei

441 5617 883 5690 descriptionem,
912 5623 1114 5675 nostris
1132 5617 1360 5690 'quoqne
1396 5621 1727 5690 temporibus
1769 5623 2003 5676 niaxime

444 5685 714 5763 idoneam.
749 5689 985 5760 Legatur
1019 5685 1200 5763 autem
1232 5685 1584 5763 divi'quoq-ue
1629 5689 1816 5763 Cyrilli
1869 5693 2004 5763 insi-

442 5758 566 5825 gnis
598 5759 698 5814 hac
745 5758 906 5831 sup—cr
948 5776 1007 5817 re
1029 5761 1203 5829 locus,
1241 5758 1404 5820 nobis
1447 5758 1514 5818 ab
1543 5758 2000 5834 ipso'Nicephoro

2109 4561 2425 4626 δείξκσθαι·
2463 4562 2544 4616 διὸ
2588 4562 2683 4616 καὶ
2741 4561 2931 4633 ἐδέησε
2966 4562 3170 4634 ταύτης
3226 4563 3328 4632 τῆς
3381 4565 3696 4636 παχυτέρας

2111 4655 2354 4726 γραφῆς,
2385 4655 2730 4725 σαφεστέρας
2757 4654 2814 4707 δὲ
2852 4655 3028 4726 ὅμως,
3059 4656 3172 4708 τῶν
3207 4655 3598 4730 ἁπλουστέρων
3635 4671 3694 4708 τε

2115 4750 2209 4803 καὶ
2257 4747 2666 4818 ἀγροικοτέρων
2722 4747 2910 4802 ἕνεκεν
2941 4763 2956 4778 ⁸
3005 4747 3094 4802 ἵνα
3149 4750 3243 4802 καὶ
3276 4750 3324 4802 οἱ
3366 4749 3440 4820 μὴ
3492 4749 3694 4811 εἰδότες

2114 4843 2444 4914 γράμματα,
2477 4843 2615 4912 ὅπερ
2643 4843 2730 4895 διὰ
2762 4843 2855 4896 τοῦ
2885 4843 3044 4912 λόγου
3071 4845 3577 4916 καθυστερίξονται,
3606 4841 3694 4898 διὰ

2105 4935 2205 5003 τῆς
2237 4931 2415 5002 ὅψεως
2467 4935 2926 5006 άντεισαγόμενον
2979 4934 3210 5002 ἕλοιντο,
3269 4936 3690 5008 συντομωτέραν
3738 4989 3744 4993 .

2105 5027 2310 5079 τεκαὶ
2371 5025 2737 5098 ἐκδηλοτέραν
2777 5027 2878 5098 τὴν
2935 5027 3045 5080 τῶν
3104 5029 3453 5100 πραγμάτων
3509 5026 3689 5083 αὐτῶν

2105 5117 2367 5190 ἀλήθειαν
2427 5118 2786 5172 κατανοῶσιν.
2822 5118 3002 5190 ’Ὅπερ
3033 5119 3143 5191 γὰρ
3177 5121 3439 5186 πολλάκις
3487 5123 3516 5174 ό
3565 5117 3689 5180 νοῦς

2106 5211 2206 5282 οὐχ
2228 5199 2340 5264 εἷλε
2367 5211 2458 5265 διὰ
2483 5211 2585 5282 τῆς
2610 5212 2720 5266 τῶν
2767 5211 2946 5278 λόγων
2975 5212 3170 5282 ἀκοῆς,
3212 5213 3244 5282 ἡ
3283 5212 3406 5283 ὄψις
3439 5210 3686 5270 ἀπλανῶς

2115 5304 2532 5375 παραλαϐοῦσα,
2568 5305 2906 5378 σαφέστερον
2953 5305 3398 5376 ὲφηρμήνευσεν.
3432 5305 3526 5370 Ei;
3556 5301 3686 5357 ἀνά-

2119 5414 2315 5470 μνησιν
2345 5395 2530 5450 λοιπὸν
2560 5389 2634 5450 ὧν
2667 5396 2732 5451 δι’
2760 5398 2908 5468 ἡμᾶς
2931 5399 2960 5450 ὁ
2993 5397 3228 5470 Χριστὸς
3267 5397 3462 5469 έδρασὲ
3487 5413 3547 5450 τε
3595 5391 3684 5446 καὶ

2103 5548 2477 5618 suppeditatns
2519 5547 2572 5601 in
2610 5547 2966 5617 Apologetico
2997 5547 3224 5616 majore,
3274 5562 3395 5618 pag.
3423 5545 3525 5618 Gr.
3555 5543 3672 5605 I37,

2109 5617 2269 5688 quem
2299 5634 2399 5672 nos
2430 5621 2702 5686 prepriant
2740 5634 2958 5688 quoque
2983 5621 3033 5672 in
3069 5619 3250 5672 sedem
3277 5617 3677 5688 transtulimus,

2111 5687 2304 5760 nempe
2328 5688 2380 5741 in
2409 5687 2848 5760 explanationem
2879 5687 3073 5760 Cyrilli
3103 5689 3156 5743 in
3196 5689 3365 5756 Epist.
3412 5692 3479 5744 ad
3526 5687 3678 5744 llum.

2109 5757 2387 5832 pag.’Lat.
2417 5757 2506 5836 2:1,
2548 5773 2669 5814 curn
2705 5763 2886 5815 aJnot.
