4050 6484
321 422 429 490 383

1287 405 1295 414 ’
1347 423 1410 486 s.
1453 423 1878 517 NICEPHonI
1917 424 2430 487 PATRIARCH/E
2466 426 2573 487 CP.

3497 417 3610 483 384

327 533 572 601 ιιυιιιιιιιηι
607 539 660 587 et
691 529 1080 602 ambiguitates
1113 531 1418 601 pariuntur,
1453 532 1762 603 diversique
1783 549 1909 588 sen-

2045 533 2112 602 ἦς
2140 533 2404 606 τοιαύτης
2467 533 2708 604 ἱστορίας
2747 531 3016 602 γίνεσθαι.
3069 529 3332 593 Πολλάκις
3361 528 3478 598 γαρ
3519 528 3608 582 διὰ

323 623 491 678 susin
521 622 717 678 animis
745 622 883 677 eﬂici
906 622 1083 676 solent
1117 641 1129 676 :
1167 637 1272 692 quo
1299 619 1356 676 [it
1382 632 1438 674 ut
1464 621 1617 678 multi
1637 631 1691 676 et
1720 637 1902 676 secum

322 714 424 780 ipsi
444 721 499 768 et
521 713 786 768 adversus
809 713 944 768 alios
965 714 1311 779 dissentiant,
1334 713 1621 782 verbisque
1639 722 1902 782 pugnent,

323 803 394 858 de
432 804 594 860 dictis
643 805 982 875 ambigentes
1015 818 1030 858 :
1067 815 1446 860 verumtamen
1474 818 1559 866 ea,
1618 819 1783 874 quam
1821 819 1908 859 res

325 893 568 948 visibiles
597 893 827 961 faciunt,
859 895 992 949 tides
1027 895 1212 964 procul
1244 895 1390 950 omni
1421 895 1761 951 dubitatione
1797 905 1904 952 est.

328 985 500 1040 Tanta
521 1000 648 1041 vero
661 996 742 1041 est
761 991 1040 1056 utriusque
1057 987 1388 1054 communio,
1415 988 1474 1041 u‘t
1491 988 1542 1041 in
1567 1003 1674 1042 uno
1692 989 1914 1042 eodem-

328 1077 613 1144 quelibro,
654 1078 956 1146 sicutsmpe
981 1079 1032 1132 in
1059 1079 1452 1148 antiquissimis
1475 1080 1680 1136 chartis
1725 1079 1911 1134 videre

329 1177 434 1232 est,
465 1166 767 1221 alternatim
787 1183 874 1222 res
899 1168 1220 1234 deliueetur,
1243 1169 1374 1223 hine
1395 1169 1610 1238 quidem
1637 1184 1733 1240 per
1750 1169 1918 1241 sylla-

331 1258 504 1311 hicam
528 1259 850 1324 orationem,
878 1259 1024 1314 illiue
1051 1275 1298 1330 veroper
1331 1261 1495 1315 hasce
1524 1260 1790 1330 imagines
1815 1276 1912 1315 ea—

330 1347 451 1400 dem
486 1347 726 1402 narratio
771 1349 1112 1414 exhibeatur,
1147 1365 1267 1420 quae
1297 1349 1457 1405 ﬁebat
1491 1351 1707 1405 litteris.
1746 1349 1902 1404 Sicut

335 1452 463 1505 ergo
480 1437 754 1509 EVangelii
771 1441 1039 1508 scriptura
1059 1439 1184 1496 inde
1197 1442 1558 1512 ohtiuetapud
1577 1442 1918 1498 Christianos

342 1528 526 1597 Iidem,
565 1533 695 1600 quin
754 1533 862 1587 alia
910 1534 1180 1603 scriptura
1233 1545 1327 1590 aut
1361 1537 1612 1591 oratione
1649 1536 1913 1605 indigeat,

330 1640 452 1694 qua:
480 1624 547 1679 de
583 1639 645 1679 ea
685 1633 918 1680 testetur
939 1626 1223 1696 eidemque
1241 1627 1638 1696 patrocinatur,
1667 1638 1725 1681 ut
1758 1643 1918 1682 vent:-

333 1719 502 1772 rztttda
531 1727 586 1772 et
612 1719 952 1775 honorabilis
983 1722 1282 1788 habeatur;
1310 1721 1392 1776 sic
1421 1721 1584 1777 etiam
1609 1721 1914 1775 divinarum

335 1808 629 1878 imaginum
689 1809 1002 1878 delineatio,
1055 1827 1176 1865 eum
1231 1812 1298 1866 sit
1337 1813 1528 1867 eadem
1564 1821 1728 1882 atque
1750 1827 1920 1867 evan-

2009 623 2125 676 τῶν-
2149 616 2324 694 λόγων
2363 625 2460 678 καὶ
2502 625 2731 696 ἀπορίαι
2769 625 2913 687 τινὲς
2968 623 3066 677 καὶ
3093 621 3612 692 διαμφιὰῦητήσεις

2011 714 2310 781 τίκτονται,
2343 716 2438 770 καὶ
2465 717 2794 788 φρονήματα
2841 714 3078 786 διάφορα
3110 715 3230 777 ταῖς
3256 713 3489 782 ψυχαῖς,
3529 710 3612 772 ὡς

2012 805 2072 857 τδ
2103 805 2275 872 εἰκὸς,
2317 806 2543 875 φύονται
2591 823 2605 837 ο
2643 806 2830 860 πολλοὶ
2885 804 3015 874 γοῦν
3060 804 3168 857 καὶ-
3188 801 3324 872 πρὸς
3373 801 3610 864 ἑαυτοὺς

2014 897 2108 951 καὶ
2137 897 2273 968 πρὸς
2303 898 2525 976 ἐτέρους
2555 897 3009 961 διαστασιάζουσι
3063 895 3158 950 καὶ
3203 889 3610 962 λογομαχοῦσι,

2015 989 2145 1056 περὶ
2177 988 2289 1042 τῶν
2343 988 2658 1060 λεγομένων
2687 987 3120 1058 ἀμφιγνοοῦντες
3140 1001 3154 1016 ο
3186 987 3219 1054 ἡ
3264 983 3321 1036 δὲ
3352 982 3450 1036 διά
3503 980 3614 1033 τῶν

2017 1080 2234 1149 ὁρατῶν
2262 1081 2552 1146 πίστωσις,
2589 1079 2998 1151 ἀναμφίλεκτον
3027 1076 3368 1147 πανταχόθεν
3407 1071 3612 1142 κέκτη-

2015 1186 2131 1224 ται.
2175 1169 2300 1224 Ἐπὶ
2332 1170 2588 1224 τοσοῦτον
2621 1171 2676 1224 δὲ
2704 1173 2762 1224 ὲν
2799 1169 3131 1241 ἀμφοτέροις
3157 1169 3191 1238 ἡ
3221 1161 3510 1223 κοινωνία,
3541 1160 3613 1224 ὡς

2017 1263 2075 1314 ὲν
2106 1263 2207 1333 μιᾷ
2241 1263 2334 1316 καὶ
2371 1265 2437 1333 τῇ
2471 1263 2611 1334 αὐτῇ
2660 1261 2853 1332 βίϐλῳ,
2909 1261 3056 1315 καθά
3112 1255 3390 1328 πολλαχοῦ
3419 1259 3480 1308 ἐν
3519 1253 3613 1322 ἀρ-

2018 1355 2336 1424 χαιοτάταις
2371 1354 2498 1407 ίδετν
2545 1355 2660 1408 ἔστι
2690 1354 2931 1418 δέλτοις,
2980 1352 3133 1424 παρά
3185 1351 3352 1421 μέρος
3407 1344 3621 1416 γεγρά-

2021 1445 2176 1514 φθαι,
2203 1443 2453 1498 ἐντεῦθεν
2487 1447 2586 1517 μὲν
2634 1445 2726 1498 τὸν
2767 1445 2856 1498 διὰ
2913 1443 3024 1497 τῶν
3079 1440 3371 1496 συλλαϐῶν
3410 1438 3616 1506 λόγον,

2020 1535 2274 1590 ἐντεῦθεν
2307 1537 2366 1591 δὲ
2410 1536 2502 1590 τὸν
2531 1537 2621 1592 δια
2659 1537 2756 1608 τῆς
2802 1535 3049 1608 ἱστορίας
3085 1534 3318 1604 ταύτης,
3367 1529 3473 1584 καὶ
3515 1529 3620 1598 τὴν

2021 1627 2193 1698 αὐτὴν
2249 1627 2664 1698 προδείκνυσθαι
2704 1629 2984 1700 ὑφήγησιν
3039 1630 3105 1698 τῇ
3139 1629 3198 1680 ὲν
3254 1624 3618 1694 γράμμασιν.

2037 1719 2124 1784 Ὡς
2153 1715 2249 1774 οὖν
2275 1721 2368 1774 τοῦ
2410 1721 2746 1790 Εὐαγγελίου
2787 1723 2822 1792 ἡ
2869 1719 3163 1792 συγγραφὴ
3231 1714 3470 1771 αὐτόθεν
3508 1713 3623 1783 ἔχει

2026 1811 2178 1882 παρὰ
2228 1814 2577 1884 Χριστιανοῖς
2610 1814 2670 1866 τὸ
2727 1813 3062 1878 ἀξιόπιστον,
3125 1811 3186 1864 οὐ
3226 1806 3616 1880 προσδεομένη

334 1899 502 1968 geliea
528 1901 776 1970 scriptio,
806 1918 901 1973 per
930 1917 990 1957 se
1017 1901 1174 1956 ﬁdem
1209 1901 1360 1966 facit,
1387 1917 1566 1972 neque
1586 1902 1900 1956 extrinseco

2040 1901 2209 1973 τέρας
2264 1904 2592 1974 συγγραφῆς
2634 1903 2668 1974 ἢ
2717 1903 2876 1972 λόγου
2939 1903 3034 1956 τοῦ
3075 1894 3618 1971 συνηγορήσοντοςῆ

336 2003 658 2062 argumento
705 2004 847 2064 eget,
900 2005 956 2049 ut
1007 1995 1282 2062 Evangelii
1315 2009 1402 2050 res
1450 2003 1823 2064 repraesentet,
1865 2003 1921 2049 et

335 2082 582 2137 eumdem
613 2099 677 2139 ac
703 2084 832 2138 illud
866 2086 1127 2140 honorem
1160 2088 1433 2154 impetret.
1465 2085 1618 2152 Quod
1638 2085 1682 2140 si
1711 2083 1923 2140 extrin-

336 2188 518 2227 secunt
551 2175 923 2232 testimonium
962 2179 1144 2246 imago
1169 2177 1493 2246 requireret,
1519 2175 1794 2246 quomodo
1825 2176 1924 2230 ali—

339 2273 422 2318 ter
481 2267 528 2320 ei
599 2268 934 2335 patrocinari
981 2285 1286 2339 possemus,
1348 2285 1510 2340 quant
1558 2270 1802 2323 invocata
1857 2270 1925 2322 ab

347 2357 658 2426 rvattgelico
695 2361 902 2428 scripto
934 2361 1388 2416 conﬁrmatione?
1429 2360 1484 2415 Si
1513 2375 1644 2429 ergo
1677 2361 1925 2428 Evange-

343 2445 474 2500 Iiuttt
523 2448 865 2504 credentium
917 2452 1144 2506 auribus
1196 2466 1486 2512 assonans,
1535 2459 1818 2519 tantopere
1846 2458 1930 2504 est

347 2540 662 2594 Itonorabile
695 2540 846 2610 (nam
875 2541 1008 2596 fides
1031 2552 1218 2597 nostra
1247 2556 1312 2596 ex
1344 2541 1556 2611 auditu)
1583 2540 1790 2610 pictura
1811 2556 1932 2608 qua:

346 2630 446 2708 ipsi
480 2631 614 2685 visui
640 2633 1002 2701 sensibusque
1033 2632 1306 2698 incidens,
1335 2633 1583 2686 eamdem
1617 2632 1934 2686 instructio-

349 2736 471 2774 ncm
499 2723 654 2776 nobis
678 2723 919 2786 exhibet,
963 2725 1097 2790 Itzec,
1128 2723 1375 2794 inquam,
1413 2723 1494 2778 vel
1534 2733 1820 2794 praevertet
1841 2740 1932 2779 ce-

349 2812 564 2868 Inritate
613 2814 1053 2881 instructionem,
1107 2817 1366 2884 quoniam
1416 2818 1566 2872 visus
1618 2817 1799 2886 aptior
1851 2827 1934 2871 est

351 2907 726 2973 persuadendo
795 2923 958 2976 quam
1007 2909 1247 2974 auditus,
1285 2907 1368 2964 vel
1425 2919 1575 2964 certe
1631 2910 1931 2965 secundum

349 2999 576 3065 gradum
624 3016 730 3054 non
774 3001 998 3057 tenebit.
1049 3003 1228 3072 Atque
1277 3001 1350 3056 ita
1410 3001 1686 3074 Evangelii
1757 3001 1931 3058 instar

349 3091 455 3142 erit
488 3089 586 3161 (8).
1387 3097 1396 3108 '

2027 1997 2642 2066 προσμαρτυρήσαντος,
2666 1995 2800 2065 πρὸς
2831 1995 2892 2046 τὸ
2921 1991 3063 2047 εἶναι
3090 1994 3264 2062 αὐτὴν
3301 1987 3617 2057 σεϐασμίαν

2027 2087 2124 2140 καὶ
2153 2087 2364 2152 ἔνδοξον
2391 2103 2404 2116 ·
2445 2085 2590 2140 οὕτω
2638 2087 2732 2140 καὶ
2767 2087 2800 2158 ἡ
2837 2087 2945 2140 τῶν
2976 2085 3139 2138 θείων
3176 2080 3623 2150 ἀπεικασμάτων

2027 2179 2238 2250 γραφὴ.
2271 2181 2304 2248 ἡ
2341 2179 2482 2250 αὐτὴ
2508 2181 2572 2250 τῇ
2611 2179 2944 2249 εὐαγγελικῇ
2995 2177 3370 2246 τυγχάνουσα,
3400 2169 3622 2224 οἴκοθεν

2027 2273 2088 2325 τὸ
2116 2271 2310 2325 πιστὸν
2367 2273 2674 2338 ἐπάγεται,
2717 2271 2814 2324 καὶ
2865 2269 2964 2322 οὐκ
3009 2269 3076 2322 ἂν
3115 2265 3341 2336 δεηθείη
3384 2262 3487 2329 τῆς
3519 2258 3628 2310 τῶν

2030 2362 2230 2431 ἔξωθεν
2259 2363 2615 2428 ἀποδείξεως,
2647 2361 2893 2434 σημᾶναί
2919 2377 2980 2414 τε
3011 2359 3080 2414 τὰ
3110 2358 3205 2412 τοῦ
3251 2353 3626 2424 Εὐαγγεὶίου,

2031 2457 2127 2510 κοιλ⁹
2153 2457 2252 2527 τὴν
2285 2455 2458 2524 αὐτὴν
2489 2455 2687 2522 ἐκείνῳ
2715 2454 2882 2523 τιμὴν
2911 2449 3355 2522 ἀπενέγκασθαι.
3399 2447 3464 2500 Ei
3498 2443 3628 2512 γοῦν

2031 2550 2202 2604 ἐδεῖτο
2233 2548 2543 2619 μαρτυρίας
2589 2547 2691 2616 τῆς
2733 2546 2844 2600 τῶν
2905 2545 3085 2610 ἐκτὸς,
3143 2543 3198 2596 τί
3259 2540 3330 2595 ἂν
3393 2537 3524 2592 ἄλλο
3549 2552 3628 2595 τις

2036 2639 2500 2712 -προεστήσατο,ἢ
2545 2640 2765 2702 πάντως
2817 2638 2908 2692 τὸν
2944 2637 3040 2692 τοῦ
3099 2631 3445 2703 Εὑαγγελίου
3473 2629 3634 2696 λόγον

2035 2731 2365 2803 βεϐαιοῦντα
2392 2732 2690 2804 εἰσήγαγεν
2721 2749 2734 2798 ;
2763 2732 2824 2785 Εἰ
2848 2731 3031 2792 τοίνυν
3059 2728 3120 2783 τὸ
3153 2724 3497 2795 Εὑαγγέλιον
3515 2723 3629 2784 ταῖς

2031 2824 2226 2886 ἀκοαῖς
2253 2823 2363 2876 τῶν
2393 2822 2605 2876 πιστῶν
2637 2821 3028 2892 ἐνηχούμενον,
3056 2817 3320 2873 τοσούτου
3366 2813 3632 2885 τιμᾶσθαι

2031 2915 2181 2980 ἄξιον
2214 2913 2464 2984 (καὶγὰρ
2493 2915 2527 2985 ἡ
2555 2914 2740 2978 πίστις
2777 2913 2935 2984 ἡμῶν
2970 2912 3030 2979 ἐξ
3053 2911 3273 2982 ἀκοῆς),
3308 2907 3385 2961 τά
3434 2907 3500 2976 τῇ
3535 2903 3632 2972 θέᾳ

2033 3007 2174 3077 αύτῇ
2203 3005 2646 3078 προσπίπτοντα,
2675 3006 2770 3058 καὶ
2792 3005 2860 3057 δι’
2890 3004 3060 3074 αὐτῆς
3079 3003 3180 3073 τῆς
3202 2999 3542 3070 αἰσθήσεως,
3572 2991 3632 3045 τδ
3700 3014 3708 3023 ’

2037 3098 2234 3152 ταυτὸν
2261 3099 2361 3168 τῆς
2389 3096 2742 3160 διδασκαλίας
2781 3097 2916 3166 ἡμῖν
2945 3092 3322 3164 παριστῶντα,
3361 3089 3395 3160 ἢ
3426 3100 3630 3158 παρευ-

348 3185 634 3256 δοκιμήσει
674 3188 773 3256 τῆς
809 3185 1161 3249 διδασκαλίας
1189 3183 1267 3256 τῷ
1297 3183 1474 3256 τάχει,
1499 3184 1635 3240 διότι
1681 3188 1776 3240 καὶ
1803 3187 1924 3259 ὄψις
1963 3189 2136 3260 ἀκοῆς
2169 3189 2372 3260 μᾶλλον
2435 3189 2498 3242 τὸ
2563 3187 2856 3256 ἐπαγωγὸν
2885 3185 3022 3258 πρὸς
3043 3183 3312 3238 πίστωσιν
3347 3181 3634 3248 κέκτηται,

349 3279 385 3350 ἢ
419 3275 636 3342 πάντως
663 3279 766 3331 οὐκ
823 3279 880 3331 ἐν
911 3277 1186 3349 δευτέροις
1225 3278 1531 3342 τετάξεται.
1583 3279 1694 3333 Καὶ.
1741 3279 1915 3344 οὕτως
1955 3281 2111 3336 ἔσται
2149 3281 2509 3350 Εὖαγγέλιον.

427 3371 482 3426 6.
515 3371 762 3426 Asterius
797 3381 998 3434 autem,
1029 3385 1262 3441 namque
1291 3385 1346 3426 et
1380 3373 1468 3426 hic
1499 3371 1692 3440 dignus
1713 3381 1795 3428 est
1844 3373 1934 3442 qui

2114 3381 2189 3440 ς’.
2231 3373 2511 3444 Ἀστέριος
2535 3373 2594 3426 δὲ
2617 3373 2866 3444 (μνήμης
2891 3369 3001 3442 γὰρ
3029 3369 3122 3424 καὶ
3147 3365 3342 3421 τοῦτον
3365 3365 3547 3430 ἀξιοῦν
3565 3367 3628 3419 τὰ

357 3479 500 3518 nunc.
524 3471 1000 3526 commentaretur,
1028 3463 1144 3517 sive
1165 3461 1210 3518 is
1227 3472 1308 3516 est
1327 3479 1486 3533 quem
1511 3464 1597 3518 isti
1621 3465 1938 3532 magistrum

356 3555 641 3614 inducunt,
671 3552 785 3606 sive
809 3551 948 3606 alius
974 3552 1202 3622 quilibet
1229 3553 1338 3625 (9);
1371 3557 1642 3634 Asterius,
1692 3556 1937 3626 inquaut,

357 3645 715 3700 nihilominus
796 3645 850 3698 itt
929 3645 1362 3704 haemorrhoissm
1443 3648 1754 3702 laudatione
1803 3647 1940 3720 (tu),

359 3737 600 3792 studium
647 3736 1094 3806 voluntatemque
1129 3739 1400 3804 mulieris,
1449 3755 1612 3808 quam
1673 3741 1944 3795 credendo

363 3829 418 3880 in
460 3825 860 3882 bettel‘actorem
907 3843 1066 3882 suum
1110 3829 1369 3893 ostendit,
1407 3844 1740 3900 magnopere
1769 3829 1945 3884 admi-

367 3935 514 3985 rans,
536 3919 613 3972 ait
661 3920 1011 3973 constitutam
1037 3919 1106 3974 ab
1133 3919 1248 3990 ipsa
1281 3936 1486 3976 amcam
1520 3922 1720 3976 Christi
1758 3921 1948 3992 imagi-

367 4026 512 4074 nem,
552 4011 879 4080 evangelica:
911 4011 1280 4080 prredicatioui
1323 4027 1481 4082 opem
1517 4013 1746 4077 tulisse;
1784 4014 1855 4067 ita
1891 4020 1950 4070 ut

369 4103 509 4156 hanc
563 4101 854 4158 irridentes
887 4101 1056 4156 Judmi
1097 4103 1258 4157 simul
1300 4115 1354 4158 et
1403 4104 1608 4157 ethnici
1661 4105 1949 4159 convince-

374 4205 560 4247 rentur
587 4203 766 4246 tanten
821 4193 884 4248 aé
932 4194 1292 4262 pttdet‘terenl,
1327 4195 1452 4264 quia
1487 4211 1670 4250 veram
1703 4211 1826 4250 esse
1857 4197 1953 4250 do-

370 4287 603 4341 ctrinam
647 4284 788 4340 illam
820 4285 1163 4341 manifestius
1189 4288 1430 4356 patebat.
1455 4286 1630 4353 Quam
1657 4285 1952 4342 convictio-

369 4393 492 4434 nem
523 4393 628 4431 non
659 4376 893 4433 ferentes
913 4378 1060 4446 impii
1093 4378 1311 4448 quidam
1345 4393 1406 4434 ac
1423 4377 1518 4434 Dei
1535 4378 1741 4446 hostes,
1770 4393 1951 4432 rerum

369 4469 602 4524 subinde
635 4483 848 4523 summa
895 4469 1075 4537 potiti,
1127 4467 1368 4523 divinam
1425 4478 1688 4532 statuam,
1725 4467 1802 4522 ita
1842 4467 1955 4523 Deo

375 4569 502 4613 tunc
557 4560 927 4629 permittente,
967 4558 1209 4625 dejicere
1242 4558 1411 4612 moliti
1443 4567 1572 4612 sunt
1607 4557 1719 4629 (II)
1753 4575 1766 4612 :
1806 4558 1951 4629 quod

372 4667 504 4706 sane
551 4652 753 4706 nostris
777 4665 994 4720 quoque
1027 4651 1365 4720 temporibus
1395 4649 1466 4705 ob
1514 4659 1736 4720 peccata
1768 4663 1953 4705 nostra

372 4750 744 4814 perpetratum
777 4743 1043 4795 videmus.
1067 4739 1202 4794 Cum
1237 4741 1290 4794 itt
1316 4741 1584 4810 utrisque,
1618 4751 1730 4796 tum
1765 4741 1952 4810 pietu-

376 4849 434 4887 ra
463 4833 670 4887 scilicet
701 4841 812 4888 tum
840 4831 1136 4901 scriptura,
1169 4847 1338 4885 ttnttm
1385 4833 1638 4900 idemque
1661 4846 1954 4900 argumen-

375 4933 487 4978 tum
519 4923 769 4988 exsistat,
805 4937 1001 4994 resque
1037 4925 1106 4993 ab
1144 4924 1250 4979 illis
1293 4925 1614 4994 signiﬁcata:
1651 4937 1747 4992 per
1773 4924 1957 4979 omnia

372 5017 488 5091 89
515 5018 722 5075 similes
751 5020 882 5085 sint,
913 5019 1037 5090 quis
1068 5034 1200 5074 sana
1239 5029 1419 5075 mente
1447 5021 1705 5088 przeditus
1740 5026 1833 5072 aut
1865 5033 1954 5073 so-

453 5158 530 5228 (8)
567 5155 774 5228 Nempe
803 5159 868 5212 ad
901 5155 1418 5212 demonstrationem
1449 5157 1590 5228 quod
1617 5155 1835 5222 attinet,
1857 5170 1960 5210 non

383 5231 446 5280 ad
464 5227 875 5284 auctoritatem.
916 5229 1114 5283 Recole
1155 5244 1208 5297 p.
1239 5229 1329 5292 51,
1369 5231 1492 5282 adn.
1528 5227 1618 5282 26.

454 5301 530 5370 (9)
557 5298 753 5354 Recole
779 5316 833 5370 p.
868 5299 960 5364 80,
987 5315 1118 5370 cum
1137 5294 1322 5353 adnot.
1343 5298 1436 5354 9t.
1460 5298 1704 5370 Na_utque
1747 5302 1803 5348 et
1841 5294 1948 5370 illic

387 5365 1008 5425 duo'distiucti'Asterii
1041 5369 1478 5425 subindicantnr.
1525 5367 1634 5422 Sed
1681 5376 1860 5418 tamen
1893 5365 1960 5419 de

393 5441 476 5492 l:ts
507 5439 768 5510 prolixius
802 5440 905 5494 dici
943 5456 973 5493 a
1000 5440 1156 5494 nobis
1184 5449 1398 5494 nonest
1425 5454 1584 5507 Opus,
1617 5435 1960 5510 quandoqui-

392 5505 703 5564 deut'exstat
719 5509 894 5564 Photii
914 5511 1369 5578 Amphitochiana
1387 5505 1750 5578 qttiestioqut)!
1765 5505 1965 5574 fuerint

391 5581 779 5656 Asterijkapud
805 5576 1214 5656 Ceutbetisimn,
1243 5591 1376 5635 tom.
1409 5576 1505 5633 eit.
1533 5593 1588 5648 p.
1621 5576 1749 5630 280.
1879 5644 1889 5656 α
1928 5643 1939 5656 ⁸

465 5649 581 5721 (ιο)
604 5649 922 5721 Quindecim
956 5651 1068 5704 fere
1093 5653 1186 5721 qui
1229 5659 1541 5721 sequuntur
1559 5661 1774 5721 versus,
1821 5649 1968 5721 misit

394 5715 602 5773 cx'nts.
633 5717 941 5789 Nicephoro
967 5715 1196 5783 AIIatius
1219 5721 1282 5773 ad
1307 5715 1836 5789 Contbeﬁsiunt,_qui
1855 5717 1968 5769 edi-

393 5789 466 5842 dit
499 5797 629 5843 tont.
665 5787 840 5857 cit.‘p.
873 5790 998 5843 277.
1029 5790 1232 5846 Ibidem
1260 5789 1422 5859 igitur
1443 5787 1808 5859 Combeﬁsins
1841 5800 1965 5855 gra-

397 5861 598 5916 tulatur
656 5859 722 5916 de
792 5859 1080 5931 NiCepItori
1151 5858 1312 5933 Opere
1367 5871 1622 5933 tanquam
1705 5858 1960 5914 thesauro

2043 3464 2138 3518 νῦν
2159 3463 2368 3518 δίκαιον
2391 3461 2514 3535 [1⁸]).
2548 3463 2658 3517 εἴτε
2689 3463 2746 3516 ὃν
2776 3463 2933 3516 αὐτοὶ
2961 3460 3283 3514 διδάσκαλον
3311 3459 3628 3524 ἐπάγονται,

2043 3557 2076 3626 ἢ
2129 3553 2378 3609 ὁστισοῦν
2432 3553 2642 3625 ἕτερος,
2693 3551 2973 3622 Ἀστέριος
3033 3549 3076 3603 δ’
3108 3545 3203 3603 οὖν
3253 3549 3431 3618 ὅμως,
3471 3549 3528 3600 ὲν
3558 3545 3630 3615 τῷ

2046 3649 2126 3710 εἰς
2152 3645 2250 3716 τὴν
2306 3643 2610 3716 αἱμόῤῥουν
2664 3643 2955 3713 ἐγκωμίῳ,
3003 3641 3104 3713 τήν
3154 3657 3216 3693 τε
3258 3639 3504 3710 σπουδὴν
3539 3637 3630 3690 καὶ

2047 3738 2372 3810 προαίρεσιν
2400 3737 2492 3790 τοῦ
2519 3737 2772 3805 γυναίου,
2805 3737 2874 3807 ἢν
2903 3735 3036 3804 περὶ
3065 3734 3167 3804 τὴν
3199 3733 3392 3786 πίστιν
3423 3733 3523 3803 τὴν
3551 3731 3628 3792 εἰς

2048 3830 2142 3884 τὸν
2207 3829 2515 3901 εὐεργέτην
2548 3827 2896 3892 ἐπεδείξατο,
2955 3825 3386 3898 ὑπεραγάμενὸς
3443 3839 3624 3893 φησιν,

2048 3923 2130 3976 ὅτι
2153 3938 2217 3990 γε
2244 3921 2308 3991 δὴ
2334 3924 2362 3974 ό
2391 3921 2526 3992 παρ’
2548 3921 2722 3991 αὐτῆς
2751 3922 2833 3982 είς
2866 3919 3040 3972 τύπον
3085 3919 3180 3971 τοῦ
3213 3916 3456 3988 Χριστοῦ
3501 3915 3625 3985 χαλ-

2052 4012 2386 4085 κουργηθεὶς
2424 4011 2670 4082 ἀνδριὰς,
2731 4013 2814 4074 είς
2863 4009 3200 4080 συνηγορίαν
3244 4009 3341 4062 τοῦ
3401 4009 3624 4074 εὐαγγεο

2052 4105 2207 4159 λικοῢ
2241 4103 2606 4176 κηρύγματος
2648 4103 2907 4172 ἕστηκεν,
2939 4101 3083 4155 ὥστε
3117 4102 3248 4164 τοὺς
3275 4101 3434 4154 τοῦτο
3477 4113 3624 4165 κωμ-

2054 4197 2333 4268 ῳδοῦντας
2373 4197 2467 4250 καὶ
2505 4195 3026 4265 καταχλευάζοντας
3091 4193 3384 4252 Ἰουδαίους
3435 4209 3494 4243 τε
3541 4189 3628 4240 καὶ

2057 4289 2348 4360 Ἕλληνας,
2372 4287 2438 4340 δι’
2463 4286 2632 4340 αὐτοῦ
2651 4281 2868 4356 ἀληθῶς
2890 4283 2998 4338 τῶν
3025 4281 3460 4354 κηρυσσομένων
3478 4279 3624 4347 ἐκδη-

2055 4382 2278 4452 λότερον
2331 4382 2771 4448 ἐκφαινομένων,
2820 4377 3089 4449 ἡττᾶσθαι
3121 4377 3220 4429 καὶ
3274 4371 3623 4442 καταισχύνε-

2058 4473 2202 4527 σθαι.
2237 4466 2314 4526 Ob
2334 4473 2427 4524 τὸν
2443 4471 2666 4542 ἔλεγχον
2697 4471 2758 4524 ού
2795 4470 3076 4542 φέροντες,
3107 4469 3216 4521 τῶν
3242 4467 3387 4522 κατὰ
3410 4463 3623 4535 καιροὺς

2058 4563 2412 4638 κρατούντων
2460 4562 2680 4617 ἀσεϐῶν
2707 4580 2769 4615 τε
2813 4565 2909 4618 καὶ
2948 4563 3240 4634 θεομάχων
3291 4560 3456 4625 τινὲς,
3501 4555 3623 4626 πρὸς

2071 4655 2400 4726 καθαίρεσιν
2431 4655 2536 4718 τοῦ,
2557 4653 2705 4707 θείου
2763 4655 3103 4724 ἀγάλματος,
3145 4653 3292 4706 οὕτω
3343 4647 3623 4723 τηνικαῦτα

2062 4747 2200 4802 Θεοῦ
2245 4749 2729 4818 συγχωρήσαντος,
2769 4746 3140 4818 ἐπεχείρησαν
3165 4761 3180 4776 ⁶
3234 4749 3371 4816 ὅπερ
3423 4743 3484 4812 δὴ
3524 4739 3623 4792 καὶ

2069 4837 2155 4906 ἐφ’
2181 4835 2341 4908 ἡμῶν
2366 4837 2454 4890 διὰ
2481 4837 2580 4901 τὰς
2611 4837 2890 4908 ἁμαρτίας
2907 4836 3064 4907 ἡμῶν
3087 4835 3306 4908 ὁρῶμεν
3333 4834 3620 4902 γινόμενον.

2083 4925 2202 4978 Ἐπ’
2235 4911 2440 4996 ἀμφοῖν
2465 4923 2560 4981 οὖν
2586 4927 2694 4980 τῶν
2747 4925 2978 4998 γραφῶν
3011 4929 3141 4998 μιᾶς
3187 4928 3280 4980 καὶ
3321 4925 3418 4994 τῆς
3469 4919 3622 4986 αὐτῆς

2071 5019 2425 5091 ὑπαρχούσης
2458 5020 2795 5085 ὑποθέσεως,
2828 5026 2923 5076 καὶ
2947 5021 3056 5074 τῶν
3094 5021 3191 5076 ἀπ’
3227 5019 3409 5074 αὐτῶν
3439 5029 3619 5086 σημαι-

2070 5154 2250 5208 adhuc
2285 5157 2544 5223 reposito,
2573 5155 2670 5210 sed
2707 5166 2884 5210 tamen
2934 5157 3176 5211 invento.

2144 5223 2256 5295 (tt)
2293 5220 2441 5278 lianc
2475 5227 2680 5295 Christi
2716 5227 2924 5280 Domini
2953 5235 3210 5290 statuam,
3241 5226 3308 5279 de
3337 5239 3434 5294 qua
3461 5220 3616 5295 [inse-

2069 5290 2212 5362 bius,
2236 5290 2387 5348 'llist.
2416 5296 2544 5351 eccl.
2565 5294 2680 5359 VII,
2706 5296 2793 5364 18,
2815 5297 2904 5350 alii
2929 5312 3177 5352 eversam
3218 5290 3382 5350 tuisse
3413 5312 3438 5346 a
3464 5290 3612 5343 Matti-

2069 5367 2218 5420 mino
2243 5367 2417 5425 aiunt.
2450 5368 2538 5420 alii
2569 5382 2597 5418 a
2625 5366 2868 5421 Juliano.

2137 5434 2213 5506 (ὑ)
2268 5436 2631 5492 Contbctisiu's
2685 5438 2774 5505 qui
2833 5440 2996 5492 breve
3051 5438 3178 5494 hinc
3215 5441 3524 5506 excerptum,
3557 5436 3608 5506 ex

2069 5491 2276 5579 ιδιὼιῖσ
2307 5491 2628 5579 ειιιιιβιιιιιι,
2657 5491 2844 5579 edidit,
2893 5509 2944 5561 in
2978 5491 3172 5579 iAuct;
3209 5507 3349 5562 Bibl.
3376 5491 3488 5579 Τί)...
3513 5491 3608 5579 ιι..)

2067 5592 2121 5644 p.
2169 5575 2299 5640 255,
2345 5565 2494 5646 ponit
2531 5595 2544 5630 :
2587 5565 2896 5642 Ἃξιοῦντάι
2957 5578 3047 5632 τὸν
3091 5579 3338 5633 δίκαιον·
3398 5565 3606 5626 ridicule.

2066 5656 2257 5700 tontra
2312 5654 2489 5700 textus
2541 5648 2730 5717 scripti
2775 5649 3092 5715 veritatem;
3155 5647 3386 5704 absurde
3428 5647 3603 5717 autem,

2067 5727 2260 5770 contra
2303 5729 2538 5788 mentem
2582 5715 2843 5780 auctoris,
2885 5719 2975 5788 qui
3020 5720 3315 5784 Asterium,
3349 5715 3596 5771 nedum}!!-

2068 5796 2234 5856 stum,
2273 5789 2368 5844 sed
2409 5787 2584 5843 dubiae
2611 5789 2732 5844 ﬁdei
2775 5787 3068 5844 existimat.
