4050 6416
435 386 543 448 385

1151 390 1779 455 ANTIRRHETICUS
1815 390 1910 454 III
1948 395 2122 459 ADV.
2162 396 2761 465 CONSTANTINUM
2802 405 3015 465 COPR.

3610 411 3720 476 388

434 494 682 564 νομένων
712 495 1057 570 πραγμάτων
1112 499 1457 571 ἑκατέρωθεν
1493 503 1554 556 τὸ
1591 505 2022 574 ἀπαράλλακτον

2134 508 2304 575 brius,
2367 511 2421 565 in
2480 512 2683 581 quibus
2723 513 2861 569 nihil
2928 515 3264 573 discriminis
3325 530 3432 588 est,
3494 524 3718 595 dignum

434 588 819 658 κεκτημένων,
853 590 939 654 τίς
962 590 1072 644 τῶν
1100 592 1229 646 νοῦν
1258 594 1497 665 ἑχόντων
1544 598 1640 650 καὶ
1677 600 2030 669 σωφρονούν-

430 698 570 743 των,
605 682 665 733 ὲν
696 677 776 746 οἷς
808 682 869 737 τὸ
918 684 1214 756 ἀδιάψορον
1246 688 1571 760 ἐνυπάρχει,
1616 690 1677 743 τὸ
1718 691 1819 760 μὲν
1859 710 2031 763 προσ-

435 772 721 827 κυνεῖσθαι
780 773 857 827 ἂν
916 774 1152 848 ἀξιώσῃ,
1198 778 1259 836 τὸ
1289 778 1347 832 δὲ
1398 781 2023 852 καταπίμπρασθαι;Ἐ1

435 864 545 935 γὰρ
572 866 634 918 τὸ
663 864 852 935 ἕτερον
904 867 1110 936 τίμιον,
1146 870 1242 921 καὶ
1270 868 1503 940 θάτερον
1552 870 1612 935 ἐξ
1649 872 1899 941 ἀνάγκης
1924 888 1939 904 ’
1980 875 2031 926 εί

431 955 491 1008 δὲ
518 957 580 1010 οὐ
616 957 798 1021 τοῦτο,
850 958 973 1011 οὐδὲ
1014 960 1198 1014 ἐκεῖνο
1241 961 1464 1032 τίμιον⁶
1531 964 1635 1037 καὶ,
1678 965 1871 1037 ἐπειδὴ
1904 967 2029 1019 κατ’

430 1047 590 1100 οὐδὲν
617 1047 991 1120 διαφέρουσιν,
1024 1051 1053 1103 ό
1105 1050 1168 1105 τὸ
1216 1050 1409 1123 ἕτερον
1466 1056 1771 1127 καθαιρῶν,
1812 1057 1873 1112 τὸ
1921 1058 2032 1112 πᾶν

432 1126 782 1208 Ιιὶῦαγγελίου
810 1141 1145 1213 καθῃρηκὼς
1175 1144 1284 1215 εἴη.
1322 1147 1385 1217 ’ᾩ
1414 1147 1516 1217 τῆς
1565 1150 1766 1217 μανίας
1800 1151 1813 1204 1
1848 1148 1895 1202 ὢ
1927 1151 2029 1221 τῆς

432 1234 736 1297 ἀπονοίας1
782 1235 1023 1304 Χριστοῦ
1086 1239 1279 1310 μνήμη
1342 1240 1436 1293 καὶ
1484 1240 1660 1312 δνομα
1697 1244 2028 1314 πρόκειταν

431 1329 585 1390 τίνες
615 1328 664 1379 οἱ
711 1321 1227 1399 καταστρέφοντεςς
1281 1326 1393 1401 ἆρα
1429 1332 1802 1402 Χριστιανοὺς
1834 1336 2033 1405 όνομα-

433 1420 624 1485 στέον;
658 1420 732 1472 Οὐ
769 1419 868 1489 μὲν
902 1416 1019 1475 οὖν⁸
1062 1420 1308 1475 Ἰουδαῖοι
1337 1422 1503 1477 τοῦτο
1519 1425 1765 1497 τολμῶσι
1787 1429 1882 1481 καὶ
1908 1428 2034 1480 Ἔλ-

433 1512 601 1580 ληνες
628 1512 723 1565 καὶ
754 1511 1052 1585 βάρϐαροι,
1088 1515 1277 1585 ἐχθροί
1309 1531 1373 1583 γε
1408 1516 1587 1585 ὄντες,
1626 1518 1723 1571 καὶ
1775 1519 1877 1589 τῆς
1903 1520 2030 1573 καθ’

434 1606 586 1676 ἡμᾶς
617 1606 769 1676 ἱερᾶς
805 1605 1108 1675 θρησκείας
1131 1604 1429 1676 ἀλλότριοι,
1467 1602 1550 1671 οἷς
1591 1610 1688 1663 καὶ
1722 1606 1870 1665 οὗτοι
1905 1614 2033 1665 ἁτε-

434 1698 581 1768 χνῶς
611 1698 686 1761 ὠς
713 1698 1094 1769 Χριστομάχοι
1138 1700 1561 1766 συντετάξονται
1588 1717 1604 1733 ⁸
1654 1703 1731 1766 ὡς
1784 1703 2031 1759 Ἰουδαῖοι

438 1792 1023 1858 σκανδαλιξέσθωσαν,
1082 1792 1159 1855 ὡς
1209 1792 1474 1863 Ἕλληνες
1530 1795 2027 1865 μωραινέσθωσαν*

2134 617 2322 663 unum.
2355 604 2498 673 quod
2536 606 2865 674 honoratur;
2897 607 3127 663 alterum
3163 617 3306 679 quod
3342 615 3718 680 comburatur,

2134 695 2437 762 putaverit?
2478 695 2614 750 Nam
2666 697 2715 751 si
2774 714 2942 754 unum
2997 701 3320 759 honorabile
3351 717 3454 771 est,
3494 725 3721 765 necesse

2133 792 2217 840 est
2262 800 2386 841 esse
2445 795 2501 841 et
2539 787 2773 842 alterum
2837 808 2852 844 :
2914 790 2998 845 sin
3050 792 3151 847 hoc
3206 795 3432 850 minime
3490 810 3594 865 cst,
3650 816 3720 854 ne

2134 877 2266 932 illud
2294 878 2535 947 quidem.
2586 880 2654 934 Et
2688 882 2945 950 quoniam
2991 882 3106 938 haec
3156 885 3293 939 nihil
3348 887 3623 956 dilt‘crunt,
3674 894 3721 945 si

2133 967 2257 1037 quis
2307 968 2535 1023 alterum
2597 970 2865 1038 destruat,
2904 981 3073 1029 totam
3130 975 3405 1047 Evangelii
3453 996 3719 1035 summam

2134 1058 2487 1113 destruxerit.
2584 1064 2626 1113 0
2705 1064 2979 1117 vesaniam
3058 1075 3223 1134 atque
3334 1068 3721 1125 dementiam!

2133 1148 2338 1205 Christi
2392 1150 2599 1206 mentio
2671 1167 2980 1224 nomenque
3052 1155 3165 1211 illic
3229 1168 3518 1225 prostant;
3593 1160 3720 1229 qui-

2136 1257 2260 1295 nam
2337 1241 2389 1295 hi
2472 1252 2603 1297 sunt
2660 1244 2751 1313 qui
2823 1246 3158 1301 destruunt?
3210 1248 3350 1303 Num
3418 1251 3721 1307 Christiani

2135 1332 2485 1401 appellandi?
2513 1333 2662 1405 Nego
2692 1337 2992 1393 enimvero.
3024 1338 3194 1393 Judaei
3223 1342 3325 1395 hoc
3354 1344 3557 1398 audent
3585 1344 3722 1399 faci-

2134 1440 2257 1489 nus,
2289 1427 2485 1494 pagani
2519 1428 2832 1495 etbarbari,
2866 1444 2991 1483 cum
3043 1430 3152 1484 sint
3183 1433 3366 1487 hostes
3426 1445 3724 1504 nostroque

2136 1530 2298 1571 sacro
2335 1518 2482 1571 cultu
2523 1518 2729 1586 alieni;
2764 1520 2963 1588 quibus
3007 1522 3060 1575 hi
3092 1523 3256 1575 ctiam
3300 1528 3418 1578 stne
3463 1525 3572 1585 ulla
3618 1529 3720 1580 dn-

2136 1605 2425 1672 bitatione,
2459 1616 2648 1676 utpote
2694 1608 2901 1664 Christi
2936 1610 3144 1676 hostes,
3189 1615 3718 1670 annumerabuntur.

2136 1694 2418 1765 Tanquam
2463 1695 2635 1752 Judaei
2673 1700 3140 1766 scandalizentur,
3206 1710 3464 1772 tanquam
3515 1706 3719 1760 ethnici

2136 1786 2511 1856 infatuentur;
2541 1791 2979 1861 quandoquidem
3014 1792 3268 1849 Christus
3313 1796 3404 1864 qui
3449 1797 3719 1865 prmdica-

434 1886 742 1957 ἐπειδήπερ
777 1884 1202 1956 ἐσταυρωμένος
1224 1887 1257 1937 ὁ
1287 1885 1530 1956 Χριστὸς
1584 1888 2026 1957 κηρυσσόμενος,

2137 1888 2223 1932 tur
2248 1882 2563 1946 crucitixns,
2594 1883 2737 1949 quod
2769 1884 2910 1937 idem
2939 1895 3021 1939 est
3078 1901 3142 1940 ac
3176 1887 3222 1941 si
3271 1888 3537 1957 ﬁguratus
3563 1890 3719 1946 dica-

431 1978 634 2031 ταυτὸν
665 1978 723 2031 δὲ
763 1978 930 2046 φ’άναι
966 1978 1064 2031 καὶ
1106 1978 1541 2047 εἰκονιζόμενος,
1591 1978 1874 2043 Ἰουδαίοις
1927 1981 2030 2051 μέν

434 2073 556 2123 ἐστι
580 2068 1138 2138 σκάνδαλον,Ἔλλησι
1157 2070 1214 2122 δὲ
1242 2062 1444 2142 μωρία.
1468 2071 1679 2142 Ὠσπερ
1702 2072 1799 2125 οὖν
1820 2074 1849 2125 ό
1872 2072 2031 2142 λόγος

433 2165 463 2213 ὁ
489 2163 587 2215 τοῦ
615 2154 855 2233 σταυροῦ
885 2158 1116 2216 καὶτῶν
1165 2162 1287 2215 τοῦ
1319 2164 1736 2235 σταυρωθέντος
1780 2166 2031 2234 ὑπομνη-

439 2253 652 2323 μάτων,
684 2256 797 2317 τοίς
833 2254 930 2324 μὲν
965 2253 1375 2323 ἀπολλυμένοις
1424 2258 1605 2328 μωρία
1638 2259 1777 2322 ἐστὶ,
1828 2261 1945 2321 τοῖς
1972 2257 2030 2310 δὲ

437 2346 773 2416 σωζομένοις
810 2348 944 2417 ἡμῖν
970 2345 1205 2417 δύναμις
1237 2347 1377 2401 Θεοῦ
1432 2351 1574 2414 ἐστι,
1620 2350 1718 2403 καὶ
1746 2349 1925 2403 ταῦτά
1966 2366 2030 2417 γε

435 2441 548 2511 ἄρα
574 2440 839 2504 ὡσαύτως
876 2440 970 2493 τὸν
1031 2440 1267 2511 σταυρὸν
1306 2441 1402 2494 τοῦ
1426 2443 1667 2512 Χριστοῦ
1697 2444 1792 2496 καὶ
1836 2444 1897 2495 τὸ
1928 2446 2031 2498 πά-

435 2533 533 2595 θος
562 2535 694 2603 ἡμῖν
736 2533 1138 2604 διαγράφουσιν
1167 2549 1181 2563 ·
1213 2536 1263 2587 εί
1291 2533 1349 2587 δὲ
1388 2534 1795 2605 τάληθέστερον
1853 2538 2030 2591 εἰπεῖν

435 2628 503 2678 ἐκ
536 2625 876 2695 περιουσίας,
903 2625 997 2678 καὶ
1029 2624 1130 2688 τὰς
1180 2624 1484 2695 θεοσημὶας
1525 2627 1623 2680 καὶ
1675 2626 2029 2699 θαυματουρ-

434 2720 587 2786 γίας,
635 2718 814 2789 ἇσπερ
865 2717 1253 2788 τερατουργὼν
1308 2718 1622 2771 ὲδείκνυτοι
1675 2721 1773 2773 καὶ
1837 2719 1895 2774 ἓν
1940 2721 2031 2773 ἐπ’

434 2810 776 2881 ἀμφοτέροις
804 2810 923 2863 ἐστὶ
949 2809 1010 2863 τὸ
1038 2810 1140 2881 τῆς
1164 2811 1334 2880 τιμῆς
1366 2811 1564 2877 αἴτιον,
1597 2812 1630 2882 ἡ
1659 2809 1755 2864 τοῦ
1785 2812 2029 2882 Χριστοῦ

435 2903 692 2966 κένωσις.

507 3016 573 3081 ζ’.
611 3019 675 3071 Oi
706 3018 765 3071 δέ
788 3036 853 3087 γε
881 3018 1074 3088 φαῦλοι
1106 3021 1202 3075 καὶ
1245 3019 1356 3073 τῶν
1389 3018 1615 3090 φαύλων
1642 3020 1905 3091 ἐργάται,
1934 3022 2028 3074 ὑπ’

436 3109 798 3178 ἀναισχύντου
828 3110 1053 3182 γνώμης
1109 3112 1508 3166 καταιτιῶνται
1545 3114 1717 3183 ἡμᾶς,
1773 3115 1840 3184 τῇ
1880 3113 2027 3185 ἁπλῇ

2134 1978 2241 2033 tur,
2278 1968 2483 2025 Jud:eis
2508 1972 2728 2041 quidem
2770 1975 3088 2029 scandalum
3120 1986 3225 2041 est,
3262 1979 3497 2031 ethnicis
3526 1990 3714 2034 autem

2133 2061 2381 2116 stultitia.
2442 2062 2597 2118 Sicut
2653 2078 2783 2133 ergo
2814 2080 2995 2119 sermo
3052 2067 3118 2120 de
3152 2082 3315 2122 cruce
3355 2070 3505 2123 etde
3556 2072 3721 2127 rebus

2133 2156 2378 2210 cruciﬁxi
2414 2159 2882 2224 memorabilibus,
2934 2162 3162 2229 perditis
3197 2163 3506 2220 hominibus
3533 2167 3718 2221 stulti-

2137 2249 2207 2302 tia
2257 2261 2378 2314 cst;
2408 2252 2565 2306 nobis
2623 2262 2804 2306 autem
2837 2252 3083 2320 salvatis,
3123 2256 3297 2311 virtus
3330 2259 3421 2311 Dei
3443 2269 3567 2325 est;
3605 2261 3723 2315 haec

2135 2341 2265 2396 item
2319 2342 2524 2397 Christi
2597 2358 2816 2399 erucem
2871 2348 3299 2419 passionetnqne
3365 2352 3520 2406 nobis
3568 2368 3723 2421 aeque

2134 2435 2489 2499 describunt;
2546 2436 2658 2490 imo
2714 2439 2958 2508 majore,
3000 2450 3058 2493 nt
3108 2443 3291 2495 verius
3348 2444 3568 2508 dicam,
3620 2446 3719 2510 vi;

2135 2543 2345 2582 necnon
2382 2529 2562 2599 divina
2605 2532 2847 2601 prodigia
2875 2571 2889 2595 ,
2928 2548 3049 2602 quae
3091 2534 3137 2589 is
3165 2536 3493 2591 mirabiliter
3522 2553 3723 2607 opera-

2136 2628 2221 2673 tus
2258 2628 2361 2674 est.
2394 2620 2620 2689 Unaque
2652 2631 2736 2676 est
2774 2624 3062 2692 utriusque
3112 2626 3189 2681 rei
3230 2627 3563 2685 honoranda:
3587 2646 3722 2684 cau-

2104 2725 2218 2776 -sa,
2262 2726 2455 2780 nempe
2485 2710 2687 2766 Christi
2722 2713 3044 2770 exinanitio.
3096 2720 3105 2725 “

2205 3012 2256 3066 7.
2310 3012 2374 3068 Hi
2423 3025 2601 3069 autem
2643 3014 2877 3086 improbi
2915 3026 2970 3072 et
3017 3017 3384 3088 improbitatis
3432 3008 3721 3090 auctores,

2135 3107 2450 3175 impudente
2480 3100 2678 3161 animo
2724 3123 2822 3163 nos
2862 3119 3157 3172 accusarunt,
3208 3111 3299 3178 qui
3336 3109 3390 3164 in
3439 3112 3543 3165 ﬁde
3588 3114 3722 3166 sim-

436 3200 620 3252 πίστει
645 3201 739 3253 καὶ
757 3203 823 3270 τῇ
858 3200 1159 3271 παραδόσει
1211 3203 1321 3272 τῆς
1356 3202 1660 3272 καθολικῆς
1699 3202 2030 3273 Ἑκκλησίας

2134 3198 2281 3267 plici,
2313 3207 2370 3252 et
2394 3198 2679 3253 catholicae
2724 3200 2979 3254 Ecclesia}
3015 3202 3306 3256 traditione
3349 3219 3454 3257 non
3489 3206 3715 3272 scripta,

435 3296 502 3363 τῇ
529 3294 768 3364 ἀγράφῳ
794 3293 1327 3365 ὲπιστηριζομένους
1348 3308 1363 3323 ·
1408 3293 1547 3347 ἀλλὰ
1574 3294 1771 3365 ῥητέον
1818 3296 2025 3361 αὐτοῖς,

436 3385 519 3439 ὅτι
558 3385 812 3455 μάλιστα
832 3384 932 3454 μὲν
958 3386 991 3455 ἠ
1023 3384 1277 3454 ἄγραφος
1309 3383 1614 3452 παράδοσις
1643 3384 1706 3437 τὸ
1734 3386 2029 3455 ἰσχυρότα-

435 3496 529 3531 τον
559 3479 783 3533 πάντων
817 3478 1107 3549 κέκτηται,
1144 3477 1243 3531 καὶ
1271 3471 1386 3531 οἷον
1421 3477 1632 3549 κρηπίς
1657 3493 1743 3541 τις
1766 3478 1861 3529 καὶ
1894 3476 2030 3549 ἔδρα

437 3571 547 3624 τῶν
581 3572 639 3623 ὲν
667 3573 733 3642 τῇ
765 3571 960 3642 χρήσει
985 3570 1083 3623 τοῦ
1136 3569 1255 3640 βίου
1286 3570 1460 3635 ἐστὶν,
1491 3570 1615 3638 ἦτις
1657 3569 1752 3622 ἐπὶ
1781 3568 2030 3623 πλεῖστον

436 3662 771 3733 διαρκέσασα
815 3661 1201 3731 πεποιωμένον
1249 3659 1373 3724 ἔθος
1434 3660 1810 3713 καθίσταταιο
1865 3661 1929 3713 τὸ
1974 3660 2032 3713 δὲ

440 3756 560 3819 ἔθος
594 3755 772 3825 χρόνῳ
803 3753 1002 3825 μακρῷ
1032 3753 1360 3824 βεῦαιωθὲν,
1387 3752 1607 3821 φύσεως
1627 3754 1783 3823 ἰσχὺν
1814 3750 2032 3823 λαμϐά-

440 3866 520 3902 νει
546 3864 561 3878 ⁶
623 3847 840 3916 φύσεως
870 3846 928 3899 δὲ
980 3847 1035 3899 τί
1089 3847 1155 3899 ἂν
1206 3846 1291 3916 εἴη
1334 3845 1728 3917 ίσχυρότερον;
1760 3847 1824 3899 Ei
1866 3846 1924 3899 δὲ
1951 3847 2035 3899 δεῖ

441 3940 867 4012 περιεργότερον
892 3939 1094 3992 τοῦτου
1115 3938 1404 3994 διαλαϐεῖν
1425 3939 1660 4001 εἵνεκεν,
1694 3939 1917 4010 ὁρῶμεν
1945 3939 2029 3992 ὅτι

441 4033 537 4085 καὶ
579 4033 640 4084 τὸ
671 4031 1008 4100 Εὐαγγέλιον
1037 4030 1169 4085 αὐτὸ
1219 4030 1490 4100 ἀγράφως
1522 4030 1583 4084 τὸ
1613 4031 1670 4097 ἐξ
1714 4031 1893 4103 ἀρχῆς
1927 4048 2035 4085 πα-

444 4125 750 4198 ραδέδοται.
774 4126 832 4179 '0
861 4125 971 4195 γὰρ
997 4118 1209 4195 Κύριος
1240 4125 1337 4178 καὶ
1361 4124 1494 4188 Θεὸς
1524 4124 1683 4195 ἡμῶν
1709 4124 1802 4177 ἐπὶ
1827 4125 1890 4177 τὸ
1924 4141 2032 4178 σω-

416 4220 632 4290 ,τήριον
665 4216 953 4289 προελθὼν
999 4217 1289 4287 κήρυγμα,
1329 4202 1433 4270 οὐκ
1480 4218 1541 4270 ὲν
1575 4217 1875 4287 γράμμασι
1904 4217 2032 4279 τοὺς

442 4310 621 4373 θείους
657 4311 903 4373 ἐκείνους
939 4311 1034 4361 καὶ
1065 4308 1648 4378 θαυμαστοὺςνόμους
1674 4306 1920 4373 ἐξέθετο,
1956 4304 2031 4367 ὡς

444 4404 604 4474 ἴσμεν
638 4403 899 4470 ἅπαντες,
937 4400 1059 4456 οὐδὲ
1085 4404 1144 4455 ἐν
1168 4403 1345 4475 χάρτῃ
1373 4402 1469 4454 καὶ
1515 4400 1709 4471 μέλανι
1752 4399 1853 4470 τὴν
1889 4399 2032 4472 ὑψη-

440 4498 541 4567 λὴν
584 4495 729 4550 οὕτω
762 4498 858 4550 καὶ
901 4496 1174 4566 σωτήριον
1209 4494 1563 4550 διδασκαλίαν
1610 4493 1935 4563 ἐνέγραψεν,
1967 4492 2029 4545 οὐ

2135 3290 2362 3343 tirmiter
2401 3300 2733 3358 perstamus.
2791 3290 2897 3345 Sed
2940 3292 3377 3360 respondendum
3429 3303 3514 3348 est
3564 3295 3719 3360 istis,

2135 3382 2479 3436 traditionem
2528 3384 2812 3451 potissime
2867 3397 2972 3436 non
3018 3386 3278 3452 scriptam
3319 3401 3431 3454 pra:
3468 3387 3724 3444 omnibus

2131 3487 2253 3528 esse
2286 3474 2717 3540 validissimam,
2765 3484 2822 3528 et
2876 3475 3143 3530 columna:
3200 3477 3458 3547 basisque
3499 3482 3615 3534 vice
3664 3481 3715 3535 in

2133 3567 2257 3620 vitae
2286 3566 2535 3622 humanm
2570 3567 2755 3621 usibus
2785 3566 2934 3638 fungi
2960 3586 2975 3633 ;
3005 3585 3124 3637 qme
3155 3570 3465 3627 diutissime
3495 3574 3724 3640 durans,

2133 3670 2401 3727 receptam
2463 3662 2910 3715 consuetudinem
2963 3662 3248 3717 constituit
3307 3682 3320 3717 :
3384 3669 3725 3722 consuetudo

2126 3760 2314 3804 autem
2354 3750 2510 3821 longo
2553 3762 2795 3822 tempore
2832 3754 3079 3820 (innata,
3130 3766 3340 3811 natura;
3382 3759 3489 3811 vim
3534 3758 3723 3815 sumit.

2134 3840 2274 3907 Quid
2326 3858 2489 3911 porro
2529 3853 2614 3899 est
2668 3854 2861 3898 natura
2896 3845 3166 3901 validius?
3204 3847 3357 3914 Quod
3400 3849 3445 3903 si
3498 3849 3726 3918 hujusce

2135 3936 2213 3989 rei
2255 3951 2417 3990 causa
2455 3939 2787 4006 exquisitius
2822 3939 3029 4008 aliquid
3063 3939 3355 3995 dicendum
3408 3953 3528 4007 est,
3578 3943 3726 3996 vide-

2134 4044 2257 4082 mus
2301 4028 2477 4097 ipsum
2509 4027 2869 4097 Evangelium
2911 4031 3165 4100 primitus
3214 4032 3422 4101 absque
3452 4032 3722 4102 scriptura

2135 4119 2305 4176 fuisse
2350 4123 2627 4176 traditum.
2658 4121 2789 4175 Nam
2828 4122 3090 4178 Dominus
3113 4138 3177 4178 ac
3213 4125 3351 4180 Deus
3386 4137 3572 4181 noster
3598 4143 3722 4181 cum

2136 4215 2202 4267 ad
2241 4214 2537 4269 salutarem
2591 4217 2827 4269 accessit
2857 4216 3335 4284 praedicationem,
3375 4234 3482 4272 non
3524 4218 3725 4273 litteris
3786 4208 3793 4228 ’

2134 4308 2351 4361 divinas
2400 4308 2522 4361 illas
2570 4292 2963 4377 mirabilesque
3002 4308 3146 4379 leges
3188 4312 3462 4379 exposuit,
3499 4321 3558 4365 ut
3604 4326 3725 4366 orn-

2136 4413 2235 4453 nes
2271 4389 2512 4464 scimus,
2555 4414 2730 4469 neque
2758 4400 2953 4454 charta
2995 4410 3051 4455 et
3086 4410 3394 4455 atramento
3426 4411 3534 4457 tam
3577 4402 3725 4458 salu-

2136 4492 2289 4545 brem
2322 4491 2622 4546 doctrinam
2659 4493 2915 4561 scripsit,
2957 4509 3063 4547 non
3114 4493 3348 4564 lapideis
3389 4495 3587 4550 tabulis
3642 4497 3726 4551 in-

439 4591 606 4656 πλαξὶ
634 4588 864 4653 λιθίναις
888 4589 1164 4651 ὲτύπωσε,
1197 4588 1456 4656 καθάπερ
1487 4587 1546 4639 τὸ
1572 4584 1807 4638 παλαιὸν
1834 4585 1861 4637 ό
1888 4581 2030 4637 κατά

2136 4581 2393 4652 sculpsit,
2436 4582 2581 4636 sicut
2641 4582 2943 4652 antiquitus
2982 4583 3217 4638 Mosaica
3279 4586 3364 4639 lex
3423 4587 3722 4642 charaxata

441 4682 649 4737 Μωσὲα
696 4681 863 4751 νόμος
908 4680 1306 4752 διεκεχάρακτο
1332 4722 1346 4743 ,
1387 4677 1526 4732 ἀλλὰ
1586 4676 1790 4746 ψυχαῖς
1855 4674 2028 4728 ταῦτα

440 4773 763 4840 ἐναπέθετο,
797 4774 855 4826 ἐν
886 4773 1161 4843 πνεύματι
1194 4771 1590 4844 κεχαραγμένα
1641 4768 1733 4821 καὶ
1782 4784 2027 4837 σεσημα-

440 4866 638 4935 σμένα,
656 4862 719 4915 οὐ
742 4861 1034 4933 γράμματι
1058 4903 1072 4917 .
1105 4862 1276 4916 Τοῦτο
1295 4863 1389 4915 καὶ
1414 4860 1505 4914 διὰ
1530 4859 1829 4930 προφητῶν
1854 4859 2027 4927 ἁγίων

439 4956 613 5010 πάλαι
641 4954 1150 5028 προαναπειρὼνητο
1170 4972 1183 4986 ·
1206 4954 1416 5021 Διδοὺς
1448 4954 1579 5022 γὰρ,
1612 4955 1768 5021 φησὶ,
1802 4953 2028 5021 νόμους

432 5066 557 5119 μου
586 5051 672 5113 εἰς
702 5049 977 5102 διάνοιαν
1016 5046 1235 5113 αὐτῶν,
1273 5049 1371 5100 καὶ
1410 5046 1509 5099 ἐπὶ
1549 5045 1799 5113 καρδίας
1829 5043 2031 5099 αὐτῶν

436 5141 751 5211 ἐπιγράψω
778 5143 1021 5207 αὐτούς.
1080 5142 1147 5193 "A
1188 5140 1253 5211 δὴ
1285 5139 1375 5193 ὑπ’
1409 5138 1582 5208 αὐτῆς
1622 5139 1722 5207 τῆς
1763 5137 2028 5209 ἀληθείας

436 5232 683 5302 Χριστοῦ
738 5232 1115 5304 περαινόμενα
1164 5231 1437 5300 ἔγνωμεν,
1509 5231 1724 5301 χρόνοις
1764 5230 1824 5283 δέ
1886 5246 2034 5284 τισιν

438 5326 670 5396 ὕστερον
710 5325 804 5377 καὶ
861 5326 1049 5395 γραφῇ
1101 5324 1528 5394 χαραττόμενα·
1568 5323 1781 5392 μάρτυς
1815 5324 1844 5375 ὁ
1889 5321 2035 5385 θεῖος

436 5419 658 5481 Λουκᾶς
707 5418 1167 5488 ἀπαράγραπτος,
1211 5416 1275 5473 ἂν
1311 5416 1422 5483 ἄρα
1472 5416 1736 5485 δέχωνται
1772 5417 1873 5484 τὴν
1923 5432 2031 5466 πα-

513 5597 561 5647 ίὲ
592 5594 793 5651 Jcrem.
834 5610 986 5657 xxxi,
1020 5594 1109 5648 55.

2138 4674 2270 4742 fuit;
2326 4672 2419 4729 sed
2455 4689 2573 4729 eam
2613 4676 2665 4729 in
2719 4676 3005 4731 animabus
3046 4677 3187 4731 Deus
3220 4676 3485 4741 inseruit,
3528 4681 3723 4747 Spiritu

2134 4766 2471 4822 ctiormatam
2503 4778 2556 4823 et
2588 4769 2980 4839 consignatam,
3016 4785 3125 4824 non
3157 4770 3333 4824 littera
3366 4771 3502 4843 (12).
3554 4770 3661 4826 lluc
3691 4787 3721 4826 a

2129 4863 2337 4916 sanctis
2376 4878 2594 4932 quoque
2651 4863 2934 4932 prophetis
2991 4864 3119 4917 olim
3176 4866 3495 4932 praedictum
3551 4864 3653 4918 fuit
3702 4884 3718 4922 :

2131 4951 2281 5007 Dan:
2309 4937 2469 5019 enim,
2495 4956 2688 5024 inquit,
2726 4955 2861 5023 leges
2886 4971 3031 5008 meas
3062 4957 3115 5007 in
3154 4958 3412 5010 utentibus
3442 4973 3645 5021 eorum,
3667 4969 3716 5011 et

2130 5047 2185 5101 in
2234 5046 2480 5100 cordibus
2526 5049 2759 5116 ipsorum
2806 5047 3034 5100 scribam
3071 5048 3248 5101 eos”.
3296 5050 3447 5114 Quod
3482 5065 3613 5103 sane
3651 5049 3719 5103 ab

2135 5140 2249 5209 ipsa
2281 5141 2509 5194 veritate
2530 5139 2752 5194 Christo
2780 5150 3062 5209 peractum
3092 5140 3329 5207 scimus;
3363 5150 3483 5208 post
3510 5128 3721 5208 aliquot

2137 5241 2319 5287 autem
2358 5247 2530 5287 annos
2573 5234 2781 5302 scripto
2809 5220 2979 5288 etiam.
3001 5247 3339 5301 expressum.
3387 5232 3567 5287 Testis
3600 5234 3719 5287 ine-

2137 5323 2411 5378 luctabilis
2472 5323 2647 5380 Lucas
2706 5325 2781 5396 (si
2826 5333 3006 5377 tamen
3064 5323 3207 5377 hunc
3255 5324 3343 5377 isti
3387 5324 3719 5397 admittunt)

2138 5415 2231 5484 qui
2279 5415 2621 5470 traditionem
2659 5415 2951 5483 Evangelio
2992 5430 3091 5468 suo
3132 5414 3544 5472 fundamentum
3582 5433 3719 5487 prte-

517 5755 631 5828 (12)
669 5754 900 5808 Videtur
928 5752 1267 5828 Nicephorus
1297 5764 1515 5828 sumere
1543 5750 1683 5805 hanc
1715 5748 2047 5804 sententiam
2084 5759 2151 5804 ex
2211 5745 2433 5803 Eusebii
2456 5744 2810 5816 Theophania
2833 5746 2927 5803 lib.
2957 5763 3038 5815 nt,
3063 5749 3152 5815 40,
3184 5749 3341 5822 cujus
3373 5751 3492 5807 vide
3529 5751 3711 5809 Grmca

436 5822 772 5900 Fragmenta
808 5839 837 5880 a
869 5825 1026 5879 nobis
1075 5836 1246 5893 nuper
1278 5822 1446 5876 edita.
