4050 6448
430 439 535 505 387

1452 430 1516 489 s.
1550 390 1974 487 Ntcnenont
2012 418 2524 481 ΡΑΤιιιΑειῖΗιιι
2563 417 2653 478 cp

3581 422 3679 485 388

425 541 561 608 iacit
580 584 594 603 .
620 545 746 599 dum
777 543 853 598 ait
881 559 896 598 :
934 542 1202 610 Quoniam
1236 541 1387 596 multi
1417 541 1593 594 conati
1621 550 1743 592 sunt
1771 539 2020 591 ordinare

2132 532 2345 602 ρέιδοσιν
2372 525 2462 585 οἷα
2483 529 2738 599 θεμέλιον
2771 527 2867 581 τοῦ
2897 530 3020 581 κατ’
3064 527 3231 581 αὑτὸν
3270 528 3413 601 ἱεροῦ
3455 530 3682 602 Εὖαγγε.

433 637 793 691 narrationem
817 678 832 700 ,
861 651 980 706 qua:
1014 636 1072 689 in
1112 635 1259 688 nobis
1307 632 1577 700 completa:
1608 640 1763 691 sunt,
1800 642 2014 689 rerum;

430 733 564 786 sicut
605 729 936 783 tradiderunt
978 728 1161 792 nobis,
1206 726 1294 793 qui
1327 725 1391 777 ab
1421 724 1571 777 initio
1612 722 1712 789 ipsi
1741 721 2013 783 uiderunt,

432 829 482 874 et
512 818 747 873 ministri
782 817 998 885 [uerunt
1041 816 1297 870 sermonis
1318 814 1385 868 ”.

508 1085 584 1142 ita
633 1085 849 1154 quidem
901 1081 1258 1150 evangelista.
1324 1078 1525 1134 Videre
1583 1090 1765 1132 autem
1816 1087 1908 1133 est
1962 1078 2015 1130 in

438 1179 609 1235 sacris
644 1177 811 1231 etiam
857 1172 1209 1243 Synaxihus,
1244 1186 1366 1225 cum
1407 1171 1686 1240 peragitur
1729 1170 1910 1222 divina
1949 1169 2016 1222 li-

440 1270 651 1339 Iurgia,
700 1277 755 1322 et
802 1268 925 1320 aliis
973 1265 1309 1333 temporibus
1352 1262 1457 1316 alia
1504 1262 1667 1327 ﬁunt,
1702 1276 1806 1315 non
1848 1276 2017 1330 pauca

442 1362 597 1415 nobis
638 1360 760 1413 sine
795 1358 1000 1427 scripto
1041 1357 1238 1409 tradita
1277 1365 1333 1409 et
1378 1356 1652 1421 stabilita,
1690 1364 1745 1410 et
1778 1356 2018 1424 ipsorum

439 1453 743 1508 divinorum
774 1451 1005 1520 plurima
1035 1449 1401 1504 canticorum.
1443 1447 1654 1501 Etenim
1685 1446 1830 1501 unde
1864 1446 2022 1501 nobis

440 1559 724 1601 sacrarum
760 1558 942 1597 rerum
981 1541 1264 1611 ipsiusque
1301 1540 1505 1594 viviﬁci
1543 1538 1674 1607 ligni
1706 1538 2023 1593 veneratio?

439 1635 571 1691 item
593 1633 901 1689 Servatoris
928 1630 1142 1686 Pascha
1163 1630 1439 1700 quomodo
1458 1628 1808 1683 concorditer
1831 1629 2021 1682 eadem

441 1725 531 1781 die
575 1740 608 1779 a
657 1724 984 1778 Christianis
1033 1722 1290 1777 omnibus
1337 1719 1666 1784 celebratur,
1707 1732 2022 1788 quanquam

2117 623 2251 676 λίου
2278 621 2836 694 προκαταδαλόμενος
2857 660 2873 683 ,
2905 620 2974 673 δι’
2996 614 3072 674 ὧν
3096 621 3428 691 συγγράφων
3454 625 3647 691 φάσκει
3666 642 3680 657 ·

2128 715 2489 783 Ἐπειδήπερ
2550 714 2770 768 πολλοὶ
2816 713 3228 780 ἐπεχείρησαν
3286 714 3687 778 ἀνατάξασθαι

2115 808 2402 877 διήγησιν
2422 808 2554 875 περὶ
2591 806 2711 860 τῶν
2752 806 3383 876 πεπληροφορημένων
3430 808 3500 859 ἐν
3548 807 3688 876 ἡμῖν

2116 901 2496 971 πραγμάτων,
2524 900 2722 967 καθὼς
2748 900 3099 968 παρέδοσαν
3120 900 3267 968 ἡμῖν
3286 902 3343 953 oi
3360 900 3461 953 ἀπ’
3503 898 3689 970 ἀρχῆς

2117 994 2411 1046 αὐτόπται
2434 989 2532 1043 καί
2569 991 2859 1058 ὑπηρέται
2886 991 3196 1059 γενόμενοι
3240 990 3347 1043 τοῦ
3384 991 3589 1057 λόγου.

2189 1082 2377 1136 Ταῦτα
2412 1081 2512 1153 μὲν
2546 1083 2576 1134 ό
2603 1083 3029 1152 εύαγγελιστής⁶
3065 1082 3184 1135 ἔστι
3212 1082 3270 1135 δὲ
3299 1083 3426 1135 ἰδεῖν
3456 1084 3558 1136 κάν
3578 1086 3692 1147 ταῖς

2124 1176 2301 1246 ἱεραῖς
2336 1175 2613 1239 συνάξεσι,
2653 1175 2799 1227 κατὰ
2825 1175 2926 1244 τὴν
2958 1171 3112 1227 θείαν
3140 1174 3509 1243 λειτουργίαν,
3543 1173 3575 1243 ἢ
3605 1176 3694 1228 καὶ

2119 1269 2179 1322 ὲν
2223 1268 2406 1332 ἄλλοις
2465 1269 2684 1338 καιροῖς
2734 1267 3170 1337 ἐπιτελούμενα,
3221 1268 3323 1320 οὐκ
3366 1267 3522 1334 ὀλίγα
3567 1270 3695 1338 ἡμῖν

2119 1360 2383 1429 ἀγράφως
2413 1359 2844 1429 παραδεδομένα
2870 1361 2966 1411 καὶ
2992 1358 3364 1428 κρατούμενα,
3399 1359 3496 1411 καὶ
3523 1358 3697 1410 αὐτῶν

2121 1451 2229 1505 τῶν
2279 1450 2443 1504 θείων
2488 1450 2751 1522 ᾀσμάτων
2781 1450 2851 1502 τὰ
2889 1449 3138 1503 πλεῖστα.
3188 1449 3347 1501 Ἐπεὶ
3393 1448 3554 1501 πόθεν
3596 1449 3699 1501 τῶν

2123 1539 2289 1611 ἱερῶν
2310 1542 2343 1611 ἡ
2361 1541 2755 1612 προσκύνησις,
2779 1540 2962 1594 αὐτῶν
2979 1557 3039 1593 τε
3062 1540 3169 1592 τῶν
3194 1539 3476 1604 (annoqu
3499 1538 3698 1605 ξύλωνς

2120 1635 2185 1688 τὸ
2215 1636 2488 1705 σωτήρων
2514 1634 2708 1703 Πάσχα
2733 1632 2900 1686 πόθεν
2928 1631 3241 1702 συμφώνως
3268 1631 3413 1684 κατὰ
3443 1632 3542 1701 τὴν
3575 1630 3704 1701 ἡμέ-

2126 1744 2229 1798 ραν
2259 1727 2359 1797 τὴν
2397 1727 2574 1795 αὐτὴν
2603 1724 2759 1795 παρὰ
2801 1725 2938 1778 πᾶσι
2981 1725 3334 1794 Χριπιανοῖς
3367 1723 3702 1794 ἑορτάζεται,

442 1815 752 1885 antiquiore
801 1822 1041 1881 tempore
1089 1826 1195 1865 non
1247 1811 1321 1864 ita
1366 1808 1562 1863 ﬁebat?
1613 1810 1842 1863 Sacrum
1895 1808 2017 1863 ﬁdei

2132 1820 2304 1873 καίτοι
2334 1820 2393 1871 ὲν
2419 1820 2537 1881 τοῖς
2567 1817 2788 1890 χρόνοις
2828 1815 2937 1869 τῶν
2971 1816 3351 1887 ἀρχαιοτέρων
3380 1816 3487 1885 οὐχ
3530 1813 3708 1867 ὡσαύ-

444 1905 760 1980 Symbolum
815 1921 921 1959 uua
979 1919 1115 1959 voce
1153 1903 1405 1958 conﬁteri
1446 1901 1690 1972 quotidie
1716 1942 1732 1966 ,
1773 1916 2019 1971 quamam

2132 1928 2234 1975 τως
2285 1886 2657 1981 τελούμενονς
2705 1908 2780 1962 Τὸ
2814 1907 2963 1977 ἱερὸν
3011 1907 3113 1976 τῆς
3148 1908 3392 1970 πίστεως
3447 1904 3707 1977 σύμϐολον

443 2000 715 2068 scriptura
757 1995 1015 2063 tradidit,
1065 2010 1188 2049 cum
1235 2005 1392 2048 antea
1433 1995 1613 2062 potius
1655 1994 2021 2047 introductum

442 2088 645 2144 merit?
689 2087 834 2155 Quid
871 2103 1002 2143 vero
1036 2086 1326 2141 dicendum
1368 2086 1435 2141 de
1465 2083 1579 2155 90
1621 2085 2023 2154 espiationibus

443 2190 500 2234 et
545 2178 801 2246 ieiuniis,
855 2179 922 2233 de
975 2177 1179 2248 vigiliis
1230 2185 1395 2245 atque
1441 2176 1682 2241 octavis,
1717 2186 1772 2229 et
1807 2189 1929 2244 qua:
1969 2175 2023 2228 in

444 2272 579 2341 ipsis
616 2271 753 2325 ﬁunt
810 2270 1284 2334 solemnitatibus,
1331 2269 1508 2336 deque
1553 2267 1861 2321 divinorum
1900 2282 2023 2337 my-

444 2365 736 2418 steriorum
768 2361 1129 2430 modo,atque
1158 2361 1352 2417 horum
1386 2360 1749 2428 susceptione,
1778 2359 1846 2414 de
1877 2359 2026 2413 Salu-

449 2458 548 2509 tari
581 2455 929 2525 baptismate,
956 2465 1012 2509 et
1038 2453 1315 2507 nonnullis
1345 2450 1466 2506 aliis
1494 2465 1831 2520 quascunque
1853 2465 2026 2504 sacrae

446 2546 746 2616 disciplina:
775 2546 911 2601 ordo
945 2544 1219 2614 postulat?
1250 2544 1530 2599 Mittamus
1563 2559 1705 2599 nunc
1743 2543 1926 2597 dicere
1959 2544 2028 2598 de

448 2636 676 2702 litauiis,
707 2648 762 2691 et
798 2637 1286 2706 supplicationibus
1319 2636 1386 2689 ad
1416 2635 1638 2690 deﬁnita
1678 2635 1796 2690 loca
1826 2636 2028 2689 deduc-

449 2732 520 2784 tis
548 2730 683 2799 (15),
714 2730 799 2783 vel
828 2729 1238 2798 quomodolibet
1261 2729 1432 2794 actis;
1459 2743 1582 2798 qua:
1609 2731 1792 2783 omnia
1820 2743 1886 2783 ex
1917 2745 2027 2784 non

449 2823 654 2891 scripta
685 2831 742 2875 et
789 2823 1089 2889 antiquitus
1124 2820 1190 2875 ad
1243 2834 1343 2875 nos
1386 2820 1562 2874 delata
1615 2820 2029 2875 consuetudinis

450 2914 764 2981 accepimus
807 2914 1130 2978 traditione,
1169 2927 1399 2982 qumque
1434 2910 1786 2966 nihilominus
1829 2911 1882 2965 in
1928 2910 2029 2964 ho-

452 3019 585 3059 nore
623 3005 885 3058 habemus
917 3012 973 3059 et
1016 3004 1279 3068 colimus,
1330 3017 1678 3064 veneramur,
1721 3014 1787 3055 ac
1820 3000 2025 3055 retine-

451 3111 593 3161 mus,
644 3096 787 3149 haud
836 3110 996 3149 secus
1033 3108 1196 3164 quam
1239 3094 1328 3148 illa
1362 3093 1586 3163 scriptis
1620 3092 1867 3161 sancita;
1902 3093 2027 3162 quia

2124 2002 2425 2071 ὁμοφώνως
2444 1999 2834 2073 ὁμολογεῖσθαι
2853 2000 3139 2060 ἑκάστοτε,
3163 2002 3295 2052 ποία
3317 1998 3508 2069 γραφὴ
3541 2016 3710 2069 παρα·

2123 2094 2404 2160 δέδωκεν,
2440 2092 2604 2163 εἰμὴ
2653 2092 2921 2163 ἀγράφως
2966 2092 3401 2161 προενήνεκται;
3438 2088 3504 2143 Τί
3554 2090 3597 2143 δ’
3648 2090 3710 2143 ἂν

2125 2184 2272 2239 εἴποι
2321 2202 2406 2247 τις
2467 2185 2601 2256 περὶ
2654 2183 2941 2253 ἁγνισμῶν
2990 2182 3087 2234 καὶ
3136 2166 3445 2252 νηστειῶν,
3491 2183 3586 2235 καὶ
3615 2182 3711 2233 ὅσα

2125 2278 2424 2348 προεόρτια
2458 2279 2554 2329 καὶ
2591 2275 2894 2346 μεθέορτα,
2930 2274 3026 2327 καὶ
3058 2275 3116 2327 ἐν
3155 2275 3349 2337 αὑταῖς
3387 2272 3714 2342 δεικνύμενα

2125 2368 2501 2441 πανηγύρεσι,
2535 2369 2632 2421 τοῦ
2676 2385 2737 2421 τε
2772 2368 2981 2438 τρόπου
3019 2365 3130 2419 τῶν
3172 2364 3338 2419 θείων
3372 2363 3714 2435 μυστηρίων,

2126 2464 2222 2518 καὶ
2255 2462 2467 2515 τούτων
2505 2461 2604 2530 τῆς
2646 2460 3029 2530 μεταλήψεως,
3068 2459 3163 2511 καὶ
3197 2459 3478 2527 σωτηρίου
3519 2457 3717 2526 βαπτί-

2128 2570 2359 2624 σματος,
2409 2550 2504 2605 καί
2537 2568 2701 2605 τινων
2726 2550 2905 2605 άλλων
2942 2550 3048 2603 ὅσα
3078 2550 3108 2602 ό
3141 2549 3242 2618 τῆς
3275 2550 3432 2619 ἱερᾶς
3467 2546 3716 2612 εὐταξίας

2126 2644 2434 2701 ἐπιδεικνύει
2463 2644 2798 2715 δεάκοσμος;
2835 2642 3051 2713 Ἐῶμεν
3074 2641 3257 2710 λέγειν
3283 2642 3352 2695 τά
3379 2641 3477 2696 νῦν
3505 2642 3634 2712 περι
3656 2656 3716 2692 τε

2126 2737 2292 2791 λιτῶν
2337 2736 2434 2790 καὶ
2473 2736 2720 2805 προόδων
2748 2733 2807 2787 ἐν
2832 2740 2906 2787 ’τε
2936 2733 3378 2803 καθωρισμένοις
3423 2733 3611 2794 τόποις
3630 2771 3645 2792 ,
3679 2731 3714 2802 ἢ

2129 2831 2227 2883 καὶ
2264 2828 2444 2892 ἄλλως
2486 2827 2821 2897 γινομένων,
2865 2824 2902 2879 ἃ
2948 2824 3013 2896 δὴ
3065 2826 3132 2877 εκ
3186 2823 3288 2892 τῆς
3329 2823 3586 2895 ἀγράφου
3625 2825 3721 2877 καὶ

2128 2920 2338 2974 ἄνωθεν
2372 2918 2567 2988 μέχρις
2599 2916 2760 2987 ἡμῶν
2789 2916 3050 2969 κατιόντα
3079 2914 3345 2985 συνήθους
3380 2914 3716 2985 παρειλήφα-

2133 3028 2234 3082 μεν
2252 3011 2627 3082 παραδόσεως,
2648 3011 2744 3063 καὶ
2766 3009 2945 3063 πάντα
2959 3009 3214 3081 τιμῶμεν
3238 3009 3332 3061 καὶ
3353 3010 3716 3080 περιέπομεν,

2132 3108 2227 3161 καὶ
2260 3105 2626 3176 ἀσπαζόμεθα
2659 3105 2753 3159 καὶ
2780 3096 3277 3174 κατέχομενόύδὲν
3313 3103 3565 3167 ἐλαττον,
3593 3104 3627 3175 ἢ
3656 3105 3724 3156 τὰ

450 3195 566 3240 tuta
598 3197 953 3257 utrorumque
992 3186 1133 3241 ratio
1172 3184 1241 3240 ab
1275 3186 1576 3255 apostolico
1622 3185 1783 3241 nobis
1827 3185 2029 3250 inagis-

2135 3200 2192 3252 ὲν
2227 3200 2466 3269 γραφαῖς
2504 3199 2640 3268 ἡμῖν
2664 3196 3146 3268 νομοθετούμενα,
3179 3187 3255 3249 ὧν
3292 3196 3629 3265 ἀμφοτέρων
3666 3195 3726 3248 τὺ

451 3277 592 3333 terio
619 3279 875 3332 manavit.

523 3458 581 3514 8.
632 3457 773 3526 Quin
812 3455 922 3528 (14)
966 3456 1102 3512 adeo
1132 3456 1279 3527 leges
1313 3470 1528 3526 quoque
1572 3457 1777 3528 scripto
1821 3456 2034 3525 editas,

453 3552 628 3607 nihilo
674 3561 856 3603 tamen
905 3549 1085 3602 minus
1128 3548 1403 3617 neglectas
1433 3546 1712 3612 videmus,
1747 3557 2038 3616 propterea

454 3642 600 3712 quod
633 3638 852 3694 traditio
893 3646 949 3693 et
980 3638 1316 3693 consuetudo
1346 3637 1563 3693 diversa
1600 3638 1803 3707 vigeat.
1834 3637 2037 3693 Omnia

454 3732 598 3786 enim
624 3731 957 3785 consuetudo
984 3730 1291 3794 conﬁrmat,
1316 3728 1446 3797 quia
1463 3743 1601 3797 opus
1631 3729 1905 3796 potentius
1926 3745 2039 3784 ser-

455 3839 615 3879 mone
632 3831 732 3879 est.
761 3821 901 3889 Quid
920 3822 1067 3877 aliud
1086 3823 1232 3877 enim
1252 3821 1457 3888 estlex,
1474 3823 1573 3876 nisi
1593 3822 1793 3890 scripta
1810 3836 2039 3877 consue-

456 3916 625 3971 tudo?
649 3916 805 3970 sicuti
834 3915 1074 3970 vicissim
1094 3915 1450 3980 consuetudo,
1468 3924 1550 3970 est
1573 3914 1655 3968 lex
1681 3929 1789 3969 non
1812 3915 2036 3982 scripta.

458 4008 567 4063 lloc
585 4008 739 4063 facile
756 4016 910 4063 extra
931 4023 1019 4062 res
1037 4021 1225 4062 sacras
1238 4022 1455 4077 quoque
1470 4007 1657 4061 videre
1676 4014 1777 4061 est.
1794 4004 2041 4075 Namque

456 4110 511 4157 et
532 4098 892 4170 grammatici,
918 4099 961 4153 si
992 4100 1210 4168 quando
1229 4098 1429 4152 accidit
1452 4107 1512 4152 ut
1542 4112 1571 4150 a
1604 4098 1919 4152 dominante
1951 4112 2038 4150 re-

457 4194 580 4264 gula
603 4190 925 4245 vocabulum
954 4190 1169 4258 aliquod
1199 4189 1253 4243 in
1288 4189 1427 4243 libro
1454 4190 1652 4257 deviet,
1685 4200 1740 4244 et
1770 4190 1928 4243 aliter
1952 4203 2038 4243 se-

452 4284 693 4339 cundum
726 4281 1112 4350 pravalenlem
1144 4280 1592 4336 consuetudinem
1618 4282 1911 4346 scribatur,
1935 4291 2040 4335 tra-

457 4376 715 4431 ditionem
745 4382 1007 4427 excusant
1047 4382 1304 4442 tanquam
1345 4374 1585 4443 regulam
1622 4374 1850 4445 regulae.
1897 4376 2038 4441 Quid

453 4479 586 4534 ergo
600 4463 856 4532 objicient
869 4464 1066 4518 dicenti
1088 4481 1102 4518 :
1119 4461 1229 4533 Ego
1247 4466 1423 4532 accepi
1440 4482 1471 4517 a
1488 4463 1706 4519 Domino
1721 4466 1860 4537 quod
1871 4477 1917 4519 et
1936 4477 2043 4520 tra-

2138 3291 2386 3360 ἀσφαλὲς
2442 3289 2594 3361 παρᾶ
2640 3288 2742 3360 τῆς
2790 3284 3158 3359 ἆποστολικῆς
3194 3287 3547 3351 διδασκαλίας
3595 3289 3725 3358 ἡμῖν

2140 3400 2206 3438 πε
2217 3382 2521 3452 ριγέγονεν.

2210 3480 2283 3542 η’.
2331 3471 2581 3544 Ὀρῶμεν
2603 3470 2661 3524 δὲ
2682 3470 2776 3525 καὶ
2798 3470 2857 3523 ὲν
2876 3470 3172 3540 γράμμασι⁵
3193 3470 3395 3537 νόμους
3418 3468 3725 3539 κειμένους,

2140 3563 2577 3635 παρορωμένους
2609 3562 2667 3615 δὲ
2701 3560 2779 3630 τῷ
2808 3562 2910 3631 τὴν
2939 3560 3241 3631 παράδοσιν
3267 3560 3362 3613 καὶ
3390 3561 3462 3613 τά
3486 3560 3585 3631 ἔθη
3616 3560 3731 3613 ὲτέο

2141 3672 2248 3728 pm;
2273 3654 2467 3724 ἔχοντα
2497 3654 2838 3724 ἐπικρατεῖν.
2872 3651 3059 3705 Πάντα
3082 3652 3191 3723 γὰρ
3228 3651 3351 3715 ἔθος
3385 3652 3508 3706 εστὶ
3536 3653 3597 3705 τὸ
3641 3652 3733 3723 βεο

2139 3744 2365 3809 δαιοῦν,
2406 3746 2532 3798 ἐπεὶ
2582 3746 2678 3798 καὶ
2718 3746 2780 3797 τὸ
2822 3743 2982 3815 ἔργον
3028 3742 3192 3812 λόγου
3243 3744 3728 3815 ἐπικρατέστερον.

2146 3837 2215 3890 Τί
2248 3837 2357 3907 γάρ
2385 3838 2504 3889 ἔστι
2543 3835 2730 3905 νόμος,
2774 3835 2807 3908 ἢ
2857 3836 3137 3905 ἔγγραφον
3167 3834 3322 3901 εθοςς
3356 3834 3436 3899 ῶς
3469 3829 3537 3890 αὖ
3569 3834 3730 3889 πάλιν

2140 3927 2261 3990 ἔθος
2291 3927 2542 3999 ἄγραφος
2572 3927 2737 3997 νόμος
2769 3927 2840 3998 (ι’)
2863 3943 2876 3957 ο
2909 3926 3070 3980 τοῦτο
3096 3927 3142 3982 δ’
3174 3926 3240 3981 ἂν
3269 3927 3471 4003 ῥᾳδίως
3507 3945 3593 3991 τις
3638 3928 3731 3983 καὶ

2140 4021 2235 4074 ἐπὶ
2286 4019 2399 4074 τῶν
2442 4019 2688 4091 θύραθεν
2723 4019 2823 4072 ίδοι
2846 4035 2861 4049 ·
2896 4018 2993 4072 καὶ
3025 4018 3135 4090 γὰρ
3169 4017 3267 4072 καὶ
3316 4019 3731 4089 γραμματικῶν

2141 4112 2368 4178 παῖδες,
2410 4110 2465 4165 εἴ
2510 4128 2616 4164 που
2653 4110 2901 4180 συμϐαίη
2946 4109 3042 4164 τοῦ
3089 4110 3463 4180 κατάρχοντας
3508 4111 3732 4173 κανόνος

2138 4199 2287 4264 λέξιν
2332 4199 2455 4254 τινὰ
2486 4198 2628 4252 κατὰ
2658 4198 2878 4270 γραφὴν
2911 4198 3381 4269 παρατραπῆναι,
3419 4198 3629 4270 ἑτέρως
3675 4198 3733 4253 δὲ

2138 4291 2217 4362 τῷ
2242 4290 2353 4345 ἔθει
2390 4291 2891 4361 κατακρατήσασαν
2921 4288 3270 4361 γράφεσθαι,
3293 4291 3394 4363 τὴν
3425 4291 3731 4363 παράδοσιν

2140 4385 2208 4438 ἂν
2245 4384 2612 4448 αίτιάσοιντο,
2648 4377 2739 4436 οἷα
2770 4382 2975 4436 κανόνα
3007 4382 3235 4445 κανόνος
3274 4382 3635 4450 προάγοντες.
3669 4380 3733 4435 Τί

2141 4472 2236 4530 οὖν
2262 4474 2675 4545 ἀποφανοῦνται
2707 4474 2844 4545 πρὸς
2873 4474 2966 4527 τὸν
2996 4474 3281 4544 εἰρηκότα,
3302 4474 3384 4525 δτι
3415 4473 3728 4540 Ὲγὼπσρ-

455 4556 572 4610 didi
586 4558 725 4610 vobis
743 4556 825 4610 "?
842 4556 949 4610 Cur
967 4572 1073 4610 non
1092 4566 1461 4624 contemnant,
1484 4559 1550 4611 ad
1567 4558 1840 4629 Evangelii
1864 4560 2030 4613 alum-

2140 4566 2364 4621 ἔλαϐον
2386 4564 2507 4619 ἀπὸ
2541 4564 2645 4618 τοῦ
2687 4565 2944 4629 Κυρίου,
2980 4562 3012 4615 ὃ
3066 4562 3164 4615 καί
3201 4561 3522 4629 παρέδωκα
3552 4561 3733 4630 ὐμῖν;

457 4664 578 4715 nos,
610 4650 660 4703 id
688 4658 772 4705 est
790 4648 1132 4716 Corinthios,
1166 4650 1495 4705 scribentem
1527 4668 1542 4704 :
1568 4649 1752 4705 Laudo
1782 4667 1891 4716 vos,
1931 4653 2043 4720 fra-

455 4751 581 4806 tres,
622 4742 746 4810 quia
784 4751 972 4796 cuncta
1003 4759 1118 4796 mea
1158 4742 1546 4806 recordamini;
1576 4749 1625 4794 et
1663 4742 1799 4795 sicut
1836 4741 2039 4795 tradidi

456 4830 634 4897 tobis,
676 4832 989 4886 traditiones
1031 4833 1267 4886 retinetis
1290 4833 1358 4885 ".
1402 4832 1483 4885 Ad
1522 4830 2039 4886 Thessalonicenses

457 4934 637 4979 autem
665 4941 681 4976 :
714 4922 921 4994 Itaque,
950 4924 1165 4994 fratres,
1198 4934 1351 4985 state,
1382 4931 1432 4977 et
1464 4923 1679 4977 retinete
1712 4923 2043 4992 traditiones,

453 5030 587 5087 quas
634 5016 808 5070 edocti
850 5018 1025 5085 fuistis
1060 5018 1166 5070 sive
1192 5033 1284 5086 per
1312 5030 1601 5069 sermonem
1638 5015 1745 5068 sire
1803 5031 1894 5081 per
1934 5016 2043 5080 epi-

457 5109 648 5165 stolam
686 5118 921 5162 nostram
947 5110 1014 5164 ".
1046 5107 1351 5179 Explicabit
1394 5117 1574 5160 autem
1613 5106 1728 5159 hzec
1769 5107 2036 5172 lucidius,

461 5201 624 5269 regia}
659 5200 812 5255 urbis
840 5200 1084 5269 pontifex
1124 5199 1418 5267 mundique
1444 5197 1714 5253 luminare
1748 5199 2038 5268 Splenden-

461 5293 727 5349 tissimum
750 5334 766 5359 ,
794 5309 1023 5363 magnus
1047 5293 1285 5348 Joannes
1328 5293 1515 5347 dicens
1551 5308 1565 5344 :
1599 5289 1742 5345 (Zur?
1770 5292 1896 5361 quia
1928 5302 2035 5349 nou

2147 4657 2273 4719 Πῶς
2305 4656 2365 4710 δὲ
2392 4657 2493 4708 ούκ
2522 4654 2588 4708 ἂν
2618 4652 2996 4718 διαπτύσειαν,
3019 4652 3131 4706 τῶν
3159 4653 3626 4723 μαθητευομένων
3652 4653 3734 4714 εἰς

2144 4747 2207 4800 τὸ
2237 4745 2573 4813 Εὑαγγέλιον
2599 4746 2713 4807 τοῖς
2751 4744 2848 4814 μὲν
2874 4744 3183 4815 γράφοντα,
3219 4743 3501 4812 Κορίνθιοι
3541 4743 3599 4796 δὲ
3637 4736 3734 4796 οὗ·

2142 4855 2255 4901 τοι,
2301 4836 2558 4891 Ἐπαινῶ
2591 4835 2660 4889 δὲ
2691 4836 2884 4904 ὑμᾶς,
2913 4835 3165 4905 ἀδελφοὶ
3186 4876 3201 4902 ,
3236 4834 3327 4888 ὅτι
3368 4834 3570 4887 πάντα
3609 4851 3731 4903 μου

2145 4929 2476 4998 μέμνησθε·
2512 4927 2610 4980 καὶ
2642 4920 3176 4996 καθὼς-’παρέδωκα
3203 4926 3368 4995 ὑμῖν,
3403 4927 3511 4992 τὰς
3538 4943 3732 4996 παρα-

2149 5020 2354 5086 δόσεις
2390 5019 2705 5089 κατέχετεο
2736 5012 3200 5073 Θεσσαλονικεῢσι
3251 5019 3344 5086 δὲ,
3393 5020 3535 5087 Ἄρα
3575 5015 3729 5083 οὖν,

2145 5113 2431 5183 ἀδελφοὶ,
2472 5111 2729 5180 στήκετε
2778 5111 2880 5165 καὶ
2911 5111 3178 5180 κρατεῖτε
3213 5113 3319 5176 τὰς
3360 5112 3734 5178 παραδόσεις

2145 5203 2219 5270 ἂς
2244 5204 2615 5273 ἐδιδάχθητε,
2641 5204 2761 5258 εἴτε
2786 5204 2885 5258 διὰ
2905 5205 3114 5273 λόγου,
3147 5202 3204 5258 ετ
3208 5220 3268 5257 τε
3297 5203 3372 5256 δι’
3395 5201 3734 5270 ἐπιστολῆς

2146 5297 2336 5364 ἡμῶν.
2373 5294 2726 5359 Ἀναπτύξειε
2749 5296 2793 5348 δ’
2817 5297 2883 5349 ἂν
2905 5295 3080 5349 ταῦτα
3102 5295 3551 5365 διαφανέστερον,
3580 5298 3608 5348 ὁ
3632 5294 3733 5364 τῆς

532 5470 580 5503 ⁸³
617 5469 751 5526 Luc.
788 5486 829 5538 r,
860 5472 915 5527 1.
991 5470 1039 5503 ⁸⁵
1068 5469 1089 5523 ι
1114 5468 1245 5525 Cor.
1285 5483 1362 5533 ιι,
1389 5467 1483 5522 23.
1558 5469 1607 5501 ’⁸
1648 5468 1779 5525 ibid.
1801 5469 1895 5526 22.
1948 5467 2030 5521 "1

2132 5468 2297 5524 .‘hcss.
2325 5484 2388 5534 tt,
2424 5468 2515 5525 14.

540 5625 657 5697 (l5)
717 5625 843 5681 limo
891 5638 1106 5695 quoque
1149 5625 1715 5684 animatlvertautilli,
1770 5625 1863 5689 qui
1923 5639 1956 5691 p

462 5695 763 5765 huiusmodi
787 5697 1188 5750 Catholicorum
1229 5708 1425 5762 praxes
1455 5693 1680 5765 pedibus
1714 5696 1956 5765 trahunt.

717 5624 843 5699 litae
891 5638 1106 5699 quoque
1149 5622 1593 5699 animadvertant
1616 5621 1715 5684 illi,
1770 5621 1863 5699 qui
1923 5582 2097 5699 pias,\

2221 5621 2291 5689 (c)
2337 5620 2634 5674 Sententite.
2692 5600 2842 5683 huic,
2889 5620 3033 5689 quod
3074 5617 3501 5689 consuetudines
3530 5616 3734 5689 _iustar

2137 5686 2314 5761 legum
2338 5693 2468 5751 sint,
2490 5691 2715 5761 disertis
2733 5686 3257 5761 \‘grbis—astipttlulttr
3279 5687 3510 5761 Proclus
3530 5686 3730 5755 Lycius

531 5758 642 5834 (14)
700 5767 771 5819 Se
814 5778 1003 5820 nentes
1051 5758 1243 5819 versos
1301 5758 1508 5831 septem
1561 5764 1694 5817 editi
1744 5764 2030 5819 exstabant
2136 5758 2335 5814 in'suis
2381 5762 2447 5812 ad
2487 5759 2735 5813 Platonis
2761 5758 2946 5821 Remp.
2975 5758 3416 5823 Commentariis,
3445 5766 3591 5828 apud
3630 5773 3731 5811 nos

468 5832 648 5889 iatltittt‘
686 5854 743 5889 ex
774 5782 1055 5889 {iurriano
1089 5836 1227 5889 aoud
1251 5834 1530 5889 Cunisium
1565 5844 1694 5889 tom.
1724 5834 1815 5887 cit.
1853 5849 1904 5889 ιι.
1938 5832 2023 5887 18.
2135 5831 2190 5887 irt
2224 5830 2510 5889 Spicilegia
2536 5828 2790 5889 Romano,
2818 5840 2854 5883 t.
2884 5828 3016 5889 Vill,
3047 5842 3101 5889 ιι.
3127 5826 3251 5881 673.

487 5852 648 5889 sillllit‘
686 5854 743 5891 CX

832 5840 1055 5890 urriano
1089 5836 1227 5906 apud
1251 5834 1530 5889 Cunisium
1565 5844 1694 5891 tom.
1724 5834 1815 5887 cit.
1852 5849 1904 5903 p.
1938 5832 2023 5887 18.

2135 5831 2190 5887 in
2224 5830 2510 5900 Spicilegia
2536 5828 2790 5892 Romano,
2818 5840 2854 5883 t.
2884 5828 3016 5890 Vill,
3047 5842 3101 5897 ν.
3127 5826 3251 5881 673.
