4050 6420
544 391 643 457 391

1573 385 1634 442 So
1675 379 2095 441 NICEPHORI
2133 374 2643 437 PATRIARCHfE
2682 375 2793 434 (ΖΡ.

3707 375 3804 438 392

548 503 781 572 primum
803 544 816 569 ,
854 502 994 569 quod
1029 499 1109 552 lex
1138 498 1335 568 jnbens
1364 496 1561 552 divinis
1598 495 1906 563 Evangeliis
1939 493 2119 547 cruei-

2252 492 2325 544 ιὲν
2349 493 2377 544 ὁ
2399 490 2563 560 νόμος
2596 491 2623 541 ό
2650 488 2889 541 κελεύων
2925 486 2994 540 τά
3020 504 3076 540 τε
3111 486 3235 540 θεῖα
3268 487 3575 554 Εύαγγέλια
3602 491 3693 540 καὶ
3722 490 3805 545 τὸν

546 607 654 660 que
701 591 1023 659 obsequium
1063 590 1359 654 exhibere,
1414 588 1687 655 rebusque
1739 586 1863 639 aliis
1908 597 2027 652 quae
2072 583 2125 636 in

548 696 733 740 nostra
765 683 1007 737 Ecclesia
1048 684 1388 737 honorantur
1417 690 1471 735 et
1502 680 1896 748 glorilicantnr,
1935 675 2126 729 eadem

548 774 754 829 Christi
790 788 1004 842 quoque
1039 775 1329 843 imaginem
1364 770 1609 825 venerari
1637 769 1913 823 admonet.

624 864 712 920 10.
753 864 1011 930 Quaenam
1057 879 1183 918 vero
1217 861 1376 930 hujus
1414 862 1550 929 legis
1590 869 1786 914 natura
1819 858 1939 913 est?
1973 856 2131 912 Fides

553 957 838 1021 nimirum,
874 965 928 1011 et
971 956 1306 1010 credentium
1350 953 1579 1007 interior
1619 968 1683 1006 ac
1719 961 2016 1020 spontanea
2068 949 2131 1001 ad

556 1063 643 1102 res
690 1048 902 1101 divinas
939 1046 1281 1117 proclivitas,
1313 1055 1369 1099 et
1416 1044 1564 1099 circa
1599 1044 1745 1113 ipsas
1802 1043 1887 1111 pia
1921 1051 1975 1095 et
2018 1056 2136 1095 rec-

556 1139 763 1193 tissima
798 1153 925 1191 cura
962 1152 1024 1191 ac
1067 1136 1334 1199 studium,
1371 1149 1581 1189 necnon
1642 1132 1839 1187 tradita
1877 1131 2136 1185 Ecclesia:

556 1230 922 1298 diuturnoque
966 1237 1208 1297 tempore
1239 1228 1481 1281 stabilita
1519 1239 1575 1281 et
1618 1240 1945 1296 permanens
1988 1240 2137 1280 con-

555 1322 816 1388 suetudo,
854 1329 1014 1389 prout
1058 1320 1216 1391 paulo
1251 1329 1379 1374 ante
1416 1320 1620 1374 dictum
1663 1327 1766 1373 est.
1801 1316 2004 1372 Deinde
2040 1331 2139 1371 na-

560 1414 757 1467 turalis
788 1427 1004 1481 quoque
1049 1412 1206 1467 nobis
1251 1412 1413 1466 insita
1451 1410 1536 1465 lev
1579 1419 1661 1464 est
1710 1410 1937 1480 (prazter
1974 1425 2138 1477 quam

556 1507 701 1576 quod
746 1507 832 1560 lex
868 1520 1084 1574 quoque
1116 1505 1319 1572 scripta
1352 1505 1402 1557 id
1433 1503 1617 1574 jubet)
1657 1514 1711 1557 ut
1754 1501 2140 1570 priestantihus

559 1600 723 1653 rebus
783 1613 1058 1667 congruus
1112 1597 1439 1651 exhibentur
1490 1597 1668 1648 honor
1720 1603 1775 1649 et
1838 1594 2137 1647 veneratio.

557 1695 736 1760 Atque
773 1691 878 1745 hoc
930 1706 995 1743 ex
1033 1687 1341 1743 differentia
1377 1702 1593 1755 quoque
1631 1686 2007 1739 adorationum
2051 1700 2143 1741 co-

559 1799 820 1852 gnoscere
848 1783 993 1837 licet.
1028 1781 1271 1850 Namque
1308 1780 1506 1834 eximia
1540 1788 1596 1833 et
1625 1779 1867 1833 omnium
1903 1778 2139 1832 maxima

2231 580 2485 651 σταυρὸν,
2509 583 2602 633 καὶ
2622 579 2792 634 τᾶλλα
2819 579 2989 631 ὁπόσα
3018 580 3075 631 ὲν
3102 580 3169 647 τῇ
3204 575 3328 630 καθ’
3352 579 3497 647 ἡμᾶς
3518 578 3806 652 Ἐκκλησία

2229 674 2456 740 τιμᾶται
2502 675 2597 724 καὶ
2635 669 2960 738 δοξάζεται,
3001 672 3030 724 ὁ
3063 670 3235 734 αὐτὸς
3276 664 3433 733 οὗτος
3476 670 3572 722 καὶ
3615 670 3808 743 ταύτην

2231 765 2560 832 προσκυνεῖν
2597 765 2915 835 παρεγγυᾷ.

2306 862 2352 910 ι’.
2390 855 2456 907 Τί
2480 856 2541 908 δὲ
2574 855 2732 909 τοῦτό
2749 857 2927 920 ὲστιν;
2969 854 3032 908 Ἦ
3058 854 3264 920 πίστις,
3298 854 3392 908 καὶ
3419 853 3526 907 τῶν
3554 854 3756 910 πιστῶν
3781 857 3812 927 ἡ

2232 946 2447 1001 οἴκοθεν
2478 948 2575 1000 καὶ¹
2608 948 3053 1016 αὐτεπάγγελτος
3086 947 3213 1018 περλ⁵
3243 948 3315 1000 τὰ
3346 946 3471 1000 θεῖα
3514 947 3658 1017 ὁρμὴ
3680 988 3693 1011 ,
3721 949 3808 1002 καὶ

2235 1041 2429 1111 ἡπερὶ
2457 1041 2601 1094 αὐτὰ
2646 1041 2887 1111 εὐλαϐὴς
2922 1041 3018 1093 καὶ
3059 1039 3333 1107 εὐθυτάτη
3377 1038 3697 1110 προαίρεσις
3729 1042 3814 1094 καὶ

2238 1132 2467 1203 σπουδὴ.
2498 1132 2594 1186 καὶ
2629 1134 2662 1203 ἡ
2711 1131 3125 1203 παραδεδομένη
3154 1133 3221 1201 τῇ
3269 1129 3575 1201 Ἐκκλησία
3607 1130 3701 1184 καὶ
3744 1133 3811 1201 τῷ

2240 1224 2441 1295 μακρῷ
2480 1225 2659 1295 χρόνῳ
2699 1223 3064 1294 βεϐαιωθεῖσα
3095 1224 3187 1275 καὶ
3220 1221 3508 1293 κρατοῦσα
3542 1222 3808 1292 συνήθεια,

2238 1314 2383 1368 καθὰ
2405 1314 2470 1383 δὴ
2502 1315 2595 1368 καὶ
2623 1314 2807 1384 μικρῷ
2839 1313 3078 1384 πρόσθεν
3111 1314 3332 1384 εἴρηται
3353 1329 3367 1342 ·
3414 1311 3610 1366 ἔπειτα
3646 1313 3701 1366 δὲ
3741 1314 3815 1367 ὅτι

2240 1408 2336 1460 καὶ
2368 1408 2601 1476 φυσικὸς
2632 1406 2796 1477 νόμος
2829 1409 2962 1477 ἡμῖν
3004 1406 3326 1476 ἐνυπάρχει,
3362 1406 3460 1458 καὶ
3495 1406 3596 1476 μὲν
3632 1405 3695 1476 δὴ
3734 1404 3818 1460 καὶ

2240 1498 2267 1550 ὁ
2291 1500 2349 1551 ὲν
2386 1500 2680 1570 γράμμασι
2712 1500 2965 1569 κείμενος
2996 1498 3377 1567 ὲγκελεύεται,
3406 1501 3525 1562 τοῖς
3557 1498 3619 1551 τὸ
3650 1503 3818 1568 κρείτο

2241 1607 2332 1643 τον
2363 1591 2755 1660 ἐνεγκαμένοις
2800 1590 2899 1661 τὴν
2943 1590 3267 1663 πρέπουσαν
3299 1590 3495 1659 νέμειν
3540 1590 3703 1661 τιμὴν
3736 1593 3820 1643 καὶ

2244 1683 2649 1753 προσκύνησιν·
2698 1681 2986 1737 καὶτοῦτο
3030 1681 3193 1752 μάθοι
3236 1700 3321 1746 τις
3375 1682 3443 1735 ἂν
3492 1684 3558 1735 ὲκ
3598 1682 3695 1751 τῆς
3722 1681 3819 1735 τῶν

2245 1776 2673 1846 προσκυνήσεων
2707 1776 2997 1845 διαφορᾶς.
3019 1774 3084 1827 Ἥ
3115 1774 3217 1845 μὲν
3246 1775 3357 1843 γὰρ
3388 1773 3705 1843 ἐξῃρημένη
3736 1776 3820 1826 καὶ

558 1874 839 1939 adoratio,
900 1873 989 1925 uni
1053 1871 1352 1926 universali
1406 1870 1517 1925 Deo
1560 1885 1854 1940 rerumque
1896 1870 2140 1924 omnium

2252 1866 2465 1918 πάντων
2508 1866 2768 1920 ἐπέκεινα
2804 1865 3212 1937 προσκύνησις,
3268 1866 3418 1935 μόνῳ
3457 1864 3537 1934 τῷ
3569 1863 3674 1916 τῶν
3700 1863 3821 1916 ὅλων

561 1963 787 2016 Domino
839 1963 1066 2016 debetur
1119 1977 1183 2014 ac
1218 1961 1464 2015 redditur
1510 1961 1652 2032 (18),
1698 1961 1862 2015 veluti
1898 1961 1982 2014 illa
2026 1977 2145 2029 quae

561 2065 847 2123 reputatur
886 2055 999 2108 fieri
1029 2054 1317 2109 latreutico
1348 2053 1496 2107 cultu
1533 2069 1597 2108 ac
1626 2055 1847 2123 spiritu.
1888 2052 2143 2122 Reliqua-

562 2160 680 2199 rum
711 2160 840 2199 vero
865 2144 1268 2208 adorationum,
1299 2143 1403 2196 alia
1437 2144 1495 2197 lit
1516 2143 1585 2197 ob
1618 2142 1893 2196 excelsum
1918 2144 2143 2211 gradum

564 2252 629 2291 ac
693 2237 1047 2305 dignitatem,
1103 2235 1270 2287 veluti
1325 2233 1417 2287 illa
1474 2249 1596 2302 qua:
1638 2234 1857 2303 regibus
1914 2234 2148 2303 aliisque

566 2327 907 2396 principibus
935 2344 963 2380 a
997 2326 1234 2382 subditis
1261 2327 1571 2381 exhibetur.
1602 2326 1694 2381 Sic
1722 2327 1866 2380 enim
1895 2340 1962 2381 ex
2000 2326 2145 2380 omni

565 2418 1036 2494 antiquitatelex
1103 2417 1363 2473 obtinuit.
1428 2417 1547 2471 Alia
1608 2418 1889 2488 tyrannica
1953 2427 2039 2472 est
2095 2428 2150 2472 et

563 2520 776 2575 coacta,
819 2525 1012 2580 nempe
1059 2526 1180 2580 qua;
1226 2510 1502 2564 iracundis
1545 2526 1610 2564 ac
1649 2496 2077 2580 prmpoteiitibtts
2117 2527 2149 2565 a

568 2602 765 2656 timore
788 2612 843 2655 et
877 2603 1240 2671 trepidatione
1273 2603 1382 2656 vim
1415 2603 1739 2672 patientium
1771 2604 1939 2657 invite
1975 2604 2150 2658 deler-

570 2703 684 2745 tur.
719 2693 838 2746 Alia
877 2708 998 2747 cmn
1029 2693 1331 2748 honorandi
1373 2692 1650 2761 proposito
1675 2702 1920 2747 amanter
1945 2702 2000 2748 et
2027 2709 2148 2747 enm

568 2783 674 2838 [ille
726 2798 754 2836 a
813 2785 1188 2851 credentibus,
1250 2795 1475 2854 propter
1534 2785 1776 2852 ipsorum
1833 2795 2148 2841 sanctorum

567 2876 759 2940 Deum,
791 2877 1047 2930 tribuitur
1101 2878 1307 2931 sanctis
1341 2892 1439 2932 ceu
1491 2893 1589 2946 per
1628 2893 1722 2932 eos
1764 2881 1829 2933 ad
1863 2879 2031 2934 Deum
2067 2894 2151 2934 re-

567 2969 707 3033 lata,
745 2983 952 3023 necnon
1006 2968 1149 3024 divis
1186 2969 1427 3039 angelis,
1478 2980 1531 3024 et
1583 2971 1762 3024 sacris
1804 2970 2150 3036 hominibus,

565 3070 618 3114 et
649 3062 892 3130 angustis
922 3060 1137 3132 templis
1179 3062 1452 3130 vasisque.
1497 3060 1615 3115 Alia
1657 3062 1890 3131 denique
1928 3061 2149 3115 relativa

2245 1955 2365 2027 Θεῷ
2417 1960 2513 2011 καὶ
2556 1958 2778 2011 πάντων
2829 1955 3310 2022 κατεξουσιάζοντι
3359 1955 3706 2024 ὲποφείλεται
3739 1953 3823 2005 καὶ

2249 2053 2611 2121 προσάγεται,
2638 2050 2727 2104 οῖα
2752 2053 2785 2120 ἡ
2817 2051 2876 2104 ἐν
2902 2047 3133 2121 λατρεία
3167 2048 3376 2118 θεωρον
3390 2048 3527 2118 μένη
3557 2046 3651 2099 καὶ
3675 2044 3822 2121 πνεύ-

2252 2160 2417 2213 ματι*
2466 2143 2576 2197 τῶν
2625 2143 2671 2196 δ’
2714 2142 2889 2195 ἄλλων
2932 2142 2964 2212 ἡ
3010 2142 3110 2212 μὲν
3150 2140 3275 2194 καθ’
3324 2137 3606 2208 ὑπεροχὴν
3655 2135 3824 2189 καὶτὸ

2250 2234 2492 2305 ἀξίωμα,
2519 2234 2595 2298 ὼς
2622 2238 2655 2305 ἡ
2689 2237 2803 2303 τοῖς
2827 2233 3110 2305 βασιλεῦσι
3140 2234 3236 2285 καὶ
3267 2235 3383 2296 τοῖς
3406 2231 3592 2293 ἄλλοις
3615 2230 3825 2300 ἄρχουσι

2251 2346 2324 2381 πα
2337 2328 2401 2398 ρὰ
2430 2327 2539 2378 τῶν
2580 2328 2839 2396 ὑπηκόων
2871 2323 3326 2397 προσφερομένη’
3362 2322 3507 2377 οὓτω
3547 2320 3653 2391 γὰρ
3678 2320 3825 2389 νόμος

2251 2419 2593 2488 κεκράτηκεν
2622 2417 2830 2471 ἄνωθεν
2875 2432 2889 2446 ·
2921 2417 2955 2487 ἡ
2983 2416 3039 2467 δὲ
3080 2413 3387 2484 τυραννικὴ
3427 2413 3523 2466 καὶ
3570 2412 3755 2481 βίαιος,
3790 2410 3822 2479 ἡ

2251 2515 2363 2576 τοῖς
2391 2508 2683 2580 δυσμενέσι
2724 2509 2817 2562 καὶ
2844 2506 3166 2578 τυραννοῦσι
3190 2505 3299 2559 δέει
3327 2505 3425 2558 καὶ
3455 2503 3664 2574 ἀγωνίᾳ
3690 2499 3825 2571 παρὰ

2252 2604 2361 2659 τῶν
2395 2600 2938 2673 κατηναγκασμένων
2969 2599 3243 2661 ἀκουσίως
3278 2595 3691 2669 προσαγομένη“
3719 2593 3823 2660 ἡδὲ

2254 2698 2396 2752 κατὰ
2424 2698 2592 2767 τιμὴν
2642 2695 2737 2749 καὶ
2776 2691 3102 2763 προαίρεσιν
3144 2692 3210 2744 ἐκ
3264 2691 3441 2743 πόθον
3474 2690 3568 2742 καὶ
3611 2687 3830 2744 πίστεως

2255 2791 2407 2861 παρὰ
2450 2790 2557 2843 τῶν
2605 2787 2813 2841 πιστῶν
2851 2789 2965 2850 τοῖς
3018 2784 3197 2853 ἁγίοις
3245 2785 3333 2838 διὰ
3371 2784 3476 2836 τὸν
3528 2780 3635 2834 τῶν
3677 2778 3833 2846 ἁγίων

2254 2883 2389 2935 Θεὸν
2422 2880 2795 2952 νενεμημένη,
2827 2878 2903 2942 ὡς
2946 2878 3014 2931 δι’
3056 2876 3280 2930 ἐκείνων
3315 2876 3414 2928 ἐπ’
3454 2874 3617 2927 αὐτὸν
3649 2873 3831 2940 ἀναγο-

2259 2975 2420 3045 μένη,
2451 2973 2709 3041 ἀγγέλοις
2736 2987 2796 3024 τε
2842 2970 3031 3034 θείοις,
3064 2969 3160 3023 καὶ
3210 2967 3481 3036 ἀνδράσιν
3527 2966 3718 3035 ἱεροῖς,
3749 2961 3831 3015 καὶ

2254 3068 2403 3129 ναοῖς
2442 3064 2649 3134 τιμίοις
2679 3068 2778 3118 καλ⁵
2808 3064 3085 3119 σκεύεσιν·
3127 3066 3160 3135 ἡ
3190 3063 3247 3117 δὲ
3283 3061 3519 3135 σχετικὴ
3547 3061 3640 3116 καὶ
3671 3061 3832 3114 ἀσπα-

568 3164 625 3205 et
673 3154 1017 3218 salutatoria,
1058 3168 1127 3208 ex
1155 3154 1332 3209 amico
1371 3154 1720 3224 benigneque
1752 3155 1956 3218 animo,
1993 3154 2148 3207 lami-

2257 3158 2443 3228 στικὴ,
2484 3159 2548 3210 ἐκ
2586 3158 2811 3228 φιλικῆς
2857 3157 3156 3221 διαθέσεως
3199 3157 3297 3209 κο)⁹
3342 3156 3722 3226 εὐγνώμονος,
3759 3152 3829 3205 ol-

566 3246 856 3301 liaritatem
892 3262 955 3301 ac
998 3247 1432 3302 benevolentiam
1462 3247 1606 3322 caris
1640 3245 1950 3300 hominibus
1981 3246 2151 3316 signi-

567 3340 762 3394 licans.
790 3338 988 3394 Verum
1032 3350 1321 3410 utcunque
1350 3354 1408 3394 se
1439 3339 1603 3394 habet
1625 3339 1960 3394 adorationis
1990 3343 2150 3405 ratio,

570 3439 632 3484 nt
662 3431 838 3499 magis
868 3430 1199 3499 generaliter
1229 3430 1537 3500 loquamur,
1571 3430 1637 3485 ad
1670 3430 1784 3485 hinc
1817 3430 1917 3484 tria
1952 3446 2152 3500 genera

573 3522 829 3577 adoratio
868 3521 1162 3591 redigitur;
1199 3538 1324 3575 nam
1377 3520 1464 3575 vel
1516 3535 1704 3575 amore
1742 3520 1826 3574 vel
1889 3530 2033 3575 metu
2073 3520 2155 3573 vel

571 3611 714 3680 lege-
758 3612 874 3665 lieri
930 3614 1289 3683 conspicitur.
1344 3611 1711 3678 Quamobrem
1765 3613 1958 3676 rebus,
2021 3627 2156 3681 quas

571 3714 757 3756 nostra
788 3703 1054 3756 hactenus
1076 3702 1326 3756 adoratio
1372 3702 1573 3773 attigit,
1613 3717 1711 3757 ceu
1741 3702 2004 3772 dignitate
2042 3719 2156 3755 ma-

564 3794 686 3861 jure
716 3794 976 3867 praeditis,
1012 3804 1065 3848 et
1106 3794 1515 3849 venerationem
1551 3802 1772 3863 propter
1799 3808 1863 3848 ea
1900 3809 2021 3863 quae
2055 3807 2155 3847 no-

570 3886 655 3939 bis
678 3894 1110 3940 commemorant
1135 3884 1245 3956 92
1278 3885 1639 3951 merentibus,
1669 3895 1817 3939 recte
1845 3899 1945 3939 nos
1971 3899 2159 3938 amore

574 3978 837 4032 stimulati
875 3979 1224 4032 honorariam
1266 3976 1642 4033 adorationem
1678 3975 2007 4044 tribuimus;
2048 3991 2155 4030 non

577 4068 720 4123 illam
756 4069 938 4124 hercle
964 4069 1156 4134 latrite,
1191 4068 1366 4133 absit;
1398 4077 1453 4121 ut
1490 4066 1581 4122 iSIi
1604 4067 1865 4122 adversus
1891 4066 2159 4122 Christia-

578 4175 676 4215 nos
708 4160 932 4228 indigno
962 4158 1401 4213 Christianorum
1436 4170 1587 4210 more
1628 4167 1899 4225 nugantnr
1926 4156 2061 4227 (19).

648 4252 737 4306 ll.
768 4249 890 4304 Jam
941 4249 984 4305 si
1042 4250 1186 4319 leges
1217 4263 1434 4318 quoque
1473 4249 1710 4303 recitare
1748 4265 1888 4319 onus
1931 4260 2049 4318 est,
2090 4266 2157 4305 en

575 4345 799 4400 l‘aulum
851 4343 1136 4414 jubentetn
1183 4359 1198 4396 :
1246 4340 1469 4395 Reddite
1508 4342 1749 4395 omnibus
1802 4342 2009 4408 debita,
2063 4342 2160 4395 alii

572 4450 802 4501 malum,
854 4437 950 4491 alii
990 4436 1243 4489 honorem
1267 4433 1315 4465 ³⁸
1372 4445 1426 4488 et
1466 4443 1732 4504 quotquot
1772 4434 1877 4489 alia
1912 4450 2036 4490 cum
2074 4434 2157 4500 bis

2254 3248 2480 3303 κειωσιν
2526 3251 2621 3302 καὶ
2668 3247 2884 3302 εὔνοιαν
2926 3251 3041 3312 τοῖς
3084 3248 3481 3319 ἠγαπημένοις
3511 3245 3831 3314 ἐπαγγελλο-

2258 3341 2416 3412 μένη.
2449 3341 2557 3395 Καὶ
2584 3342 2733 3404 ὅπως
2761 3341 2826 3395 ἂν
2855 3343 2884 3396 ὁ
2912 3342 3013 3411 τῆς
3053 3343 3488 3412 προσκυνήσεως
3526 3341 3636 3410 ἔχοι
3668 3338 3829 3406 λόγος,

2256 3434 2352 3487 καὶ
2397 3431 2472 3495 ὡς
2514 3431 2578 3485 ἄν
2618 3449 2703 3495 τις
2744 3431 3110 3502 γενικώτερον
3146 3430 3330 3496 εἴποι,
3370 3433 3529 3502 τρισὶ
3561 3430 3761 3490 τούτοις
3800 3426 3830 3496 ἡ
3864 3423 3870 3427 ’

2256 3523 2634 3594 προσκύνησις
2658 3522 3168 3594 χαρακτηρίζεσθαι
3193 3522 3465 3592 πέφυκενο
3485 3523 3518 3594 ἢ
3541 3523 3655 3593 γὰρ
3668 3518 3826 3588 πόθῳ,

2256 3618 2290 3687 ἢ
2324 3616 2495 3687 φόϐῳ,
2532 3616 2566 3686 ἢ
2597 3610 2747 3687 νόμῳ
2782 3616 3045 3686 γινομένη
3078 3617 3293 3686 («pater
3329 3614 3411 3668 διὸ
3445 3618 3543 3669 καὶ
3572 3617 3680 3677 τοῖς
3707 3626 3830 3682 προ-

2256 3708 2532 3778 κειμένοις
2559 3708 2692 3778 ἡμῖν
2722 3705 2799 3776 τῷ
2827 3705 2972 3775 λόγῳ
3002 3708 3082 3768 εἰς
3113 3703 3427 3774 ἐπίσκεψιν,
3455 3698 3544 3758 οἷα
3573 3704 3726 3774 δόξης
3749 3700 3831 3752 λα-

2257 3803 2414 3870 χοῦσι
2448 3801 2545 3869 τῆς
2575 3797 2920 3868 κρείττονος,
2958 3796 3056 3851 καὶ
3084 3796 3146 3849 τὸ
3177 3795 3482 3876 σεϐάσμιον
3524 3788 3599 3850 ὧν
3637 3793 3830 3846 εἵνεκεν

2262 3893 2484 3961 μνήμην
2520 3890 2745 3960 φέρουσι
2770 3888 3157 3960 κεκτημένοις,
3185 3887 3412 3951 εἰκότως
3449 3890 3518 3942 ἐκ
3550 3886 3713 3940 πόθου
3741 3881 3830 3953 τὴν

2256 3979 2403 4032 κατὰ
2430 3979 2595 4050 τιμὴν
2620 3979 2997 4050 προσκύνησιν
3036 3979 3279 4049 νέμομεν
3302 4018 3318 4046 ,
3347 3978 3407 4031 οὐ
3449 3980 3552 4049 τὴν
3579 3977 3718 4031 κατὰ
3744 3972 3835 4026 λα-

2259 4070 2474 4141 τρείαν,
2511 4070 2717 4138 ἄπαγε,
2751 4070 2828 4134 ὡς
2857 4070 2906 4124 οἳ
2942 4070 3289 4142 Χριστιανῶν
3322 4070 3383 4123 οὐ
3413 4071 3565 4124 κατὰ
3588 4070 3837 4140 Χριστια-

2260 4161 2385 4224 νοὺς
2418 4160 2896 4233 κατεφλυάρησαν.

2334 4247 2421 4302 ια’.
2456 4249 2517 4302 Εἰ
2542 4251 2599 4302 δὲ
2619 4250 2700 4303 δεῖ
2728 4251 2821 4304 καὶ
2846 4252 2973 4315 τοὺς
3005 4251 3203 4322 νόμους
3230 4251 3407 4305 εἰπεῖν
3434 4292 3449 4317 ,
3482 4245 3836 4322 νομοθετείτω

2261 4341 2472 4404 Παῦλος
2493 4384 2509 4409 ,
2550 4341 2826 4396 Ἀπόδοτε
2857 4341 3010 4398 πᾶσι
3031 4383 3045 4408 ,
3081 4343 3282 4411 λέγων,
3314 4343 3423 4409 τὰς
3455 4341 3741 4411 όφειλὰς,
3766 4330 3838 4400 τῷ

2254 4434 2373 4505 μὲν
2402 4434 2510 4487 τὸν
2536 4436 2724 4503 φόϐον
2743 4474 2759 4500 ,
2784 4433 2863 4500 τῷ
2890 4434 2959 4488 δὲ
2987 4434 3105 4502 τὴν
3133 4434 3314 4505 τιμὴν
3338 4477 3354 4503 ,
3384 4436 3479 4487 καὶ
3501 4436 3607 4488 ὅσα
3635 4430 3838 4489 τούτοις

573 4540 880 4589 enumerat.
913 4528 1066 4595 Quod
1110 4529 1153 4583 si
1186 4527 1355 4583 Paulo
1384 4543 1489 4582 non
1522 4527 1803 4594 obediunt,
1836 4543 1904 4583 ne
1937 4528 2149 4583 Christo

2260 4527 2795 4597 συγκατηρεθμηται.
2835 4528 2898 4581 Ei
2931 4526 2988 4579 δὲ
3015 4524 3215 4598 Παύλῳ
3251 4528 3313 4579 ού
3357 4528 3677 4593 πείθονται,
3708 4522 3838 4591 τάχα

574 4626 793 4692 quidem
826 4638 1031 4677 morem
1076 4626 1305 4691 gerent,
1338 4620 1429 4690 qui
1461 4620 1694 4676 Cmsaris
1724 4621 2013 4692 imaginem
2055 4620 2154 4674 ho-

577 4716 759 4770 norari
795 4714 1090 4767 mandavit.
1128 4713 1342 4766 Etenim
1389 4727 1614 4766 nummo
1653 4727 1682 4764 a
1714 4709 2071 4766 tentatoribus
2102 4711 2152 4766 ei

575 4807 787 4871 oblato,
846 4820 948 4859 non
1002 4805 1077 4858 ait
1120 4823 1133 4858 :
1184 4802 1475 4873 Despuite,
1529 4813 1620 4857 aut
1671 4801 2011 4866 conculcate,
2062 4814 2156 4857 aut

649 4944 694 4975 ³⁸
712 4942 873 4997 Rom.
905 4955 1027 5008 xm,
1060 4940 1111 4996 7.

650 5099 763 5171 (l8)
798 5095 1123 5171 Rectissime
1154 5093 1496 5171 Nicephorus
1527 5107 1653 5171 cum
1686 5091 2159 5171 septimae-synodi

578 5164 898 5226 definitione
931 5177 1038 5220 act.
1072 5165 1128 5228 7,
1169 5164 1257 5217 ubi
1306 5166 1637 5217 honorandae
1657 5164 1873 5232 quidem
1903 5164 2160 5216 dicuntur

581 5236 1094 5312 imaginestlltristi.
1133 5235 1397 5312 Deipat'm,
1427 5244 1825 5312 etsanctorurn
1861 5244 2165 5312 nontamen

576 5303 929 5372 vera'latrin,
960 5322 1076 5375 quin
1106 5306 1394 5358 secundum
1426 5303 1586 5375 ﬁdem
1612 5312 1713 5367 est,
1743 5318 1960 5375 qumque
1991 5304 2164 5375 solani

580 5384 809 5435 divinam
834 5372 1079 5432 naturam
1098 5375 1346 5433 ἄρσει,οὺ
1378 5374 1482 5444 μὴν
1511 5372 1608 5444 τὴν
1631 5372 1774 5427 κατὰ
1796 5372 1979 5444 πίστιν
2008 5372 2162 5441 ἡμῶν

580 5451 842 5521 ἀληθινὴν
872 5446 1166 5521 νλατρεζαν,
1233 5445 1267 5516 ἢ
1299 5442 1496 5514 πρέπει
1531 5442 1669 5521 μόνῃ
1699 5446 1783 5521 ’τῇ
1818 5442 1938 5521 θείᾳ
1973 5445 2154 5521 φύσει.

584 5514 720 5574 lltnc
757 5514 1173 5574 evidentissime
1210 5514 1362 5582 patet
1416 5530 1572 5568 error
1602 5514 1709 5582 (vel
1741 5514 1920 5582 potius
1951 5515 2160 5566 calum-

583 5594 694 5649 nia)
730 5589 951 5644 secundi
985 5584 1209 5640 canonis
1243 5582 1779 5645 Francol’ordiensis,
1829 5584 1898 5635 ab
1939 5584 2156 5637 hetero-

584 5663 740 5713 doxis
794 5657 959 5711 toties
1016 5654 1304 5710 catholicis
1340 5654 1561 5720 objecti,
1602 5653 1655 5706 in
1709 5667 1818 5719 quo
1851 5662 2043 5706 contra
2078 5654 2157 5705 rei

585 5731 755 5796 ipsius
787 5730 1069 5781 veritatem
1104 5726 1217 5778 haec
1275 5724 1620 5796 scribuntur:
1651 5721 1832 5796 Allata
1864 5736 1937 5777 est
1968 5724 2022 5775 in
2056 5739 2159 5796 me-

582 5792 733 5855 dium
762 5800 981 5870 quastio
1016 5798 1080 5849 de
1119 5810 1251 5848 nova
1296 5792 1599 5849 Gra'corum
1637 5794 1859 5862 synodo,
1894 5808 2053 5862 quant
2092 5795 2155 5847 de

2261 4619 2384 4673 οὐδὲ
2400 4619 2624 4690 Χριστῷ
2652 4620 3082 4690 πεισθήσονται,
3111 4620 3210 4691 τὴν
3238 4623 3521 4694 Καίσαρος
3553 4623 3736 4676 εἰκόνα
3765 4635 3838 4669 τι·

2265 4713 2373 4782 μᾷν
2409 4713 2892 4783 παρεγγυήσαντι·
2922 4712 3017 4765 τοῦ
3049 4715 3159 4785 γὰρ
3196 4715 3532 4784 νομίσματος
3564 4714 3714 4785 παρὰ
3739 4707 3836 4761 τῶν

2262 4802 2640 4873 πειραζόντων
2651 4804 2694 4875 ⁸ὑ
2704 4800 3101 4874 ποδειχθέντος,
3121 4807 3219 4859 οὐκ
3251 4803 3399 4873 εἷπε,
3418 4804 3832 4862 Καταπτύσατει

2272 5096 2564 5167 adorandi:
2614 5095 2930 5164 imaginibus
2965 5094 3429 5167 Constantinopoli
3473 5086 3833 5167 (imol‘licwi?)

2273 5165 2534 5232 fecerunt,
2562 5168 2618 5219 in
2663 5183 2765 5234 qna
2813 5169 3063 5231 scriptum
3105 5165 3416 5238 habebatur,
3452 5165 3508 5220 ui
3540 5166 3630 5238 qui
3660 5166 3835 5238 integr

2275 5238 2423 5289 nibus
2455 5247 2781 5295 sanctorum.
2832 5237 2909 5288 ita
2942 5246 2994 5288 ut
3043 5237 3246 5301 ἀείρετο
3287 5235 3835 5295 Ττὶηἱιιιιὶζεενυὲιικηι

2273 5316 2366 5358 aut
2392 5307 2759 5360 adorntionem
2787 5322 2891 5358 non
2914 5307 3290 5374 impenderent,
3324 5314 3608 5361 anathema
3628 5303 3835 5376 judica-

2272 5385 2475 5428 rentur.

2332 5445 2446 5515 (l9)
2487 5443 2562 5499 Ut
2601 5444 2732 5499 olim
2770 5446 3116 5513 uagabantur
3160 5446 3530 5511 Iconomachi,
3574 5448 3645 5500 ita
3682 5440 3830 5498 etim"

2256 5516 2570 5589 consecutis
2638 5519 2976 5589 temporibus
3033 5521 3324 5589 usquead
3379 5534 3500 5578 nos.
3550 5517 3831 5589 irridentur

2258 5585 2533 5657 immerito
2600 5586 2669 5639 ab
2726 5587 3076 5640 heterodoxis
3118 5585 3379 5641 catholici
3465 5589 3619 5657 quasi
3670 5585 3823 5636 latriae

2257 5655 2485 5729 cultum,
2524 5671 2628 5729 non
2657 5668 2858 5729 autem
2884 5658 3230 5729 honorariam
3262 5662 3343 5725 (ut
3371 5672 3455 5714 res
3485 5655 3595 5729 est)
3623 5659 3818 5711 νείκη·

2258 5725 2461 5781 tionem
2489 5728 2666 5782 sacris
2702 5726 3026 5796 imaginibus
3054 5728 3372 5783 exhibeant.
