4050 6414
400 401 516 464 395

1455 398 1518 459 S.
1560 395 1986 458 NICEPHORI
2029 390 2540 454 PATRIARCHE
2578 388 2686 452 ΟΡ.

3594 387 3700 459 396

410 515 475 567 rii
509 525 672 581 atque
703 509 1067 580 lmpudenles,
1101 507 1282 563 dicere
1309 511 1484 578 ipsum
1513 511 1809 564 allirmasse
1840 527 1852 561 :
1889 507 1992 563 Re-

2109 524 2319 578 σχυντοι
2353 504 2720 576 φθέγξασθαι,
2748 501 2823 564 ὡς
2854 499 3018 565 αὐτὸς
3049 500 3276 572 εἴρηκεν
3297 517 3314 534 ο
3351 501 3411 559 Ἡ
3436 503 3549 574 ἐμὴ
3583 508 3702 573 βα-

407 620 568 678 gnum
605 619 774 656 meum
822 618 926 656 non
973 610 1048 656 est
1081 601 1166 654 hic
1195 601 1259 654 ³¹.
1298 601 1411 656 lloc
1442 601 1550 658 illis
1584 600 1887 672 jucundum
1919 608 2003 655 est

409 708 464 751 ct
500 705 738 766 gratum,
779 708 974 764 nempe
1006 705 1065 746 ut
1101 693 1276 762 ipsum
1309 692 1580 746 dominari
1615 693 1668 746 in
1700 694 1862 747 terris
1895 707 2001 746 non

413 788 716 857 patiantur,
754 795 815 840 ut
850 785 902 839 in
930 785 1040 839 “hoc
1071 785 1233 839 etiam
1263 801 1385 839 ettnt
1417 785 1696 854 magistris
1727 783 1862 846 suis,
1895 783 2004 838 Ma-

411 891 538 938 nete
580 880 900 952 prognatis,
927 878 1275 948 ‘consriircnt.
1310 876 1583 948 Principio
1629 878 1718 932 alii
1767 894 1853 933 res
1890 888 2002 932 ter-

408 990 573 1030 renas
605 975 936 1037 attribuunt,
968 988 1079 1026 non
1109 970 1500 1041 intelligentes,
1521 982 1577 1025 ut
1605 981 1754 1040 puto,
1785 986 1882 1040 pro
1905 985 2000 1024 sua

411 1067 626 1121 inscitia
657 1065 786 1120 dicti
815 1064 937 1136 ejus
970 1079 1031 1126 ac
1063 1063 1387 1118 (economite
1419 1061 1548 1118 vim.
1583 1063 1722 1130 Quid
1755 1063 1902 1117 enim
1930 1063 2003 1116 si-

409 1160 636 1227 gnilicat
682 1159 847 1212 breve
887 1157 990 1210 hoc
1031 1155 1238 1210 Christi
1280 1153 1542 1210 malum?
1584 1155 1788 1226 Nempe
1835 1154 2000 1224 quod,

410 1251 626 1320 inquit,
667 1265 774 1303 non
814 1250 988 1304 instar
1021 1250 1215 1304 horum
1264 1258 1608 1304 terrenarum
1659 1248 2000 1303 mortalium-

410 1357 518 1412 qne
559 1357 780 1412 regum,
832 1351 1244 1411 temporaneam
1281 1344 1610 1411 brevemque
1652 1342 1880 1410 gloriam
1918 1351 2001 1397 te-

413 1434 682 1499 nentium,
722 1450 903 1488 meum
938 1449 1156 1505 quoque
1193 1449 1417 1503 regnum
1452 1433 1523 1487 ita
1557 1449 1616 1488 se
1650 1433 1836 1488 habet.
1873 1431 2002 1487 Ete-

413 1527 524 1580 nim
560 1527 716 1589 illos,
748 1527 948 1597 exigua
987 1527 1089 1581 hac
1131 1529 1403 1580 mtntdana
1425 1566 1440 1590 ,
1476 1537 1636 1594 atque
1668 1535 1725 1580 ut
1758 1525 1865 1580 leni
1900 1525 2001 1582 ﬂo-

410 1635 500 1674 res
527 1628 926 1692 marcesccnte,
960 1618 1129 1688 gloria
1162 1619 1382 1683 lruilos,
1417 1619 1694 1687 corruptio
1723 1617 1919 1672 deinde
1950 1625 2004 1673 et

409 1730 560 1766 mors
591 1711 821 1782 Corripit
860 1731 873 1766 :
911 1712 993 1767 vel
1025 1713 1189 1766 etiant
1223 1713 1394 1783 plebis
1433 1712 1696 1766 tumultus
1723 1721 1780 1766 et
1811 1710 2002 1780 conju-

410 1806 676 1868 rationes,
729 1805 994 1874 dignitate
1043 1805 1316 1873 spoliant,
1377 1815 1431 1859 et
1477 1804 1775 1874 ignominia
1826 1803 2003 1873 pluri«

2103 604 2306 655 σιλεία
2327 601 2439 653 οὐκ
2467 599 2641 652 ἔστιν
2659 596 2964 651 ἐντεῦθεν·
2990 595 3149 650 τοῦτο
3176 595 3361 659 αὐτοῖς
3380 597 3442 652 τὸ
3467 601 3700 670 τερπνὸν

2103 693 2200 748 καὶ
2229 691 2454 764 χαρίεν,
2483 691 2546 745 τὸ
2592 691 2702 744 τῶν
2729 691 2842 750 ,ἐπὶ
2885 691 3004 762 γῆς
3041 690 3354 761 βασιλεύειν
3387 693 3553 747 αὐτὸν
3598 695 3702 749 ούκ

2102 792 2428 862 ἀνέχεσθαι,
2475 791 2562 845 ἵνα
2607 792 2710 845 κάν
2744 791 2923 861 τούτῳ
2953 793 3067 854 τοῖς
3097 789 3444 853 διδασκάλοις
3474 789 3658 844 αὐτῶν
3681 828 3696 854 ,

2103 886 2216 947 τοῖς
2269 883 2379 938 ἀπὸ
2433 883 2528 938 τοῦ
2580 885 2901 947 Μάνεντος,
2947 883 3338 952 ὁμογνώμονες
3385 881 3695 952 φαίνοιντο·

2103 979 2246 1048 ἀρχῇ
2273 978 2436 1049 ἑτέρᾳ
2468 977 2538 1030 τὰ
2566 977 2694 1048 τῇδε
2728 975 3126 1048 προσνέμουσι,
3151 975 3293 1045 τάχα
3331 976 3392 1028 οὐ
3426 973 3700 1035 συνιέντες

2103 1073 2151 1126 οἱ
2183 1070 2422 1141 ἀνόητοι,
2454 1069 2564 1122 τῶν
2602 1071 2914 1140 εἰρημένων
2953 1069 3048 1122 καὶ
3083 1067 3565 1138 οἰκονομουμένων
3597 1067 3698 1135 τὴν

2103 1163 2356 1233 δύναμιν·
2390 1163 2444 1216 τί
2471 1163 2577 1235 γὰρ
2609 1163 2758 1233 αύτῷ
2785 1162 2844 1215 τὸ
2873 1161 3050 1234 βραχὺ
3081 1161 3241 1216 τοῦτο
3273 1161 3545 1233 ρησείδιον
3573 1159 3700 1229 βού-
3745 1222 3770 1246 Χ

2103 1256 2258 1309 λεται
2280 1273 2294 1322 ;
2316 1255 2440 1309 Ὅτι
2469 1273 2573 1320 τοι,
2610 1255 2798 1325 φησὶν,
2825 1256 2886 1308 ού
2917 1254 3061 1309 κατὰ
3088 1255 3213 1317 τοὺς
3233 1255 3456 1323 γηῖνους
3475 1247 3542 1320 ’δὴ
3572 1249 3700 1305 τού·⁹
3741 1255 3779 1287 ’⁷

2103 1368 2232 1414 τους
2263 1352 2359 1404 καὶ
2393 1349 2624 1419 θνητοὺς
2650 1347 2934 1420 βασιλέας,
2963 1347 3306 1419 πρόσκαιρον
3339 1346 3436 1400 καὶ
3466 1345 3698 1416 σμικρὸν

2104 1443 2485 1514 κεκτημένους
2514 1443 2576 1494 τὸ
2606 1441 2763 1504 κλέος
2788 1479 2802 1505 ,
2835 1439 2980 1494 οὕτω
3011 1441 3107 1494 καὶ
3137 1439 3205 1492 τὰ
3233 1438 3337 1509 τῆς
3373 1439 3512 1509 ἐμῆς
3541 1438 3694 1508 διήρ-
3731 1450 3735 1462 ‘

2102 1551 2286 1588 τισται
2331 1532 2634 1604 βασιλείας,
2679 1531 2775 1596 οὓς
2817 1534 2992 1604 μικρᾷ
3030 1531 3483 1603 τῇ,περικοσμίῳ
3522 1529 3698 1602 ταύτῃ

2104 1627 2203 1682 καὶ
2254 1626 2441 1681 ἄνθεσι
2491 1625 2693 1698 χόρτου
2752 1625 2843 1678 ἶσα
2898 1623 3283 1695 μαραινομένῃ
3330 1621 3696 1693 συνησθέντας

2103 1719 2254 1790 δόξῃ,
2293 1717 2472 1790 φθορὰ
2503 1719 2564 1770 τὸ
2593 1717 2780 1770 λοιπὸν
2809 1718 2906 1770 καὶ
2937 1717 3171 1779 Θάνατος
3197 1715 3491 1782 διεδέξατο·
3529 1713 3610 1767 ἑτι
3639 1714 3698 1766 δὴ

2105 1811 2199 1876 οὓς
2229 1813 2324 1865 καὶ
2357 1812 2686 1883 φρονήματα
2712 1811 2976 1882 πλήθους,
3006 1811 3101 1865 καὶ
3128 1811 3350 1880 γνῶμαι
3378 1810 3698 1864 διαστασιά-

407 1896 626 1964 tuisque
660 1910 723 1948 ac
756 1895 892 1949 diris
935 1895 1344 1949 calamitatibus
1389 1894 1667 1950 irretiunt.
1713 1891 2003 1950 Verumta-

2109 1905 2336 1970 ζουσαι,
2389 1905 2490 1976 τῆς
2531 1923 2588 1959 τε
2640 1902 2796 1971 ἀξίας
2850 1904 3164 1973 ἀφείλοντο,
3221 1903 3316 1957 καὶ
3361 1902 3553 1973 ἀδοξίᾳ
3605 1902 3698 1955 καὶ

405 2004 534 2042 men
568 1999 842 2042 terrenum
875 1988 1014 2042 nihil
1039 1998 1094 2042 et
1121 1988 1272 2042 humi
1309 2004 1503 2057 repens
1535 1990 1589 2043 in
1621 2003 1707 2045 me
1732 1989 1998 2055 cernitur,

412 2096 572 2136 secus
605 2096 670 2135 ac
705 2080 758 2135 in
795 2081 1010 2135 illorum
1054 2084 1180 2137 vita:
1213 2097 1373 2136 cursu
1421 2083 1711 2151 usuvenit;
1749 2099 1854 2138 non
1891 2098 2002 2152 po-

414 2174 666 2244 pulorum
700 2173 954 2245 suffragia
1007 2183 1062 2228 et
1109 2175 1430 2240 electiones,
1465 2176 1828 2248 humanaque
1872 2191 2000 2231 sen—

414 2267 599 2319 tentia:
627 2265 769 2319 haud
795 2265 914 2319 sine
944 2264 1262 2336 prtPjttdicio
1295 2281 1436 2337 saepe
1463 2279 1836 2338 erumpentes,
1869 2269 2002 2323 nihil

414 2359 545 2413 utile
580 2359 955 2423 decernentes,
985 2357 1248 2427 voluptati
1290 2374 1402 2413 sua:
1437 2371 1530 2414 aut
1565 2359 1847 2416 ambitioni
1886 2376 2004 2414 ser-

419 2461 632 2505 vientes
652 2489 666 2514 ,
697 2459 750 2504 et
781 2451 1112 2520 quandoque
1157 2449 1436 2520 indignum
1473 2451 1525 2504 in
1557 2451 1864 2521 principatu
1894 2450 2002 2506 col-

418 2545 683 2597 locantes.
717 2538 878 2596 Nulla
911 2541 1196 2611 dignitatis
1232 2541 1535 2610 bujusmodi
1571 2542 1806 2612 insignia
1833 2582 1849 2609 ,
1881 2558 2002 2613 qua:

416 2635 619 2690 caduca
649 2645 700 2690 et
735 2647 1086 2703 temporanea
1115 2642 1263 2699 sunt,
1297 2648 1383 2688 me
1413 2642 1703 2702 exornant,
1734 2651 1838 2690 non
1867 2651 2000 2704 pur-

413 2725 568 2794 purei
606 2725 806 2781 coloris
834 2727 1232 2790 indumentum,
1267 2741 1372 2780 non
1401 2741 1602 2782 corona
1632 2736 1921 2798 gemmata,
1948 2736 2003 2783 et

415 2827 726 2889 sceptrum,
761 2827 816 2874 et
853 2819 1033 2874 throni
1072 2818 1384 2874 sublimitas
1406 2861 1422 2887 ,
1457 2831 1514 2875 et
1541 2820 1808 2891 splendidi
1838 2836 2000 2890 appa-

416 2923 602 2979 ratus;
631 2927 740 2965 non
767 2926 964 2967 currus
998 2928 1132 2967 auro
1159 2913 1316 2978 illiti,
1346 2925 1400 2969 et
1430 2913 1656 2984 publica:
1684 2913 1998 2983 stipantiutn

418 3015 646 3072 pompae.
678 3010 730 3054 et
757 3001 1130 3071 clypeatorum
1170 3013 1334 3074 atque
1369 3005 1706 3060 hastatorum
1743 3004 1910 3076 globi,
1947 3014 2000 3058 et

413 3094 837 3150 acclatnantium
870 3095 1138 3166 plausus,
1179 3095 1305 3151 aliis
1353 3095 1572 3166 quidem
1609 3097 1848 3166 pra-viis,
1884 3097 2002 3151 aliis

2105 2001 2417 2070 συμφοραῖς
2451 1998 2526 2063 ὡς
2563 1999 2851 2060 πλείσταις
2888 1998 2984 2051 καὶ
3017 1997 3286 2068 χαλεπαῖς
3323 1993 3694 2065 ὑπηγάγοντο·

2102 2091 2164 2145 οὗ
2189 2091 2297 2159 γάρ
2323 2107 2376 2142 τι
2399 2089 2508 2142 τῶν
2530 2091 2736 2161 γηΐνων
2763 2090 2858 2142 καὶ
2884 2091 3060 2160 χαμαὶ
3087 2089 3430 2159 ἐρχομένων,
3459 2087 3548 2140 ἐπ’
3573 2087 3699 2156 ἐμοὶ

2101 2178 2482 2250 τεθεώρηται,
2537 2181 2640 2234 ὅσα
2691 2180 2836 2234 κατὰ
2891 2181 2992 2250 τὴν
3050 2180 3280 2234 ἐκείνων
3333 2178 3697 2232 διαδείκνυται

2102 2276 2350 2346 πρόοδον·
2385 2277 2447 2329 ού
2484 2277 2676 2348 δήμων
2705 2275 3036 2347 ψηφίσματα
3067 2275 3163 2328 καὶ
3198 2275 3564 2344 χειροτονίαι,
3603 2277 3698 2329 καὶ

2100 2366 2323 2436 γνῶμαι
2372 2366 2708 2438 ἀνθρώπεια
2755 2366 3168 2438 προερχόμεναι
3206 2365 3485 2427 πολλάκις.
3529 2365 3625 2418 καὶ
3669 2365 3697 2418 δ

2105 2457 2180 2528 μὴ
2220 2460 2526 2528 συνήνεγκε
2563 2456 2961 2527 δοκιμάζουσαι
2986 2497 3000 2522 ,
3033 2456 3174 2510 ἀλλὰ
3216 2456 3291 2510 τὰ
3323 2455 3464 2527 πρὸς
3499 2454 3696 2526 ήδονὴν

2102 2549 2199 2602 καὶ
2229 2548 2290 2601 τὸ
2340 2549 2628 2620 φιλότιμον
2662 2547 2990 2610 σπεύδοντες
3011 2588 3024 2612 ,
3061 2546 3174 2600 ἔσθ’
3203 2547 3293 2599 ὅτε
3335 2545 3429 2598 καὶ
3472 2545 3566 2598 τὸν
3595 2546 3696 2597 οὐκ

2101 2641 2254 2706 ἄξιον
2283 2643 2362 2707 είς
2387 2643 2546 2712 τήνδε
2571 2641 2668 2714 τὴν
2697 2640 2871 2713 ἀρχὴν
2895 2639 3324 2712 ιγκαθίδρυσαν·
3350 2638 3474 2692 ούδέ
3504 2655 3554 2690 τι
3583 2637 3694 2690 τῶν

2101 2733 2196 2785 ἐπὶ
2219 2731 2297 2803 τῷ
2317 2732 2594 2804 ἀξιώματι
2629 2732 2708 2803 τῷ
2729 2731 2960 2804 τοιούτῳ
2985 2731 3296 2806 συμϐόλων,
3326 2729 3360 2784 ἃ
3379 2730 3444 2801 δὴ
3475 2729 3691 2802 φθαρτά

2101 2822 2161 2876 τέ
2193 2823 2310 2875 ὲστι
2343 2821 2436 2875 καὶ
2479 2821 2724 2892 ἐπίκηρα
2755 2822 2890 2892 παρ’
2921 2821 3050 2892 ἐμοὶ
3079 2821 3332 2890 φέρεται,
3364 2818 3464 2888 οὐχ
3492 2817 3688 2888 ἁλουρο

2101 2915 2198 2982 γόν
2233 2931 2282 2967 τι
2308 2913 2509 2984 χρῶμα
2534 2913 2631 2966 καὶ
2661 2913 3036 2980 περιϐόλαιον,
3064 2913 3127 2965 ού
3159 2913 3416 2981 στέφανοι
3444 2909 3691 2964 λιθοκόλο

2103 3005 2279 3078 λητοι,
2309 3007 2403 3061 καὶ
2452 2995 2708 3077 σκῆπτρα
2739 3008 2834 3060 καὶ
2883 3005 3092 3077 θρόνων
3139 3004 3250 3075 ὕψη
3299 3005 3396 3058 καὶ
3443 3001 3696 3074 λαμπραὶ

2103 3099 2459 3170 περιφάνειαι
2484 3115 2498 3129 ·
2527 3099 2628 3151 ούκ
2657 3099 2916 3169 ὀχήματα
2949 3098 3378 3168 χρυσοτόρευτα,
3412 3099 3508 3150 καῖ
3538 3093 3698 3167 τιμαὶ

413 3189 802 3260 sequentibus;
860 3204 968 3244 non
1030 3190 1266 3262 denique
1314 3190 1576 3262 quidquid
1631 3191 1897 3247 caducum
1945 3201 1999 3245 et

2109 3190 2451 3262 προπόμπιοι
2484 3191 2579 3244 καὶ
2618 3190 2902 3262 δημόσιαι,
2934 3193 3030 3243 καὶ
3065 3189 3276 3260 πλῆθος
3305 3186 3697 3258 ἀσπιδηφόρων

415 3285 737 3349 humanum,
771 3282 950 3351 qualia
987 3283 1040 3336 in
1077 3283 1175 3336 hac
1210 3283 1453 3337 terrestri
1486 3284 1730 3352 potentia
1765 3281 1878 3335 ﬁeri
1912 3298 1999 3336 so-

415 3376 550 3430 lent.
583 3371 698 3426 Non
737 3382 820 3427 est
848 3373 938 3428 hic
977 3387 1107 3444 ergo
1140 3389 1363 3444 regnum
1392 3388 1596 3428 meum.
1633 3371 1748 3426 Vile
1777 3373 1996 3442 quidem

414 3475 496 3516 est
544 3466 688 3534 quod
739 3471 996 3534 apparet,
1043 3464 1184 3518 exile
1235 3467 1380 3535 quod
1429 3465 1698 3530 cernitur,
1747 3465 2000 3534 exiguum

415 3555 807 3624 discipulorum
837 3571 1122 3610 numerum
1147 3557 1340 3623 habeo,
1370 3566 1426 3613 et
1450 3556 1667 3626 quidem
1689 3565 2003 3626 paupertate

416 3659 472 3702 et
505 3657 620 3702 arte
653 3648 948 3717 piscatoria
983 3664 1211 3718 prorsus
1239 3649 1530 3718 inglorium
1562 3649 1693 3704 :sed
1722 3648 2004 3720 perfectis-

416 3742 614 3792 simum
648 3751 699 3793 et
728 3739 907 3794 omnia
948 3743 1250 3804 excedens,
1279 3745 1419 3811 quod
1461 3750 1640 3797 mente
1683 3742 1955 3812 cogitatur
1987 3759 2002 3796 :

422 3835 564 3901 rc-gis
601 3834 927 3888 universalis
977 3846 1140 3902 atque
1189 3836 1432 3888 omnium
1491 3835 1583 3890 Dei
1635 3834 1802 3890 Filius
1845 3850 2001 3900 sum,

419 3927 762 3980 verissimum
799 3924 918 3995 ejus
949 3942 1170 3996 germen
1204 3937 1258 3982 et
1285 3926 1541 3997 Splendor
1563 3927 1676 3998 (20)
1711 3945 1726 3983 :
1759 3931 2003 3984 eamdem

491 4085 534 4114 δ’
557 4081 715 4137 Joati.
757 4096 908 4148 xvttt,
946 4083 1037 4137 56.

493 4239 606 4307 (20)
653 4237 1048 4308 ’Λπαύγασμα,
1089 4237 1246 4306 cujus
1299 4237 1494 4291 saltem
1523 4241 1813 4294 occasione
1847 4253 2009 4290 voea-

423 4311 559 4373 butt,
593 4323 696 4360 non
736 4309 942 4380 inutile
980 4308 1058 4362 vel
1105 4309 1460 4380 injucundum
1514 4319 1574 4363 ut
1608 4319 1738 4380 puto
1769 4311 1895 4370 erit,
1923 4310 2009 4362 hic

422 4389 676 4432 attexere
713 4378 1074 4446 theologicam
1119 4381 1408 4445 quemdam
1440 4378 1622 4433 locum
1654 4396 1775 4432 cum
1819 4389 2007 4431 aucto-

422 4455 501 4503 ris
541 4450 832 4517 operisque
861 4451 1077 4502 notitia.
1109 4448 1343 4502 Mattha-i
1369 4448 1757 4512 Cantacuzeni,
1786 4451 1874 4518 qui
1909 4451 2008 4501 im-

421 4521 685 4590 perialem
750 4535 979 4590 quoque
1029 4519 1347 4586 dignitatem
1387 4521 1538 4574 brevi
1586 4531 1831 4588 tempore
1860 4519 2006 4573 Con-

2105 3283 2199 3337 καὶ
2235 3283 2582 3356 δορυφόρων,
2618 3282 2714 3336 καὶ
2759 3281 3156 3355 εὐφημούντων
3187 3283 3407 3352 κρότοι,
3454 3282 3552 3335 καὶ
3586 3281 3694 3334 τῶν

2109 3375 2210 3446 μὲν
2238 3375 2679 3446 προπεμπόντων
2704 3415 2720 3441 ,
2751 3377 2861 3430 τῶν
2889 3378 2944 3430 δὲ
2983 3378 3422 3449 παρεπομένων,
3459 3375 3570 3428 οὐδ’
3597 3375 3697 3427 ὅσα

2105 3469 2216 3522 τῶν
2260 3469 2503 3540 ρευστῶν
2545 3469 2754 3523 τούτων
2796 3469 2893 3523 xui.
2927 3469 3321 3539 ἀνθρωπίνων,
3367 3462 3455 3520 οἷα
3495 3467 3586 3520 ἐπὶ
3627 3469 3694 3538 τῇ

2109 3564 2378 3632 περιγείῳ
2412 3563 2586 3634 ταύτῃ
2620 3561 2842 3635 ἐξουσίᾳ
2873 3562 3057 3617 είὼθει
3097 3561 3382 3630 γίνεσθαι·
3414 3562 3514 3614 οὐκ
3549 3560 3698 3614 ἔστιν

2112 3651 2205 3708 οὖν
2233 3654 2488 3708 ἐντεῦθεν
2509 3657 2542 3725 ή
2567 3655 2677 3727 ἐμὴ
2708 3653 2980 3726 βασιλεία·
3011 3653 3235 3725 εὐτελὴς
3260 3655 3318 3706 τὸ
3347 3637 3694 3724 φαινόμενον,

2111 3746 2364 3811 ταπεινὸς
2387 3747 2448 3800 τὸ
2478 3746 2837 3818 βλεπόμενον,
2871 3747 3246 3818 εὐαρίθμητον
3279 3746 3486 3816 πλῆθος
3517 3746 3696 3814 μαθη-

2110 3838 2219 3892 τῶν
2268 3840 2585 3909 ὲπάγομαι,
2624 3841 2717 3893 καὶ
2746 3839 2924 3894 ταῦτα
2977 3839 3230 3908 πενήτων
3277 3837 3370 3890 καὶ
3401 3836 3598 3889 ἁλιέων
3637 3836 3696 3886 τὸ

2113 3928 2453 3996 ἀδοξότατον·
2495 3930 2799 4002 ὑπερτελὴς
2831 3929 2886 3983 δὲ
2925 3931 3019 3984 καὶ
3052 3930 3275 3983 πάντων
3317 3929 3692 3999 ὑπερανεστη-

2116 4240 2281 4293 tidem
2313 4240 2566 4295 recitare.
2599 4241 2779 4309 Atque
2814 4241 2867 4295 in
2903 4239 3096 4309 primis
3118 4255 3186 4293 ex
3210 4238 3419 4294 codicis
3451 4238 3580 4294 l‘ollo
3607 4241 3696 4302 44,

2115 4312 2203 4363 ubi
2239 4312 2327 4363 ditt
2369 4312 2585 4364 locutus
2613 4323 2808 4364 auctor
2835 4313 2901 4366 de
2925 4311 3163 4378 Spiritus
3196 4311 3372 4364 sancti
3392 4310 3688 4370 attributts.

2114 4380 2311 4433 deinde
2366 4384 2432 4435 ad
2471 4381 2752 4435 Chrismm
2791 4381 2875 4435 his
2918 4382 3098 4434 verbis
3155 4380 3502 4449 progreditur
3530 4395 3544 4432 :
3571 4380 3698 4442 Τοῖς

2113 4451 2298 4512 αὐτοῖς
2350 4451 2406 4504 δὲ
2451 4451 2482 4520 ἠ
2529 4451 2778 4516 θεολογία
2816 4450 3047 4519 ὀνόμασι
3088 4451 3185 4502 καὶ
3233 4449 3325 4520 τδν
3374 4449 3699 4520 ὑπερούσιον

2113 4521 2274 4600 ήμῶν
2289 4515 2524 4600 ἀνυμ-νὲί
2546 4515 2802 4600 Σωτῆρα,
2833 4515 3181 4600 ἀπαύγασμα
3211 4517 3402 4600 τοῦτον
3431 4515 3573 4600 εἶναι
3601 4520 3700 4588 τῆς

423 4589 781 4682 itantittopoli
815 4589 1030 4670 .tcnuit,
1068 4591 1554 4682 commentarium,
1585 4593 1637 4645 itt
1699 4591 2004 4644 Salomonis

2110 4589 2274 4678 δόξης
2306 4589 2663 4682 τούκιιατρὸς,
2696 4589 2796 4670 καὶ
2853 4589 3184 4682 χαρακτῆρξι
3213 4589 3320 4682 τῆς
3347 4591 3700 4682 ὐπρστάσεως

427 4660 769 4732 Sapientiam
815 4660 1024 4713 incerta
1079 4661 1472 4732 propemodum
1527 4660 1672 4716 fama
1740 4670 2007 4732 memorat

425 4731 674 4794 Caranus,
725 4731 951 4797 ejusque
1019 4730 1262 4784 codicem
1317 4730 1370 4784 in
1427 4732 1646 4785 Athone
1671 4730 1854 4785 monte
1898 4730 2008 4795 (ubi

425 4809 708 4870 postremo
741 4800 1126 4854 monachatum
1155 4798 1438 4870 professus
1462 4815 1543 4855 εει
1571 4799 2010 4868 CantacuzenUs)

429 4867 711 4941 exstitisse
753 4870 941 4933 tradit,
1005 4867 1182 4924 indice
1212 4867 1534 4925 Possevino.
1567 4873 1730 4941 Atqui
1783 4887 1851 4924 ne
1902 4867 2011 4924 tam

376 4977 382 4998 .
431 4947 592 5004 longe
616 4940 758 4994 hanc
783 4942 1029 4994 notitiam
1055 4951 1327 5010 petamus,
1354 4943 1505 4996 adest
1524 4940 1694 4996 codex
1721 4941 2012 4996 Vaticanus

431 5013 607 5066 bonus
653 5019 709 5063 et
766 5013 1152 5079 integerrimus
1198 5011 1458 5067 l'oliorum
1501 5013 1631 5076 Hb,
1695 5028 1803 5066 non
1861 5012 2011 5081 parvi

373 5089 379 5096 '
430 5083 655 5144 tnodnli,
708 5083 759 5134 itt
802 5097 912 5150 quo
954 5085 1000 5136 is
1052 5085 1486 5138 commentarius
1543 5086 1644 5137 sub
1703 5085 1805 5137 hoc
1854 5085 2008 5136 titulo

431 5154 742 5224 continetur
775 5171 787 5204 :
837 5150 900 5224 Ἡ
931 5151 1104 5222 Σοφία
1127 5151 1473 5224 Σολομῶντος
1501 5153 1830 5224 ἐξηγηθεῖσα
1860 5151 2010 5224 «rapa

428 5223 524 5276 τοῦ
587 5222 1306 5294 εὐσεϐεστᾲτουᾼβασιλέως
1347 5224 1517 5294 κυροῦ
1575 5222 1861 5279 Ματθαίου
1917 5222 2010 5274 τοῦ

425 5292 888 5362 Καντακουζηνοῦ
916 5309 930 5325 ο
977 5289 1279 5364 Stilontonis
1312 5289 1588 5363 Sapientia
1620 5313 1650 5347 a
1681 5295 2014 5364 religiosissi-

432 5381 518 5440 me
543 5366 857 5440 imperatore
879 5364 1098 5440 domino
1148 5363 1407 5418 Mutiliae
1429 5363 1800 5440 Cuntacuzqna
1831 5365 2014 5440 expla-

434 5434 580 5486 ntita.
617 5437 868 5490 Proiecto
901 5436 1040 5488 haud
1065 5434 1205 5488 foret
1236 5439 1677 5504 incongruuttt,si
1714 5436 1922 5497 Romaz,
1963 5435 2016 5485 itt

434 5522 538 5570 qua
562 5507 699 5558 urbe
731 5506 975 5572 ejusdem
1008 5504 1248 5572 Matthxi
1284 5509 1735 5559 commentarium
1771 5508 1822 5558 in
1859 5505 2015 5559 Salo-

435 5568 610 5627 monis
652 5568 941 5630 Canticum
978 5568 1278 5631 lticeat‘dus
1301 5576 1491 5629 (ἔπνεε
1534 5588 1586 5628 et
1632 5575 1824 5629 Latine
1861 5588 2015 5628 anno

435 5645 582 5699 ωσι
638 5647 898 5714 tulgavit,
947 5661 1092 5700 nunc
1127 5648 1370 5714 ejusdem
1410 5647 1581 5700 altera
1618 5649 1731 5702 haec
1764 5649 2016 5701 lucubra-

437 5718 510 5787 tio
563 5715 719 5787 docta
755 5731 1002 5784 prorsus,
1045 5719 1249 5787 gravis,
1294 5718 1523 5772 moralis
1583 5736 1648 5771 ac
1690 5719 2014 5787 theologica,

433 5785 488 5838 in
561 5785 733 5864 lucem
783 5785 1160 5864 't'llilllcl'eitll'.
1211 5785 1433 5864 Interim
1491 5800 1670 5842 tamen
1728 5785 2015 5864 {adsiet-tt

435 5856 720 5910 nonnullas
745 5856 866 5924 ejus
884 5861 1182 5924 particulas
1206 5863 1261 5913 tu
1287 5858 1374 5914 hts
1399 5862 1600 5917 nostris
1614 5860 1839 5914 scholiis
1863 5859 2012 5911 iden-

2111 4659 2302 4722 αὑτοῦ,
2335 4663 2431 4714 καὶ
2467 4659 2653 4714 εἰκόνα
2676 4659 2778 4730 τῆς
2805 4659 2971 4715 αὐτοῦ
3003 4659 3342 4729 ἀγαθότητος
3371 4659 3696 4726 φάσκουσα·

2112 4733 2176 4784 ὲκ
2206 4731 2413 4784 τούτων
2449 4731 2612 4794 εὐθὺς
2667 4730 2729 4783 τὸ
2761 4730 3051 4800 ὁμοούσιον
3078 4730 3228 4799 αύτῷ
3271 4730 3697 4800 συνεισᾴγουσα,

2112 4746 2176 4784 εκ
2206 4749 2413 4784 τουτων
2449 4746 2612 4794 ευυυς
2667 4746 2729 4783 το
2761 4746 3051 4800 ομοουσιον
3078 4746 3228 4799 αυτῳ
3271 4746 3500 4784 συνεισα
3539 4746 3697 4792 ουσα,

2109 4801 2301 4874 ὥσπερ
2330 4803 2406 4874 δὴ
2429 4803 2521 4854 καὶ
2550 4801 2626 4873 τῷ
2679 4801 2934 4874 παναγίῳ
2961 4800 3246 4874 Πνεύματι
3279 4814 3293 4830 ·
3349 4799 3446 4874 μία
3478 4746 3546 4874 δῖ-
3564 4795 3700 4853 οὖσα

2111 4869 2292 4927 πάντα
2322 4869 2568 4936 δύναται,
2599 4869 2807 4935 παντὸς
2844 4869 3102 4924 Ἰουδαίου
3134 4869 3313 4940 στόμα
3365 4870 3697 4940 ἐμφράττει,

2110 4944 2206 4998 καὶ
2237 4943 2331 4995 τοῦ
2380 4961 2500 5005 πως
2523 4942 2699 5006 ἄλλως
2745 4943 3049 5012 ἐπιχειρεῖν
3080 4938 3440 5012 θορυόοῦντος
3470 4938 3701 5012 ’ίμῶσπερ

2111 5015 2220 5092 γὰρ
2245 5017 2287 5092 ὁ.
2298 5013 2430 5078 Θεὸς
2451 5014 2548 5092 καὶ
2572 5012 2765 5092 Πατὴρ
2788 5006 2973 5092 elidit:
2987 5006 3164 5092 πάντα
3188 5010 3432 5092 δύνειται,
3461 5009 3606 5092 οὕτω
3638 5006 3702 5080 δὴ

2116 5080 2212 5138 καὶ
2241 5084 2301 5137 τὸ
2325 5085 2591 5152 πανάγιον
2613 5080 2837 5152 Πνεῦμα
2861 5083 2920 5135 ἓν
2949 5082 3007 5135 ὃν
3039 5086 3131 5135 καὶ
3166 5080 3496 5152 μονώτατον,
3526 5081 3705 5152 πάντα

2117 5154 2374 5209 δύναται·
2415 5150 2511 5208 καὶ
2543 5155 2644 5223 μία
2692 5150 2828 5208 οὖσα
2855 5154 2952 5207 καὶ
2992 5150 3193 5222 μόνηή
3228 5151 3431 5223 τούτου
3456 5150 3639 5220 σοφία,
3677 5153 3706 5203 ὁ

2122 5226 2467 5296 προάναρχος
2500 5221 2629 5288 Υἱὸς
2661 5225 2856 5293 Λόγος,
2899 5221 3077 5296 πάντα
3120 5221 3366 5296 δύναται,
3403 5221 3569 5296 ὼςλὲν
3605 5224 3705 5294 μιᾷ

2121 5293 2302 5366 οὖσίᾳ,
2337 5293 2595 5366 καὶκατὰ
2630 5299 2761 5365 μίαν
2799 5296 2900 5365 τὴν
2933 5294 3106 5364 αὐτὴν
3137 5293 3366 5362 δύναμιν
3419 5294 3514 5345 καὶ
3547 5293 3704 5363 evap-

2123 5365 2280 5437 γειαν
2305 5383 2319 5397 ·
2356 5365 2558 5420 Iisdem
2590 5367 2850 5434 theologia
2884 5368 3180 5417 nominibus
3222 5376 3460 5437 nostrum
3497 5379 3700 5437 quoque

2124 5433 2386 5492 excelsum
2411 5437 2635 5490 celebrat
2665 5433 3017 5500 Seroatorem,
3052 5450 3206 5499 quem
3228 5435 3356 5487 dicit
3388 5449 3499 5486 esse
3529 5433 3703 5498 splen-

2123 5511 2307 5564 derent
2343 5507 2526 5576 gloria:
2567 5504 2772 5570 Patris,
2826 5515 2876 5559 et
2927 5504 3158 5575 ﬁguram
3189 5503 3504 5576 substantia:
3565 5505 3701 5570 ejus,

2122 5591 2171 5633 et
2205 5574 2489 5646 imaginem
2548 5576 2801 5631 bonitatis
2851 5574 3041 5646 ipsius.
3078 5577 3247 5641 Atque
3275 5574 3396 5625 hinc
3419 5583 3554 5626 recte
3581 5589 3701 5646 ron-

2123 5650 2290 5702 rlmtit
2324 5645 2826 5700 consubstantialem
2867 5645 3107 5698 eumdem
3139 5659 3270 5708 esse,
3305 5659 3451 5712 atque
3484 5661 3548 5696 at:
3579 5645 3700 5712 Spi-

2127 5722 2261 5773 ritus
2295 5733 2508 5770 sanctus
2571 5729 2667 5770 est.
2731 5718 2864 5772 Cum
2915 5718 3029 5770 lta'c
3072 5732 3197 5786 una
3228 5715 3570 5786 (substantia)
3612 5714 3699 5776 sit,

2125 5790 2300 5843 omnia
2348 5797 2537 5855 potest,
2595 5800 2640 5838 et
2673 5787 2985 5840 Jndwornin
3025 5789 3100 5838 rel
3145 5784 3394 5855 alterius
3424 5784 3700 5855 cujuslibet

2126 5853 2634 5925 turbare—conantis,
2665 5877 2719 5914 os
2762 5861 2979 5927 oppilat.
3010 5855 3149 5910 Nam
3185 5857 3337 5909 sicut:
3372 5854 3509 5910 Deus
3544 5853 3704 5907 Pater
