4050 6446
421 380 527 453 613

1096 395 1724 467 ANTIRRHETICUS
1760 404 1858 466 ΠΙ
1894 405 2064 471 ADV.
2099 406 2694 471 CONSTANTINUM
2730 406 2946 472 COPR.

3588 400 3697 468 414

424 505 523 577 τὴν
553 504 830 577 ὑπεροχὴν
862 504 1390 582 τῶνοπροκειμένων
1418 512 1571 585 αύτῷ
1617 515 1712 569 ὲπὶ
1763 519 1832 589 τῇ
1884 517 2002 573 θεο-

2121 520 2196 576 uic
2231 520 2461 595 amplius
2492 528 2599 589 est,
2632 538 2651 573 ι
2680 518 3067 576 sublimitatem
3099 518 3406 589 argumenti
3433 519 3515 573 sui
3538 519 3687 574 circa

423 598 600 668 λογῖᾳ,
637 596 726 653 διὰ
760 597 863 670 τῆς
888 603 1253 673 συγκριτικῆς
1279 604 1466 675 φωνῆς
1487 606 1755 678 ὲσήμανε,
1790 608 2004 682 διακρί-

423 705 521 752 νας
574 688 837 762 ἑκάτερον
889 691 983 746 τοῦ
1034 693 1258 767 ἑτέρου·
1308 699 1763 769 προσεπενέγκας
1813 700 1873 754 δὲ
1916 702 2001 765 τὸ,

430 801 448 834 ι
495 782 640 836 Ἐ-ςεί
675 783 775 852 μὲν
813 784 923 856 γὰρ
972 786 1230 857 ἀκίνητος
1280 790 1638 861 κινουμένου,
1672 791 1911 847 ἐνταῦθα
1948 794 2005 845 δὲ

2111 614 2200 670 Dei
2230 623 2477 670 naturam
2500 614 2790 678 versantia,
2820 613 3187 681 comparativa
3222 612 3463 666 dictione
3515 608 3686 678 signi—

2110 705 2312 772 ﬁcavit,
2333 705 2566 762 alterum
2589 706 2661 761 ab
2675 704 2848 761 altero
2869 703 3274 760 discriminans.
3301 702 3442 757 Tum
3461 703 3688 764 addens,

2113 815 2131 848 ι
2170 798 2279 852 Illic
2308 797 2601 853 immobilis
2628 799 2803 867 imago
2830 795 3073 852 hominis
3101 795 3319 850 mobilis
3341 811 3357 862 ;
3383 795 3471 849 hic
3506 796 3687 861 imago

426 872 627 937 ζῶντος
646 874 740 928 καὶ
761 874 933 940 ζῶσα,
960 894 980 928 ι
1003 875 1103 948 τὴν
1133 878 1281 949 πρὸς,
1295 879 1532 950 ἀλλήλας
1562 880 1910 953 παρέστησεν
1939 883 2006 953 ἢν

2121 888 2338 945 viventis
2371 898 2424 943 et
2452 889 2662 954 vivens,
2704 908 2726 942 ι
2763 903 2925 958 quam
2955 886 3269 943 babent'has
3302 887 3442 941 inter
3494 898 3553 939 se
3583 882 3692 938 dif-

323 1028 355 1057 ἠ
426 964 608 1035 ἔχουσι
644 964 909 1038 διαφοράν
928 984 941 997 ’
968 967 1044 1032 ὡς
1075 971 1124 1023 εί
1154 969 1339 1041 ἔλεγεν
1366 972 1450 1025 ὅτι
1483 972 1616 1026 ἴδιον
1650 974 1749 1043 τῆς
1791 974 1889 1045 μὲν
1920 990 2008 1027 τεο

424 1058 632 1129 χνητῆς
674 1059 903 1124 εἰκόνος,
934 1061 995 1114 τὸ
1023 1061 1280 1133 ἀκίνητον
1310 1064 1631 1135 κινουμένου
1655 1081 1669 1096 ⁸
1719 1066 1919 1119 οίκεῖον
1950 1064 2010 1119 δὲ

426 1150 526 1221 τῆς
560 1151 799 1221 φυσικῆς
830 1152 892 1206 τὸ
944 1150 1149 1217 ζῶντος
1186 1155 1283 1209 καὶ
1313 1154 1492 1220 ζῶσα·
1523 1156 1663 1226 μετά
1700 1155 1877 1210 ταῦτα
1915 1156 2011 1210 καὶ

427 1241 609 1315 αὐτῶν
657 1243 768 1296 τῶν
820 1244 1067 1312 φυσικῶν
1119 1244 1412 1317 σύγκρισιν
1470 1251 1709 1303 ποιεῖται
1747 1249 1843 1302 ἐπὶ
1898 1244 2057 1302 τῶν“

428 1335 800 1407 ἀσυγκρίτων,
833 1336 925 1390 τὸν
953 1337 1049 1391 τοῦ
1122 1338 1293 1409 Ἀδὰμ
1332 1340 1427 1392 καὶ
1463 1338 1558 1392 τοῦ
1590 1340 1699 1410 Σὴθ
1750 1339 2009 1410 παρενεί-

431 1442 533 1498 ρας
576 1426 756 1495 λόγον,
787 1427 882 1480 καὶ
912 1428 1013 1481 ὅσα
1047 1428 1177 1498 περὶ
1208 1429 1310 1498 τῆς
1353 1428 1462 1482 τῶν
1490 1428 1679 1483 ἁπλῶν
1718 1428 2011 1482 διείλεκται

431 1517 685 1587 φύσεως’
740 1519 1077 1591 προσεκτέον
1119 1519 1177 1573 δὲ
1230 1518 1535 1587 κάνταῦθα,
1576 1520 1652 1584 ὡς
1679 1521 1708 1573 6
1746 1519 2013 1591 θεηγόρος

430 1601 585 1673 οὗτος
613 1609 684 1663 τά
716 1609 816 1681 τῆς
840 1609 1117 1677 θεολογίας
1171 1608 1408 1682 ἐξαίρων
1466 1608 1547 1680 τῷ
1606 1604 1748 1664 εἶναι
1790 1609 2012 1664 πάντων

430 1699 798 1773 ἑξηρημένην,
828 1700 918 1755 διὰ
946 1702 1047 1772 τῆς
1073 1701 1180 1756 τῶν
1229 1702 1448 1757 πάντων
1494 1702 1867 1773 ἀφαιρέσεως,
1916 1702 2013 1756 καὶ

430 1798 606 1851 ταῦτα
631 1796 695 1868 δὴ
724 1796 792 1850 τά
817 1798 1157 1869 χειρόκμητα
1180 1798 1241 1852 οὐ
1272 1797 1433 1868 μόνον
1459 1798 1561 1852 ούκ
1597 1796 2010 1867 ἀποπέμπεται,

431 1881 570 1937 ἀλλά
609 1884 706 1938 καὶ
731 1882 920 1956 ὥσπερ
963 1885 1237 1957 ἀγάμενος
1267 1886 1613 1958 ἀποδέχεται.
1676 1923 1696 1947 .

505 2066 608 2121 κδ’.
664 2064 722 2121 '0
752 2044 1010 2136 θεοφόρος
1050 2065 1343 2138 Κύριλλος,
1375 2067 1403 2120 6
1457 2066 1556 2136 τῆς
1619 2067 1864 2138 μεγάλης
1913 2065 2013 2136 τῆς

446 2155 797 2230 Ἀλεξάνδρου
837 2158 1122 2231 πρόεδρος,
1151 2159 1246 2212 καὶ
1292 2159 1465 2230 μέγας
1514 2158 1856 2225 διδάσκαλος,
1901 2160 2015 2221 τοῖς

434 2245 735 2319 προάγουσι
759 2250 1192 2318 συνειστρεχέτω
1208 2249 1304 2300 καὶ
1325 2265 1390 2301 συ
1400 2247 1771 2317 μφθεγγέσθω
1792 2265 1806 2278 ·
1834 2247 2013 2300 τοιάδε

432 2336 556 2391 τινὰ
586 2336 718 2407 περὶ
765 2335 876 2392 τῶν
919 2337 1300 2409 προκειμένων
1339 2338 1565 2407 φάσκων
1590 2355 1604 2369 ·
1638 2358 1657 2390 ι
1700 2338 1913 2408 Ὥσπερ
1948 2335 2016 2390 ἂν

433 2427 489 2481 εῐ
533 2444 618 2491 τις
663 2427 852 2483 εἰκόνα
904 2427 1393 2500 διαγεγραμμένην
1439 2427 1642 2499 ἄριστα
1686 2427 1894 2498 βλέποι,
1924 2427 2018 2481 καὶ

433 2512 815 2591 ἀποθαυμάζοι
842 2519 940 2591 μὲν
972 2520 1035 2573 τὸ
1071 2518 1166 2597 τοῦ
1207 2518 1475 2590 βασιλέως
1522 2519 1730 2590 σχῆμα,
1762 2518 1859 2573 καὶ
1886 2519 2018 2573 ὅσα-

437 2627 543 2683 περ
572 2612 630 2665 ὲν
664 2610 859 2683 ἐκείνῳ
921 2610 1196 2682 φαίνεται,
1238 2610 1412 2667 ταῦτα
1454 2611 1549 2665 καὶ
1600 2612 1659 2665 ὲν
1711 2614 1779 2682 τῇ
1823 2610 2015 2681 Γραφῇ

432 2701 735 2774 δυνάμενός
760 2720 819 2756 τε
869 2703 966 2769 καὶ
990 2701 1131 2774 ἔχων
1182 2704 1337 2775 όρᾷν,
1386 2704 1465 2766 είς
1527 2702 1829 2773 ἐπιθυμίαν
1872 2700 2017 2762 ἔλθοι

433 2795 530 2850 τοῦ
565 2797 659 2850 καὶ
687 2796 853 2850 αὐτὸν
891 2796 1021 2850 ίδείν
1066 2795 1160 2849 τὸν
1210 2794 1462 2867 βασιλέα,
1493 2794 1639 2850 εἴποι
1671 2795 1715 2848 δ’
1760 2794 1826 2850 ἂν
1877 2796 2020 2849 εἰκό-

433 2904 544 2952 τως
575 2887 711 2957 πρὸς
736 2885 898 2940 αὑτὸν
929 2886 963 2955 ἡ
998 2886 1210 2958 γραφὴ,
1259 2886 1317 2939 '0
1352 2886 1615 2959 ἑωρακὼς
1650 2886 1775 2958 ἐμὲ,
1806 2885 2019 2958 ἑώρακε

434 2978 531 3032 τὸν
573 2977 833 3049 βασιλέαο
889 2978 985 3033 καὶ
1037 2978 1235 3033 πάλιν·
1277 2977 1421 3048 Ἐγὼ
1469 2979 1564 3034 καὶ
1604 2981 1632 3033 6
1656 2979 1913 3050 βασιλεὺς
1960 2979 2020 3032 ἓν

437 3073 626 3144 ἐσμεν,
658 3071 784 3126 ὅσον
815 3072 895 3135 είς
929 3071 1224 3142 ὁμοιότητα
1256 3072 1353 3126 καὶ
1385 3072 1797 3144 ἀκριϐεστάτην
1844 3072 2018 3144 ἐμφέ-

438 3180 592 3235 ρειαν
616 3180 632 3195 ο
667 3163 763 3218 καὶ
795 3163 988 3218 πάλιν
1034 3163 1177 3232 Ἐγὼ
1200 3165 1257 3218 ὲν
1300 3161 1381 3234 τῷ
1421 3163 1636 3232 βασιλεί
1669 3164 1763 3219 καὶ
1794 3165 1822 3217 6
1865 3164 2020 3236 βασι-

436 3248 564 3313 λεὺς
611 3251 670 3304 ὲν
701 3251 829 3322 ἐμοὶ
880 3250 1024 3305 κατά
1051 3251 1112 3305 τὸ
1157 3253 1257 3323 τῆς
1314 3254 1529 3324 μορφῆς
1562 3253 1750 3326 σχῆμα
1771 3268 1785 3283 ⁸
1813 3254 1873 3308 τὸ
1914 3254 2022 3324 γὰρ
2051 3235 2092 3290 C

439 3339 581 3418 εξδος
609 3344 672 3398 τὺ
694 3344 906 3397 ἐκείνου
938 3344 1161 3408 πάντως
1192 3347 1353 3417 φορεῖ
1394 3347 1428 3417 ἡ
1448 3347 1659 3419 γραφὴ,
1694 3346 1788 3399 καὶ
1828 3347 1889 3400 τὸ
1926 3347 2025 3418 τῆς

444 3437 665 3508 γραφῆς
697 3431 841 3500 εἶδος
871 3438 929 3490 ἐν
961 3436 1158 3508 ἐκείνῳ
1208 3436 1442 3502 σώζεται
1466 3455 1481 3470 ο
1517 3436 1691 3501 οὕτως
1729 3438 1848 3491 ἐστὶ
1872 3438 1969 3491 καλ⁹
1997 3439 2026 3491 6

442 3529 571 3593 Υἱὸς
603 3528 778 3596 λέγων
802 3546 815 3560 -
859 3530 913 3582 '0
933 3516 1205 3598 ἑωρακὼς
1234 3529 1358 3598 ἐμὲ,
1384 3529 1603 3599 ἑώρακε
1622 3529 1728 3584 τὸν
1755 3529 1988 3598 Πατέρα
2009 3545 2022 3559 ·

443 3623 534 3675 καί
565 3639 578 3653 ·
616 3620 766 3693 Ἐγὼ
835 3622 935 3676 καὶ
1017 3624 1050 3676 ὁ
1102 3621 1304 3692 Πατὴρ
1358 3622 1429 3676 ἓν
1495 3624 1706 3692 ἐσμεν.
1759 3618 1881 3694 'Ap‘
1934 3618 2028 3677 οὖν

443 3715 668 3768 ἕπονται
720 3715 834 3778 τοῖς
888 3715 1074 3782 σοφοῖς
1120 3713 1332 3777 τούτοις
1381 3711 1584 3781 λόγοις,
1646 3714 1679 3783 ἢ
1733 3712 1864 3768 ἔνθα
1905 3713 2025 3784 μὲν,

446 3808 577 3862 ἔνθα
603 3808 662 3863 δὲ
705 3805 807 3873 οὒ,
866 3807 963 3861 καὶ
1021 3806 1096 3869 ὡς
1141 3807 1176 3876 ἡ
1224 3805 1317 3881 τοῦ
1366 3803 1721 3875 ἐνεργοῦντος
1764 3804 2029 3859 ύπούάλοι

448 3901 660 3972 πονηρά
690 3898 923 3971 γνώμης
954 3898 1025 3952 Εἰ
1064 3899 1162 3970 μὲν
1191 3894 1284 3953 οὖν
1310 3898 1589 3969 βούλοιντο
1615 3896 1827 3951 πείθειν
1851 3899 2025 3969 ἡμᾶς,

446 3993 523 4057 ὡς
553 3994 696 4048 κατά
721 3993 790 4047 τὰ
826 3991 1095 4064 είρημένα
1126 3990 1203 4061 τῷ
1250 3987 1586 4060 διδασκάλῳ,
1619 3986 1905 4059 ὁμοούσιον
1953 3988 2031 4059 τῷ

447 4085 681 4156 φύσαντι
710 4085 802 4138 τὸν
818 4084 948 4139 Υἱὸν
972 4075 1308 4149 δοξάζουσιν,
1330 4075 1421 4135 οἷα
1436 4081 1625 4135 εἰκόνα
1646 4080 1776 4134 ὅντα
1794 4081 2029 4153 Πατρὸῖ,

447 4177 542 4231 καὶ
571 4175 800 4247 βασιλέα
832 4175 974 4245 μετά
1000 4177 1100 4243 τῆς
1124 4173 1248 4227 καθ’
1287 4172 1438 4243 ἡμᾶς
1487 4172 1554 4243 ἢν
1586 4171 1753 4224 ύπέδυ
1792 4170 2030 4245 μορφὴν,

444 4268 837 4341 ὁμολογοῦντες
885 4266 1091 4337 τιμῶσι
1171 4264 1319 4318 κατά
1390 4265 1454 4318 sb
1506 4265 1869 4335 προκείμενον
1928 4264 2030 4335 ἤδη

448 4363 802 4436 παράδειγμα
830 4376 846 4392 ’
883 4358 1367 4431 προσκυνείτωσαν
1424 4358 1521 4410 σὺν
1578 4358 1712 4428 ἡμῖν
1740 4356 1836 4427 τὴν
1864 4372 2034 4425 προσ-

447 4453 686 4527 κυνητὴν
724 4451 889 4507 αὐτοῦ
944 4451 1130 4505 είκόνα
1155 4491 1170 4515 ,
1205 4450 1489 4523 μονονουχὶ
1521 4449 1615 4503 καὶ
1640 4448 1812 4518 αὐτὴν
1846 4448 2035 4517 λέγου-

2109 977 2392 1033 ferentium
2431 977 2698 1042 exhibuit,
2740 977 2898 1048 quasi
2931 977 3198 1031 dixisset:
3236 973 3521 1042 Proprium
3555 973 3679 1038 qui-

2110 1067 2233 1121 dem
2264 1067 2563 1124 artiﬁcialis
2588 1068 2842 1138 imaginis
2894 1077 2998 1133 est,
3022 1076 3080 1121 ut
3105 1067 3177 1121 sit
3240 1063 3518 1119 immobile
3573 1079 3693 1115 mo-

2110 1156 2268 1224 bilis;
2326 1160 2600 1227 proprium
2648 1168 2826 1213 autem
2885 1157 3148 1213 naturalis
3206 1166 3262 1209 ut
3313 1156 3387 1211 sit
3454 1153 3693 1207 viventis

2113 1248 2321 1305 vivens.
2349 1248 2478 1303 Post
2510 1250 2626 1304 lucc
2647 1259 2703 1304 et
2740 1250 2983 1319 ipsorum
3025 1249 3373 1318 physicorum
3399 1258 3690 1313 compara-

2112 1340 2466 1396 tionemd‘acit
2492 1357 2614 1396 cum
2652 1340 3028 1404 dissimilibus,
3061 1341 3128 1395 de
3182 1340 3390 1393 Adamo
3420 1353 3485 1392 ac
3516 1336 3687 1392 Setho

2112 1433 2404 1488 adnectens
2431 1446 2757 1495 sermonem,
2786 1442 2841 1486 et
2868 1445 3208 1500 quaecunque
3249 1430 3317 1484 de
3357 1428 3686 1499 simplicium

2113 1535 2306 1578 natura
2356 1523 2630 1579 dicuntur.
2688 1523 3243 1579 Animadvertendum
3309 1521 3544 1589 denique
3602 1518 3694 1573 hic

2112 1625 2195 1671 est
2227 1630 2444 1670 sacrum
2497 1615 2640 1671 hunc
2665 1615 2968 1682 doctorem,
3017 1614 3234 1669 etiamsi
3258 1628 3290 1668 a
3330 1614 3576 1667 doctrina
3617 1610 3688 1664 de

2114 1706 2224 1762 Deo
2252 1705 2433 1761 omnia
2462 1708 2802 1773 submoveat,
2821 1717 3107 1777 propterea
3130 1705 3273 1776 quod
3304 1704 3439 1758 nihil
3468 1703 3534 1757 ad
3568 1716 3693 1756 eam

2115 1797 2443 1866 pertineant,
2478 1798 2605 1867 quia
2642 1798 2753 1865 ipsa
2790 1797 2860 1853 ab
2889 1797 3141 1852 omnibus
3170 1796 3416 1864 sejuncta
3445 1804 3568 1860 est;
3604 1801 3693 1847 at-

2043 1885 2085 1939 B
2115 1897 2295 1944 tamen
2329 1889 2442 1944 hzee
2477 1887 2788 1944 manufacta
2827 1889 2963 1945 adeo
3012 1903 3122 1944 non
3151 1888 3399 1957 rejicore,
3426 1894 3482 1939 ut
3516 1884 3684 1939 etiam

2115 1980 2444 2052 perlibenter
2471 1981 2743 2036 admittat.

2181 2073 2274 2129 24.
2320 2073 2483 2128 Divus
2513 2073 2766 2145 Cyrillus,
2806 2086 3019 2142 magna:
3059 2062 3404 2125 Alexandriae
3460 2066 3686 2137 praesul,

2114 2181 2450 2238 magnusque
2495 2167 2772 2238 magister,
2794 2164 3122 2234 supradictis
3154 2162 3450 2218 accedatet
3496 2172 3700 2215 conso-

2116 2270 2241 2322 net,
2299 2261 2366 2314 de
2426 2260 2706 2330 prepositu
2766 2250 3093 2328 argumento
3163 2265 3221 2308 ut
3295 2253 3542 2323 sequitur
3608 2252 3690 2306 lo-

2117 2365 2286 2419 quens
2308 2349 2450 2420 (52).
2489 2368 2508 2401 ι
2553 2347 2710 2405 Velut
2735 2349 2877 2403 enim
2910 2347 2956 2403 si
2986 2346 3109 2415 quis
3146 2344 3438 2414 imaginem
3470 2340 3691 2411 egregie

2117 2441 2316 2511 pictam
2367 2441 2617 2512 aspiciat,
2660 2440 2995 2509 mireturque
3027 2436 3354 2493 exteriorem
3388 2434 3531 2503 regis
3578 2431 3699 2487 cul-

2119 2544 2256 2599 tum,
2285 2536 2410 2589 dum
2444 2533 2707 2604 quidquid
2761 2532 2829 2586 ad
2862 2530 2979 2599 ejus
3029 2539 3281 2584 ornatum
3342 2526 3598 2595 pertinet,
3629 2524 3688 2579 in

2121 2623 2299 2679 tabula
2338 2633 2517 2694 potest
2561 2623 2829 2691 aspicere,
2887 2620 3115 2690 cupidus
3176 2617 3332 2687 101
3379 2616 3470 2670 lict
3522 2615 3699 2686 ipsum

2119 2732 2335 2789 quoque
2367 2731 2545 2785 regem
2578 2714 2794 2770 videndi
2823 2731 2840 2782 ;
2865 2714 3118 2781 dicetque
3170 2710 3243 2764 illi
3290 2706 3694 2778 quodammodo

2120 2813 2330 2881 pictura
2360 2826 2374 2865 :
2402 2808 2504 2875 Qui
2542 2823 2630 2863 me
2661 2807 2799 2862 vidit
2834 2814 2888 2861 et
2918 2818 3099 2875 regem
3136 2802 3296 2857 vidit.
3332 2801 3400 2855 Et
3460 2811 3692 2853 rursus:

2121 2903 2231 2972 Ego
2252 2915 2306 2958 et
2337 2917 2432 2958 rex
2461 2916 2625 2955 unum
2662 2913 2874 2963 sumus,
2932 2897 3077 2967 quod
3110 2896 3308 2950 attinet
3341 2894 3408 2946 ad
3438 2890 3696 2947 similitu-

2119 2994 2300 3049 dinem
2365 3002 2420 3046 et
2448 3001 2760 3046 accuratam
2812 3000 3201 3057 summamque
3263 2983 3580 3054 paritatem.
3628 2978 3702 3036 Et

2120 3085 2340 3139 adhuc:
2382 3083 2494 3153 Ego
2543 3082 2596 3135 in
2646 3095 2790 3150 rege,
2827 3088 2881 3135 et
2920 3092 3013 3133 rex
3068 3077 3120 3130 in
3162 3089 3248 3130 me
3292 3083 3396 3140 est,
3432 3080 3704 3143 quantum

2126 3178 2355 3248 pertinet
2391 3177 2457 3230 ad
2487 3174 2673 3230 forma:
2706 3174 2974 3228 habitum.
3001 3170 3247 3239 Namque
3281 3168 3427 3222 illius
3460 3165 3697 3234 speciem

2128 3283 2351 3341 prorsus
2383 3267 2521 3337 gerit
2552 3265 2791 3335 pictura,
2814 3274 2871 3318 et
2907 3263 3134 3332 picturae
3176 3259 3385 3329 species
3416 3256 3468 3310 in
3503 3255 3594 3309 illo
3620 3253 3705 3308 vi-

2124 3361 2308 3416 cissim
2351 3367 2620 3412 servatur.
2651 3355 2745 3412 Sic
2769 3364 2855 3411 est
2876 3366 2930 3410 et
2955 3352 3126 3408 Filius
3156 3351 3346 3406 dicens
3377 3366 3393 3403 :
3433 3346 3538 3412 Qui
3570 3343 3703 3399 vidit

2127 3468 2225 3516 me,
2248 3451 2376 3504 cidit
2399 3458 2446 3502 et
2481 3447 2697 3501 Patrem
2721 3461 2892 3500 meum
2912 3444 2978 3499 ⁸⁷.
3011 3441 3079 3497 Ει
3103 3460 3117 3496 :
3152 3439 3267 3512 Ego
3289 3450 3335 3494 et
3356 3437 3520 3493 Pater
3543 3450 3711 3490 unum

2126 3557 2309 3597 sumus
2345 3540 2411 3594 “.
2447 3537 2586 3593 Num
2646 3537 2808 3607 igitur
2851 3537 3227 3603 obsequuntur
3252 3530 3592 3600 sapientibus
3621 3527 3706 3581 his

2125 3630 2477 3695 dictionibus,
2507 3645 2576 3684 an
2603 3628 2894 3699 aliquando
2914 3627 3131 3696 quidem
3168 3624 3378 3694 utique,
3409 3620 3704 3690 aliquando

2127 3737 2307 3788 secus,
2348 3728 2509 3792 prout
2546 3719 2830 3789 opereulis
2870 3721 2926 3772 in
2958 3719 3039 3772 eis
3079 3714 3346 3770 daemonis
3380 3712 3519 3765 mala
3557 3724 3713 3764 tuens

2128 3810 2496 3882 suggesserit?
2536 3810 2592 3865 Si
2625 3823 2756 3880 ergo
2796 3807 3067 3864 voluerint
3098 3805 3258 3861 nobis
3282 3801 3616 3874 persuadere
3652 3815 3714 3855 se

2122 3903 2280 3973 juxta
2316 3901 2561 3972 magistri
2607 3902 2840 3962 dictum,
2881 3897 3403 3955 consubstantialem
3458 3894 3713 3950 Genitori

2131 3993 2332 4048 Filiqu
2364 3993 2704 4056 existimare,
2731 4006 2830 4046 ceu
2853 3989 3031 4045 Patris
3056 3990 3349 4058 imaginem
3378 4002 3395 4049 ;
3421 3997 3717 4055 regemque

2130 4099 2257 4139 cum
2295 4098 2416 4137 cum
2447 4089 2725 4151 assumpta
2761 4091 2945 4135 nostra
2976 4079 3152 4134 forma
3180 4076 3506 4132 conﬁtentes
3537 4076 3709 4129 hono-

2136 4182 2294 4241 rant;
2333 4173 2580 4244 sequitur
2610 4179 2671 4235 ut
2709 4172 2863 4241 juxta
2919 4168 3256 4239 propositqu
3282 4165 3587 4234 exemplum
3623 4176 3715 4217 ve-

2134 4274 2397 4321 nerentur
2431 4263 2711 4318 nobiscum
2748 4262 2868 4332 ejus
2907 4274 3122 4330 quoque
3157 4256 3491 4313 adorabilem
3523 4253 3710 4323 imagi-

2135 4375 2279 4420 nem,
2318 4372 2439 4427 qnzr
2468 4366 2521 4410 et
2563 4356 2675 4425 ipsa
2714 4354 3105 4424 propemodum
3138 4350 3258 4406 ait:
3295 4348 3399 4419 Qui
3441 4347 3577 4401 vidit
3604 4360 3714 4411 me,

2136 4452 2271 4506 vidit
2301 4451 2542 4504 otnnium
2572 4446 2771 4516 Regem
2804 4461 2869 4500 ac
2900 4430 3186 4500 Dominum
3225 4439 3408 4497 Iesum
3439 4438 3720 4494 Christum

449 4562 551 4600 σαν
570 4563 585 4578 θ
624 4545 685 4599 Ὀ
714 4544 978 4617 ἑωρακὼς
1005 4546 1130 4617 ἐμὲ,
1165 4545 1382 4616 ἑώρακε
1421 4544 1514 4597 τὸν
1545 4545 1764 4599 πάντων
1795 4542 2022 4596 Βασιλέα

2141 4546 2331 4599 Deum.
2381 4543 2535 4609 Quod
2580 4542 2624 4595 si
2670 4541 2814 4594 hunc
2875 4540 3081 4591 cultum
3145 4550 3254 4590 non
3296 4534 3611 4596 admittunt,
3649 4546 3718 4587 ne

447 4639 545 4694 καὶ
570 4639 778 4709 Κύριον
815 4639 1024 4709 Ἰησοῦν
1058 4639 1151 4692 τὸν
1192 4640 1430 4710 Χριστὸν
1460 4637 1555 4691 καὶ
1584 4636 1718 4690 Θεόν
1740 4651 1752 4664 ·
1787 4637 1836 4689 εἰ
1866 4635 1923 4689 δὲ
1969 4635 2022 4688 ού

2141 4638 2335 4693 Filium
2359 4635 2576 4705 quidem
2620 4632 2765 4686 Patri
2809 4629 3338 4686 cotisubstantialem
3379 4626 3724 4691 existimant,

447 4726 608 4783 τοῦτο
628 4728 917 4800 δέχονται,
943 4729 1067 4782 οὐδὲ
1096 4716 1203 4782 ’τὸν
1239 4728 1372 4782 Υἱὸν
1400 4727 1690 4800 ὁμοούσιον
1732 4726 1814 4798 τῷ
1856 4728 2032 4798 Πατρὶ

335 4814 341 4821 ’
447 4820 754 4888 δοξάζουσι,
781 4822 876 4877 καὶ
923 4822 1022 4893 τῆς
1073 4820 1356 4892 βασιλείας
1403 4818 1886 4893 ἁποψηφιοῦνται,
1934 4819 2031 4873 καὶ

450 4915 769 4986 ἀλλοτρίους
800 4914 1010 4985 ταύτης
1058 4931 1119 4968 τε
1181 4915 1278 4969 καὶ
1318 4913 1419 4985 τῆς
1454 4912 1578 4967 καθ’
1609 4914 1759 4982 ἡμᾶς
1800 4911 2037 4975 πίστεως

448 5009 679 5073 ἑαυτοὺς
709 5008 896 5079 σαφῶς
923 5008 1293 5074 ἀποδείξουσι.

523 5098 622 5153 κε’.
649 5098 877 5164 τούτοις
893 5101 1008 5162 τοῖς
1056 5097 1336 5168 θεοσόφοις
1377 5097 1625 5168 Πατράσι
1657 5098 1752 5152 καὶ
1787 5096 1815 5149 6
1866 5096 2033 5159 πολὺς

459 5192 522 5245 τὰ
557 5193 676 5248 θεῖα
699 5193 796 5247 καὶ
818 5191 1138 5264 θεοφάντωρ
1160 5190 1436 5255 Διονύσιος
1478 5189 1688 5264 συνῳδὰ
1747 5186 2023 5260 φραζέτω.

458 5305 479 5339 ι
522 5286 641 5340 ’Ὁτι
668 5284 925 5357 καθάπερ
943 5286 1036 5337 ἐπὶ
1059 5283 1172 5337 τῶν
1191 5283 1474 5357 αἰσθητῶν
1499 5282 1747 5347 εἰκόνων,
1785 5282 1832 5333 εί
1888 5281 2024 5350 np”;

398 5451 411 5464 ‘
463 5379 516 5433 ὠ
551 5379 855 5450 ἀρχέτυπον
879 5372 1022 5440 εἶδος
1054 5375 1339 5439 ἀκλινῶςό
1363 5375 1612 5448 γραφεὺς
1647 5372 1857 5444 εἰσορᾷ,
1890 5372 2030 5453 πρὸς

528 5532 574 5567 "
602 5531 760 5591 Joan.
790 5548 903 5603 xiv,
935 5533 990 5591 9.
1066 5535 1111 5570 ⁸⁸
1134 5534 1295 5591 Joan.
1332 5552 1388 5601 κ,
1416 5535 1487 5592 50

533 5689 645 5761 (52)
686 5690 882 5761 Exstat
900 5689 1010 5761 _l_tic
1049 5690 1393 5761 adamussimr
1417 5687 1604 5761 Cyrilli
1627 5695 1782 5745 locus
1817 5688 1869 5744 in
1904 5687 2035 5745 Tlte-

463 5757 795 5830 tauro'ejus,
828 5772 868 5817 t.
899 5757 967 5830 ν,
1002 5770 1142 5830 part.
1185 5774 1224 5825 ι,
1252 5774 1306 5828 p.
1341 5760 1460 5815 ill.

537 5831 649 5902 (35)
683 5826 1014 5903 'Dionysius,
1060 5830 1131 5887 De
1176 5826 1300 5886 ccc—'1.
1344 5832 1477 5888 hier.
1539 5846 1657 5903 cap.
1703 5831 1759 5901 4,
1805 5849 1847 5887 tr
2004 5845 2032 5887 ι

2140 4729 2297 4797 eique
2330 4742 2550 4797 regnum
2584 4724 2763 4794 potius
2817 4724 3151 4787 abjudicant,
3196 4736 3365 4792 seque
3414 4720 3621 4775 alienos
3654 4719 3728 4774 ab

2144 4822 2247 4876 hac
2276 4832 2458 4875 noSIra
2492 4818 2597 4873 title
2630 4827 2818 4888 aperte
2854 4817 3257 4871 demonstrant.

2213 5098 2305 5153 25.
2347 5095 2445 5152 llis
2479 5096 2797 5168 theosophis
2834 5095 3107 5162 Patribus,
3134 5095 3224 5150 ille
3253 5095 3420 5151 etiam
3457 5094 3511 5149 in
3543 5091 3725 5148 divina

2144 5190 2410 5257 plurimus
2459 5188 2691 5243 scientia
2736 5197 2793 5243 et
2852 5187 3161 5241 divinarum
3216 5200 3403 5240 rerum
3456 5180 3732 5237 revelator

2144 5279 2430 5350 Dionysius
2452 5292 2692 5333 consona
2721 5278 2866 5333 dicat
2890 5275 3038 5348 (33):
3069 5293 3088 5327 ι
3118 5274 3178 5331 Si
3208 5273 3374 5330 veluti
3397 5273 3450 5326 in
3474 5270 3734 5327 materiat-

2141 5370 2285 5427 libus
2319 5368 2650 5445 imaginibus
2678 5367 2739 5425 lit
2759 5411 2774 5436 ,
2804 5368 2870 5423 ad
2897 5368 3251 5439 archetypatn
3276 5364 3514 5436 speciem
3539 5362 3724 5435 pictor

2146 5696 2325 5742 tamen
2367 5688 2508 5748 smul
2553 5686 2920 5760 Nicephorum
2960 5692 3205 5742 nostrum
3253 5683 3519 5753 lectione,
3566 5696 3734 5757 quam
