4050 6432
356 409 462 473 41-3

1395 401 1458 462 S.
1496 398 1920 462 NICEPHORI
1959 395 2472 459 PATBIARCHE
2508 396 2618 458 CP.

3529 392 3633 458 ιεο

355 539 514 579 sacra
569 530 756 576 nostra
801 519 948 575 omni
979 517 1186 574 honore
1225 519 1503 589 prosequi,
1541 519 1610 573 ob
1655 519 1813 572 Iidem
1852 517 1936 569 ni-

2045 512 2227 585 ἧχθαι,
2263 517 2446 570 πίστει
2475 519 2541 587 τῇ
2578 515 2659 576 εἰς
2680 514 2750 570 τὰ
2786 514 3125 587 πρωτότυπα
3175 514 3266 568 καὶ
3327 515 3629 584 delingui-

355 616 552 670 niirnm
584 628 649 669 ac
693 612 1012 680 religionem
1046 625 1175 682 erga
1214 619 1533 680 ρνοιοιγρθν
1571 610 1614 663 εί
1647 618 1796 664 “me
1825 608 1942 662 haec

301 703 320 776 _'
353 707 548 762 saltem
593 705 755 774 digna
805 705 951 758 cultu
1002 701 1270 757 fatemur?
1304 699 1446 754 Nam
1496 701 1624 770 quid
1664 699 1941 753 Dominico

307 781 324 808 ³
352 814 574 867 corpore
611 798 980 852 honorabilia:
1022 813 1085 850 ac
1125 793 1516 851 venerabilius?
1547 793 1687 861 quod
1722 791 1941 857 partici-

351 905 556 960 parum,
589 905 677 942 eos
705 889 794 958 qui
823 904 942 941 cum
967 887 1072 955 ﬁde
1095 886 1414 951 suscipiunt,
1459 882 1759 950 sanctiﬁcat
1784 882 1898 950 (58)
1923 899 1938 948 ;

352 981 410 1035 in
438 981 673 1050 imagine
702 990 882 1032 autem
921 986 1392 1043 repraesentatmn,
1423 975 1734 1028 devotionis
1767 977 1940 1041 gratia

351 1073 548 1140 replet.
588 1068 730 1124 Sunt
763 1070 948 1138 itaque
985 1069 1099 1121 hanc
1136 1053 1449 1121 veneranda
1497 1075 1551 1120 et
1601 1065 1939 1120 honorabilia

349 1165 491 1233 apud
527 1162 874 1218 Christianos
905 1175 1028 1213 cum
1065 1159 1229 1213 rebus
1259 1159 1381 1211 aliis
1408 1158 1634 1212 sanctis.
1665 1158 1769 1212 Sed
1795 1157 1938 1210 enim

351 1255 504 1322 impii
535 1255 797 1308 adversus
830 1253 944 1307 haec.
979 1261 1086 1305 tam
1139 1251 1362 1314 invicta,
1407 1250 1550 1310 illico
1590 1259 1884 1303 occurrunt
1924 1266 1937 1302 :

355 1364 375 1399 ι
410 1346 614 1414 Nempe
635 1343 780 1415 quod
806 1342 1010 1398 ethnici
1043 1341 1202 1410 digna
1235 1340 1469 1395 ethnicis
1503 1339 1833 1408 opinantur;
1873 1339 1940 1392 ab

352 1437 486 1506 ipsis
533 1436 678 1491 enim
731 1418 848 1489 haec
891 1432 1205 1487 adinventio
1255 1432 1558 1500 processit;
1613 1427 1941 1485 Christianis

351 1543 482 1582 vero
511 1528 584 1581 ita
621 1541 786 1597 agere
820 1540 926 1579 non
970 1524 1154 1578 licere.
1193 1542 1212 1574 ι
1248 1521 1441 1593 Neque
1476 1523 1792 1588 intelligunt
1834 1521 1940 1576 hoc

355 1620 487 1688 ipsis
520 1620 701 1688 potius
740 1617 1052 1675 adversari.
1103 1617 1258 1672 nobis
1293 1629 1474 1672 autem
1512 1617 1813 1687 plurimum
1845 1630 1942 1684 pa-

353 1709 633 1764 trocinari.
678 1709 788 1764 Cur
817 1709 960 1763 enim
987 1709 1151 1763 etiam
1206 1707 1509 1762 Christiani
1552 1723 1639 1762 res
1672 1707 1940 1762 Christia-

350 1818 546 1858 norum
569 1815 677 1862 non
704 1799 1087 1856 ltonorahunt?
1108 1800 1175 1854 Et
1202 1801 1423 1870 quidem
1448 1799 1600 1854 falsa:
1621 1801 1939 1867 errorisque

350 1895 524 1965 plena:
567 1903 724 1948 erant
759 1908 847 1948 res
875 1893 1224 1946 ethnicorum
1253 1930 1267 1955 ,
1321 1900 1538 1946 nostras
1567 1901 1744 1944 autem
1781 1906 1937 1943 velas

346 1999 469 2041 esse
523 1999 762 2054 vereque
790 1992 940 2038 actas
965 1983 1170 2038 scimus
1201 1983 1607 2049 credimusque.
1636 1981 1702 2034 Et
1731 1991 1936 2050 quanto

345 2079 553 2134 veritas
574 2076 812 2131 falsitate
840 2076 1016 2144 p0tior
1040 2084 1146 2137 est.
1172 2083 1324 2130 tanto
1347 2081 1631 2144 Oporteret
1651 2087 1936 2128 sacrorum

347 2179 660 2224 nostrorum
695 2182 882 2221 curam
914 2167 1318 2236 diligentiorem
1360 2180 1483 2220 esse
1532 2181 1596 2220 ac
1634 2165 1935 2220 ferventio-

349 2274 487 2313 rem.
521 2257 824 2326 TanIOpere
849 2257 1018 2327 igitur
1045 2255 1411 2310 materialium
1443 2257 1742 2325 imaginum
1797 2255 1938 2310 ratio

352 2352 458 2405 [ide
487 2350 646 2420 digna
676 2360 779 2413 est,
807 2349 891 2403 vel
922 2349 1104 2418 potius
1139 2349 1298 2402 iidem
1331 2347 1413 2402 sui
1445 2347 1610 2412 facit,
1643 2357 1702 2402 ut
1735 2348 1802 2401 ad
1837 2348 1937 2403 de-

351 2442 801 2498 monstrationem
834 2441 998 2496 etiam
1021 2424 1517 2509 atque'evidentem
1552 2439 1932 2510 probationem

351 2535 583 2590 aliarum
621 2549 803 2588 rerum
831 2572 846 2596 ,
882 2542 936 2586 et
967 2533 1187 2603 quidem
1231 2531 1538 2586 divinarum
1576 2546 1640 2586 ac
1670 2546 1936 2600 superna-

351 2626 647 2692 turalium,
681 2635 736 2680 et
777 2625 948 2693 ipsius
976 2623 1257 2680 altissimae
1287 2639 1353 2678 ac
1393 2638 1662 2692 supremae
1699 2635 1934 2690 naturar,

349 2719 420 2774 ab
461 2718 752 2789 inSpiratis
798 2717 1053 2772 Patribus
1098 2726 1425 2770 assumatur.
1463 2715 1604 2784 Ergo
1638 2731 1743 2769 non
1783 2715 1835 2769 in
1876 2729 1933 2770 re

351 2809 657 2878 theologica
710 2820 919 2863 tantum
969 2808 1222 2878 imaginis
1259 2808 1434 2862 honor
1473 2809 1537 2862 ad
1587 2818 1935 2879 prototyputn

352 2902 570 2970 transit,
595 2900 687 2956 sed
719 2900 774 2954 in
803 2900 1138 2970 quibuslibet
1165 2900 1331 2954 etiam
1355 2913 1478 2969 qua:
1505 2899 1836 2973 ﬁgurantur,
1861 2901 1934 2954 uti

351 2993 789 3050 demonstratum
814 3000 920 3047 est.
957 2992 1109 3058 Quod
1134 2992 1180 3045 si
1216 2992 1287 3045 ita
1310 3001 1418 3056 est,
1453 3005 1587 3045 sane
1611 2993 1940 3046 convenien-

355 3087 625 3142 tissimum
656 3086 763 3140 erit
794 3083 1148 3149 Christianis,
1186 3084 1295 3138 imo
1323 3083 1567 3137 debitum
1592 3121 1608 3147 ,
1636 3082 1849 3136 Christi
1884 3092 1939 3135 et

351 3186 668 3233 sanctorum
696 3175 1027 3248 imaginibus
1049 3175 1278 3240 cultum,
1307 3190 1407 3231 ceu
1445 3189 1636 3245 reapse
1665 3174 1932 3238 colendis,

352 3269 633 3324 exhibere.

425 3379 518 3434 29.
561 3382 674 3449 Age
705 3392 836 3433 vero
871 3377 921 3432 si
950 3375 1295 3445 simplicibus
1319 3391 1540 3446 quoque
1573 3386 1628 3431 et
1664 3376 1941 3446 incompo-

353 3474 474 3526 sitis
510 3473 670 3524 rebus
707 3469 976 3534 ligurandi
1009 3468 1352 3523 consuetudo
1385 3467 1632 3522 adhibita
1663 3477 1780 3534 est;
1823 3477 1942 3521 tan-

357 3577 580 3634 tumque
613 3571 698 3618 est
739 3561 992 3632 imaginis
1023 3571 1358 3614 momentum
1395 3574 1459 3615 ac
1490 3559 1760 3629 dignitas,
1796 3569 1856 3613 ut
1886 3561 1940 3613 in

355 3658 538 3711 divina
575 3669 791 3725 quoque
819 3663 875 3709 et
905 3651 1161 3707 ineﬂabili
1217 3661 1410 3706 natura
1457 3661 1754 3719 cernatur;
1791 3650 1942 3706 Filii-

353 3765 461 3820 que
498 3749 716 3803 lilialem
760 3761 824 3800 ac
857 3746 1140 3816 physicam
1186 3742 1507 3798 relationem
1533 3782 1550 3810 ,
1583 3759 1689 3812 qua
1721 3741 1939 3798 Patrem

355 3841 792 3898 substantialiter
839 3845 1234 3905 repraesentans
1261 3836 1398 3906 ('59),
1428 3835 1682 3890 ﬁteidem
1717 3837 1943 3891 intimus

353 3945 407 3991 et
435 3933 742 4004 c0pulatus,
766 3930 1072 4000 exprimere
1099 3943 1162 3982 ac
1183 3929 1564 3982 demonstrare
1591 3935 1788 3997 queat;
1817 3944 1938 3994 cur,

355 4042 490 4089 oro,
552 4026 619 4078 ad
663 4026 777 4077 haec
823 4035 1040 4092 quoque
1085 4021 1388 4090 composita
1440 4034 1548 4074 non
1595 4021 1940 4088 potissimum

356 4129 689 4182 assumatur,
726 4117 791 4169 ad
824 4114 1206 4183 compositam,
1246 4115 1494 4183 inquam,
1541 4104 1747 4167 Christi
1773 4113 1940 4183 hypo-

354 4209 584 4267 stasim?
620 4209 734 4274 Qua
771 4221 836 4261 ex
883 4223 942 4261 re
975 4207 1221 4260 notiores
1267 4205 1424 4259 nobis
1465 4205 1746 4274 magisque
1773 4205 1938 4258 fanti-

354 4305 522 4360 liares
553 4303 685 4356 [ient
721 4315 810 4355 res
839 4299 1095 4354 salutaris
1135 4297 1309 4368 ipsius
1339 4297 1408 4352 ad
1451 4297 1702 4352 homines
1733 4298 1956 4352 adven--

355 4405 462 4454 tus.
487 4393 577 4462 qui
601 4389 887 4459 compositi
909 4404 1098 4445 sumus
1119 4398 1175 4444 et
1195 4387 1506 4443 materiales
1532 4397 1586 4442 et
1612 4389 1936 4454 crassiores,

353 4488 588 4555 ideoque
618 4497 842 4556 egemus
887 4481 1262 4538 materialibus
1303 4490 1672 4550 congruenter
1709 4480 1938 4535 sensibi-

2041 625 2188 678 τητι,
2243 609 2404 679 εἴπερ
2446 607 2814 679 ὁμολογοῦμεν
2846 606 2989 660 αὐτὰ
3041 605 3321 676 σεϐασμοῦ
3373 605 3532 672 ἄξια;
3571 605 3632 661 Tt'

2041 700 2152 768 γὰρ
2189 699 2296 753 τοῦ
2326 699 2626 768 Κυριακοῦ
2676 699 2954 769 σώματος
2986 696 3330 768 τιμιώτερον
3353 697 3391 766 ἢ
3449 699 3632 752 σεϐα-

2041 791 2391 862 σμιώτερον,
2416 792 2448 846 ὃ
2489 792 2588 846 καί
2622 793 3030 862 μετεχόμενον
3057 789 3202 855 τοὺς
3232 791 3433 844 πίστει
3468 790 3631 859 ὃεχο·

2034 885 2261 956 μένους
2296 883 2650 954 καθαγιάζει,
2705 884 2801 939 καὶ
2852 881 3260 954 εἰκονιζόμενον
3316 882 3633 952 ἀποπληροῐ

2041 978 2262 1048 χάριτος
2281 993 2296 1041 ;
2323 976 2406 1030 διὸ
2427 975 2784 1047 προσκυνητὰ
2802 976 2896 1029 καί
2916 974 3078 1046 τίμια
3105 975 3257 1045 παρὰ
3279 973 3632 1044 Χριστιανοῖς

2043 1069 2187 1140 μετὰ
2216 1070 2324 1122 τῶν
2376 1070 2555 1124 ἄλλων
2619 1069 2828 1137 ἁγίωνο
2866 1067 2981 1122 ἀλλ’
3035 1069 3085 1120 οἰ
3139 1067 3346 1121 ἀνόσιοι
3391 1068 3528 1136 πρὸς
3556 1067 3628 1120 τὰ

2040 1163 2214 1226 οὕτως
2239 1162 2664 1225 ἁναντίϐλεπτα,
2694 1161 2857 1224 εὐθὺς
2887 1159 3361 1230 ἀνθυποφέρουσιν
3385 1175 3400 1190 ο
3447 1178 3464 1210 ι
3504 1158 3628 1211 Ὅτι

2045 1251 2308 1327 Ἕλληνες
2341 1257 2439 1326 μὲν
2464 1255 2536 1308 τὰ
2581 1255 2856 1324 Ἐλλήνων
2885 1253 3208 1320 δοξάζουσι·
3229 1253 3363 1322 παρ’
3395 1251 3628 1316 ἐκείνοις

2039 1346 2148 1415 γὰρ
2178 1345 2240 1397 τὸ
2270 1343 2512 1398 τοιοῦτον
2540 1344 2826 1415 ὲφεύρεμα
2856 1360 2870 1374 °
2903 1344 3252 1415 Χριστιανοῖς
3286 1329 3348 1396 ’δὲ
3381 1342 3482 1396 οὐκ
3510 1342 3630 1405 ἰξὸν

2039 1437 2201 1490 τοῦτο
2248 1439 2446 1492 ποιεῖν.
2492 1455 2512 1490 ι
2548 1438 2660 1491 Καὶ
2711 1437 2775 1490 οὐ
2830 1436 3075 1506 συνῆκαν
3104 1437 3188 1490 ὅτι
3240 1435 3400 1489 τοῦτο
3438 1435 3626 1498 αὐτοῖς

2043 1530 2246 1602 μᾶλλον
2280 1529 2713 1595 ἁντιτετάξεται,
2744 1528 3139 1602 συναγορεύσει
3177 1529 3234 1582 δὲ
3264 1531 3395 1600 ἡμῖν
3424 1531 3505 1593 εἰς
3560 1529 3632 1583 τὰ

2044 1622 2320 1693 μάλισταο
2351 1622 2404 1676 τί
2455 1623 2520 1693 δή
2574 1639 2706 1678 ποτε
2753 1622 2862 1690 γὰρ
2901 1623 2978 1696 μὴ
3028 1622 3122 1676 καὶ
3170 1622 3496 1692 Χριστιανοὶ
3559 1620 3629 1674 τὰ

2040 1714 2388 1784 Χριστιανῶν
2421 1714 2752 1785 τιμήσουσι;
2787 1714 2967 1768 καίτοι
2999 1713 3172 1784 ψευδῆ
3210 1715 3310 1783 μὲν
3335 1714 3406 1766 τὰ
3442 1712 3631 1784 Ἐλλήα

2041 1823 2147 1859 νων
2177 1809 2272 1860 καὶ
2293 1805 2522 1878 ἀπάτης
2542 1806 2780 1875 ἔμπλεα,
2828 1806 2896 1860 τὰ
2925 1805 2982 1859 δὲ
3016 1806 3272 1877 ἡμέτερα
3326 1803 3506 1874 ἁληθῆ
3537 1805 3630 1858 καὶ

2040 1897 2259 1969 ἀληθῶς
2286 1899 2655 1969 πεπραγμένα
2678 1896 3121 1966 ὲπιγινώσκομεν
3144 1895 3241 1950 καὶ
3260 1897 3627 1966 πιστεύομενο

2039 1989 2135 2043 καὶ
2162 1989 2272 2058 ὅσῳ
2303 1988 2364 2042 τὸ
2394 1987 2595 2060 ἀληθὲς
2625 1989 2720 2042 τοῦ
2753 1987 2986 2058 ψεύδους
3013 1985 3396 2058 αἱρετώτερον,
3434 1985 3628 2039 τοσούο

2040 2098 2117 2149 τῳ
2151 2079 2257 2132 ἔδει
2289 2079 2388 2149 τὴν
2446 2078 2556 2133 τῶν
2594 2078 2718 2132 καθ’
2772 2080 2920 2148 ἡμᾶς
2973 2077 3132 2142 δόξαν
3191 2076 3624 2146 σπουδαιοτέραν

2039 2168 2180 2224 εἶναι
2209 2172 2306 2238 καὶ
2331 2171 2690 2243 θερμοτέραν.
2735 2171 3006 2226 Τοσοῦτον
3055 2166 3148 2224 οῦν
3195 2169 3306 2224 τῶν
3351 2169 3630 2238 αἰσθητῶν

2037 2265 2268 2318 εἰκόνων
2301 2264 2330 2316 ὁ
2369 2264 2528 2332 λόγος
2555 2263 2618 2317 τὸ
2646 2263 2962 2330 ἀξιόπιστον
2991 2262 3023 2334 ἢ
3065 2263 3392 2316 αὐτόπιστον
3427 2263 3630 2332 κέκτη-

2037 2375 2149 2424 ται,
2180 2356 2324 2411 ὥστε
2349 2357 2447 2410 καί
2469 2357 2550 2418 εἰς
2586 2355 2936 2426 παράστασιν
2968 2357 3066 2409 καὶ
3101 2356 3370 2408 πίστώσιν
3423 2354 3630 2425 ἑτέρων

2040 2451 2211 2520 σαφῆ,
2249 2451 2343 2503 καί
2367 2447 2541 2502 ταῦτα
2578 2447 2744 2502 θείων
2772 2445 3203 2518 καίὑπερερυῶν,
3224 2448 3330 2500 ,καί
3357 2446 3458 2514 τῆς
3490 2449 3632 2499 ἀνω-

2037 2539 2186 2594 τάτω
2221 2539 2316 2591 καί
2343 2539 2563 2592 πάντων
2586 2538 2844 2591 ἐπέκεινα
2868 2537 3109 2606 φύσεως,
3146 2537 3298 2603 παρὰ
3351 2537 3459 2590 τῶν
3509 2534 3630 2590 θεο-

2044 2634 2267 2703 λήπτων
2300 2631 2853 2702 παραλαμϐάνεσθαι.
2887 2629 3099 2684 Οὐκοῦν
3124 2631 3226 2683 οὐκ
3261 2631 3354 2683 ἐπὶ
3385 2630 3487 2700 τῆς
3511 2629 3629 2684 θει-

2039 2725 2225 2794 λογίας
2257 2725 2418 2796 μόνον
2453 2727 2485 2795 ἡ
2514 2725 2613 2794 τῆς
2640 2723 2850 2787 εἰκόνος
2897 2722 3031 2794 τιμὴ
3057 2724 3152 2775 ἐπὶ
3183 2721 3244 2776 τὸ
3274 2723 3630 2794 πρωτότυπον

2037 2815 2326 2878 διαϐαίνει,
2360 2815 2497 2868 ἀλλὰ
2529 2814 2621 2868 καί
2658 2815 2753 2867 ἐπὶ
2798 2815 3016 2869 πάντων
3047 2813 3236 2879 ἁπλῶς
3263 2815 3373 2867 τῶν
3427 2816 3628 2868 εἰκονι-

2039 2907 2286 2980 ζομένων
2320 2908 2397 2970 ὡς
2441 2907 2724 2960 δείκνυται
2753 2923 2769 2940 ο
2826 2907 2920 2960 καὶ
2963 2908 3012 2959 εἰ
3045 2907 3207 2960 τοῦτο
3245 2907 3420 2970 οὕτως
3476 2906 3625 2976 ἔχει,

2039 2997 2469 3067 ἀξιολογώτατον
2499 2999 2563 3052 ἂν
2593 2999 2680 3070 εἴη
2714 2999 3069 3068 Χριπιανοίς
3101 2997 3338 3068 μάλιστα
3388 2997 3484 3051 καὶ
3528 2998 3627 3050 ἐπ-

2038 3091 2418 3162 οφειλόμενον,
2446 3093 2568 3153 ταῖς
2604 3089 2843 3160 Χριστοῦ
2876 3091 2970 3144 καί
3003 3090 3112 3144 τῶν
3151 3090 3322 3160 ἁγίων
3349 3090 3523 3145 εἰκόσι
3569 3090 3630 3144 τὸ

2045 3181 2344 3251 σεϐάσμιον
2373 3181 2450 3245 ώς
2485 3179 2820 3251 σεϐασμίαι;
2852 3179 3063 3254 νέμειν.

2111 3385 2214 3441 κθ’.
2247 3385 2312 3438 El
2365 3384 2475 3456 γὰρ
2509 3385 2604 3437 ἐπὶ
2664 3383 2774 3438 τῶν
2814 3383 3004 3438 ἁπλῶν
3043 3382 3138 3436 καί⁵
3193 3381 3512 3440 ἀσυνθέτων
3569 3384 3634 3438 τδ

2044 3478 2409 3542 εἰκονίςεσθαι
2438 3478 2836 3548 εἰσενήνεκται,
2855 3478 2951 3530 καὶ
2980 3475 3238 3548 τοσοῦτον
3264 3477 3326 3530 τὸ
3349 3477 3448 3547 τῆς
3483 3477 3631 3530 εἰκότ-

2048 3589 2136 3634 νος
2161 3570 2353 3642 χρῆμά
2376 3587 2436 3623 τε
2474 3571 2569 3623 καὶ
2599 3568 2840 3639 ἀξίωμα,
2870 3568 2947 3633 ὡς
2981 3569 3077 3622 καί
3109 3569 3204 3621 ἐπὶ
3231 3568 3330 3639 τῆς
3357 3568 3510 3632 Θείας
3537 3569 3633 3621 καὶ

2043 3662 2360 3733 ἀπορρήτου
2411 3659 2630 3730 φύσεως
2678 3658 3170 3731 συνεμφαίνεσθαι,
3205 3659 3304 3712 καὶ
3347 3657 3444 3712 τοῦ
3496 3657 3630 3712 Υἰοῦ

2042 3753 2144 3822 τὴν
2173 3753 2360 3823 υἰικὴν
2400 3752 2496 3806 καί
2541 3751 2782 3822 φυσικὴν
2832 3749 3019 3822 σχέσιν
3066 3750 3190 3804 καθ’
3222 3751 3293 3822 ἢν
3349 3750 3487 3821 πρὸς
3537 3749 3632 3804 τὸν

2043 3843 2268 3914 Πατέρα
2301 3842 2576 3906 οὑσιωδῶς
2617 3840 2900 3906 εἰκονίζων
2931 3842 3233 3896 οἰκειοῦται
3279 3860 3337 3897 τε
3372 3843 3466 3896 καὶ
3501 3859 3630 3896 συν-

2046 3930 2301 3994 άπτεται,
2361 3933 2639 4001 παριστᾷν
2681 3931 2776 3984 καὶ
2833 3930 3032 4002 δηλοῦν
3074 3931 3362 3998 δύνασθαι,
3412 3933 3466 3986 τί
3499 3948 3628 3986 ποτε

2041 4023 2150 4096 ἄρα
2183 4023 2260 4095 μὴ
2290 4025 2387 4078 καὶ
2415 4025 2507 4077 ἐπὶ
2540 4024 2649 4077 τῶν
2685 4023 2955 4078 συνθέτων
2998 4024 3208 4079 τούτων
3258 4025 3496 4096 μάλιστα
3532 4041 3631 4079 πα-

2043 4115 2478 4186 ραληφθήσεται,
2505 4117 2609 4185 τῆς
2649 4115 2793 4168 κατὰ
2831 4117 3089 4187 Χριστὸν,
3140 4117 3309 4188 φημὶ,
3369 4118 3628 4172 συνθέτου

2041 4205 2425 4269 ὑποστάσεωςς
2463 4206 2523 4272 ἐξ
2549 4199 2611 4259 οὗ
2642 4207 2706 4277 δὴ
2737 4207 3168 4279 γνωριμώτερον
3214 4211 3347 4281 ἡμῖν
3397 4213 3493 4264 καὶ
3547 4212 3627 4266 οἱ-

2045 4298 2323 4371 κειότερον
2362 4297 2432 4351 τὰ
2467 4299 2566 4370 τῆς
2593 4301 2863 4369 σωτηρίου
2901 4299 3070 4354 αὐτοῦ
3120 4301 3262 4372 πρὸς
3301 4301 3628 4372 ἀνθρώπους

2040 4390 2369 4460 ἐπιφανείας
2397 4391 2898 4462 κατασταθήσεται,
2937 4392 3218 4458 συνθέτοις
3239 4411 3322 4463 ’γε
3352 4391 3474 4450 οὖσι
3531 4399 3624 4450 καὶ

2041 4485 2252 4550 ὑλικοίς
2280 4486 2374 4539 καί
2404 4486 2762 4556 παχυτέροις,
2783 4487 2879 4540 καὶ
2908 4486 2998 4541 διὰ
3028 4487 3190 4541 τοῦτο
3222 4488 3502 4559 δεομένοις
3519 4489 3625 4544 τῶν

353 4580 605 4647 libusque
654 4574 1066 4640 instrumentis,
1113 4588 1211 4627 ceu
1263 4573 1535 4626 nobismet
1568 4572 1852 4627 consuetis
1881 4580 1936 4627 et

2045 4578 2250 4632 ὑλικῶν
2285 4576 2570 4646 ἀναλόγως
2619 4579 2715 4631 καί
2755 4577 3057 4648 αἰσθητῶν,
3103 4578 3180 4642 ώς
3231 4565 3477 4652 συνήσων
3532 4582 3626 4636 καὶ

357 4673 593 4727 maxime
625 4667 862 4739 propriis
883 4709 898 4735 ,
937 4667 1003 4720 ad
1036 4663 1470 4720 manifestiorem
1503 4664 1847 4732 doctrinam,
1879 4674 1933 4721 et

353 4765 422 4820 ad
457 4779 544 4818 res
572 4776 692 4832 qua:
712 4776 876 4831 supra
908 4773 1010 4814 nos
1035 4767 1163 4812 sunt
1194 4759 1529 4814 extensivam
1559 4759 1940 4816 manuductio-

357 4873 507 4912 nem.
541 4854 696 4922 Quod
727 4854 771 4908 si
800 4853 906 4908 hoc
939 4852 1160 4906 minime
1195 4851 1422 4909 liceret.
1456 4865 1635 4920 neque
1679 4852 1936 4907 decorum

356 4949 765 5005 cxistintassent
819 4945 1005 5016 inclyti
1061 4943 1320 5001 Ecclesia!
1377 4946 1574 5010 duces,
1621 4946 1938 5014 jamdiu'id

363 5126 477 5191 κῶς
505 5127 696 5198 εἴρηκε
723 5141 737 5156 ο
771 5121 1145 5198 προῄδειλγὰρ
1174 5123 1259 5198 ὅτι
1313 5120 1410 5175 τοῦ
1447 5121 1705 5198 Σωτῆρος
1734 5123 1933 5198 ἐπιφα-

356 5199 539 5260 νέντος
561 5192 830 5267 Χριστοῦ,
859 5192 956 5267 καὶ
975 5196 1073 5266 τὴν
1091 5192 1366 5267 ἡμετέραν
1387 5192 1720 5267 φορέσαντος
1748 5192 1928 5262 φύσιν,

358 5263 632 5338 σύμπασα
653 5267 761 5320 τῶν
791 5263 1038 5319 εἰδώλων
1057 5263 1232 5338 καίεξ
1251 5263 1566 5338 ἁπανταχοῦ
1596 5263 1701 5332 γῆς
1716 5281 1930 5338 ’καταρ-

353 5335 656 5412 γηθήσεται
673 5338 921 5412 λατρεία·
939 5338 1092 5412 Quod
1106 5335 1622 5412 ab_initio_i_dolorum
1639 5335 1810 5412 cultus
1827 5335 1931 5412 aen

354 5406 640 5475 exstiterit,
671 5406 961 5479 legentibus
989 5407 1460 5479 historiasguilius
1481 5419 1666 5479 eorum
1705 5406 1931 5472 origines

356 5475 739 5543 "retinerentur,
770 5478 1100 5546 exploratum
1131 5478 1212 5545 ﬁt.
1240 5477 1392 5546 Quod
1415 5482 1602 5546 ,σαίρω
1637 5475 1777 5546 haud
1813 5491 1932 5540 per-

357 5563 512 5617 petua
542 5541 804 5616 futuram
831 5541 1160 5617 idololatria,
1185 5541 1484 5614 prophetica
1500 5545 1654 5596 dixit.
1690 5541 1925 5598 Nom-rat

354 5616 494 5671 enim
520 5617 632 5688 {ore
673 5627 728 5672 ut
756 5620 1035 5674 Senators
1059 5616 1272 5672 Christo
1311 5623 1618 5688 apparatus.
1658 5624 1925 5688 nostrum-

353 5703 455 5760 φτς
485 5684 728 5742 naturam
749 5698 976 5760 gerente,
1013 5697 1154 5760 totus
1182 5689 1238 5760 in
1253 5686 1499 5740 universa
1517 5686 1637 5736 orbe
1661 5684 1924 5760 idolorum

355 5755 987 5830 cnllttsgexsting'ueretur.
1018 5758 1197 5823 Atque
1229 5758 1330 5830 huc
1379 5771 1522 5830 sa‘pe
1548 5757 1926 5830 stomachatnr

356 5826 744 5897 Nicephorusf
769 5830 913 5899 quod
958 5829 1302 5884 lconomachi
1357 5829 1552 5882 nedmn
1598 5826 1920 5880 exstinctam

2040 4669 2397 4723 οἰκειοτάτων
2423 4671 2576 4741 ἡμῖν,
2637 4669 2773 4741 πρὸς
2823 4665 3190 4740 ἐκδηλοτέραν
3238 4669 3621 4738 διδασκαλίαν,

2042 4763 2138 4814 καὶ
2167 4761 2277 4814 τῶν
2312 4761 2453 4831 ὑπὲρ
2478 4762 2624 4832 ἡμᾶς
2669 4761 3004 4830 ἀνατατικὴν
3032 4763 3426 4833 χειραγωγίαν.
3454 4765 3517 4818 Εἰ
3568 4766 3623 4818 δὲ

2041 4855 2143 4908 οὐκ
2181 4854 2310 4924 ἐξῆν
2341 4853 2518 4922 τοῦτο,
2541 4842 2667 4907 ὀὐδὲ
2703 4855 2912 4924 πρέπον
2940 4855 3204 4926 ᾠήθησαν
3234 4857 3282 4908 οἱ
3305 4856 3510 4910 κλεινοί
3525 4861 3622 4926 τῆς

2060 4945 2389 5016 Ἐκκλησίας
2443 4946 2845 5016 καθηγεμόνες,
2910 4946 3358 5019 προσδιέστειλαν
3405 4946 3473 5001 ἂν
3528 4948 3622 5000 καὶ

2041 5121 2432 5186 idololatriam,
2476 5124 2572 5178 sed
2605 5131 2913 5177 revocatam
2964 5123 3047 5179 vel
3077 5134 3292 5178 auctam
3335 5123 3407 5178 ah
3434 5123 3620 5179 ortho-

2041 5196 2197 5247 tloxis
2233 5208 2508 5246 sacrarum
2545 5195 2840 5262 imaginum
2891 5194 3193 5250 cultoribus
3219 5195 3624 5249 calumniaren-

2043 5273 2142 5316 tur.
2167 5263 2338 5318 Porro
2357 5265 2502 5330 quod
2525 5279 2625 5334 nec
2649 5279 2866 5332 semper
2889 5281 2987 5319 nec
3009 5267 3210 5334 ubique
3235 5267 3373 5318 idola
3403 5263 3621 5328 fuerint,

2044 5343 2307 5403 testantur
2325 5336 2487 5387 etiam
2508 5333 2715 5400 aliquot
2735 5350 2906 5403 nuper
2931 5333 3172 5391 lustratae
3191 5337 3382 5390 oceani
3404 5336 3624 5388 Austra-

2042 5402 2108 5458 lis
2140 5404 2348 5470 insulzc,
2386 5405 2474 5458 ubi
2509 5404 2669 5459 nulla:
2712 5402 2976 5459 idolorum
3024 5407 3208 5476 ligura:
3245 5407 3386 5476 apud
3416 5405 3622 5459 incolas

2042 5486 2272 5541 repertae
2297 5485 2445 5531 Sunt.

2107 5544 2221 5614 (38)
2253 5544 2326 5598 En
2360 5559 2554 5598 navum
2589 5544 2654 5600 tle
2709 5543 2909 5600 Christi
2941 5561 3168 5614 corpore
3199 5545 3254 5601 in
3285 5543 3625 5600 Eucharisti-

2033 5614 2115 5669 cis
2146 5616 2429 5684 speciebus
2461 5627 2732 5684 prasente
2765 5618 3162 5671 testimonium.
3212 5646 3214 5648 -

2105 5686 2217 5755 (39)
2246 5686 2442 5741 Recole
2469 5686 2837 5741 Cantacuzeni
2860 5687 3039 5742 locum
3067 5687 3230 5756 paulo
3249 5697 3380 5743 ante
3419 5704 3448 5743 a
3470 5685 3624 5744 nobis

2036 5760 2370 5828 relattnn,p.
2407 5757 2528 5823 l00,
2554 5757 2680 5812 adn.
2720 5756 2807 5811 5i.
