4050 6434
358 382 461 449 nl

1062 368 1695 443 ANTIRRHETICUS
1733 368 1828 430 III
1866 369 2043 432 ADV.
2078 363 2676 430 CONSTANTINUM
2714 362 2928 423 COPR.

3537 357 3656 423 ἔιΞὲ

360 488 860 568 προσδιωρίσαντο,
880 482 1086 538 τούτων
1114 483 1295 553 μόνων
1320 479 1647 553 ὑφελόμενοι
1676 480 1776 549 τὴν
1797 495 1967 551 προσ-

2079 478 2482 535 constituissent
2518 491 2581 531 ac
2625 474 2977 536 delittissettt,
3021 484 3188 545 atque
3219 474 3304 531 his
3346 492 3653 530 vent-unm.

360 587 597 659 κὸνησιν
617 600 631 614 '
671 582 768 636 acati.
796 578 850 633 τί
878 577 959 631 δεῖ
1008 576 1192 644 λέγειν
1226 573 1644 646 προσκύνησιν;
1671 571 1808 644 μηδὲ
1861 589 1959 624 τυ-

361 678 602 736 ποῦσθαι
632 675 694 729 τδ
734 670 1002 745 παράπαν
1029 669 1209 737 πάντη
1259 667 1353 720 καὶ
1388 660 1613 727 πάντως
1662 663 1958 718 ὲθέσπισαν

367 773 622 847 μίμημα·

434 864 504 921 λ’.
553 861 696 918 ’Δλλ’
743 858 924 915 αὐτῶν
966 872 1031 926 γε
1054 854 1187 908 ἔνιοι
1214 852 1310 923 καὶ
1359 851 1544 916 οἴκους
1585 849 1769 920 ἱεροὺς
1824 847 1963 902 ἐδεί-

367 970 566 1029 μαντο,
595 953 694 1007 καὶ
721 949 844 1021 ἱερὰ
870 945 1133 1017 κειμήλια
1164 941 1547 1013 ὲτεκτήναντο,
1575 943 1634 993 ἐν
1669 933 1771 1029 of;
1787 938 1965 993 ταῦτα

362 1026 734 1106 ἕντυποῦντες
781 1039 880 1094 καὶ
912 1035 1314 1108 διαγράφοντες
1372 1033 1705 1102 φαίνονται·
1738 1026 1813 1086 ὧν
1870 1032 1970 1086 καὶ

360 1137 541 1191 ὅντων
573 1136 669 1189 καὶ
697 1130 1029 1202 γινομένων,
1060 1127 1153 1181 τὸν
1174 1126 1275 1197 τῆς
1302 1123 1450 1197 ζωῆς
1495 1110 1741 1195 βιοῦντες
1792 1123 1965 1177 διετέο

361 1229 495 1283 λουν
528 1227 750 1281 ἅπαντα
776 1220 970 1293 χρόνον
1005 1235 1019 1249 ·
1063 1217 1167 1290 ήδη
1215 1216 1271 1269 δὲ
1310 1215 1403 1269 καὶ
1436 1214 1585 1286 ὅροις
1633 1213 1732 1268 καὶ
1775 1213 1966 1266 κανόσι

364 1320 540 1384 θείοις
604 1311 1050 1385 ἀναστηλοῦσθαι
1101 1308 1173 1362 τὰ
1215 1306 1456 1379 Χριστοῦ
1505 1307 1820 1371 ἐτνύπωσαν,
1872 1304 1970 1373 καὶ

322 1396 327 1403 ⁸
367 1412 575 1486 μᾶλλον
597 1408 678 1482 τῷ
699 1403 1035 1479 ἀνθρωπείῳ
1055 1402 1209 1468 εῖδει,
1228 1401 1339 1472 ὅσῳ
1352 1399 1448 1453 καὶ
1463 1402 1528 1471 τῇ
1543 1397 1780 1470 ἀληθείᾳ
1800 1413 1967 1470 προσ-

366 1508 674 1580 ῳκείωται,
702 1503 735 1575 ἢ
769 1500 850 1573 τῷ
883 1499 980 1554 τοῦ
1008 1496 1210 1570 ἀμνοῦ,
1265 1498 1316 1550 οί
1350 1494 1742 1568 ἀρχαιότεροι,
1773 1494 1824 1547 οἱ
1866 1493 1967 1564 τὴν

371 1600 530 1672 ἱερὰν
590 1600 687 1653 καὶ
744 1595 910 1662 ἁγίαν
962 1590 1134 1662 ἕκτην
1179 1587 1693 1660 συγκεκροτηκότες
1747 1580 1966 1639 σύνοδον
2004 1634 2013 1641 .

370 1691 625 1760 θεόσοφοι
660 1687 903 1759 πατέρες
952 1683 1358 1739 διδασκέτωσαν
1382 1699 1396 1713 ·
1429 1680 1525 1745 οὒς
1558 1674 1769 1742 πάντας
1822 1695 1970 1748 παρ-

367 1782 614 1857 ορῶντες
629 1782 683 1834 οἱ
699 1779 936 1844 ἀνόσιοι,
956 1775 1049 1829 ἐπὶ
1083 1775 1505 1846 τὸν-κορυφαῖον
1529 1773 1631 1844 τῆς
1658 1772 1850 1835 aeaut;
1876 1771 1968 1824 τὸν

2067 586 2192 625 nent
2246 570 2625 638 abrogassent.
2675 564 2813 633 Quid
2870 565 2994 621 dico
3039 568 3487 624 venerationem?
3539 567 3651 625 Nec

2065 662 2410 732 ﬁgurandum
2448 661 2668 728 quidem
2712 657 2822 712 ullo
2871 657 3034 712 modo
3069 656 3426 715 simulacrum
3464 660 3655 716 decre-

2065 752 2298 806 vissent.

2143 842 2304 916 ιοά.
2342 842 2433 898 30.
2466 831 2628 911 Atqui
2668 855 2861 906 secus,
2893 841 3087 896 horum
3115 838 3282 909 aliqui
3312 855 3497 896 sacras
3519 854 3656 912 quo-

2068 951 2175 1008 que
2202 938 2346 992 aedes
2378 944 2725 999 struxerunt,
2756 942 2813 989 et
2846 948 3005 988 sacra
3040 932 3257 988 cimelia
3284 931 3656 996 elaborarunt,

2067 1028 2126 1084 in
2153 1028 2354 1098 quibus
2388 1026 2484 1081 has
2517 1026 2787 1095 imagines
2815 1024 2883 1078 ab
2924 1023 3005 1079 eis
3040 1024 3338 1092 impressas
3370 1022 3453 1077 vel
3486 1021 3662 1092 ρῖιηιςι

2068 1128 2308 1175 constat.
2342 1116 2472 1185 Qua:
2501 1117 2628 1172 dttm
2661 1125 2940 1172 exstarent
2979 1125 3034 1171 et
3072 1116 3125 1170 in
3158 1115 3276 1171 dies
3308 1117 3519 1181 tierent,
3559 1115 3660 1184 ipsi

2070 1221 2243 1266 totunt
2269 1210 2627 1266 absolverunt
2655 1210 2786 1264 vitae
2826 1224 3073 1264 cursum.
3099 1206 3330 1278 Jamque
3369 1209 3533 1262 etiam
3566 1206 3662 1260 de—

2071 1302 2416 1358 ﬁnitionibus
2469 1301 2784 1371 divinisque
2837 1302 3141 1357 canonibus
3191 1301 3420 1371 proponi
3456 1298 3661 1356 Christi

2070 1395 2368 1466 imaginem
2408 1394 2649 1466 typicam
2681 1404 3050 1461 censuerunt;
3082 1403 3139 1448 et
3167 1394 3407 1448 humana
3441 1394 3662 1464 quidem

2070 1487 2257 1557 potius
2309 1487 2524 1551 forma,
2581 1501 2681 1540 cett
2734 1484 2952 1541 veritati
3000 1486 3458 1555 congruentiore,
3500 1500 3664 1553 quam

2072 1578 2234 1650 agni,
2278 1578 2417 1652 ﬁeri,
2450 1577 2618 1649 prisci
2653 1576 2847 1647 illi'qui
2875 1592 3091 1632 sacram
3130 1585 3488 1649 sanet-anque
3508 1593 3667 1651 syno-

2072 1670 2201 1724 dum
2224 1678 2435 1724 sextam
2463 1669 2816 1724 celebrarunt
2846 1683 2876 1722 a
2906 1668 3015 1722 Deo
3044 1668 3302 1740 inspirati
3321 1668 3535 1737 Patres,
3567 1684 3670 1724 nos

2075 1760 2349 1815 docebunt
2381 1759 2516 1833 (40).
2554 1759 2702 1827 Quos
2731 1769 2963 1814 cunctos
2988 1759 3282 1829 irreligiosi
3299 1758 3365 1813 -lti
3389 1759 3667 1832 neglectui

368 1850 616 1944 δῦσσεὸἧ
634 1870 897 1926 Εὑσὲὄιον
914 1867 1287 1939 ἀποτρέχουσι
1310 1870 1404 1929 καὶ
1425 1865 1518 1930 οὓς
1542 1864 1968 1937 παρεπλάσαντο

2079 1852 2376 1918 habentes,
2434 1851 2501 1907 ad
2560 1851 2904 1923 coryphaeum
2960 1850 3383 1922 irreligiositatis
3438 1853 3668 1920 itttpinnt

367 1966 651 2038 Πατέρας,
681 1965 803 2028 ταῖς
837 1960 1070 2024 οίκείαις
1093 1959 1311 2033 ὀρέξεσι
1327 1959 1431 2031 τῆς
1457 1957 1715 2021 ἀσεϐείας
1741 1956 1961 2011 ἐκκαιό-

373 2075 557 2131 μενοι,
587 2054 652 2109 εκ
681 2071 742 2109 τε
777 2053 879 2124 τῆς
908 2050 1237 2131 Μανιχαίων
1281 2050 1377 2105 καὶ
1435 2048 1739 2121 Ἀ’ρειανῶν
1784 2046 1964 2118 λύμης

368 2150 769 2226 ἑρανισάμενοι
802 2147 1093 2221 φάσματα,
1135 2142 1463 2198 καὶτούτων
1509 2143 1655 2215 μέρη
1704 2141 1825 2194 τινὰ
1868 2139 1965 2193 καὶ

368 2244 647 2316 τμήματα
679 2239 866 2311 πάσης
915 2235 1206 2309 βδελυρίας
1260 2233 1358 2288 καὶ
1423 2233 1774 2304 ἀκαθαρσίας
1831 2231 1964 2284 ἀνά-

376 2353 578 2409 μεστα,
600 2334 793 2407 πόρρω
813 2348 919 2385 που
951 2328 1044 2385 τοῦ
1068 2328 1167 2400 τῆς
1199 2326 1531 2398 Ἐκκλησίας
1552 2324 1714 2397 χοροῦ
1745 2324 1840 2379 καὶ
1865 2323 1967 2394 τῆς

374 2430 530 2493 θείας
588 2429 653 2480 ὲκ
698 2424 967 2479 πλειόνων
1021 2423 1235 2494 χρόνων
1286 2418 1737 2489 ἀπεληλαμένους
1783 2415 1964 2486 δόξης,

372 2520 471 2585 οὒς
511 2519 605 2573 καὶ¹
647 2517 708 2572 τὸ
758 2514 1178 2588 ἀπερίγραπτον
1213 2512 1309 2566 ἐπὶ
1345 2510 1611 2582 Χριστοῦ,
1646 2509 1838 2580 ὥσπερ
1871 2508 1997 2563 καὶ-

374 2612 440 2667 τὸ
468 2611 751 2683 ἀλλότριον
775 2608 873 2663 καὶ
915 2591 1260 2683 ἐτεροούσιον
1290 2605 1393 2677 τῆς
1439 2604 1535 2659 τοῦ
1574 2602 1969 2675 γεγεννηκότος

373 2702 570 2764 οὐσίας
611 2699 972 2772 φρονοῦντας,
1008 2700 1065 2754 αί
1120 2699 1270 2772 ἱεραὶ
1320 2697 1532 2752 σύνοδοι
1585 2694 1967 2767 ἀπεκήρυξαν,

379 2795 634 2866 φρικτοῖς
687 2791 999 2864 ἀναθέμασι
1041 2789 1505 2857 καταζεύξαντες.
1555 2789 1681 2843 Ἔτι
1726 2787 1784 2840 δὲ
1832 2785 1970 2857 πρὸς

376 2888 496 2950 τοῖς
521 2887 864 2960 εἰρημένοις,
894 2884 985 2961 τὸν
1021 2885 1350 2957 ἱεροφάντην
1376 2881 1651 2956 Κύριλλον
1703 2878 1800 2934 τοῦ
1843 2876 1970 2934 καθ’

382 2980 530 3050 ἡμᾶς
562 2979 726 3048 λόγου
759 2978 857 3031 καὶ
907 2977 1010 3047 τῆς
1040 2976 1308 3048 ἀληθείας
1347 2975 1673 3047 ὑπέρμαχον
1725 2988 1971 3044 προστη-

380 3074 635 3142 σάμενοι,
667 3072 868 3143 ἴδωμεν
902 3070 1006 3124 ποῦ
1034 3088 1166 3124 ποτε
1200 3070 1313 3141 ἄρα
1349 3072 1376 3123 ὁ
1400 3069 1501 3140 τῆς
1534 3067 1742 3134 εἰκόνος
1786 3065 1973 3126 αὐτοῖς

377 3164 543 3233 λόγος
573 3144 873 3233 ἐκϐήσεται
898 3178 913 3193 ο
942 3161 1218 3232 θαυμάζω
1251 3164 1360 3232 γὰρ
1413 3161 1463 3214 εί
1525 3158 1601 3231 μὴ
1636 3156 1971 3221 ἀποστασίου

375 3231 606 3325 γραφὴν
660 3231 1098 3321 ἁλιτενεῖγκοιντο·
1149 3245 1253 3305 ὦδε
1299 3231 1408 3323 γάρ
1456 3267 1635 3322 φησι,
1686 3252 1786 3321 τὴν
1835 3250 1970 3318 πρὸς
2001 3231 2047 3292 (ἶ

390 3348 711 3418 Ῥωμαίους
762 3346 859 3401 τοῦ
897 3347 1046 3401 θείου
1107 3346 1440 3400 Ἀποστόλου
1498 3343 1972 3414 ὑπομνηματίζων

393 3440 746 3511 Ἐ’πιστολήν·
787 3458 806 3491 ι
850 3440 954 3493 Τόν
972 3456 1037 3509 γε
1075 3439 1182 3509 μὴν
1211 3442 1276 3493 ὲκ
1320 3438 1638 3508 σπέρματος
1668 3434 1836 3488 Δα6“ιδ
1878 3449 1974 3501 γε-

377 3533 621 3603 γονότα,
669 3530 811 3585 κατὰ
846 3531 945 3601 τὴν
991 3532 1175 3601 σάρκα
1223 3528 1461 3602 ὡρίσθαι
1513 3529 1680 3601 φησὶν
1720 3528 1798 3589 είς
1846 3525 1975 3578 Υίδν

377 3624 522 3678 Θεοῦ
550 3625 609 3676 ὲν
644 3623 898 3693 δυνάμει,
930 3622 1074 3676 κατά
1108 3622 1333 3693 Πνεῦμα
1363 3620 1702 3691 ἁγιωσύνης,
1735 3619 1793 3684 ἐξ
1839 3618 1972 3673 ἀνα.-

378 3716 639 3780 στὰσεως
690 3715 904 3786 νεκρῶν
928 3731 942 3745 ο
978 3713 1270 3786 ὠρίσμεθα
1302 3715 1401 3785 μὲν
1433 3713 1543 3788 γὰρ
1571 3713 1668 3767 καὶ
1696 3713 1860 3783 ἡμεῖς
1898 3712 1978 3774 είς

378 3811 565 3874 υἱοὺς,
592 3807 709 3861 ἀλλ’
733 3809 835 3862 οὐκ
876 3809 933 3860 ὲν
972 3806 1206 3877 δυνάμει
1235 3806 1460 3878 μᾶλλον,
1489 3804 1602 3859 ἀλλ’
1656 3805 1732 3868 ὡς
1767 3804 1827 3857 ὲν
1879 3802 1979 3875 χά-

383 3919 538 3977 ριτος
574 3900 764 3974 μοίρᾳ,
817 3902 918 3970 τῆς
958 3899 1206 3970 κλήσεως
1238 3888 1597 3976 ,ἀξιούμενον
1658 3897 1753 3951 καὶ
1801 3896 1877 3960 ὡς
1921 3897 1979 3950 ὲν

383 3993 531 4063 μόνῃ
569 3990 790 4062 θειήσει
824 3987 920 4042 τοῦ
969 3987 1106 4043 Θεοῦ
1130 3989 1228 4042 καὶ
1258 3989 1475 4060 Πατρὺς
1525 3988 1588 4042 τὸ
1626 3988 1818 4060 χρῆμα
1853 4002 1982 4058 κερ-

380 4083 704 4147 δαίνοντεςο
740 4083 770 4136 ὁ
806 4081 864 4135 δέ
917 4097 985 4150 γε
1049 4080 1404 4154 Ἐμμανουηλ
1438 4080 1541 4135 οὐκ
1579 4081 1646 4136 ἂν
1678 4072 1779 4134 ὧδε
1841 4078 1980 4150 ἔχοι,

379 4174 592 4230 πολλοῦ
612 4191 680 4243 γε
703 4173 798 4228 καὶ
817 4173 900 4228 δεῖ
925 4191 940 4205 ·
975 4173 1093 4227 ἀλλ’
1124 4174 1173 4228 εί
1205 4174 1299 4228 καὶ
1320 4175 1547 4244 γέγονεν
1580 4175 1646 4228 ἐκ
1662 4173 1984 4245 σπέρματος

380 4267 485 4322 τοῦ
523 4265 687 4320 Δασιδ
707 4266 852 4321 κατὰ
887 4267 1091 4339 σάρκα,
1124 4267 1221 4320 καὶ
1257 4265 1334 4331 ὡς
1356 4262 1438 4330 εἷς
1466 4265 1527 4332 ἐξ
1543 4266 1701 4337 ἡμῶν
1732 4269 1812 4330 εἰς
1854 4264 1984 4320 Υίὺν

383 4360 673 4429 λογίζεται
718 4360 855 4414 Θεοῦ
885 4359 977 4414 διὰ
1010 4360 1073 4413 τὸ
1121 4358 1487 4432 ἀνθρώπινον,
1519 4358 1633 4414 ἀλλ’
1662 4355 1758 4415 οὖν
1794 4362 1853 4413 ὲν
1890 4360 1989 4431 δυτ

387 4454 560 4523 νάμει
590 4453 687 4508 καὶ
710 4450 944 4524 ἀληθείᾳ
979 4451 1126 4507 κατά
1153 4451 1320 4521 φύσιν
1354 4451 1483 4516 Υἱός
1511 4454 1653 4518 ὲστι,
1687 4451 1756 4505 δι’
1796 4444 1860 4505 οῦ
1890 4450 1986 4503 καὶ

389 4546 558 4614 ἡμεῖς
588 4541 988 4614 υίοποιούμεθα
1020 4559 1035 4574 ⁸
1072 4529 1229 4614 είᾶτερ
1276 4542 1426 4597 ἐστὶν
1451 4543 1649 4615 ἀληθὲς
1684 4542 1882 4605 εἰπεῖν,
1908 4541 1983 4608 ὡς

389 4637 458 4690 τὸ
502 4636 665 4691 αὑτοῦ
691 4636 920 4708 Πνεῦμα
956 4636 1402 4708 πεπλουτηκότες
1436 4637 1526 4713 διᾲ
1568 4637 1664 4691 τοῦ
1697 4634 1855 4705 ἁγίου
1886 4634 1986 4707 βα-

393 4729 728 4800 πτίσματος,
760 4730 884 4784 τότε
915 4728 1002 4801 δὴ,
1034 4729 1160 4783 τότε
1197 4731 1293 4784 καὶ
1319 4730 1750 4801 ἁνεπιπλήκτως
1774 4728 1981 4798 φαμὲν,

400 4821 576 4877 ’Δϐὃὰ
599 4823 629 4874 ὁ
655 4822 870 4894 Πατήρ.
892 4821 1103 4878 Οὐκοῦν
1135 4823 1210 4887 ὡς
1239 4822 1451 4885 εἰκόνες
1483 4822 1620 4893 πρὸς
1647 4820 1982 4892 ἀρχέτυπον,

384 4911 538 4970 οὕτω
564 4916 659 4968 καὶ
682 4917 844 4986 ἡμεῖς
862 4917 912 4969 οί
937 4914 1081 4969 κατά
1102 4916 1251 4969 θέσιν
1293 4914 1401 4969 υἱοὶ
1420 4954 1434 4978 ,
1464 4913 1601 4985 πρὸς
1624 4913 1717 4967 τὸν
1734 4913 1893 4983 φύσει
1923 4929 1985 4965 τε

388 5007 489 5062 καὶ
515 5005 746 5077 δυνάμει
776 4989 872 5062 κοιλ⁸
902 5006 1121 5079 άληθῶς
1138 5009 1204 5062 ὲκ
1231 5007 1463 5079 Πατρὸς
1482 5006 1986 5079 μεμαρτυρημένον

386 5099 472 5159 είς
503 5096 686 5154 τοῦτο.
724 5118 743 5150 t

465 5191 569 5245 λα’.
613 5188 972 5246 Ἐπιστατὲον
999 5189 1095 5244 οῦν
1135 5189 1405 5261 ἀκριϐῶς,
1431 5191 1516 5244 ὅτι
1567 5206 1632 5257 γε
1669 5190 1733 5243 τὸ
1757 5188 1862 5260 τῆς
1911 5190 1989 5242 εί-

393 5282 552 5345 κόνος
606 5282 984 5354 παράδειγμα,
1041 5282 1141 5352 οὐχ
1175 5280 1369 5351 ὥσπερ
1406 5283 1465 5334 ἐν
1509 5283 1626 5344 τοῖς
1673 5281 1988 5353 ἔμπροσθεν

394 5375 545 5439 ὅπως
578 5375 695 5447 ἔχει
725 5374 754 5427 ό
786 5374 916 5438 Υἱὸς
945 5361 1083 5445 πρὸς
1116 5374 1211 5429 τόν
1256 5374 1501 5445 Πατέρα,
1528 5372 1674 5429 οὕτω
1706 5374 1989 5429 κάνταῦθα

394 5469 827 5541 παρενήνεκται,
851 5464 967 5522 ἀλλ’
1003 5467 1154 5532 ὅπως
1185 5468 1345 5538 ἡμεῖς
1377 5467 1429 5522 οἱ
1462 5465 1613 5521 θέσει
1656 5468 1752 5522 καὶ
1803 5467 1989 5539 χάριτι

463 5618 581 5692 με)
613 5620 688 5692 Qe
713 5619 820 5692 hoe
852 5617 1089 5692 diximus
1123 5621 1398 5689 superius,
1427 5634 1480 5689 p.
1518 5620 1611 5688 12,
1634 5623 1686 5675 in
1714 5621 1843 5677 adn.

464 5689 584 5757 (Η)
621 5689 983 5763 ϐτοιιιίειιιιις
1008 5691 1110 5745 huc
1168 5705 1370 5763 novum
1402 5694 1585 5763 salicti
1618 5692 1806 5763 Cyrilli
1844 5691 1991 5762 frag-

391 5772 646 5831 mentum
673 5775 740 5815 ex
776 5759 896 5830 ejus
942 5757 1352 5816 Cottttttentario
1400 5762 1453 5815 itt
1482 5757 1764 5831 Epistiad
1796 5757 1995 5819 Roma-

399 5849 522 5897 nos,
554 5830 710 5903 cujus
761 5832 918 5886 sedes
947 5833 1172 5902 propria
1201 5841 1285 5887 est
1317 5842 1443 5902 post
1471 5834 1707 5903 primunt
1765 5851 1796 5890 tt
1836 5836 1996 5890 uobis

2072 1943 2366 1999 Eusebium
2401 1943 2744 2015 confugiunt,
2791 1954 2848 1998 et
2879 1943 3016 1997 alios
3056 1958 3195 2013 quos
3242 1943 3347 1998 sibi
3380 1944 3669 1999 conﬁnxe-

2073 2048 2203 2092 runt
2245 2047 2466 2109 patres,
2515 2036 2739 2110 sceleris
2775 2037 2858 2092 sui
2906 2037 3256 2105 cupidinibus
3301 2034 3666 2102 inﬂammati,

2071 2128 2306 2196 sumptis
2355 2118 2522 2182 etiam
2577 2144 2606 2181 a
2659 2126 3085 2183 Manichaeorum
3136 2140 3302 2199 atque
3332 2129 3669 2184 Arianorum

2077 2230 2234 2290 peste
2261 2216 2539 2290 ﬁgmentis
2559 2259 2574 2286 ,
2608 2233 2913 2289 eorumque
2947 2221 3236 2290 particulis
3261 2221 3472 2293 aliquot
3501 2234 3670 2292 atque

2075 2311 2358 2383 reliquiis,
2389 2312 2520 2368 faece
2553 2312 2699 2368 omni
2732 2324 2897 2382 atque
2932 2314 3249 2383 intpuritate
3296 2316 3669 2383 scatetttibus;

2074 2420 2212 2477 quos
2246 2405 2437 2476 procul
2482 2405 2551 2459 ab
2584 2404 2840 2460 Ecclesia:
2883 2416 3027 2459 cattu
3064 2405 3369 2472 submotos,
3407 2416 3464 2460 et
3510 2426 3539 2461 ιι
3587 2408 3672 2461 di-

2076 2500 2201 2555 vina
2236 2500 2409 2569 gloria
2451 2488 2617 2552 multo
2647 2508 2891 2566 tempore
2921 2506 3050 2554 ante
3075 2498 3356 2565 exclusos,
3387 2498 3669 2556 Christum

2076 2592 2238 2649 simul
2281 2595 2852 2663 incircutttscriptum,
2889 2602 2944 2648 et
2987 2593 3230 2649 alienum
3281 2593 3671 2663 diversumque

2076 2701 2107 2741 a
2140 2697 2366 2757 paterna
2398 2687 2706 2742 substantia
2752 2697 3040 2742 censentes
3062 2725 3081 2753 ,
3123 2700 3300 2742 sacra;
3328 2689 3520 2758 synodi
3570 2703 3673 2741 es-

2079 2781 2575 2847 commutticarunt,
2601 2782 2898 2836 tremendis
2910 2779 3187 2849 subjectos
3207 2781 3671 2838 anathemattnus.

2080 2872 2187 2928 Sed
2238 2888 2371 2938 nos,
2409 2885 2608 2944 praeter
2653 2874 2833 2939 dicta,
2888 2874 3307 2942 itierOpbatttam
3356 2873 3673 2946 Cyrillum,

2082 2967 2354 3023 sermonis
2375 2967 2547 3022 nostri
2573 2967 2937 3037 veritatisque
2959 2977 3252 3038 patronum
3278 2971 3667 3038 producentes,

2080 3061 2364 3116 videamus
2399 3075 2638 3131 quonam
2670 3060 2787 3114 haec
2814 3059 2883 3114 de
2924 3061 3259 3130 imaginibus
3287 3061 3667 3117 controversia

2083 3152 2204 3208 istis
2243 3152 2463 3207 demunt
2521 3152 2728 3208 evadet.
2781 3151 2955 3208 Miror
2996 3154 3182 3219 enim,
3236 3153 3345 3209 nisi
3399 3154 3527 3210 huic
3556 3155 3663 3224 ipsi

2079 3255 2275 3302 sancto
2305 3248 2425 3301 viro
2451 3245 2657 3317 repudii
2685 3245 2930 3301 libellum
2976 3247 3125 3301 dent.
3160 3245 3372 3317 Quippe
3398 3246 3444 3302 is
3473 3247 3555 3302 sic
3589 3247 3670 3302 ait

2078 3337 2189 3394 divi
2230 3337 2476 3408 Apostoli
2513 3338 2579 3393 ad
2621 3336 2899 3392 Romanos
2939 3335 3239 3406 Epistulam
3270 3340 3671 3395 commentario

2078 3430 2380 3502 explanans
2408 3431 2547 3504 (ll).
2594 3449 2614 3485 ι
2645 3429 2724 3486 De
2760 3430 2971 3487 semine
3005 3429 3228 3486 Davidis
3255 3440 3442 3485 natum
3474 3445 3672 3488 secun-

2080 3524 2208 3580 dum
2239 3539 2492 3589 carnem,
2517 3523 2977 3592 praedestinatum
3011 3522 3090 3578 ait
3118 3522 3318 3578 Filium
3355 3523 3448 3578 Dei
3478 3523 3531 3577 in
3560 3522 3673 3577 vir-

2082 3624 2218 3683 tute,
2251 3616 2551 3672 seeundum
2580 3614 2851 3687 Spiritum
2877 3614 3353 3681 sanctificationis,
3377 3630 3446 3671 ex
3482 3630 3672 3670 resur-

2082 3709 2325 3764 rectione
2354 3694 2719 3765 mortuorum.
2758 3707 2977 3764 Etenim
3012 3708 3470 3778 praedestinamur
3502 3709 3671 3763 etiam

2041 3870 2046 3876 θ
2080 3817 2185 3859 nos
2218 3789 2347 3868 lilii,
2391 3801 2485 3858 sed
2528 3812 2707 3857 tamen
2765 3818 2871 3857 non
2907 3817 2975 3857 ex
3010 3803 3246 3865 virtute,
3281 3803 3377 3856 sed
3413 3809 3672 3869 tanquam

2081 3910 2149 3951 ex
2182 3895 2395 3966 gratia,
2444 3894 2547 3950 hac
2596 3894 2962 3969 appellatione
3006 3894 3155 3965 digtti
3199 3893 3404 3959 habiti;
3454 3903 3510 3948 et
3546 3900 3675 3947 tan-

2081 4002 2246 4059 quam
2296 3989 2412 4043 sola
2474 3988 2571 4044 Dei
2612 3988 2792 4043 Patris
2847 3987 3168 4055 voluntate,
3208 3987 3348 4042 hane
3380 4000 3496 4041 rem
3549 4000 3674 4039 sor-

2086 4081 2192 4136 titi.
2238 4080 2724 4136 Verumettimvero
2759 4077 3079 4134 Emmanuel
3136 4078 3369 4132 tnultum
3413 4077 3565 4131 abest
3617 4087 3678 4131 ut

2085 4172 2159 4228 ita
2189 4188 2251 4230 se
2276 4173 2495 4229 habeat.
2514 4172 2742 4228 Etiamsi
2769 4173 2916 4227 enim
2943 4171 3013 4227 de
3036 4171 3254 4225 Davidis
3277 4169 3488 4225 semine
3509 4170 3679 4224 exsti-

2088 4268 2152 4322 tit
2199 4267 2498 4323 secundum
2530 4266 2785 4331 carnem,
2816 4271 3057 4321 attamen
3095 4264 3296 4320 virtute
3341 4278 3407 4318 ac
3448 4264 3681 4317 veritate

2088 4359 2360 4414 naturalis
2389 4358 2560 4414 Filius
2580 4367 2699 4425 est,
2732 4373 2829 4427 per
2858 4374 3024 4428 quem
3057 4373 3156 4412 nos
3174 4373 3401 4427 quoque
3425 4357 3518 4411 ﬁlii
3556 4355 3678 4410 ναι.

2089 4451 2287 4505 citnur.
2326 4449 2608 4520 Siquidem
2633 4464 2765 4505 vere
2786 4451 3008 4515 dicitur,
3033 4450 3180 4520 quod
3208 4448 3329 4519 ejus
3365 4449 3522 4503 ditati
3551 4448 3680 4518 Spi-

2094 4544 2201 4598 ritu
2257 4558 2354 4613 per
2401 4556 2649 4598 sanctum
2691 4544 3052 4612 baptismum,
3103 4552 3233 4597 tunc
3273 4543 3489 4597 demum
3535 4542 3679 4597 citra

2096 4632 2574 4704 reprehensionem
2604 4632 2841 4687 dicimus
2868 4650 2883 4686 :
2915 4631 3071 4686 Abba
3105 4630 3289 4686 Pater.
3341 4628 3510 4701 Igitur
3537 4632 3681 4687 sicut

2094 4727 2362 4797 imagines
2396 4734 2527 4780 sunt
2554 4738 2683 4796 erga
2722 4724 3044 4796 archetypa,
3078 4723 3153 4778 ita
3182 4733 3239 4778 et
3277 4738 3376 4779 nos
3403 4738 3502 4794 per
3552 4724 3684 4779 adeo

2098 4821 2338 4890 ptionem
2371 4818 2490 4883 lilii,
2516 4833 2646 4888 erga
2679 4832 2804 4874 eum
2841 4832 3031 4873 sumus
3057 4817 3150 4887 qui
3180 4829 3371 4886 suapte
3397 4827 3592 4871 natura
3619 4832 3684 4871 ac

2095 4913 2300 4967 virtute
2338 4924 2576 4981 vereque
2626 4909 2806 4965 Patris
2840 4908 3156 4966 testimonio
3188 4909 3311 4965 talis
3359 4918 3446 4964 est
3497 4910 3683 4964 decla-

2096 5015 2245 5059 ratus
2269 5003 2406 5075 (42).
2438 5020 2458 5053 ι

2167 5188 2260 5243 51.
2304 5182 2478 5241 Porro
2510 5196 2766 5241 accurate
2806 5184 3358 5242 animadvertendum
3409 5197 3495 5241 est
3540 5187 3681 5239 ima-

2097 5280 2240 5353 ginis
2273 5278 2580 5348 exemplum
2603 5319 2620 5339 .
2670 5292 2780 5333 ttott
2811 5289 2869 5333 ut
2908 5279 2963 5334 in
2996 5278 3370 5348 superioribus
3408 5279 3684 5353 quomodo

2099 5372 2271 5429 Filius
2299 5384 2358 5426 se
2391 5369 2559 5428 habet
2584 5369 2653 5424 ad
2703 5369 2921 5424 Patrem
2941 5410 2957 5436 ,
3001 5354 3077 5423 ita
3108 5369 3194 5424 hic
3225 5369 3390 5425 etiam
3425 5365 3679 5439 proferri,

2099 5465 2197 5524 sed
2225 5464 2498 5533 quomodo
2531 5475 2633 5516 nos
2679 5461 2970 5532 adoptione
3005 5466 3062 5515 et
3084 5459 3259 5531 gratia
3297 5456 3418 5527 lilii,
3455 5458 3523 5516 ad
3554 5474 3679 5514 eunt

2097 5638 2154 5678 tn
2203 5628 2389 5675 nostra
2446 5615 2687 5670 editione
2754 5617 3120 5685 impressum,
3149 5628 3345 5685 nempe
3377 5628 3497 5680 cap.
3541 5629 3596 5677 ι.
3624 5615 3685 5672 ι.

2176 5686 2526 5763 (ηλὸευοιί
2583 5686 3020 5763 Cyrilliiusigne
3076 5698 3133 5763 et
3160 5702 3377 5763 ,ra_ruu_t_
3414 5688 3483 5743 de
3516 5687 3691 5742 sacris

2103 5756 2433 5829 imaginibus
2462 5756 2645 5813 exstat
2682 5758 3059 5829 testimonium
3094 5758 3146 5812 in
3195 5757 3314 5827 ejus
3336 5756 3689 5814 Commenta.

2105 5838 2187 5890 riu
2218 5828 2247 5887 α
2274 5832 2432 5888 nobis
2460 5831 2606 5885 edito
2632 5828 2698 5883 ad
2730 5828 2996 5899 psalmum
3020 5841 3181 5902 cxttt,
3216 5829 3305 5885 ιϐ.
