4050 6424
318 388 422 452 425

1019 374 1650 447 ANTIRRIIETICUS
1690 365 1783 439 ΙΙΙ
1825 367 1994 438 on.
2035 368 2633 436 CONS’I‘ANTlNUM
2673 346 2887 434 eiwn.

3494 362 3601 437 4:55

316 502 450 563 κνὺς
486 500 545 551 ὲν
578 495 755 568 τούτῳ
794 496 893 565 τήν
940 512 1000 547 τε
1046 494 1342 566 ὁμοιότητα
1404 496 1498 549 καὶ
1552 493 1652 564 τὴν
1710 492 1910 545 οἰκειό-

2038 489 2279 558 magiues
2298 497 2426 542 sunt
2454 497 2509 540 ut
2537 488 2868 557 archetypa;
2898 486 2977 539 sic
3003 487 3408 541 similitudinem
3438 490 3601 543 simut‘

314 609 474 664 τητα.

381 706 483 778 λβθ.
526 707 593 759 Τί
616 706 823 759 τούτων
854 705 1190 776 σαφέστερον
1224 705 1257 774 ἣ
1285 703 1644 775 ἐκδηλότερον
1675 701 1815 772 πρὸς
1842 701 1909 753 τὰ

316 803 398 864 είς
427 798 658 872 ζήτησιν
704 800 836 869 ἡμῖν
876 798 1257 868 προκείμενα;
1299 799 1348 849 εἰ
1402 798 1478 867 μὴ
1513 796 1766 850 τοσοῦτον
1810 814 1911 849 πε-

321 896 606 966 πήρωνται
631 891 725 945 τὸν
751 889 899 956 νοῦν,
930 889 1027 942 καὶ
1055 890 1118 942 τὸ
1151 888 1251 959 τῆς
1284 887 1527 951 διανοίας
1551 888 1737 949 αὐτοῖς
1764 886 1913 939 ὲσκό·

321 1000 501 1038 τισται
535 983 712 1051 ὄμμα.
741 980 806 1033 Τί
834 975 935 1033 οὖν
951 981 1114 1049 φαῖεν
1150 978 1286 1049 πρὸς
1314 977 1490 1031 ταῦτα
1515 980 1563 1030 οἱ
1596 979 1695 1048 τῆς
1734 979 1913 1030 υἱοθευ

323 1079 445 1140 σίας
491 1074 802 1144 ἀλλότριοι;
861 1067 972 1142 ἆρα
1026 1070 1351 1139 ἀντιϐλέψαι
1405 1062 1727 1141 δυνήσονται
1774 1071 1912 1141 πρὸς

315 1168 417 1237 τὴν
443 1166 588 1219 οὕτω
615 1164 878 1234 λαμπρὰν
900 1165 994 1217 καὶ
1022 1164 1257 1233 διαφανῆ
1283 1163 1673 1234 τῆςάληθείας
1697 1164 1873 1234 αὐγήν
1895 1182 1909 1229 ;

315 1255 429 1329 ἆρα
461 1257 922 1324 ἀνθυπενὲγκοιεν
942 1255 1012 1308 τὰ
1050 1257 1115 1309 ὲκ
1145 1256 1244 1327 τῆς
1279 1254 1541 1326 βδελυρᾶς
1570 1256 1665 1308 καὶ
1688 1254 1912 1308 θεοστυ-

315 1350 448 1418 γοῦς
503 1349 687 1403 αὐτῶν
718 1347 949 1419 καρδίας
993 1348 1417 1418 ἐξερευγόμενοι
1453 1348 1639 1401 εἰκαῖα
1676 1348 1772 1401 καὶ
1810 1365 1915 1417 μυ-

320 1442 462 1512 σαρά
495 1441 902 1513 ληρωδήματα;
931 1440 1175 1509 δέχονται
1206 1440 1432 1504 τούτους
1460 1441 1589 1504 τοὺς
1613 1440 1913 1513 θεηγόρους

318 1532 546 1600 λόγους,
594 1531 627 1601 ἢ
681 1530 1140 1601 παραγράφονται
1189 1530 1278 1581 τὸν
1316 1529 1671 1595 διδάσκαλονς
1714 1531 1764 1582 εἰ
1814 1532 1914 1601 μὲν

315 1624 381 1677 οὑ
410 1622 685 1688 δέξονται,
713 1619 941 1673 αὐτόθεν
973 1621 1157 1682 αὐτοῖς
1185 1621 1245 1673 τὸ
1274 1621 1376 1691 τῆς
1405 1620 1642 1690 Χριστοῦ
1674 1621 1915 1692 ποίμνης

313 1715 716 1788 ἠλλοτριῶσθαι
740 1712 1057 1786 ὑπάρξειεν·
1084 1714 1134 1766 εἰ
1156 1713 1213 1766 δὲ
1234 1714 1501 1783 δέχονται,
1522 1714 1670 1767 δυοῖν
1696 1715 1911 1784 ἀνάγκη

316 1809 570 1879 θάτερον’
602 1808 637 1878 ἥ
672 1807 763 1859 τὸν
796 1805 906 1859 τῶν
933 1804 1158 1858 εἰκόνων
1182 1805 1340 1873 λόγον
1361 1805 1437 1868 ὡς
1463 1804 1648 1876 ἔχουσι
1680 1806 1812 1877 πρὸς
1848 1808 1915 1859 τὰ

2016 578 2568 647 convenientiamque
2600 580 3004 632 demonstrant.

2085 692 2174 747 ὄρ..
2201 692 2341 761 Quid
2376 694 2479 747 hoc
2505 691 2849 746 manifestius
2892 698 2985 746 aut
3017 690 3323 747 evidentius
3374 694 3439 746 ad
3475 710 3602 764 pro-

2016 786 2247 854 positam
2270 784 2429 840 nobis
2459 780 2858 853 quazstiunem?
2889 782 3000 837 Nisi
3027 781 3169 837 forte
3198 780 3304 836 illis
3335 798 3606 838 excaecata

2015 874 2244 944 prorsus
2272 892 2427 931 mens
2470 887 2574 943 est,
2607 878 2920 946 mentisque
2951 877 3141 931 oculus
3190 878 3604 932 obtenehratns.

2016 968 2157 1035 Quid
2187 983 2318 1038 ergo
2354 972 2420 1023 ad
2462 970 2576 1024 hzee
2606 970 2793 1025 dicent
2843 970 2932 1023 isti
2985 969 3052 1023 ab
3083 971 3377 1039 adoptione
3420 970 3608 1025 divina

2015 1060 2214 1115 alieni?
2243 1060 2378 1115 Num
2416 1062 2604 1117 oculos
2634 1073 2827 1118 contra
2852 1072 2961 1116 tam
2989 1063 3197 1117 clarum
3229 1063 3613 1135 lucentemque

2015 1152 2269 1207 veritatis
2318 1152 2659 1223 Splenilorem
2696 1164 2957 1224 poterunt
2988 1155 3328 1210 obtirmare?
3378 1157 3459 1210 Au
3509 1172 3610 1227 op-

2013 1253 2217 1313 ponent
2250 1259 2388 1299 vana
2425 1253 2479 1298 et
2517 1245 2882 1299 abominanda
2915 1262 2981 1301 ex
3020 1246 3234 1315 impuro
3266 1262 3362 1303 suo
3392 1250 3612 1320 Deoqde

2014 1334 2202 1389 orlibili
2251 1346 2499 1390 eructata
2554 1337 2719 1390 corde
2766 1337 3123 1392 deliramenta
3164 1338 3189 1392 ἲ
3233 1340 3615 1397 Admittuntne

2018 1430 2277 1483 divinitus
2313 1430 2521 1497 prolata
2570 1430 2764 1491 verba,
2819 1446 2885 1483 an
2939 1432 3259 1501 magistrum
3317 1437 3613 1488 recusant?

2018 1522 2071 1575 Si
2103 1538 2207 1577 non
2240 1522 2554 1586 admittunt,
2599 1526 2709 1592 jam
2760 1524 2885 1577 hinc
2914 1524 2981 1576 iis
3014 1525 3308 1579 coniicitur
3333 1546 3360 1579 ιι
3406 1528 3614 1603 Christi

2017 1615 2146 1669 ovili
2167 1617 2444 1670 alienatio.
2472 1614 2566 1669 Sin
2598 1616 2913 1679 admittunt,
2946 1615 3271 1672 alterutrum
3309 1620 3373 1674 de
3404 1620 3615 1676 duobus

2019 1722 2242 1761 necesse
2279 1708 2391 1772 est;
2430 1697 2620 1778 nempe
2674 1708 2755 1762 vel
2796 1708 3090 1778 imaginum
3125 1709 3414 1774 rationem,
3458 1710 3619 1782 prout

2018 1810 2076 1850 se
2117 1797 2315 1852 habent
2337 1800 2401 1851 ad
2430 1799 2747 1870 archetypa,
2779 1798 3062 1855 nobiscum
3095 1802 3483 1870 confiteantur,
3532 1816 3617 1859 at-

318 1899 634 1970 ἁρχέτυπα,
663 1895 928 1960 ὡσαύτως
957 1897 1090 1967 ἡμῖν
1119 1898 1490 1968 συμφήσαιεν,
1520 1897 1615 1950 καὶ
1637 1896 1725 1950 διὰ
1755 1897 1915 1951 τοῦτο

2034 1904 2124 1957 pte
2156 1891 2224 1945 σι)
2258 1892 2306 1943 id
2360 1890 2571 1945 Domini
2619 1908 2836 1963 quoque
2866 1892 3156 1964 imaginem
3194 1907 3359 1965 atque
3396 1910 3618 1953 sancto—

320 1993 418 2046 καὶ
469 1990 571 2061 τὴν
622 1988 717 2043 τοῦ
774 1986 1229 2056 Κυρίουέἰκόνα
1261 1987 1503 2041 καὶτῶν
1563 1986 1734 2055 ἀγίων
1792 1988 1911 2058 μεθ’

321 2084 482 2155 ἡμῶν
525 2081 897 2154 προσκυνῆσαι
945 2079 1371 2145 καταδέξονταιο
1414 2079 1447 2149 ἢ
1492 2080 1593 2149 τῆς
1638 2078 1914 2142 υἱοθεσίας

326 2174 645 2248 περιφανῶς
678 2172 1111 2243 ἐκϐληθήσονται
1133 2211 1149 2235 ,
1188 2172 1255 2243 ἣν
1290 2172 1377 2225 διὰ
1423 2171 1517 2225 τοῦ
1550 2172 1706 2241 ἁγίου
1744 2171 1915 2225 Πνεύ-

333 2285 504 2332 ματος
533 2270 591 2321 ὲν
624 2266 697 2338 τῷ
724 2266 857 2337 θείῳ
885 2265 1099 2338 λουτρῷ
1133 2266 1619 2337 πεπλουτήκαμεν,
1651 2267 1746 2319 καὶ
1776 2268 1915 2337 μετὰ

334 2338 614 2415 ”Ιουδαίων
637 2359 730 2413 καὶ
784 2357 1054 2430 Ἑλλήνων
1086 2358 1427 2424 τετάξονται,
1452 2359 1619 2429 ἐἴπερ
1639 2357 1706 2428 ἢν
1731 2359 1915 2428 ἔχουσι

323 2452 468 2523 πρὸς
507 2450 712 2521 ἄλληλα
754 2451 1042 2505 κοινωνίαν
1077 2468 1138 2504 τε
1185 2451 1281 2503 καὶ
1324 2449 1511 2520 σχέσιν
1556 2451 1616 2502 ού
1652 2449 1911 2504 διδόασιν·

320 2545 543 2616 οἴχεται·
566 2544 676 2615 γὰρ
710 2545 891 2609 αὐτοῖς
921 2544 982 2597 τὸ
1017 2544 1163 2597 θεῖον
1200 2544 1517 2615 βάπτισμα,
1556 2541 1828 2615 ἀνῄρηται
1855 2543 1915 2596 τὸ

322 2633 451 2688 κατ’
480 2635 667 2688 εἰκόνα
697 2630 838 2688 εἶναι
870 2634 965 2688 τοῦ
1007 2633 1314 2697 κτίσαντος
1335 2674 1350 2698 ,
1379 2632 1650 2688 ἔκπτωτοι
1680 2634 1775 2687 καὶ
1812 2635 1919 2687 ἀπ⁴

322 2726 567 2798 ωσμένοι
607 2730 707 2797 τῆς
755 2726 910 2798 ἱερᾶς
941 2724 1051 2779 τῶν
1074 2724 1324 2796 ’Χριστοῦ
1354 2725 1561 2779 τέκνων
1590 2726 1794 2795 ἀγέλης
1814 2766 1829 2792 ,
1858 2726 1918 2779 τὸ

322 2817 514 2872 λοιπὸν
544 2816 919 2890 χρηματιοῦσι
945 2834 957 2848 ’
1007 2816 1264 2872 τοσοῦτον
1308 2816 1598 2872 ἀπώναντο
1639 2818 1743 2889 τῆς
1776 2819 1919 2874 κατά

319 2912 427 2975 τὰς
458 2911 614 2982 ίεράς
645 2912 865 2975 εἰκόνας
884 2909 1120 2981 ,ὕϐρεως
1152 2911 1200 2963 οἰ
1245 2909 1604 2982 ταλαίπωρον
1642 2911 1920 2982 ὑπερθαυ-

326 3002 569 3073 μάσαιτο
594 2999 643 3057 δ*
678 3002 747 3057 ἄν
783 3020 868 3065 τις
898 3003 1099 3066 αὐτοὺς
1129 3004 1225 3056 καὶ
1274 3002 1530 3058 ἐντεῦθεν
1558 3002 1792 3069 εἰκότως
1838 3007 1919 3068 εἰς

317 3096 453 3150 ὅσον
488 3095 830 3166 ἠλιθιότητος
880 3098 975 3149 καὶ
1020 3096 1313 3160 ἀσυνεσίας
1358 3096 1641 3162 ἐξέπεσον,
1689 3097 1919 3150 ἀκολου-

319 3188 457 3243 θοῦν
498 3192 620 3252 ταῖς
665 3189 1040 3258 ἀνοσιουργοῖς
1092 3189 1362 3261 πράξεσι,
1421 3190 1516 3242 καὶ
1560 3190 1621 3242 τὸ
1665 3190 1920 3260 φρόνημα

322 3283 584 3354 σχόντες.

400 3396 505 3466 λγ⁸.
539 3396 973 3471 Προσποιοῦνται
1011 3399 1111 3469 μὲν
1140 3398 1251 3470 γὰρ
1280 3397 1376 3452 καὶ¹
1408 3396 1931 3468 κατασχηματίζον-

322 3507 422 3544 ται
450 3489 656 3546 τὸντοῢ
685 3488 925 3565 σταυροῦ
946 3492 1118 3546 τύπον
1139 3493 1327 3563 τιμᾷν·
1352 3491 1413 3545 τὺ
1436 3490 1493 3545 δὲ
1518 3494 1753 3562 πρᾶγμα
1776 3491 1931 3556 αὐτὸ,

320 3585 469 3657 ὅπερ
519 3586 645 3639 ἐστὶ
682 3585 745 3639 τὸ
798 3586 1067 3658 σωτήριον
1111 3582 1208 3639 τοῦ
1264 3584 1505 3657 Χριστοῦ
1555 3584 1728 3648 πάθος
1757 3626 1772 3653 ,
1815 3586 1933 3649 ταῖς

326 3677 619 3750 ἀληθείαις
654 3676 965 3749 ἀναιροῦσι.
1003 3676 1131 3742 Πῶς
1162 3675 1273 3749 γὰρ
1321 3675 1575 3731 πείσεται
1609 3676 1643 3748 ἢ
1679 3693 1934 3747 σταυρωο

332 3771 598 3841 θήσεται,
630 3768 777 3825 κατά
814 3768 916 3842 τὴν
963 3769 1191 3823 ἐκείνων
1244 3772 1582 3840 παράνοιαν,
1626 3769 1935 3841 ἀπερίγρα-

332 3874 471 3916 πτον
510 3859 823 3930 ἀνειληφὼς
866 3860 1059 3931 σῶμας
1115 3854 1169 3913 τί
1221 3859 1334 3932 γὰρ
1382 3860 1449 3914 ἂν
1496 3860 1585 3931 εἴη
1635 3859 1697 3913 τὸ
1745 3862 1803 3913 ὲν
1855 3859 1935 3931 τῷ

334 3951 560 4023 σταυρῷ
592 3949 1027 4022 καθηλούμενον,
1079 3950 1112 4021 ἢ
1146 3953 1261 4014 τοῖς
1294 3951 1445 4022 ἥλοις
1477 3952 1930 4025 διαπειρόμενονς

334 4046 432 4099 καὶ
462 4046 558 4098 ποῖ
597 4044 698 4115 τῆς
735 4035 944 4115 αἰχμῆς
978 4045 1025 4098 οί
1065 4044 1223 4113 δγκοι
1260 4044 1592 4110 εἰσδύσειαν,
1634 4048 1683 4099 εἰ
1724 4046 1800 4118 μὴ
1845 4062 1937 4099 πε-

337 4136 701 4209 ριγράφοιτος
731 4136 766 4207 ἦ
803 4136 1086 4191 κάνταῦθα
1111 4137 1173 4190 τὸ
1215 4137 1315 4209 τῆς
1343 4137 1623 4209 δσκήσεως
1669 4141 1782 4203 τοῖς
1809 4139 1935 4193 ἁδο-

333 4230 525 4299 κίμοις
580 4228 905 4299 ὲπαχλύσειε
950 4230 1175 4295 exerce;
1218 4227 1338 4293 πῶς
1383 4230 1493 4302 γὰρ
1529 4231 1627 4284 οὒκ
1685 4231 1934 4301 ἀδόκιμοι

330 4325 430 4377 τὸν
476 4322 605 4376 νοῦν
650 4323 744 4377 καὶ
794 4323 894 4395 τὴν
947 4322 1127 4394 ψυχὴν
1174 4322 1555 4393 ὲσκοτισμένοι
1583 4362 1598 4387 ,
1645 4323 1936 4387 λαλοῦντες

334 4413 794 4483 διεστραμμένα;
878 4412 1082 4481 ἀγαθά¹
1134 4410 1243 4483 γὰρ
1310 4411 1499 4465 λαλεῖν
1565 4413 1666 4465 οὐκ
1743 4412 1933 4480 ἴσασι,

338 4504 569 4574 πονηροί
603 4521 665 4572 γε
694 4502 849 4567 ὅντες
869 4543 883 4568 ,
911 4505 1006 4558 καὶ
1035 4507 1103 4558 ὲκ
1133 4503 1228 4557 τοῦ
1261 4503 1502 4576 πονηροῦ
1531 4503 1808 4575 θησαυροῦ
1836 4507 1936 4575 τῆς

2026 1996 2143 2034 rum
2191 1982 2469 2037 nobiscum
2519 1986 2767 2038 venerari
2816 1987 3126 2055 patiantur;
3188 1988 3270 2042 vel
3323 1989 3619 2059 adoptione

2023 2073 2206 2128 divina
2267 2075 2554 2130 manifeste
2603 2076 2975 2146 expellentur,
3008 2095 3173 2147 quam
3225 2097 3320 2150 per
3364 2078 3615 2139 sanetum

2025 2167 2288 2235 Spiritum
2333 2170 2386 2222 in
2424 2169 2608 2224 divino
2666 2170 2882 2224 lavacro
2914 2172 3093 2242 adepti
3120 2172 3322 2228 fuimus
3344 2213 3359 2239 ,
3392 2187 3444 2231 et
3490 2194 3615 2232 cum

2022 2257 2226 2314 Judaeis
2253 2269 2416 2330 atque
2433 2260 2666 2315 ethnicis
2685 2260 3127 2331 collocabuutur;
3152 2254 3421 2335 siquidem
3454 2267 3617 2336 quam

2027 2352 2230 2407 habent
2263 2354 2493 2409 invicem
2538 2355 2811 2419 praedicta:
2860 2356 3130 2423 imagines
3170 2361 3613 2416 communionem

2025 2442 2456 2516 relationemque
2499 2448 2603 2502 uo'n
2631 2450 2960 2505 concedunt.
2997 2440 3317 2508 Periteniin
3362 2453 3493 2524 ipsis
3526 2457 3620 2511 ba-

2025 2538 2283 2608 ptismus,
2336 2538 2589 2595 desinunt
2638 2555 2760 2596 esse
2785 2542 2939 2609 juxta
2967 2544 3247 2601 Creatoris
3278 2546 3573 2619 imaginem
3602 2569 3618 2618 ;

2027 2631 2238 2687 decidui
2293 2641 2348 2688 et
2394 2633 2555 2704 ejecti
2604 2649 2765 2691 sacro
2820 2624 3027 2692 Christi
3070 2634 3305 2694 ﬁliorum
3359 2656 3527 2715 grege
3566 2643 3623 2698 in

2027 2733 2309 2794 posterqu
2354 2736 2537 2782 erunt.
2572 2725 2687 2783 Hoc
2718 2720 2819 2785 sibi
2853 2730 3289 2788 emolumentum
3318 2750 3383 2789 ex
3419 2735 3620 2807 injuria

2026 2817 2291 2875 adversus
2326 2834 2513 2876 sacras
2566 2821 2831 2895 imagines
2878 2835 3135 2881 curarunt
3179 2827 3388 2883 miseri.
3451 2830 3625 2886 Sum»

2029 2926 2249 2982 mopere
2271 2916 2450 2969 autem
2489 2914 2746 2970 demirari
2781 2916 2877 2971 hos
2910 2918 3105 2973 merito
3136 2919 3263 2975 hinc
3297 2936 3622 2990 possumus,

2028 3002 2082 3057 in
2117 2990 2381 3072 quantum
2404 3005 2651 3062 stultitiae
2683 3008 3047 3079 amentimque
3080 3013 3363 3077 venerint,
3388 3029 3628 3072 consen-

2030 3103 2245 3152 taneam
2274 3098 2538 3169 improbis
2579 3099 2738 3156 factis
2772 3102 2887 3157 suis
2920 3105 3119 3158 tuentis
3146 3120 3364 3175 quoque
3396 3120 3619 3163 sentem

2030 3191 2160 3242 tiam
2204 3190 2487 3247 habentes.

2112 3397 2274 3472 106
2320 3397 2414 3454 33.
2453 3396 2731 3453 Simulaut
2774 3399 2996 3470 quidem
3050 3390 3306 3473 falsoque
3342 3414 3632 3464 ostentant

2038 3491 2219 3545 crucis
2253 3500 2439 3562 typum
2467 3508 2494 3545 a
2535 3506 2595 3547 se
2623 3489 2918 3560 honorari;
2947 3488 3044 3561 sed
3088 3493 3295 3550 factum
3334 3497 3533 3567 ipsum,
3579 3503 3632 3556 id

2037 3593 2120 3641 cst
2149 3582 2447 3637 salutarem
2476 3583 2683 3639 Christi
2722 3584 3078 3655 passionem,
3137 3602 3327 3644 revera
3385 3589 3629 3647 abolent.

2037 3673 2318 3739 Quomodo
2338 3673 2483 3728 enim
2526 3689 2721 3745 passus
2750 3673 2896 3730 foret
2942 3684 3039 3730 aut
3095 3678 3417 3748 crucifixus,
3464 3681 3621 3752 jltxln

2039 3764 2270 3820 istorum
2299 3765 2666 3831 dementiam,
2723 3767 2769 3822 si
2824 3767 3367 3842 incircmnscriptmn
3434 3790 3635 3844 corpus

2038 3859 2631 3928 assumpsisset‘iQuid
2664 3861 2809 3914 enim
2839 3860 2893 3915 in
2924 3878 3087 3918 cruce
3117 3846 3310 3919 fuisset
3334 3866 3629 3934 conﬁxum,

2038 3957 2133 4002 aut
2167 3947 2337 4003 clavis
2391 3947 2776 4019 perforatum?
2822 3950 3071 4017 Quonam
3123 3952 3328 4010 lanceae
3380 3958 3635 4027 cuspides

2039 4045 2459 4107 penetralesent,
2502 4041 2604 4097 nisi
2652 4054 2855 4113 corpus
2894 4042 3088 4099 fuisset
3116 4040 3638 4118 circumscriptum?

2037 4131 2176 4186 Num
2209 4133 2334 4187 hinc
2364 4133 2530 4188 etiam
2557 4133 2643 4189 his
2669 4130 3025 4205 inopinabilis
3050 4136 3347 4206 impietatis
3372 4139 3633 4205 alumnis,

2038 4226 2311 4296 opinionis
2358 4226 2725 4294 phantaStieae
2759 4224 2875 4299 (44)
2938 4224 3291 4284 olfundeutur
3360 4216 3640 4288 tenebrae?

2039 4317 2238 4384 Quidni
2260 4318 2411 4373 enim
2464 4317 2576 4374 sint
2608 4320 2854 4389 reprobi,
2880 4322 2972 4391 qui
3009 4334 3250 4378 mentem
3286 4325 3486 4379 habent
3513 4327 3637 4380 ani-

2041 4425 2298 4476 mamque
2339 4409 2787 4477 obtenebratam,
2831 4411 3116 4482 loquentes
3151 4417 3451 4483 perversa?
3495 4417 3636 4472 bona

2039 4501 2184 4556 enim
2218 4500 2367 4572 loqui
2392 4500 2664 4567 nesciunt,
2711 4498 2838 4557 mali
2871 4516 2999 4557 cum
3033 4504 3166 4573 sint,
3217 4519 3286 4559 ex
3316 4520 3485 4575 pravo
3512 4524 3637 4562 cor-

342 4597 573 4667 καρδίας
616 4597 683 4650 τὰ
730 4596 1076 4669 πονηρότερα
1122 4596 1548 4668 προφερόμενοι·
1597 4593 1686 4669 ἆρ’
1730 4594 1825 4651 οὖν
1872 4600 1924 4651 οξ

2043 4595 2126 4649 dis
2156 4595 2419 4649 thesauro
2447 4594 2702 4663 praviora
2738 4595 3151 4665 depromentes,
3203 4596 3400 4655 Nonne
3456 4602 3641 4671 itaque

344 4688 670 4759 πεφώραται
718 4689 789 4743 τά
816 4689 917 4758 τῆς
950 4687 1207 4751 ἀσεϐείας
1242 4689 1445 4755 αὐτῶν,
1479 4690 1628 4752 ὃπως
1666 4691 1714 4741 οἱ
1750 4688 1937 4760 ἐχθροὶ

339 4780 439 4834 τοῦ
496 4780 735 4851 σταυροῦ
794 4779 892 4833 τοῦ
949 4779 1235 4851 Χριστοῦ,
1287 4779 1359 4833 τὰ
1404 4781 1506 4851 μὲν
1551 4779 1648 4834 τοῦ
1702 4781 1937 4853 σταυροῦ

337 4871 683 4946 πρεσϐεύειν
734 4860 1159 4944 ὑποκρίνονται,
1211 4873 1376 4926 αὐτὸν
1406 4870 1465 4926 δὲ
1503 4872 1595 4928 τδν
1636 4873 1810 4929 τύπον
1841 4875 1937 4928 τοῦ

340 4967 589 5038 σταυροῦ
621 4967 733 5029 τοῖς
765 4967 936 5036 ἱεροῖς
970 4966 1320 5037 χαρακτῆρσι
1345 4966 1806 5039 συνανορύττουσι
1842 4975 1939 5021 καὶ

340 5058 788 5127 συγκαταλύσυσι
805 5075 819 5124 ;

412 5173 512 5228 18'.
553 5173 621 5226 Τί
647 5168 741 5227 οὖν
770 5190 959 5243 φασιν,
999 5174 1048 5227 οἰ
1080 5173 1303 5245 ῥήματα
1325 5174 1481 5228 δόλια
1511 5176 1605 5229 καὶ
1635 5175 1937 5247 διεστραμ-

350 5266 492 5336 μένα
513 5265 984 5338 προϐαλλόμενοις
1007 5284 1027 5319 ι
1060 5267 1165 5321 Τὸν
1184 5266 1359 5321 τύπον
1374 5265 1470 5320 τοῦ
1490 5266 1727 5339 σταυροῦ
1762 5284 1934 5339 προσ-

348 5356 643 5427 κυνοῦμεν,
670 5355 762 5410 διὰ
788 5357 879 5410 τὸν
904 5356 1204 5411 ἐκταθέντα
1227 5357 1287 5408 ὲν
1319 5356 1492 5429 αὐτῷ.
1520 5375 1538 5407 ι
1561 5357 1706 5429 Δήλη
1734 5358 1791 5411 δὲ
1815 5358 1941 5412 τού-

345 5458 461 5497 των
487 5448 526 5515 ἦ
552 5465 611 5503 τε
642 5448 1044 5522 παραφροσύνη
1077 5451 1173 5504 καὶ
1217 5451 1252 5522 ἡ
1284 5450 1546 5523 σκαιότης
1576 5450 1938 5521 καθέστηκεν,

347 5533 427 5604 ὡς
457 5535 550 5590 τὸν
581 5538 683 5609 μὲν
722 5542 818 5593 τοῦ
856 5541 1178 5611 ἁγιάζοντος
1214 5543 1388 5598 τύπον
1416 5542 1804 5615 βδελύσσονται
1838 5544 1941 5615 ἤδη

419 5749 536 5823 (44)
578 5750 741 5807 Ludit
782 5753 1222 5826 Nicephorusrin
1268 5756 1550 5813 vocabulis
1589 5757 1850 5826 ἀδόκιμος
1892 5762 1945 5810 et

344 5822 572 5895 δόκησις
593 5862 607 5887 ,
636 5827 781 5891 quod
809 5840 964 5893 atque
996 5826 1109 5880 fieri
1136 5825 1332 5883 Latine
1366 5843 1474 5883 non
1509 5837 1703 5897 potest.

627 5918 901 5980 PnnOL.
949 5921 1065 5982 Gn.
1115 5923 1189 5984 C.

2045 4687 2383 4756 deprehensa
2410 4690 2493 4742 est
2516 4687 2746 4743 istorum
2775 4689 3053 4759 impietas,
3078 4693 3353 4761 quomodo
3385 4694 3645 4750 videlicet

2043 4778 2254 4833 inimici
2285 4778 2469 4835 crucis
2500 4778 2733 4848 Christi,
2767 4795 2986 4835 crucem
3024 4782 3245 4851 quidem
3284 4785 3535 4839 venerari
3565 4787 3642 4840 si-

2044 4872 2251 4927 mulant
2275 4912 2291 4939 ,
2325 4874 2501 4941 ipsum
2544 4887 2674 4928 vero
2698 4874 2880 4930 crucis
2914 4876 3101 4947 typum
3140 4875 3261 4947 (45)
3302 4892 3426 4932 cum
3467 4881 3644 4934 sacris

2045 4965 2459 5020 characteribus
2502 4964 2778 5021 subruunt
2810 4968 3251 5039 destruuntque?

2123 5171 2215 5228 34.
2250 5171 2389 5239 Quid
2422 5187 2553 5241 ergo
2595 5172 2650 5226 hi
2701 5173 2875 5238 aiunt,
2907 5170 3076 5229 Verba
3108 5175 3294 5231 dolosa
3332 5185 3388 5232 et
3419 5176 3643 5249 obliqua

2047 5263 2426 5320 etfutientesh
2450 5250 2667 5337 Typum
2687 5268 2871 5322 crucis
2895 5267 3216 5336 adoramus,
3243 5280 3469 5339 propter
3490 5270 3643 5326 illum

2052 5356 2145 5426 qui
2182 5357 2237 5411 in
2270 5371 2334 5411 ea
2352 5355 2456 5413 fuit
2476 5355 3101 5427 extensuSJExplorata
3130 5370 3312 5415 autem
3333 5369 3419 5416 est
3448 5361 3645 5417 horum

2053 5449 2290 5504 amentia
2323 5455 2380 5504 et
2420 5447 2770 5519 imprbbitas,
2809 5449 2952 5516 quod
3002 5465 3198 5518 nempe
3246 5451 3646 5507 sanctiﬁcantis

2056 5553 2241 5613 typum
2297 5542 2691 5599 abominantur
2746 5554 2814 5598 ac
2879 5542 3192 5614 despuunt,
3238 5544 3644 5602 sanctificatum

2127 5755 2243 5828 (45)
2279 5753 2485 5830 Nempe
2518 5755 2736 5830 Christi
2781 5756 3111 5828 imaginem,
3158 5774 3223 5815 ex
3255 5774 3359 5830 qua
3400 5760 3641 5818 tietiva’a

2052 5826 2269 5882 videtur
2298 5828 2476 5884 crucis
2510 5826 2701 5900 ﬁgura.

3254 5934 3325 5985 η
