4050 6444
462 377 570 438 427

1507 375 1568 434 S.
1611 374 2030 434 NICEPIIORI
2071 370 2585 434 'l’A'l'lllAliCllJS
2628 371 2736 434 (ΣΡ.

3649 374 3760 442 423

413 521 432 542 ο
464 502 648 547 autem
684 491 958 546 houurare
989 489 1244 543 videntur
1275 486 1414 556 (46).
1435 485 1598 555 Atqui
1625 487 1900 557 quomodo
1922 504 2047 541 sau-

2156 488 2252 539 καὶ
2287 486 2635 553 διαπτύουσι,
2669 486 2760 538 τὸν
2796 487 2853 537 es
2903 484 2995 538 τοῦ
3031 485 3400 556 ἀγιαζομὲνου
3434 491 3602 560 τιμᾷ-ι
3639 492 3757 545 ἕδο-

465 581 736 637 ctiﬁcatus
764 589 944 653 typus,
969 579 1025 635 id
1055 589 1139 634 est
1159 593 1294 632 crux
1321 617 1336 642 ,
1369 576 1492 641 fuit,
1530 587 1588 631 ut
1617 577 1716 646 ipsi
1749 576 1968 639 volunt,
2003 577 2048 631 si

465 673 718 728 Christus
748 687 874 726 vere
903 672 956 726 in
993 685 1224 740 corpore
1257 685 1361 724 non
1391 677 1474 722 est
1500 667 1734 734 passus?
1763 666 1898 722 lluic
1921 683 2051 736 ergo

467 757 720 812 amentire
747 767 909 825 atque
941 755 1166 809 insania:
1198 769 1264 806 ne
1292 753 1620 820 respondere
1645 751 1866 821 quidem
1890 767 2051 822 opor-

473 860 612 904 teret
669 866 684 903 :
745 847 1074 918 respondere
1134 845 1279 901 enim
1332 846 1496 898 stulto
1539 841 1696 911 juxta
1761 843 2049 898 stultitiam

467 958 620 997 suam
655 939 980 996 vetamur“.
1009 937 1117 993 Sed
1145 938 1288 992 enim
1321 947 1546 1005 propter
1580 935 1740 1004 hujus
1779 937 2051 991 sermonis

467 1035 755 1090 veritatem
790 1033 1167 1096 asserendam,
1201 1029 1514 1098 seriemque
1546 1030 1858 1095 tenendam,
1889 1039 2052 1098 atque

466 1137 525 1181 ut
571 1110 932 1196 pientiuribus
961 1123 1414 1192 persuadeamus,
1441 1121 1515 1174 ita
1549 1121 1785 1176 dicimus
1822 1139 1836 1176 :
1878 1122 2054 1191 primo

464 1219 681 1290 quidem
705 1225 899 1280 cuncta
929 1231 1052 1286 qua:
1083 1216 1134 1269 in
1173 1214 1412 1268 Ecclesia
1439 1212 1529 1268 Dei
1561 1225 1709 1278 sunt,
1742 1228 1896 1268 sacra
1932 1228 2052 1267 esse

463 1331 528 1370 ac
549 1325 759 1377 sancta,
799 1325 900 1366 nos
918 1311 1060 1364 scire
1085 1317 1139 1362 et
1169 1307 1414 1362 euntitcri
1443 1323 1458 1373 ;
1485 1307 1714 1376 ideoque
1747 1305 2050 1362 veneranda

462 1417 516 1462 et
545 1406 794 1474 religiosa
819 1403 1027 1476 pariter
1051 1403 1240 1457 haberi
1267 1419 1294 1454 a
1322 1401 1481 1456 nobis
1502 1410 1664 1470 atque
1693 1399 2009 1454 honoranda
2033 1415 2050 1464 ;

467 1499 710 1568 nihilque
737 1513 860 1552 esse
887 1495 940 1550 iu
980 1495 1048 1550 iis
1071 1494 1363 1566 inglorium
1395 1502 1488 1547 aut
1521 1492 1798 1561 ignobile,
1834 1500 1891 1544 ut
1936 1489 2051 1556 jam

464 1591 592 1646 alibi
626 1591 882 1644 diximus.
929 1587 1121 1658 Neque
1162 1587 1293 1641 licet
1343 1586 1503 1640 nobis
1552 1585 1838 1649 ﬁdelibus,
1877 1597 2054 1653 neque

467 1683 788 1736 traditiones
817 1680 1078 1745 illorum,
1128 1680 1220 1749 qui
1269 1677 1536 1733 doctrina:
1591 1685 1792 1731 nostra:
1848 1674 2052 1729 antesi-

463 1777 624 1845 gnani
664 1775 907 1840 fuerunt,
935 1781 1158 1828 monent
1189 1780 1246 1825 ut
1271 1770 1655 1826 distinctiones
1687 1769 1821 1822 ullas
1853 1779 1905 1821 et
1936 1768 2048 1822 dis-

2160 578 2280 646 ξαν’
2319 579 2498 632 καίτοι
2535 578 2652 642 πῶς
2701 578 2964 648 ἡγίασται
3009 579 3130 631 κατ’
3166 579 3364 644 αὐτοὺς
3392 620 3406 644 ,
3443 583 3518 650 μὴ
3552 599 3757 640 πεπον-

2160 671 2312 734 θότος
2347 671 2441 724 τοῦ
2473 671 2718 744 Χριστοῦ
2749 672 2964 743 σώματι
2989 675 3132 727 κατὰ
3157 673 3453 744 ἀλήθειαν;
3485 677 3624 744 πρὸς
3657 678 3756 748 μὲν

2161 761 2254 818 οῦν
2277 766 2378 835 τὴν
2407 764 2668 836 τοιαύτην
2695 767 2999 840 παράνοιαν
3027 767 3122 820 καὶ
3151 767 3606 838 φρενοϐλάβειαν,
3635 771 3760 826 οὐδὲ

2159 856 2558 927 ἀποκρίνεσθαι
2579 846 2756 928 χρεών
2780 875 2827 909 ⁸(
2850 858 2942 929 Μὴ
2965 859 3260 930 ἀποκρίνου
3277 859 3386 930 γὰρ
3404 861 3598 932 ἄφρονι
3615 864 3760 918 κατὰ

2158 950 2256 1020 τὴν
2285 949 2605 1020 ἀφροσύνην
2647 949 2836 1013 αὑτοῦ,
2866 969 2884 999 ι
2909 949 3294 1022 διδασκόμεθα.
3323 949 3554 1006 Διάὐτὺ
3569 953 3626 1007 δὲ
3661 954 3758 1008 τοῦ

2159 1041 2323 1110 λόγου
2355 1041 2416 1095 τὸ
2446 1040 2650 1111 ἀληθὲς
2681 1042 2777 1096 καὶ
2813 1041 3128 1104 ἀκόλουθον,
3169 1045 3266 1097 καὶ
3305 1043 3404 1114 τὴν
3437 1045 3545 1098 τῶν
3585 1047 3760 1100 ἐπιει-

2161 1137 2440 1208 κεστέρων
2469 1137 2809 1200 εὐπείθειαν,
2839 1137 3015 1191 ταῦτά
3035 1155 3216 1209 φαμεν
3243 1155 3257 1171 ⁸
3286 1139 3368 1192 ὅτι
3401 1140 3620 1210 πρῶτον
3655 1142 3757 1212 μὲν

2161 1230 2338 1284 πάντα
2376 1231 2441 1282 τὰ
2463 1231 2520 1290 ἐν
2549 1233 2615 1300 τῇ
2665 1229 2932 1302 ἐκκλησίᾳ
2955 1230 3050 1284 τοῦ
3073 1229 3233 1294 Θεοῦ,
3255 1231 3382 1302 ἱερά
3413 1247 3474 1285 τε
3497 1234 3590 1286 καὶ
3619 1232 3756 1302 ἅγια

2161 1325 2256 1378 καὶ
2283 1325 2442 1394 ἴσμεν
2483 1325 2580 1378 καὶ
2613 1323 3008 1395 ὁμολογοῦμενο
3044 1323 3139 1376 καὶ
3165 1322 3256 1376 διὰ
3283 1323 3476 1389 τοῦτο,
3507 1341 3755 1396 προσκυ-

2159 1417 2298 1488 νητά
2325 1420 2420 1472 καὶ
2441 1418 2720 1488 σεϐάσμια
2747 1418 2948 1488 ὁμοίως
2981 1417 3113 1489 παρ’
3145 1419 3276 1488 ἡμῖν
3309 1419 3416 1471 εἰσι
3443 1420 3539 1471 καὶ
3567 1417 3752 1488 τίμια,

2161 1513 2255 1565 καὶ
2281 1511 2434 1565 οὐδὲν
2474 1511 2686 1576 ἄδοξον,
2735 1511 2892 1564 οὐδὲν
2928 1509 3145 1580 ἄτιμον,
3178 1509 3370 1581 ὥσπερ
3407 1513 3473 1582 δὴ
3505 1513 3601 1566 καὶ
3639 1513 3755 1566 ἐτέ-

2162 1603 2297 1674 ρωθι
2345 1605 2477 1674 ἡμῖν
2522 1603 2795 1660 λέλεκται·
2837 1603 2932 1656 καὶ
2977 1603 3080 1656 οὐκ
3129 1601 3250 1668 ἐξὸν
3303 1604 3437 1672 ἡμῖν
3494 1605 3609 1668 τοῖς
3662 1622 3755 1657 πι-

2163 1695 2329 1758 στοῖς·
2367 1693 2488 1747 οὐδὲ
2531 1695 2602 1746 τὰ
2648 1693 3066 1764 παραδεδομένα
3104 1693 3257 1764 παρά
3308 1691 3417 1746 τῶν
3467 1692 3752 1764 προεστώ-

2160 1796 2269 1833 των
2332 1780 2428 1833 τοῦ
2484 1781 2608 1836 καθ’
2674 1783 2821 1851 ἡμᾶς
2875 1781 3035 1850 λόγου
3095 1780 3494 1850 ἐπαγγέλλεται
3539 1781 3755 1852 διακρί-

467 1859 798 1938 ῳιίεἰιῑοιιεέ
848 1866 1116 1920 faciamus
1139 1905 1155 1929 ,
1188 1864 1320 1934 quid
1367 1863 1440 1917 sit
1472 1863 1706 1932 primum
1736 1862 1819 1914 vel
1854 1876 2047 1915 secun-

2154 1889 2266 1936 σεις
2295 1873 2450 1936 τινας
2495 1874 2590 1927 καὶ
2630 1872 2904 1939 ἐξετάσεις
2937 1874 3240 1941 ποιεῖσθαι,
3288 1875 3474 1928 ὁποῖον
3507 1874 3574 1945 δὴ
3615 1875 3752 1945 πρό-

463 1959 616 2022 dum,
653 1959 779 2027 quid
809 1957 930 2026 plus
965 1954 1048 2010 vel
1086 1955 1266 2010 minus
1309 1952 1648 2009 houorabile.
1695 1950 1944 2022 Namque
1995 1952 2046 2006 id

463 2065 628 2107 omne
657 2051 726 2105 ab
755 2049 1057 2105 inlidelium
1094 2059 1148 2104 et
1171 2047 1464 2117 impiorum
1501 2045 1704 2099 malitia
1731 2056 1814 2100 est
1845 2059 1860 2098 :
1894 2054 2044 2115 puta,

462 2145 508 2199 si
541 2144 644 2198 hoc
685 2142 988 2197 adoravero
1027 2139 1112 2194 vel
1161 2153 1320 2194 secus
1343 2178 1360 2204 ,
1393 2137 1717 2192 salvaburne
1747 2152 1815 2190 an
1853 2136 2049 2191 secus?

461 2237 727 2292 meliusne
755 2235 878 2299 hoc,
918 2251 985 2288 au
1009 2232 1176 2288 illud?
1205 2231 1364 2300 Quod
1398 2246 1529 2286 sane
1551 2244 1778 2284 summa:
1801 2229 2047 2284 stultitia:

463 2345 527 2386 ae
567 2328 818 2384 ruditatis
848 2328 1070 2392 horum,
1099 2325 1192 2396 qui
1235 2339 1378 2378 nunc
1415 2323 1540 2378 talia
1588 2331 1861 2392 qumruut,
1903 2322 2044 2376 iudi-

461 2424 605 2480 cium
639 2431 744 2478 est.
778 2419 918 2487 Quid
945 2418 1090 2474 enim
1115 2415 1523 2486 respondebunt
1557 2414 1802 2469 dicenti:
1832 2431 1850 2466 ι
1887 2413 1943 2469 Si
1970 2413 2046 2470 le-

457 2528 581 2584 gem
615 2514 923 2568 universam
973 2509 1168 2580 aliquis
1210 2508 1544 2576 servaverit,
1602 2507 1656 2562 in
1706 2523 1813 2563 uno
1864 2517 2045 2562 autem

462 2606 719 2660 mandato
744 2601 1000 2669 dﬂeudat,
1034 2601 1211 2656 iactus
1229 2610 1312 2657 est
1337 2601 1578 2654 omnium
1605 2615 1730 2654 reus
1747 2600 1794 2632 ⁸⁵
1810 2599 2048 2670 ?iAtque

465 2701 579 2754 hmc
606 2701 670 2753 de
696 2697 964 2766 legalibus
1000 2695 1250 2760 actibus,
1281 2693 1368 2747 vel
1401 2692 1560 2747 etiam
1596 2691 1665 2746 de
1713 2691 2048 2762 irrepreheu-

460 2790 606 2847 sibili
629 2801 686 2844 et
711 2787 1066 2858 integerrima
1092 2785 1196 2840 lide
1225 2792 1438 2840 nostra.
1466 2781 1586 2838 Non
1618 2791 1703 2840 est
1733 2799 1860 2854 ergo
1889 2799 1920 2839 a
1957 2799 2049 2838 no-

461 2883 546 2939 bis
568 2883 714 2938 circa
744 2881 859 2936 hcce
884 2880 1194 2942 rixandum,
1235 2877 1492 2949 quoniam
1521 2877 1634 2946 pari
1663 2877 1832 2946 gradu
1868 2877 2046 2932 hono-

462 2974 630 3028 randa
658 2987 780 3028 esse
814 2981 1027 3039 sancta,
1057 2983 1341 3026 sacrorum
1377 2966 1596 3022 Patrum
1631 2982 1875 3022 canones
1905 2968 2044 3022 divi-

458 3064 604 3119 nitus
642 3064 772 3118 editi
805 3061 1147 3132 praecipiunt.

525 3275 618 3331 55.
651 3273 1039 3330 Verumtamen
1063 3279 1286 3340 propter
1311 3269 1602 3325 stultorum
1644 3273 2046 3328 contumaciam

457 3378 627 3437 atque
656 3363 1070 3434 impudentiam,
1103 3361 1264 3433 paulo
1297 3364 1566 3418 curiosius
1595 3363 1663 3417 de
1695 3364 1800 3418 hac
1839 3379 1897 3418 re
1943 3365 2048 3419 dis-

459 3455 750 3513 serendum
805 3464 1090 3526 putamus;
1141 3455 1322 3508 neutri
1355 3455 1572 3524 quidem
1621 3455 1746 3528 rei(
1787 3457 1938 3510 cruci
1993 3465 2048 3511 et

459 3549 720 3620 imagini)
753 3549 1016 3603 honorem
1063 3555 1346 3616 negantes,
1375 3549 1469 3601 sed
1501 3555 1770 3616 quatenus
1824 3563 1890 3603 ex
1938 3550 2048 3605 dis-

460 3641 777 3713 quisitionis
847 3639 1241 3709 consequentia
1323 3639 1606 3710 provenit,
1670 3642 2046 3710 praestantiam

458 3737 751 3807 quamdam
782 3733 927 3788 inter
956 3735 1056 3788 has
1084 3733 1262 3804 ipsas,
1310 3732 1463 3788 brevi
1507 3749 1760 3790 sermone
1804 3745 2049 3790 statuen-

459 3841 586 3896 tes;
621 3829 852 3884 dicimus
891 3829 1108 3898 itaque,
1173 3835 1232 3881 ut
1277 3842 1308 3882 a
1367 3827 1530 3882 simili
1583 3827 1796 3882 initium
1868 3829 2048 3900 capia-

461 3937 582 3976 mus
629 3939 643 3976 :
691 3920 743 3992 li)
798 3921 1066 3988 Quoniam
1116 3929 1171 3974 et
1218 3920 1336 3990 ipsa
1385 3921 1563 3993 imago
1606 3920 1876 3993 ejusmodi
1924 3933 2044 3989 est;

458 4017 639 4088 imago
669 4015 878 4072 Christi
925 4015 1232 4070 similitudo
1261 4014 1381 4084 ejus
1404 4023 1526 4081 est,
1560 4024 1615 4069 et
1655 4017 1874 4086 corpori
1927 4014 2046 4086 ejus

459 4107 654 4164 similis
679 4116 782 4172 est,
813 4107 1153 4176 ﬁguramque
1181 4104 1424 4177 corporis
1453 4106 1569 4178 ejus
1589 4107 1757 4174 nobis
1786 4109 2048 4165 describit

460 4209 516 4254 et
547 4199 802 4265 delineat,
835 4213 901 4254 ac
933 4197 1168 4270 speciem
1207 4199 1514 4265 denuntiat,
1539 4208 1594 4254 et
1621 4203 1838 4256 modum
1875 4203 2047 4257 actio-

459 4291 545 4346 nis
567 4289 654 4345 vel
697 4289 958 4344 doctrinae
1015 4289 1097 4342 vel
1150 4287 1427 4360 passionis
1466 4299 1525 4344 ut
1578 4290 1870 4360 plurimum
1923 4293 2045 4348 imi-

461 4383 949 4454 Iando'signiﬁcat.
983 4381 1182 4452 Figura
1219 4397 1349 4436 vero
1379 4384 1561 4438 crucis
1593 4385 1739 4440 nulla
1774 4395 1928 4454 parte
1973 4389 2047 4441 si-

458 4477 601 4532 milis
657 4486 742 4532 est
785 4478 1000 4548 corpori
1042 4477 1196 4547 ejus,
1250 4476 1494 4546 nihilque
1532 4493 1721 4534 eorum
1776 4495 1897 4551 quae
1933 4482 2043 4541 dixi

2074 3183 2193 3270 ον·

2148 1981 2308 2035 τερον
2337 1964 2370 2036 ἢ
2401 1964 2678 2037 δεύτερον,
2719 1967 2814 2018 καὶ¹
2862 1967 2945 2020 ὅτι
2970 1965 3302 2038 τιμιώτερον
3329 1967 3362 2036 ἢ
3398 1967 3747 2040 ἀτιμότερον·

2149 2058 2401 2112 ἀπίστων
2449 2058 2612 2112 τοῦτο
2661 2059 2758 2113 καὶ
2805 2058 3039 2113 ἀνοσίων
3085 2059 3150 2112 τὸ
3209 2059 3620 2131 κακούργημα.”
3668 2061 3750 2126 ὡς

2149 2151 2212 2203 Ei
2245 2151 2362 2203 τόδε
2415 2151 2514 2220 μὲν
2576 2151 2966 2222 προσκυνήσω,
3022 2149 3140 2204 τόδε
3173 2151 3230 2205 δὲ
3283 2149 3382 2218 οὒ,
3431 2150 3678 2221 σώζομαι
3711 2151 3746 2222 ἦ

2149 2243 2207 2296 οῦ
2281 2239 2556 2312 σώζομαις
2629 2245 2879 2313 κρεῖττον
2937 2242 3098 2296 τοῦτο
3164 2243 3371 2314 μᾶλλον
3439 2243 3472 2314 ἢ
3531 2245 3746 2308 ἐκεῖνος

2147 2333 2176 2386 ὃ
2209 2333 2273 2405 δὴ
2323 2334 2418 2389 καὶ
2471 2335 2604 2388 αὐτὸ
2639 2335 2736 2406 τῆς
2775 2335 2955 2406 ἄκρας
2998 2335 3244 2406 ἀμαθίας
3304 2337 3401 2390 καὶ
3453 2336 3746 2398 ἀσυνεσίας

2148 2426 2260 2480 τῶν
2317 2426 2412 2480 νῦν
2469 2427 2538 2481 τὰ
2598 2425 2830 2482 τοιαῦτα
2880 2427 3264 2497 ἐκζητούντων
3313 2431 3636 2500 τεκμήριον·
3692 2427 3745 2481 τί

2149 2518 2258 2590 γὰρ
2304 2521 2542 2590 φήσουσι
2597 2522 2738 2591 πρὸς
2795 2517 2888 2572 τὸν
2923 2519 3210 2589 εἰρηκότα,
3267 2521 3352 2574 ὅτι
3409 2539 3428 2572 ι
3485 2521 3613 2577 Ἐὰν
3655 2519 3744 2573 τὸν

2151 2610 2314 2680 νόμον
2364 2611 2484 2664 ὅλον
2537 2609 2751 2683 φυλάξῃ
2795 2627 2919 2676 τις,
2951 2611 3158 2682 πταίσῃ
3192 2611 3248 2665 δὲ
3294 2614 3352 2665 ἐν
3405 2612 3523 2678 ἐνὶ,
3552 2611 3745 2682 γέγονε

2149 2703 2372 2756 πάντων
2417 2701 2640 2772 ἐνοχος;
2693 2720 2712 2754 ι
2764 2701 2860 2776 καὶ
2908 2700 3088 2756 ταῦτα
3117 2703 3248 2772 περὶ
3297 2702 3554 2775 πράξεων
3601 2719 3745 2774 νομι-

2149 2795 2284 2860 κῶν,
2345 2793 2487 2864 ἦπου
2524 2811 2588 2862 γε
2626 2793 2726 2862 τῆς
2759 2795 3067 2864 ἀμωμήτου
3115 2795 3207 2847 καὶ
3252 2793 3550 2866 ἀκιὸδήλου
3584 2793 3744 2866 ἡμῶν

2149 2888 2408 2950 πίστεωςο
2452 2887 2556 2939 οὐκ
2592 2884 2739 2940 ἔστιν
2766 2881 2860 2940 οὖν
2894 2887 3030 2955 ἡμῖν
3074 2885 3205 2956 περὶ
3243 2884 3454 2940 τούτων
3497 2883 3745 2955 ζυγομα-

2149 2981 2286 3049 χεῖν,
2307 2977 2468 3031 ὁπότε
2493 2975 2898 3046 παραπλησίως
2925 2974 3183 3044 ἀλλήλοις
3203 2973 3473 3044 τιμᾶσθαι
3496 2974 3566 3028 τὰ
3583 2973 3742 3042 ἅγια,

2151 3074 2244 3125 καὶ
2289 3071 2552 3142 Πατέρων
2604 3071 2766 3141 ἱερῶν
2811 3069 3008 3140 θεσμοὶ
3051 3067 3377 3140 θεοπρεπῶς
3419 3069 3744 3139 ἐκπεφωνη-

2203 3165 2308 3216 ἐνοι
2333 3162 2736 3234 διαγορεύουσι.

2227 3278 2322 3332 λε’.
2359 3277 2460 3330 Διὰ
2489 3277 2545 3328 δέ
2581 3275 2888 3344 φιλόνεικον
2919 3275 3016 3327 καὶ
3046 3274 3408 3345 ἀναίσχυντον
3439 3273 3551 3326 τῶν
3580 3272 3744 3343 ἀνοή-

2154 3389 2284 3435 των,
2327 3371 2752 3442 περιεργότερον
2781 3367 2987 3424 τούτων
3028 3367 3214 3420 ἕνεκεν
3244 3364 3608 3434 διαλήψεσθαι
3635 3365 3746 3418 δεῖν

2154 3464 2438 3537 ᾠήθημεν
2481 3463 2660 3517 οὐδενὶ
2709 3462 2809 3532 μὲν
2842 3462 2904 3514 τὸ
2949 3458 3139 3525 ἄδοξον
3171 3455 3548 3531 περιτιθέντες
3572 3498 3588 3522 ,
3620 3457 3746 3510 ὅσον

2153 3559 2210 3611 δὲ
2235 3560 2298 3612 ἐκ
2326 3558 2424 3628 τῆς
2456 3555 2756 3621 ἐξετάσεως
2783 3554 2878 3608 τοῦ
2908 3553 3205 3607 ἀκολούθου
3236 3553 3456 3624 ἀνήκει,
3487 3552 3548 3605 τὸ
3579 3552 3747 3622 ὑπερ-

2155 3652 2290 3721 φυὲς
2318 3651 2462 3703 κατά
2491 3667 2544 3702 τι
2569 3648 2700 3718 γοῦν
2737 3649 2794 3700 ἐν
2821 3647 3036 3709 αὐτοῖς,
3071 3645 3148 3708 ὡς
3181 3647 3239 3698 ἐν
3276 3645 3473 3715 βραχεῖ
3499 3643 3578 3714 τῷ
3603 3643 3746 3714 λόγῳ

2155 3742 2554 3814 παριστῶντες’
2575 3742 2827 3812 ,λέγομεν
2858 3739 3044 3792 τοίνυν
3079 3739 3166 3791 ἵνα
3197 3741 3262 3790 ἐκ
3294 3737 3389 3790 τοῦ
3421 3738 3609 3806 ὁμοίου
3649 3737 3746 3805 τὴν

2158 3835 2336 3908 ἀρχὴν
2361 3833 2745 3905 ποιησώμεθα,
2779 3833 2969 3902 ἐπειδὴ
2989 3831 3150 3888 τοῦτο
3172 3831 3265 3884 καὶ
3290 3829 3476 3883 είκὼψ
3502 3833 3582 3900 A')
3622 3829 3746 3882 Ὀτι

2156 3930 2188 3999 ἡ
2218 3926 2390 3981 εἰκὼν
2412 3927 2508 3980 τοῦ
2544 3925 2790 3998 Χριστοῦ
2813 3967 2826 3992 ,
2859 3925 3115 3996 ὁμοίωμα
3147 3922 3318 3976 αὐτοῦ
3360 3923 3477 3976 ἐστι
3501 3965 3516 3988 ,
3547 3922 3643 3976 καὶ
3671 3921 3748 3992 τῷ

2156 4017 2372 4088 σώματι
2414 4017 2580 4070 αὑτοῦ
2613 4017 2906 4088 προσέοικε
2927 4055 2942 4081 ,
2977 4015 3071 4068 καὶ
3105 4013 3199 4066 τὸν
3229 4013 3401 4067 τύπον
3430 4012 3526 4066 τοῦ
3563 4013 3744 4082 σώμαι

2154 4128 2244 4176 τος
2275 4109 2444 4165 αὐτοῦ
2494 4112 2632 4180 ἡμῖν
2671 4109 3016 4180 ὑπογράφει,
3053 4108 3150 4162 καὶ
3184 4107 3244 4160 τὸ
3287 4101 3429 4170 εἶδος
3465 4121 3747 4173 κατεπαγ-

2154 4202 2430 4272 γέλλεται,
2465 4202 2560 4256 καὶ
2589 4201 2792 4272 τρόπον
2823 4199 3079 4272 πράξεως
3105 4199 3136 4270 ἢ
3189 4198 3542 4260 διδασκαλίας
3567 4198 3601 4270 ἢ
3646 4198 3747 4250 πά-

2155 4291 2281 4356 θους
2312 4292 2388 4356 ὡς
2419 4292 2489 4344 τὰ
2538 4291 2712 4345 πολλά
2755 4291 3191 4362 ἀπομιμουμένη
3233 4289 3610 4360 διασημαίνει’
3637 4291 3664 4342 ὀ
3693 4289 3748 4342 δὲ

2152 4386 2250 4440 τοῦ
2285 4385 2524 4458 σταυροῦ
2565 4385 2765 4452 τύπος,
2793 4384 2918 4440 οὔτε
2953 4385 3282 4456 προσέοικεν
3322 4385 3491 4438 αὐτοῦ
3531 4383 3608 4454 τῷ
3640 4382 3746 4435 σώ-

2159 4497 2311 4552 ματι,
2338 4478 2464 4532 οὔτε
2505 4479 2657 4532 οὐδὲν
2686 4478 2798 4532 τῶν
2837 4477 3148 4549 εἰρημένων
3194 4479 3332 4548 ἡμῖν
3377 4471 3744 4530 ὑποδείκνυσι·

458 4571 720 4624 ostendit.
757 4569 912 4636 Quod
942 4578 1126 4624 autem
1158 4566 1336 4626 simile
1369 4581 1454 4647 est
1501 4571 1690 4640 alicui,
1726 4576 1899 4646 magis
1930 4593 2047 4648 pro-

2154 4573 2214 4626 τὸ
2246 4572 2304 4626 δέ
2332 4590 2440 4628 τινι
2465 4573 2674 4644 ὅμοιον,
2703 4571 2800 4625 τοῦ
2834 4571 2908 4646 μὴ
2931 4571 3119 4641 ὁμοίου
3151 4569 3454 4642 ἐγγύτερόν
3501 4571 3620 4623 ἐστι
3654 4569 3748 4624 καὶ

457 4658 719 4728 piuquum
759 4659 917 4729 107
940 4669 994 4714 et
1024 4670 1314 4730 cognatum
1350 4672 1433 4716 est
1463 4661 1538 4728 ei,
1571 4677 1732 4732 quam
1759 4666 1906 4734 quod
1940 4683 2046 4723 non

457 4761 542 4806 est
597 4750 798 4818 simile,
839 4752 1126 4824 notiusque
1185 4753 1317 4808 illud
1357 4765 1578 4824 propter
1628 4756 2046 4817 similitudinem

457 4842 658 4898 eilieit:
689 4857 753 4899 ac
783 4845 1011 4914 proinde
1035 4845 1349 4901 honoratior
1377 4858 1461 4902 est
1491 4849 1670 4917 imago
1704 4848 1934 4918 Christi,
1962 4863 2048 4909 ut-

456 4943 588 5005 pote
613 4937 784 5006 magis
807 4935 884 4991 illi
905 4935 1134 4992 ﬁnitima
1158 4947 1214 4994 et
1241 4939 1444 4993 notior.
1477 4939 1614 4994 Cum
1663 4941 1831 5011 igitur
1875 4943 2048 5016 ﬁgura

457 5029 636 5085 crucis
679 5031 820 5100 apud
855 5046 955 5088 nos
983 5033 1058 5087 sit
1085 5033 1142 5088 in
1175 5035 1382 5089 honore
1423 5044 1480 5088 et
1524 5035 1896 5102 veneratione,
1945 5041 2052 5094 erit

457 5123 782 5180 honoratior
819 5134 873 5180 et
908 5125 1276 5182 venerabilior
1298 5126 1506 5182 Christi
1557 5128 1758 5200 imago.
1789 5129 1860 5203 ll)
1891 5132 2046 5188 Prte-

457 5227 608 5272 terea
635 5218 816 5290 imago
845 5217 1048 5272 Christi
1087 5219 1319 5287 primum
1374 5230 1429 5274 et
1479 5220 1598 5275 sine
1645 5223 1823 5278 medio
1857 5225 2045 5282 statim

457 5317 510 5364 et
536 5309 714 5379 primo
753 5325 1050 5381 congressu
1097 5313 1332 5380 speciem
1379 5311 1497 5381 eius
1555 5315 1710 5370 nobis
1748 5317 1955 5373 iudicat
1988 5329 2046 5375 et.

459 5399 778 5456 memoriam
813 5397 992 5466 affert,
1026 5403 1295 5470 siquidem
1321 5417 1467 5467 eum,
1505 5404 1596 5472 qui
1641 5405 1908 5476 eﬁigiatus
1932 5418 2040 5476 est,

458 5489 514 5547 in
548 5491 664 5562 ipsa
696 5491 880 5561 efﬁgie
914 5503 1168 5564 tauquam
1197 5495 1249 5547 in
1279 5497 1498 5564 speculo
1523 5506 1850 5565 spectamus.
1892 5500 2039 5556 Crux

529 5678 574 5708 ⁵⁵
605 5679 768 5732 Prov.
808 5693 958 5741 xxvi,
992 5677 1044 5729 4.
1123 5676 1168 5706 ⁵⁸
1209 5675 1327 5732 Jac.
1363 5693 1422 5742 ll,
1463 5681 1545 5736 id.

2156 4668 2513 4740 οἰκειότερον,
2551 4669 2626 4734 ὡς
2667 4669 2758 4723 διὰ
2803 4671 2902 4739 τῆς
2955 4669 3275 4739 ὁμοιότητος
3321 4666 3749 4740 γνωριμώτερον

2157 4761 2336 4814 ἐκεῖνο
2392 4761 2582 4815 ποιοῦν
2635 4763 2731 4816 καὶ
2788 4761 2893 4818 διὰί
2939 4762 3100 4815 τοῦτο
3149 4761 3246 4814 καὶ
3311 4761 3664 4832 τιμιώτερον·
3715 4760 3748 4831 ἡ

2156 4851 2320 4906 είκὼν
2376 4853 2485 4926 ἄρα
2541 4853 2636 4908 τοῦ
2672 4854 2948 4925 Χριστοῦ,
2995 4853 3072 4919 ὡς
3117 4853 3428 4926 οἰκειοτέρα
3468 4855 3565 4908 καὶ
3609 4870 3750 4922 γνω-

2159 4945 2480 5016 ριμωτέρα,
2545 4946 2732 5017 τιμίου
2799 4947 2897 5002 καὶ
2961 4947 3164 5000 σεπτοῦ
3232 4945 3328 5001 τοῦ
3403 4945 3575 5000 τύπου
3651 4943 3746 4999 τοῦ

2155 5037 2393 5109 σταυροῦ
2439 5040 2569 5110 παρ’
2603 5042 2738 5111 ἡμῖν
2786 5039 3181 5111 τυγχάνοντος,
3220 5037 3531 5111 τιμιωτέρα
3563 5037 3632 5093 ἂν
3659 5037 3745 5107 εἴη

2154 5131 2248 5185 καὶ
2290 5133 2730 5204 σεϐασμιωτέρα.
2777 5132 2874 5202 Β’)
2913 5133 3034 5186 Ἐτι
3081 5134 3114 5203 ὴ
3143 5131 3309 5190 εἰκὼν
3337 5131 3434 5187 τοῦ
3466 5129 3705 5203 Χριστοῦ
3727 5167 3743 5195 ,

2153 5223 2390 5295 πρώτως
2419 5225 2510 5278 καὶ
2537 5226 2763 5296 ἀμέσως
2791 5224 2958 5290 εὐθύς
2987 5243 3046 5278 τε
3080 5227 3175 5280 καὶ
3205 5227 3274 5279 ἐκ
3304 5225 3528 5298 πρώτης
3560 5225 3744 5300 ἐντεύ-

2147 5317 2314 5382 ξεως,
2348 5317 2409 5371 τὸ
2435 5313 2574 5382 εἶδος
2605 5316 2774 5372 αὑτοῦ
2816 5321 2946 5390 παρ’
2987 5321 3122 5393 ἡμῖν
3149 5321 3474 5390 ἐμφανίζει,
3505 5320 3602 5386 καὶ
3647 5318 3745 5390 τὴν

2148 5413 2374 5484 μνήμην
2418 5413 2716 5484 ἐντίθησιν·
2749 5413 2914 5467 αὐτὸν
2946 5415 3055 5484 γὰρ
3098 5415 3192 5468 τὸν
3238 5417 3645 5486 εἰκονιςόμενον
3681 5415 3740 5463 ὲν

2146 5505 2284 5575 αὐτῇ
2339 5503 2859 5578 κατοπτριζόμεθα·
2911 5507 2939 5558 ὀ
2994 5507 3051 5560 δὲ
3096 5507 3329 5579 σταυρὸς
3383 5508 3480 5575 οὐχ
3531 5499 3736 5567 οὕτως’

529 5831 646 5902 (ab)
682 5832 796 5890 lloc
818 5835 950 5892 dicit
983 5833 1104 5903 quia
1138 5831 1482 5892 lconomachi
1519 5839 1811 5910 imaginem
1841 5839 2048 5897 Christi
2088 5841 2508 5911 aversabantur,
2536 5857 2758 5899 crucem
2787 5857 2894 5900 non
2925 5844 3079 5911 item,
3109 5851 3166 5898 ut
3195 5857 3317 5897 mox
3346 5838 3580 5910 patebit.
