4050 6420
325 406 433 471 429

1036 394 1667 457 ANTIRRHETICUS
1710 393 1801 453 ΙΙΙ
1841 394 2009 453 ADV.
2050 391 2644 455 CONSTANTINUM
2683 395 2895 454 COI’R.

3489 397 3598 463 L30

324 519 563 593 σταυρὸν
595 514 704 587 γὰρ
737 509 1060 582 ἐνορῶντες,
1113 509 1331 580 πρῶτον
1371 510 1469 581 μὲν
1516 509 1652 581 πρὸς
1695 508 1753 562 τὸ
1789 525 1914 577 φαι-

2024 517 2199 562 autem
2233 522 2340 561 non
2373 508 2475 565 hoc
2525 507 2687 573 facit;
2726 524 2845 561 cum
2886 509 3028 562 enim
3076 525 3291 564 crucem
3329 513 3597 579 videmus,

322 613 552 683 νόμενον
583 606 677 660 τὸν
709 600 833 657 νοῦν
879 598 1262 671 ἀπερείδομενο
1310 598 1505 653 ἔπειτα
1545 600 1623 665 δὲ,
1651 599 1702 653 τί
1741 601 1911 665 ἐστιν,

321 697 644 771 ἐννοοῦμεν,
699 694 794 748 καὶ
839 691 959 755 πῶς
1011 691 1274 763 ἡγίασται
1325 691 1770 764 ἀναθεωροῦμεν,
1819 691 1914 744 καὶ

324 794 481 868 παρὰ
509 793 658 853 τίνος
678 830 693 856 ,
740 787 832 843 καὶ
857 785 1003 840 οὕτω
1038 785 1182 843 κατὰ
1210 785 1466 859 δεύτερον
1487 786 1671 854 λόγον,
1700 786 1794 839 ἐπὶ
1820 784 1912 839 τὸν

330 885 716 960 σταυρωθέντα
746 882 841 936 καὶ
884 880 1192 951 ἁγιάσαντα
1235 880 1399 935 αὑτὸν
1432 881 1682 952 μέτιμεν·
1714 880 1775 933 τὸ
1804 877 1916 933 τοί-

330 998 426 1034 νυν
468 975 702 1049 πρώτως
743 972 835 1026 ὲπί
873 989 928 1025 τι
962 970 1308 1042 μεταϐαῖνον,
1344 971 1441 1025 καὶ
1501 969 1732 1043 πρώτως
1782 971 1914 1024 αὐτὸ

330 1072 608 1143 γνώριμον
639 1064 847 1130 ποιοῦν,
883 1063 978 1118 τοῦ
1020 1063 1296 1134 δευτέρως
1316 1061 1493 1119 ταῦτα
1521 1061 1806 1127 ποιοῦντος
1834 1080 1915 1117 τι-

330 1163 621 1237 μιώτερα-θ’
671 1159 706 1231 ἡ
753 1154 919 1212 εἰκὼν
959 1154 1068 1227 ἄρα
1096 1155 1193 1208 τοῦ
1234 1155 1498 1226 Χριστοῦ,
1533 1155 1629 1210 τοῦ
1676 1153 1913 1228 σταυροῦ

323 1256 515 1330 τιμίου
543 1255 717 1318 ὅντως
747 1250 1055 1323 τιμιωτέρα
1086 1250 1348 1322 ὑπάρχει.

403 1440 533 1499 Εἶτα
556 1443 631 1512 Γ¹)
657 1439 811 1513 παρὰ
852 1441 989 1494 πᾶσι
1011 1442 1125 1501 τοῖς
1155 1436 1280 1492 νοῦν
1303 1436 1520 1508 ἔχουσιν
1540 1435 1914 1511 ὡμολόγηται,

331 1541 412 1593 ἲτι
438 1536 500 1590 τὸ
545 1532 776 1604 ἁγιάζον
811 1531 907 1585 τοῦ
954 1530 1325 1602 ἁγιαζομένου
1369 1530 1619 1599 κρεῖττόν
1648 1532 1784 1585 ἐστι’
1822 1532 1919 1586 καὶ

326 1624 462 1695 γὰρ,
500 1622 690 1692 Χωρὶς
736 1620 942 1689 πάσης
972 1620 1340 1690 ἀντιλογίας,
1377 1620 1514 1691 φησὶ
1552 1620 1614 1674 τὸ
1639 1622 1921 1677 ἀποστολι-

325 1717 422 1771 κὸν
447 1716 648 1784 λόγιον,
667 1713 734 1767 τὸ
756 1712 1013 1766 ἔλαττον
1032 1711 1150 1766 ὑπὸ
1167 1711 1275 1765 τοῦ
1294 1712 1634 1781 κρείττονος
1653 1715 1919 1783 εὐλογεῖ-

324 1823 423 1861 ται
446 1821 459 1834 ·
493 1808 543 1858 εί
563 1804 745 1857 τοίνυν
774 1802 832 1855 τὸ
869 1801 1029 1873 σῶμα
1052 1798 1301 1873 Χριστοῦ
1326 1801 1420 1855 τὸν
1449 1803 1682 1874 σταυρὸν
1719 1804 1917 1874 ήγίασε

327 1896 747 1969 προσομιλῆσαν
794 1892 941 1969 αύτῷ
999 1892 1469 1966 προσηλούμενον,
1520 1894 1619 1949 καὶ⁹
1666 1897 1797 1968 ἡμῖν
1847 1898 1915 1951 δι’

327 1990 495 2046 αὐτοῦ
521 1990 612 2043 τὸν
638 1987 917 2058 ἁγιασμὸν
964 1987 1183 2057 ἐνῆκεν,
1233 1988 1262 2041 6
1286 1989 1343 2043 δὲ
1372 1989 1605 2061 σταυρὸς
1633 1990 1701 2043 δι’
1747 1992 1915 2046 αὐτοῦ

330 2085 614 2155 ἡγίασται·
645 2075 721 2135 ὧν
745 2081 803 2134 δὲ
824 2080 893 2133 τὰ
924 2081 1265 2152 πρωτότυπα
1284 2080 1621 2155 τιμιώτερα,
1655 2083 1746 2137 καὶ
1779 2086 1919 2140 αὐτὰ

333 2176 638 2248 τιμιώτερα
660 2189 673 2203 °
711 2173 904 2245 ἐπειδὴ
930 2174 988 2227 δὲ
1017 2173 1189 2244 ἄμφω
1212 2174 1410 2240 τύποι,
1439 2176 1535 2228 καὶ
1564 2178 1593 2228 6
1620 2175 1789 2254 τύπος
1822 2177 1915 2231 τοῦ

334 2268 686 2339 ἁγιασθέντος
711 2264 947 2337 σταυροῦ
980 2267 1184 2335 τίμιος,
1212 2267 1240 2320 6
1277 2266 1451 2330 τύπος
1489 2266 1599 2340 ἄρα
1628 2267 1724 2321 τοῦ
1754 2267 1919 2336 ἁγιά-

334 2379 533 2425 σαντος
575 2360 848 2430 σώματος,
875 2358 1079 2431 μᾶλλον
1095 2359 1440 2432 τιμιώτερος.
1461 2361 1537 2430 Δ’)
1559 2360 1680 2413 Ἔτι
1698 2362 1725 2413 6
1746 2358 1919 2423 τύπος

327 2455 431 2523 τῆς
453 2453 727 2516 ἐκτάσεως
746 2450 856 2505 τῶν
871 2450 1073 2522 χειρῶν
1090 2449 1184 2504 τοῦ
1214 2450 1455 2522 Χριστοῦ
1475 2453 1571 2504 καὶ
1596 2449 1689 2504 τοῦ
1711 2451 1921 2522 σχήμα-

324 2565 419 2611 τος
436 2546 630 2609 σεπτός
645 2546 813 2598 ἐστιν·
839 2545 948 2614 ὅσῳ
966 2543 1021 2597 δὲ
1036 2543 1282 2614 διαφέρει
1304 2543 1465 2613 σῶμα
1486 2545 1787 2615 σχήματος,
1804 2559 1920 2597 τοσ⁸

321 2639 469 2708 ούτῳ
497 2638 593 2692 καὶ
613 2637 681 2691 τὰ
709 2638 805 2690 ἀπ’
834 2636 1014 2690 αὐτῶν
1040 2635 1230 2689 διοίσει
1259 2652 1273 2666 ·
1304 2629 1379 2691 ὧν
1409 2636 1519 2707 γὰρ
1541 2637 1611 2689 τὰ
1634 2636 1918 2708 ἀρχέτυπα

320 2733 660 2804 τιμιώτερα,
696 2730 792 2784 καλ⁸
814 2728 954 2783 αὐτὰ
980 2727 1288 2799 τιμιώτερα
1313 2744 1325 2757 ο
1370 2730 1465 2782 καὶ
1499 2728 1608 2800 γὰρ
1637 2728 1699 2782 τὸ
1734 2729 1919 2799 σχῆμα

323 2821 417 2876 διὰ
466 2822 530 2874 τὸ
582 2819 785 2892 σῶμα,
830 2819 924 2872 καὶ
968 2819 1002 2887 ἡ
1050 2816 1292 2882 ἔκτασις’
1322 2818 1384 2871 οὐ
1434 2818 1540 2888 μὴν
1588 2816 1825 2889 ἔμπαλιν
1859 2819 1919 2873 τὸ

326 2914 494 2985 σῶμα
538 2912 628 2968 διὰ
657 2913 719 2966 τὸ
758 2913 963 2983 σχῆμα·
1000 2912 1097 2965 καὶ
1142 2911 1204 2965 τὸ
1228 2902 1595 2982 ’μὲνίσῶμκ
1640 2908 1797 2964 οὐσία
1823 2911 1919 2965 καὶ

325 3006 691 3077 ὑποκείμενόν
725 3008 862 3060 ἐστι·
897 3006 956 3059 τὸ
976 3004 1036 3057 δὲ
1068 3004 1258 3076 σχῆμα
1287 3003 1635 3075 συμϐεϐηκὸς
1657 3004 1754 3058 καὶ
1779 3021 1919 3074 παρ-

320 3099 725 3170 ακολούθημαθ
763 3098 875 3169 ὅσῳ
916 3093 1009 3149 οῦν
1065 3096 1225 3150 οὐσία
1271 3094 1686 3166 συμϐεϐηκότος
1730 3095 1918 3167 κρείτο

2020 600 2251 668 primum
2282 600 2502 669 quidem
2540 610 2777 655 mentem
2805 601 2869 654 ad
2905 601 2955 655 itl
2986 602 3126 672 quod
3163 614 3385 672 apparet
3424 606 3601 660 inten-

2017 692 2227 758 tlimus,
2271 692 2468 747 deinde
2516 693 2817 764 cogitamus
2886 694 3015 763 quid
3066 694 3169 758 sit,
3206 706 3262 750 ct
3323 702 3599 766 quomodo

2015 785 2353 843 sanctiﬁcata
2381 783 2563 851 fuerit,
2604 796 2659 843 et
2690 802 2719 840 a
2742 801 2873 857 quo,
2919 787 3390 857 tontetnplamur;
3438 799 3600 860 atque

2016 877 2088 932 ita
2111 881 2348 932 secundo
2385 878 2504 933 loco
2536 881 2603 933 ad
2636 881 2984 946 cruciﬁxum,
3015 890 3068 935 et
3101 882 3168 935 ad
3199 898 3322 936 eum
3352 883 3441 950 qui
3470 899 3600 938 cru-

2015 983 2132 1024 cem
2174 968 2571 1037 sanctiﬁcavit,
2615 972 2936 1028 transimus.
2984 972 3250 1039 Quocirca
3297 975 3443 1045 quod
3490 975 3600 1045 pri-

2015 1076 2162 1115 mum
2198 1062 2397 1117 transit
2426 1063 2492 1116 ad
2526 1063 2750 1133 aliquid,
2786 1074 2843 1119 et
2888 1065 3020 1120 illud
3052 1064 3108 1119 in
3155 1065 3348 1136 primis
3377 1065 3602 1121 n'ianilc-

2014 1162 2160 1209 stum
2193 1153 2396 1222 efﬁcit,
2428 1155 2747 1210 honoratius
2776 1170 2842 1210 cu
2886 1167 2970 1211 est
3009 1157 3151 1226 quod
3186 1157 3327 1212 idem
3359 1158 3601 1215 secundo

2015 1245 2138 1302 loco
2184 1246 2358 1301 facit:
2406 1261 2538 1318 ergo
2590 1246 2801 1302 Christi
2855 1250 3035 1318 imago
3068 1249 3388 1305 honoratior
3436 1266 3603 1306 cruce

2016 1336 2246 1405 Christi,
2275 1355 2396 1408 quae
2420 1340 2623 1410 alioqui
2667 1340 3001 1396 honorabilis
3028 1351 3133 1396 est.

2091 1432 2295 1487 Deinde
2323 1430 2419 1502 lll)
2461 1442 2787 1487 certumest
2850 1433 2990 1497 apud
3028 1448 3218 1489 omnes
3254 1436 3346 1504 qui
3400 1436 3604 1491 mentis

2016 1534 2144 1579 sunt
2170 1533 2475 1593 compotes,
2503 1524 2554 1576 id
2581 1525 2725 1595 quod
2750 1524 3080 1593 sanctiﬁcat,
3114 1526 3468 1604 sanctiﬁcata.
3486 1544 3606 1584 esse

2019 1616 2258 1671 melius:
2304 1615 2429 1671 Sine
2475 1618 2895 1671 contradictione
2922 1617 3103 1685 enim,
3151 1619 3327 1690 inquit
3368 1619 3607 1688 Aposto-

2019 1706 2103 1762 lus
2124 1709 2193 1772 '°,
2219 1709 2359 1779 quod
2384 1708 2560 1761 minus
2590 1717 2689 1770 est,
2721 1725 2752 1760 a
2784 1710 3002 1763 meliore
3023 1709 3349 1772 benedicilur
3371 1724 3390 1762 :
3413 1725 3606 1788 quam-

2021 1797 2207 1851 obrem
2238 1810 2439 1866 corpus
2456 1796 2657 1851 Christi
2683 1812 2901 1851 crucem
2926 1798 3288 1854 sanctiﬁcarit
3318 1814 3440 1854 cum
3481 1815 3603 1855 eam

2024 1888 2198 1958 tetigit
2232 1898 2284 1943 et
2314 1889 2367 1942 in
2396 1904 2459 1943 ea
2484 1888 2759 1944 conﬁxum
2791 1887 2918 1955 fuit,
2942 1900 2999 1945 et
3037 1891 3470 1967 benedictionem
3508 1907 3607 1947 no-

2019 1980 2103 2035 bis
2125 1995 2221 2050 per
2251 1980 2391 2034 hanc
2427 1979 2683 2047 immisit;
2723 1997 2854 2036 crux
2893 1997 3022 2037 vero
3056 1998 3152 2053 per
3183 1983 3360 2053 ipsum
3395 1984 3606 2040 sancti-

2021 2073 2177 2127 ﬁcata
2225 2080 2309 2128 est
2345 2090 2358 2126 :
2393 2086 2626 2141 quorum
2673 2087 2855 2127 autem
2909 2085 3199 2146 prototypa
3249 2076 3604 2133 honoratiora

2019 2174 2166 2230 sunt,
2200 2173 2251 2218 et
2286 2164 2399 2233 ipsa
2432 2174 2562 2219 sunt
2610 2166 2780 2236 inagis
2810 2167 3076 2221 honorata
3114 2185 3129 2222 :
3163 2168 3603 2240 quandoquidem

2022 2271 2150 2310 vero
2188 2267 2417 2326 utraque
2459 2257 2631 2327 ﬁgura
2679 2268 2786 2321 est,
2819 2269 2872 2313 ct
2919 2260 3089 2328 ﬁgura
3136 2263 3319 2318 crucis
3361 2263 3610 2319 sanctiﬁ-

2016 2358 2155 2404 cata:
2181 2351 2441 2404 honorata
2468 2361 2586 2420 cst;
2613 2350 2779 2420 ﬁgura
2813 2353 2978 2422 igitur
3008 2355 3255 2424 corporis
3285 2356 3433 2425 quod
3476 2371 3608 2411 crn-

2021 2457 2137 2497 ccm
2172 2441 2551 2510 sanctiﬁcavit,
2590 2445 2763 2514 magis
2802 2445 3069 2501 honorata
3106 2457 3211 2502 est.
3260 2446 3470 2503 Rursus
3502 2445 3606 2519 IV)

2023 2546 2180 2605 typus
2208 2536 2543 2599 extensionis
2571 2554 2827 2592 manuum
2868 2538 3158 2610 ﬁguraeque
3199 2540 3402 2597 Christi
3437 2556 3607 2597 vene-

2022 2629 2218 2684 rabiles
2251 2637 2379 2684 sunt
2413 2647 2426 2682 :
2474 2639 2738 2699 quantum
2770 2641 2950 2687 autem
2988 2633 3170 2689 diﬂ'ert
3218 2649 3249 2689 a
3290 2633 3461 2706 ﬁgura
3491 2652 3608 2693 cor-

2021 2737 2141 2790 pus,
2179 2732 2389 2777 tantum
2439 2720 2688 2778 diﬁ'erent
2716 2740 2837 2794 qua:
2894 2726 2962 2780 ab
3008 2725 3092 2782 eis
3138 2729 3604 2798 proﬁciscuntur:

2021 2828 2251 2882 quorum
2281 2815 2747 2887 enim-archetypa
2772 2817 2825 2871 in
2856 2816 3065 2887 majore
3107 2818 3315 2874 honore
3348 2830 3499 2887 sunt,
3541 2836 3608 2876 cu

2023 2907 2229 2974 majore
2262 2908 2313 2962 in
2342 2907 2550 2963 honore
2570 2908 2687 2979 ipsa
2719 2919 2903 2976 erunt,
2945 2909 3214 2981 siquidem
3268 2910 3438 2982 ﬁgura
3482 2927 3609 2983 pro-

2022 2992 2362 3072 ptcr'corpns
2386 3010 2492 3066 cst,
2515 3012 2567 3056 ct
2591 3002 2874 3069 extensio;
2899 3017 3004 3056 non
3031 3012 3233 3068 autem,
3254 3019 3285 3059 e
3301 3008 3607 3068 contrario,

2023 3110 2219 3164 corpus
2245 3104 2471 3165 propter
2524 3095 2750 3163 ﬁguram
2808 3110 2825 3148 :
2881 3109 2947 3149 ac
2984 3109 3186 3165 corpus
3217 3097 3439 3167 quidem
3474 3099 3608 3153 sub-

318 3208 459 3257 των,
484 3189 730 3260 τοσούτῳ
758 3191 849 3242 καὶ
888 3187 1048 3258 σῶμα
1078 3189 1378 3258 σχήματος,
1409 3182 1441 3257 ἢ
1468 3187 1594 3240 ὅσον
1624 3186 1771 3257 ψυχὴ
1795 3187 1916 3240 ἐπι-

2024 3187 2221 3259 stantia
2269 3194 2323 3241 et
2349 3184 2652 3255 subjectum
2686 3195 2792 3253 est,
2830 3186 3002 3257 ﬁgura
3034 3202 3165 3243 vero
3190 3189 3447 3245 accidens
3474 3190 3609 3245 sub.

319 3284 551 3353 στήμης
573 3297 590 3312 ⁶
628 3283 725 3336 καὶ
776 3281 836 3334 16
880 3281 981 3352 μὲν
1011 3279 1173 3350 σῶμα
1199 3279 1683 3350 ἐσχηματισμένον
1710 3280 1827 3333 ἐστί
1857 3297 1917 3333 τε

324 3379 427 3432 καὶ
469 3376 722 3444 λέγεται⁸
770 3375 955 3445 σχῆμα
992 3373 1047 3427 δὲ
1080 3373 1569 3443 σεσωματωμένον,
1599 3374 1772 3437 οὐδεὶς
1811 3372 1921 3426 τῶν

326 3466 764 3539 σωφρονούντων
794 3468 944 3538 ἐρεῖ·
982 3462 1127 3518 οὕτω
1160 3465 1269 3536 γὰρ
1295 3463 1391 3518 καὶ
1421 3463 1482 3516 16
1519 3463 1680 3535 σῶμα
1706 3481 1918 3536 κεχρω-

326 3563 539 3632 σμένον
567 3559 785 3631 λεχθείη
818 3559 904 3625 ἂν,
931 3558 1118 3612 οὐκέτι
1151 3557 1207 3611 δὲ
1251 3557 1545 3628 χρώματος
1575 3556 1735 3626 σῶμα
1761 3596 1774 3621 ,
1802 3556 1924 3611 οὐδὲ

326 3652 535 3725 χρῶμα
582 3638 1085 3721 σεσωματωμένονο
1134 3649 1421 3722 κρείττονα
1463 3644 1559 3702 οὖν
1597 3650 1665 3704 τὰ
1689 3649 1785 3703 τοῦ
1820 3649 1925 3715 σώ-

336 3762 510 3816 ματος
539 3744 685 3814 ἤπερ
712 3744 780 3797 τὰ
820 3743 916 3796 τοῦ
946 3744 1227 3814 σχήματος
1247 3759 1261 3773 ·
1299 3743 1396 3796 καὶ
1424 3744 1473 3796 εί
1521 3742 1711 3809 τοῦτο,
1757 3744 1866 3814 ἄρα
1895 3742 1925 3795 6

330 3843 506 3906 τύπος
552 3840 649 3894 τοῦ
697 3839 988 3912 σώματος,
1034 3837 1128 3892 τοῦ
1172 3839 1344 3892 τύπου
1380 3837 1475 3892 τοῦ
1528 3837 1808 3909 σχήματος
1842 3853 1926 3888 τι-

334 3934 505 4007 μιώτε
512 3952 603 4007 ρος

408 4204 535 4259 Ἔτι
583 4201 655 4274 E’)
706 4204 733 4257 6
785 4202 1021 4277 σταυρὸς
1077 4202 1286 4259 ἁπλοῦν
1332 4218 1451 4270 πως
1501 4192 1609 4260 καὶ¹
1643 4188 1927 4261 ὀιποίκιλον

331 4298 465 4367 ἡμῖν
495 4297 745 4367 εἰσφέρει
777 4294 840 4349 τὸ
878 4295 1119 4367 Χριστοῦ
1156 4295 1354 4361 πάθος·
1385 4301 1498 4362 τοῖς
1523 4298 1579 4352 δὲ
1606 4300 1927 4370 ἀγροικοτέ-

334 4405 449 4459 ροις
493 4388 648 4459 μόλις
689 4385 757 4441 ἂν
796 4389 892 4441 καὶ
921 4386 1131 4451 πάθους
1170 4388 1440 4460 σύμϐολον
1475 4390 1696 4461 νοηθείη
1720 4408 1733 4421 ·
1771 4391 1840 4444 τὰ
1867 4391 1924 4445 δὲ

2023 3294 2410 3352 sequensque:
2447 3289 2655 3350 quanto
2698 3280 2864 3351 igitur
2902 3281 3209 3336 substantia
3262 3282 3610 3352 prastantior

2024 3382 2105 3427 est
2136 3372 2439 3437 accidente,
2496 3380 2590 3427 aut
2633 3382 2840 3442 quanto
2884 3374 3068 3428 anima
3136 3375 3485 3447 praestantior
3525 3386 3611 3432 est

2025 3463 2272 3530 scientia,
2325 3474 2475 3518 tanto
2536 3479 2737 3536 corpus
2782 3474 3006 3534 praestat
3045 3465 3256 3536 ﬁgurae.
3302 3466 3381 3521 Ac
3435 3464 3609 3536 ﬁgura

2026 3555 2242 3624 quidem
2276 3563 2358 3611 cst
2388 3566 2443 3609 et
2474 3554 2680 3611 dicitur
2710 3557 2852 3625 quod
2889 3557 3179 3628 ﬁguratum
3212 3567 3299 3614 est
3331 3577 3345 3614 :
3379 3558 3611 3631 ﬁguram

2030 3662 2158 3703 vero
2183 3645 2388 3702 factum
2436 3664 2563 3704 esse
2607 3664 2836 3719 corpus,
2867 3666 3039 3712 nemo
3088 3666 3237 3707 sanae
3288 3653 3489 3707 mentis
3536 3652 3616 3707 di-

2029 3748 2216 3794 cturus
2233 3750 2353 3805 est;
2379 3741 2460 3794 sic
2481 3742 2625 3795 enim
2657 3750 2710 3795 et
2741 3756 2941 3812 corpus
2964 3743 3147 3800 colore
3180 3745 3466 3813 praeditum
3504 3745 3615 3799 dici

2029 3839 2240 3900 potest,
2272 3847 2385 3889 non
2408 3843 2590 3888 autem
2629 3850 2827 3905 corpus
2863 3836 3051 3902 color,
3090 3850 3267 3905 neque
3304 3837 3457 3893 color
3491 3851 3609 3892 cor-

2027 3941 2160 3996 pus;
2189 3927 2573 3995 praestantiora
2610 3929 2776 3997 igitur
2808 3943 2928 3997 quae
2971 3928 3259 3998 corporis,
3292 3943 3458 3999 quam
3490 3943 3617 3998 qua:

2028 4029 2156 4072 sunt
2189 4018 2399 4089 ﬁgurae.
2429 4018 2584 4087 Quod
2624 4023 2668 4075 si
2705 4021 2779 4074 ita
2802 4029 2905 4087 est,
2949 4032 3108 4092 typus
3147 4023 3395 4090 corporis
3442 4022 3618 4077 hono-

2030 4111 2200 4166 ratior
2245 4120 2329 4167 est
2381 4122 2507 4183 typo
2561 4112 2764 4183 ﬁgurae.

2102 4203 2246 4259 Crux
2289 4205 2514 4275 insuper
2539 4204 2605 4278 V)
2630 4205 2933 4276 simplicem
2971 4208 3373 4277 quodammodo
3407 4216 3463 4263 et
3492 4208 3620 4264 sine

2030 4294 2297 4350 varietate
2328 4297 2487 4371 nobis
2535 4300 2843 4367 passionem
2904 4310 3300 4369 repraesentat;
3333 4316 3363 4355 a
3397 4300 3620 4356 rusticis

2032 4403 2162 4442 vero
2209 4397 2264 4443 et
2304 4391 2614 4459 agrestibus
2638 4393 2722 4446 vix
2782 4393 3104 4462 intelligitur
3148 4408 3270 4448 esse
3310 4393 3618 4464 symbolum

336 4480 462 4549 ἱερὰ
493 4477 866 4549 μορφώματα,
891 4478 951 4531 οὐ
979 4478 1041 4531 τὸ
1072 4479 1243 4544 πάθος
1265 4480 1429 4551 μόνον
1464 4480 1803 4537 ποικίλλουσι
1830 4485 1920 4537 καὶ

2033 4481 2300 4550 passionis
2335 4500 2350 4536 ς
2381 4498 2553 4539 sacra!
2584 4500 2717 4540 vero
2747 4487 3009 4556 imagines
3047 4502 3155 4541 non
3191 4487 3364 4542 solum
3401 4485 3618 4555 passio-

333 4573 667 4643 λεπτότερον
697 4569 1126 4644 διαγράφουσιν,
1153 4572 1270 4626 ἀλλ’
1303 4573 1402 4646 ἤδη
1434 4575 1530 4629 καὶ
1554 4573 1623 4628 τὰ
1662 4574 1925 4645 θαύματα

336 4664 439 4718 καὶ
487 4663 552 4717 τὰ
605 4663 909 4733 τεράστια,
970 4662 1114 4736 ἅπερ
1158 4665 1187 4717 6
1233 4665 1475 4737 Χριστὸς
1531 4666 1925 4737 ἐξειργάσατο,

337 4754 681 4827 πλατύτερον
734 4755 829 4808 καὶ
881 4754 1221 4826 σαφέστερον
1276 4757 1410 4827 ἡμῖν
1467 4756 1925 4828 διασημαίνουσι·

327 4849 403 4905 τὰ
439 4850 627 4902 τοίνυν
681 4847 1011 4918 τρανότερον
1044 4848 1138 4901 καὶ
1181 4848 1539 4924 ἐκδηλότερον
1587 4851 1723 4921 ἡμῖν
1753 4850 1930 4907 ταῦτα

327 4941 751 5010 ὑποφαίνοντα,
816 4939 925 4993 τῶν
984 4939 1355 5013 ἀμυδρότερον
1409 4961 1527 5007 πως
1587 4945 1654 4998 τὰ
1690 4943 1923 4999 τοιαῦτα

328 5033 668 5107 δηλούντων,
722 5031 1029 5105 τιμιώτερα
1079 5033 1176 5087 καὶ
1224 5034 1612 5109 εὐσημότερα.ξ
1646 5036 1753 5107 ς’)
1795 5036 1923 5092 Ἔτι

331 5132 360 5184 6
411 5127 647 5200 σταυρὸς
705 5127 919 5189 πάθους
974 5124 1246 5197 σύμϐολόν
1294 5129 1453 5194 ἐστι,
1513 5128 1609 5181 καὶ
1653 5128 1748 5182 τὸν
1800 5127 1922 5199 τρό-

335 5239 439 5276 πον
505 5220 632 5276 καθ’
683 5219 743 5275 ὃν
806 5221 835 5273 ὁ
903 5218 1194 5283 πεπονθὼς
1264 5219 1327 5273 τὸ
1406 5220 1579 5284 πάθος
1636 5219 1943 5293 διήνεγκενο

338 5311 746 5367 ὑπαινισσεται·
778 5312 831 5365 τί
863 5311 973 5385 γὰρ
1001 5310 1190 5382 ἕτερον
1221 5310 1472 5383 βούλεται
1498 5312 1581 5377 τὸ,
1602 5308 1792 5381 *Αρον
1822 5312 1930 5368 τὸν

441 5466 488 5495 ⁸⁴
511 5465 675 5522 Hebr.
706 5481 806 5533 vn,
840 5465 892 5520 7.
966 5467 1013 5500 ⁸⁷
1041 5463 1233 5521 Matth.
1267 5481 1380 5533 im,
1403 5465 1495 5523 9.6.

411 5621 491 5693 (tl)
524 5620 725 5693 Decem
757 5621 873 5676 haec
903 5619 1196 5688 Nicephori
1230 5619 1683 5693 brevjacapimla
1713 5634 1780 5676 ex
1813 5621 1935 5693 alio!

333 5688 528 5746 codice
571 5704 673 5745 nos
715 5692 826 5757 jam
874 5693 1197 5759 pr0tulimus
1243 5690 1297 5744 in
1336 5688 1529 5760 Spicil.
1575 5688 1813 5760 Rom.t.
1844 5689 1914 5744 X.

332 5761 644 5829 αιτιοι-σιμή
680 5762 779 5815 huc
821 5763 1362 5830 prmcipuequartnm
1380 5759 1710 5829 capitulum,
1747 5759 1916 5814 fuisse

337 5852 364 5884 ιι
408 5835 717 5886 brcwaturc
757 5848 851 5885 seu
890 5832 1114 5886 librario
1164 5831 1217 5885 in
1252 5831 1441 5886 codice
1494 5831 1585 5886 illo
1614 5831 1917 5885 socortliter

1992 4576 1995 4579 ’
2031 4588 2153 4629 nem
2186 4574 2402 4647 variant
2431 4584 2487 4631 et
2518 4577 2772 4634 subtilius
2796 4579 3115 4635 describunt
3135 4623 3152 4649 ,
3179 4582 3274 4636 sed
3306 4581 3472 4637 etiam
3509 4582 3621 4637 mi-

2031 4666 2218 4723 racula
2259 4678 2317 4723 et
2346 4668 2618 4741 prodigia,
2657 4686 2782 4741 quae
2832 4671 3091 4729 Christus
3141 4673 3294 4740 fecit,
3347 4674 3510 4732 latius
3562 4687 3622 4731 et

2029 4758 2232 4816 clarius
2263 4760 2419 4816 nobis
2452 4763 2790 4833 exprimunt.
2815 4770 2947 4831 Qum
2997 4768 3165 4838 igitur
3190 4768 3535 4839 explanatius
3562 4781 3620 4824 et

2030 4851 2325 4909 dilucidius
2356 4853 2474 4927 haec
2510 4856 2669 4912 nobis
2704 4859 3039 4927 ostendunt,
3070 4861 3424 4919 honoratiora
3454 4874 3512 4919 et
3537 4862 3621 4918 si-

2032 4941 2415 5016 gniﬁcantiora
2441 4956 2590 5010 sunt.
2620 4963 2785 5019 quam
2806 4966 2930 5020 quae
2964 4954 3252 5011 obscurius
3282 4954 3400 5011 hac
3443 4955 3623 5011 decla-

2032 5044 2177 5092 rant.
2215 5035 2485 5094 Praaterea
2525 5039 2614 5110 VI)
2655 5057 2790 5099 crux
2823 5047 3093 5114 passionis
3143 5046 3454 5119 symbolum
3490 5059 3611 5111 est.

2027 5137 2082 5183 et
2111 5126 2329 5183 modum
2365 5143 2495 5199 quo,
2514 5132 2607 5202 qui
2632 5147 2827 5203 passus
2853 5145 2959 5205 est,
2991 5139 3300 5207 passionem
3331 5137 3614 5204 sustinuit.

2030 5220 2317 5290 mriigmate
2355 5221 2647 5294 signiﬁcat.
2690 5225 2829 5294 Quid
2856 5230 3002 5284 enim
3054 5230 3199 5286 aliud
3244 5231 3359 5286 vult
3407 5228 3619 5299 signiﬁ-

2033 5327 2162 5368 care
2213 5309 2344 5368 illud
2376 5330 2393 5369 :
2445 5313 2591 5371 Tolle
2642 5335 2850 5376 crucem
2888 5331 3036 5377 luant
3065 5333 3116 5378 et
3157 5339 3373 5396 sequere
3409 5338 3492 5379 tu
3521 5322 3569 5356 ⁸⁷
3605 5357 3623 5385 ο

2027 5622 2300 5705 vitiatum,
2335 5635 2486 5705 patet
2520 5631 2731 5705 cxipsa
2760 5630 2853 5685 Fr.
2891 5631 3143 5690 Turriani
3198 5635 3388 5693 Latina
3435 5639 3611 5699 inter.

2026 5699 2351 5766 pretatione,
2388 5699 2477 5766 qui
2512 5700 2702 5755 eodem
2737 5717 2838 5756 ms.
2874 5720 3008 5761 usus
3050 5705 3244 5763 funerat.
3272 5708 3411 5764 Sunt
3462 5714 3609 5766 enim

2026 5761 2318 5887 {anatino
2340 5761 2640 5839 ex'etnplari
2689 5772 2878 5827 eadem
2909 5790 3030 5844 qua:
3059 5778 3111 5831 in
3133 5761 3228 5833 illo
3257 5761 3444 5837 erat}.
3467 5761 3609 5837 Et};

2049 5848 2075 5885 a
2109 5849 2280 5887 Iones.

2049 5848 2280 5889 ³1101188.
