4050 6444
482 357 579 420 431

1509 347 1570 410 S.
1613 342 2033 406 NICEPHORI
2073 343 2580 402 I’ATRIARCIIJE

3648 349 3756 412 4'32

470 459 636 526 'qttaltt
668 455 819 509 illum
853 454 944 524 qui
969 453 1226 509 conhxn‘s
1254 461 1334 506 est
1367 453 1559 506 titamc
1597 451 1840 515 Domini,
1883 459 1936 503 ct
1968 466 2057 501 va-

2167 449 2430 516 σταυρόν
2469 465 2586 502 σου
2609 489 2622 512 ,
2672 451 2770 502 καὶ
2813 450 3128 506 ἀκολούθει
3159 471 3280 522 μοι,
3311 454 3344 524 ἦ
3376 453 3465 507 τὸν
3501 456 3757 530 καθηλω-

471 547 736 603 uitalibus
764 545 949 602 mundi
993 546 1242 600 nuntium
1277 545 1507 611 remisit,
1544 553 1791 613 paratum
1839 555 1960 595 esse
1991 541 2057 594 ad

464 638 655 692 omnia
719 647 944 708 propter
995 627 1236 692 amorem
1291 636 1409 705 ejus
1447 631 1804 690 sustinenda?
1839 631 1930 686 Sic
1967 631 2058 702 qui

468 731 526 783 in
560 743 729 785 carne
769 745 868 784 sua
923 731 1177 800 stigmata
1212 729 1416 783 Christi
1476 726 1724 792 ferebat,
1762 736 1810 779 et
1845 727 1897 778 in
1932 740 2060 795 pas-

474 822 626 876 sione
651 822 993 892 gloriabatur
1031 821 1281 891 inquiens
1317 839 1328 874 :
1371 819 1506 874 Mihi
1546 828 1724 872 autem
1759 819 1896 872 absit
1941 817 2058 888 glo-

469 913 608 967 riari
633 915 737 968 nisi
763 914 816 967 in
841 930 993 967 cruce
1021 912 1232 966 ﬂamini
1256 914 1421 965 nostri
1442 911 1570 965 Jesu
1604 909 1801 964 Christi
1833 911 1902 977 ⁵⁸,
1931 923 2058 964 cru-

493 1005 784 1060 'iﬁxionem
817 1005 996 1070 nobis,
1036 1005 1086 1057 id
1119 1017 1202 1057 est
1224 1005 1531 1074 passionem
1569 1002 1800 1067 Christi,
1828 1002 1913 1057 his
1939 1016 2062 1056 ver-

471 1097 558 1152 bis
593 1097 939 1166 depingebat.
971 1097 1154 1166 Imago
1176 1107 1356 1150 autem
1387 1105 1474 1150 est
1508 1097 1679 1167 ipsius
1700 1138 1714 1162 ,
1737 1099 1828 1166 qui
1870 1111 2061 1168 passus

469 1198 578 1248 est,
611 1202 867 1256 expressa
919 1187 1256 1252 simiiitudo‘;
1301 1202 1422 1257 qum
1481 1189 1701 1257 proprie
1747 1188 1920 1258 magis
1981 1188 2060 1241 di-

472 1278 742 1348 guiusque
792 1279 969 1347 ipsum
1003 1279 1163 1334 nobis
1193 1289 1570 1346 repraesentat,
1593 1294 1756 1346 quam
1778 1293 1838 1334 ea
1869 1279 2059 1345 ﬁgura,

473 1370 641 1440 .103
671 1385 790 1440 quae
825 1371 1097 1424 exteriora
1131 1381 1183 1423 ct
1215 1385 1337 1439 qua:
1367 1369 1647 1423 Christum
1701 1372 2062 1424 circumstant

468 1464 742 1534 designat.
789 1462 974 1534 Imago
1003 1463 1172 1532 igitur
1202 1478 1323 1532 qua:
1377 1463 1556 1534 ipsum
1584 1461 1865 1518 Christum
1905 1461 2061 1516 nobis

475 1556 743 1626 designat,
776 1555 991 1625 dignior
1015 1565 1097 1610 est
1125 1555 1406 1620 honorari,
1437 1571 1596 1625 quam
1633 1570 1769 1610 crux
1790 1568 1908 1624 quae
1939 1568 2062 1624 pas-

467 1649 646 1704 sionis
687 1649 902 1703 modum
954 1647 1110 1701 nobis
1136 1646 1495 1702 demonstrat.

525 1922 750 1978 Christi
821 1935 1018 1976 nomen
1075 1919 1183 1990 VII)
1233 1927 1492 1988 tanquam
1548 1919 1942 1989 homonymum
1993 1917 2060 1972 de

469 2014 672 2071 Christi
701 2015 939 2086 imagine
961 2013 1291 2082 praedicatur
1321 2031 1334 2066 :
1362 2012 1617 2067 Christus
1650 2011 1794 2066 enim
1832 2019 2062 2065 vocatur

475 2111 591 2179 ipsa
625 2109 826 2176 imago,
849 2107 990 2162 sicut
1021 2121 1116 2162 rex
1149 2115 1374 2160 vocatur
1405 2106 1518 2174 ipsa
1557 2105 1735 2173 imago
1763 2103 1906 2172 regis
1942 2121 1956 2158 :
1997 2102 2060 2155 de

477 2214 638 2254 cruce
660 2210 843 2254 autem
877 2198 1158 2269 praedicari
1185 2213 1291 2253 non
1327 2208 1524 2266 potest,
1560 2211 1719 2250 nemo
1754 2197 1898 2248 enim
1938 2207 2063 2246 cor-

475 2298 634 2349 datus
686 2307 909 2346 crucem
972 2290 1078 2345 ullo
1137 2291 1298 2346 modo
1356 2290 1649 2360 appellabit
1717 2288 1997 2342 Christum
2044 2305 2057 2342 :

474 2399 646 2454 quare
679 2385 822 2454 quod
851 2383 1142 2454 participat
1179 2383 1354 2452 ipsum
1395 2396 1614 2443 nomen,
1659 2383 1802 2436 sicut
1833 2380 2062 2450 partici-

474 2487 569 2548 pat
618 2477 844 2546 ﬁguram
883 2475 1173 2545 corporis,
1219 2475 1392 2542 magis
1444 2473 1770 2528 honoratum
1814 2483 1932 2539 est,
1973 2473 2063 2527 illo

475 2571 616 2636 quod
659 2568 790 2624 nihil
823 2568 1016 2623 horum
1049 2567 1342 2637 participat
1374 2583 1387 2619 :
1423 2569 1598 2635 imago
1631 2566 1796 2636 igitur
1825 2567 2062 2620 honora—

477 2665 584 2716 tior
607 2672 917 2732 est,quam
975 2659 1144 2730 ﬁgura
1199 2661 1402 2716 crucis.
1450 2658 1596 2728 VIII)
1625 2661 1799 2716 Causa
1845 2669 2065 2714 antece-

477 2758 557 2810 dit
578 2756 854 2819 cili-ctum,
883 2755 1264 2824 przecipueque
1286 2768 1454 2808 causa
1487 2754 1764 2809 etliciens:
1795 2755 1941 2824 quod
1969 2771 2062 2808 au-

478 2861 586 2902 tem
613 2849 922 2912 antecedit,
959 2849 1131 2916 magis
1163 2848 1489 2901 honoratum
1521 2855 1624 2914 est,
1659 2862 1821 2916 quant
1873 2848 1924 2902 id
1975 2847 2065 2902 cui

477 2943 772 2997 antecedit.
793 2940 938 3007 Quia
973 2941 1141 3011 igitur
1171 2955 1335 2994 causa
1367 2941 1555 3008 ﬁgura:
1583 2941 1760 2994 crucis
1779 2949 1861 2994 est
1887 2939 2066 3010 passio

478 3036 724 3103 corporis
753 3032 984 3095 Christi,
1038 3042 1094 3085 et
1152 3045 1351 3100 corpus
1399 3038 1484 3086 est
1539 3029 1858 3101 principalis
1898 3045 2066 3085 causa

479 3129 664 3193 ﬁgurae
697 3125 908 3189 crucis,
955 3125 1202 3193 sequitur
1239 3132 1299 3177 ut
1349 3123 1528 3193 imago
1559 3122 1804 3192 corporis
1831 3123 2064 3186 Christi,

2165 539 2327 610 μένον
2371 542 2448 612 τῷ
2486 542 2636 612 φόϐῳ
2671 542 2882 613 Κυρίου
2911 583 2924 606 ,
2963 545 3058 597 καὶ
3102 549 3217 609 τοῖς
3261 547 3355 598 τοῦ
3397 547 3605 617 κόσμου
3647 567 3759 620 μα-

2159 633 2337 697 ταίοις
2390 633 2829 705 ἀποταξάμενον,
2893 636 3140 710 εὐτρεπῆ
3196 635 3339 693 εἶναι
3406 643 3514 694 πᾶν
3572 642 3761 698 ὁτιοῦν

2162 725 2306 796 ὑπὲρ
2360 726 2460 798 τῆς
2493 729 2573 791 είς
2625 729 2790 782 αὑτὸν
2842 729 3139 800 ὑπομένειν
3189 732 3446 803 ἀγάπης;
3495 731 3642 788 οὕτω
3690 735 3758 806 δὴ

2161 820 2257 870 καὶ
2281 819 2311 872 ὁ
2339 820 2406 872 τὰ
2445 819 2722 890 στίγματα
2759 821 2852 876 τοῦ
2882 823 3126 894 Χριστοῦ
3160 827 3217 877 ὲν
3253 823 3320 898 τῇ
3355 825 3523 896 σαρκὶ
3547 826 3757 900 φέρων,

2162 913 2257 964 καὶ
2291 913 2433 983 μέγα
2456 913 2552 966 ἐπὶ
2584 913 2662 985 τῷ
2698 915 2862 970 πάθει
2892 917 3062 972 αὑτοῦ
3095 919 3335 990 φρονῶν,
3389 919 3760 992 ἐφιλοτιμεῖτο

2161 1004 2360 1073 λέγων·
2423 1007 2582 1076 Ἐμοὶ
2610 1007 2679 1061 δὲ
2707 1007 2792 1078 μὴ
2823 1009 3059 1077 γένοιτο
3103 1009 3464 1080 καυχᾶσθαι,
3497 1015 3550 1067 ει
3569 1013 3658 1084 μὴ
3688 1013 3762 1067 ἐν

2163 1096 2244 1162 τῷ
2269 1097 2512 1168 σταυρῷ
2538 1101 2645 1156 τοῦ
2668 1103 2891 1171 ιίιιρίου
2920 1103 3092 1174 ἡμῶν
3119 1105 3326 1173 Ἰησοῦ
3352 1107 3632 1174 Χριστοῦο
3656 1107 3760 1178 τὴν

2164 1192 2477 1262 σταύρωσιν
2535 1193 2669 1266 ἡμῖν
2701 1195 2792 1248 διὰ
2839 1196 3047 1251 τούτων
3100 1197 3458 1269 ὑπογράφων,
3515 1200 3633 1270 ἦτοι
3695 1201 3758 1252 τὸ

2164 1283 2404 1354 Χριστοῦ
2439 1286 2634 1349 πάθοςδ
2681 1287 2714 1357 ἡ
2761 1286 2818 1340 δὲ
2868 1285 3034 1341 εἰκὼν
3081 1288 3250 1342 αὐτοῦ
3299 1289 3395 1343 τοῦ
3449 1289 3759 1362 πάσχοντος

2163 1378 2562 1449 ἐκσφράγισμα
2589 1380 2686 1432 καὶ
2719 1380 2978 1450 ὁμοίωμά
3006 1381 3180 1448 ἐστιν,
3209 1382 3539 1454 οἰκειότερον
3567 1383 3625 1436 δὲ
3659 1384 3757 1437 καὶ

2164 1465 2620 1550 ἀξιολογώτερον,
2634 1471 2694 1522 το
2712 1471 2878 1524 αὐτόν
2897 1489 3018 1526 τινα
3032 1472 3360 1543 διαγράφον,
3379 1473 3412 1546 ἢ
3433 1473 3493 1526 τὸ
3509 1475 3576 1527 τά
3596 1473 3758 1538 ἐκτὸς

2163 1561 2262 1614 καὶ
2299 1561 2430 1630 περὶ
2473 1559 2638 1614 αὑτὸν
2671 1562 2993 1631 ὑποφαῖνον·
3029 1563 3432 1634 ἁξιο).ογωτέρα
3461 1562 3570 1634 ἄρα
3607 1565 3641 1634 ἡ
3673 1566 3755 1616 εἰ·

2165 1653 2300 1718 κὼν,
2337 1653 2412 1716 ὡς
2443 1653 2535 1707 τὸν
2567 1655 2804 1728 Χριστὸν
2829 1655 2995 1708 αὐτὸν
3040 1656 3172 1726 ἡμῖν
3219 1655 3626 1726 ἐμφανίζουσα,
3656 1655 3756 1709 τοῦ

2166 1747 2408 1818 σταυροῦ
2463 1747 2555 1802 τὸν
2608 1749 2810 1819 τρόπον
2881 1747 2976 1801 τοῦ
3035 1747 3242 1812 πάθους
3300 1749 3432 1820 ἡμῖν
3489 1744 3757 1820 παραδει-

2087 1827 2128 1881 Ῑῖ
2159 1838 2406 1904 κνύντος.

2237 1933 2310 1988 Τὸ
2357 1935 2599 2007 Χριστος
2655 1929 2834 2006 ὄνομα
2871 1937 2948 2008 Z')
2997 1935 3306 2007 ὁμωνύμως
3340 1937 3436 1990 καὶ
3484 1935 3628 1991 κατὰ
3653 1937 3755 2008 τῆς

2163 2027 2374 2092 εἰκόνος
2415 2015 2718 2082 αὐτοῦτοῦ
2769 2027 3011 2099 Χριστοῦ
3043 2032 3458 2101 κατηγορεῖται·
3511 2029 3754 2100 Χριστὸς

2161 2119 2267 2189 γὰρ
2303 2121 2398 2172 καὶ
2429 2121 2566 2192 αὐτὴ
2599 2120 2820 2190 λέγεται
2849 2137 2860 2152 ·
2895 2120 3084 2193 ὥσπερ
3131 2123 3227 2176 καὶ
3254 2122 3547 2200 βασιλεὺς,
3587 2123 3622 2192 ή
3655 2119 3750 2174 τοῦ

2166 2211 2440 2280 βασιλέως
2483 2213 2670 2267 εἰκών·
2717 2213 2861 2270 κατὰ
2897 2213 2990 2268 τοῦ
3045 2214 3282 2285 σταυροῦ
3334 2207 3392 2268 δὲ
3422 2197 3754 2284 κατήγορεῖ-

2167 2305 2289 2360 σθαι
2327 2305 2489 2359 τοῦτο
2518 2306 2782 2361 ἀδύνατον
2806 2325 2818 2336 ·
2855 2307 3036 2370 οὐδεὶς
3070 2307 3180 2379 γὰρ
3220 2306 3287 2361 ἂν
3330 2305 3464 2378 φαίη
3496 2305 3606 2360 τῶν
3643 2323 3750 2360 σω-

2165 2397 2531 2467 φρονούντων,
2575 2401 2817 2469 Χριστὸν
2851 2399 2944 2453 τὸν
2995 2399 3230 2472 σταυρὸν
3263 2398 3448 2452 οὐδενὶ
3480 2397 3688 2470 τρόπῳο
3720 2391 3750 2452 θ

2162 2490 2342 2542 τοίνυν
2387 2493 2447 2544 ὲν
2481 2491 2697 2562 μεθέξει
2728 2493 2821 2546 καὶ
2853 2492 3019 2546 αὐτοῦ
3066 2491 3160 2547 τοῦ
3207 2493 3474 2564 ὀνόματος
3521 2491 3744 2561 γέγονε,

2165 2582 2417 2654 καθάπερ
2470 2585 2568 2656 ἤδη
2619 2586 2713 2638 καὶ
2758 2585 2837 2656 τῷ
2870 2584 2964 2639 τοῦ
2999 2585 3252 2654 σώματος
3298 2583 3453 2655 τύπῳ
3487 2583 3746 2637 κεκοινώ·

2165 2693 2320 2745 νηκε,
2349 2677 2442 2730 τοῦ
2470 2678 2698 2749 μηδενὸς
2717 2677 2924 2732 τούτων
2951 2677 3316 2750 μετασχόντος
3337 2675 3686 2749 τιμιώτερον·
3713 2677 3746 2746 ῄ

2165 2766 2326 2820 εἰκὼν
2365 2767 2476 2838 ἄρα
2505 2769 2598 2820 τοῦ
2651 2766 2826 2822 τύπου
2879 2769 2972 2822 τοῦ
3017 2767 3258 2839 σταυροῦ
3292 2766 3619 2838 τιμιωτέρα.
3663 2763 3748 2834 H')

2165 2859 2239 2912 Τὸ
2289 2861 2464 2913 αἴτιον
2495 2859 2590 2913 τοῦ
2629 2859 2876 2914 αἰτιατοῦ
2917 2863 3242 2934 προηγεῖται
3269 2877 3280 2892 ’
3316 2862 3413 2916 καὶ
3457 2859 3662 2932 μᾶλλον
3689 2859 3750 2914 τὺ

2166 2950 2452 3020 ποιητικὸν
2478 2950 2670 3005 αίτιοψ
2701 2951 2763 3005 τὸ
2801 2951 2858 3004 δὲ
2889 2952 3307 3024 προηγούμενόν
3348 2969 3518 3017 τινος,
3555 2947 3750 3020 τιμιώο

2164 3049 2323 3114 τερον
2355 3035 2416 3096 οῦ
2447 3045 2793 3123 προηγεῖται·
2824 3044 2948 3096 ἐπεὶ
2984 3039 3078 3096 οὖν
3109 3043 3281 3097 αἴτιον
3307 3043 3402 3096 τοῦ
3439 3041 3612 3096 τύπου
3653 3032 3749 3096 τοῦ

2205 3135 2427 3208 ταυροῦ,
2456 3137 2517 3190 τὺ
2544 3136 2718 3200 πάθος
2744 3135 2839 3190 τοῦ
2891 3133 3145 3208 σώματος
3175 3134 3268 3190 τοῦ
3321 3135 3563 3206 Χριστοῦ
3585 3177 3600 3203 ,
3646 3129 3741 3185 καί

480 3231 737 3288 tanquam
771 3233 938 3272 causa
990 3216 1232 3272 cﬁieiens
1280 3215 1466 3286 ﬁgura:
1504 3217 1708 3283 crucis,
1749 3217 2061 3272 honoratior

2169 3226 2652 3298 προκαταρκτικὸν
2681 3225 2742 3278 τὸ
2779 3224 2936 3297 σῶμα
2975 3223 3068 3279 τοῦ
3117 3225 3326 3292 τύπου,
3371 3225 3465 3278 καὶ
3509 3227 3540 3296 ἡ
3589 3224 3752 3280 εἰκὼν

475 3315 764 3369 habeatur.
827 3311 918 3381 IX)
964 3310 1097 3366 Item
1155 3310 1300 3378 quod
1356 3307 1588 3378 alicujus
1639 3325 1804 3364 causa
1859 3310 2063 3366 factum

475 3413 580 3470 est,
617 3401 848 3457 inferius
895 3412 978 3456 est
1013 3415 1078 3455 eo
1103 3441 1118 3466 ,
1146 3409 1369 3472 propter
1410 3401 1556 3469 quod
1610 3398 1815 3454 factum
1854 3411 1956 3457 est.
2001 3400 2064 3455 Si

476 3496 645 3567 igitur
669 3509 802 3548 crux
839 3502 1065 3564 propter
1111 3507 1312 3563 corpus
1363 3490 1580 3546 Domini
1633 3491 1779 3544 facta
1817 3501 1921 3567 est,
1958 3507 2060 3546 nec

479 3566 636 3643 cresse
663 3598 748 3642 est
775 3595 833 3640 ut
863 3585 1029 3640 etiam
1065 3585 1118 3638 in
1146 3587 1338 3639 horum
1368 3583 1556 3654 ﬁguris
1576 3582 1864 3638 inferiores
1882 3566 2064 3654 partes

477 3680 618 3733 ferat
645 3678 817 3746 ﬁgura
854 3678 1056 3732 crucis.
1099 3676 1239 3729 Nam
1263 3691 1496 3746 quorum
1526 3676 1908 3731 antecedentia
1957 3679 2064 3728 mi-

476 3783 609 3825 nora
643 3779 814 3836 sunt,
851 3769 965 3840 ipsa
1004 3781 1225 3838 quoque
1260 3767 1473 3821 minora
1525 3775 1673 3821 sunt.
1708 3765 2065 3822 Demonstra-

487 3873 602 3918 tu-m
635 3861 802 3932 igitur
842 3871 935 3916 est
976 3860 1226 3931 pluribus
1270 3859 1609 3924 rationibus,
1650 3860 1814 3929 quod,
1847 3859 2064 3914 etiamsi

478 3968 616 4010 crux
654 3953 872 4010 viviﬁca
897 3955 949 4008 in
979 3955 1188 4008 honore
1212 3952 1415 4021 alioqui
1450 3951 1737 4018 habeatur,
1773 3953 1952 4022 imago
1985 3963 2065 4006 ta-

477 4061 602 4100 men
635 4043 864 4106 Christi,
904 4055 962 4100 ut
991 4043 1370 4114 superioribus
1395 4043 1732 4112 argumentis
1753 4043 2065 4098 confectum

476 4153 584 4210 est,
636 4141 959 4198 honoratior
1009 4151 1093 4196 est
1126 4161 1138 4196 :
1171 4154 1342 4210 quare
1379 4139 1472 4210 qui
1515 4153 1734 4194 crucem
1795 4139 2064 4192 honorare

477 4235 796 4306 proﬁtetur,
861 4233 1077 4289 Domini
1110 4248 1329 4304 quoque
1383 4233 1675 4302 imaginem
1721 4231 2062 4287 honorabit:

475 4328 560 4382 sin
585 4335 718 4385 Vero
751 4329 892 4382 hanc
926 4343 1032 4383 non
1085 4329 1339 4391 honorat,
1369 4325 1536 4380 multo
1566 4326 1746 4381 minus
1789 4325 1938 4379 illum
1973 4324 2065 4379 ho-

476 4421 712 4476 ttorabit.

547 4609 864 4673 Postremo,
905 4609 974 4679 Χ)
1031 4609 1278 4666 videmus
1313 4607 1498 4664 multis
1554 4608 1606 4662 in
1658 4607 1792 4664 locis
1840 4606 2062 4663 cruciﬁ-

476 4701 696 4756 xionem
725 4701 930 4756 Christi
953 4703 1008 4754 in
1043 4701 1282 4771 imagine
1311 4700 1538 4770 pictam,
1565 4708 1618 4756 et
1643 4707 1701 4754 ut
1733 4699 2062 4754 convenien-

479 4791 551 4845 tia
577 4792 654 4846 rei
685 4793 883 4860 poscit,
917 4806 1038 4860 quae
1077 4792 1170 4846 iIlo
1205 4791 1418 4851 scilicet
1446 4789 1606 4846 modo
1641 4799 1762 4845 acta
1796 4790 1900 4846 fuit
1934 4809 1948 4844 :
1979 4793 2062 4846 vi-

478 4886 669 4940 demus
705 4884 978 4938 Christum
1021 4886 1292 4954 pendcrc,
1348 4897 1654 4954 manusque
1698 4893 1954 4939 extensae
1997 4900 2062 4939 ac

476 4975 647 5033 clavis
673 4977 939 5042 conﬁxus,
975 4977 1172 5046 quibus
1203 4976 1461 5031 salutaris
1501 4975 1680 5044 passio
1711 4974 1912 5030 Christi
1937 4991 2060 5030 om-

476 5069 638 5124 nibus
689 5068 966 5122 miraculis
1018 5067 1430 5132 admirabilior,
1481 5076 1536 5120 et
1584 5067 1819 5132 caeteris,
1862 5067 2061 5138 quibus

476 5161 612 5216 salvi
662 5159 792 5215 facti
832 5175 1020 5214 sumus
1050 5199 1066 5226 ,
1133 5158 1484 5229 principalior
1529 5159 1686 5212 nobis
1727 5157 2056 5229 depingitur.

477 5255 618 5320 Quid
654 5255 819 5324 igitur
859 5253 1068 5309 inimici
1105 5253 1288 5308 crucis
1320 5251 1520 5307 Christi
1559 5253 1648 5307 hic
1683 5251 1925 5308 facient?
1957 5252 2062 5307 Ne-

476 5360 630 5400 cesse
652 5358 738 5401 est
764 5346 997 5400 alterum
1023 5361 1088 5400 ex
1137 5345 1350 5400 duobus
1389 5343 1571 5400 facere
1605 5361 1618 5398 :
1649 5354 1742 5398 aut
1770 5346 2062 5399 adorantes

475 5450 730 5502 crucem,
774 5437 1065 5506 imaginem
1122 5452 1338 5506 quoque
1395 5429 1666 5504 adorare,
1714 5436 1815 5491 nisi
1875 5437 2064 5491 malint

477 5523 730 5580 frustrari
799 5527 1196 5596 professionem
1262 5543 1417 5582 suam
1477 5546 1490 5583 :
1550 5538 1646 5581 aut
1706 5529 2063 5584 demolientes

479 5614 791 5684 Imaginem,
834 5619 996 5674 simul
1029 5634 1247 5676 crucem
1279 5621 1543 5676 demoliri.
1583 5621 1682 5688 Qui
1732 5631 1910 5676 autem
1971 5638 2061 5677 εει·

548 5764 598 5805 ⁸⁸
625 5765 807 5828 Galat.
867 5787 944 5838 νι,
976 5773 1064 5826 I4.

2166 3323 2278 3392 ἄρα
2306 3319 2402 3374 τοῦ
2434 3320 2683 3390 σώματος
2717 3317 2812 3372 τοῦ
2843 3317 3106 3388 Χριστοῦ,
3144 3317 3218 3382 ὼς
3247 3317 3531 3388 ποιητικὸν
3556 3317 3749 3382 αἴτιον,

2165 3413 2261 3466 τοῦ
2293 3411 2468 3465 τύπου
2503 3410 2597 3464 τοῦ
2630 3411 2868 3481 σταυροῦ
2918 3410 3240 3480 τιμιωτέρα.
3274 3409 3354 3478 (θ’)
3386 3409 3509 3463 Ἔτι
3539 3409 3566 3462 ὃ
3611 3425 3752 3472 τινος

2166 3502 2353 3558 ἕνεκεν
2381 3505 2630 3572 γέγονεν,
2664 3501 2887 3556 ἔλαττόν
2917 3501 3068 3554 ἐστιν
3098 3501 3312 3554 ἐκείνου
3347 3499 3444 3554 τοῦ
3484 3497 3550 3554 δι*
3581 3496 3609 3553 ὅ
3660 3495 3752 3570 γέ-

2165 3607 2344 3666 γονεν⁸
2377 3597 2428 3650 εἰ
2459 3595 2642 3649 τοίνυν
2690 3595 2719 3648 ὁ
2752 3594 2986 3666 σταυρὸς
3015 3592 3108 3647 τοῦ
3162 3591 3448 3664 Κυριακοῦ
3500 3593 3752 3664 σώματος

2165 3687 2376 3751 ἕνεκεν,
2408 3684 2752 3754 ἀνάγκηκαὶ
2782 3685 2840 3738 ὲν
2871 3685 2987 3746 τοῖς
3015 3681 3224 3736 τούτων
3253 3681 3469 3750 τύποις,
3503 3683 3564 3737 τὸ
3597 3683 3752 3737 ἔλατ-

2165 3787 2256 3831 τον
2279 3776 2371 3830 τὸν
2401 3774 2575 3830 τύπον
2603 3773 2700 3828 τοῦ
2730 3773 2966 3846 σταυροῦ
3001 3773 3400 3845 ἀποφέρεσθαι·
3433 3767 3508 3828 ὧν
3543 3774 3654 3846 γὰρ
3683 3773 3752 3826 τὰ

2167 3868 2569 3940 προηγούμενα
2598 3867 2894 3933 ἐλάττονα,
2942 3866 3037 3920 καὶ
3090 3863 3229 3918 αὐτὰ
3259 3864 3539 3920 ἐλάττονα·
3585 3865 3752 3918 δέδει-

2166 3965 2294 4017 κται
2326 3958 2420 4016 οῦν
2459 3961 2549 4014 διὰ
2577 3960 2862 4022 πλειόνων,
2891 3959 2968 4022 ὡς
2993 3959 3088 4012 καὶ
3114 3959 3281 4014 αὑτοῦ
3319 3957 3413 4012 τοῦ
3443 3959 3618 4013 τύπου
3653 3958 3748 4012 τοῦ

2166 4055 2432 4122 ζωοποιοῦ
2468 4053 2701 4126 σταυροῦ
2733 4052 2916 4124 τιμίου
2964 4051 3118 4115 ὄντος
3151 4051 3284 4124 παρ’
3313 4053 3466 4124 ἡμῖν,
3519 4053 3552 4122 ή
3583 4051 3748 4105 εἰκὼν

2165 4149 2260 4204 τοῦ
2311 4145 2584 4222 Χριστοῦ,
2635 4145 2778 4200 κατά
2814 4146 2913 4216 τὴν
2958 4143 3070 4198 τῶν
3119 4143 3528 4216 ἀποδεδομένων
3575 4143 3748 4213 λόγων

2165 4240 2494 4297 ἀκολουθίαν
2540 4257 2599 4294 τε
2644 4242 2740 4294 καὶ
2788 4237 3064 4304 ἐξέτασιν,
3125 4238 3432 4310 τιμιωτέρα
3487 4237 3745 4309 ὑπάρχει·

2165 4332 2194 4386 ὁ
2227 4333 2410 4386 τοίνυν
2437 4331 2529 4385 τὸν
2559 4332 2972 4405 σταυρδντιμᾷν
2987 4329 3458 4400 ἐπαγγελλόμενος
3477 4369 3493 4394 ,
3528 4329 3750 4400 τιμήσει

2166 4423 2276 4495 ἄρα
2311 4424 2405 4477 καὶ
2442 4421 2538 4476 τοῦ
2571 4422 2779 4495 Κυρίου
2829 4421 2928 4491 τὴν
2968 4421 3186 4475 εἰκόναο
3235 4421 3285 4474 εί
3329 4419 3386 4474 δὲ
3430 4418 3640 4492 ταύτην
3691 4420 3752 4472 οὺ

2165 4519 2324 4588 τιμᾷ,
2361 4515 2484 4570 οὐδὲ
2509 4517 2718 4570 ἐκεῖνον
2747 4515 2946 4568 πολλοῦ
2979 4531 3042 4584 γε
3085 4513 3178 4567 καὶ
3205 4513 3304 4569 δεῖ.

2243 4607 2378 4663 Εἶτα
2406 4608 2473 4680 I')
2505 4607 2723 4680 ὁρῶμεν
2761 4609 2818 4660 ἐν
2846 4607 3056 4660 πλείοσι
3079 4607 3266 4668 τόποις
3301 4605 3400 4677 τὴν
3426 4603 3521 4659 τοῦ
3545 4601 3747 4675 Κυρίου

2173 4698 2488 4770 σταύρωσιν
2540 4699 2600 4750 ὲν
2649 4699 2820 4751 εἰκόνι
2864 4696 3376 4767 διαγεγραμμένην,
3429 4697 3521 4749 καὶ
3565 4695 3642 4758 ὡς
3693 4693 3752 4747 τὸ

2170 4787 2320 4852 εἰκὸς
2359 4786 2494 4859 ἔχει,
2519 4785 2785 4856 ἀνάλογον
2811 4787 2888 4859 τῷ
2919 4786 3012 4841 τοῦ
3039 4789 3369 4858 πράγματος
3403 4786 3528 4840 καθ’
3561 4785 3621 4841 ὃν
3660 4785 3749 4838 πιξ⁴

2173 4893 2416 4952 πρακται
2443 4881 2652 4951 τρόπῳ,
2686 4879 2962 4950 ἐκκρεμὲς
2987 4897 3048 4932 τε
3083 4879 3144 4932 τδ
3169 4879 3351 4950 σῶμα,
3393 4879 3485 4933 καὶ
3513 4878 3611 4943 τὰς
3642 4874 3747 4950 χεῖ·

2171 4990 2273 5044 ρας
2296 4973 2718 5046 διαπλουμένας,
2745 4973 2843 5026 καὶ
2871 4974 2984 5037 τοῖς
3013 4973 3163 5043 ἥλοις
3193 4972 3752 5044 διαπεπερονημένας·

2169 5069 2260 5136 ὑφ’
2293 5063 2369 5120 ὧν
2395 5067 2456 5120 τὸ
2491 5067 2714 5122 πάντων
2767 5065 3093 5136 θαυμασίων
3133 5065 3611 5136 θαυμασιώτερον,
3664 5063 3756 5116 καὶ

2167 5159 2278 5213 τῶν
2318 5159 2386 5213 δι’
2425 5153 2501 5214 ὧν
2541 5159 2872 5230 σεσὼσμεθα
2903 5158 2965 5212 τὸ
2999 5157 3387 5232 καιριώτατον,
3423 5155 3594 5219 πάθος
3627 5157 3756 5227 ἡμῖν

2168 5251 2260 5305 τοῦ
2294 5250 2535 5323 Χριστοῦ
2571 5251 2630 5304 τὸ
2667 5251 2935 5322 σωτήριον
2971 5249 3372 5320 ὑπογράφεται·
3415 5250 3467 5301 τί
3499 5243 3590 5301 οὖν
3622 5245 3757 5317 προς

2167 5343 2328 5398 τοῦτο
2353 5345 2400 5397 oi
2434 5343 2624 5415 ἐχθροὶ
2655 5342 2766 5396 τοῦ
2793 5339 3028 5412 σταυροῦ
3068 5341 3163 5394 τοῦ
3193 5339 3431 5412 Χριστοῦ
3467 5339 3758 5412 δράσειαν,

2167 5435 2384 5505 ἀνάγκη
2413 5435 2560 5489 δυοῖν
2592 5433 2656 5488 τὸ
2681 5435 2890 5505 ’ἑτερο-ν
2929 5435 2962 5506 ἢ
2996 5431 3443 5506 προσκυνοῦντας
3475 5433 3566 5486 τὸν
3597 5443 3760 5484 σταυ-

2172 5529 2285 5598 ρὸν.
2341 5527 2438 5582 καὶ
2474 5528 2572 5598 τὴν
2633 5527 2821 5581 εἰκόνα
2878 5529 3414 5598 συμπροσκυνῆσαι,
3467 5523 3627 5593 εἴπερ
3683 5519 3760 5592 μὴ

2173 5622 2358 5693 μέλλοι
2397 5621 2468 5676 τὰ
2509 5625 2609 5693 τῆς
2657 5621 2993 5694 ἐπαγγελίας
3053 5617 3234 5675 αὐτῶν
3281 5613 3689 5672 διαπεσεῖσθαι·
3726 5613 3760 5686 ἢ
