4050 6424
361 385 463 450 437

1061 390 1406 450 ANTIRBH
1418 390 1684 468 ETICUS
1727 388 1821 448 Ill
1859 388 1956 446 AD

2071 384 2664 446 CONS’I‘ANTINUM
2705 387 2918 448 COPR.

3527 383 3643 447 438‘

360 499 456 553 ἐπὶ
483 497 583 570 τὴν
628 497 778 571 ἱερὰν
808 499 916 552 τῶν
957 501 1306 569 Εύαγγελίων
1339 502 1688 574 συγγραφὴν,
1721 503 1796 564 ὡς
1828 501 1946 554 δαι-

2061 514 2152 554 cru
2193 514 2312 570 qua:
2343 501 2648 560 dzenionum
2699 501 3082 557 nommllorum
3142 503 3478 571 aliorumque
3521 501 3621 554 im-

363 591 544 663 μόνων
572 592 636 664 δή
684 609 846 647 τινων
880 594 974 647 καὶ
1003 594 1182 648 ἄλλων
1216 595 1469 664 πονηρῶν
1501 596 1724 671 μνήμην
1761 593 1947 662 εἰσφέ-

361 701 565 753 ρουσαν
595 683 1002 750 αἰτιασόμενοι·
1041 685 1154 738 ἀλλ’
1189 685 1250 738 ού
1299 685 1366 738 δι’
1407 687 1595 738 ἐκεῖνα
1624 683 1818 743 ταῦτα,
1864 681 1953 734 διὰ

360 777 418 829 δὲ
445 775 537 829 τὸν
565 775 1136 847 θαυματουργήσαντα
1163 777 1258 831 καὶ
1284 777 1641 830 ἀπελάσαντα
1665 775 1948 844 δαίμονας,

365 869 463 922 καὶ
525 867 719 930 νόσους
789 869 1106 939 καθάραντα
1161 869 1448 940 προδήλως
1533 868 1947 937 συνενήνεκται.

368 959 498 1014 Οὐδὲ
538 959 616 1029 τῷ
649 959 970 1030 Εὐαγγελίῳ
1005 959 1668 1032 συμπροσκυνηθὴσεται·
1709 957 1806 1011 καὶ
1845 957 1952 1026 γὰρ

366 1054 398 1120 ἠ
429 1051 552 1121 παρ’
580 1050 739 1121 ήμῶν
772 1051 1176 1124 προσκύνησις,
1211 1055 1258 1106 ει
1298 1053 1392 1106 καὶ
1422 1050 1701 1122 αἰσθητῶς
1739 1049 1951 1117 γίνεται

363 1142 503 1213 πρὸς
533 1143 770 1213 αἰσθητά
805 1161 867 1211 γε
898 1143 1028 1196 ὄντα
1055 1145 1122 1197 τὰ
1151 1143 1304 1212 ἅγια,
1337 1143 1454 1198 ἀλλ’
1485 1143 1670 1210 οὒνιγε
1700 1137 1951 1193 ἐντεῦθεν

359 1237 482 1298 ταῖς
522 1237 734 1305 νοεραῖς
777 1237 1114 1306 ἐνεργείαις,
1167 1237 1260 1289 ἐπὶ
1289 1237 1381 1290 τὸν
1429 1235 1637 1290 τούτων
1680 1233 1853 1286 αἴτιον
1891 1231 1951 1281 τὸ

361 1327 528 1389 σέϐας
551 1327 888 1398 ἁνάπτομεν,
911 1329 1005 1382 καὶ
1031 1346 1094 1382 συ
1103 1328 1379 1398 μόολικῶς
1406 1327 1580 1382 ταῦτα
1597 1327 1948 1392 ἐπιτελεῖταιο

362 1419 596 1490 ἐπείπερ
623 1420 658 1490 ἦ
701 1437 765 1488 γε
829 1405 1207 1492 προσκύνησις
1237 1419 1394 1494 ἡμῶν
1431 1421 1525 1473 καὶ
1557 1421 1590 1491 ή
1623 1419 1850 1486 λατρεία
1893 1421 1951 1474 ἐν

365 1510 639 1581 πνεύματι
665 1514 759 1566 καὶ
787 1513 1043 1586 ἀληθείᾳ,
1065 1513 1209 1568 κατὰ
1231 1513 1322 1566 τὸν
1352 1512 1447 1566 τοῦ
1480 1513 1734 1583 Σωτῆρος
1765 1511 1948 1578 λόγον,

361 1605 570 1675 κυρίως
601 1607 694 1659 καὶ
729 1607 946 1677 ἀληθῶς
982 1609 1129 1660 ἐστιν
1152 1623 1164 1634 ·
1199 1607 1362 1676 ἡμεῖς
1397 1605 1508 1676 γὰρ
1537 1605 1564 1658 ὂ
1595 1601 1950 1674 προσκυνοῦ-

361 1713 489 1763 μεν,
527 1694 773 1766 οἴξαμεψ
807 1697 964 1750 αὐτοὶ
1006 1697 1063 1750 δὲ
1099 1697 1129 1750 ὃ
1155 1695 1570 1768 προσκυνοῦμεν
1596 1736 1612 1762 ,
1645 1695 1748 1747 οὐκ
1777 1694 1946 1756 ἴσασι,

359 1785 436 1857 τῷ
480 1788 556 1858 μὴ
586 1788 794 1843 εἰδέναι
822 1788 1024 1852 αὐτοὺς
1051 1791 1148 1860 τῆς
1186 1789 1338 1851 θείας
1366 1785 1683 1858 οἰκονομίας
1710 1784 1770 1839 ea
1804 1783 1948 1853 μέγα

364 1897 438 1950 μυ
449 1883 579 1952 στήρ
588 1898 684 1934 ιον.

437 1970 542 2044 λη’.
576 1973 697 2026 Ἔτι
725 1973 890 2043 φασὶν
911 2013 928 2039 ,
979 1975 1064 2026 ὅτι
1111 1992 1128 2024 ι
1168 1973 1282 2044 Πρὸ
1321 1972 1418 2044 μὲν
1447 1971 1541 2025 τοῦ
1578 1972 1782 2034 πάθους
1815 1971 1950 2040 Χρι-

367 2065 497 2118 στοῦ
524 2067 620 2120 καὶ
654 2067 753 2134 τῆς
790 2065 1165 2130 ἀναστάσεως,
1200 2065 1436 2136 Χριστὸν
1470 2063 1864 2134 περιγράφεις·
1899 2061 1950 2114 τί

367 2153 412 2206 δ’
444 2153 508 2206 ἂν
539 2154 709 2217 εἴποις
741 2155 882 2224 μετά
909 2154 1010 2224 τὴν
1033 2153 1330 2208 ἀνάστασιν
1355 2169 1370 2218 ;
1404 2152 1595 2222 ἐπειδὴ
1620 2153 1720 2204 οὐκ
1750 2151 1808 2202 ἐν
1838 2151 1950 2213 τοῖς

372 2243 559 2306 αὐτοῖς
586 2245 650 2297 τὰ
683 2243 1003 2315 πράγματα·
1035 2244 1316 2313 ἄφθαρτον
1345 2244 1453 2314 γὰρ
1478 2243 1668 2296 λοιπὸν
1702 2243 1760 2294 τὺ
1792 2242 1951 2310 σῶμα

369 2335 626 2406 Χριστοῦ,
652 2335 743 2388 καὶ
773 2327 870 2405 τὴν
902 2335 1206 2390 ἀθανασίαν
1243 2335 1698 2406 κληρωσάμενονο
1730 2331 1832 2385 ποῦ
1859 2328 1952 2386 οὗν

368 2444 452 2480 σοι
484 2427 553 2482 τά
598 2429 697 2498 τῆς
745 2427 1098 2498 περιγραφῆς
1153 2429 1468 2498 χωρήσειε;
1503 2427 1598 2478 καὶ
1644 2424 1760 2488 πῶς
1797 2441 1952 2494 περι-

363 2519 713 2590 γραφήσεται
743 2519 804 2572 ab
839 2519 1244 2590 κεκλεισμένων
1283 2519 1392 2572 τῶν
1431 2517 1610 2590 θυρῶν
1643 2517 1780 2586 προς
1830 2517 1954 2578 τοὺς

365 2609 621 2682 μαθητὰς
651 2612 846 2678 είσιὸν,
887 2613 984 2666 καὶ
1019 2611 1210 2682 μηδενὶ
1244 2610 1530 2681 κωλύματι
1561 2607 1952 2681 περιειργόμεο

360 2719 484 2770 νον;
525 2722 545 2756 ι
581 2705 713 2768 Ταῖς
747 2703 1080 2776 τολμηρίαις
1109 2704 1216 2774 γάρ
1247 2703 1356 2758 τῶν
1380 2701 1634 2772 Δοκητῶν
1659 2699 1954 2771 ἀναισχύν-

361 2809 474 2856 τως
517 2793 780 2864 ἑπόμενοι
814 2834 830 2860 ,
868 2795 1005 2864 μηδὲ
1036 2792 1354 2864 ἐφάψασθαι
1389 2793 1549 2864 χερσὶ
1579 2793 1669 2864 rev
1705 2791 1955 2862 μαθητὴν

362 2885 463 2956 τῆς
491 2886 642 2950 θείας
674 2887 919 2958 πλευρᾶς
953 2885 1334 2955 κενολογοῦσι·
1371 2883 1734 2940 κελευσθέντα
1767 2883 1824 2936 δὲ
1857 2881 1956 2953 μότ

364 2997 457 3036 νον
483 2980 638 3050 παρά
667 2979 759 3033 τοῦ
806 2979 1064 3050 Σωτῆρος
1095 2978 1170 3050 μὴ
1205 2979 1272 3047 μέ
1285 2995 1388 3032 »τοι
1414 2977 1510 3030 καὶ
1531 2977 1592 3029 τὸ
1615 2974 1956 3048 προσταχθὲν

364 3074 445 3134 εἰς
473 3072 638 3143 ἔργον
665 3071 1032 3140 ἐξενέγκαντα
1052 3089 1066 3100 ’
1093 3071 1190 3125 καὶ
1219 3071 1307 3124 διὰ
1333 3070 1505 3124 ταῦτα
1542 3071 1679 3141 μήτε
1722 3067 1954 3138 ὀφθῆναι

2059 591 2352 659 proborum
2413 591 2580 646 faciat
2633 593 2986 648 mentionem.
3039 595 3203 664 Atqui
3257 611 3358 647 non
3410 605 3634 664 propter

2057 683 2355 748 dtctuones,
2395 683 2490 736 sed
2549 692 2770 752 propter
2806 683 3065 738 miracula
3121 693 3428 753 pati-antem
3471 683 3632 738 Gltri-

2057 781 2199 824 stum
2237 772 2620 842 dannonesque
2663 773 3050 842 expellente-tn,
3103 785 3156 828 et
3189 776 3409 829 morbos
3430 790 3633 831 sanan-

2059 871 2187 929 tcm,
2215 863 2336 918 sine
2376 864 2540 920 dubio
2587 865 2858 934 scriptura
2891 866 2980 919 illa
3023 875 3245 921 exarata
3295 865 3420 920 fuit.
3448 865 3634 934 Neque

2057 967 2252 1022 reapse
2289 954 2644 1024 Evangelinm
2678 972 2783 1012 una
2807 957 3164 1012 adorabitur:
3201 959 3405 1013 etenim
3441 967 3631 1014 nostra

2057 1046 2327 1112 adoratio,
2377 1049 2594 1103 etiamsi
2632 1049 2971 1106 seusibilitcr
3017 1066 3146 1122 erga
3209 1051 3489 1107 scnsibilia
3552 1050 3632 1113 ﬁt,

2055 1154 2296 1200 attamen
2360 1146 2489 1202 hinc
2540 1147 2896 1204 intellectuaii
2969 1147 3019 1201 vi
3067 1147 3133 1201 ad
3195 1147 3385 1200 barum
3449 1159 3632 1198 rerum

2055 1245 2334 1309 auctorem
2361 1237 2916 1303 cnltunrdeierimus,
2945 1255 3043 1294 nec
3062 1238 3164 1293 nisi
3191 1236 3492 1308 symbolice
3511 1235 3627 1288 lucc

2058 1327 2212 1382 fiunt.
2255 1329 2467 1400 Quippe
2501 1339 2688 1386 nostra
2739 1331 2991 1387 adoratio
3021 1341 3072 1384 et
3131 1331 3292 1384 latria
3337 1329 3392 1382 in
3433 1327 3632 1398 spiritu

2054 1431 2120 1474 ac
2153 1418 2411 1485 veritate,
2445 1421 2746 1477 secundum
2781 1417 3098 1475 Servatoris
3136 1419 3324 1486 verba,
3357 1417 3632 1488 principa-

2057 1509 2180 1564 liter
2207 1525 2443 1580 vereque
2471 1512 2548 1566 iit.
2569 1512 2684 1567 Nos
2707 1513 2852 1568 enim
2882 1512 3010 1582 quid
3039 1513 3330 1566 adoremus
3362 1551 3377 1574 ,
3401 1511 3624 1565 scimus.

2056 1601 2146 1656 lsti
2183 1617 2312 1657 vero
2345 1603 2490 1672 quod
2522 1619 2620 1658 nos
2643 1605 2961 1668 adoramus,
3014 1603 3290 1665 nesciunt,
3331 1601 3460 1672 quia
3513 1615 3626 1654 illa!

2053 1709 2216 1764 gnum
2251 1693 2445 1750 divina:
2476 1696 2794 1750 meonomia:
2832 1695 3149 1770 mysterium
3180 1694 3453 1764 ignorant.

2122 1967 2212 2022 58.
2246 1967 2474 2038 Insuper
2501 1968 2658 2024 aiunt
2701 1987 2716 2023 :
2755 1986 2775 2020 ι
2819 1971 2958 2024 Ante
2993 1969 3198 2022 Christi
3231 1967 3456 2036 quidem
3509 1979 3630 2033 pas.

2054 2061 2263 2116 sionem
2295 2070 2345 2115 et
2377 2064 2840 2116 resurrectionem
2873 2061 3149 2116 Christum
3179 2059 3620 2120 circumscribis;

2054 2149 2185 2220 quid
2237 2164 2368 2205 vero
2402 2149 2552 2206 dices
2600 2160 2723 2220 post
2751 2149 3252 2205 resurrectionem?
3296 2150 3498 2204 etenim
3537 2165 3620 2202 res

2055 2257 2164 2295 non
2199 2243 2390 2296 eodem
2422 2251 2552 2298 sunt
2583 2251 2725 2296 statu
2752 2259 2766 2310 ;
2797 2242 2994 2312 quippe
3021 2240 3438 2310 incorruptibile
3467 2240 3624 2293 deiu-

2053 2349 2182 2404 ceps
2205 2333 2406 2390 Christi
2429 2350 2631 2406 corpus
2661 2344 2824 2390 estet
2849 2334 3314 2388 immortalitatem
3341 2333 3618 2400 adeptum.

2055 2427 2302 2493 Quonam
2365 2429 2551 2496 itaque
2609 2437 2696 2482 tua
2765 2427 3205 2496 circumscriptio
3270 2427 3498 2480 evadet?
3551 2431 3651 2480 vcl-

2055 2521 2329 2590 quomodo
2359 2521 2873 2584 circumscribetur,
2907 2521 3050 2590 quod
3101 2519 3299 2573 clausis
3328 2519 3511 2588 januis
3567 2522 3634 2570 ad

2055 2613 2356 2682 discipulos
2397 2613 2609 2668 introiit
2654 2611 2802 2666 nullo
2851 2613 3135 2668 obstaculo
3199 2611 3569 2680 impeditum?
3611 2629 3635 2662 ι

2057 2704 2302 2770 Scilicet,
2333 2705 2389 2759 bi
2439 2705 2724 2760 audaciam
2781 2705 3282 2774 pltantasiastarum
3319 2712 3634 2772 sequentes,

2058 2807 2126 2849 ne
2181 2803 2382 2848 tactum
2441 2794 2657 2864 quidem
2712 2794 2966 2849 manibus
3013 2809 3040 2846 a
3091 2793 3360 2862 discipulo
3390 2793 3634 2846 divinum

2059 2887 2200 2941 latus
2233 2886 2542 2952 blateranl;
2575 2885 2669 2941 sed
2695 2885 2906 2956 jussum
2937 2886 2986 2940 id
3028 2895 3330 2940 tantummo
3358 2888 3405 2937 'o
3445 2901 3472 2936 a
3505 2885 3636 2937 Ser-

2061 2989 2271 3044 vatore,
2310 2993 2416 3031 non
2445 2988 2626 3032 tamen
2657 2979 2711 3033 iu
2751 2993 2974 3048 operam
3010 2993 3122 3030 rem
3163 2977 3470 3030 mandatam
3506 2994 3638 3030 Ωιι-το

2062 3071 2272 3124 tulisse.
2347 3068 2752 3139 Pr0ptereaquc
2815 3084 2993 3139 neque
3043 3066 3217 3126 'visntn
3273 3067 3326 3122 in
3384 3083 3634 3136 corpore,

368 3165 606 3236 σώματι,
641 3169 778 3237 μήτε
801 3162 942 3220 εἶναι
973 3167 1133 3234 σῶμα
1161 3166 1222 3218 τὸ
1252 3165 1513 3242 παράπαν
1543 3163 1602 3216 τὸ
1632 3163 1812 3233 σῶμα.
1851 3159 1956 3214 Οὓ-

2061 3175 2237 3229 ncque
2284 3159 2413 3214 illud
2452 3175 2652 3230 corpus
2691 3161 2959 3216 ullatenus
3008 3158 3178 3214 fuisse
3230 3175 3447 3227 corpus.
3487 3158 3655 3213 Adeo.

365 3273 474 3320 τως
507 3257 690 3320 αὐτοῖς
719 3258 788 3310 τὰ
819 3257 927 3310 τῶν
955 3257 1300 3326 [εὐαγγελίων
1329 3255 1562 3310 ἀπισταί
1604 3253 1768 3308 Ἀλλά
1795 3253 1956 3306 τοῦτο

367 3345 587 3417 πρῶτον
616 3347 909 3400 ἀκούσεται
940 3349 968 3401 ὁ
1001 3349 1127 3417 περὶ
1157 3346 1330 3400 ταῦτα
1363 3345 1663 3416 διαπορῶν,
1683 3345 1766 3398 ὅτι
1797 3342 1954 3396 Ἐἰσ-

367 3438 586 3504 ελθὼν,
621 3441 824 3510 φήσας,
882 3441 946 3494 τὸ
979 3439 1356 3510 ἀπορούμενον
1383 3439 1611 3500 ἔλυσας·
1656 3438 1792 3501 ὅλως
1845 3437 1956 3507 γὰρ

368 3531 431 3586 τὸ
458 3531 748 3598 εἰσελθεῖν,
789 3533 900 3589 καὶ,
931 3532 1204 3600 ἐξελθεῖν,
1237 3533 1269 3603 ἣ
1316 3531 1666 3602 μεταϐαίνειν
1700 3527 1956 3582 ἐντεῦθεν

370 3623 575 3688 ἐκεῖσε,
613 3624 768 3678 οὐδὲν
807 3625 995 3696 ἕτερον
1027 3625 1066 3695 ἢ
1101 3625 1452 3700 περιγραφῆς
1497 3626 1645 3675 ἐστιν
1679 3621 1848 3676 ῖδιον·
1897 3621 1958 3674 τὸ

369 3713 480 3783 γὰρ
514 3714 664 3774 ἐντὸς
694 3713 876 3785 θυρῶν
901 3714 1146 3783 γεγονὸς,
1176 3715 1361 3768 οὐκέτι
1391 3715 1446 3766 δὲ
1475 3715 1568 3767 καὶ
1595 3712 1755 3775 ἐκτὸς
1780 3711 1959 3782 ὑπάρ-

370 3823 488 3876 χον,
525 3807 906 3878 περιγραπτὸν
941 3809 1160 3872 πάντως
1207 3807 1384 3860 ἐστίν’
1411 3805 1556 3859 οὕτω
1599 3807 1692 3858 καὶ
1729 3805 1824 3856 ἐπὶ
1855 3805 1959 3874 τῆς

367 3899 650 3971 Σωτηρίου
688 3901 1041 3965 ἀναστάσεως
1088 3901 1298 3954 κατίδοι
1330 3917 1415 3964 τις
1451 3901 1546 3963 ἂν,
1579 3897 1672 3951 τοῦ
1703 3897 1851 3950 λίθου
1881 3895 1960 3967 τῷ

368 3989 530 4062 τάφῳ
564 3993 917 4062 ἐπικειμένου
939 4033 956 4055 ς
985 3995 1070 4062 ἐφ’
1184 3991 1252 4045 τὰ
1295 3992 1591 4062 σήμαντρα
1629 3988 1960 4061 προσετετύ-

373 4099 526 4136 πωτο
544 4099 556 4112 ·
585 4083 824 4137 ἀναστὰν
839 4087 955 4158 γὰρ
979 4085 1040 4138 τὸ
1069 4085 1246 4156 σῶμα,
1272 4086 1373 4138 οὐκ
1393 4081 1460 4155 ἦν
1485 4085 1577 4137 καὶ
1602 4084 1660 4134 ἐν
1681 4083 1757 4152 τῷ
1779 4081 1958 4153 τάφῳο

371 4175 432 4241 ἐξ
459 4169 524 4229 οὗ
551 4175 614 4230 τὸ
655 4177 1033 4248 περιγραπτον
1063 4171 1205 4230 εἶναι
1230 4216 1244 4241 ,
1277 4175 1594 4230 ἀκολουθεῖν
1623 4175 1957 4242 ἐπάναγκες

373 4266 434 4320 τὺ
461 4266 520 4320 δὲ
543 4269 608 4320 ἐκ
633 4267 845 4340 νεκρῶν
872 4268 1196 4338 ἀναστῆναι,
1223 4269 1320 4320 καὶ
1348 4267 1532 4320 πυλῶν
1555 4267 1961 4344 κεκλεισμένων

373 4358 504 4411 εἴσω
537 4359 813 4426 γενέσθαι,
846 4361 938 4414 καὶ
968 4359 1022 4412 εἴ
1045 4377 1099 4414 τι
1137 4359 1352 4424 τούτοις
1393 4358 1632 4412 ἐτελεῖτο
1665 4357 1961 4428 παραπλή-

376 4465 514 4517 σιον,
542 4453 603 4506 οὐ
639 4451 893 4522 σώματος
919 4453 1139 4524 πρόεισι
1173 4453 1344 4524 νόμῳ,
1375 4451 1498 4504 οὐδὲ
1531 4451 1630 4520 τῆς
1661 4451 1786 4504 καθ’
1811 4451 1963 4520 ἡμᾶς

2060 3251 2148 3306 isti
2180 3251 2493 3320 Evangeliis
2537 3253 2850 3306 discredunt
2877 3251 2892 3304 ί
2933 3248 3098 3318 Atqui
3127 3251 3226 3306 hoc
3278 3250 3510 3318 primum
3541 3267 3638 3302 au~

2058 3345 2195 3412 dict,
2253 3345 2343 3414 qui
2379 3344 2444 3398 de
2483 3345 2570 3398 bis
2631 3346 2892 3414 ambigit;
2954 3359 3149 3414 nempe
3203 3359 3325 3398 cum
3397 3344 3636 3406 dixeris,

2059 3437 2288 3500 introiit,
2321 3436 2542 3490 dubium
2590 3435 2818 3491 solvisti.
2871 3436 3104 3490 Prorsus
3133 3436 3277 3490 enim
3327 3435 3553 3489 introire
3586 3447 3636 3489 et

2059 3532 2232 3596 exire,
2261 3531 2344 3586 vel
2387 3533 2512 3586 hinc
2555 3532 2683 3586 illuc
2729 3532 2986 3596 transire,
3036 3533 3250 3586 nonnisi
3287 3531 3642 3586 circumscri-

2060 3624 2268 3694 ptionis
2301 3624 2580 3694 proprium
2629 3633 2734 3677 est.
2779 3623 2910 3678 Nam
2947 3625 3090 3693 quod
3117 3627 3256 3678 intra
3302 3623 3499 3692 jauuas
3533 3635 3636 3686 est,

2063 3710 2240 3786 neque
2267 3714 2377 3783 jam
2411 3727 2564 3770 extra
2597 3715 2874 3783 consistit,
2907 3717 3380 3784 circumscriptum
3414 3717 3642 3772 omnino

2063 3816 2168 3862 cst.
2205 3807 2296 3862 Sic
2327 3808 2491 3861 etiam
2531 3807 2584 3860 in
2640 3808 2952 3863 Servatoris
3003 3808 3404 3862 resurrectione
3455 3809 3642 3862 videre

2065 3909 2172 3966 est,
2217 3914 2339 3953 cum
2374 3898 2514 3973 lapis
2544 3899 2799 3968 sepulcro
2822 3899 3016 3955 fuisset
3047 3900 3349 3966 impositus,
3376 3909 3428 3951 et
3458 3899 3633 3965 sigilla

2066 3992 2338 4060 apposita.
2382 3990 2513 4044 Nam
2548 3993 2932 4046 resuscitatum
2965 4006 3182 4059 corpus,
3226 3990 3340 4053 jam
3372 4009 3476 4043 non
3523 4001 3645 4043 erat

2063 4083 2271 4152 pariter
2303 4084 2354 4136 in
2385 4083 2634 4152 sepulcro
2659 4101 2673 4149 ;
2699 4083 2842 4138 unde
2872 4083 2922 4138 id
2943 4083 3110 4137 fuisse
3139 4081 3642 4152 circumscriptum,

2065 4179 2381 4230 necessario
2411 4175 2774 4230 concluditur.
2806 4173 2980 4230 Porro
3007 4192 3034 4227 a
3067 4175 3298 4228 mortuis
3332 4189 3642 4242 resurgere,

2066 4275 2119 4321 et
2147 4265 2348 4320 clausis
2399 4267 2576 4334 ianuis
2634 4269 2888 4328 introire,
2919 4275 2976 4320 et
3026 4267 3288 4335 quidquid
3331 4265 3642 4334 lmjusmodi

2065 4371 2346 4428 peractum
2377 4359 2500 4422 fuit,
2533 4359 2674 4413 hami
2724 4359 2840 4427 lege
2869 4359 3114 4428 corporis
3142 4359 3433 4429 processit,
3469 4373 3645 4426 neque

2069 4459 2271 4504 nostra:
2302 4448 2915 4518 materialislabilisque
2961 4461 3192 4502 natura).
3243 4449 3378 4515 Quia
3423 4461 3479 4503 et
3519 4459 3646 4504 ante

377 4542 564 4596 ὲνύλου
585 4546 682 4598 καὶ
708 4545 946 4615 ῥευστῆς
963 4545 1202 4614 φύσεωςο
1227 4547 1346 4599 ἐπεὶ
1369 4546 1461 4598 καὶ
1485 4543 1592 4614 πρὸ
1612 4542 1705 4596 τοῦ
1730 4543 1956 4606 πάθους,

2069 4541 2400 4610 passionem,
2455 4540 2508 4594 in
2564 4539 2818 4594 ﬂuctibus
2873 4539 3157 4594 ambulare
3193 4551 3520 4608 conspectus
3561 4549 3646 4594 est

378 4635 522 4688 κατὰ
551 4638 814 4707 κυμάτων
843 4638 873 4690 ὁ
903 4638 1095 4710 Σωτὴρ
1123 4637 1370 4704 πεζεύων
1399 4635 1675 4698 τεθέαται,
1705 4636 1813 4706 ἁφῇ
1851 4652 1962 4706 χει-

381 4727 472 4798 ρὸς
498 4728 730 4799 νεκροὺς
753 4729 1024 4800 ἀνίστησι,
1051 4730 1148 4783 καὶ
1169 4729 1338 4784 τᾶλλα
1357 4729 1501 4800 άπερ
1520 4727 1962 4798 ἐθαυματούργει

372 4818 463 4872 διὰ
491 4819 587 4872 τοῦ
633 4819 907 4891 σώματος·
939 4823 1034 4876 καὶ
1063 4823 1124 4875 οὐ
1155 4821 1220 4892 δή
1267 4837 1370 4874 που
1414 4818 1591 4874 ταῦτὰ
1628 4835 1812 4889 φαμεν
1855 4818 1964 4870 ἴδια

374 4907 652 4978 σώματος,
698 4910 822 4964 οὐδὲ
860 4911 1181 4983 ἀσώματον·
1217 4913 1316 4983 τῆς
1347 4913 1459 4984 γάρ
1493 4911 1822 4984 δραστηρίου
1865 4911 1964 4965 καλ⁵

373 5001 594 5072 ἀμάχου
626 5001 911 5073 δυνάμεως
945 4998 1034 5075 ἧν,
1148 5003 1327 5058 πάντα
1355 5003 1516 5057 εἴκειο
1553 5005 1648 5057 καὶ
1679 5001 1962 5073 θαύματος

373 5091 542 5164 λόγῳ,
569 5093 672 5146 οὐκ
702 5095 925 5166 ἰδιότητι
955 5096 1260 5166 ἐπράττετο
1297 5095 1550 5167 σώματος
1576 5109 1591 5124 ⁸
1629 5093 1746 5148 ἀλλ’
1773 5094 1962 5166 ἐπειδὴ

375 5183 453 5256 τῷ
482 5186 676 5240 κάλλει
705 5186 806 5257 τῆς
835 5184 1146 5258 ἀφθαρσίας
1171 5187 1666 5259 λελαμπρυσμένον
1699 5186 1838 5256 μετά
1863 5187 1964 5256 τὴν

376 5277 678 5332 ἀνάστασιν
716 5279 910 5349 γέγονε
933 5318 946 5342 ,
973 5279 1070 5332 καὶ
1098 5280 1401 5352 ἀκήρατον,
1447 5279 1542 5332 καὶ
1565 5278 1745 5349 πάντη
1787 5279 1961 5334 καθα-

382 5369 537 5441 ρεῦον
589 5369 798 5442 φθορᾶς
843 5371 938 5424 καὶ
968 5370 1311 5442 παχύτητος,
1362 5373 1428 5441 τῇ
1481 5372 1805 5440 συνημμένη
1848 5371 1966 5441 ἃμα

377 5460 762 5528 ὑποστατικῶς
790 5463 886 5518 καὶ
925 5463 1236 5534 ἁδιαστάτῳ
1275 5463 1460 5532 φύσει,
1494 5462 1554 5528 ἐξ
1581 5458 1649 5535 ἧς
1689 5465 1794 5515 τῶν
1828 5463 1968 5535 ὑπὲρ

382 5554 545 5623 φύσιν
577 5556 833 5626 μετέσχε,
861 5557 930 5609 τὰ
959 5555 1098 5626 ὑπὲρ
1121 5555 1282 5626 σῶμα
1305 5555 1550 5626 ἐνήργει,
1581 5556 1674 5608 καὶ
1702 5549 1792 5608 οἷα
1822 5556 1970 5619 εἰκὸς

377 5647 477 5716 οὐχ
512 5647 699 5712 ἁπλῶς
731 5648 986 5718 σώματος
1018 5687 1032 5714 ,
1067 5647 1205 5702 ἀλλά
1241 5647 1386 5702 θείου
1422 5649 1514 5702 καὶ
1543 5647 1825 5719 ἀφθάρτου
1864 5650 1968 5701 τώ-

379 5755 576 5808 ματος.

2066 4634 2344 4698 Servator,
2373 4648 2564 4688 manus
2594 4642 2740 4688 tactu
2794 4641 3042 4687 mortuos
3071 4633 3362 4698 suscitare,
3407 4643 3461 4688 et
3488 4648 3643 4702 qnze-

2065 4711 2277 4793 cunqne
2309 4723 2414 4777 alia
2467 4739 2563 4792 per
2595 4739 2795 4794 corpus
2846 4738 3005 4778 suum
3059 4726 3330 4779 mirabilia
3384 4726 3642 4793 patravit.

2065 4815 2252 4884 Neque
2289 4815 2412 4870 ideo
2469 4815 2584 4870 haec
2619 4815 2852 4870 dicimus
2879 4817 3129 4886 corporis
3178 4817 3422 4884 propria,
3475 4831 3649 4885 neque

2066 4905 2241 4975 ipsum
2295 4905 2417 4961 sine
2473 4922 2724 4975 corpore.
2770 4908 2936 4963 Erant
2991 4910 3189 4980 quippe
3243 4910 3361 4966 tunc
3413 4907 3649 4964 cllicacis

2068 4999 2398 5068 invietzeque
2427 4999 2648 5056 virtutis
2664 5000 2864 5069 oﬂieia,
2897 5003 2981 5056 cui
3017 5004 3201 5058 utnnia
3228 5003 3464 5067 cedunt;
3494 5018 3647 5068 tuque

2068 5092 2317 5148 miraculi
2345 5094 2616 5150 rationem
2643 5095 2942 5162 habebant,
2969 5113 3072 5151 non
3105 5105 3286 5151 autem
3313 5096 3648 5166 proprietate

2069 5183 2231 5239 insita
2289 5187 2503 5252 corpori
2553 5187 2780 5242 ﬁebant.
2815 5187 2922 5244 Sed
2983 5189 3072 5246 ubi
3121 5187 3652 5256 incorruptibilitatis

2070 5275 2412 5333 [annositate
2441 5293 2637 5348 corpus
2668 5279 2798 5333 illud
2837 5287 2961 5348 post
3006 5278 3460 5334 resurrectionem
3496 5292 3653 5331 exor-

2073 5379 2256 5422 natqu
2309 5370 2504 5436 evasit,
2546 5383 2602 5425 et
2647 5371 2983 5438 inviolabile,
3029 5371 3288 5440 omnique
3341 5369 3651 5438 corruptela

2071 5472 2124 5514 et
2151 5461 2399 5517 crassitie
2432 5463 2690 5528 immune,
2737 5480 2858 5517 cum
2901 5461 3148 5531 copulata
3181 5461 3280 5516 sibi
3314 5460 3653 5532 llypostatice

2075 5554 2422 5622 inseparabili
2473 5565 2693 5618 natura,
2729 5571 2794 5608 ex
2845 5571 2952 5624 qua
2987 5553 3436 5621 supernaturales
3493 5553 3652 5608 dotes

2075 5646 2468 5714 participabat;
2522 5657 2648 5701 tunc
2701 5649 2984 5716 superiora
3040 5645 3652 5714 corporis.couditioni

2054 5737 2295 5801 .agebal,
2327 5745 2514 5804 atque,
2547 5748 2602 5788 ιιι
2640 5753 2737 5803 par
2771 5748 2912 5801 crat,
2947 5738 3166 5806 propria
3193 5753 3304 5792 nun
3329 5737 3652 5804 simpliciter

2078 5829 2349 5897 corporis,
2396 5832 2492 5884 scd
2546 5830 2710 5884 divini
2765 5842 2819 5884 et
2897 5831 3330 5898 ittcotrttptibiiis
3385 5831 3650 5899 corporis.
