4050 6480
387 393 496 459 441

1093 400 1720 468 ANTIRRHETICUS
1759 407 1854 468 III
1892 408 2064 470 ADV.
2107 409 2706 478 CONSTANTINUM
2746 417 2960 480 COPR.

3561 412 3670 477 HQ

389 508 489 560 καὶ
525 506 668 578 μετά
690 508 791 581 τὴν
826 507 1005 564 κτίσιν
1037 513 1454 586 ἐπισυμόέϐηκε
1475 558 1491 583 ,
1523 517 1619 570 καὶ
1648 512 1761 571 οἷον
1791 520 1980 584 ἐπιγε-

2098 522 2370 592 scriptnm.
2406 525 2691 580 Exteriore
2731 535 2909 581 autem
2941 532 3065 596 post
3110 522 3440 581 creationem
3475 539 3668 594 super-

388 601 682 672 νήματικά
722 602 1016 673 τυγχάνει,
1063 604 1104 659 ἃ
1153 606 1240 659 διὰ
1287 607 1388 678 τὴν
1429 608 1691 680 ἀθέτησιν
1737 609 1840 681 τῆς
1885 608 1980 662 τοῦ

386 691 701 756 Κτίσαντος
745 693 967 764 ἐντολῆς
1003 697 1494 767 ἐπεισενήνεκται·
1535 697 1724 770 ἐπειδὴ
1760 699 1870 770 γὰρ
1905 698 1986 770 τῷ

391 782 458 848 ἐξ
488 783 666 854 ἀρχῆς
695 785 1098 858 πεπλασμένῳ,
1129 791 1242 852 τοῖς
1270 789 1414 844 κατά
1439 790 1668 862 γνώμην
1701 793 1854 862 παρά
1889 793 1984 846 τοῦ

397 876 728 942 πλάσαντος,
761 877 831 930 τά
851 877 954 947 τῆς
985 878 1132 948 ζωῆς
1163 881 1520 953 ἀπεκέκριτο,
1550 883 1630 937 ἐνὶ
1663 883 1718 936 δὲ
1746 883 1898 954 νόμῳ
1925 883 1986 938 τὸ

399 967 614 1040 αἱρετὸν
649 967 799 1038 αὐτῷ
827 969 948 1022 κατ’
974 968 1222 1034 ἐξουσίαν
1256 969 1572 1041 προῦκειτο,
1607 971 1642 1044 ἢ
1668 974 1986 1044 τηρήσαντα

397 1062 586 1117 τοῦτον
633 1062 733 1134 τὴν
771 1062 1034 1118 ἀνωτάτω
1079 1065 1176 1118 καὶ
1225 1065 1478 1135 ἀγγέλοις
1533 1067 1832 1138 ἐφάμιλλον
1871 1067 1988 1123 δια.-

396 1153 788 1224 κληρώσασθαι
827 1155 1238 1228 μακαριότητα,
1281 1157 1313 1228 ἢ
1358 1157 1706 1228 ἀλογήσαντα
1734 1159 1837 1229 τῆς
1876 1178 1988 1232 χει-

397 1246 594 1317 ρίστιης
623 1247 718 1300 καὶ
753 1247 1102 1318 ἀθλιωτάτης
1137 1248 1334 1320 μοίρας
1367 1249 1849 1323 ἀποταχθήσεσθαι
1875 1269 1888 1282 ’
1920 1253 1986 1322 ἢν

391 1338 461 1408 δὴ
488 1341 554 1410 τῇ
585 1338 836 1411 ἐξαπάτῃ
868 1339 964 1393 τοῦ
993 1341 1172 1410 θφεως
1205 1340 1574 1412 προελόμενος
1595 1382 1610 1407 ,
1649 1343 1748 1414 τὴν
1776 1343 1987 1416 φθοράν

397 1431 564 1495 εὐθὺς
597 1431 690 1484 καὶ
723 1431 823 1502 τὴν
853 1430 1161 1504 θνητότητα
1191 1433 1439 1502 φυσικῶς
1473 1435 1804 1500 ὑποδύεται,
1836 1437 1932 1490 καὶ
1958 1437 1987 1490 ὁ

397 1523 584 1586 λοιπὸς
614 1523 720 1577 τῶν
753 1523 967 1596 μυρίων
999 1523 1188 1580 παθῶν
1221 1525 1388 1595 ἐσμὸς
1433 1526 1842 1598 ἐπεισκρίνεται
1871 1543 1885 1557 °
1925 1529 1986 1582 ού

397 1615 510 1686 γὰρ
559 1615 912 1674 συνέκτισται
949 1615 1028 1688 τῷ
1078 1617 1496 1689 πρωτοπλάστῳ
1531 1619 1564 1688 ή
1601 1618 1782 1690 φθορά
1819 1619 1914 1672 καὶ
1958 1619 1989 1672 ό

397 1703 654 1771 θάνατος,
693 1706 818 1760 ἐπεὶ
856 1707 959 1768 οὐκ
991 1707 1058 1762 ἂν
1091 1708 1186 1762 τοῦ
1223 1709 1320 1780 τῆς
1355 1709 1502 1779 ζωῆς
1537 1709 1696 1776 ξύλου
1727 1710 1985 1782 ἐδέησεν,

395 1797 540 1869 ὅπερ
566 1801 625 1852 ἐν
660 1797 814 1870 μέσῳ
842 1797 922 1870 τῷ
951 1800 1266 1873 παραδείσῳ
1302 1801 1546 1874 τέθηλεν.
1593 1803 1654 1856 '0
1683 1802 1864 1858 τοίνυν
1891 1803 1986 1857 τοῦ

2089 625 2378 680 venerunt,
2419 627 2474 671 et
2521 617 2676 687 quasi
2704 617 2899 672 adnata
2947 625 3098 682 sunt,
3137 630 3256 686 quae
3303 615 3513 672 scilicet
3550 625 3669 686 post

2087 707 2343 762 violatum
2367 708 2647 768 Creatoris
2679 719 3007 781 praeceptum
3027 709 3240 763 invecta
3263 706 3501 763 fuerunt.
3527 707 3665 774 Quia

2087 801 2228 854 enim
2261 801 2482 858 condito
2522 803 2754 873 primum
2789 801 3022 866 homini,
3065 801 3110 856 si
3154 801 3313 855 modo
3341 815 3410 854 ex
3441 800 3670 856 Creato-a

2088 891 2168 948 ris
2193 896 2465 950 sententia
2485 895 2733 961 vixisset,
2761 895 2872 949 vita
2895 902 3012 949 erat
3033 892 3368 964 adiudicata,
3394 894 3467 946 ita
3491 903 3668 946 tamen

2087 996 2147 1039 ut
2196 985 2311 1055 lege
2345 986 2478 1054 lata,
2533 987 2765 1043 liberum
2820 986 3182 1042 nihilominus
3233 993 3382 1040 esset
3429 983 3666 1054 eligendi

2087 1077 2400 1144 arbitrium,
2431 1094 2624 1150 nempe
2672 1088 2732 1135 ut
2761 1077 2848 1135 vel
2891 1078 2996 1132 bac
3025 1080 3315 1133 observata
3345 1074 3668 1131 altissimam

2086 1178 2142 1222 et
2162 1169 2370 1240 angelis
2397 1185 2588 1240 parem
2615 1171 3028 1226 nancisceretur
3060 1171 3221 1225 homo
3240 1166 3669 1229 beatitudinem;

2089 1261 2173 1316 vel
2205 1277 2268 1316 ea
2299 1263 2565 1333 neglecta,
2599 1264 2892 1334 pessimam
2925 1272 2980 1318 et
3006 1261 3434 1318 infelicissimam
3466 1267 3670 1315 sortem

2089 1353 2438 1422 incurreret;
2467 1369 2632 1424 quam
2661 1361 2994 1424 postremam
3023 1353 3216 1408 fraude
3245 1351 3522 1421 serpentis
3543 1363 3671 1404 cum

2089 1443 2364 1515 elegisset,
2402 1443 2728 1513 corruptelae
2775 1443 2922 1499 illico
2975 1451 3031 1497 et
3069 1442 3301 1497 naturali
3351 1437 3674 1496 mortalitati

2089 1535 2270 1591 factus
2333 1545 2420 1592 est
2461 1535 2752 1600 obnoxius,
2820 1545 2876 1590 et
2931 1535 3135 1604 reliqua
3196 1531 3671 1588 innumerabilium

2090 1626 2451 1696 cupiditatum
2485 1625 2748 1681 colluvies
2781 1626 2839 1679 in
2870 1639 2993 1682 eum
3031 1624 3298 1680 incubuit.
3353 1621 3472 1678 Non
3524 1621 3672 1678 enim

2089 1733 2196 1774 una
2253 1733 2376 1773 cum
2437 1719 2778 1789 protoplasto
2826 1717 3132 1787 corruptela
3187 1725 3244 1772 et
3299 1729 3446 1771 mors
3491 1723 3676 1769 creata

2091 1809 2233 1879 fuit;
2257 1808 2460 1879 alioqui
2496 1809 2644 1880 ligno
2667 1811 2792 1865 vitae
2822 1824 2930 1864 non
2954 1810 3216 1877 eguisset,
3252 1807 3409 1876 112
3447 1805 3589 1876 quod
3618 1805 3676 1860 in

400 1868 726 1960 ﬁlictia-ro;
755 1868 854 1945 τοῦ
895 1868 1103 1945 ἐαυτοῦ
1144 1868 1350 1964 Κύριος
1373 1935 1389 1960 ,
1419 1868 1839 1966 φιλανθρωπίας
1888 1914 1991 1950 πε-

2098 1868 2272 1956 medio
2332 1868 2592 1971 paradiso
2642 1901 2884 1970 vigebat.
2921 1868 3084 1971 lgiIur
3133 1868 3409 1955 creaIu—r;
3443 1868 3678 1968 propria:

403 1983 658 2056 ptouaiqt,
685 1983 756 2036 δι’
797 1978 980 2038 οἶκτον
1022 1984 1232 2055 ἄφατον
1265 1983 1364 2056 τὴν
1405 1986 1482 2058 τῷ
1534 1987 1749 2060 Θανάτῳ
1793 1989 1988 2060 ὑπενη-

402 2076 672 2145 νεγμένην
699 2075 865 2144 φύσιν
887 2118 902 2144 ,
938 2076 1145 2148 φθορᾶς
1175 2079 1482 2147 ἀπαλλάξαι
1515 2079 1865 2152 βουλόμενος,
1897 2081 1992 2135 καὶ

409 2169 490 2230 εἰς
514 2167 574 2220 τὸ
597 2169 653 2235 ἐξ
674 2168 848 2239 ἀρχῆς
867 2170 964 2240 τῆς
995 2171 1284 2241 εὐμοιρίας
1309 2172 1798 2241 ἐπανασώσασθαι,
1831 2173 1994 2241 σῶμα

410 2257 652 2312 τοιοῦτον
685 2258 1035 2329 ἀνειληφέναι
1083 2260 1184 2314 οὐκ
1231 2259 1546 2329 ἀπηξίωσεν
1573 2302 1588 2326 ,
1619 2265 1806 2316 ὁποῖον
1849 2263 1913 2332 δὴ
1963 2264 1992 2316 ὁ

409 2349 734 2420 κατάκριτος
759 2349 900 2420 ἔχων
927 2350 1126 2420 ἐφάνη,
1157 2353 1319 2421 ἡμεῖς
1342 2367 1400 2403 τε
1424 2353 1626 2416 πάντες
1653 2353 1702 2406 oi
1729 2352 1808 2423 τῷ
1838 2352 1988 2422 αὐτῷ

406 2440 870 2512 κεκοινωνηκότες
895 2441 1255 2512 συγκρίματι,
1280 2442 1308 2494 ὃ
1329 2441 1392 2512 δὴ
1416 2443 1609 2513 θνητὸν
1637 2445 1730 2497 καὶ
1754 2444 1994 2512 φθαρτόν

402 2533 546 2584 ἐστι’
578 2532 736 2604 σῶμα
765 2533 822 2586 δέ
843 2533 927 2598 ὃν,
955 2533 1055 2587 οὐκ
1082 2533 1148 2588 ἂν
1179 2533 1264 2604 εἴη
1300 2535 1652 2606 περιγραφῆς
1680 2535 1992 2607 ἐλεύθερον,

397 2626 509 2692 ἓως
541 2627 607 2681 ἂν
725 2629 918 2700 σῶμαο
953 2627 1075 2682 εἶτα
1115 2629 1332 2700 θανάτῳ
1380 2631 1681 2702 σωματικῷ
1723 2649 1994 2702 προσομι-

400 2720 596 2789 λήσας,
629 2713 784 2792 ᾧπερ
817 2721 918 2792 οὐχ
971 2721 1183 2793 ὑπῆρχε
1220 2721 1562 2794 κατάχρεως,
1594 2721 1732 2776 ἀλλὰ
1769 2722 1831 2776 τὸ
1857 2723 1996 2794 ὑπὲρ

401 2811 566 2882 ἡμῶν
593 2812 888 2868 ἀπετίννυε
912 2813 1093 2884 χρέος·
1129 2813 1216 2866 ἵνα
1245 2813 1344 2884 τὴν
1365 2816 1425 2867 ἐν
1457 2813 1630 2884 Ἀδὰμ
1657 2813 1994 2886 παράϐασιν,

403 2907 467 2959 ἐν
503 2905 685 2977 ἐαυτῷ
733 2905 1046 2978 ἐξιάσηται,
1083 2907 1180 2962 καὶ
1208 2907 1306 2977 τὴν
1334 2901 1510 2979 ἧτταν
1549 2907 1997 2976 ἀνακαλούμενος

399 2995 509 3066 τῆς
586 2998 844 3066 φύσεως,
907 2997 1192 3070 ἀναστήσῃ
1275 2998 1366 3051 τὸν
1441 2997 1734 3070 κείμενον·
1806 2997 1994 3068 ἐπειδὴ

407 3104 430 3139 σ
472 3085 777 3160 Ἀμαρτίαν
805 3090 905 3143 οὐκ
930 3089 1190 3161 ἐποίησεν
1216 3131 1232 3155 ,
1265 3091 1386 3144 ούδέ
1421 3090 1622 3162 εὑρέθη
1649 3090 1800 3154 δόλος
1832 3091 1892 3144 ἐν
1915 3089 1996 3160 τῷ

403 3178 641 3248 στόματι
675 3177 868 3246 αὐτοῦ’
905 3198 924 3233 ›
956 3181 1280 3250 κατήργηκε
1314 3179 1412 3250 μὲν
1438 3180 1532 3233 τὸν
1564 3178 1819 3248 θάνατον,
1861 3179 1995 3247 καθε

403 3270 520 3323 εἷλε
549 3270 606 3324 δέ
635 3271 734 3341 τὴν
765 3269 998 3342 φθορὰν,
1026 3269 1140 3342 ζωὴ
1185 3272 1330 3326 κατὰ
1361 3271 1527 3340 φύσιν
1561 3271 1827 3343 ὑπάρχων
1857 3273 1998 3344 ἀλη-

405 3359 516 3424 θῶς
571 3360 667 3413 καὶ
715 3361 1016 3425 ἀθανασίας
1056 3359 1249 3432 πηγὴ,
1305 3361 1571 3432 κρείττων
1623 3361 1857 3416 θανάτου
1901 3359 1999 3415 καὶ

405 3451 617 3523 φθορᾶς
641 3451 850 3520 ὀφθείςο
879 3455 912 3524 ή
940 3452 1048 3525 γὰρ
1075 3451 1216 3532 σάρξ
1237 3453 1404 3506 αὑτοῦ
1425 3455 1528 3507 οὐκ
1544 3449 1656 3506 εἶδε
1675 3453 1993 3526 διαφθορὰν,

404 3543 817 3598 καταποθεῖσαν
859 3546 941 3608 είς
980 3545 1132 3608 νῖκος
1169 3545 1265 3598 καὶ
1313 3544 1711 3613 ἀφανισθεῖσαν
1745 3544 1853 3598 ὑπὸ
1899 3544 1995 3598 τοῦ

405 3635 502 3687 τὸν
525 3635 730 3706 κόσμον
755 3637 1116 3706 νικήσαντος,
1152 3639 1217 3706 τῇ
1252 3635 1529 3707 κρείττονι
1575 3637 1670 3690 καὶ
1703 3636 1998 3691 πανσθενεϊ

405 3725 505 3778 τοῦ
541 3726 703 3794 λόγου
743 3727 972 3796 δυνάμει
1007 3727 1449 3798 συντηρουμένη,
1483 3728 1586 3786 κᾶν
1617 3723 1686 3799 ἦν
1720 3733 1998 3798 πεφυκυῖα

406 3816 506 3869 τοῦ
539 3815 866 3887 φθείρεσθαι
885 3834 900 3848 ·
935 3814 1056 3871 εἶτα
1081 3801 1287 3889 ἀνέστη
1318 3819 1622 3889 τριήμερος
1646 3859 1661 3882 ,
1691 3819 1788 3873 καί
1819 3819 2000 3876 πάντα

406 3907 482 3961 τὰ
507 3909 572 3960 ἐκ
602 3909 700 3978 τῆς
732 3907 1008 3978 ἁμαρτίας
1055 3909 1555 3979 ἐγκατασκήψαντα
1601 3910 1668 3980 τῇ
1706 3909 1867 3978 φύσει
1915 3912 2000 3964 αἱ·

407 3999 657 4070 τιάματα
697 4001 792 4054 καὶ
841 3999 1277 4071 προστρίμματα
1333 3999 1402 4054 δι’
1432 3999 1631 4054 ἐαυτοῦ
1680 4001 2000 4074 ἐκκαθάρας

409 4089 770 4162 ἀπέσμηξεν,
817 4089 1006 4160 ὥσπερ
1051 4091 1277 4163 ἀπαρχὴ
1319 4091 1414 4144 καὶ
1455 4091 1718 4164 ἀρραϐὼν
1747 4092 1842 4146 τοῦ
1876 4093 1999 4148 καθ’

410 4182 565 4253 ἡμᾶς
591 4183 936 4252 χρηματίσας
961 4182 1306 4254 φυράματος,
1335 4182 1593 4266 λαμπρόν
1629 4201 1690 4238 τε
1721 4183 1868 4238 οὕτω
1901 4187 2001 4241 καὶ

414 4273 616 4346 μώμου
651 4275 856 4340 παντὸς
881 4276 1035 4344 ἄνευ,
1067 4275 1128 4330 τὸ
1159 4275 1290 4330 ίδιον
1321 4277 1610 4349 ἀποφήνας
1640 4276 1875 4350 ποίημα,
1907 4278 2004 4332 καὶ

408 4369 486 4420 τά
519 4369 586 4420 ἐκ
627 4367 726 4434 τῆς
765 4368 976 4431 οἰκείας
1023 4366 1184 4439 δόξης
1227 4368 1524 4444 αὐχήματα
1575 4369 2000 4441 δωρησάμενοςο

411 4458 558 4511 οὕτω
578 4459 688 4530 γὰρ
711 4459 808 4514 καὶ
837 4460 1258 4530 βαπτιζόμενος,
1284 4461 1386 4534 τὴν
1417 4461 1694 4534 ἡμετέραν
1722 4463 1999 4534 ἐνήργησε

2101 1991 2387 2058 Dominus,
2453 1991 2814 2064 benignitatis
2869 1991 3246 2059 abundantia,
3301 1989 3676 2045 misericordia

2095 2084 2378 2150 ineffabili,
2437 2085 2710 2140 subditam
2746 2085 2908 2140 morti
2953 2093 3206 2138 naturam
3259 2079 3566 2150 corruptela
3618 2079 3677 2134 li-

2095 2179 2289 2232 herare
2323 2177 2533 2245 volens,
2565 2187 2622 2232 et
2643 2177 2698 2232 in
2724 2185 2961 2232 veterem
3013 2174 3330 2230 felicitatem
3371 2173 3673 2236 vindicare,

2098 2283 2298 2339 corpus
2319 2269 2422 2324 hoc
2449 2268 2728 2338 suscipere
2761 2281 2869 2322 non
2900 2265 3191 2332 recusavit,
3226 2263 3386 2333 quale
3420 2269 3474 2316 et
3495 2261 3674 2316 homi-

2095 2378 2216 2418 nem
2267 2362 2582 2417 damnatnm
2628 2360 2834 2414 habere
2883 2357 3190 2421 constabat,
3230 2367 3434 2423 nosque
3488 2365 3678 2408 omnes

2095 2453 2185 2523 qui
2233 2453 2478 2508 eamdem
2543 2450 2948 2506 damnationem
2995 2445 3461 2519 participavimus,
3533 2444 3676 2512 quod

2095 2546 2212 2601 sine
2248 2545 2414 2600 dubio
2443 2546 2674 2598 mortale
2701 2552 2754 2598 et
2782 2540 3137 2611 corruptibile
3157 2550 3260 2594 est.
3286 2535 3406 2591 Iam
3444 2552 3566 2592 cum
3607 2536 3680 2590 sit

2097 2650 2318 2704 corpus,
2357 2645 2506 2688 certe
2537 2631 3050 2702 circumscriptione
3092 2643 3197 2684 non
3233 2637 3406 2690 caret,
3438 2625 3677 2696 quandiu

2098 2741 2295 2794 corpus
2339 2724 2464 2778 erit.
2504 2722 2705 2776 Deinde
2752 2719 3086 2789 corporalem
3117 2727 3372 2786 expertus
3402 2724 3488 2771 est
3529 2729 3676 2767 more

2101 2828 2232 2883 tem,
2262 2817 2350 2870 cui
2382 2815 2675 2882 caeteroqui
2707 2829 2811 2867 non
2839 2811 3265 2874 eratobnoxius,
3302 2808 3395 2862 sed
3432 2807 3680 2862 debitum

2099 2925 2196 2978 pro
2228 2907 2382 2964 nobis
2415 2905 2616 2973 solvit;
2645 2915 2704 2959 ut
2726 2903 2925 2959 factam
2959 2901 3010 2956 in
3043 2902 3254 2956 Adamo
3283 2898 3684 2970 transgressio-.

2100 3017 2242 3064 nem,
2281 2999 2331 3054 in
2355 3014 2414 3054 se
2449 2999 2568 3068 ipso
2597 3005 2858 3063 sanaret;
2897 3002 2952 3050 et
2983 3001 3190 3049 naturae
3233 2993 3490 3048 damnum
3525 3005 3682 3059 repa-

2101 3108 2250 3160 rans,
2302 3093 2514 3162 lapsum
2566 3088 2842 3144 hominem
2902 3085 3199 3150 relevaret;
3253 3083 3508 3152 quoniam
3563 3081 3681 3150 ipse

2103 3183 2388 3241 Peccatum
2434 3198 2538 3236 non
2569 3181 2717 3250 fecit,
2757 3195 2850 3234 nec
2889 3179 3129 3232 inventus
3181 3187 3256 3231 est
3305 3173 3460 3229 dolus
3489 3174 3542 3226 in
3591 3187 3682 3226 ore

2099 3277 2214 3348 ejus
2249 3276 2330 3340 “;
2388 3283 2616 3329 mortem
2675 3271 2967 3336 deStruxit,
3017 3267 3383 3339 corruptelam
3434 3265 3678 3329 abstulit,

2099 3384 2221 3424 cum
2257 3367 2372 3436 ipse
2401 3366 2472 3420 sit
2497 3362 2820 3438 naturaliter
2850 3373 3085 3430 vereque
3109 3361 3244 3424 vita,
3271 3367 3326 3413 et
3355 3355 3682 3411 immortali-

2101 3459 2228 3514 tatis
2265 3459 2538 3521 scatehra,
2578 3455 2829 3524 superior
2860 3452 3018 3506 morti
3049 3459 3105 3506 et
3133 3447 3466 3517 corruptioni
3493 3448 3665 3500 visus.

2100 3549 2234 3604 Nam
2257 3563 2384 3604 caro
2410 3547 2526 3618 ejus
2548 3563 2656 3601 non
2682 3545 2816 3599 vidit
2836 3543 3272 3612 corruptionem,
3299 3554 3418 3610 qua:
3433 3538 3686 3593 videlicet

2101 3643 2359 3711 absorpta
2403 3639 2507 3695 fuit
2538 3639 2598 3698 in
2633 3637 2944 3702 victoriam,
2979 3644 3034 3706 et
3071 3651 3100 3687 a
3139 3633 3323 3688 mundi
3357 3633 3560 3688 vit-tore
3591 3629 3686 3684 de—

2101 3735 2294 3788 bellata
2316 3716 2339 3799 ;'
2361 3746 2490 3786 caro
2520 3739 2702 3784 autem
2741 3743 2772 3782 a
2809 3728 3098 3798 superiore
3120 3736 3284 3794 atque
3315 3722 3687 3790 omnipotente

2105 3823 2264 3880 Verbi
2326 3825 2530 3878 virtute
2575 3829 2898 3878 conservata
2953 3831 3080 3882 est,
3131 3831 3440 3890 quanquam
3497 3822 3686 3883 suapte

2101 3929 2298 3975 natura
2335 3914 2675 3985 corruptioni
2707 3921 2855 3970 esset
2889 3913 3124 3968 obnoxia
3163 3910 3298 3982 (48).
3333 3907 3534 3962 Deinde
3565 3912 3686 3975 post

2103 4014 2341 4069 triduum
2375 4009 2716 4073 resurrexit;
2768 4017 2823 4063 et
2869 4021 3060 4062 Omnes
3132 4004 3222 4074 qui
3264 4017 3330 4056 ex
3362 4008 3583 4070 peccato
3631 3996 3685 4050 in

2104 4115 2353 4159 naturam
2381 4102 2748 4157 incubuerant
2781 4107 2969 4154 reatus
3011 4109 3175 4166 atque
3218 4093 3566 4154 detrimenta,
3593 4103 3689 4157 per

2103 4213 2162 4252 se
2194 4209 2434 4266 purgans
2467 4192 2746 4255 abstersit,
2782 4189 3062 4246 inchoatio
3103 4185 3271 4241 veluti
3298 4194 3352 4238 et
3399 4183 3562 4236 art-ha
3595 4195 3690 4234 no-

2104 4289 2201 4342 stri
2239 4286 2414 4340 factus
2469 4283 2790 4354 plasmatis;
2835 4281 3178 4352 splendidam
3212 4279 3284 4331 ita
3325 4289 3488 4345 atque
3540 4273 3688 4328 omni

2108 4376 2492 4433 criminatione
2558 4375 2785 4430 liberam
2843 4379 3150 4426 creaturam
3207 4384 3361 4423 suam
3428 4361 3687 4429 eﬂiciens,

2104 4469 2262 4536 eique
2311 4463 2497 4533 gloriae
2547 4477 2660 4516 suae
2712 4463 2912 4515 decora
2977 4459 3238 4527 largiens.
3295 4455 3387 4509 Sic
3441 4455 3584 4508 enim
3635 4461 3692 4506 et

415 4551 705 4623 κάθαρσιν,
735 4553 763 4606 ό
793 4555 977 4623 πάσης
1006 4555 1267 4608 ἐπέκεινα
1308 4553 1688 4626 καθαρότητος
1715 4572 1729 4586 ·
1757 4555 1916 4608 τοῦτο
1945 4556 1997 4610 δὲ

2109 4558 2445 4628 baptizatus,
2477 4564 2723 4610 nostram
2757 4551 2969 4623 peregit
3000 4550 3396 4620 purgationem,
3429 4561 3548 4599 cum
3573 4544 3692 4614 ipse

420 4647 511 4697 καὶ
535 4647 703 4699 πάλαι
728 4646 794 4701 ἂν
813 4647 1204 4718 πεπλουτήκει,
1220 4647 1379 4720 εἴπερ
1395 4649 1456 4700 τὸ
1472 4649 1587 4702 ἀπα
1597 4647 1731 4718 ρχῆς
1757 4647 2004 4713 κτισθεὶς

415 4736 445 4802 ὁ
479 4734 770 4808 ἄνθρωπος
804 4736 905 4810 τὴν
945 4739 1168 4810 ἐντολὴν
1202 4742 1501 4810 τετηρήκει
1541 4739 1635 4796 τοῦ
1665 4739 1999 4804 Κτίσαντος’

413 4823 654 4896 καὶγὰρ
703 4824 790 4878 ἐπ’
836 4826 1112 4898 ἀθανασίᾳ
1157 4828 1296 4899 πρὸς
1324 4827 1419 4880 τοῦ
1462 4828 2000 4900 Δημιουργῆσαντος,

412 4917 514 4970 καὶ
547 4919 614 4989 τῇ
645 4918 780 4990 πρὸς
807 4917 871 4972 τὸ
897 4922 1146 4992 κρεῖττον
1182 4921 1463 4992 ἀναδρομῇ
1498 4921 1926 4992 παρενήνεκται.

487 5101 602 5158 Καὶ
639 5101 811 5157 ταῦτα
851 5105 1002 5175 ήμᾶς
1050 5107 1098 5158 οἱ
1135 5103 1394 5176 ἡμέτεροι
1443 5103 1759 5170 διδάσκαλοι
1807 5105 2003 5174 ἐκπαι-

415 5193 698 5248 δεύουσινο
731 5196 927 5268 εἴρηκε
975 5196 1086 5268 γάρ
1122 5212 1229 5250 που
1263 5198 1292 5251 ό
1321 5197 1467 5260 θεῖος
1505 5195 1867 5261 Ἀπόστολος·
1901 5199 2004 5252 Διὰ

417 5285 616 5351 τοῦτο,
661 5287 868 5358 ὥσπερ
897 5288 972 5343 δι’
1011 5289 1154 5356 ἐνὸς
1191 5289 1508 5360 ἀνθρώπου
1553 5289 1592 5354 ἡ
1625 5289 1880 5359 ἁμαρτία
1916 5293 2004 5358 εὶς

419 5379 528 5432 τὸν
551 5380 782 5450 κόσμον
811 5377 1086 5449 εἰσῆλθε,
1117 5380 1217 5434 καὶ
1260 5380 1360 5436 διὰ
1385 5379 1498 5448 τῆς
1519 5380 1808 5450 ἁμαρτίας
1839 5383 1872 5435 ὁ
1897 5369 2002 5434 θάὲ

423 5487 601 5539 νατος
624 5489 640 5503 ·
666 5472 769 5528 καί
789 5473 980 5541 οὕτως
997 5475 1088 5539 εἰς
1109 5472 1346 5541 πάντας
1383 5471 1738 5541 ἀνθρώπους
1771 5476 1802 5528 ό
1824 5471 2004 5528 θάνα-

425 5651 467 5696 9‘
503 5649 604 5705 lsa.
643 5665 766 5719 LIII,
796 5649 830 5707 9
856 5648 915 5720 ;I
953 5651 1098 5706 Petr.
1134 5649 1305 5716 ",2'2.
1383 5652 1426 5683 "
1453 5649 1614 5705 Rom.
1651 5667 1703 5712 v,
1733 5649 1813 5703 l2.

2109 4664 2272 4718 supra
2303 4662 2520 4709 omnem
2555 4645 2875 4700 munditiem
2912 4651 3079 4698 esset.
3111 4639 3166 4695 Id
3191 4648 3374 4692 autem
3399 4637 3526 4692 olitn
3556 4651 3690 4706 quo—

2105 4757 2213 4812 que
2247 4755 2350 4794 non
2384 4738 2668 4802 defuisset,
2710 4737 2754 4790 si
2783 4745 3004 4791 creatus
3035 4735 3101 4788 ab
3155 4733 3310 4787 initio
3355 4733 3516 4785 homo
3558 4743 3692 4798 prat-

2108 4844 2322 4903 ceptnm
2369 4830 2649 4887 Creatoris
2681 4831 3051 4884 observasset.
3091 4825 3228 4881 Nam
3270 4839 3441 4894 usque
3487 4823 3552 4875 ad
3594 4823 3692 4875 im-

2110 4924 2498 4991 mortalitatem
2544 4922 2951 4990 transitumque
2992 4921 3059 4975 ad
3103 4919 3348 4983 meliora,
3379 4934 3404 4969 ιι
3433 4915 3695 4971 Creatore

2107 5025 2399 5087 provectus
2431 5014 2642 5070 fuisset.

2184 5106 2310 5162 llaec
2345 5121 2444 5160 nos
2471 5105 2714 5174 magistri
2749 5102 2921 5158 nostri
2951 5102 3168 5158 docent.
3219 5100 3363 5154 Dixit
3409 5099 3554 5152 enim
3590 5095 3692 5150 ali—

2111 5197 2326 5268 quando
2355 5197 2510 5250 divus
2537 5195 2827 5264 Apostolus
2855 5211 2868 5247 :
2900 5191 3192 5262 Pmpterea
3225 5193 3360 5246 sicut
3405 5205 3498 5256 per
3528 5202 3692 5241 unum

2109 5291 2371 5344 hominem
2402 5297 2675 5357 peccatum
2705 5287 2760 5340 in
2791 5287 3042 5340 mundum
3070 5285 3328 5344 introivit,
3360 5295 3404 5334 et
3443 5295 3535 5348 per
3569 5292 3694 5346 pec-

2111 5395 2290 5436 catum
2329 5399 2492 5446 mors,
2511 5392 2670 5452 atque
2699 5382 2754 5436 in
2779 5398 2956 5436 omnes
2983 5379 3220 5434 homines
3257 5393 3394 5432 mors
3424 5385 3692 5446 pertrans-

2111 5476 2170 5528 iit
2199 5475 2266 5527 8'.
2297 5472 2423 5531 “me
2473 5475 2822 5545 antiquorum
2853 5473 3013 5528 etiam
3051 5470 3434 5526 nonnullorum
3479 5465 3716 5537 sapient

494 5807 607 5884 (48)
647 5806 756 5868 "oc
788 5807 984 5870 dicitur
1019 5807 1275 5866 adversus
1305 5807 1552 5864 ἣξει-θείης
1592 5804 2174 5876 luent-rupiicolztrunt.
