4050 6486
375 367 480 429 433

1412 367 1474 427 S.
1517 365 1937 428 NICEPHORI
1976 365 2486 426 PATRIARCHLE
2525 365 2626 427 (ΣΡ.

379 484 521 532 tibus
556 473 737 532 eil'atis
764 473 1140 542 continentur,
1174 473 1225 529 in
1258 473 1456 545 quibus
1481 474 1742 530 scribitur
1785 491 1796 527 :
1832 474 1972 540 quod

2087 490 2180 538 τος
2209 470 2421 538 διῆλθε
2445 490 2458 503 ·
2491 473 2665 527 ταῦτα
2702 472 2797 525 καὶ
2829 471 3076 544 ἀρχαίων
3107 470 3272 525 τινῶν
3310 466 3491 535 σοφαὶ
3522 481 3690 537 περι-

382 571 522 625 Deus
576 577 807 624 mortem
866 583 972 623 non
1027 566 1238 634 fecerit,
1293 566 1387 622 sed
1440 568 1508 621 ad
1560 566 1963 622 subsistendum

379 672 575 714 cuncta
622 660 933 726 creaverit;
992 666 1070 725 et,
1108 657 1252 728 quod
1296 661 1567 714 salutares
1617 657 1727 712 sint
1781 657 1966 711 mundi

379 752 646 820 origines,
674 767 848 823 neque
876 752 956 806 eis
993 751 1184 806 mortis
1210 751 1565 820 pharmacum
1613 748 1743 804 insit
1774 749 1818 781 ⁸³
1850 769 1863 804 :
1892 760 1967 813 et,

378 847 526 914 quod
563 846 704 899 Deus
738 846 1011 899 hominem
1054 844 1358 897 condiderit
1385 843 1451 898 ad
1479 842 1970 911 incorruptibilita-

385 950 513 1001 tcm,
550 939 749 991 invidia
791 948 972 991 autem
1003 937 1200 991 diaboli
1236 936 1455 991 morsiu
1502 936 1762 991 mundmn
1799 937 1968 991 intra-

386 1032 525 1084 verit
565 1030 632 1083 ⁸⁸.
662 1031 756 1084 His
786 1045 1021 1084 consona
1044 1029 1270 1083 Patrum
1304 1044 1519 1100 quoque
1556 1029 1832 1098 religionis
1866 1045 1968 1083 nn-

381 1133 512 1176 Strm
541 1125 921 1190 magistrorum
955 1135 1116 1174 voces
1144 1120 1462 1189 prazdicant.
1509 1122 1664 1187 Quod
1685 1136 1818 1191 ergo
1852 1135 1970 1175 ma-

379 1214 499 1283 jore
529 1214 943 1267 conlirmatioue
969 1213 1266 1283 indigebat,
1314 1214 1367 1267 id
1402 1228 1591 1283 reapse
1640 1227 1701 1268 ea
1738 1216 1968 1283 potitum

381 1316 490 1362 est.
535 1303 649 1357 Non
681 1304 826 1359 enim
855 1319 1055 1372 corpus
1096 1303 1383 1369 oportebat
1419 1303 1534 1377 ﬁeri
1563 1304 1965 1371 incorporeum,

380 1404 443 1450 ιιι
495 1406 642 1451 esset
690 1397 855 1449 etiam
915 1396 1479 1463 iucircumscriptum,
1532 1394 1969 1463 quandoquidem

383 1503 493 1542 non
541 1489 747 1558 absque
799 1502 1027 1557 corpore
1059 1488 1222 1541 homo
1253 1498 1468 1541 creatus
1499 1485 1608 1540 fuit
1641 1504 1655 1540 :
1689 1501 1864 1557 neque
1888 1501 1973 1541 se-

384 1582 500 1637 rius
545 1592 765 1651 propter
816 1593 1095 1651 peccatum
1147 1596 1344 1650 corpus
1395 1582 1446 1636 ei
1499 1581 1731 1636 accessit
1787 1580 1898 1649 (49)
1955 1598 1968 1635 :
2010 1606 2016 1614 -

384 1673 586 1742 alioqui
640 1690 813 1743 neque
844 1673 1010 1727 homo
1042 1675 1344 1729 exstitisset
1374 1688 1551 1743 neque
1584 1675 1970 1743 transgressio.

386 1763 443 1818 In
472 1782 579 1834 quo
611 1768 755 1819 enim
804 1764 1021 1820 demum
1056 1776 1338 1834 peccatum
1390 1776 1662 1835 patratum
1696 1766 1818 1831 fuit,
1869 1767 1972 1822 nisi

2070 566 2254 635 έχουσι
2269 567 2479 636 ῥήσεις,
2496 566 2620 619 καθ’
2634 565 2701 631 ἃς
2724 566 3053 636 γέγραπται,
3073 566 3183 619 ὃτιι
3205 565 3264 617 '0
3283 562 3428 625 Θεὸς
3448 561 3693 614 θάνατον

2066 658 2168 710 οὐκ
2200 658 2484 725 ἐποίησεν,
2538 657 2655 710 ἀλλ’
2688 658 2908 712 ἔκτισεν
2947 659 3029 720 εἱς
3071 657 3132 710 τὸ
3170 652 3313 710 εἶναι
3349 654 3429 707 τὰ
3457 653 3688 706 πάντα’

2068 749 2165 803 καὶ
2220 750 2482 821 σωτήριοι
2504 751 2559 802 αί
2582 751 2829 819 γενέσεις
2860 749 2957 803 τοῦ
2988 749 3219 819 κόσμου,
3246 747 3350 801 καὶ
3383 746 3496 799 οὐκ
3539 744 3694 798 ἐστιν

2070 843 2127 894 ἐν
2152 842 2345 905 αὐταῖς
2374 841 2672 912 φάρμακον
2691 843 2914 913 ὀλέθρου
2937 859 2949 873 ·
2986 862 3005 895 ι
3043 843 3158 905 καὶ,
3184 842 3265 895 ὅτι
3299 842 3345 892 ι’
3364 844 3408 893 υ
3435 838 3578 902 θεὸς
3607 838 3694 891 ἔκ-

2069 949 2186 985 τισε
2208 933 2301 985 τὸν
2324 932 2613 1003 ἄνθρωπον
2649 935 2736 987 ἐπ’
2769 933 3069 1003 ἀφθαρσίᾳ,
3101 932 3196 985 καὶ
3218 931 3407 1000 φθόνῳ
3426 928 3691 982 διαϐόλου

2072 1025 2301 1088 θάνατος
2319 1028 2398 1088 εἰς
2417 1027 2506 1077 τὸν
2533 1027 2736 1096 κόσμον
2760 1026 2979 1094 είσῆλθε
3004 1041 3019 1055 ο
3044 1046 3064 1077 ι
3090 1023 3303 1085 τούτοις
3338 1022 3574 1092 συνῳδὰ
3595 1022 3693 1074 καὶ

2070 1118 2179 1172 τῶν
2222 1118 2568 1189 ἱερομυστῶν
2606 1118 2868 1188 Πατέρων
2896 1120 2953 1171 αἱ
2998 1118 3178 1186 φωναὶ
3209 1114 3654 1186 διαγορεύουσιν
3676 1128 3691 1144 ο

2072 1211 2209 1281 ὅπερ
2237 1206 2330 1263 οὖν
2361 1210 2532 1263 ἐδεῖτο
2565 1210 2823 1279 βοηθείας
2856 1211 2956 1279 τῆς
2990 1211 3333 1281 κρείττονος,
3375 1207 3553 1259 τοῦτο
3599 1206 3695 1257 καὶ

2072 1304 2336 1373 τυγχάνει
2366 1320 2379 1333 ·
2405 1303 2468 1355 οὐ
2496 1302 2606 1373 γὰρ
2636 1302 2698 1355 τὸ
2724 1301 2884 1371 σῶμα
2912 1300 3021 1353 ἔδει
3052 1300 3312 1368 γενέσθαι
3350 1296 3695 1367 ἀσώματον,

2075 1396 2163 1451 ίνα
2257 1397 2353 1450 καὶ
2386 1396 2830 1467 ἁπερίγραπτον,
2864 1395 3100 1465 ἐπείπερ
3121 1395 3225 1446 οὐκ
3245 1394 3382 1447 ἄνευ
3426 1390 3695 1459 σώματος

2073 1489 2408 1561 ὁᾶνθρωπος
2433 1489 2929 1560 δεδημιούργηται,
2952 1486 3076 1541 οὐδὲ
3096 1487 3175 1550 είς
3198 1484 3446 1557 ὕστερον
3470 1483 3567 1537 διὰ
3590 1483 3694 1551 τὴν

2077 1584 2356 1655 ἁμαρτίαν
2388 1583 2539 1654 αὐτῷ
2582 1583 2644 1636 τὺ
2683 1581 2845 1651 σῶμα
2881 1580 3289 1652 προσγέγονεν·
3348 1578 3385 1649 ἢ
3448 1577 3568 1647 γὰρ
3627 1573 3694 1627 ἂν

2077 1678 2196 1731 οὐδὲ
2226 1677 2535 1746 ἄνθρωπος,
2575 1675 2694 1729 οὐδὲ
2723 1674 3043 1746 παράὁασις
3073 1690 3088 1706 ο
3122 1676 3181 1725 ὲν
3228 1672 3338 1726 τίνι
3384 1670 3506 1741 γὰρ
3552 1669 3693 1732 ὅλως

2078 1770 2146 1823 τὰ
2174 1771 2271 1839 τῆς
2306 1769 2581 1840 ἁμαρτίας
2614 1767 2959 1838 ἐπέπρακτο,
2982 1767 3120 1822 ἀλλὰ
3140 1765 3211 1819 τὰ
3241 1765 3380 1834 περὶ
3407 1764 3476 1815 τὸ
3504 1762 3691 1832 σῶμα,

386 1857 441 1911 in
477 1859 726 1926 corporis
747 1857 1151 1923 aﬂ'ectionibus,
1183 1875 1304 1928 qua!
1333 1857 1446 1925 jam
1473 1860 1524 1913 iu
1551 1860 1725 1928 ipsum
1756 1870 1978 1928 propter

2087 1865 2226 1935 ἅπερ
2258 1865 2358 1936 ἤδη
2408 1864 2497 1917 διὰ
2535 1862 2637 1934 τὴν
2689 1862 3007 1932 εἰσποίητον
3041 1860 3192 1930 αὐτῷ
3241 1858 3544 1929 ἁμαρτίαν
3579 1858 3692 1908 εἱσ-

386 1950 634 2005 inolitum
664 1962 942 2019 peccatum
992 1951 1358 2006 introierant?
1388 1949 1557 2022 Igitur
1602 1962 1897 2007 renovatur
1927 1954 1979 2008 in

385 2043 605 2098 Christo
638 2054 830 2099 natura
883 2053 938 2100 ct
969 2044 1234 2100 salvator.
1267 2045 1338 2100 Et
1394 2048 1539 2116 quod
1582 2060 1784 2115 corpus
1838 2047 1981 2101 Deus

385 2137 712 2204 assumpsit,
745 2136 1036 2192 deiﬁcatur
1066 2148 1263 2202 totmn,
1323 2138 1376 2191 in
1415 2138 1615 2194 melius
1648 2147 1982 2194 transmuta-

389 2237 523 2290 tum,
571 2236 627 2281 et
674 2226 1035 2283 iueﬂ‘abilibus
1090 2229 1432 2283 ornamentis
1498 2240 1858 2294 coronatum;
1919 2244 1984 2283 ac

388 2319 636 2387 spiritale
683 2320 943 2390 deinceps
998 2330 1140 2385 erat,
1176 2330 1340 2390 atque
1381 2335 1598 2376 omnem
1647 2335 1983 2389 exsuperans

388 2406 728 2461 materialem
776 2420 1164 2478 terrenamque
1209 2412 1534 2465 crassitiem.
1559 2410 1748 2480 Neque
1776 2412 1984 2465 ideirco

389 2512 587 2567 corpus
633 2513 756 2554 esse
796 2500 983 2565 desiit,
1024 2502 1119 2556 sed
1164 2516 1367 2569 corpus
1415 2517 1537 2557 esse
1593 2504 1980 2572 perseveravit,

389 2590 723 2645 cuicuimodi
754 2592 975 2647 demum
1012 2592 1065 2647 id
1098 2603 1205 2660 est,
1230 2605 1284 2649 et
1316 2605 1467 2649 certe
1484 2594 1980 2664 circumscriptum.

392 2681 510 2739 Non
547 2685 692 2738 enim
726 2687 973 2743 exterius
1018 2691 1269 2757 provenit
1315 2703 1496 2756 neque
1522 2703 1585 2742 ex
1629 2698 1851 2757 peccato
1884 2690 1986 2742 cir-

389 2776 772 2844 cumscriptio,
805 2780 1083 2843 quomodo
1116 2778 1424 2846 corruptela
1456 2786 1511 2830 et
1537 2776 1657 2831 aliae
1702 2777 1984 2845 passiones

389 2867 793 2933 subintrarunt,
825 2869 919 2923 sed
945 2883 1007 2922 ea
1038 2869 1288 2938 corporis
1313 2879 1395 2923 est
1430 2869 1908 2939 indigena,atqur,
1927 2880 1986 2923 ut

393 2958 470 3013 ita
508 2960 709 3024 dicam,
739 2961 856 3014 haec
887 2969 971 3015 est
997 2961 1244 3030 corporis
1276 2960 1711 3026 circumstantia,
1736 2970 1789 3014 et
1817 2961 1985 3029 ipsius

391 3053 660 3107 terminus
694 3064 858 3122 atque
910 3055 1068 3110 ratio.
1105 3053 1239 3108 Nam
1301 3054 1459 3125 113
1512 3054 1557 3107 si
1607 3054 1731 3123 quis
1761 3054 1985 3108 deﬁniat

388 3160 588 3216 corpus
605 3146 799 3215 triplici
822 3145 1085 3216 qualitate
1105 3159 1385 3211 constare,
1403 3147 1484 3200 vel
1506 3146 1814 3216 physicum,
1832 3160 1984 3214 orga-

2083 1960 2362 2029 έφρησεν;
2399 1957 2598 2011 ούκοῦν
2629 1957 2937 2021 καινίζεται
2972 1956 3070 2026 μὲν
3100 1957 3132 2024 ἠ
3159 1953 3319 2022 φύσις
3360 1954 3423 2004 ὲν
3461 1947 3694 2020 Χριστῷ

2082 2053 2179 2105 καὶ
2212 2050 2562 2115 ἀνασώζεται
2586 2066 2600 2081 ⁸
2627 2050 2723 2103 καὶ
2753 2049 2780 2101 ὂ
2810 2048 3218 2120 προσείληπται
3248 2048 3328 2117 τῷ
3350 2044 3483 2115 Θεῷ
3505 2044 3688 2112 σῶμα,

2080 2143 2348 2196 τεθέωται
2384 2143 2484 2213 μὲν
2512 2142 2658 2204 ὅλον,
2692 2142 2786 2194 ἐπὶ
2813 2141 2874 2195 τὸ
2913 2141 3124 2211 βέλτιον
3154 2135 3692 2210 μεταστοιχειοὸμε-

2083 2252 2194 2298 νον,
2237 2236 2331 2288 καὶ
2364 2236 2486 2298 ταῖς
2533 2235 2799 2306 ἀρρήτοις
2844 2233 3127 2294 εύκλείαις
3170 2230 3686 2299 καταστεφόμενον,

2084 2327 2462 2397 πνευματικόν
2490 2344 2552 2379 τε
2608 2323 2679 2397 ἦν
2711 2326 2920 2390 λοιπὸν,
2974 2327 3069 2378 καὶ
3125 2327 3308 2379 πᾶσαν
3349 2320 3692 2390 ὑπερϐαῖνον

2085 2417 2278 2471 ὑλιιίαν
2311 2420 2404 2472 καὶ
2435 2398 2618 2489 γεῶδη
2654 2416 2979 2489 παχύτητα”
3018 2417 3076 2470 τὸ
3105 2417 3162 2469 δὲ
3217 2413 3362 2469 εἶναι
3421 2414 3590 2481 σῶμα
3626 2410 3687 2463 ού

2084 2512 2427 2583 παρῄτηται,
2463 2512 2626 2582 σῶμα
2658 2511 2716 2564 δὲ
2770 2511 3085 2582 μεμενηκὸς
3116 2509 3219 2563 κᾶν
3251 2506 3553 2562 ὁποιονοῦν
3597 2503 3691 2557 καὶ

2082 2606 2233 2668 ὅπως
2273 2604 2419 2675 ἔχον,
2475 2604 2572 2657 καὶ¹
2617 2602 3065 2673 περιγράφεσθαι
3114 2601 3404 2668 πέφυκεν*
3462 2600 3528 2652 οὑ
3580 2596 3689 2668 γὰρ

2084 2695 2286 2762 ἔξωθεν
2315 2696 2411 2747 καὶ
2440 2695 2504 2748 ὲκ
2533 2693 2630 2765 τῆς
2666 2693 2945 2762 ἁμαρτίας
2978 2694 3010 2764 ἡ
3041 2691 3394 2762 περιγραφὴ,
3432 2689 3629 2760 ὥσπερ
3653 2690 3684 2758 ἡ

2085 2788 2263 2859 φθορὰ
2286 2788 2381 2841 καὶ
2410 2786 2579 2841 τᾶλλα
2607 2786 2757 2857 adt-’31;
2779 2785 3131 2855 ὲπεισῆκται,
3155 2784 3272 2839 ἀλλ’
3294 2783 3538 2837 αὐτόθεν
3554 2799 3565 2811 ·
3595 2782 3687 2834 καὶ

2083 2881 2156 2945 ὡς
2179 2880 2247 2934 ἂν
2273 2881 2419 2934 εἴποι
2448 2897 2533 2943 τις
2564 2880 2596 2950 ἡ
2627 2878 2723 2932 τοῦ
2751 2878 3004 2948 σώματος
3028 2878 3354 2948 περίστασις
3384 2876 3486 2929 καὶ
3508 2876 3537 2928 ὁ
3567 2870 3685 2926 κατ’

2084 2972 2218 3026 αὐτὸ
2246 2973 2372 3043 ὄρος
2396 2989 2455 3025 τε
2488 2971 2587 3024 καὶ
2612 2971 2775 3038 λόγος
2800 2987 2812 3002 ·
2838 2971 2885 3022 εί
2909 2970 3019 3039 γάρ
3045 2986 3129 3031 τις
3155 2968 3408 3039 ὁρίσαιτο
3440 2966 3505 3019 τὸ
3529 2964 3685 3034 σῶμα

2084 3061 2223 3119 εἶναι
2251 3067 2414 3136 τριχῆ
2445 3062 2760 3127 διαστατὸν,
2814 3062 2847 3132 ἦ
2880 3061 3136 3132 φυσικὸν,
3169 3060 3488 3130 ὀργανικὸν,
3526 3057 3684 3112 δυνά·

2090 3176 2179 3230 μει
2225 3158 2376 3228 ζωὴν
2425 3158 2570 3226 ἔχον,
2614 3155 2647 3226 ἢ
2693 3154 2753 3207 τὸ
2801 3153 3283 3224 ἐσχηματισμένον
3330 3152 3431 3205 καὶ
3484 3152 3681 3220 πέρασι

391 3237 596 3303 nicum,
634 3238 826 3293 intima
856 3239 1062 3294 virtute
1102 3239 1323 3306 vivens;
1351 3238 1436 3294 vel
1480 3240 1771 3309 ﬁguratum
1792 3247 1845 3293 et
1876 3247 1982 3292 ter-

2087 3249 2500 3323 διει).ημμένον,
2522 3249 2668 3319 ἅπερ
2697 3246 2925 3308 οἰκείως
2958 3247 3055 3300 ἐπὶ
3082 3246 3178 3300 τοῦ
3206 3245 3330 3299 καθ’
3361 3246 3520 3316 ἡμᾶς
3549 3243 3685 3311 λαμ·

390 3329 557 3385 tninis
604 3332 1096 3401 comprehensum,
1128 3348 1249 3402 qua:
1287 3332 1467 3388 omnia
1512 3331 1682 3387 nostri
1738 3330 1982 3400 corporis

391 3421 610 3491 propria
649 3431 797 3487 sunt,
827 3422 962 3475 nihil
996 3422 1141 3478 aliud
1195 3438 1360 3494 quam
1396 3422 1529 3477 illud
1574 3435 1698 3478 esse
1745 3422 1983 3475 circum-

391 3512 660 3582 scriptum
694 3512 1037 3582 signiﬁcabit.

466 3625 598 3682 Post
632 3626 1091 3682 resurrectionem
1144 3625 1312 3698 igitur
1364 3642 1394 3681 a
1446 3626 1700 3691 mortuis,
1772 3624 1981 3682 Christi

396 3734 622 3790 corpus,
655 3733 968 3789 quanquam
1007 3718 1263 3774 deiﬁcato
1301 3716 1483 3774 simile
1514 3726 1684 3774 totum
1710 3718 1983 3789 apparuit,

397 3812 571 3868 nihilo
604 3821 785 3867 tamen
821 3812 1001 3867 minus
1021 3825 1224 3881 corpus
1252 3811 1521 3866 remansit
1550 3827 1564 3866 :
1609 3827 1715 3865 non
1747 3811 1892 3865 enim
1917 3808 1986 3863 ad

399 3905 619 3960 deitatis
636 3904 999 3960 substantiam
1031 3898 1115 3960 est
1146 3901 1616 3957 transformatum.
1669 3902 1805 3956 Nam
1842 3901 1986 3971 quod

398 3993 654 4050 Christus
682 3992 983 4049 secundum
1013 4006 1238 4046 carnem
1269 3989 1381 4060 jam
1419 4006 1526 4046 nou
1568 3991 1892 4060 agnoscitur
1914 3990 1981 4053 ⁸⁵,

399 4087 547 4143 haud
578 4086 732 4142 nobis
762 4084 1038 4155 signiﬁcat
1069 4083 1316 4153 corporis
1351 4083 1715 4138 cessationem
1749 4092 1842 4136 aut
1888 4084 1988 4137 de-

398 4176 897 4249 positionem,sunt
921 4172 1067 4229 enim
1097 4174 1183 4228 hae
1214 4170 1641 4227 Manichaeorum
1687 4171 1990 4225 hallucina-

400 4270 605 4336 tiones,
655 4268 749 4325 sed
789 4266 936 4339 quod
994 4266 1378 4335 corporalibus
1451 4262 1882 4321 necessitatibus
1918 4263 1994 4318 sit

397 4368 711 4431 exemptus,
742 4370 799 4416 et
822 4374 889 4415 ex
917 4358 1232 4417 carnalibus
1256 4357 1638 4413 adfectionibus
1690 4364 1993 4426 nostraque

400 4454 720 4509 inﬁrmitate
741 4452 1066 4517 excesserit,
1102 4460 1232 4522 puta
1274 4450 1462 4506 labore
1495 4464 1562 4505 ex
1598 4448 1818 4517 itinere,
1874 4449 1987 4516 siti,

400 4547 566 4614 fame,
610 4561 832 4615 pavore,
862 4554 920 4600 et
945 4545 989 4600 si
1019 4545 1149 4615 quid
1179 4544 1324 4600 aliud
1350 4543 1791 4614 esthujusmodi.
1824 4562 1843 4596 ι
1868 4541 1991 4598 Νοιι

2091 3343 2317 3399 ϐάνεται
2371 3339 2648 3413 σώματος,
2695 3342 2851 3394 οὐδὲν
2885 3339 3140 3413 ἒτερονῆ
3187 3338 3251 3392 τὸ
3300 3334 3684 3411 περιγραπτὸν

2090 3436 2227 3492 αὐτὸ
2264 3430 2406 3490 εἶναι
2438 3452 2652 3505 καταση
2664 3436 2878 3505 μήνειε.

2162 3621 2319 3678 Μετὰ
2371 3620 2506 3691 γοῦν
2539 3620 2640 3691 τὴν
2698 3621 2763 3674 ὲκ
2812 3619 3027 3691 νεκρῶν
3098 3619 3421 3686 ἀναϐίωσιν,
3480 3616 3543 3670 τὸ
3590 3613 3682 3667 τοῦ

2092 3715 2335 3788 Χριστοῦ
2374 3715 2556 3785 σῶμα,
2590 3712 2770 3767 καίτοι
2805 3711 3218 3765 θεοειδέστατον
3255 3711 3375 3764 ὅλον
3421 3710 3678 3780 πεφηνῆς.

2098 3809 2406 3881 μεμένηκεν
2437 3807 2590 3878 ὅμως
2625 3806 2817 3877 σῶμα’
2838 3805 2896 3857 οὐ
2930 3804 3039 3875 γὰρ
3069 3805 3152 3868 είς
3178 3803 3276 3875 τὴν
3302 3804 3402 3874 τῆς
3434 3803 3684 3872 θεότητος

2094 3900 2286 3954 οὐσίαν
2314 3897 2751 3971 μετακεχὼρηκε
2774 3913 2788 3928 ’
2815 3902 2877 3949 τδ
2900 3896 3009 3968 γὰρ
3038 3897 3241 3968 μηκέτι
3272 3895 3516 3965 Χριστὸν
3547 3890 3684 3945 κατὰ

2097 3993 2278 4064 σάρκα
2296 3989 2694 4061 γινώσκεσθαι,
2713 3989 2772 4042 οὗ
2798 3989 2894 4042 τοῦ
2920 3988 3174 4060 σώματος
3190 3989 3326 4058 ἡμῖν
3350 3983 3683 4056 ὑπαγορεύει

2095 4087 2197 4147 τὴν
2233 4082 2573 4155 παραίτησιν
2606 4083 2639 4155 ἢ
2670 4082 2770 4154 τὴν
2798 4081 3061 4136 ἀπόθεσιν
3081 4122 3095 4147 ,
3138 4074 3488 4151 Μανιχαῖκδν
3529 4076 3685 4130 τοῦτο

2096 4178 2157 4232 τὸ
2190 4178 2402 4244 σκότος,
2434 4176 2552 4231 ἀλλ’
2572 4176 2656 4229 ὅτι
2688 4175 2796 4229 τῶν
2831 4174 3170 4246 σωματικῶν
3200 4173 3465 4243 ἀναγκῶν
3495 4170 3684 4242 ἐξῄρη-

2099 4287 2209 4331 ται,
2243 4270 2337 4323 καὶ
2382 4268 2493 4323 τῶν
2547 4266 2824 4341 σαρκικῶν
2884 4266 3075 4321 παθῶν
3114 4267 3208 4320 καὶ
3265 4266 3365 4336 τῆς
3415 4266 3683 4337 ἡμετέρας

2099 4362 2387 4426 ἀσθενείας
2430 4361 2754 4434 ἐκϐέϐηκεν,
2795 4354 2910 4415 οἷον
2953 4359 3047 4414 τοῦ
3109 4362 3174 4414 ἐκ
3232 4362 3332 4429 τῆς
3372 4352 3684 4425 ὁδοιπορίας

2099 4452 2272 4523 κόπου
2299 4452 2464 4524 δίψης
2498 4469 2555 4505 τε
2603 4457 2698 4508 καὶ
2746 4453 2939 4523 πείνης
2981 4452 3076 4505 καὶ
3126 4451 3354 4517 δειλίας,
3408 4452 3505 4504 καὶ
3559 4448 3684 4501 εἴτι

2101 4544 2310 4609 τούτοις
2344 4543 2753 4616 παραπλήσιον.
2807 4563 2826 4595 ι
2859 4543 3061 4598 Οὐκέτι
3095 4543 3191 4615 μὲν
3216 4543 3324 4614 γὰρ
3352 4544 3557 4613 σάρκα,
3588 4540 3683 4591 οὐκ

400 4638 544 4691 enim
580 4636 690 4705 jam
727 4651 861 4691 caro
896 4645 1004 4703 est,
1045 4651 1222 4705 neque
1272 4648 1454 4691 tamen
1489 4647 1578 4691 est
1609 4637 1982 4707 incorporeus,

2094 4639 2394 4710 ἀσώματον
2440 4638 2521 4703 δὲ,
2566 4639 2686 4692 ἀλλ’
2746 4632 2831 4702 οἷς
2889 4635 2997 4692 οἶδε
3047 4636 3229 4706 λόγοις
3286 4636 3682 4704 θεοειδεστέρου

404 4728 500 4781 sed
527 4740 613 4790 co,
641 4740 801 4796 quem
835 4727 951 4794 ipse
979 4726 1109 4790 scit,
1135 4725 1375 4780 deiticati
1411 4727 1661 4796 corporis
1682 4728 1864 4793 modo,
1896 4746 1914 4779 ι
1940 4736 1999 4783 ut

402 4832 634 4887 magnus
680 4818 944 4887 praedicat
968 4816 1269 4889 Gregorius
1308 4817 1445 4890 (50).
1484 4819 1688 4874 Deinde
1721 4837 1734 4873 :
1792 4838 1811 4870 ι
1853 4821 1997 4889 quod

405 4908 508 4962 hoc
531 4908 894 4978 corruptibile
922 4908 1071 4964 indui
1104 4911 1304 4966 debeat
1336 4910 1891 4981 incorruptibilitate,
1941 4922 1997 4967 et

405 4999 638 5063 ruortale
682 4997 801 5053 ﬁeri
855 5001 1167 5056 immortale
1198 5019 1218 5054 ι
1282 5016 1512 5072 magnus
1545 5004 1708 5059 docet
1746 5002 1985 5071 Aposto-

405 5091 487 5143 lus
513 5091 581 5147 ⁸⁸.
619 5090 728 5147 Sed
758 5107 959 5163 corpus
1016 5093 1518 5165 incorporalitatem
1575 5096 1681 5152 sibi
1745 5096 1991 5162 induere,

404 5183 487 5236 vel
522 5194 772 5241 creatum
818 5185 934 5241 ﬁeri
976 5187 1305 5252 increatum,
1362 5188 1449 5244 vel
1506 5189 1999 5261 circumscriptum

407 5277 472 5335 ad
525 5277 1157 5352 ineircumscriptionem
1213 5283 1595 5349 transmutari,
1634 5284 1872 5340 nondum
1920 5285 1988 5339 ad

477 5478 525 5526 β*
555 5480 684 5552 Sap.
721 5501 759 5554 ι,
801 5487 886 5552 15,
924 5485 1009 5541 14.
1087 5487 1134 5521 ⁸⁸
1161 5487 1290 5559 Sap.
1336 5490 1512 5553 ".24.

478 5661 593 5741 (49)
633 5663 861 5741 Animas
907 5666 976 5721 ob
1022 5668 1213 5741 priora
1238 5680 1494 5736 peccata,
1527 5671 1578 5726 in
1617 5687 1842 5741 corpora
1891 5673 1996 5726 im-

413 5733 554 5813 mitti
588 5733 1365 5813 etiquodamtnodmrelegari
1390 5784 1402 5805 ,
1456 5733 1591 5796 vana
1630 5733 1990 5813 quorumdam

413 5803 852 5883 philosophorum
888 5808 1067 5878 Opinio
1098 5808 1220 5864 fuit.

1645 5490 1689 5524 ⁸⁵
1720 5491 1760 5545 il
1794 5490 1921 5548 Cor.
1953 5508 2006 5559 ν,
2032 5492 2120 5547 16.

2101 4731 2378 4803 σώματος,
2416 4749 2434 4781 ι
2470 4732 2566 4784 καὶ
2615 4733 2643 4785 ὁ
2677 4730 2852 4802 μέγας
2889 4730 3154 4801 κηρύσσει
3186 4729 3514 4807 Γρηγόριος.
3561 4720 3685 4781 Εἶτα

2104 4841 2122 4876 ι
2160 4824 2284 4877 Ὅτι
2312 4822 2374 4875 τὸ
2408 4822 2508 4892 μὲν
2544 4823 2788 4893 φθαρτὸν
2820 4821 2981 4875 τοῦτο
3009 4821 3337 4876 ἐνδύσασθαι
3373 4823 3457 4879 δεῖ
3476 4824 3683 4892 ἀφθαρ-

2099 4915 2243 4980 σίαν,
2268 4914 2365 4968 καὶ
2380 4917 2440 4968 τὸ
2468 4914 2662 4985 Θνητὸν
2681 4915 3009 4982 ἀθανασίαν,
3026 4934 3043 4964 ι
3076 4915 3104 4967 ὁ
3137 4915 3314 4985 μέγας
3338 4910 3686 4985 μυσταγωγεῖ

2111 5007 2440 5073 ’Δπόστολος
2461 5024 2475 5038 ⁸
2526 5008 2587 5061 τὸ
2618 5008 2674 5061 δὲ
2709 5007 2871 5075 σῶμα
2905 5006 3315 5077 ἀσωματότητα
3342 5003 3681 5065 ἐνδύσασθαι,

2104 5101 2136 5173 ἢ
2168 5101 2229 5155 τὸ
2268 5102 2489 5156 κτιστδν
2521 5100 2781 5170 γενέσθαι
2813 5101 3096 5164 ἄκτιστον,
3126 5101 3158 5172 ἢ
3207 5100 3269 5154 τὸ
3312 5095 3682 5171 περιγρχπτὺν

2102 5195 2183 5257 είς
2214 5192 2630 5265 ἁπεριγραψίαν
2661 5191 3156 5264 μετατεθήσεσθαι,
3193 5190 3349 5245 οὔπω
3396 5191 3558 5261 μέχρι
3596 5183 3685 5239 καὶ

2106 5288 2347 5359 σήμερον
2387 5287 2681 5357 ἦκουσται·
2732 5286 2939 5340 τούτων
2973 5286 3029 5339 δέ
3079 5302 3202 5339 τινα
3243 5285 3335 5337 καὶ
3384 5282 3683 5354 ἀσωμάτων

2198 5492 2241 5523 ⁸⁸
2282 5490 2452 5548 lCor.
2483 5510 2573 5555 xv,
2604 5492 2693 5547 55.

2180 5673 2292 5742 (fill)
2325 5674 2486 5743 Grcg.
2525 5675 2782 5729 Naziauz.
2832 5684 2972 5732 orat.
3011 5674 3099 5739 40,
3139 5689 3192 5727 ιι.
3232 5671 3323 5728 45.
3362 5669 3496 5726 Vide
3530 5675 3682 5723 etiam

2103 5755 2243 5797 orat.
2281 5744 2331 5808 7,
2370 5761 2422 5798 ιι.
2452 5747 2542 5799 21.

3585 352 3693 416 ιιι
3773 331 3784 340 ’
