4050 6422
408 352 516 421 445

1099 360 1727 426 ANTIRRHETICUS
1765 365 1858 427 III
1897 368 2066 430 ADV.
2106 366 2702 429 CONSTANTINUM
2743 371 2937 431 (ΣΟΡῆ

3563 369 3672 434 446

409 470 542 534 τδια,
574 468 702 523 ἐπεὶ
735 468 829 524 καὶ
850 468 1075 538 ἄ,γελοι
1105 471 1310 543 κτίσμα
1336 473 1499 543 Θεοῦ,
1537 476 1630 531 καὶ
1663 476 1745 547 τῷ
1780 472 1986 548 ἦρχθαι

2100 478 2231 532 hanc
2256 491 2427 548 usque
2458 479 2603 534 diem
2635 479 2878 535 auditum
2905 488 3011 534 est.
3062 480 3186 536 llaec
3243 481 3443 552 partim
3505 484 3669 537 attri-

406 561 569 633 ἔσχον
593 560 658 615 τὸ
682 560 1144 633 περιγράφεσθαι.

488 830 713 902 Ῥητὲον
750 831 934 883 τοίνυν
963 833 1039 895 ὡς
1073 833 1106 903 η
1134 832 1479 901 Χριστιανῶν
1517 835 1773 905 ὁμολογεῖ
1806 833 1991 888 θεοσέ-

411 923 556 989 ϐεια,
586 923 706 994 ἦτοι
737 925 836 993 τῆς
870 922 1170 987 καθολικῆς
1209 926 1304 977 καὶ
1336 926 1702 996 ἁποστολικῆς
1758 927 1993 997 Ἐκκλη-

412 1017 533 1079 σίας
564 1017 875 1069 ἐκδιδάσκει
915 1016 977 1069 τὸ
1016 1018 1307 1087 κηρυγμα,
1343 1020 1425 1072 ὅτι
1459 1019 1525 1090 δὴ
1571 1022 1598 1072 δ
1630 1021 1867 1090 Χριστὸς
1898 1021 1993 1073 καὶ

408 1109 541 1170 Θεὸς
578 1108 737 1177 ἡμῶν
772 1111 911 1177 μετὰ
940 1107 1039 1178 τὴν
1071 1112 1150 1171 είς
1201 1109 1469 1177 οὐρανοὺς
1514 1109 1719 1174 ἄνοδον,
1770 1112 1864 1163 καὶ
1896 1111 1993 1180 τὴν

408 1201 473 1252 ἐκ
500 1198 696 1263 δεξιῶν
726 1198 821 1251 τοῦ
858 1199 993 1253 Θεοῦ
1033 1202 1129 1252 καὶ
1165 1200 1381 1270 Πατρός
1412 1200 1681 1271 καθέδραν
1719 1204 1815 1254 καὶ
1848 1202 1995 1274 ἰδρυ-

409 1309 521 1353 σιν,
552 1292 650 1361 τὴν
696 1292 1144 1362 προσληφθεῖσα-ι
1181 1296 1456 1363 τετήρηκε
1489 1292 1650 1362 φύσιν
1698 1296 1992 1365 ἀμείωτον,

411 1386 510 1439 καὶ
556 1384 713 1437 οὐδὲν
758 1385 869 1438 τῶν
899 1385 960 1449 ἐξ
1001 1377 1077 1436 ὧν
1105 1383 1246 1455 αῦτη
1282 1385 1807 1456 χαρακτηριζομένη
1863 1404 1991 1439 συν-

412 1476 610 1547 έστηκε
642 1476 826 1546 μερῶν
852 1475 1237 1545 ἀποϐέϐληκεν
1255 1492 1267 1505 ·
1298 1476 1431 1529 αὑτό
1462 1493 1521 1528 τε
1544 1476 1651 1548 γὰρ
1666 1476 1729 1529 τὸ
1748 1478 1910 1546 σῶμα
1936 1478 1994 1531 ἐν

407 1565 559 1637 αὐτῷ
609 1566 959 1631 διασώζεται,
991 1566 1028 1638 ἦ
1062 1582 1122 1619 τε
1163 1566 1329 1635 ψυχὴ,
1474 1566 1744 1637 ὲψύχωτο,
1795 1568 1992 1638 λογικὴ

408 1660 507 1710 καὶ
538 1659 725 1729 νοερὰ,
779 1660 1046 1731 οελητική
1081 1676 1141 1712 τε
1196 1662 1293 1712 καί
1336 1659 1692 1730 ὲνεργητικὴ,
1742 1659 1867 1713 καθ’
1926 1658 1993 1730 ἢν

409 1750 558 1805 θέλει
585 1757 680 1806 καὶ
714 1754 1050 1824 ἑνεργεῖτὴν
1071 1754 1182 1808 τῶν
1214 1755 1351 1807 ὅλων
1380 1755 1642 1824 πρόνοιαν
1666 1756 1758 1807 καὶ
1795 1756 1992 1824 συντή-

413 1858 596 1913 ρησιν,
633 1843 829 1915 ὥσπερ
868 1843 1091 1909 θεῖκῶς,
1144 1844 1289 1897 οὕτω
1340 1846 1405 1915 δὴ
1458 1846 1549 1898 καὶ
1587 1846 1989 1917 ἀνθρωπικῶς·
2023 1828 2065 1882 Β

411 1936 771 2006 παράκλητος
801 1936 941 2007 ὑπὲρ
963 1939 995 2003 ἡ
1006 1936 1124 2004 μῶν
1150 1936 1286 2006 πρὸς
1316 1937 1407 1991 τὸν
1434 1938 1657 2008 Πατέρα
1682 1938 1992 2008 γινόμενος,

411 2028 509 2082 καὶ
527 2029 625 2098 τὴν
650 2028 935 2099 ἡμετέραν
957 2029 1260 2098 οἰκονομῶν
1293 2028 1599 2099 σωτηρίαν,
1636 2029 1729 2080 καὶ
1759 2028 1857 2098 τὴν
1884 2029 1993 2082 τῶν

418 2121 809 2191 συμφερόντων
856 2122 989 2190 ἡμῖν
1040 2121 1429 2191 περιποίησιν·
1473 2123 1665 2193 μνήμῃ
1716 2136 1777 2172 τε
1826 2120 1897 2174 αῦ
1927 2123 1992 2191 τῇ

418 2212 661 2279 παναγίᾳ
695 2212 878 2284 ἐκείνῃ
912 2211 1009 2265 καὶ
1057 2211 1176 2283 θείᾳ
1206 2213 1354 2283 ψυχῇ
1383 2215 1707 2283 τετήρηται,
1745 2212 1857 2265 τῶν
1894 2212 1994 2265 ὅσα

415 2302 512 2355 ἐπὶ
559 2303 661 2371 γῆς
713 2303 1087 2373 ἀναστραφεὶς
1137 2305 1165 2357 ὁ
1222 2304 1461 2375 Χριστὸς
1537 2306 1630 2357 καὶ
1683 2301 1992 2374 ἀνθρώποις

412 2395 832 2466 προσομιλήσας
864 2396 1002 2466 ὑπὲρ
1030 2397 1129 2465 τῆς
1156 2399 1434 2467 ἡμετέρας
1457 2396 1778 2467 ἐλευθερίας
1798 2395 1993 2466 ἕδρασέ

410 2504 468 2540 τε
501 2486 596 2539 καὶ
628 2486 834 2540 ἔπαθε·
887 2487 983 2540 καὶ
1031 2486 1315 2555 γινώσκει,
1378 2489 1461 2541 ὅτι
1511 2487 1638 2540 καθ’
1698 2488 1993 2541 ὑπόστασιν

409 2577 616 2649 ἥνωται
640 2562 882 2648 τῷθείῳ
916 2578 1098 2647 Λόγῳ,
1128 2578 1225 2631 καὶ
1256 2579 1360 2649 ὁρᾷ
1389 2578 1464 2641 ὡς
1492 2577 1877 2642 συνδοξάζεται
1901 2578 1994 2631 καὶ

408 2674 918 2743 συμπροσκυνείται
979 2672 1131 2737 αύτῷ
1187 2671 1264 2736 ὼς
1313 2671 1449 2725 Θεοῦ
1500 2671 1688 2744 ψυχὴ,
1745 2673 1842 2726 καὶ
1894 2673 1994 2742 οὐχ

408 2762 598 2827 ἁπλῶς
651 2762 822 2835 ψυχὴ.
872 2763 982 2818 ὑπὸ
1024 2765 1207 2835 πάσης
1251 2762 1480 2833 λογικῆς
1531 2780 1591 2816 τε
1650 2765 1743 2817 καὶ
1798 2766 1992 2835 νοερᾶς

405 2856 643 2921 κτίσεως
664 2872 677 2885 ·
715 2856 795 2909 ἔτι
830 2873 911 2923 τε,
959 2858 1043 2911 ὃτι
1073 2858 1138 2914 ὲκ
1168 2856 1272 2926 γῆς
1321 2856 1459 2926 πρὸς
1493 2855 1762 2926 οὐρανοὺς
1794 2856 1993 2926 ἀνελή-

404 2947 558 3013 λυθε,
602 2949 696 3003 καὶ
726 2948 892 3002 πάλιν
930 2947 1072 3017 μετὰ
1120 2949 1221 3018 τῆς
1269 2946 1546 3016 πατρικῆς
1582 2945 1741 3015 δόξης
1772 2944 1993 2998 ἐλεύσε-

405 3058 499 3095 ται
521 3056 535 3070 ⁸
574 3043 636 3095 τὸ
668 3037 762 3095 οὖν
796 3040 1006 3097 ἀνιέναι
1041 3041 1123 3102 είς
1155 3040 1446 3104 οὐρανοὺς,
1480 3039 1575 3092 καὶ
1620 3039 1781 3091 πάλιν
1833 3040 1990 3105 ἰέναι,

405 3133 438 3189 ὃ
466 3133 532 3207 δὴ
561 3134 661 3204 τὴν
681 3135 917 3205 τοπικὴν
955 3135 1021 3186 ὲκ
1053 3132 1256 3195 παντὸς
1288 3131 1599 3201 ὑπογράφει
1632 3132 1991 3202 μετάστασιν,
2022 3161 2064 3218 C

408 3228 504 3279 καὶ
555 3227 659 3298 τὴν
702 3226 1035 3297 πορευτικὴν
1089 3223 1393 3295 παρίστησι
1440 3224 1679 3292 κίνησιν,
1742 3223 1995 3293 σώματος

408 3316 689 3388 ἐνέργειαι
726 3313 1212 3386 περιγραφομένου
1244 3311 1642 3384 γνωρίζονται·
1679 3314 1741 3367 τὸ
1771 3313 1828 3365 δὲ
1863 3312 1995 3367 καο-

409 3410 636 3476 ἑξεσθαι
671 3408 836 3463 αὐτὸν
882 3411 941 3461 ὲν
974 3406 1124 3477 δεξιᾷ
1157 3406 1253 3459 τοῦ
1302 3405 1438 3459 Θεοῦ
1469 3407 1565 3467 καὶ
1608 3407 1823 3477 [ἰατρὸς
1856 3405 1996 3476 μετᾶ

409 3500 509 3555 τοῦ
562 3500 842 3570 σώματος,
897 3500 957 3552 οὐ
989 3500 1088 3568 τὴν
1114 3498 1173 3552 ἐν
1198 3497 1352 3567 τόπῳ
1383 3496 1567 3564 δεξιὰν
1613 3498 1993 3569 ὑποληπτέον·

409 3591 534 3647 οὐδὲ
574 3592 686 3662 γὰρ
715 3589 781 3644 ἂν
826 3589 984 3662 σχοίη
1019 3589 1081 3642 τὸ
1114 3588 1536 3660 ἀπερίγραπτον
1564 3589 1783 3643 πώποτε
1818 3588 1998 3653 δεξιᾶς

411 3685 447 3758 ἢ
479 3684 783 3757 ἀριστερᾶς
819 3682 1062 3755 ἔμφασιν
1084 3698 1098 3712 ⁸
1121 3682 1259 3737 ἀλλὰ
1288 3681 1387 3753 τὴν
1413 3680 1569 3745 δόξαν
1592 3682 1687 3733 καὶ
1710 3683 1807 3751 τὴν
1831 3682 1998 3752 τιμὴν

409 3784 814 3856 ὁμολογοῦμεν,
847 3781 970 3835 καθ’
1002 3781 1070 3853 ἢν
1092 3782 1120 3833 ό
1154 3780 1328 3847 Λόγος
1350 3778 1539 3849 ὥσπερ
1572 3776 1702 3840 Υἱὸς
1733 3775 1871 3829 Θεοῦ
1904 3776 1999 3828 καὶ

412 3876 551 3941 Θεὸς
580 3873 912 3947 προαιώνιος
939 3875 1034 3927 καὶ
1068 3871 1148 3943 τῷ
1185 3872 1363 3940 Πατρ“ι
1389 3868 1699 3937 ὁμοούσιος,
1732 3867 1877 3920 οὕτω
1906 3868 2001 3921 καὶ

416 3970 558 4041 μετὰ
593 3968 800 4039 σαρκὸς
833 3968 1063 4037 τιμᾶται
1122 3965 1215 4018 καὶ
1275 3962 1683 4029 συνδοξάζεται,
1724 3962 1819 4014 καὶ
1870 3961 2000 4031 μίαν

384 4061 513 4116 ικαὶ
558 4061 659 4129 τὴν
714 4059 889 4127 αὐτὴν
946 4056 1086 4127 μετὰ
1115 4054 1212 4109 τοῦ
1264 4053 1521 4123 σώματος
1580 4051 1734 4121 παρὰ
1781 4052 2002 4107 πάντων

413 4153 793 4226 προσκύνησιν
825 4151 1067 4221 δέχεται,
1100 4149 1224 4201 ἐπεὶ
1279 4147 1378 4200 καὶ
1434 4146 1536 4216 μία
1590 4147 1622 4215 ὴ
1677 4144 1998 4207 ὑπόστασις.

413 4242 859 4315 Τεφρούσθωσαν
877 4239 1065 4294 λοιπὸν
1090 4239 1198 4292 τῶν
1213 4238 1617 4309 Χριστομάχων
1645 4236 1703 4289 αἱ
1726 4235 1998 4303 γλῶσσαι,

2095 570 2245 633 huta,
2283 570 2728 639 incorporeorum
2760 586 2977 641 quoque
3008 573 3390 641 suntpropria,
3423 578 3553 642 quia
3610 583 3666 629 et.

2094 659 2267 730 angeli
2305 671 2556 716 creatura
2596 661 2690 716 Dei
2724 675 2874 727 sunt,
2902 672 2957 715 et
2995 673 3265 732 quatenus
3323 663 3540 719 initium
3569 664 3671 719 ba-

2094 752 2278 816 buere,
2308 760 2551 822 tempore
2578 763 2703 807 sunt
2737 752 3165 822 circumscripti.

2164 843 2458 899 Dicendum
2483 856 2565 899 est
2603 861 2755 915 ergo,
2799 856 2959 915 prout
3009 847 3447 901 Christianorum
3504 848 3669 916 proii-

2096 946 2240 990 tctur
2261 938 2468 1006 religio,
2495 941 2611 992 sive
2637 942 2922 994 catholicae
2953 952 3006 993 et
3054 942 3368 1008 apostolicae
3410 939 3669 993 livens-ne

2098 1030 2265 1082 tradit
2297 1029 2867 1096 doctrina,Christmn
2891 1030 3056 1083 Deum
3094 1042 3342 1084 nostrum
3364 1046 3486 1099 pmt
3523 1036 3666 1083 mh-

2098 1132 2211 1175 tum
2237 1122 2289 1174 itt
2321 1122 2510 1185 eteius,
2531 1135 2586 1176 et
2615 1140 2768 1177 suam
2792 1124 2858 1176 ad
2889 1126 3167 1177 dexteram
3202 1126 3295 1177 Det
3330 1122 3514 1177 Patris
3547 1142 3662 1177 ses-

2094 1213 2300 1266 sionent
2332 1223 2388 1268 et
2412 1215 2843 1278 collocationem,
2894 1228 3205 1282 susceptam
3254 1220 3673 1271 conservatisse

2094 1301 2238 1356 haud
2271 1302 2618 1358 imminutam
2645 1315 2919 1369 naturam,
2952 1308 3268 1375 nullamque
3316 1323 3383 1361 ex
3435 1308 3670 1375 integra-

2095 1408 2213 1446 rum
2238 1407 2467 1449 numero
2504 1406 2714 1464 partem
2747 1397 3056 1464 abjecisse:
3096 1399 3237 1451 idem
3281 1398 3426 1452 enim
3473 1413 3673 1466 c0rpus

2094 1481 2149 1536 in
2199 1498 2264 1538 eo
2316 1495 2697 1547 conservatur,
2730 1500 2942 1539 necnon
2992 1486 3174 1539 anima
3211 1502 3314 1554 qua
3373 1490 3672 1548 animatur,

2093 1575 2376 1630 rationalis
2420 1586 2474 1630 et
2524 1576 2931 1641 intellectualis,
2969 1576 3305 1630 voluntativa
3351 1587 3407 1630 et
3465 1578 3668 1639 activa,

2095 1683 2201 1737 qua
2236 1668 2352 1721 vult
2378 1678 2431 1720 et
2463 1668 2605 1737 gerit
2649 1684 2830 1722 rerum
2873 1669 3115 1722 omnium
3179 1670 3583 1738 providentiam
3620 1678 3675 1723 et

2095 1760 2590 1825 conservationem,
2617 1768 2674 1811 ut
2714 1759 2974 1813 divinitus
3009 1760 3080 1812 ita
3113 1761 3279 1812 etiam
3325 1759 3672 1826 humanitus;

2096 1851 2396 1904 advocatus
2439 1861 2523 1905 est
2556 1867 2655 1919 pro
2685 1852 2842 1904 nobis
2880 1853 3021 1918 apud
3074 1850 3293 1905 Patrem
3327 1850 3529 1915 factus,
3580 1868 3676 1907 no-

2095 1952 2376 2008 stramqne
2394 1941 2789 1994 administrans
2808 1942 3063 2006 salutem,
3085 1950 3141 1993 et
3170 1940 3383 1993 utilium
3409 1943 3564 1995 nobis
3587 1957 3676 1996 re-

2098 2050 2212 2088 rum
2247 2032 2660 2087 exhibitioncm.
2698 2031 2925 2100 Insuper
2947 2032 3265 2084 memoriam
3324 2032 3524 2085 retinet
3544 2047 3674 2086 san-

2096 2126 2339 2181 ctissima
2377 2124 2465 2177 illa
2498 2133 2550 2175 et
2582 2123 2768 2176 divina
2796 2123 2976 2175 anima
3000 2125 3240 2177 omnium
3275 2140 3395 2193 quae
3425 2123 3675 2178 Christus

2095 2235 2216 2271 cum
2256 2217 2567 2270 hominibus
2612 2216 2837 2268 interra
2875 2231 3104 2268 versans
3136 2231 3235 2284 pro
3285 2227 3466 2269 nostra
3501 2215 3676 2270 saiute

2096 2311 2206 2379 egit
2244 2324 2550 2379 passusque
2594 2316 2725 2361 est:
2778 2309 3175 2377 cognoscitque
3219 2324 3278 2361 se
3342 2310 3678 2379 hypostatice

2096 2404 2280 2458 divino
2315 2400 2490 2455 Verbo
2520 2400 2751 2464 uuitam,
2781 2402 3037 2467 videtque
3068 2415 3125 2453 se
3152 2400 3437 2454 coadorari
3468 2416 3590 2453 cunt
3613 2414 3677 2455 eo
3750 2453 3759 2461 ,

2099 2504 2352 2560 tanquam
2387 2493 2481 2547 Dei
2520 2492 2782 2558 animant,
2822 2503 2875 2546 et
2913 2508 3019 2545 nou
3052 2493 3379 2561 simpliciter
3410 2495 3674 2559 animam,

2097 2585 2164 2639 ab
2199 2583 2347 2638 omni
2408 2582 2661 2636 rationali
2700 2592 2755 2637 et
2809 2583 3146 2651 intelligente
3188 2593 3461 2638 creatura.
3515 2581 3677 2637 Novit

2096 2660 2225 2730 item
2249 2690 2309 2730 se
2341 2676 2406 2728 de
2448 2684 2593 2728 terra
2628 2674 2680 2727 in
2713 2674 2909 2727 (mlum
2941 2675 3345 2739 conscendisse,
3377 2688 3676 2742 rursusque

2097 2784 2219 2824 cum
2255 2767 2437 2822 Patris
2476 2765 2763 2835 majestate
2801 2776 3109 2819 venturam.
3162 2764 3305 2833 Ergo
3366 2767 3417 2819 in
3474 2764 3674 2818 cmlum

2095 2859 2272 2921 abire,
2307 2856 2622 2911 etviciSsim
2663 2856 2863 2922 redire,
2891 2857 3035 2925 quod
3076 2856 3297 2910 localem
3330 2870 3556 2925 prorsus
3585 2857 3680 2908 de-

2096 2948 2287 3003 scribit
2320 2947 2759 3009 translationcm,
2781 2957 2837 3000 et
2864 2946 3285 3001 ambulatorium
3309 2947 3531 3001 exhibet
3563 2962 3679 3001 mo-

2098 3049 2232 3103 tum,
2259 3041 2362 3102 hae,
2379 3038 2898 3107 inquam,circumsr
2918 3040 3040 3105 ripti
3063 3040 3307 3108 corporis
3332 3038 3679 3107 Opt'rilliOIll'S

2097 3147 2219 3187 esse
2275 3143 2595 3185 noscuntur.
2631 3130 2832 3183 Sedere
2868 3143 3051 3183 autent
3100 3130 3381 3185 Christum
3431 3131 3497 3183 ad
3535 3131 3673 3184 dex-

2104 3234 2276 3280 teram
2309 3224 2401 3277 Dei
2436 3222 2616 3276 Patris
2644 3238 2767 3275 cum
2801 3236 3033 3291 corpore
3066 3239 3187 3277 cum
3241 3224 3491 3285 dicimus,
3534 3222 3676 3276 haud

2102 3320 2402 3387 cogitamus
2433 3316 2500 3370 de
2552 3319 2776 3370 dextera
2822 3316 2921 3370 loci
2965 3327 3160 3385 parte:
3194 3331 3367 3385 neque
3406 3317 3553 3370 enim
3592 3315 3677 3369 in-

2098 3412 2555 3478 circumscriptus
2576 3408 2744 3462 Pater
2785 3410 3009 3463 habebit
3039 3426 3275 3479 unquam
3309 3411 3550 3464 dextera:
3586 3416 3680 3462 aut

2099 3508 2335 3561 sinistrae
2366 3504 2652 3573 speciem;
2698 3506 2793 3558 sed
2848 3502 3078 3571 gloriam
3118 3505 3487 3569 honoremque
3526 3501 3675 3555 fate-

2102 3613 2240 3663 mur,
2274 3611 2379 3666 qua
2417 3597 2674 3661 Verbum,
2703 3605 2888 3663 utpote
2926 3595 3015 3648 Dei
3058 3594 3229 3649 Filius
3264 3608 3328 3647 ac
3363 3593 3506 3647 Deus
3553 3603 3682 3648 ante

2101 3690 2321 3753 s:ecula,
2370 3699 2423 3744 et
2453 3687 2605 3743 Patri
2662 3687 3173 3752 consulistantialis,
3229 3689 3303 3742 ita
3342 3687 3506 3739 etiam
3556 3702 3677 3741 cum

2101 3796 2267 3834 carne
2309 3782 2615 3841 honoratur
2640 3781 3078 3847 etglorilicatur,
3123 3794 3400 3846 unamque
3431 3784 3483 3831 et
3532 3792 3685 3831 eam-

2103 3874 2223 3927 dem
2251 3889 2373 3926 cum
2407 3888 2636 3941 corpore
2672 3874 2740 3927 ab
2764 3874 3018 3927 onmibus
3059 3872 3251 3940 recipit
3285 3870 3680 3933 adorationem,

2103 3965 2544 4033 quandoquidem
2597 3981 2705 4019 una
2762 3974 2847 4018 est
2901 3948 3231 4034 hypostasis.
3291 3959 3444 4015 Cinis
3500 3960 3684 4025 itaque

2107 4055 2237 4109 [iant
2273 4054 2474 4109 Christi
2498 4055 2733 4109 hostium
2765 4055 2982 4124 linguae,
3013 4065 3066 4106 et
3090 4054 3333 4123 ipsorum
3365 4052 3526 4104 coria
3557 4065 3685 4100 exa-

2107 4146 2351 4200 rescant!
2388 4156 2553 4214 atque
2591 4160 2653 4201 os
2682 4145 2913 4215 loquens
2951 4146 3135 4214 iniqua
3169 4146 3435 4198 adversus
3473 4141 3677 4195 verita-

2107 4243 2212 4288 tem
2240 4236 2454 4290 cuuctis
2472 4234 2650 4304 palam
2691 4236 3016 4305 expositam,
3054 4234 3357 4305 cppiletur!

413 4338 512 4391 καὶ
539 4334 984 4410 ξηραινέσθωσαν
1020 4331 1203 4386 αὐτῶν
1264 4332 1322 4384 αί
1387 4327 1639 4403 καρδίαιι
1675 4330 1771 4381 καὶ
1838 4326 2241 4398 ἐμφραττέσθω
2277 4328 2386 4381 πᾶν
2459 4327 2636 4399 στόμα
2687 4326 2883 4381 λαλοῦν
2930 4327 3073 4381 κατὰ
3108 4328 3208 4397 τῆς
3239 4325 3504 4397 ἀληθείας
3550 4325 3686 4378 πᾶσι

414 4433 691 4504 διαφανῶς
722 4430 1092 4503 προκειμένης
1126 4427 1323 4482 ἄδικαι

491 4533 564 4599 μ’.
606 4528 726 4581 Ἔτι
755 4527 871 4589 τοῖς
901 4522 1218 4594 εἰρημένοις
1252 4519 1633 4593 προστιθέασι,
1671 4517 1755 4570 ὅτι
1790 4516 1998 4585 Γέγρα-

2179 4514 2340 4586 ιιᾶ.
2366 4514 2456 4570 40.
2488 4515 2680 4570 Adhuc
2737 4515 3016 4585 prazdiclis
3058 4514 3265 4570 addunt
3295 4532 3308 4567 :
3344 4533 3361 4566 ι
3404 4506 3684 4586 Scriptum

421 4636 586 4676 πταιο
629 4638 646 4669 ι
679 4621 762 4674 Οὐ
800 4617 1079 4685 ποιήσεις
1107 4617 1337 4681 παντὸς
1365 4613 1630 4681 ὁμοίωμα
1660 4608 1777 4663 ὅσα
1802 4608 1871 4661 ἐν
1921 4604 2001 4672 τῷ

419 4713 654 4785 οὐρανῷ
685 4712 826 4777 ἄνω,
858 4711 957 4765 καί
984 4710 1102 4765 ὅσα
1126 4710 1198 4764 ὲν
1223 4708 1301 4777 τῇ
1330 4706 1406 4778 γῇ
1437 4706 1619 4765 κάτω.
1658 4704 1756 4758 καὶ
1787 4704 1905 4756 ὅσα
1931 4703 2002 4755 ἐν

416 4803 544 4868 τοῖς
578 4802 801 4855 ὕδασιν
830 4798 1113 4854 ὑποκάτω
1140 4796 1250 4865 τῆς
1270 4795 1405 4867 γῆς.
1460 4795 1571 4849 Καὶ
1599 4794 1689 4847 διὰ
1717 4792 1876 4847 τοῦτο
1900 4794 2001 4845 οὐκ

421 4892 544 4958 ὲξδν
574 4888 868 4954 εἰκονίζειν
896 4888 989 4942 τὸν
1009 4887 1267 4959 Χριστόν.
1309 4906 1328 4938 ι
1361 4884 1582 4939 Τούτων
1612 4884 1670 4937 δὲ
1686 4883 1794 4937 τῶν
1820 4883 2001 4954 ῥητῶν

422 4985 492 5040 τὰ
532 4984 927 5057 προηγούμενα
961 4981 1059 5035 καὶ
1107 4979 1389 5050 ἑπόμεναι
1443 4979 1526 5041 τὺ,
1584 4978 1707 5031 Οὐκ
1756 4975 2005 5029 ἔσονταί

424 5094 525 5133 σοι
563 5076 685 5134 θεοὶ
717 5076 905 5144 ἕτεροι
959 5072 1128 5143 πλὴν
1179 5072 1326 5143 ἐμοῦ
1362 5088 1377 5104 ο
1418 5072 1537 5138 καὶ,
1596 5072 1679 5124 Οὐ
1725 5068 2006 5135 ποιήσεις

425 5168 664 5236 σεαυτῷ
691 5169 947 5223 εἴδωλον
961 5182 976 5197 ’
993 5167 1087 5221 καὶ⁹
1101 5165 1188 5230 τὸ,
1209 5165 1305 5233 Μὴ
1329 5162 1776 5233 προσκυνήσῃς
1798 5158 2007 5229 αὐτοῖς

425 5261 572 5319 οὐδὲ
598 5261 684 5332 μὴ
715 5261 1059 5330 λατρεύσῃς
1084 5257 1290 5325 αὐτοῖς
1314 5299 1328 5323 ,
1354 5259 1455 5310 οὐκ
1490 5252 1607 5313 οῖδα
1638 5257 1790 5316 ὅπως
1819 5269 2008 5323 παρα-

430 5354 784 5428 κρατοῦντες,
805 5353 1027 5416 ἑκόντες
1048 5352 1082 5423 ἢ
1114 5350 1343 5414 ἄκοντες
1368 5348 1583 5421 ἁποκρύ
1594 5363 1845 5410 πτουσιν,
1878 5346 2010 5409 ἴσως

430 5447 557 5511 τοὺς
613 5444 871 5515 ἐλέγχους
929 5446 1027 5515 τῆς
1083 5442 1437 5514 βλασφημίας
1497 5439 2004 5511 διαδιδράσκοντες·

432 5538 586 5592 οὐδὲν
628 5537 688 5593 δὲ
730 5534 897 5610 ἦττον
938 5539 1005 5608 τῇ
1040 5535 1129 5607 ἴση
1179 5534 1502 5606 βλασφημίᾳ
1532 5536 1627 5588 καὶ
1668 5532 1845 5595 οὓτως
1887 5531 2009 5584 ἁλί-

432 5643 699 5689 σκονται·
761 5627 883 5681 ἐπεὶ
932 5627 1042 5697 γὰρ
1072 5623 1300 5697 ἐξῆρται
1351 5628 1379 5679 δ
1414 5624 1507 5678 τοῦ
1541 5623 1679 5678 Θεοῦ
1734 5622 1898 5693 φόδος
1948 5621 2006 5687 ἐξ

509 5783 552 5818 o1
581 5784 728 5847 Exod
791 5801 879 5850 χχ,
913 5785 964 5838 4,
1047 5780 1090 5811 εκ
1136 5780 1264 5843 διῄει,
1300 5782 1348 5835 5,
1431 5783 1473 5814 σε
1629 5773 1757 5830 ibid.
1800 5774 1853 5830 5.

2108 4620 2230 4661 est:
2268 4607 2389 4660 Non
2426 4606 2589 4675 {acies
2624 4606 2785 4661 ullius
2837 4608 2913 4661 rei
2963 4607 3334 4672 simulacrum,
3364 4608 3472 4662 sive
3505 4625 3687 4663 eorum

2106 4716 2225 4767 quia
2254 4710 2375 4753 sunt
2394 4702 2449 4752 in
2482 4700 2609 4753 caelo
2632 4700 2876 4767 desuper,
2897 4702 3004 4753 sive
3020 4716 3139 4769 qua:
3168 4700 3222 4753 in
3246 4712 3388 4753 terra
3416 4701 3687 4765 deorsum,

2107 4794 2216 4846 sive
2241 4808 2422 4846 eorum
2456 4809 2574 4862 qua:
2604 4802 2725 4846 sunt
2768 4794 2822 4845 in
2855 4793 3008 4863 aquis
3056 4792 3152 4846 sub
3177 4800 3320 4847 terra
3344 4792 3411 4846 ⁶’.
3454 4792 3690 4864 Ideoque

2111 4884 2351 4954 ﬁgurare
2384 4884 2664 4939 Christqu
2700 4901 2807 4938 non
2853 4886 3002 4938 licet.
3033 4902 3053 4935 ι
3097 4881 3194 4938 llis
3248 4884 3569 4953 praecedunt
3624 4901 3688 4938 ac

2110 4977 2521 5047 subsequuntur
2543 4976 2649 5029 alia
2679 4976 2843 5031 eil'ata
2911 4993 2925 5032 :
2977 4976 3102 5031 Non
3138 4985 3291 5027 erunt
3344 4978 3441 5028 ubi
3484 4978 3561 5027 dii
3596 4977 3690 5027 ubi

2110 5078 2300 5137 prwler
2329 5084 2410 5123 me
2437 5069 2504 5122 ⁸⁸.
2557 5068 2668 5122 Et:
2713 5067 2838 5123 Non
2867 5071 3033 5140 [acies
3082 5071 3178 5123 tibi
3233 5069 3432 5122 idolum
3452 5069 3520 5121 ⁸⁵³.
3583 5067 3641 5119 Et
3674 5083 3687 5120 :

2113 5154 2237 5209 Non
2284 5157 2537 5211 adorabis
2578 5159 2703 5213 deos
2752 5159 2915 5225 alios,
2967 5176 3133 5229 neque
3169 5161 3295 5229 ipsis
3341 5160 3542 5212 cultum
3596 5161 3691 5208 de-

2112 5247 2250 5315 feres
2289 5249 2363 5303 '°.
2425 5246 2651 5314 Nescio,
2703 5250 2954 5319 inquam,
3000 5253 3272 5320 quomodo
3317 5258 3491 5303 semet
3536 5250 3690 5303 cohi-

2108 5340 2326 5395 bueriut
2348 5351 2407 5395 ut
2429 5342 2678 5399 volentes
2694 5343 2943 5397 uolentes
2963 5345 3078 5398 hxc
3111 5342 3547 5403 dissimulat-int,
3574 5344 3689 5394 t'nr-

2110 5442 2257 5487 tasse
2303 5433 2656 5503 blasphemiae
2709 5436 3153 5490 criminationem
3198 5435 3455 5487 vitantes.
3509 5432 3693 5488 Nihilo

2111 5532 2292 5582 tamen
2323 5525 2504 5581 minus
2538 5527 2686 5595 paris
2713 5528 2793 5582 sic
2818 5528 2982 5581 etiam
3023 5526 3375 5595 blasphemia:
3410 5525 3485 5579 rei
3531 5527 3691 5595 linat,

2108 5616 2245 5672 Nam
2282 5619 2407 5687 quia
2450 5618 2540 5673 Dei
2583 5619 2830 5675 timorem
2892 5634 3001 5688 pra:
3046 5618 3218 5675 oculis
3264 5619 3469 5677 habere
3540 5618 3691 5677 desis

2020 5778 2064 5810 ⁷⁸
2105 5775 2278 5833 Exod.
2311 5793 2468 5843 xxut,
2500 5777 2592 5835 24.
