4050 6424
352 367 470 434 449

1069 373 1701 436 ANTIRRIIETICUS
1741 375 1834 434 III
1875 377 2046 438 ADV.
2087 377 2680 440 CONSTANTINUM
2715 381 2926 442 COPR.

3525 378 3632 444 450

346 488 697 556 ἐλάτρευον·
751 485 837 556 ἐφ’
886 481 967 548 οἷς
1028 485 1547 556 κατεγνωσμένους,
1587 487 1680 540 καὶ
1735 487 1950 552 πολ).οξ

2069 490 2442 560 propheticam
2472 507 2656 546 vocem
2691 509 2705 545 :
2760 490 2875 560 Ego
2896 508 3010 545 sum
3039 492 3296 546 Dominus
3325 491 3460 548 Deus
3489 505 3629 557 tum,

348 577 597 649 ὕστερον
643 577 792 630 ἔτεσι
847 576 1207 640 κατονειδὶζει
1262 577 1394 641 Θεὸς
1460 578 1550 632 διὰ
1604 581 1952 650 προφητικῆς

346 671 584 740 φωνῆς,
631 667 778 737 Ἐγώ
814 671 934 738 silit
983 669 1198 736 Κύριος
1240 671 1272 722 ὀ
1306 671 1450 735 Θεός
1483 685 1600 722 σου
1624 711 1638 732 ,
1687 670 1884 738 λέγων,
1919 673 1952 724 ό

344 757 630 826 στερεῶν
681 759 946 826 οὐρανὸν
974 759 1072 810 καὶ
1125 757 1334 817 κτίζων
1365 757 1500 828 γῆν,
1550 755 1622 814 οὗ
1653 763 1712 813 al
1753 760 1950 829 χεῖρες

347 849 623 903 ἔκτισαν
652 845 863 902 πᾶσαν
897 846 1011 913 τὴν
1056 849 1347 914 στρατιὰν
1375 849 1482 902 τοῦ
1515 850 1809 917 οὐρανοῦ·
1848 851 1947 904 καὶ

352 942 439 994 οὐ
477 934 804 1006 παρέδειξά
833 950 933 990 σοι
967 936 1074 989 τοῦ
1096 937 1459 1004 πορεύεσθαι
1503 939 1695 990 ὀπίσω
1725 936 1944 991 αὐτῶν.

367 1031 525 1100 Ἐγὼ
565 1029 877 1099 ἀνήγειγόν
933 1045 1006 1082 σε
1045 1028 1110 1080 ἐκ
1144 1028 1258 1096 γῆς
1286 1030 1612 1097 Αἰγύπτου,
1655 1030 1754 1083 καὶ
1803 1031 1952 1083 Θεὸν

347 1123 535 1191 πλὴν
564 1121 712 1190 ἐμοῦ
743 1123 814 1176 οὺ
843 1119 1072 1190 γνώσῃ,
1104 1121 1202 1173 καὶ
1230 1123 1262 1173 ό
1302 1118 1504 1180 σώζων
1526 1123 1638 1174 οὐκ
1659 1121 1790 1174 ἔστι
1839 1138 1953 1174 πα-

343 1213 474 1280 ρὲξ
517 1211 686 1280 ἐμοῦ.
716 1210 818 1264 Διὰ
854 1209 1064 1262 τούτων
1115 1209 1224 1280 γὰρ
1257 1208 1456 1272 αὐτοὺς
1497 1211 1577 1272 εἰς
1607 1210 1830 1280 μνήμην
1866 1213 1953 1262 ἐν·

348 1305 490 1370 ἁγει
525 1302 634 1356 τῶν
669 1299 882 1354 ἄνωθεν
910 1300 1321 1372 νενομισμένων
1353 1299 1540 1363 αὐτοῖς
1565 1315 1578 1328 ·
1607 1301 1952 1370 ἀπαγορεύει

350 1391 462 1448 οὖν
486 1394 625 1457 τέως
653 1393 754 1464 τὴν
783 1391 893 1446 τῶν
919 1391 1270 1464 φαινομένων
1301 1393 1396 1444 καὶ
1423 1391 1774 1461 βλεπομένων
1805 1394 1859 1446 ἕν
1890 1412 1951 1447 τε

2058 581 2272 648 dicens,
2315 583 2432 636 caeli
2469 581 2906 651 ﬁrmatorﬁerrw
2937 582 3213 650 fundator,
3247 587 3398 652 cujus
3445 600 3634 638 manus

2055 671 2361 726 universum
2394 672 2514 725 coeli
2540 673 2822 726 exercitum
2849 685 3156 728 creaverunt
3183 690 3200 726 .'
3245 691 3404 744 neque
3451 691 3542 744 ego
3585 683 3634 726 te

2054 764 2214 816 docui
2238 774 2292 816 ut
2323 764 2525 818 alienos
2574 765 2698 818 deos
2735 767 3026 831 sequereris
3053 767 3120 817 τί.
3155 763 3271 835 Ego
3307 766 3466 817 eduxi
3502 775 3551 818 te
3568 765 3634 817 de

2053 864 2197 908 terra
2243 854 2488 926 JEgypti,
2535 867 2591 910 tu
2635 873 2754 910 vero
2789 855 2958 909 Deum
3006 867 3198 921 praeter
3251 871 3330 908 me
3380 857 3634 910 neminem

2059 963 2342 1015 agnosces;
2387 965 2658 1018 nemoque,
2711 959 2903 1016 prwter
2962 965 3066 1010 me.
3127 959 3203 1003 est
3251 950 3341 1019 qui
3381 947 3632 1001 solvet".

2057 1033 2154 1091 llis
2175 1040 2352 1094 verbis
2390 1052 2608 1094 revocat
2631 1042 2711 1095 eis
2752 1042 2802 1094 in
2823 1043 3142 1096 memoriam
3194 1042 3445 1094 mamlata
3506 1041 3636 1110 ipsis

2060 1131 2366 1199 antiquitus
2392 1131 2667 1201 imposita.
2708 1131 2850 1202 Ergo
2887 1142 3034 1186 vetat
3062 1133 3280 1186 interim
3327 1146 3416 1186 rer
3440 1149 3507 1184 un
3543 1144 3639 1200 ap-

2060 1221 2369 1285 parentium
2398 1229 2453 1276 et
2477 1222 2896 1292 conspicuarum
2921 1225 2974 1276 in
3002 1222 3166 1286 cwlo,
3191 1232 3334 1277 terra
3363 1232 3417 1276 et
3445 1221 3635 1291 aquis,

2060 1309 2242 1365 facere
2267 1311 2596 1376 simulacra;
2624 1327 2690 1365 ne
2715 1313 2875 1377 forte,
2899 1312 3233 1382 ignoratione
3265 1312 3339 1366 rei
3369 1311 3636 1376 melioris,

2059 1399 2142 1454 vel
2168 1402 2452 1470 repudiato
2483 1399 2764 1464 Creatore,
2791 1401 2996 1456 cultum
3024 1401 3130 1455 illis
3151 1401 3491 1455 adhiberent.

354 1484 605 1556 οὐρανῷ,
631 1485 728 1536 καὶ
773 1486 870 1554 γῇ,
905 1483 1002 1537 καὶ
1041 1485 1156 1546 τοῖς
1190 1481 1372 1547 ὕδασι,
1400 1483 1693 1566 ’ποιεῖσθαι
1724 1485 1960 1554 ὀμοίωσι

2064 1487 2136 1544 ἵνα
2171 1488 2249 1561 μὴ
2289 1489 2485 1562 ἀγνοίᾳ
2517 1487 2612 1543 τοῦ
2649 1489 2984 1560 κρείττονος,
3020 1489 3054 1560 ἢ
3091 1489 3347 1560 ἀθετήσει
3379 1490 3470 1543 τοῦ
3502 1489 3639 1544 Κτι-

358 1595 585 1644 σαντος,
623 1579 860 1641 ἐκείνοις
888 1577 1099 1647 νέμωσι
1128 1575 1227 1648 τὴν
1258 1577 1656 1646 προσκύνησιν.

434 1673 511 1726 Τὸ
557 1666 651 1724 οὖν
700 1669 1200 1742 προσταττόμενον,
1256 1667 1340 1721 ὅτι
1379 1667 1512 1720 Τόδε
1564 1667 1624 1720 οὐ
1679 1667 1949 1740 ποιήσεις,

356 1765 596 1835 δυνάμει
628 1779 746 1826 πως
789 1762 884 1814 καὶ
914 1761 1056 1814 κατὰ
1108 1759 1170 1813 τὸ
1206 1756 1586 1830 σιωπώμενον,
1641 1759 1946 1828 ποιήσεις,

2131 1671 2234 1739 Qui
2263 1687 2394 1744 ergo
2435 1675 2514 1730 sic
2557 1675 2802 1745 praecipit
2833 1689 2846 1727 :
2883 1689 3015 1728 cave
3064 1675 3168 1730 hoc
3201 1674 3519 1731 nominatim
3559 1676 3640 1730 fa—

2059 1764 2208 1831 cias;
2240 1765 2608 1834 potentialiter
2637 1767 3036 1836 quodammodo
3075 1775 3132 1822 et
3169 1781 3264 1836 per
3313 1768 3639 1836 praeteritio-

360 1859 488 1912 ἐστὶ
509 1895 524 1922 ,
555 1855 650 1911 καὶ
680 1854 1118 1926 προαγγελτικόν
1153 1855 1272 1906 ἐστι
1304 1853 1412 1906 τῶν
1447 1851 1756 1923 μελλόντων
1783 1856 1953 1907 ποιεῖ-

2064 1867 2204 1919 nem,
2237 1852 2423 1924 facies,
2460 1857 2658 1926 inquit,
2706 1856 3058 1926 praedicitque
3096 1858 3239 1926 quod
3267 1857 3319 1912 in
3354 1869 3632 1927 posterum

364 1950 498 2004 σθαι
533 1946 1006 2018 προστάττεσθαι·
1041 1943 1286 2000 τοιοῦτον
1331 1945 1440 2014 γάρ
1474 1962 1526 1998 τι
1561 1945 1692 2015 ἡμῖν
1738 1947 1767 1998 ό
1799 1945 1955 2014 λόγος

365 2040 790 2096 ὐπαινίσσεται⁶
823 2041 850 2092 ὁ
885 2037 996 2109 γὰρ
1025 2037 1226 2106 λέγων,
1259 2037 1344 2090 ὅτι
1366 2036 1584 2090 Τούτων
1615 2037 1676 2090 οὐ
1709 2039 1956 2108 ποιήσεις

372 2133 645 2204 ὁμοίωμα,
680 2129 887 2201 ἐτέρων
937 2128 1104 2183 τινῶν
1151 2127 1373 2200 ποίησιν
1407 2127 1484 2199 τῷ
1518 2129 1664 2200 λόγῳ
1715 2149 1956 2202 προανα-

372 2223 664 2296 κρούεταιο
696 2223 796 2277 καὶ
827 2221 1042 2293 βεϐαιοῖ
1068 2219 1230 2274 τοῦτο
1251 2220 1322 2274 τά
1369 2221 1494 2275 ὅσον
1523 2220 1680 2276 οὔπω
1713 2239 1958 2294 προστα-

373 2317 708 2388 χθησόμενα,
750 2313 1035 2384 μονονουχὶ
1063 2311 1294 2366 τοιαῦτα
1323 2313 1704 2385 ἐπισκήπτων,
1729 2316 1811 2369 ὅτι
1831 2317 1958 2386 Μη-

368 2409 524 2474 δενὺς
550 2401 624 2462 ὧν
671 2407 786 2478 ἐγὼ
825 2409 884 2461 οὐ
920 2407 1212 2476 προσ-τάξω
1245 2409 1482 2480 ποιήσῃς
1511 2409 1786 2480 ὁμοίωμα,
1821 2411 1960 2464 ἀλλὰ

362 2501 483 2557 τῶν
527 2501 830 2573 ἀλλοτρίων
888 2501 1228 2565 ἀποστάντες
1279 2501 1667 2572 σεϐασμάτων,
1719 2499 1800 2568 οἷς
1847 2503 1960 2573 ἐγὼ

363 2594 758 2666 ἀπεχθάνομαι
805 2595 903 2648 καὶ
958 2595 1404 2666 ἀποστρέφομαι,
1455 2597 1569 2659 τοῖς
1632 2597 1766 2668 παρ’
1823 2597 1958 2667 ἐμοῦ

365 2685 909 2758 συνταχθησομένοις
940 2687 1264 2757 προσέχετε,
1296 2679 1378 2750 οἷς
1407 2686 1586 2758 χαίρω
1617 2687 1714 2740 καὶ
1739 2686 1960 2753 δοξάζο·

366 2798 475 2852 μαι
500 2798 512 2810 ·
546 2781 814 2852 πρότερον
840 2780 949 2851 γὰρ
971 2779 1246 2850 ἀπείρξας
1275 2780 1475 2844 αὐτοὺς
1501 2779 1609 2834 τῶν
1642 2780 1960 2851 ἀπηγορευ-

367 2875 558 2947 μένων
604 2873 697 2928 διά
741 2872 852 2928 τῶν
887 2871 1394 2944 νομοθετουμένων,
1442 2871 1672 2944 ’ὕστερον
1714 2873 1782 2926 τά
1817 2871 1960 2926 κατὰ

359 2969 472 3040 τὴν
497 2967 718 3038 ποίησιν
738 2965 839 3036 τῆς
871 2965 1078 3035 σκηνῆς
1109 2965 1388 3035 ἐπήγαγεν
1411 2976 1424 2994 ⁶
1455 2963 1648 3036 ὥσπερ
1676 2963 1786 3036 γάρ
1805 2965 1856 3016 εἴ
1874 2981 1962 3026 τις

363 3059 548 3115 ἐθέλοι
593 3059 704 3114 τῶν
752 3056 949 3111 ἑαυτοῦ
985 3057 1214 3110 οἰκετῶν
1265 3057 1347 3120 εἰς
1391 3049 1454 3110 τὸ
1489 3055 1686 3128 μέλλον
1712 3055 1820 3109 τινὶ
1847 3055 1960 3108 τῶν

364 3149 680 3204 δοκούντων
725 3147 1047 3218 ἐπιτρέπειν
1101 3145 1134 3217 ἢ
1175 3144 1487 3218 ἐγχειρεῖν,
1541 3145 1596 3198 τί
1627 3147 1953 3218 rupe-{Tur};

2061 1945 2174 2000 lieri
2212 1947 2582 2016 praecipietur.
2638 1947 2851 2003 Etenim
2912 1947 3221 2016 hujusmudi
3269 1949 3472 2020 aliquid
3520 1953 3636 2008 haec

2061 2037 2216 2094 nobis
2247 2039 2412 2094 verba
2443 2039 2692 2094 innuunt.
2727 2039 2862 2094 Nam
2889 2041 3150 2108 quidicit,
3173 2041 3358 2096 talium
3389 2043 3640 2099 nomina-

2063 2131 2156 2184 tim
2187 2145 2369 2185 rerum
2407 2145 2511 2187 non
2544 2127 2716 2186 facies
2756 2131 3132 2197 simulacrum,
3169 2132 3396 2187 aliarum
3431 2133 3639 2205 aliquot

2061 2223 2326 2277 iacturam
2389 2224 2743 2294 auspicatur;
2812 2225 3189 2295 approbatque
3264 2225 3355 2280 illa
3407 2242 3637 2296 quorum

2061 2319 2548 2389 praecipiendorum
2613 2321 2851 2374 nondum
2898 2329 3110 2388 tempus
3171 2321 3495 2388 advenerat,
3566 2322 3637 2377 ita

2060 2407 2448 2476 propemodum
2481 2407 2703 2476 jubens,
2735 2423 2928 2476 nempe
2969 2409 3045 2462 rei
3103 2410 3304 2466 nullius
3334 2427 3496 2481 quam
3540 2425 3640 2481 ego

2061 2513 2166 2551 non
2206 2499 2554 2563 mandavero,
2585 2499 2936 2554 simulacrum
2964 2501 3160 2568 facies;
3197 2503 3290 2558 sed
3318 2504 3494 2558 alieno
3515 2503 3640 2558 abs-

2062 2589 2297 2644 tinentes
2323 2590 2496 2658 cultu,
2519 2607 2678 2661 quem
2708 2607 2808 2662 ego
2835 2593 2922 2646 odi
2950 2605 3001 2648 et
3026 2609 3270 2657 aret-sor,
3307 2595 3368 2649 iis
3396 2610 3516 2665 qua:
3539 2609 3641 2664 ego

2063 2679 2354 2750 aliquando
2401 2683 2710 2752 praecipiam
2766 2698 2952 2738 curam
3024 2687 3382 2756 impendetis,
3443 2689 3642 2758 quibus

2062 2771 2313 2826 videlicet
2333 2771 2439 2840 ego
2460 2777 2671 2844 gaudeo
2705 2785 2760 2830 et
2792 2775 3090 2846 gloriﬁcor.
3124 2777 3312 2833 Primo
3353 2780 3498 2834 enim
3547 2795 3642 2836 cos

2064 2863 2348 2918 retrahens
2377 2879 2406 2918 a
2457 2855 2748 2935 prohibitis
2792 2883 2889 2937 per
2927 2869 3126 2939 legem,
3157 2871 3349 2927 deinde
3397 2872 3644 2927 taberna-

2059 2957 2165 3010 culi
2221 2957 2636 3014 :cdiﬁcationem
2675 2960 2988 3015 introducit.
3053 2962 3206 3016 llaud
3249 2979 3424 3031 secus,
3477 2981 3638 3034 quam

2060 3048 2104 3102 si
2138 3048 2260 3118 quis
2289 3049 2451 3104 alicui
2476 3064 2507 3104 e
2532 3052 2708 3106 servis
2734 3053 2848 3106 suis
2870 3051 3103 3107 cilicium
3131 3055 3346 3124 aliquod
3373 3057 3642 3124 imperare

2065 3131 2246 3193 volens
2305 3151 2400 3194 aut
2447 3142 2810 3208 committere,
2852 3144 2980 3213 quid
3037 3145 3258 3200 monet?
3305 3145 3509 3215 Nempe
3571 3161 3643 3202 ne

364 3241 624 3313 Σήμερον
655 3239 772 3293 τόδε
807 3207 882 3310 μή
919 3207 1174 3308 πράξειν,
1401 3207 1666 3308 ἀπαίρειν
1710 3207 1954 3304 ἑτάὲτέοτέ,

2064 3233 2222 3287 hodie
2253 3233 2354 3288 hoc
2375 3241 2518 3303 agat,
2559 3249 2736 3305 neque
2766 3235 2946 3306 aliquo
2969 3235 3153 3302 abeat,
3197 3247 3323 3307 puta
3361 3239 3428 3293 ad
3448 3255 3637 3307 agrum

365 3328 488 3387 οἷον
513 3336 594 3394 εἰς
623 3333 794 3404 ἀγρὸν
829 3332 904 3403 μὴ
957 3329 1215 3384 ἀπελθεῖν
1237 3370 1252 3396 ,
1297 3329 1432 3401 μηδὲ
1481 3330 1562 3394 εἰς
1588 3329 1795 3400 ἀγορὰν
1820 3345 1962 3397 παρ-

365 3426 637 3496 εμϐαλεῑν
681 3443 695 3456 ·
742 3424 993 3496 βούλεται
1045 3423 1157 3494 γὰρ
1235 3421 1398 3476 αὑτὸν
1461 3419 1696 3492 εὐσταλῆ
1755 3437 1816 3472 τε
1867 3421 1962 3474 καὶ

365 3519 617 3588 εὐτρεπῆ
685 3519 800 3578 τοῖς
855 3515 1385 3586 ὲπιταχθησομένοις
1432 3513 1720 3584 ὑπάρχειν,
1773 3511 1961 3584 ἐπειδὴ

371 3609 570 3683 μέλλει
601 3607 746 3662 κατὰ
791 3607 890 3678 τὴν
921 3604 1216 3677 ὑστεραίαν
1250 3605 1329 3668 είς
1357 3603 1516 3674 τήνδε
1547 3603 1643 3673 τήν
1683 3602 1837 3655 πόλιν
1866 3618 1963 3654 τυ-

369 3705 473 3774 χὸν
501 3701 534 3773 ἢ
560 3700 722 3772 τήνδε
746 3698 848 3770 τὴν
881 3697 1067 3770 χώραν
1102 3695 1415 3766 ἐκπέμπειν
1433 3707 1446 3724 ⁸
1481 3693 1724 3748 τοιοῦτόν
1747 3710 1802 3746 τι
1829 3690 1964 3745 ὑπο-

364 3795 585 3852 τίθεται
604 3795 734 3865 ἡμῖν
765 3793 860 3848 καὶ
889 3791 974 3845 ὅδε
999 3789 1028 3843 ὁ
1057 3791 1214 3860 λόγος
1235 3789 1458 3856 ἐννοεῖν,
1482 3789 1563 3841 ὅτι
1613 3787 1688 3840 Οὐ
1713 3786 1964 3856 ποιήσεις

365 3905 428 3943 τι
485 3888 614 3942 ἄνευ
667 3885 766 3956 τῆς
818 3885 958 3956 ἐμῆς
1017 3881 1396 3954 προστάξεως,
1453 3880 1542 3934 ἴνα
1595 3879 1740 3950 άπερ
1800 3877 1963 3942 αὐτὸς

367 3978 722 4050 ἐντέλλομαι,
753 3977 929 4033 ταῦτα
958 3978 1125 4046 ποιῇς
1148 3974 1242 4028 καὶ
1271 3971 1562 4044 περιέποις
1581 3989 1594 4001 ·
1629 3971 1962 4039 προστάττει

369 4070 509 4141 γοῦν
569 4067 706 4140 μετὰ
751 4067 928 4120 ’ταῦτα
995 4064 1072 4136 τῷ
1121 4063 1418 4136 ἱεροφάντῃ
1460 4061 1595 4124 Θεὸς
1631 4061 1731 4132 τήν
1756 4077 1815 4112 τε
1860 4059 1963 4130 τῆς

373 4163 591 4234 σκηνῆς
633 4161 874 4232 ποίησιν,
907 4161 1002 4213 καὶ
1031 4159 1132 4212 ὅσα
1182 4156 1252 4210 τά
1289 4155 1422 4226 περὶ
1455 4155 1656 4224 αὐτήν·
1706 4155 1738 4222 ή
1788 4153 1846 4207 δὲ
1894 4149 1962 4224 ἦν

371 4255 490 4308 τῶν
529 4248 1118 4322 παραπετασμάτωνή
1155 4245 1443 4316 διασκευὴ,
1472 4241 1762 4314 Χερουϐὶμ
1796 4243 1964 4313 ἐργα-

255 4348 276 4361 ‘
374 4345 476 4400 σία
522 4342 784 4405 ποικίλως
815 4338 1232 4409 ὲξυφασμένων,
1277 4328 1355 4390 Τά
1404 4333 1472 4388 δὲ
1501 4333 1654 4403 ὑπὲρ
1703 4333 1818 4402 τὴν
1867 4335 1964 4386 ἐν·

371 4433 571 4488 ταῦθα
605 4427 890 4493 κιϐωτὸν,
941 4427 1074 4480 τίνα
1113 4423 1414 4496 namque;
1461 4423 1616 4493 φησὶ,
1673 4419 1964 4490 Χερουϐὶμ

377 4517 583 4592 χρυσᾶ
614 4515 892 4586 τορευτά.
919 4513 1182 4610 Καὶᾼούδὲ
1217 4510 1442 4610 εἰκόνας
1467 4509 1754 4610 Χερουδὶμ
1793 4526 1962 4610 προσ-
1992 4553 2041 4610 D

377 4609 658 4681 αγορεύει,
688 4607 826 4662 ἀλλὰ
851 4603 1137 4675 Χερουϐὶμ
1159 4601 1470 4674 ὁμωνύμως
1498 4603 1618 4666 ταῖς
1653 4601 1960 4664 θει-οτάταις

380 4703 476 4756 καὶ
499 4699 898 4772 ὑπερκοσμίοις
927 4695 1138 4759 οὐσίαις
1158 4711 1172 4725 ’
1201 4693 1296 4748 καὶ
1323 4693 1354 4747 ὃ
1399 4693 1464 4766 δὴ
1497 4692 1957 4765 θαυμαστότερον,

372 4795 462 4848 ὅτι
503 4789 768 4856 Ἐκεῖθεν,
799 4789 955 4860 φησὶ,
997 4783 1386 4856 γνωσθήσομαί
1431 4801 1536 4838 σοι.
1583 4784 1649 4838 Τί
1671 4783 1729 4838 δὲ
1762 4783 1966 4851 ἐνδοξό-

370 4883 601 4955 τερονῆ
649 4879 1003 4953 τιμιώτερον,
1034 4877 1160 4932 ὅθεν
1207 4876 1327 4931 θεία
1374 4876 1672 4946 ἐπιφάνεια
1719 4875 1959 4945 γίνεται;

371 4973 754 5043 ὃεδοξασμένα
783 4969 841 5025 δὲ
869 4971 966 5022 καὶ
992 4963 1063 5040 ἦν
1095 4969 1185 5022 καὶ
1217 4966 1440 5036 ἐλέγετο
1475 4967 1618 5038 μετὰ
1654 4966 1762 5020 τῶν
1785 4965 1962 5020 ἄλλων

371 5069 485 5123 τῶν
508 5069 569 5120 ὲν
595 5068 663 5137 τῇ
693 5067 867 5134 σκηνῇ
893 5061 1174 5128 τοσοῦτον,
1202 5061 1284 5113 ὅτι
1312 5059 1374 5112 οὐ
1410 5057 1564 5130 παρὰ
1585 5059 1778 5112 Μωσεί
1803 5057 1964 5128 μόνον

374 5161 475 5214 καὶ
503 5157 784 5221 Ἰουδαίοις
806 5152 1462 5226 τηνικαῦταδεδόξασται,
1487 5149 1630 5206 ἀλλὰ
1645 5151 1742 5219 καὶ
1764 5151 1964 5220 Παύλῳ

375 5251 533 5323 αὐτῷ
553 5251 634 5323 τῷ
662 5251 760 5322 τῆς
789 5251 1016 5320 χάριτος
1047 5249 1275 5319 κήρυκι·
1303 5245 1399 5299 καί
1427 5261 1492 5314 γε
1519 5244 1610 5298 καὶ
1637 5243 1965 5316 σεμνότερόν

375 5364 498 5410 πως
532 5345 692 5398 καλεῖ
727 5342 1016 5414 Χερουϐὶμ
1071 5341 1232 5412 δόξης
1284 5339 1733 5404 κατασκιάζοντα
1763 5337 1826 5392 τὸ
1859 5337 1967 5391 ἱλα-

381 5441 640 5512 στήριον·
683 5437 815 5508 περὶ
854 5427 930 5490 ὧν
981 5437 1038 5488 ὲν
1085 5434 1300 5506 ἑτέροις
1345 5431 1689 5502 πλατύτερον
1724 5431 1960 5502 εἴρηται.

377 5533 526 5605 Πρὸς
555 5532 613 5586 δέ
639 5547 704 5600 γε
731 5533 848 5594 τοῖς
884 5525 1218 5600 εἰρημένοις,
1257 5525 1353 5580 καὶΙ
1375 5523 1635 5596 ἀλλαχόθι
1659 5523 1803 5578 κατὰ
1831 5525 1960 5588 τοὺς

2061 3340 2167 3378 non
2204 3333 2382 3392 exeat,
2416 3341 2590 3394 neque
2629 3328 2680 3381 in
2715 3325 2834 3382 foro
2865 3329 3144 3383 consistat.
3183 3326 3308 3383 Vult
3333 3332 3476 3384 enim
3517 3345 3638 3384 ser-

2064 3431 2186 3469 vum
2241 3416 2390 3470 illum
2450 3431 2680 3472 vacuum
2725 3429 3082 3489 paratumque
3123 3435 3242 3475 esse
3294 3423 3360 3474 ad
3412 3437 3472 3474 ea
3516 3437 3638 3491 quae

2062 3515 2248 3577 postea
2277 3507 2638 3577 praecipienda
2664 3516 2791 3563 sum
2827 3526 2841 3562 :
2885 3509 3141 3578 quoniam
3184 3504 3425 3564 futurum
3453 3521 3555 3573 est,
3586 3521 3645 3564 ut

2063 3599 2302 3654 crastina
2337 3599 2424 3653 die
2459 3599 2512 3654 in
2546 3599 2688 3654 hanc
2736 3599 2928 3654 urbem
2972 3599 3054 3654 vel
3091 3600 3144 3655 in
3185 3601 3324 3656 hanc
3369 3603 3642 3672 regionem

2063 3704 2186 3745 eum
2215 3690 2414 3746 mittat.
2443 3689 2763 3762 Hujusmodi
2794 3690 2998 3762 aliquid
3025 3692 3270 3764 suggerit
3319 3694 3475 3749 nobis
3505 3710 3645 3764 pra:-

2063 3796 2189 3836 sens
2216 3797 2434 3853 quoque
2453 3797 2636 3838 sermo
2666 3791 2726 3837 ut
2748 3783 3083 3854 cogitemus;
3109 3798 3322 3854 nempe,
3349 3781 3476 3839 Sine
3489 3786 3643 3856 jussu

2064 3888 2188 3930 meo
2219 3874 2357 3928 nihil
2406 3874 2596 3940 iacies,
2632 3885 2692 3930 ut
2739 3891 2861 3946 quae
2899 3877 3116 3931 demum
3153 3890 3254 3948 ego
3300 3879 3639 3948 praecipiam,

2065 3979 2198 4037 agas
2222 3969 2278 4020 et
2300 3965 2578 4022 observes.
2613 3965 2836 4022 Mandat
2881 3977 3002 4038 post
3055 3969 3174 4024 haec
3226 3983 3418 4038 reapse
3465 3971 3648 4025 biero-

2064 4057 2284 4127 pbantae
2316 4055 2460 4113 Deus
2511 4057 2847 4114 tabernaculi
2901 4058 3346 4126 aediﬁcationem,
3403 4070 3457 4115 et
3489 4075 3645 4128 quu-

2065 4163 2280 4221 cunque
2309 4151 2377 4205 ad
2403 4165 2524 4207 eam
2575 4149 2829 4207 attinent.
2892 4148 3399 4220 Parapetasmatum
3454 4167 3650 4222 nempe

2066 4243 2357 4310 facturam,
2393 4259 2516 4313 quae
2553 4243 2898 4300 Cherubinos
2936 4259 3102 4314 opere
3123 4243 3356 4315 phrygio
3410 4243 3648 4298 intextos

2067 4335 2358 4391 habebant.
2384 4335 2509 4390 lam
2525 4345 2573 4390 et
2609 4351 2750 4391 arcte
2777 4337 3262 4406 superponeudum,
3287 4335 3415 4406 quid
3433 4335 3600 4405 [acies
3619 4337 3647 4392 2

2066 4421 2274 4497 inquit;
2311 4425 2636 4482 Clterubinos
2679 4427 2878 4481 scilicet
2923 4441 3118 4482 aureos
3173 4425 3542 4480 lornaliles".
3582 4423 3652 4480 Et

2067 4532 2134 4574 ne
2175 4517 2430 4588 imaginis
2463 4518 2681 4588 quidem
2735 4517 2954 4573 nomine
2988 4517 3223 4588 appellat
3271 4517 3640 4584 Cberubinos,

2065 4612 2162 4666 sed
2192 4609 2516 4681 simpliciter
2538 4610 2903 4677 Cherubinos,
2926 4611 3118 4666 eodem
3141 4625 3366 4682 prorsus
3384 4613 3650 4668 vocabulo

2069 4717 2177 4773 quo
2196 4711 2439 4773 augustae
2468 4703 2572 4758 illae
2624 4718 2690 4759 ac
2723 4704 3182 4772 supramundauaa
3211 4705 3525 4760 substantia:
3555 4705 3654 4761 de-

2071 4804 2351 4854 notamur.
2379 4795 2521 4864 Quid
2557 4804 2739 4852 autem
2797 4797 3088 4866 gloriosius
3131 4807 3224 4852 aut
3285 4797 3654 4854 venerabilius

2073 4886 2391 4942 cberubinis
2417 4896 2525 4954 est,
2555 4888 2700 4944 unde
2724 4887 2906 4944 divina
2952 4890 3224 4959 apparitio
3256 4888 3462 4946 ﬁebat?
3489 4889 3654 4948 Certe

2075 4975 2151 5031 illi
2177 4979 2312 5033 adeo
2340 4977 2564 5048 gloriosi
2587 4989 2746 5036 erant
2773 4989 2828 5036 et
2863 4981 3208 5048 dicebantur,
3251 4998 3375 5038 cum
3435 4981 3556 5038 aliis
3595 4982 3652 5038 in

2075 5068 2437 5125 tabernaculo
2467 5071 2680 5141 positis,
2715 5079 2776 5126 ut
2803 5086 2908 5150 non
2930 5088 2956 5125 a
2987 5071 3172 5142 Moyse
3204 5074 3578 5129 tantummodo
3597 5080 3656 5130 et

2076 5159 2294 5216 illorum
2340 5169 2645 5232 temporum
2694 5161 2900 5219 Judaeis
2950 5164 3004 5218 in
3062 5165 3269 5220 honore
3296 5164 3462 5220 habiti
3520 5165 3652 5230 sint,

2077 5265 2266 5306 verum
2293 5251 2462 5308 etiam
2505 5253 2574 5308 ab
2616 5255 2733 5322 ipso
2755 5254 2926 5310 Paulo
2951 5256 3276 5324 evangelicae
3296 5256 3484 5325 gratiae
3510 5270 3651 5324 prae.-

2075 5343 2300 5398 cone“.
2369 5343 2586 5400 Etenim
2662 5345 2916 5416 religiose
2983 5347 3230 5402 nominat.
3311 5345 3655 5404 Cberubinos

2074 5435 2264 5505 gloriae
2285 5435 2460 5492 altare
2489 5436 2911 5504 obumbrantes;
2938 5439 3002 5494 de
3041 5438 3245 5508 quibus
3271 5453 3372 5494 nos
3393 5438 3502 5494 alio
3532 5439 3655 5494 loco

2072 5526 2235 5583 latius
2281 5528 2449 5586 locuti
2497 5539 2690 5588 sumus
2735 5530 2874 5604 (59.).
2920 5529 3125 5589 Practer
3176 5534 3441 5588 hactenus
3487 5532 3656 5603 dicta,

454 5668 496 5702 ⁷¹
527 5669 635 5724 lsa.
666 5682 794 5734 xu,
828 5666 918 5721 12.
995 5663 1045 5698 ⁷³
1071 5663 1240 5719 Exod.
1276 5676 1371 5726 xx,
1400 5661 1456 5714 2.
1535 5661 1578 5692 τ’
1616 5661 1787 5716 Exod.
1820 5676 1947 5727 xxv,

2064 5703 2076 5716 .
2155 5664 2201 5696 ⁷³
2224 5664 2391 5721 Hebr.
2424 5683 2502 5734 Ix,
2533 5667 2587 5722 5.

454 5785 574 5860 (52)
611 5786 670 5842 In
701 5787 1049 5857 Apologetico
1081 5785 1284 5856 majore
1313 5800 1434 5854 cap.
1472 5781 1540 5838 7t)
1570 5793 1623 5840 et
1649 5799 1766 5854 seq.
