4050 6460
470 426 570 497 451

1497 427 1559 485 S.
1599 420 2016 484 NICEPIIORI
2060 420 2566 481 PATRIARCIME
2606 420 2717 482 (ΣΡ.

3630 420 3727 486 459.

471 547 603 602 alibi
634 558 851 615 quoque
883 544 935 598 in
967 557 1122 598 sacra
1174 548 1363 596 vetere
1391 540 1527 611 lege,
1571 543 1687 610 pari
1720 554 1884 608 scopo
1931 553 2046 593 mo-

2165 538 2335 609 ἱεροὺς
2366 540 2464 593 καὶ
2499 538 2769 602 παλαιοὺς
2817 537 3039 608 νόμους,
3087 538 3166 610 τῷ
3198 537 3376 611 ὁμοίῳ
3418 540 3614 612 σκοπῷ
3642 547 3728 596 καὶ

471 641 646 707 doque
688 636 880 690 tradita
911 634 1037 703 alia,
1078 634 1240 702 biqui
1274 631 1545 686 curiosius
1573 630 1807 686 scrutari
1841 629 2043 694 volent,

471 729 836 797 comperient;
875 741 1071 795 nempe
1105 725 1191 778 ubi
1247 722 1512 777 idolorum
1554 731 1607 776 et
1640 723 1879 777 exitiose
1933 721 2044 775 dte-

472 824 619 878 tnoni
671 824 1044 886 denariorum,
1094 820 1354 874 lsraelitis
1408 817 1618 873 factura
1681 817 2045 883 interdicitur,

472 917 600 986 quia
631 918 749 970 haec
784 914 1000 968 vitanda
1021 923 1175 968 erant
1232 924 1285 965 et
1323 912 1702 966 abominanda.
1752 911 1925 964 Serus
1953 927 2049 963 au-

477 1018 582 1063 tem
601 1007 860 1077 quidquid
880 1006 1208 1060 oblatiunum
1238 1003 1345 1057 Deo
1364 1001 1502 1057 foret
1518 1002 1562 1071 ι
1576 998 2045 1072 ιδοσενέιιιιειιιιι,

473 1098 528 1151 id
554 1111 716 1149 omne
768 1097 1086 1163 imperatur.
1120 1092 1209 1146 Sic
1240 1095 1385 1147 enim
1419 1091 1470 1145 in
1504 1090 1748 1145 Levitico
1784 1090 2047 1158 scriptum

474 1199 594 1242 est:
632 1186 756 1240 Non
789 1187 992 1253 facietis
1037 1185 1179 1238 vobis
1231 1185 1568 1251 manufacta,
1621 1199 1783 1250 neque
1831 1182 2047 1249 sculpti-

474 1280 568 1346 lia,
595 1295 757 1346 neque
787 1277 999 1331 titulum
1032 1279 1264 1347 erigetis,
1301 1293 1466 1345 neque
1496 1275 1757 1344 lapideam
1786 1274 2050 1343 speculam

473 1372 716 1424 statuetis
754 1370 806 1421 in
836 1364 1045 1438 regione
1077 1379 1269 1433 vestra,
1310 1378 1360 1420 ut
1390 1383 1451 1420 ea
1484 1367 1742 1419 adoretis.
1768 1363 1881 1434 Ego
1912 1367 2051 1417 enim

474 1479 591 1517 sum
634 1463 887 1515 Dominus
920 1461 1056 1514 Deus
1092 1470 1256 1513 vester
1284 1459 1351 1512 ⁷⁷⁵.
1384 1459 1512 1512 Hinc
1538 1470 1746 1521 autem,
1776 1458 1904 1526 quin
1941 1455 2052 1507 sint

475 1554 776 1611 roulormia
802 1554 984 1605 verbis
1016 1552 1140 1614 illis,
1160 1551 1276 1604 Non
1305 1550 1473 1603 facies
1505 1548 1671 1602 ullum
1703 1546 2050 1600 simulacrum

478 1663 657 1701 rerum
691 1646 785 1698 tibi
821 1645 1136 1708 vetilarum,
1170 1659 1290 1712 qum
1313 1643 1363 1695 iu
1393 1642 1636 1695 recitatis
1664 1649 1811 1693 retro
1843 1638 2051 1708 legibus

475 1739 617 1791 dii-ta
656 1749 800 1801 sunt,
831 1738 1026 1805 quibus
1073 1736 1451 1789 deterrebatur
1507 1732 1795 1785 institutus
1842 1730 2054 1783 noviter

473 1833 540 1882 ad
571 1833 821 1899 pietatem
845 1829 1096 1898 populus,
1127 1827 1249 1896 quis
1286 1828 1357 1879 ita
1388 1825 1553 1880 hebes
1576 1832 1659 1877 est
1689 1832 1748 1876 ut
1802 1822 2052 1876 dubitare

472 1921 671 1991 queat?

547 2108 604 2162 lu
665 2107 1089 2162 Denteronomio
1134 2116 1338 2167 autem,
1394 2105 1459 2157 de
1512 2104 1674 2159 rebus
1722 2101 1831 2156 Deo
1865 2115 2056 2158 conse-

2148 630 2337 702 τρόπῳ
2372 631 2721 702 ἐκφερόμενα
2755 632 2868 696 τοῖς
2899 631 3324 702 ἐπιμελέστερον
3367 631 3731 703 διερευνωμέ-

2151 739 2264 786 νοις
2296 723 2543 793 ἐξευρεῖν
2581 723 2749 784 ἔστιν,
2789 725 2847 777 ἐν
2879 717 2962 789 οἷς
3005 723 3114 777 τῶν
3154 724 3254 795 μὲν
3301 722 3615 794 ἀλλοτρίων
3646 727 3733 781 καὶ

2150 812 2229 883 τῷ
2278 812 2546 884 ἀλιτηρίῳ
2577 814 2955 885 ἀνακειμένων
2983 813 3221 885 δαίμονι,
3260 816 3376 877 τοῖς
3415 812 3481 879 ἐξ
3525 815 3737 886 Ἰσραὴλ

2151 905 2185 977 ή
2217 906 2436 975 ποίησις
2467 907 2869 976 ἀπηγόρευται,
2897 909 3021 961 ἐπεὶ
3051 906 3262 976 φευκτά
3287 923 3353 961 τε
3386 902 3461 978 ἦν
3495 908 3593 961 καὶ
3628 906 3735 978 βδε-

2150 995 2470 1069 λυρώτατα·
2526 998 2636 1050 τῶν
2667 998 2723 1051 δέ
2759 999 2860 1052 ὅσα
2914 999 2996 1063 είς
3030 998 3290 1070 ἀνάθημα
3325 999 3461 1069 Θεῷ
3517 998 3735 1069 ἔμελλεν

2152 1090 2399 1157 ἔσεσθαι,
2429 1093 2513 1147 ὅτι
2568 1111 2626 1146 τε
2661 1094 2857 1165 αἱρετὰ
2884 1095 2965 1158 τίς
3013 1094 3235 1166 μνήμην
3265 1093 3424 1165 αὐτῷ
3451 1094 3551 1148 καὶ
3578 1094 3735 1166 τιμὴν

2153 1184 2414 1254 ὑπάρξει,
2458 1185 2636 1239 ταῦτα
2669 1188 3032 1239 συντέτακται
3063 1203 3077 1218 ο
3119 1186 3216 1239 ὡδὶ
3251 1187 3365 1257 γὰρ
3394 1187 3457 1239 ἐν
3482 1186 3563 1258 τῷ
3590 1188 3737 1241 Λευῖ-

2153 1277 2295 1348 τικῴ
2329 1278 2682 1347 γέγραπται·
2731 1279 2814 1331 Οὐ
2846 1278 3135 1345 ποιήσετε
3163 1278 3306 1348 ὑμῖν
3336 1277 3590 1345 ἑαυτοῖς
3626 1294 3736 1347 χει-

2144 1371 2464 1439 ροποίητα,
2518 1370 2663 1425 οὐδὲ
2694 1371 2957 1440 τλυπτὰ,
2993 1371 3137 1426 οὐδὲ
3181 1370 3433 1439 στήλην
3482 1362 3739 1438 ἀναστή-

2153 1479 2316 1527 σετε,
2363 1462 2508 1517 οὐδὲ
2559 1464 2738 1519 λίθον
2793 1463 3031 1517 σκοπὸν
3082 1462 3349 1532 στήσετε
3414 1462 3491 1515 ἐν
3547 1461 3622 1531 τῇ
3669 1462 3739 1532 τῇ

2153 1556 2341 1626 ὑμῶν,
2376 1555 2802 1625 προσκυνῆσαι
2832 1555 3013 1622 αὐτῷ.
3065 1556 3206 1624 Ἐγὼ
3236 1553 3349 1625 γάρ
3381 1557 3507 1623 ειμι
3538 1555 3737 1624 Κύριος

2155 1650 2187 1700 ό
2231 1647 2375 1713 Θεὸς
2409 1645 2604 1716 ὑμῶν·
2658 1645 2837 1698 ταῦτα
2872 1646 2930 1699 δὲ
2963 1646 3037 1709 ὡς
3066 1644 3333 1713 ἀνάλογόν
3360 1645 3488 1696 ἐστι
3529 1641 3643 1711 τῷ,
3670 1643 3735 1697 Oti

2156 1741 2405 1810 ποιήσεις
2454 1741 2562 1792 πᾶν
2613 1738 2869 1810 ὁμοίωμα
2923 1737 3031 1790 τῶν
3099 1736 3591 1807 ἀπηγορευμένων
3638 1736 3737 1798 τοῖς

2158 1834 2351 1886 ἁνὸπιν
2397 1833 2717 1904 εἰρημένοις
2764 1832 2974 1903 νόμοις,
3015 1831 3075 1897 ἐξ
3108 1824 3185 1884 ὧν
3234 1830 3300 1902 δὴ
3339 1830 3447 1882 καὶ
3497 1829 3736 1898 ἀπείργει

2156 1926 2249 1979 τὸν
2301 1925 2420 1978 νέον
2473 1925 2611 1995 πρὸς
2661 1925 2947 1979 εὐσέϐειαν
3004 1922 3424 1993 ποδηγούμενω
3464 1919 3620 1987 λαὸν,
3666 1920 3738 1983 τίς

2156 2016 2332 2079 οὕτως
2369 2015 2704 2079 ἁνούστατος
2726 2015 2783 2079 ὃς
2815 2014 3243 2087 διαμφισϐητεῖν
3272 2011 3670 2083 ἐπιχειρήσοι;

2240 2109 2330 2161 Ἐν
2359 2108 2417 2162 δὲ
2445 2107 2523 2178 τῷ
2547 2108 2997 2179 Δειιτερονομίῳ,
3035 2106 3215 2161 τοιάδε
3252 2105 3389 2175 περ)⁸
3418 2096 3499 2157 ὧν
3529 2102 3608 2174 τῷ
3634 2101 3737 2174 Θεῷ

473 2200 691 2252 craudts
720 2201 831 2251 haec
863 2198 1220 2251 mandantur:
1253 2194 1371 2259 Qua
1397 2194 1482 2247 die
1517 2202 1667 2247 trans
1688 2192 1976 2246 Iordanem
2003 2194 2056 2243 in

2165 2200 2508 2272 ἀνιεροῦσθαι
2538 2201 2646 2271 χρὴ
2684 2200 3091 2272 προστέτακται
3118 2214 3131 2227 ·
3159 2191 3236 2271 ’ᾙ
3271 2198 3350 2252 ἂν
3393 2196 3595 2268 ἡμέρᾳ
3626 2193 3739 2248 δια-

474 2293 737 2359 regiunem
771 2290 1035 2352 veneritis,
1069 2304 1228 2357 quam
1258 2287 1512 2341 Dominus
1548 2286 1687 2339 Deus
1745 2284 1840 2338 tibi
1869 2300 2055 2337 conce-

2165 2292 2301 2363 ϐῆτε
2328 2295 2437 2347 τὸν
2487 2293 2790 2362 Ἰορδάνην
2837 2297 2927 2360 εις
2972 2292 3087 2361 τὴν
3132 2290 3288 2362 γῆν,
3334 2290 3423 2361 ἢν
3457 2290 3672 2359 Κύριος
3709 2288 3738 2341 ό

475 2386 576 2446 dit,
605 2395 804 2436 statues
829 2383 899 2433 ibi
934 2381 1068 2433 duos
1092 2379 1293 2445 lapides
1330 2382 1578 2446 grandes,
1610 2392 1795 2447 eosque
1842 2374 2060 2429 dealba-

2165 2384 2306 2449 Θεὸς
2325 2382 2538 2436 δίδωσί
2567 2397 2690 2449 σοι,
2718 2382 2819 2437 καὶ
2854 2381 3105 2450 στήσεις
3125 2381 3368 2448 σεαυτῷ
3404 2380 3522 2435 δύο
3545 2379 3737 2443 λίθους

475 2478 578 2541 bis,
602 2477 895 2543 scribesque
927 2489 1084 2539 super
1115 2472 1197 2523 liis
1229 2471 1496 2538 lapidibus
1533 2473 1688 2523 verba
1728 2468 1906 2523 omnia
1928 2468 2058 2538 legis

2165 2474 2494 2544 μεγάλους,
2527 2473 2626 2527 καὶ
2654 2474 2958 2540 κονιάσεις
2989 2472 3216 2538 αὐτοὺς
3250 2472 3457 2542 κονίᾳ,
3490 2470 3590 2525 καὶ
3620 2467 3736 2539 πρά·

476 2570 724 2641 ΙιιιῘιιδπ.
756 2565 1132 2632 Deindcpaulo
1165 2575 1286 2631 post
1310 2565 1407 2615 :Et
1433 2561 1725 2629 (cili/icabis
1798 2561 2061 2615 ibialtare

2165 2568 2299 2634 ψεις
2330 2565 2429 2619 ἐπὶ
2460 2563 2580 2618 τῶν
2597 2565 2784 2619 λίθων
2816 2564 3053 2631 πάντας
3082 2565 3226 2629 τοὺς
3251 2565 3492 2634 λόγους
3515 2560 3625 2617 τοῦ
3653 2558 3736 2613 νό-

476 2662 773 2729 Ιιιμὶ.ι’ἱίιιιδ.
812 2658 935 2713 Νοιι
990 2667 1171 2724 tanges
1223 2672 1309 2709 eos
1347 2654 1511 2722 ferro,
1552 2651 1814 2722 lapidibus
1842 2654 2061 2722 integris

2165 2676 2276 2728 μου
2322 2659 2563 2713 τούτου.
2600 2654 2737 2713 Εἶτα
2771 2657 2948 2729 βραχὺ
2979 2657 3209 2731 ὕστερον
3232 2675 3248 2689 ο
3282 2659 3400 2714 Καὶ
3430 2651 3735 2725 οἰκοδομή-

478 2771 525 2809 ω
547 2754 770 2823 λὸᾕειιίιίε
811 2753 983 2803 altare
1017 2748 1242 2801 Domino
1273 2748 1379 2800 Deo
1411 2758 1523 2811 tuo,
1577 2746 1902 2817 elevabisque
1935 2747 2061 2799 illuc

2165 2766 2305 2806 σετε
2343 2751 2474 2805 ἐκεῖ
2518 2750 2960 2819 θυσιαστήριον
3003 2750 3075 2804 ἐκ
3121 2751 3308 2805 λίθων
3334 2766 3348 2780 ·
3392 2751 3512 2805 οὐκ
3554 2748 3735 2803 ἐπισα-

478 2846 794 2899 leocmtsta
842 2842 1070 2896 Domino
1107 2840 1212 2894 Deo
1264 2851 1375 2902 tuo,
1427 2848 1475 2893 et
1523 2840 1591 2891 ad
1631 2840 1804 2891 altare
1848 2838 2061 2892 Domini

2165 2846 2292 2909 λεῖς
2325 2841 2530 2908 αὐτοῖς
2567 2841 2845 2909 σίδηρον,
2875 2844 3070 2909 λίθοις
3111 2842 3487 2911 ὁλοκλήροις
3525 2837 3731 2896 οίκοόο·

476 2937 673 2992 Deitui
701 2936 1025 3002 sucri/icabis
1044 2933 1111 2985 ⁷⁸.
1151 2933 1212 2985 Ει
1235 2933 1411 2984 adhuc
1445 2942 1668 3001 postea:
1701 2929 2061 3000 lnscribesque

2165 2934 2379 3007 μήσεις
2411 2935 2478 2988 τὸ
2500 2932 2940 3003 θυσιαστήριον
2971 2936 3166 3004 Κυρίῳ
3202 2933 3284 3000 τῷ
3324 2933 3456 3000 Θεῷ
3478 2950 3618 2998 σου,
3652 2930 3732 2985 καὶ

478 3031 748 3101 lapidibus
770 3030 883 3081 istis
913 3028 1211 3080 universam
1249 3025 1385 3076 hanc
1418 3026 1579 3094 legem
1608 3022 2061 3089 patentissime".

2165 3027 2435 3092 ἀνοίσεις
2483 3026 2577 3079 ἐπ’
2622 3026 2773 3080 αὐτὰ
2806 3025 2880 3078 τὰ
2922 3027 3393 3096 ὁλοκαυτώματα
3445 3026 3639 3094 Κυρίῳ
3667 3019 3732 3086 τῷ

479 3123 605 3177 Πιιό
639 3125 859 3191 perinde
898 3135 1018 3173 esse
1041 3129 1204 3185 atque
1234 3117 1387 3184 illud,
1432 3116 1622 3171 Facies
1654 3115 2061 3169 tabernaculum

2169 3115 2291 3183 Θεῷ
2321 3134 2437 3170 σου
2460 3156 2474 3181 ,
2506 3117 2605 3171 καὶ
2660 3117 2876 3184 θήσεις
2921 3117 3051 3172 ἐκεῖ
3083 3120 3535 3188 θυσιαστήριον
3564 3116 3735 3184 Rupit?

477 3226 535 3271 et
603 3214 935 3275 tabernaculi
1003 3212 1416 3280 supellcctilem,
1480 3209 1750 3263 neminem
1820 3210 2061 3261 sobrium

479 3309 949 3369 contrudit-turum
1007 3306 1266 3358 arbitror.
1324 3302 1464 3356 Alibi
1509 3317 1730 3371 quoque
1787 3300 1853 3351 de
1899 3299 2062 3353 rebus

480 3403 823 3456 ellllll‘.'0l'lllll
854 3399 1144 3466 religiosis,
1165 3397 1237 3449 ita
1268 3412 1459 3449 rursus
1475 3395 1833 3449 constitutum
1865 3393 1964 3445 fuit
2045 3409 2060 3445 :

481 3492 620 3549 Cave
641 3510 700 3546 ne
732 3508 961 3558 unquam
993 3490 1161 3559 [trdus
1204 3489 1347 3541 ineas
1380 3504 1497 3539 cum
1555 3486 1669 3555 ejus
1698 3486 1927 3553 regionis
1980 3485 2063 3536 in-

483 3590 636 3647 colis,
689 3586 756 3637 ad
790 3600 947 3653 quam
1001 3596 1057 3634 tu
1102 3582 1437 3647 ingredieris,
1496 3595 1559 3631 ne
1598 3576 1916 3631 scandalum
1969 3575 2063 3628 tibi

487 3680 646 3746 liam.
682 3675 817 3727 Aras
853 3689 1031 3727 eorum
1062 3673 1321 3733 erertetis,
1349 3672 1529 3740 cippos
1556 3687 1735 3723 eorum
1756 3670 2061 3735 conteretis,

485 3773 632 3821 turus
653 3783 833 3820 eorum
862 3766 1163 3825 succidetis,
1187 3774 1232 3816 et
1265 3764 1480 3816 deorum
1515 3764 1879 3829 indigenarum
1921 3760 2067 3813 scul-

486 3864 641 3931 ptilia
680 3861 796 3929 igne
835 3858 1180 3912 comburetis.
1221 3856 1344 3909 Non
1393 3856 1529 3909 enim
1582 3854 1687 3907 Deo
1742 3853 1913 3907 alieno
1951 3868 2066 3905 ser-

487 3954 637 4008 vietis
664 3953 729 4007 ⁷³.
773 3952 937 4020 Atqui
977 3961 1097 4019 post
1133 3952 1247 4002 haec
1294 3948 1469 4015 jussa,
1515 3946 1883 4019 nihilominus
1907 3943 2068 3999 losue

486 4043 621 4097 Navi
656 4043 800 4095 tibus
827 4056 987 4109 pares
1014 4054 1240 4092 numero
1275 4038 1516 4101 tribuum
1564 4036 1779 4090 lsraclis
1833 4036 2064 4103 lapides,

484 4147 607 4206 post
663 4133 920 4188 Jordanis
975 4134 1470 4194 transmissioncm,
1524 4130 1617 4183 Dei
1694 4139 1827 4182 nutu
1869 4127 1979 4181 tolli
2037 4140 2067 4179 a

488 4228 720 4296 singulis
755 4227 1005 4279 tribubus
1060 4225 1369 4293 imperavit,
1403 4224 1544 4277 haud
1576 4221 1841 4293 ignobiles
1895 4235 2068 4291 neque

487 4319 939 4383 contemnendos,
974 4320 1067 4373 sed
1106 4319 1341 4385 insignes
1399 4314 1613 4370 futuros
1646 4325 1811 4386 atque
1849 4312 2071 4382 conspi-

486 4429 619 4469 cuos
642 4413 719 4478 7’;
749 4414 925 4465 utsint
949 4413 1121 4477 vobis,
1162 4412 1359 4480 inquit,
1387 4411 1504 4463 luco
1533 4409 1670 4479 signi
1705 4407 1893 4477 positi,
1928 4422 2068 4461 nun-

489 4503 653 4570 tiique
686 4502 797 4554 sint
840 4506 1072 4569 posteris
1103 4503 1379 4567 aetatibus,
1417 4499 1790 4570 prodigiorum
1819 4500 1925 4554 hoc
1946 4498 2067 4552 loco

2092 3238 2135 3297 ο
2167 3210 2247 3275 τῷ
2272 3210 2394 3275 Θεῷ
2420 3227 2560 3266 σου.
2584 3211 2694 3264 Καὶ
2726 3212 2865 3281 μετὰ
2887 3210 3060 3266 ταῦτα
3095 3211 3175 3266 ἐτι
3196 3229 3209 3242 ·
3237 3213 3347 3266 Καὶ
3388 3210 3637 3282 ᾳῖράψεις
3652 3205 3735 3261 ἐπὶ

2171 3305 2291 3359 τῶν
2317 3307 2505 3359 λίθων
2520 3306 2748 3359 τούτων
2760 3304 2957 3358 πάντα
2979 3305 3084 3357 τὸν
3101 3305 3290 3373 νόμον
3307 3303 3534 3358 τοῦτον
3551 3297 3736 3368 σαφῶς

2171 3396 2428 3465 σφόδρα.
2464 3395 2651 3450 Ταῦτα
2688 3395 2763 3459 ὡς
2793 3396 3161 3466 τῷ,Ποιήσεις
3195 3395 3293 3460 τὴν
3331 3394 3545 3465 σκηνὴν
3568 3392 3656 3449 καὶ
3678 3387 3735 3442 τὰ

2138 3487 2314 3561 Ικατὰ
2347 3487 2446 3557 τὴν
2484 3487 2714 3557 σκηνὴν,
2751 3486 3045 3553 ἀκόλουθα,
3077 3486 3271 3539 οὐδένα
3297 3485 3365 3539 ἂν
3399 3485 3513 3539 τῶν
3546 3495 3735 3552 σωφρο-

2172 3580 2409 3633 νούντων
2440 3581 2689 3650 ἀντερεῖν
2737 3575 2915 3649 οἶμαι.
2970 3579 3081 3631 Καὶ
3111 3577 3294 3633 ἄλλοθι
3328 3577 3467 3646 γοῦν
3515 3575 3639 3646 περί
3681 3585 3733 3638 γε

2172 3672 2281 3725 τῶν
2306 3672 2363 3723 ἐν
2399 3671 2578 3724 ἔθνεσι
2612 3671 2994 3742 σεΰασμάτων,
3027 3670 3172 3724 οὕτω
3209 3669 3376 3723 πάλιν
3406 3669 3730 3738 νενόμισται·

2174 3765 2446 3833 Πρόσεχε
2493 3761 2759 3828 σεαυτῷ,
2787 3761 2872 3831 μή
2912 3779 3059 3816 ποτε
3099 3760 3273 3829 διαθῇ
3303 3760 3607 3830 διαθήκην
3631 3753 3734 3819 τοῖς

2173 3855 2607 3927 ἐγκαθημένοις
2640 3856 2740 3909 ἐπὶ
2769 3854 2879 3924 τῆς
2904 3854 3049 3925 γῆς,
3082 3858 3167 3921 εὶς
3201 3854 3283 3923 ἣν
3308 3855 3394 3909 σὺ
3429 3847 3732 3919 εὶσπορεύη

2174 3954 2262 4018 εις
2290 3948 2506 4020 αὐτὴν,
2531 3950 2615 4020 μή
2648 3964 2793 4004 ποτε
2826 3950 3067 4020 γένηται
3094 3950 3461 4019 πρόσκομμα
3490 3947 3560 4001 ἐν
3579 3940 3728 4012 ὑμῖν

2174 4043 2317 4110 τοὺς
2346 4043 2597 4111 ,βωμοὺς
2634 4042 2836 4096 αὐτῶν
2864 4041 3170 4095 καθελεῐτε
3196 4081 3212 4106 ,
3243 4039 3342 4093 καὶ
3376 4041 3481 4105 τὰς
3523 4033 3733 4099 στήλας

2174 4135 2374 4192 αὐτῶν
2391 4134 2778 4204 συντρίψετε,
2811 4134 2911 4187 καὶ
2934 4133 3006 4186 τὰ
3026 4131 3191 4198 ἄλση
3212 4128 3417 4185 αὐτῶν
3441 4128 3730 4194 ἐκκόψετεο

2176 4229 2275 4284 καὶ
2315 4229 2388 4284 τὰ
2432 4227 2672 4299 ογλυπτὰ
2706 4224 2827 4279 τῶν
2879 4223 3032 4279 θεῶν
3092 4223 3296 4281 αὐτῶν
3340 4220 3733 4281 κατακαύσει-ε

2175 4324 2322 4391 πυρί
2346 4338 2360 4352 ⁸
2410 4323 2482 4375 οὐ
2540 4321 2650 4390 γὰρ
2702 4318 2788 4388 μὴ
2844 4322 3331 4386 πρυσκυνήσητε
3393 4313 3518 4378 Θεῷ
3556 4308 3728 4383 ἑτέρῳ.

2188 4412 2349 4467 ’Δλλά
2375 4410 2577 4465 τούτων
2599 4407 2775 4472 οὕτως
2799 4409 3187 4479 ἀπειρημένων
3210 4410 3239 4460 ὁ
3269 4397 3730 4475 ΝαυῖδηςἸησοῦςο

2179 4504 2502 4577 ἰσαρίθμους
2530 4502 2642 4555 τῶν
2673 4500 2855 4571 φυλῶν
2889 4500 3106 4571 Ἰσραὴλ
3126 4499 3328 4565 λίθους,
3362 4494 3733 4571 περαιούμενος

487 4593 747 4648 divinitus
776 4594 939 4647 vestri
976 4609 1139 4647 causa
1163 4593 1431 4647 editorum
1461 4592 1896 4661 magnitudinem
1922 4590 2061 4644 noli-

2173 4602 2264 4654 τὸν
2312 4598 2611 4670 Ἰορδάνην,
2643 4595 2823 4667 αἴρειν
2850 4595 2977 4656 τοὺς
3015 4592 3462 4665 ἀνειλημμένους
3497 4587 3588 4659 ἀφ’
3615 4581 3730 4638 ἑκά·

487 4689 735 4749 licantes,
768 4702 1070 4754 eorumque
1112 4687 1428 4741 memoriam
1472 4702 1571 4755 per
1607 4686 1801 4740 srecula
1851 4699 2073 4739 conscr-

488 4788 699 4833 vantes.
752 4780 857 4832 Sed
892 4789 944 4832 et.
972 4780 1072 4841 ipsi
1102 4780 1271 4848 Moysi
1327 4778 1564 4847 lapideas
1618 4778 1829 4831 tabulas
1879 4776 2071 4846 polire.

497 4870 669 4940 legem
706 4871 917 4923 Domini
962 4881 1298 4938 recepturus,
1345 4873 1660 4925 mandatum
1709 4870 1810 4923 fuit
1833 4869 1913 4935 ⁸⁹;
1955 4886 2073 4939 qua:

486 4973 833 5034 quantopere
867 4963 1065 5016 fuerint
1124 4962 1495 5025 honorabiles,
1538 4971 1853 5030 quantaque
1901 4961 2073 5029 gloria

485 5068 790 5118 exornata,
824 5056 954 5122 quid
988 5070 1124 5122 opus
1153 5053 1609 5120 estdicere‘iQuo
1628 5061 1791 5108 etiam
1817 5052 2076 5106 Dominus

489 5146 865 5205 descendisse
895 5148 1116 5211 dicitur,
1158 5156 1432 5214 utcunque
1464 5147 1684 5201 demunt
1724 5145 2075 5215 intelligenda

492 5250 572 5296 est
604 5239 821 5295 Domini
852 5239 1159 5295 descensio.
1197 5236 1355 5293 Unde
1389 5239 1556 5292 etiam
1596 5237 1799 5310 Moysis
1835 5237 2076 5292 illustra-

495 5334 654 5386 batur
685 5331 876 5399 facies,
910 5332 1044 5385 adeo
1092 5340 1153 5385 ut
1190 5346 1257 5384 ne
1281 5330 1502 5386 adibilis
1541 5330 1758 5399 quidem
1803 5331 1917 5402 jam
1954 5345 2080 5401 spe-

492 5424 771 5478 ctantibus
794 5424 969 5478 tieret.
998 5422 1205 5492 Nempe
1235 5423 1307 5476 ibi
1329 5423 1524 5478 excudi
1557 5437 1696 5492 opus
1725 5432 1846 5479 erat
1873 5437 1991 5490 quae
2024 5423 2078 5477 in

398 5522 405 5529 '
496 5518 770 5586 prioribus
796 5510 993 5573 tabulis
1021 5520 1227 5586 scripta
1268 5516 1506 5585 fuerant,
1534 5517 1773 5588 qualiter
1795 5532 1874 5572 ea:
1898 5518 2075 5571 exsti-

497 5619 673 5662 terant
697 5624 835 5677 quas
863 5610 917 5663 in
939 5620 1122 5664 monte
1145 5611 1346 5680 digitus
1374 5610 1468 5664 Dei
1490 5611 1789 5679 scripserat
1809 5627 1825 5677 ;
1843 5624 2072 5680 quarum

569 5788 616 5820 ⁷⁸
652 5785 823 5842 Levit.
860 5802 1005 5850 χχιιι,
1044 5790 1094 5841 1.

506 5854 670 5915 Iosue
701 5871 776 5921 Iv,
811 5857 899 5911 το.
942 5858 989 5889 ⁸ο
1020 5858 1192 5915 Exod.
1243 5875 1427 5928 xxxiv,
1463 5860 1514 5913 l.

1207 5791 1250 5821 ⁷⁵
1278 5791 1433 5845 Deut.
1467 5806 1638 5858 xxv",
1670 5792 1724 5844 Ξ.
1801 5792 1849 5823 ⁷⁸
1879 5789 2010 5845 ibid.
2052 5790 2107 5857 5,
2138 5791 2192 5845 7.
2269 5791 2312 5824 ⁷⁷
2342 5789 2471 5846 ibid.
2499 5788 2551 5843 8.

2177 4712 2309 4764 στης
2335 4691 2531 4760 φυλῆς,
2554 4688 2709 4759 παρά
2736 4687 2874 4741 Θεοῦ
2905 4687 3211 4751 κελεύεται,
3240 4688 3343 4740 οὐκ
3365 4686 3606 4757 ἀσήμους
3629 4673 3728 4730 οὐδὲ

2177 4783 2603 4849 ἀποπτύστους,
2660 4780 2970 4850 ἐπισήμους
2999 4779 3057 4833 δὲ
3104 4777 3404 4850 ἐσομένους
3453 4774 3547 4831 καὶ
3590 4781 3727 4837 περι·

2178 4879 2381 4941 όπτους
2405 4876 2544 4931 σ”ινα
2565 4874 2889 4945 ὑπάρχωσιν
2920 4872 3070 4943 ὑμῖν,
3092 4870 3281 4939 φησὶν,
3301 4872 3382 4934 είς
3400 4868 3615 4939 σημεῖον
3629 4855 3728 4913 κεί-

2182 4988 2334 5044 μενοι
2356 4986 2372 5002 ’
2406 4969 2501 5025 καὶ
2530 4964 2641 5023 οἷον
2663 4966 2884 5037 ἄγγελοι
2908 4967 3029 5028 ταῖς
3062 4963 3362 5034 μετέπειτα
3386 4958 3494 5017 εἶεν
3517 4952 3725 5028 γενεαῖςο

2181 5043 2292 5118 τῶν
2339 5063 2469 5135 τῇδε
2519 5059 2913 5131 γεγενημένων
2966 5056 3173 5114 ἀνωθεν
3221 5056 3409 5119 αὐτοῖς
3459 5043 3728 5135 τεραστίωγ

2179 5128 2637 5226 διασημαίνοντες
2670 5128 2744 5207 τὸ
2774 5151 3097 5222 μεγαλεῖον,
3151 5150 3243 5204 καὶ
3292 5149 3392 5221 τὴν
3426 5146 3633 5220 μνήμην
3670 5128 3724 5188 δι’

2180 5245 2379 5306 αἰῶνος
2411 5243 2780 5314 φυλάσσοντες
2802 5260 2814 5271 ·
2847 5240 2986 5295 ἀλλὰ
3006 5240 3100 5294 καὶ
3132 5238 3340 5309 Μωσῆς
3360 5236 3521 5299 αὐτὸς
3549 5226 3726 5284 λιθίνας

2184 5338 2403 5401 πλάκας
2427 5313 2718 5402 λαξεύειν,
2751 5334 2917 5402 νόμον
2948 5330 3084 5385 Θεοῦ
3115 5329 3412 5400 δεξομένας
3435 5367 3451 5394 ,
3484 5313 3722 5402 προστάτιν

2180 5446 2336 5482 τεται
2359 5399 2478 5490 ’γὼς
2501 5399 2546 5480 θ’
2580 5421 2673 5479 οὖν
2706 5399 2888 5495 τίμιαι
2933 5424 3027 5477 καὶ
3060 5421 3182 5494 μεθ’
3212 5399 3333 5484 οἵας
3363 5420 3538 5487 δόξης.
3562 5409 3611 5464 τί
3634 5399 3722 5477 Χρὴ

2185 5521 2282 5575 καὶ
2331 5518 2554 5587 λέγειν;
2596 5508 2769 5573 Ἔνθα
2805 5516 2899 5568 καὶ
2932 5512 3378 5584 καταδεόηκέναι
3409 5512 3497 5565 τὸν
3526 5500 3717 5587 Κύριονι

2183 5613 2304 5682 ἥτις
2342 5583 2473 5665 ποτέ
2503 5611 2621 5662 ἐστι
2657 5606 2793 5662 Θεοῦ
2831 5605 3136 5670 κατάϐασις
3183 5583 3438 5673 λέγεται-
3468 5598 3524 5663 ἐξ
3555 5587 3621 5648 ὧν
3645 5583 3722 5638 καὶ

2651 5788 2696 5819 ⁷⁸
2720 5787 2890 5843 Exod.
2924 5802 3082 5853 nm,
3116 5784 3221 5851 ‘52;
3250 5784 3406 5840 Dent.
3441 5795 3525 5844 vn,
3548 5773 3597 5829 2.
3659 5763 3692 5795 ⁷⁹
