4050 6444
472 356 580 423 ιδδ

1504 358 1566 420 s.
1608 348 2031 419 NICEPIIORI
2072 338 2581 413 PATRIARCHAE
2623 336 2732 409 CP.

3648 347 3748 414 456

475 470 715 537 erigens,
741 464 921 521 ol‘eUm
950 465 1070 534 ejus
1117 467 1305 522 vertici
1337 466 1556 522 inludit.
1606 464 1742 519 Num
1777 478 1909 534 ergo
1936 464 2051 517 lucc

2167 458 2362 531 στήλην
2382 458 2474 512 τὸν
2508 457 2655 511 λίθον
2683 456 3041 527 στησάμενος,
3077 454 3256 511 ἔλαιον
3281 456 3429 511 κατὰ
3454 457 3551 511 τοῦ
3582 459 3749 532 ἄκρου

474 567 691 612 recusat
723 556 887 624 Deus,
914 567 972 613 ut
1003 559 1088 613 bis
1113 559 1367 613 nefandis
1393 560 1649 614 videtur?
1676 556 2054 627 Nequaquam,

474 651 584 704 imo
631 659 687 704 et
712 651 1040 721 perlibenter
1065 652 1335 718 admittit;
1369 652 1510 722 quod
1542 667 1607 706 ex
1645 651 1868 705 oraculo
1906 658 2059 718 post-

482 742 611 796 liinc
666 741 870 797 Jacobo
928 745 1072 797 edito
1124 753 1339 799 constat
1389 758 1404 798 :
1469 742 1592 798 Vidi
1640 744 1800 807 enim,
1856 742 2055 811 inquit,

472 842 679 904 quanta
709 832 894 887 Laban
937 836 1033 889 tibi
1073 835 1278 902 fecerit.
1311 834 1425 905 Ego
1477 851 1593 889 sum
1625 835 1886 889 Dominus
1918 834 2056 888 Deus

476 936 621 990 tuus,
650 926 737 995 qui
766 926 860 979 tibi
891 942 1005 979 sum
1024 925 1163 981 risus
1198 927 1251 979 in
1287 927 1400 981 loco
1418 926 1533 992 Dei,
1564 927 1651 980 ubi
1679 938 1735 979 tu
1766 925 1894 979 mihi
1924 925 2059 996 lapi-

472 1023 587 1071 dem
636 1020 857 1083 auxisti,
912 1028 959 1072 et
992 1021 1117 1072 mihi
1148 1031 1325 1073 votum
1354 1020 1539 1073 vovisti
1567 1019 1637 1076 ⁸³.
1668 1019 1749 1072 Ad
1782 1019 1898 1073 haec
1924 1020 2055 1089 quid

478 1122 709 1177 magnus
745 1120 931 1163 noster
960 1110 1217 1163 sacerdos
1250 1109 1326 1163 ait
1350 1109 1653 1177 Gregorius
1702 1106 1858 1179 (56)?
1894 1125 1914 1158 ι
1963 1105 2059 1161 Ja-

471 1198 641 1252 cobus
710 1198 913 1252 scalam
980 1200 1273 1268 quamdam
1334 1199 1626 1267 phantasia
1680 1199 1837 1265 vidit,
1892 1209 2059 1269 atque

473 1288 788 1358 angelorum
833 1305 1144 1357 ascensum,
1202 1300 1258 1345 et
1304 1290 1540 1361 lapidem
1590 1292 1749 1345 unxit
1789 1291 2055 1362 mystice;

472 1380 707 1435 fortasse
728 1393 784 1436 ut
802 1382 1035 1450 lapidem
1066 1384 1237 1438 nostri
1265 1398 1429 1437 causa
1456 1382 1809 1455 unctum(57)
1835 1385 2060 1438 denota-

476 1483 596 1542 ret;
652 1485 708 1528 et
781 1474 879 1529 Dei
912 1476 1166 1529 visionem
1210 1475 1503 1545 appellavit
1557 1492 1681 1530 eum
1738 1476 1939 1539 locum,
2003 1476 2055 1529 in

487 1565 607 1635 ejus
643 1565 734 1633 qui
786 1576 1125 1636 apparuerat;
1149 1567 1435 1622 honorem.
1491 1586 1511 1619 ι
1564 1567 1629 1622 Et
1657 1568 1763 1622 alia
1813 1583 1933 1635 quae
1982 1568 2054 1621 ibi

475 1655 775 1725 Gregorius
808 1658 1055 1713 encomia
1096 1660 1461 1745 prosequitur.
1501 1660 1628 1715 llaec
1670 1662 1887 1714 cuinam
1947 1674 2054 1713 non

473 1747 817 1817 perspicuum
845 1748 1071 1813 faciunt,
1093 1750 1344 1803 eamdam
1365 1750 1603 1818 lapidum
1635 1750 1938 1814 materiam,
1958 1765 2056 1821 pro

2162 554 2401 625 ἐπιχέει.
2434 548 2563 624 ’Ἆρ’
2592 547 2685 606 οὖν
2709 551 3106 622 ἀποπέμπεται
3136 550 3310 605 ταῦτα
3336 552 3508 618 Θεδς,
3535 553 3613 615 ὡς
3640 558 3752 620 τοῖς

2162 644 2474 714 ὲξαγίστοις
2506 644 2689 709 δοκεῖ;
2731 644 3001 714 Οὐδαμῶς
3026 685 3040 710 ,
3073 643 3213 697 ἀλλὰ
3240 646 3334 698 καὶ
3375 644 3502 699 λίαν
3529 646 3752 711 προσίεο

2159 751 2273 787 ται·
2307 736 2404 788 καὶ
2425 734 2587 807 δῆλον
2619 737 2677 802 ἐξ
2699 731 2774 788 ὧν
2803 735 2953 805 αύτῷ
2975 737 3356 808 κεχρημάτικε
3382 740 3529 808 μετὰ
3554 740 3751 795 ταῦτα’

2173 827 2435 897 Ἑώρακα
2464 830 2598 899 γὰρ,
2636 829 2806 900 φησὶν
2839 869 2853 896 ,
2885 829 3004 882 ὅσα
3031 846 3131 883 σοι
3160 830 3366 885 Λάϐιιν
3391 831 3575 886 ποιεῖ.
3613 835 3755 905 Ἐγώ

2159 924 2275 991 εἰμι
2297 923 2511 991 Κύριος
2531 925 2563 976 ὁ
2589 926 2734 989 Θετές
2751 940 2891 987 σου,
2910 925 2941 975 ὁ
2962 924 3131 992 ὀφθεί
3135 943 3163 991 ς
3187 926 3372 979 σοιέν
3391 927 3559 993 τόπῳ
3585 929 3750 992 Θεοῦ.

2161 1007 2232 1066 οὗ
2255 1011 2516 1079 ἤλειΨάς
2532 1029 2635 1081 μοι
2662 1012 2792 1064 ἐκεῖ
2808 1011 3071 1079 στήλην,
3102 1012 3199 1066 καὶ
3221 1012 3389 1080 ηὔξω
3407 1029 3515 1085 μρι
3539 1013 3756 1083 εὐχήν.

2160 1105 2304 1175 Πρὸς
2339 1104 2514 1157 ταῦτα
2542 1104 2653 1157 τῶν
2691 1104 2816 1158 καθ’
2841 1105 2991 1175 ήμᾶς
3052 1104 3400 1174 ίερομυστῶν
3431 1107 3459 1157 ὁ
3493 1105 3669 1175 μέγας
3700 1106 3753 1159 τί

2163 1214 2297 1267 φησι
2335 1197 2681 1269 Γρηγόριος;
2723 1217 2741 1249 ι
2800 1195 2998 1251 Ἰακὼϐ
3030 1198 3085 1251 δὲ
3131 1197 3383 1268 κλίμακα
3432 1197 3538 1267 μὲν
3592 1199 3751 1265 ἐφανε-

2160 1288 2335 1359 τάσθη
2364 1290 2488 1343 τινὰ
2512 1332 2526 1357 ,
2558 1290 2653 1342 καὶ
2682 1288 2935 1357 ἀγγέλων
2968 1288 3157 1343 ἄνοδον
3180 1330 3195 1355 ,
3229 1291 3327 1342 καὶ
3362 1290 3577 1361 στήλην
3610 1291 3753 1344 ἀλεί-

2161 1399 2251 1449 φει
2284 1381 2599 1451 μυστικῶς·
2642 1382 2770 1443 ἴσως
2805 1381 2894 1435 ἴνα
2916 1380 3009 1434 τὸν
3041 1381 3186 1449 ὑπὲρ
3214 1381 3374 1452 ήμῶν
3406 1380 3560 1436 λίθον
3584 1400 3753 1454 παραυ

2159 1470 2406 1542 δηλώσῃ,
2433 1471 2528 1523 καὶ
2554 1467 2717 1536 εἶδος
2751 1470 2900 1526 Θεοῦ
2933 1471 3086 1543 τόπῳ
3129 1472 3236 1524 τινὶ
3266 1473 3651 1544 προσηγορίαν
3676 1474 3751 1527 δί-
3785 1520 3798 1533 κ

2161 1564 2351 1629 δωσιν,
2391 1565 2472 1626 είς
2503 1562 2668 1633 τιμὴν
2703 1562 2796 1616 τοῦ
2840 1563 3120 1631 ὀφθέντος.
3162 1582 3181 1614 ›
3215 1561 3326 1616 Καὶ
3363 1564 3506 1617 ἄλλα
3536 1567 3637 1618 ὅσα
3667 1567 3750 1634 ἔγ-

2160 1656 2345 1725 κὼμια
2376 1655 2609 1708 ἐνταῦθα
2635 1653 2886 1720 διέξεισιο
2920 1655 3093 1708 ταῦτα
3134 1655 3240 1708 τίνι
3261 1656 3364 1709 οὐκ
3396 1657 3607 1728 ἐναργῆ
3634 1659 3751 1712 καθ-

2163 1747 2396 1814 ίσταται,
2412 1747 2487 1811 ὡς
2504 1763 2570 1799 πε
2579 1748 2630 1819 ρ).
2645 1747 2744 1819 τὴν
2761 1746 2931 1818 αὐτὴν
2953 1747 3106 1818 ὕλην,
3124 1748 3234 1802 τῶν
3253 1748 3444 1818 λίθων,
3465 1750 3632 1821 φημὶ,
3650 1751 3750 1802 τῶν

475 1848 826 1895 oraculorum
858 1839 1200 1905 diversitate,
1237 1841 1398 1895 modo
1430 1841 1539 1896 Deo
1558 1853 1768 1912 gratam
1791 1852 1848 1896 et
1880 1842 2055 1895 bono-

2167 1839 2572 1909 θεσπιζομένων
2601 1840 2664 1893 τὸ
2694 1839 2953 1910 διάφορον
2977 1841 3313 1907 ἐκδιδάσκει,
3347 1841 3431 1904 ὡς
3460 1844 3531 1895 τά
3561 1841 3659 1912 μὲν
3678 1840 3747 1912 τῷ

476 1930 703 1984 rabilem
743 1944 887 1997 esse,
948 1932 1110 1984 modo
1143 1931 1436 1988 contrariis
1492 1933 1832 1999 adhibitam,
1885 1933 2062 1986 vitan-

471 2026 593 2077 dam
626 2037 747 2078 esse
766 2033 821 2078 et
855 2025 1282 2081 detestabilem?

549 2112 751 2180 Quales
785 2129 918 2171 vero
944 2127 1292 2187 quantasque
1329 2116 1639 2172 Salomonis
1673 2116 1946 2187 sapientia
2002 2124 2059 2171 et

477 2204 758 2275 opulentia
798 2204 1015 2272 fecerit,
1069 2223 1207 2276 quas
1254 2207 1528 2264 famosum
1582 2207 1713 2263 illud
1749 2208 2064 2263 continebat

480 2292 763 2363 templum,
820 2294 1268 2362 incorporearum
1331 2298 1553 2368 ﬁguras,
1596 2296 1907 2353 volentibus
1943 2306 2064 2352 stn-

478 2387 633 2442 diose
662 2387 899 2441 scrutari
922 2390 1316 2458 permittimus,
1350 2390 1605 2461 quoniam
1634 2399 1692 2445 et
1717 2391 1843 2445 alibi
1872 2405 1968 2445 nos
1997 2391 2063 2445 de

477 2477 566 2532 bis
599 2478 853 2533 subtilius
885 2481 1244 2536 tractavimus
1281 2480 1418 2553 (58).
1463 2482 1691 2552 Insuper
1723 2493 1774 2535 et
1802 2498 2062 2551 quaecun-

478 2584 588 2640 que
639 2571 762 2627 divo
813 2570 1154 2628 Ezechielis“
1205 2576 1321 2630 visa
1386 2583 1515 2629 sunt
1571 2583 1625 2630 et
1683 2575 1945 2640 revelata,
2001 2588 2065 2630 ac

487 2663 674 2719 divino
730 2665 951 2720 oraculo
1018 2665 1325 2722 maniI'cSta.
1380 2667 1591 2722 Etenim
1640 2668 1790 2723 circa
1831 2669 2066 2739 parietes

487 2756 746 2811 delineati
803 2758 1119 2827 ostensique
1166 2760 1389 2829 templi,
1435 2774 1647 2816 necnon
1695 2762 1860 2817 eirca'
1901 2761 2067 2817 vesti-

491 2848 633 2916 bula,
678 2850 980 2906 Clierubini
1012 2861 1171 2906 erant
1206 2852 1404 2922 sculpti
1442 2862 1497 2906 et
1546 2852 1760 2924 palmae,
1803 2868 1924 2923 qua:
1979 2863 2067 2910 res

482 2942 790 2994 secundum
851 2956 1074 2996 veraces
1143 2941 1262 2996 illas
1316 2942 1554 2997 visiones
1609 2942 1855 3014 ﬁguratae
1910 2952 2067 2999 erant

486 3048 786 3103 coramque
809 3033 1034 3105 depicta:
1072 3052 1085 3089 :
1118 3036 1260 3089 inter
1300 3050 1436 3105 quas
1472 3042 1633 3090 etiam
1686 3036 1887 3092 Sancta
1939 3052 2067 3093 sana

482 3136 716 3187 Ctorum,
758 3127 1089 3198 plenumque
1118 3128 1291 3199 gloria
1344 3128 1555 3185 Domini
1589 3130 1875 3186 :cdilicium
1908 3131 2064 3184 vide-

479 3221 604 3287 bat;
630 3224 773 3277 unde
811 3232 863 3276 et
898 3237 1106 3293 pronus
1134 3223 1205 3279 ibi
1238 3224 1391 3278 humi
1428 3226 1719 3294 procubuit
1760 3242 1775 3282 :
1828 3227 2063 3281 audivit-

479 3328 585 3382 que
615 3323 806 3368 contra
860 3324 1279 3385 exasperantem
1323 3316 1486 3386 118
1547 3318 1765 3372 domum
1814 3318 2057 3374 lsraelis.

480 3404 721 3475 graviter
782 3406 1089 3472 inclamari,
1141 3417 1198 3461 ut
1268 3424 1297 3462 a
1343 3411 1458 3464 suis
1512 3409 1891 3480 iniquitatibus
1946 3412 2064 3468 sine

483 3511 634 3549 mora
662 3496 995 3562 desinerent,
1020 3507 1075 3553 et
1107 3500 1253 3553 omni
1321 3509 1445 3555 actu
1503 3515 1613 3571 quo
1640 3499 1853 3556 Domini
1888 3502 2062 3572 legem

482 3588 770 3652 violantes,
801 3604 957 3644 sacra
978 3591 1094 3661 ejus
1114 3590 1508 3661 profanabant;
1533 3593 1692 3649 sicuti
1725 3604 1869 3649 nunc
1897 3597 2061 3650 etiam

481 3680 731 3736 videmus
783 3682 852 3736 ab
908 3682 994 3737 bis
1037 3682 1201 3754 impie
1266 3684 1384 3740 ﬁeri
1436 3685 1526 3755 qui
1598 3684 1846 3742 acerbius
1884 3687 2064 3743 adhuc

480 3781 727 3841 peccant,
765 3782 817 3828 et
858 3775 1066 3829 sanctis
1097 3776 1206 3832 illis
1236 3777 1509 3833 sanctiora
1546 3777 1767 3833 Izedunt.
1797 3777 1974 3847 Atque
1993 3793 2063 3833 ex

483 3866 569 3920 his
595 3867 848 3923 omnibus
875 3868 1239 3935 concluditur,
1271 3885 1447 3941 neque
1476 3871 1660 3926 omnia
1717 3886 1836 3941 quae
1885 3871 1952 3926 de
1981 3871 2066 3927 bis

488 3958 749 4028 legalibus
778 3960 986 4030 scripta
1015 3960 1286 4031 feruntur,
1314 3964 1607 4035 rejicienda
1635 3978 1759 4021 esse
1792 3965 2059 4032 absolute,

487 4065 661 4121 neque
719 4052 900 4108 omnia
969 4055 1208 4110 vicissim
1261 4057 1620 4112 admittenda.
1685 4055 1823 4112 Nam
1888 4072 2066 4128 neque

483 4146 665 4199 omnia
696 4145 925 4215 profana
955 4156 1082 4202 sunt
1131 4158 1186 4202 et
1219 4149 1596 4219 despicabilia,
1658 4165 1833 4220 neque
1879 4151 2066 4206 omnia

486 4250 676 4290 rursus
710 4248 900 4292 sancta
961 4248 1016 4293 et
1074 4239 1438 4308 venerabilia;
1499 4241 1593 4296 sed
1661 4254 1783 4312 qua:
1827 4242 1959 4307 sint,
2014 4249 2068 4296 et

484 4340 647 4396 quam
688 4327 756 4383 ob
802 4343 1051 4394 causam,
1121 4331 1464 4386 manifestius
1512 4332 1729 4388 docebit
1782 4332 2065 4389 oraculum

485 4418 729 4475 Gedeoni
785 4435 1022 4491 superne
1071 4423 1276 4477 editum
1329 4423 1502 4493 judici
1556 4424 1773 4481 lsraelis
1803 4422 2064 4480 electo".

2162 1930 2283 2001 Θεῷ
2335 1933 2513 1985 οίκεία
2550 1932 2643 1985 καὶ
2684 1932 2845 2002 τίμια
2868 1973 2883 1998 ,
2915 1933 2987 1987 τὰ
3028 1933 3084 1986 δὲ
3119 1935 3230 1997 τοῖς
3262 1933 3542 1998 ἐναντίοις
3579 1935 3747 2006 ἀνημ-

2168 2022 2333 2093 μένα,
2373 2022 2588 2090 φευκτὰ
2617 2023 2711 2076 καὶ
2745 2023 3103 2089 ἀπόπτυστα;

2246 2112 2441 2167 Ὀποῖα
2465 2113 2522 2167 δὲ
2553 2114 2649 2167 καὶ
2677 2114 2781 2168 ὃσα
2809 2115 2842 2185 ἡ
2876 2114 3228 2185 Σολομῶντος
3257 2115 3429 2184 σοφία
3462 2116 3561 2171 καὶ
3607 2115 3747 2171 δυναο

2168 2204 2323 2258 στεία
2354 2203 2712 2277 ἐξείργασται
2741 2246 2755 2271 ,
2797 2206 2895 2260 καὶ
2924 2206 3070 2278 ἅπερ
3099 2208 3128 2261 ὁ
3162 2207 3524 2279 περιώνυμος
3550 2209 3747 2272 ἐκεῖνος

2166 2293 2281 2367 εἶχε
2311 2297 2436 2362 ναὸς
2486 2298 2597 2351 τῶν
2648 2298 2964 2369 ἀσωμάτων
3005 2296 3381 2370 μορφώματα,
3418 2302 3538 2362 τοῖς
3570 2299 3746 2369 βουλο-

2170 2390 2357 2459 μένοις
2411 2390 2717 2459 φιλοπόνως
2748 2390 3042 2463 ὲξερευνᾷν
3088 2392 3449 2463 παρήσομεν,
3491 2392 3615 2445 ἐπεὶ
3661 2392 3744 2444 καὶ

2166 2482 2300 2551 ήμῖν
2332 2481 2658 2557 λεπτότερον
2678 2485 2736 2537 ὲν
2758 2483 2968 2554 ἑτέροις
3000 2484 3130 2555 περὶ
3162 2482 3373 2538 τούτων
3405 2483 3741 2554 διείληπταιο

2169 2573 2398 2645 προσέτι
2446 2591 2509 2641 γε
2568 2572 2674 2645 μὴν
2732 2575 2830 2629 καὶ
2891 2570 2979 2630 οἷα
3028 2574 3106 2647 τῷ
3153 2575 3437 2648 θεσπεσίῳ
3495 2574 3739 2644 Ἶεζεκιὴλ

2169 2660 2349 2720 ὦπται
2382 2666 2477 2721 καὶ
2509 2667 2973 2739 κεχρημάτισται,
3006 2669 3074 2721 τὰ
3096 2667 3479 2740 θεοπαράδοτα
3504 2667 3742 2736 διασαφεῖ

2169 2758 2323 2827 λόγια
2342 2775 2358 2791 ο
2389 2759 2531 2813 κατά
2554 2776 2612 2812 τε
2642 2758 2749 2831 γὰρ
2777 2759 2903 2822 τοὺς
2923 2761 3140 2830 τοίχους
3169 2759 3363 2830 κύκλῳ
3395 2759 3495 2813 τοῦ
3526 2759 3738 2830 διαγρα-

2170 2851 2408 2923 φομένου
2462 2852 2560 2905 καὶ
2594 2850 3100 2923 παρεπιδεικνυμένου
3149 2851 3255 2905 νεὼ
3280 2893 3294 2916 ,
3332 2854 3433 2907 καὶ
3465 2852 3536 2906 τὰ
3576 2849 3738 2922 θυρώ-

2173 2961 2320 3014 ματα
2355 2943 2649 3015 Χερουϐὶμ
2669 2940 2737 3016 ἦν
2769 2944 2837 2999 τὰ
2867 2943 3249 3016 γεγλυμμένα,
3276 2944 3374 2998 καὶ
3407 2945 3645 3016 φοίνικες
3667 2982 3681 3005 ,
3708 2941 3741 2996 ἃ

2169 3033 2235 3106 δὴ
2265 3035 2404 3089 κατὰ
2433 3035 2531 3098 τὰς
2565 3035 2820 3105 ἀψευδεῖς
2858 3035 3074 3099 ὲκείνας
3111 3035 3266 3105 ὄψεις
3288 3077 3303 3103 ,
3343 3034 3657 3090 ὲτετύπωτό
3684 3050 3738 3086 τε

2171 3126 2265 3181 καὶ
2296 3129 2691 3199 προϊστόρητο’
2721 3130 2779 3181 ὲν
2804 3123 2886 3191 οἷς
2911 3128 3007 3181 καὶ
3032 3128 3199 3198 ’Ἅγια
3220 3128 3423 3197 ἁγίων,
3457 3129 3552 3184 καί⁵
3572 3128 3738 3198 πλήρη

2164 3218 2322 3288 δόξης
2351 3220 2557 3290 Κυρίου
2611 3219 2704 3273 τὸν
2751 3214 2906 3274 οἶκον
2935 3220 3226 3288 τεθέαται,
3281 3221 3372 3276 ὅτε
3416 3224 3513 3277 καὶ
3543 3219 3741 3293 πρηνὴς

2165 3312 2375 3363 ἐκεῖθεν
2403 3312 2739 3365 κατέπιπτεν
2761 3328 2774 3344 ·
2810 3313 2978 3384 ἧκουέ
3003 3331 3061 3366 τε
3091 3313 3229 3386 πρὸς
3258 3314 3346 3368 τὸν
3371 3312 3741 3386 παραπικραί-

2166 3420 2324 3456 νοντα
2363 3399 2513 3457 οἷκον
2560 3404 2656 3458 τοῦ
2700 3404 2921 3477 Ἰσραὴλ
2946 3447 2961 3471 ,
2991 3406 3428 3478 ἐμϐριθέστερον
3462 3406 3742 3477 ἀποφαίνει

2167 3494 2290 3548 σθαι
2312 3535 2325 3558 ,
2362 3495 2662 3567 ἀπολήγει-δ
2689 3497 2852 3562 εὐθὺς
2879 3499 2985 3552 τῶν
3015 3499 3258 3569 ἀνομιῶν
3289 3500 3497 3567 αὐτῶν,
3535 3497 3741 3553 καὶτῶν

2164 3587 2267 3640 ὅσα
2294 3585 2393 3658 τὴν
2421 3586 2690 3659 διαθήκην
2732 3589 2949 3661 Κυρίου
2986 3591 3435 3661 παραϐαίνοντες
3462 3590 3741 3662 ὲϐεϐήλουν
3791 3648 3794 3652 ,

2166 3680 2234 3733 τὰ
2262 3679 2423 3749 ἄγαν
2478 3681 2733 3754 καθάπερ
2773 3682 2839 3755 δὴ
2895 3683 2991 3737 καὶ
3035 3683 3130 3737 νῦν
3182 3683 3405 3756 ὁρῶμεν
3446 3683 3603 3756 παρὰ
3643 3680 3742 3734 τῶν

2167 3771 2518 3843 ἅνομούντων
2565 3774 2915 3847 πικρότερονι
2956 3777 3051 3830 καὶ
3112 3776 3494 3847 βεϐηλούντων
3536 3774 3601 3830 τὰ
3645 3771 3743 3827 τῶν

2168 3864 2341 3933 ἁγίων
2373 3863 2602 3920 ἐκείνων
2626 3867 2904 3939 ἁγιώτερα
2935 3867 3112 3932 ἀθέως
3140 3869 3475 3942 τελούμενα.
3522 3861 3615 3925 Ἐκ
3634 3867 3744 3922 τού-

2165 3972 2276 4009 των
2307 3954 2365 4009 δὲ
2402 3952 2637 4011 πάντων
2671 3958 2970 4028 συνάγεται
3006 3998 3023 4026 ,
3054 3959 3132 4023 ὡς
3161 3958 3288 4015 οὔτε
3323 3963 3510 4017 πάντα
3540 3959 3607 4016 τὰ
3648 3974 3735 4028 γε·

2167 4046 2467 4118 γραμμένα
2502 4049 2630 4120 περὶ
2658 4048 2768 4104 τῶν
2807 4048 2950 4104 οὕτω
2982 4050 3469 4124 νομοθετουμένων
3503 4055 3742 4120 ἀποπεμ-

2172 4140 2334 4192 πτέον
2376 4140 2565 4204 ἁπλῶς
2590 4182 2605 4207 ,
2635 4139 2761 4195 οὕτε
2804 4143 2986 4198 πάντα
3034 4145 3399 4215 προσδεκτέον
3430 4162 3443 4178 ·
3494 4144 3613 4200 οὕτε
3646 4142 3742 4212 γὰρ

2170 4232 2351 4287 πάντα
2381 4235 2553 4306 ὲναγῆ
2586 4223 2682 4288 καὶ
2721 4233 3051 4290 ἀπόπτυστα
3071 4277 3086 4303 ,
3122 4236 3249 4291 οὔτε
3287 4240 3473 4293 πάντα
3502 4240 3630 4308 ἅγια
3660 4234 3744 4288 καὶ

2172 4322 2447 4394 σεϐάσμια
2473 4338 2487 4353 ’
2521 4323 2660 4378 ἀλλὰ
2687 4324 2822 4395 δῆλα
2848 4327 3007 4380 ἆτινα
3033 4328 3129 4380 καὶ
3158 4321 3234 4382 ὧν
3264 4328 3456 4384 ἕνεκεν
3481 4328 3555 4393 ὡς
3591 4322 3745 4394 σαφέ-

2172 4431 2366 4486 στερον
2403 4415 2672 4481 ὲκδιδάξει
2696 4457 2713 4483 ,
2753 4416 2789 4470 ἃ
2819 4416 2897 4489 τῷ
2935 4417 3145 4474 Γεδεὼν
3187 4419 3267 4491 τῷ
3315 4421 3395 4483 εἰς
3436 4418 3622 4491 κριτὴν
3663 4411 3744 4466 ἐπὶ

487 4508 800 4564 Mandatum
839 4512 1038 4582 quippe
1076 4512 1156 4566 illi
1202 4512 1384 4568 fuitut
1416 4519 1648 4583 patrium
1685 4513 1864 4570 Baalis
1892 4514 2062 4569 altare

2171 4505 2264 4559 τὸν
2311 4506 2531 4578 Ἰσραὴλ
2573 4509 3088 4581 κεχειροτονημένῳ
3117 4509 3580 4584 κεχρησμῷδηται
3617 4507 3743 4595 ἀνωέ

484 4600 711 4671 ejusque
749 4600 930 4656 lucum
967 4602 1294 4671 destrueret,
1331 4604 1586 4675 aliudque
1611 4606 1905 4662 aediﬁcaret
1934 4606 2065 4674 Deo,

485 4701 543 4745 et
613 4691 880 4746 sacriﬁcia
954 4692 1079 4747 illuc
1144 4694 1429 4750 extolleret
1483 4696 1815 4764 vitulorum,
1871 4696 2069 4754 succisi

486 4783 592 4837 luci
656 4784 814 4855 lignis
869 4788 1091 4840 utendo.
1162 4788 1364 4843 Eodem
1423 4791 1582 4845 modo
1642 4804 1742 4845 nos
1805 4807 2065 4862 quoque,

488 4876 756 4931 diviniore
787 4892 849 4931 ae
880 4876 1218 4946 religiosiore
1247 4879 1363 4950 lege
1396 4892 1634 4951 recepta,
1671 4883 1717 4937 si
1751 4897 1909 4954 quem
1941 4884 2071 4939 alie-

489 4984 616 5022 num
651 4984 678 5021 a
718 4978 902 5024 nostra
940 4971 1211 5025 sententia
1269 4973 1797 5040 depreliemlerimus
1850 4974 2069 5045 religio:

490 5076 611 5115 sum
642 5060 834 5125 ritum,
877 5062 1022 5115 hunc
1056 5060 1201 5114 Velut
1226 5058 1508 5116 Judaicnm
1542 5071 1637 5117 aut
1694 5061 2063 5130 Barbaricam,

2175 4599 2309 4653 θεν·
2357 4600 2720 4671 καθαιρήσειν
2774 4602 2875 4671 μὲν
2922 4601 3033 4674 γὰρ
3068 4602 3129 4657 τὸ
3178 4603 3434 4677 πατρῷον
3484 4601 3575 4656 τοῦ
3610 4594 3743 4653 Βάαλ

2176 4690 2571 4763 θυσιαστήριον
2596 4695 2694 4748 καὶ
2726 4692 2787 4747 τὸ
2824 4693 2913 4747 ἐπ’
2946 4695 3096 4767 αὐτῷ
3130 4696 3314 4762 ἄλσος,
3349 4696 3533 4768 ἕτερον
3558 4694 3611 4746 δὲ
3647 4688 3743 4742 δεί-

2178 4781 2385 4849 μασθαι
2417 4784 2495 4855 τῴ
2518 4784 2660 4856 Θεῷ,
2691 4787 2787 4840 καὶ
2823 4786 3070 4840 ἀνοίσειν
3093 4786 3286 4850 θυσίας
3321 4788 3537 4859 μόσχων
3567 4787 3626 4837 ὲκ
3659 4777 3742 4833 τοῦ

2179 4874 2533 4940 διακοπέντος
2570 4877 2768 4943 ἄλσους
2819 4879 2929 4933 τῶν
2974 4878 3149 4944 ξύλων
3202 4880 3567 4950 ὲπετρέπετοο
3616 4869 3743 4928 κατᾶ

2178 4964 2354 5020 ταῦτα
2382 4966 2440 5020 δὲ
2479 4968 2576 5021 καὶ
2617 4968 2746 5039 παρ’
2775 4972 2905 5040 ἡμῖν
2936 4972 3047 5033 τοῖς
3079 4970 3179 5041 τὴν
3220 4969 3504 5042 θειοτέραν
3539 4967 3630 5022 καὶ
3664 4979 3743 5015 σε-

2182 5056 2572 5132 ϐασμιωτέραν
2625 5062 2950 5133 νομοθεσίαν
2992 5061 3375 5133 δεδεγμένοις,
3422 5066 3471 5117 εἰ
3520 5061 3615 5130 μέν
3650 5070 3739 5107 που

490 5168 587 5206 ceu
631 5152 1053 5205 abominandum
1093 5152 1606 5220 detestandumque,
1653 5153 1804 5207 omni
1844 5169 2062 5224 prorsus

2184 5150 2466 5221 ἀλλότριον
2497 5155 2597 5225 τῆς
2626 5153 2748 5208 καθ’
2778 5156 2930 5226 ἡμᾶς
2967 5152 3128 5225 δόξης
3160 5155 3444 5226 φωραθείη
3477 5150 3740 5227 σέϐασμᾳ,

488 5245 775 5298 sedulitate
812 5254 1048 5309 utentes,
1078 5245 1383 5310 destruere,
1421 5259 1515 5297 ceu
1552 5245 1812 5310 alienum,
1851 5260 2062 5301 necesse

2181 5241 2270 5298 οἷα
2295 5248 2366 5300 τὰ
2396 5249 2552 5321 παρὰ
2582 5250 2884 5318 Ἰουδαίοις,
2918 5253 2968 5304 εί
2999 5249 3176 5320 τύχοι,
3210 5251 3307 5303 καὶ
3337 5247 3644 5321 βαρϐάροις,
3675 5238 3742 5298 ὼὲ

488 5346 592 5391 est.
626 5338 757 5405 Qua:
786 5353 915 5391 vero
952 5338 1018 5392 ad
1048 5339 1137 5393 Dei
1196 5337 1425 5408 gloriam
1478 5336 1680 5405 favent,
1717 5348 1773 5393 et
1820 5338 2062 5394 salutaris

2183 5336 2561 5413 ὲϐδελυγμένα
2583 5337 2692 5397 ’καὶ
2724 5343 2970 5413 στυγητὰ
2992 5385 3006 5409 ,
3035 5342 3253 5407 πάντως
3281 5342 3347 5397 ἂν
3380 5340 3577 5410 σπουδῇ
3609 5332 3741 5399 πάσι]

559 5491 606 5524 ⁸³
632 5493 768 5552 Gen.
812 5511 965 5560 χχχι,
999 5493 1087 5547 12.
1165 5491 1211 5525 ⁸⁸
1239 5492 1439 5549 Ezech.
1479 5507 1591 5559 xu,
1619 5492 1711 5549 18.
1787 5491 1833 5524 ⁸⁵
1867 5492 2045 5550 Judic.
2087 5511 2161 5563 vr,
2198 5496 2290 5551 25.

562 5636 675 5707 (56)
710 5637 933 5693 Scilicet
962 5638 1014 5690 in
1049 5636 1292 5707 oratione
1317 5635 1410 5699 28,
1444 5653 1497 5689 ιι.
1532 5635 1618 5707 18.

566 5705 680 5774 (:37)
726 5709 924 5776 Nempe
971 5706 1301 5773 ἁλειφέντα,
1357 5717 1416 5760 ιιι
1457 5707 1534 5760 ait
1572 5705 1902 5773 Gregorius,
1932 5707 2073 5773 quod

494 5777 816 5832 vocabulum
856 5788 1034 5833 tamen
1066 5778 1321 5831 mendose
1347 5776 1497 5832 deest
1523 5778 1575 5832 in
1620 5776 1879 5832 Vaticano
1912 5778 2072 5831 Nice-

2184 5637 2342 5706 phori
2383 5639 2567 5693 codice
2605 5654 2656 5705 p.
2689 5639 2815 5694 265.
2851 5640 2901 5694 ι›.

2258 5708 2373 5779 (58)
2413 5710 2466 5763 In
2502 5711 2852 5780 Apologctico
2887 5710 3116 5781 majore,
3144 5728 3264 5783 cap.
3300 5713 3391 5770 69.
