4050 6442
362 411 477 475 457

1077 415 1706 477 ANTIRRHETICUS
1743 416 1839 476 III
1879 418 2047 479 ADV.
2089 414 2687 478 CONSTANTINUM
2723 416 2934 477 COPR.

3521 414 3643 478 Abii
3664 414 3673 421 ’

362 524 702 595 χρωμένοις,
740 526 1027 597 καθαιρεῖν
1047 528 1122 593 ὡς
1146 529 1404 599 ἀλλότρια
1438 531 1750 598 ἐπάναγκες
1782 546 1797 559 ο
1829 529 1865 583 ἃ
1896 529 1952 583 δὲ

2064 544 2372 585 reconomue
2403 529 2661 583 indicium
2713 527 2946 593 faciunt,
2996 526 3327 597 quianobis
3374 519 3631 596 prosunt,

364 617 456 679 είς
486 615 646 682 δόξαν
690 617 886 689 ἀνήκει
934 618 1094 683 Θεοῦ,
1140 621 1237 674 καὶ
1282 620 1519 691 δήλωσιν
1545 621 1645 691 τῆς
1687 620 1961 691 σωτηρίου

364 710 695 778 οἰκονομίας
719 709 1012 781 πρόκειται
1037 752 1051 775 ,
1083 711 1206 765 ἐπεὶ
1228 715 1364 782 ἡμῖν
1389 712 1708 782 διαφέρουσι
1733 752 1749 777 ,
1795 712 1962 765 σεϐά-

368 817 585 870 σματος
638 802 736 854 καὶ
782 803 949 872 τιμῆς
980 802 1106 867 ἀξια
1148 803 1363 874 κρίνειν
1388 844 1401 866 ,
1449 805 1546 873 οὐχ
1576 804 1765 874 ὥσπερ
1809 802 1962 874 παρὰ

370 892 486 946 τῶν
520 892 733 960 ἐναγῶν
758 891 828 945 τὰ
857 892 988 961 ἆγια
1019 894 1343 948 δ.απτύεται
1367 894 1544 958 ἀθέως
1574 894 1670 949 καὶ
1700 894 1962 967 καθυϐρί-

372 984 531 1049 ζεται
556 1002 571 1016 υ
606 985 658 1037 οἳ
689 985 754 1055 δὴ
801 984 986 1039 πάντα.
1032 986 1360 1059 συγχέοντες
1408 988 1505 1039 καὶ⁵
1543 986 1960 1058 συμφύροντες,

368 1074 470 1129 τοῦ
516 1072 762 1146 καθαροῦ
808 1075 870 1128 τὸ
897 1076 1231 1149 ἀκάθαρτον,
1267 1078 1364 1132 καὶ
1393 1078 1487 1133 τοῦ
1524 1079 1683 1146 ἀγίου
1713 1079 1774 1132 τὸ
1800 1078 1962 1152 βέϐη-

366 1167 469 1221 λον
507 1166 774 1237 διορίζειν
810 1168 875 1221 οὐ
913 1167 1231 1239 βούλονται·
1286 1173 1395 1237 Είς
1437 1171 1551 1240 γὰρ
1587 1173 1963 1245 κακότεχνον

363 1259 629 1329 ψυχὴν,
660 1259 851 1329 σοφία
897 1261 1047 1315 Θεοῦ
1076 1264 1190 1316 οὐκ
1237 1263 1673 1317 εἰσελεύσεται.
1720 1263 1961 1334 Ἀνάγκη

365 1349 486 1421 γὰρ
530 1349 718 1412 αὐτοῖς
771 1349 804 1420 ἦ
869 1351 1051 1404 πάντα
1106 1350 1194 1405 διὰ
1247 1352 1331 1418 τὸ,
1362 1354 1448 1406 Οὐ
1501 1352 1781 1421 ποιήσεις
1838 1352 1963 1409 πᾶν

369 1441 662 1511 ὁμοίωμα,
689 1440 759 1494 τὰ
781 1439 859 1511 τῷ
881 1440 1002 1512 Θεῷ
1022 1442 1155 1511 φίλα
1175 1441 1273 1495 καὶ
1304 1443 1483 1497 οἰκεία
1504 1443 1956 1514 ἀποπέμπεσθαι,

369 1529 410 1600 ἢ
449 1529 541 1582 διὰ
568 1529 630 1582 τὸ
658 1529 967 1596 ποιήσεις,
1000 1532 1070 1585 τά
1109 1531 1558 1603 νομοθετούμενα
1582 1533 1768 1588 πάντα
1797 1573 1813 1598 ,
1865 1534 1961 1587 καὶ

366 1620 445 1673 τὰ
478 1618 589 1673 τῶν
625 1618 805 1674 ἀθέων
844 1621 940 1674 καὶ
969 1620 1218 1676 ἀπίστων
1247 1621 1431 1676 σέϐειν
1463 1626 1560 1677 καὶ
1590 1623 1958 1690 ἀσπάζεσθαι,

367 1713 636 1783 οὐδεμιᾶς
698 1714 884 1777 αὐτοῖς
934 1713 1259 1785 ὑπολήψεως
1331 1715 1519 1785 ὑγιοῦς
1567 1716 1816 1789 ὑπούσης
1865 1718 1962 1773 καὶ⁸

372 1805 655 1874 κρίσεως“
729 1802 765 1872 ἢ
835 1803 976 1874 ὅπερ
1047 1804 1237 1868 αὐτοῖς
1296 1805 1497 1864 οἰκεῖον
1552 1805 1649 1858 καὶ
1703 1787 1999 1875 span-be

377 1896 563 1950 πᾶσαν
609 1894 853 1948 παλαιὰν
901 1897 998 1949 καὶ
1055 1895 1187 1949 νέαν
1232 1895 1596 1966 νομοθεσίαν,
1643 1897 1789 1950 κατά
1827 1897 1958 1961 τοὺς
1993 1882 2033 1938 Β

376 1989 593 2043 ἑαυτῶν
615 1987 971 2052 διδασκάλους
991 2027 1006 2052 ,
1038 1987 1276 2043 ἀθετεῖν.

456 2088 566 2152 μα’.
601 2100 620 2134 ι
661 2077 798 2135 Εἶτα
827 2080 970 2134 ἔστω
1015 2080 1116 2151 μέν
1159 2080 1333 2136 ταῦτα
1370 2080 1548 2146 οὕτως
1593 2082 1762 2153 ἔχειν,
1801 2085 1958 2152 φασὶ,

382 2174 491 2227 ποῦ
541 2173 599 2226 δέ
657 2190 736 2226 σοι
802 2171 1039 2226 ἐνταῦθα
1100 2172 1519 2244 θενομοθέτηται
1580 2177 1756 2228 ποιεῖν
1821 2174 1958 2228 Θεοῦ

384 2265 636 2336 ὁμοίωμα
658 2281 672 2330 ;
710 2282 729 2315 ι
758 2265 903 2335 Πρὸς
930 2260 1025 2318 οὖν
1054 2264 1115 2318 τὸ
1142 2266 1332 2319 σκαιὸν
1361 2266 1456 2319 καὶ
1483 2264 1841 2335 ἀπόπληκτον
1860 2268 1962 2335 τῆς

381 2359 720 2428 ἐρωτήσεως,
744 2357 973 2410 τοιαῦτά
990 2373 1193 2426 φαμεν·
1216 2356 1434 2427 πρῶτον
1455 2358 1573 2427 μὲν,
1596 2357 1679 2412 ὃτι
1711 2359 1960 2411 Ἐοίκατε

375 2449 556 2501 ταῦτα
577 2449 1003 2516 πυνθανόμενοι,
1034 2447 1411 2519 προκάλυμμα
1431 2450 1530 2519 τῆς
1588 2449 1801 2503 ἑαυτῶν
1832 2451 1961 2503 ἁπι-

376 2540 536 2602 στίας
559 2539 653 2592 καὶ
668 2539 986 2603 δυσσεὸείας
1004 2539 1493 2610 προΐσχεσθαιέοὺχ
1518 2530 1736 2604 ὅπωςτι
1754 2542 1963 2607 ἀξιόλο-

371 2648 479 2700 γον
499 2633 629 2702 περὶ
665 2631 802 2683 Θεοῦ
832 2630 1012 2699 λέγειν
1033 2631 1226 2700 δόξητε
1250 2672 1266 2696 ,
1295 2632 1412 2686 ἀλλ’
1440 2634 1528 2686 ἵνα
1547 2631 1645 2704 τὴν
1679 2631 1836 2687 θείαν
1862 2632 1958 2687 τοῦ
1986 2650 1991 2663 '

373 2722 637 2792 Σωτῆρος
697 2723 1017 2793 οἰκονομίαν
1076 2725 1565 2795 συκοφαντήσητεο
1626 2725 1817 2789 οὐδεὶς
1851 2726 1961 2795 γὰρ

373 2815 512 2885 ὑμῖν
539 2813 777 2868 ἐνταῦθα
797 2815 1129 2886 σαρκώσεως
1152 2816 1308 2884 λόγος
1328 2816 1701 2888 παρείληπται
1724 2833 1739 2847 ·
1768 2817 1962 2872 ἔπειτα

372 2906 458 2973 δέ,
495 2907 579 2961 ὅτι
608 2906 680 2962 ’τὸ
722 2907 1015 2962 ἀλλόκοτον
1050 2908 1145 2962 καὶ
1178 2908 1613 2981 παραφροσύνης
1659 2910 1962 2980 ἐπίμεστον

375 3000 560 3070 ὑμῶν,
603 3001 662 3054 ἐν
706 3000 922 3064 τούτοις
966 3001 1396 3072 τεκμηριοῦταιθ
1434 3001 1613 3073 μάτην
1668 3002 1780 3070 γάρ
1827 3002 1964 3071 Χρι-

378 3094 626 3154 στιανοῖς
648 3091 1092 3163 διαλοιδορεῖσθε,
1126 3092 1221 3146 καὶ
1248 3092 1285 3147 ἃ
1319 3094 1455 3164 μήτε
1489 3093 1648 3146 αὐτοὶ
1676 3093 1958 3159 ἐδόξασαν.

380 3185 527 3254 μήτε
559 3185 720 3254 ὑμεῖς
767 3183 1042 3254 ἀκηκόατε
1096 3183 1320 3239 πώποτε
1371 3180 1813 3251 κατ’ἀπτύοντες,
1849 3183 1964 3238 ἐπί-

377 3275 571 3346 κλημα
616 3276 1033 3345 προσεπάγετε,
1081 3276 1213 3329 ὡσεὶ
1255 3278 1351 3329 καὶ
1394 3274 1526 3329 Θεὸν
1558 3276 1717 3340 ψιλὸν
1759 3276 1964 3347 σαρκὸς

377 3368 809 3439 γεγυμνωμένον
833 3368 1123 3432 είκονίζειν
1155 3368 1649 3437 ἐπαγγελλομένοις
1673 3385 1687 3399 ·
1717 3369 1824 3421 τίνι
1856 3368 1966 3437 γὰρ

376 3460 494 3513 τῶν
543 3460 773 3529 λογικῆς
824 3459 1163 3531 μετεχόντων
1199 3459 1418 3529 φύσεως
1455 3460 1518 3512 οὐ
1561 3459 1966 3530 διωμολόγηται

381 3553 601 3621 σαφῶς,
631 3553 713 3605 ὅτι
744 3550 880 3606 Θεοῦ
916 3554 1090 3605 ποιεῖν
1133 3552 1392 3622 ὁμοίωμα
1502 3552 1636 3616 Θεὸς
1655 3591 1671 3617 ,
1703 3551 1966 3606 ἀδύνατον

377 3644 460 3709 ὡς
493 3644 709 3716 ἀληθῶς
738 3644 833 3698 καὶ
862 3642 1317 3715 ἀνεπιχείρητονς
1368 3645 1493 3697 ἐπεὶ
1532 3644 1657 3697 οὐδὲ
1683 3643 1880 3714 ὁρατὸν
1904 3641 1966 3695 τὸ

384 3737 549 3790 Θεῖον
574 3736 699 3789 οὐδὲ
731 3736 960 3807 ληπτόνο
997 3736 1147 3790 Θεὸν
1186 3735 1296 3807 γὰρ
1339 3736 1545 3801 οὐδεὶς
1570 3736 1795 3803 ἑώρακε
1844 3734 1965 3787 πώ-

382 3841 555 3879 ποτε.
583 3825 795 3880 Οὐκοῦν
824 3825 949 3879 οὐδὲ
979 3826 1185 3895 Μωσῆς
1214 3824 1378 3888 αὐτὸς
1400 3827 1430 3878 ό
1457 3826 1569 3887 τοῖς
1595 3823 1762 3886 θείοις
1778 3821 1966 3892 νόμοις

382 3917 850 3989 ὐπηρετούμενος,
885 3917 1061 3971 καίτοι
1085 3918 1317 3987 κάτοχος
1343 3916 1423 3987 τῷ
1444 3916 1544 3987 τῆς
1585 3915 1736 3978 θείας
1762 3917 1965 3983 ἐπιφα-

381 4011 537 4074 νείας
564 4011 858 4081 γενόμενος
881 4010 1047 4082 ἔρωτι
1082 4010 1360 4074 τεθέαται,
1396 4010 1478 4064 ὅτι
1508 4010 1583 4081 μὴ
1616 4010 1776 4078 μόνον
1803 4009 1963 4074 δόξαν

379 4102 556 4169 Θεοῦ,
591 4104 713 4174 ἥτις
751 4103 902 4173 αὖτῷ
947 4103 1369 4174 παραδέδεικται
1430 4105 1602 4175 ἡνίκα
1649 4103 1711 4156 τὺ
1755 4103 1964 4168 δεδοξαο

383 4194 588 4264 σμένον
621 4194 888 4266 πρότερον
940 4194 1308 4265 παρελήλυθε,
1339 4196 1436 4250 καὶ
1466 4197 1642 4250 ταῦτα
1667 4198 1736 4267 τῇ
1784 4197 1964 4268 πέτρᾳ

382 4286 797 4355 καλυπτόμενος
822 4326 837 4347 ,
874 4288 969 4340 καὶ
1002 4288 1159 4358 μόλις
1199 4288 1410 4359 καθορᾷ
1438 4287 1575 4341 Θεοῦ
1602 4288 1674 4342 τὰ
1706 4287 1927 4341 ὀπίσθια
1946 4305 1960 4318 ·

381 4377 528 4445 τάχα
556 4376 667 4430 τῶν
695 4378 1001 4446 μελλόντων
1040 4381 1141 4450 τῆς
1171 4382 1230 4433 ἐν
1259 4381 1424 4452 σαρκὶ
1472 4381 1793 4451 θεοφανείας
1837 4382 1965 4444 τοὺς

381 4459 590 4533 τύπους
622 4471 1157 4543 μυσταγωγούμενος
1179 4490 1195 4504 ·
1236 4473 1289 4526 τί
1320 4473 1431 4542 γάρ
1476 4490 1643 4543 φησιν
1673 4475 1702 4526 ὁ
1732 4488 1961 4543 χρημα-

2069 621 2187 676 haec
2232 623 2437 676 honore
2474 621 2734 688 cultuque
2785 619 2947 686 digna
2996 618 3331 687 judicamus,
3383 632 3543 674 secus
3575 631 3640 671 ac

2042 712 2121 768 'hi
2172 713 2378 768 faciunt
2426 713 2621 783 impuri
2678 712 2767 782 qui
2819 719 3010 767 sancta
3067 711 3231 780 impie
3269 710 3538 780 despuunt
3586 720 3642 765 et

2064 804 2409 860 contumeliis
2439 803 2730 858 alliciunt:
2781 803 2872 872 qui
2924 802 3143 872 quidem
3177 802 3364 855 omnia
3411 801 3644 855 confun¢

2064 880 2253 953 dientes
2302 898 2834 966 permiscentesque,
2896 895 3161 949 mundum
3195 896 3265 947 ab
3335 893 3639 958 immundo,

2062 998 2313 1045 sanctum
2343 1003 2373 1043 ιι
2418 989 2645 1059 profano
2710 987 3098 1043 discriminare
3144 985 3356 1040 nolunt.
3394 983 3643 1053 Namque

2060 1082 2118 1136 in
2145 1081 2465 1135 malitiosum
2484 1082 2719 1135 animam
2754 1097 2859 1134 non
2890 1079 3130 1132 introibit
3167 1077 3262 1133 Dei
3283 1077 3548 1147 sapientia
3567 1075 3638 1127 ⁸⁸.

2062 1172 2296 1228 Necesse
2323 1174 2520 1242 quippe
2549 1182 2655 1237 est,
2709 1182 2767 1225 ut
2791 1171 2878 1226 vel
2916 1171 2993 1235 hi,
3022 1179 3246 1239 propter
3282 1168 3414 1222 illud
3469 1180 3643 1236 nega-

2066 1265 2261 1329 tivum,
2302 1279 2407 1317 non
2425 1264 2593 1331 facies
2615 1263 2983 1323 simulacrum,
3009 1271 3203 1316 cuncta
3247 1260 3358 1315 Deo
3382 1260 3553 1313 chara
3586 1264 3644 1311 et

2062 1357 2279 1427 propria
2313 1355 2596 1423 rejiciant;
2646 1354 2733 1409 vel
2771 1363 2993 1424 propter
3017 1351 3399 1406 alﬁrmativum
3439 1351 3636 1417 facies,

2060 1459 2319 1504 consueta
2379 1447 2561 1503 omnia
2618 1446 2798 1501 athcis
2841 1453 2896 1500 et
2933 1442 3246 1499 inﬁdelibus
3289 1443 3516 1498 adorent
3585 1444 3643 1496 et

2062 1539 2500 1609 amplectantur;
2558 1537 2678 1591 sine
2726 1536 2832 1590 ulla
2867 1534 3123 1590 videlicet
3145 1533 3466 1603 opinionum
3488 1528 3643 1601 judi-

2059 1628 2239 1698 ciique
2261 1629 2513 1683 sanitate.
2539 1625 2638 1681 Vel
2668 1627 2921 1696 denique,
2946 1625 3088 1695 quod
3125 1624 3260 1692 ipsis
3287 1631 3341 1679 et
3356 1621 3642 1693 proprium

2059 1732 2115 1777 et
2138 1720 2435 1792 jucundum
2477 1729 2580 1786 est,
2618 1728 2786 1773 totam
2821 1728 3057 1774 veterem
3096 1720 3413 1786 'novamque
3439 1714 3639 1785 legem,

2061 1815 2175 1871 suis
2202 1813 2476 1885 magistris
2506 1813 2890 1882 obsequentes,
2920 1809 3158 1866 doleant.

2131 2083 2222 2137 «H.
2255 2099 2275 2134 ι
2303 2083 2437 2151 A-ge',
2471 2080 2582 2135 sint
2606 2079 2733 2143 ista,
2772 2078 2958 2144 aiunt;
2982 2077 3205 2133 ubinam
3236 2089 3369 2131 vero
3395 2073 3494 2130 tibi
3522 2073 3640 2145 lege

2059 2175 2417 2230 constitutum
2472 2172 2595 2238 fuit,
2653 2179 2715 2226 ut
2757 2171 2851 2226 Dei
2880 2155 3262 2225 simulacrum‘
3294 2166 3550 2221 faceres?
3615 2183 3636 2217 ι

2062 2271 2315 2339 lmprobo
2353 2268 2479 2324 huic
2523 2267 2828 2336 stolidoque
2860 2265 3090 2334 quaesito
3140 2265 3215 2318 ita
3253 2261 3596 2317 occurrimus
3621 2276 3639 2313 :

2060 2363 2240 2433 primo
2290 2361 2532 2430 quidem,
2588 2359 2762 2414 videri
2816 2372 2913 2413 vos
2958 2356 3105 2410 hanc
3140 2355 3519 2425 quaestionem,
3570 2350 3644 2405 ob

2061 2455 2344 2510 velandam
2391 2452 2830 2508 incredulitatem
2890 2449 3334 2517 impietatemque
3395 2453 3639 2501 vestram

2063 2561 2445 2603 commovere:
2487 2559 2663 2613 neque
2705 2555 2766 2598 ut
2796 2542 3000 2612 aliquid
3034 2541 3177 2611 l'rugi
3231 2541 3298 2595 de
3334 2538 3446 2593 Deo
3495 2537 3644 2606 loqui

2061 2634 2472 2699 existimemini,
2499 2636 2591 2689 sed
2615 2633 2924 2688 utdivinam
2951 2631 3258 2687 Servatoris
3278 2627 3640 2684 oeconomiam

2061 2727 2467 2784 calumniemini
2496 2744 2510 2793 ;
2556 2726 2760 2780 nullam
2792 2728 2937 2780 enim
2971 2725 3059 2780 hic
3101 2739 3201 2779 vos
3238 2720 3638 2779 incarnationis

2065 2818 2328 2872 rationem
2381 2817 2618 2875 habetis.
2676 2815 2883 2872 Deinde
2953 2816 3266 2871 absurditas
3342 2824 3523 2869 vestra
3583 2820 3639 2867 et
3702 2798 3725 2803 ﬂ

2063 2910 2333 2966 dementia
2386 2909 2694 2964 omnimoda
2745 2923 2812 2962 ex
2868 2907 2955 2962 his
3015 2908 3353 2978 coarguitur.
3404 2904 3635 2962 Frustra

2063 3002 2212 3057 enim
2269 3000 2600 3057 Christianis
2649 2999 3057 3064 couviciamini,
3096 3008 3152 3054 et
3193 3001 3292 3065 rei,
3344 3014 3507 3069 quam
3545 3014 3646 3054 uec

2065 3092 2164 3162 ipsi
2199 3091 2524 3162 cegitarunt,
2559 3106 2662 3146 nec
2713 3104 2810 3145 vos
2856 3103 3099 3158 unquam
3155 3089 3409 3153 audistis,
3450 3103 3643 3158 asper-

2068 3193 2263 3239 nanter
2312 3182 2527 3238 titulum
2575 3182 2875 3250 imponitis,
2914 3181 3069 3249 quasi
3110 3180 3412 3249 simplicem
3448 3181 3643 3244 Deum,

2078 3287 2243 3330 carne
2292 3271 2580 3335 nudatum,
2636 3272 2873 3343 figurare
2927 3286 2988 3327 se
3037 3272 3246 3328 dicant.
3304 3270 3441 3338 Quis
3496 3272 3646 3325 enim

2069 3366 2352 3421 rationalis
2369 3373 2579 3420 naturae
2602 3366 2875 3436 particeps
2897 3381 3003 3421 non
3029 3364 3318 3421 manifeste
3341 3365 3644 3433 proﬁtetur.

2071 3457 2163 3514 Dei
2193 3458 2376 3515 facere
2405 3459 2721 3529 imaginem,
2750 3473 2856 3528 qua
2887 3457 3032 3514 Deus
3053 3468 3158 3526 est,
3193 3473 3317 3513 vere
3358 3471 3481 3511 esse
3539 3456 3645 3509 im-

2067 3551 2329 3621 possibile
2378 3554 2616 3624 vanique
2664 3553 2941 3623 negotium
2988 3551 3327 3607 moliminis?
3386 3530 3645 3619 quoniam

2067 3659 2243 3713 neque
2291 3644 2525 3700 visibilis
2557 3654 2644 3700 est
2701 3645 2967 3699 Divinitas
3007 3658 3185 3713 neque
3232 3640 3649 3711 comprehensi-

2070 3737 2225 3794 bilis:
2253 3737 2420 3792 Deum
2439 3739 2583 3794 enim
2607 3755 2759 3794 nemo
2779 3738 2909 3793 uidit
2933 3753 3163 3810 unquam
3180 3737 3249 3790 ⁸⁷.
3274 3735 3407 3790 Nam
3434 3734 3648 3804 Moyses

2070 3828 2208 3897 ipse,
2244 3828 2667 3898 qui-divinarum
2696 3828 2875 3900 legum
2899 3829 3146 3882 minister
3166 3826 3292 3891 fuit,
3320 3838 3637 3895 quanquam

2068 3920 2263 3976 divina:
2334 3922 2635 3990 praesentire
2706 3922 2933 3977 ardente
2998 3920 3273 3975 desiderio
3339 3922 3643 3987 correptus,

2066 4009 2291 4078 gloriam
2346 4010 2442 4066 Dei
2475 4013 2848 4068 tantummodo
2881 4012 3013 4066 vidit
3047 4026 3167 4082 qua:
3203 4011 3253 4066 ei
3283 4021 3504 4064 ostensa
3543 4007 3645 4062 fuit

2065 4116 2186 4157 cum
2219 4103 2491 4173 gloriosus
2522 4107 2665 4162 Deus
2694 4106 2976 4175 praeteriit,
3006 4115 3063 4160 et
3092 4104 3311 4174 quidem
3344 4106 3461 4173 ipso
3493 4105 3640 4157 intra

2067 4201 2279 4262 petram
2305 4194 2539 4261 incluso,
2570 4197 2662 4266 qui
2689 4198 2904 4253 nonnisi
2933 4196 3234 4264 posteriora
3261 4194 3357 4250 Dei
3379 4195 3535 4259 vidit,
3565 4198 3646 4250 sic

2064 4284 2305 4342 fortasse
2324 4286 2521 4343 futurae
2554 4290 2607 4342 in
2638 4303 2804 4344 carne
2854 4288 3213 4359 apparitionis
3257 4288 3456 4358 ﬁguras
3511 4286 3646 4342 edo-

2065 4391 2207 4435 Cllls.
2243 4380 2382 4447 Quid
2443 4382 2587 4437 enim
2633 4382 2709 4437 ait
2769 4378 2865 4438 Dei
2889 4381 3231 4445 oraculum?
3276 4380 3402 4435 Non
3457 4380 3647 4433 videbit

2066 4473 2256 4541 facient
2285 4490 2456 4529 meam
2497 4477 2673 4540 homo,
2730 4483 2784 4530 et
2831 4474 3047 4530 vivet".
3093 4474 3285 4529 Nonne
3324 4483 3381 4529 et
3435 4473 3645 4542 priscos

384 4559 552 4624 τίζων
579 4561 751 4628 Θεός;
787 4564 869 4617 Οὐ
890 4563 977 4633 μὴ
1012 4564 1110 4632 ιδῃ
1138 4564 1205 4619 τὸ
1233 4565 1562 4633 πρόσωπόν
1588 4581 1707 4634 μου
1736 4564 1963 4631 ἀνθρω-

2069 4566 2296 4638 aliquot,
2331 4568 2488 4623 sicuti
2542 4568 2794 4638 legimus,
2850 4568 2942 4637 qui
2992 4566 3390 4637 omnipotentis
3426 4562 3522 4619 Dei
3554 4566 3644 4618 in-

387 4670 540 4721 πος,
567 4656 669 4710 καί
712 4656 976 4727 (vicerat.
1025 4660 1095 4712 Ἦ
1135 4660 1261 4730 οὐχὶ
1300 4662 1396 4713 καί
1442 4676 1554 4713 τισι
1599 4657 1709 4711 τῶν
1755 4656 1959 4724 πάλαι,

385 4747 640 4819 καθάπερ
669 4751 1011 4822 ἀνέγνωμεν,
1044 4752 1107 4805 τὸ
1136 4751 1232 4806 τοῦ
1262 4752 1484 4807 πάντων
1511 4750 1964 4817 κατεξουσιάζονει

380 4853 477 4900 τος
498 4838 635 4892 Θεοῦ
665 4841 1032 4913 ἀκοινώνητον
1078 4842 1252 4913 ὄνομα
1279 4846 1393 4909 τοῖς
1432 4844 1562 4914 παρ’
1591 4842 1774 4896 αὐτῶν
1809 4840 1964 4894 σεϐο-

384 4929 573 5001 μένοις
611 4931 825 4998 ξοάνοις
870 4934 1209 5005 ἐπιγράψασι
1237 4976 1252 5001 ,
1288 4937 1383 4989 καὶ
1423 4936 1521 5006 τὴν
1571 4935 1963 5006 προσήκουσαν

381 5022 535 5093 αὑτῷ
570 5025 719 5096 μόνῳ
748 5025 995 5081 ἀναθεϊσι
1024 5027 1304 5098 λατρείαν,
1329 5028 1420 5081 διὰ
1448 5029 1632 5099 φωνῆς
1662 5027 1758 5080 τοῦ
1791 5027 1965 5098 μεγά-

380 5113 478 5168 λου
516 5115 745 5170 Ἡσαΐου
778 5118 1102 5189 ἐπιπλήττει
1138 5119 1307 5186 Θεὸς,
1343 5119 1467 5174 Τίνι
1496 5120 1837 5189 ὼμοιώσατε
1858 5121 1967 5172 τὸν

380 5207 629 5275 Κύριον,
673 5208 886 5278 λέγων’,
943 5210 1044 5265 καὶ
1101 5214 1218 5265 τίνι
1265 5210 1585 5281 ὁμοιώματι
1623 5196 1967 5282 ὠμοιώσατε

382 5300 604 5363 αὐτό-ν;
622 5298 711 5368 μὴ
753 5304 959 5356 εἰκόνα
982 5304 1236 5369 ἐποίησε
1257 5303 1514 5367 τέκτωνς
1548 5302 1586 5371 ἢ
1621 5302 1965 5372 χρυσοχόος

384 5390 704 5457 χωνεύσας
755 5393 1019 5460 χρυσίον
1085 5395 1576 5464 περιεχρύσωσεν
1621 5394 1806 5457 αὐτό;
1856 5392 1968 5447 Καὶ

388 5479 591 5553 σφόδρα
625 5498 691 5550 γε
724 5481 953 5548 δικαίως
981 5485 1197 5539 ἀπειλεῖ
1228 5487 1296 5539 τὰ
1320 5486 1514 5540 ἀνόσια
1545 5486 1678 5557 δρᾷν
1703 5486 1968 5558 τετολμη-

387 5571 541 5626 κόσιν
564 5590 578 5604 ·
618 5574 682 5627 οὐ
730 5575 841 5646 γὰρ
877 5576 1100 5647 θεμιτὸν
1136 5577 1346 5632 οἴεσθαί
1375 5578 1575 5643 τιτῶν
1616 5579 1675 5630 ἐν
1703 5577 1966 5649 κτίσμασι

370 5664 703 5739 τελούντων,
726 5660 771 5737 ᾧ
803 5668 948 5722 κατά
976 5669 1139 5737 φύσιν
1163 5669 1197 5741 ἢ
1222 5670 1381 5736 δόξαν
1409 5669 1441 5742 ἢ
1472 5669 1645 5741 ἀλκὴν
1673 5669 1705 5741 ἢ
1740 5670 1885 5722 κατά
1913 5686 1965 5723 τι

455 5817 504 5850 ⁸⁸
535 5818 664 5890 Sap.
693 5837 734 5885 ι,
769 5826 816 5879 i.
891 5823 935 5855 ⁸⁷
959 5820 1112 5877 Joan.
1150 5839 1189 5889 ι,
1228 5823 1314 5878 18.
1340 5805 1352 5825 ⁸
1390 5824 1435 5858 ³⁸
1464 5823 1637 5880 Exod.
1673 5837 1870 5891 nam,
1896 5821 1986 5877 20.

666 5918 937 5980 Pyram“
973 5918 1090 5981 Gn.
1154 5921 1222 5983 C.

2068 4659 2516 4716 couununicabile
2566 4674 2762 4715 nomen
2816 4660 2976 4715 cultis
3009 4674 3037 4714 a
3094 4674 3152 4714 se
3195 4659 3392 4714 statuis
3450 4658 3652 4713 inseri.

2066 4761 2312 4822 pserant,
2348 4752 2546 4822 quibus
2593 4762 2651 4806 et
2694 4751 2900 4807 cultum
2932 4752 3031 4807 soli
3066 4750 3177 4807 Deo
3212 4752 3456 4806 debitum
3491 4750 3652 4805 exhi~

2066 4844 2288 4908 hebant,
2350 4857 2447 4913 per
2498 4842 2653 4898 lsa‘ite
2693 4843 2872 4914 magni
2935 4857 3130 4899 vocem
3166 4843 3423 4914 objurgat
3474 4841 3644 4905 Deus,

2068 4933 2301 4990 Cuinam
2359 4933 2734 4989 assimilastis’
2767 4934 2976 4997 Deum,
3023 4935 3246 4998 dicens,
3317 4942 3367 4987 et
3437 4933 3650 4986 cuinam

2066 5025 2357 5080 simulacro
2386 5026 2615 5080 similem
2661 5022 3137 5094 ειΤεσὶειὶεῩΝιιηι
3193 5026 3477 5097 imaginem
3530 5023 3647 5091 ejus

2069 5119 2223 5188 faciet
2250 5118 2476 5188 artifex,
2514 5129 2615 5173 aut
2655 5120 2805 5187 faber
2856 5119 3114 5173 aurarius
3158 5118 3282 5188 fuso
3324 5126 3459 5171 auro
3491 5116 3647 5169 illum

2067 5209 2439 5265 inaurabit”?
2474 5229 2492 5263 ι
2522 5208 2589 5265 Ει
2622 5209 2929 5278 iustissime
2954 5199 3117 5280 119
3159 5209 3373 5279 quidem
3406 5207 3649 5272 minatur

2069 5301 2255 5357 illicita
2295 5303 2638 5359 audentibus.
2669 5302 2786 5358 Non
2815 5305 2959 5359 enim
2987 5305 3113 5358 licet
3143 5300 3461 5357 existimare
3487 5299 3649 5367 quid-

2067 5408 2231 5461 quam
2261 5408 2395 5448 esse
2421 5394 2474 5448 in
2510 5395 2741 5457 creatis,
2788 5392 2877 5449 cui
2928 5392 3069 5446 Deus
3125 5392 3241 5445 sive
3271 5398 3467 5442 natura
3529 5390 3650 5443 sive

2069 5485 2239 5554 gloria
2276 5486 2392 5540 sive
2419 5486 2627 5540 viribus
2655 5487 2770 5539 sive
2818 5499 2879 5539 re
2936 5483 3043 5536 alia
3103 5478 3309 5552 quavis
3350 5479 3650 5538 assimilari

2069 5585 2254 5646 queat.
2293 5575 2427 5631 Nam
2463 5577 2689 5646 gloriam
2717 5588 2910 5639 meam,
2945 5572 3144 5642 inquit,
3176 5570 3334 5628 atteri
3363 5587 3466 5628 non
3486 5573 3651 5639 dabo,

2070 5686 2232 5739 neque
2279 5672 2498 5723 virtutes
2554 5682 2699 5720 meas
2740 5663 3160 5733 sculptilibus”.
3215 5665 3428 5735 Quibus
3502 5663 3652 5725 enim

2064 5821 2109 5855 θ’
2141 5820 2210 5877 ls.
2242 5836 2384 5887 τινι,
2415 5820 2467 5877 5.
2543 5821 2590 5854 ⁹⁰
2623 5820 2727 5878 lsa.
2764 5835 2898 5888 ml,
2932 5822 3003 5878 8.-

3256 5920 3331 5981 15
