4050 6440
1265 279 1364 286 -.ι-..ο

1504 348 1574 407 'S.
1618 343 2040 406 NICEPHORI
2077 342 2585 404 PATRIARCH/E
2620 341 2729 402 CP.
3633 315 3742 400 Ῑίδθ

439 345 579 417 una

366 537 380 554 '
474 471 666 526 similis
693 483 814 525 esse
845 478 1006 539 queat
1037 467 1082 524 is
1101 467 1192 537 qui
1226 465 1478 522 omnibus
1509 476 1592 520 est
1619 465 1930 530 invisibilis,
1963 478 2055 518 su-

2175 459 2293 530 γοῦν
2324 459 2800 529 ἀπεικασθήσεται
2822 473 2834 486 ·
2879 456 3002 523 Τὴν
3026 455 3136 526 γὰρ
3170 453 3359 518 δόξαν
3387 468 3528 522 μου,
3559 453 3742 524 φησ“.ν,

469 576 676 632 praque
735 575 955 617 omnem
1013 567 1250 614 mentem
1331 566 1387 612 et
1461 554 2050 626 comprehensionem?

2175 551 2338 619 ιιι’ἐρφ
2373 552 2445 604 οὐ
2493 548 2688 614 δώσω,
2729 547 2873 601 οὐδὲ
2904 547 3011 612 τὰς
3041 545 3259 614 ἀρετάς
3301 561 3420 612 μου
3450 543 3578 609 τοῖς
3606 546 3745 612 γλυ-

473 655 808 722 Quibusnam
850 651 1158 709 simulacris
1190 649 1537 715 manufactis,
1568 650 1808 703 humano
1833 645 2050 715 ingenio

471 747 813 816 artiﬁcioque
839 745 1138 801 elaboratis
1165 741 1617 812 comparabitur?

2163 643 2358 706 πτοῖς.
2419 641 2540 694 Τίνι
2581 640 2691 711 γὰρ
2723 635 3066 704 προσεοικὼς
3096 635 3183 706 εἴη
3213 637 3242 687 ὁ
3286 635 3453 687 πᾶσιν
3499 632 3744 697 ἀθέατος,

2162 735 2365 798 παντός
2403 751 2466 787 τε
2503 732 2594 786 νοῦ
2633 732 2728 786 καὶ
2756 732 2939 800 πάσης
2983 729 3316 798 ὑπερέκεινα
3359 725 3745 796 καταλήψεως

470 845 628 899 Τίσιν
665 841 980 914 ὁμοιώμασι
1022 840 1466 912 χειροτεὺκτοις,
1533 836 1899 908 ἀνθρωπίνοις
1939 833 2238 903 σοφίσμασι
2285 831 2381 884 καὶ
2443 829 2910 900 φιλοτεχνήμασιν
2985 825 3581 896 ἐκμεμηχανημένοις,
3649 838 3747 875 πα-

439 960 446 970 ι
474 937 875 1007 ραϐληθήσεται
895 949 910 998 ;

544 1029 887 1085 Christianos
907 1028 1090 1096 itaque
1114 1025 1229 1080 haec
1248 1025 1508 1091 scientes,
1526 1024 1653 1079 etin
1677 1021 1875 1077 divinis
1895 1021 2058 1075 rebus

470 1123 611 1176 bene
639 1117 902 1184 eruditos,
927 1131 1226 1186 sanamque
1253 1118 1529 1171 notionem
1566 1128 1782 1170 arcanae
1805 1112 2054 1167 ineffabi-

473 1214 646 1280 lisque
676 1218 887 1266 natura:
925 1210 1213 1274 habentes,
1245 1223 1406 1264 nemo
1452 1208 1553 1263 nisi
1589 1205 1831 1262 furiosus
1859 1205 2057 1260 existi-

476 1316 624 1355 mare
649 1301 847 1369 poterit
872 1299 1068 1354 divinae
1088 1307 1293 1352 naturae
1317 1297 1609 1366 imaginem
1632 1295 1769 1351 velle
1797 1293 2053 1364 ligurare.

473 1389 644 1448 Vobis
674 1391 843 1461 igitur
870 1389 1272 1446 incredulitatis
1307 1389 1545 1458 novique
1570 1385 1839 1442 Judaismi
1867 1385 2056 1440 defen-

476 1486 714 1542 soribus.
747 1484 912 1540 verba
967 1482 1135 1536 Deum
1170 1481 1386 1551 quidem
1442 1496 1593 1535 nemo
1645 1479 1777 1534 vidit
1821 1495 2058 1548 unquam

476 1588 692 1643 semper
742 1574 798 1628 in
857 1586 952 1626 ore
1003 1580 1373 1641 promptuque
1428 1577 1578 1624 sunt.
1639 1566 1817 1624 Verba
1875 1577 2058 1622 tamen

477 1664 706 1718 uidimus
730 1661 1054 1721 Dominum;
1098 1669 1177 1724 et,
1237 1676 1352 1713 cum
1401 1659 1496 1713 illo
1541 1658 1976 1712 manducauimus
2011 1675 2072 1712 ac

479 1753 793 1818 bibimus",
823 1762 878 1806 et
923 1765 1267 1820 quaecunque
1316 1748 1419 1804 alia
1455 1764 1684 1804 summae
1731 1749 2070 1804 condescen-

479 1844 649 1897 sionis
713 1840 929 1911 propria
985 1839 1142 1894 nobis
1189 1846 1318 1894 sunt
1379 1838 1716 1907 praedicata,
1757 1853 1878 1892 cum
1914 1837 2068 1892 vobis

443 1968 448 1972 -
477 1935 798 1998 recitantur,
824 1931 1014 1987 audire
1053 1931 1242 2001 eisque
1267 1929 1495 1985 credere
1536 1929 1689 2002 nullo
1723 1931 1886 1984 modo
1920 1931 2062 1999 pati-

475 2027 636 2092 mini,
665 2024 763 2080 sed
784 2024 870 2078 uti
926 2023 1275 2094 peregrinam
1328 2021 1704 2092 absonamque
1749 2034 1940 2077 vocem
1977 2035 2066 2076 re-

480 2116 699 2186 pellitis.
718 2114 825 2170 Sed
857 2114 1057 2172 silicet
1084 2114 1442 2183 interrogare,
1479 2128 1822 2183 responsum,
1860 2128 2066 2184 quaeso,

482 2207 712 2262 reddite.
735 2204 784 2261 -U
796 2207 974 2259 binam
996 2205 1151 2260 vobis
1176 2205 1538 2259 constitutum
1572 2203 1697 2269 l'uit,
1717 2204 1832 2259 sive
1863 2220 1893 2258 a
1921 2203 2070 2276 lega-

389 2363 392 2367 .
477 2297 625 2351 libus
683 2293 988 2363 praeceptis,
1045 2292 1162 2348 sive
1211 2307 1239 2344 a
1282 2292 1532 2347 doctrina
1589 2290 1927 2361 evangelica,
1978 2290 2065 2346 vel

481 2387 780 2458 apostolico
821 2384 1158 2455 magisterio,
1215 2383 1752 2453 incircumscriptum
1809 2381 2068 2438 conﬁteri

480 2480 785 2546 Christum,
827 2487 1102 2546 quatenus
1157 2475 1411 2544 apparuit
1489 2475 1630 2544 apud
1692 2489 1793 2528 nos
1861 2473 2070 2529 homo?

485 2584 664 2638 neque
697 2583 861 2637 porro
891 2565 1076 2622 facere
1108 2565 1397 2635 imaginem
1427 2564 1550 2634 ejus
1590 2579 1766 2634 neque
1791 2565 2066 2631 venerari,

485 2659 648 2715 sicuti
697 2674 843 2714 nunc
908 2656 1321 2729 dogmatizatis?
1373 2655 1630 2711 Profecto
1689 2655 1742 2710 id
1796 2654 2070 2712 allirmare

487 2768 594 2808 non
627 2751 901 2823 poteritis,
937 2765 1113 2820 neque
1143 2749 1252 2804 ullo
1281 2758 1606 2819 argumento
1659 2749 2065 2815 demonstrare;

485 2846 560 2900 ita
587 2855 645 2900 ut
678 2859 798 2915 qua:
831 2858 928 2900 vos
976 2843 1175 2913 premit
1223 2852 1670 2911 argumentorum
1721 2841 1974 2910 penuria,
2013 2840 2066 2894 in

481 2935 725 2991 victoriae
756 2943 958 2990 nostras
1010 2932 1405 2988 abundantiam
1443 2933 1622 2986 cedat.
1675 2930 1902 2986 Etiamsi
1937 2946 2068 3002 ergo

494 3023 650 3080 vobis
684 3038 790 3078 non
821 3030 1103 3078 constaret
1136 3020 1419 3076 catholicae
1450 3029 1506 3076 et
1537 3020 1849 3090 apostolicae
1886 3019 2070 3075 Eccle-

2236 1012 2602 1084 Χριστιανοὺς
2634 1011 2769 1080 γοῦν
2811 1009 2988 1064 ταῦτα
3020 1009 3232 1072 εἰδότας
3253 1050 3269 1075 ,
3305 1008 3659 1080 ὲρῤωμένους
3687 1028 3743 1064 τε

2163 1107 2293 1176 περὶ
2319 1105 2387 1158 τὰ
2417 1103 2559 1167 θεῖα,
2595 1103 2693 1154 καὶ
2719 1103 2848 1171 ὑγιᾶ
2879 1101 2978 1172 τὴν
3002 1100 3258 1170 διάληψιν
3291 1101 3423 1171 περὶ
3451 1100 3553 1172 τὴν
3581 1101 3750 1173 anap-

2165 1200 2329 1269 ρητον
2359 1195 2454 1248 καὶ
2489 1194 2870 1265 ἀνέκφραστον
2906 1193 3071 1263 φύσιν
3109 1191 3516 1263 κεκτημένους,
3557 1209 3744 1261 μαινο-

2167 1291 2346 1362 μένων
2367 1288 2516 1341 ὲστὶν
2539 1287 2826 1356 είκόνισμα
2846 1284 3000 1348 θείας
3022 1282 3242 1354 φύσεως
3261 1282 3600 1353 γράφεσθαι·
3625 1283 3748 1353 ὑμῖν

2169 1380 2268 1451 μὲν
2289 1376 2383 1434 οὖν
2412 1381 2524 1442 τοῖς
2555 1379 2657 1446 τῆς
2691 1377 2950 1442 ἀπιστίας
2975 1379 3071 1430 καὶ
3100 1376 3194 1430 τοῦ
3249 1377 3372 1430 νέου
3417 1374 3748 1446 Ἰουδαῖσμοῦ

2167 1471 2544 1534 ὑπασπισταῖς
2561 1469 2621 1522 τὸ
2640 1470 2764 1540 μὲν,
2785 1469 2934 1524 Θεὸν
2947 1468 3148 1536 οὐδεὶς
3163 1469 3382 1538 ἑώρακε
3398 1468 3749 1534 πώποτε,διά

2167 1561 2421 1636 γλώσσης
2445 1563 2537 1616 καὶ
2557 1563 2985 1633 προχειρότατον
3001 1577 3016 1592 '
3053 1562 3112 1615 τὸ
3140 1561 3219 1627 δὲ,
3237 1560 3619 1630 Ἑωράκαμεν
3647 1561 3750 1615 τὸν

2180 1637 2426 1723 Κύριοκ,
2467 1655 2564 1707 καὶ
2613 1653 2701 1706 ὅτι
2759 1652 3185 1722 συνεφάγομεν
3235 1653 3331 1706 καί
3387 1651 3751 1720 συνεπίομεν

2179 1743 2367 1811 αὐτῷ,
2420 1745 2516 1798 καὶ
2566 1743 2739 1798 τᾶλλα
2789 1744 2892 1797 ὃσα
2924 1743 3025 1812 τῆς
3059 1743 3233 1813 ἄκρας
3289 1739 3748 1809 συγκαταϐάσεως

2170 1837 2303 1906 ἡμῖν
2347 1837 2729 1906 κεκήρυκται,
2780 1835 3049 1902 λεγόντων
3102 1833 3323 1888 ἀκούειν
3373 1832 3408 1902 ἢ
3443 1832 3740 1895 πιστεύειν,

2168 1928 2279 1982 οὐδ’
2327 1927 2578 1981 ὁπωσοῦν
2621 1926 2917 1997 ἀνέχεσθε,
2950 1927 3026 1990 ὡς
3058 1926 3352 1996 ἀλλοτρίαν
3400 1925 3458 1977 δὲ
3513 1927 3608 1978 καὶ
3649 1927 3748 1977 ἀπ-

2171 2021 2488 2092 ηχεστάτην
2505 2020 2635 2090 ὑμῖν
2651 2020 2751 2091 τὴν
2773 2019 2957 2090 φωνὴν
2975 2016 3362 2072 ἀπαναίνεσθε·
3389 2017 3504 2070 ἀλλ’
3517 2017 3565 2068 εί
3586 2015 3748 2081 ἔξεστι

2170 2111 2442 2166 πυθέσθαι
2487 2111 2582 2165 καὶ
2619 2112 2804 2180 ἡμᾶς,
2866 2109 3275 2180 ἀποκρίνασθεο
3332 2106 3444 2160 ποῦ
3479 2108 3608 2177 ὑμῖν
3663 2106 3748 2159 καὶ

2169 2204 2335 2258 πόθεν
2366 2202 2822 2273 νενομοθέτηται,
2853 2201 2918 2255 ἐκ
2942 2218 3002 2254 τε
3034 2201 3279 2272 νομικῶν
3335 2200 3748 2267 θεσπισμάτω,

2171 2297 2551 2366 εὑαγγελικῶν
2588 2311 2666 2349 τε·
2687 2295 3088 2366 κηρυγμάτων,
3121 2294 3157 2364 ἢ
3191 2291 3575 2346 άποστολικῶν
3611 2291 3747 2344 διδα-

2170 2391 2422 2460 γμάτων,
2452 2389 2869 2460 ἀπερίγραπτον
2892 2386 3180 2457 ὁμολογεῖν
3206 2385 3298 2438 τὸν
3325 2385 3371 2437 Χ
3381 2384 3591 2455 ριστὸν,
3624 2383 3749 2436 καθὸ
3789 2423 3796 2427 .

2171 2481 2562 2552 πεφανέρωται
2581 2479 2703 2533 καθ’
2722 2480 2867 2550 ἡμᾶς
2886 2477 3206 2550 ἀνθρωπος;
3231 2477 3375 2548 μήτε
3401 2479 3596 2540 ποιεῖν,
3622 2476 3746 2545 μήτε

2174 2574 2286 2645 μὴν
2318 2571 2615 2643 γινομένην
2659 2570 2846 2623 εἰκόνα
2887 2567 3054 2622 αὑτοῦ
3105 2570 3462 2639 προσκυνεῖν,
3509 2565 3745 2632 καθάπερ

2170 2665 2268 2718 νῦν
2292 2663 2684 2734 δογματίζετε;
2720 2660 2858 2716 ἀλλὰ
2895 2660 3056 2713 τοῦτο
3101 2660 3202 2714 οὑκ
3241 2659 3308 2713 ἂν
3337 2660 3521 2712 εἰπεῖν
3554 2658 3742 2726 ἐχοιτεσ

2171 2755 2410 2825 οὑδαμοῦ
2443 2754 2553 2823 γάρ
2582 2755 2712 2822 ὑμῖν
2761 2750 3001 2806 ἐνταῦθα
3033 2750 3386 2820 δειχθήσεται
3413 2765 3426 2779 ·
3481 2749 3618 2802 ὥστε
3660 2746 3747 2816 τὴν

2171 2845 2687 2917 περιστοιχξζουσαν
2731 2843 2875 2913 ὑμᾶς
2929 2841 3189 2912 ἀπορίαν,
3237 2840 3338 2910 τῆς
3366 2841 3646 2911 ἡμετέρας
3675 2837 3744 2889 νί-

2172 2955 2274 3008 κης
2297 2935 2543 3006 γίνεσθαι
2589 2933 2910 3003 περιουσίαν
2940 2948 2953 2962 ·
2989 2934 3038 2985 εἰ
3074 2931 3175 3001 μὲν
3202 2927 3298 2984 οὖν
3349 2931 3430 3001 μὴ
3474 2927 3749 3001 προύκειτο

2170 3030 2301 3100 ὑμῖν
2331 3029 2365 3098 ἡ
2389 3027 2494 3098 τῆς
2533 3025 2836 3094 καθολικῆς
2870 3023 2964 3075 καὶ
3007 3021 3383 3090 ἀποστολικῆς
3434 3019 3746 3090 Ἐκκλησίας

472 3115 578 3172 sive
609 3114 911 3184 antiquitus
939 3121 996 3167 et
1024 3114 1093 3167 ab
1145 3112 1300 3167 initio
1337 3121 1595 3167 constans
1638 3113 1878 3178 traditio,
1924 3111 2068 3181 quod

2177 3119 2384 3174 ἀνωθεν
2411 3118 2507 3171 καὶ
2568 3117 2629 3181 ἐξ
2679 3115 2857 3186 ἀρχῆς
2923 3114 3302 3183 κεκρατηκυῖα
3353 3112 3674 3183 παράδοσις,
3723 3110 3748 3160 ὁ

473 3214 569 3262 .est
591 3206 834 3262 omnium
874 3203 1269 3260 validissimum
1299 3215 1681 3274 argumentum
1709 3213 1876 3273 atque
1913 3205 2069 3259 tutis-

471 3299 712 3364 simum,
746 3311 848 3353 nec
873 3311 980 3352 non
1015 3295 1330 3366 apostolicae
1369 3305 1426 3350 et
1458 3296 1682 3351 Patrum
1729 3310 1914 3360 voces,
1954 3309 2075 3364 quae

467 3389 725 3444 retinere
749 3387 1070 3442 traditiones
1091 3384 1309 3456 jubent,
1343 3385 1460 3442 sive
1487 3386 1718 3456 scriptas
1745 3388 1864 3440 sive
1888 3401 2070 3450 secus,

467 3480 614 3550 «quia
643 3495 742 3552 par
789 3479 844 3534 in
893 3486 1126 3549 utroque
1183 3493 1384 3548 genere
1427 3478 1781 3548 traditionum
1831 3480 1914 3534 vis
1947 3493 2074 3548 spe-

470 3582 701 3640 -.ctatur,
747 3581 990 3627 attamen
1019 3576 1084 3628 de
1116 3572 1328 3628 duobus
1358 3571 1628 3642 ambiguis
1673 3571 1803 3627 illud
1851 3572 2076 3628 omnino

369 3676 380 3708 ί
491 3662 784 3733 praevalere
827 3662 1052 3720 deberet
1128 3665 1274 3733 quod
1328 3662 1638 3733 religiosius
1693 3671 1798 3729 est,
1841 3673 1897 3719 et
1951 3663 2075 3718 ﬁdei

491 3765 658 3826 atque
688 3755 861 3811 amori
888 3771 1019 3826 erga
1067 3755 1348 3811 Christum
1403 3755 1782 3826 propinquius,
1822 3755 2077 3825 quodque

491 3847 728 3915 optimus
757 3845 931 3911 zelus,
958 3845 1280 3916 fervensque
1309 3844 1534 3902 affectus
1564 3845 1814 3914 inspirat.
1843 3845 1997 3912 Quod
2028 3844 2074 3900 si

493 3937 769 4006 utrimque
809 3936 1162 4006 prastantior
1208 3937 1514 4005 meliorque
1557 3937 1697 3990 ratio
1728 3951 1826 4005 pro
1864 3934 2072 3990 Christi

491 4026 733 4083 Ecclesia
765 4036 894 4094 stat,
932 4042 1031 4084 nos
1060 4029 1248 4098 utique
1282 4026 1442 4098 longo
1472 4026 1759 4083 intervallo
1791 4027 2076 4082 victoriam

485 4118 811 4175 referemus.
838 4117 1106 4185 Quoniam
1132 4120 1315 4188 itaque
1337 4117 1670 4187 impossibile
1702 4125 1787 4173 est
1806 4129 2080 4187 supraque

398 4207 401 4209 ’
490 4211 658 4278 vires,
689 4211 858 4267 Deum
887 4219 1070 4267 mente
1099 4211 1611 4281 comprehendere;
1637 4220 1788 4268 certe
1819 4208 2078 4278 ﬁgurare,

480 4319 656 4374 supra
681 4318 902 4360 omnem
951 4315 1122 4359 artem
1150 4310 1234 4359 est
1282 4311 1447 4373 atque
1485 4304 1626 4359 adeo
1665 4301 2076 4374 impossibilius,

489 4397 619 4468 quia
641 4406 890 4452 naturam
909 4396 1214 4452 assimilare
1232 4394 1326 4451 Dei
1343 4405 1543 4466 praeter
1565 4405 1813 4450 naturam
1831 4403 1934 4461 est,
1953 4409 2078 4451 cum

2175 3209 2397 3262 πάντων
2444 3209 2563 3260 ἐστὶ
2605 3206 2666 3259 τὸ
2710 3206 3066 3276 ἰσχυρότατον
3093 3205 3187 3257 καὶ
3226 3203 3664 3272 ἀσφαλέστατον,
3697 3201 3748 3253 ai

2173 3317 2235 3352 τε
2276 3298 2638 3353 ἀποστολικαὶ
2677 3296 2770 3350 καὶ
2812 3295 3096 3365 [ἰατρικαὶ
3128 3297 3324 3363 φωναὶ,
3357 3295 3422 3349 αἳ
3447 3295 3512 3367 δὴ
3542 3295 3748 3365 κρατεῖν

2175 3389 2324 3459 ἡμᾶς
2367 3388 2472 3452 τὰς
2517 3387 2880 3457 παραδόσεις,
2929 3389 3052 3440 ὅσαι
3089 3403 3149 3440 τε
3203 3387 3484 3458 ἔγγραφοι
3539 3387 3658 3440 ὅσαι
3691 3399 3745 3436 τε

2175 3483 2418 3553 ἄγραφοι
2449 3480 2880 3544 διακελεύονται,
2912 3473 3002 3532 οἷα
3033 3479 3120 3533 ἐπ’
3149 3483 3501 3550 ἀμφοτέραις
3526 3479 3624 3550 τὴν
3659 3476 3749 3530 αὑ-

2175 3574 2275 3645 τὴν
2307 3570 2634 3644 θεωρεῖσθαι
2658 3571 2912 3642 δύναμιν.
2949 3571 3024 3623 Τὸ
3064 3569 3197 3639 γοῦν
3230 3571 3628 3642 εὐσεϐέστερον
3651 3568 3749 3621 τῶν

2176 3669 2237 3721 ὲν
2287 3665 2615 3737 ἀμφιϐόλοις
2655 3665 2929 3734 κειμένων
2979 3665 3250 3735 κρατήσει
3303 3663 3553 3727 πάντως.
3586 3659 3752 3717 καὶτὸ

2176 3759 2548 3830 διαφερόντως
2574 3759 2654 3820 εἰς
2681 3756 2864 3810 πίστιν
2891 3756 2984 3811 καὶ
3008 3756 3231 3826 ἀγάπην
3263 3755 3363 3828 τὴν
3392 3758 3482 3820 εἰς
3510 3754 3750 3826 Χριστὸν,

2176 3852 2246 3922 ἢν
2275 3851 2441 3920 ζῆλος
2485 3849 2671 3913 ἔνθεος
2711 3850 2808 3904 καὶ
2849 3848 3015 3911 πόθος
3049 3847 3254 3919 θερμὸς
3303 3851 3630 3920 παρίστησι,
3663 3846 3753 3916 τὴν
3791 3843 3797 3850 ’

2178 3945 2452 3999 οἱκείωσιν
2500 3942 2950 4013 ἐνδεικνύμενον·
3005 3942 3054 3994 εί
3088 3940 3145 3994 δὲ
3176 3941 3297 3996 κατ’
3321 3941 3499 4012 ἄμφω
3531 3942 3590 3995 τὸ
3631 3938 3754 4010 κρά-

2178 4056 2271 4102 τος
2315 4041 2382 4110 τῇ
2431 4036 2728 4107 Ἐκκλησία
2773 4034 3014 4107 Χριστοῦ
3065 4035 3161 4089 καὶ
3207 4035 3268 4088 τὸ
3301 4034 3590 4103 εὐδόκιμον
3619 4031 3751 4100 πάρε-

2161 4147 2350 4202 ¹εστιν,
2377 4131 2509 4200 ἡμῖν
2544 4129 2654 4201 ἀρα
2683 4129 2785 4201 τὴν
2807 4127 3049 4181 νικῶσαν
3080 4127 3145 4180 ὲκ
3176 4124 3378 4180 πολλοῦ
3409 4124 3505 4179 τοῦ
3533 4121 3741 4194 περιόν-

2179 4240 2272 4286 τος
2307 4221 2633 4276 ἀποίσεσθαι
2671 4221 3038 4291 περιέστηκεν
3061 4231 3078 4248 ⁸
3133 4217 3259 4271 ἐπεὶ
3305 4209 3402 4273 οὖν
3432 4217 3619 4287 νοῆσαι
3655 4211 3748 4283 μὲν

2184 4314 2321 4368 Θεὸν
2353 4315 2534 4382 πάντη
2557 4312 2821 4368 ἀδύνατον
2853 4314 2950 4366 καὶ
2968 4309 3374 4381 ἀνεγχώρητον,
3403 4307 3662 4363 εικονίσαι
3700 4300 3750 4352 δὲ

2181 4405 2467 4477 ἀμήχανον
2502 4404 2583 4457 ἐτι
2626 4404 2721 4456 καὶ
2766 4401 3201 4472 ἀδυνατώτερον,
3249 4399 3414 4452 ὁπότε
3443 4397 3564 4452 οὑδὲ
3603 4393 3752 4464 φύσιν

491 4489 704 4558 species
734 4489 1017 4556 formaque
1040 4486 1184 4541 nulla
1233 4486 1430 4542 subsit.
1454 4485 1669 4541 Etenim
1712 4485 1779 4540 ad
1800 4485 2071 4556 quodnam

2183 4496 2320 4552 Θεοῦ
2353 4496 2596 4568 ὁμοιοῦν,
2637 4495 2802 4566 φύσιν
2831 4494 2955 4565 ἔχον
2993 4494 3164 4556 ἐστὶν,
3198 4492 3370 4554 εἴδους
3397 4509 3458 4545 τε
3494 4489 3585 4544 καὶ
3632 4500 3754 4556 μορ-

492 4583 774 4652 exemplar
802 4591 1058 4650 spectans
1095 4577 1293 4634 artifex
1325 4579 1618 4651 imaginem
1649 4578 1896 4634 faceret?
1925 4576 2080 4632 Nunc

493 4687 626 4728 vero
643 4674 768 4743 quia
785 4671 954 4728 Deum
973 4672 1190 4743 proprie
1200 4685 1436 4742 vereque
1450 4680 1795 4742 corporatum
1810 4661 2080 4736 novimus,

482 4773 704 4834 ,prostat
721 4763 811 4832 pie
825 4762 1134 4818 volentibus
1156 4763 1220 4817 ad
1244 4761 1544 4818 faciendam
1567 4762 1856 4834 imaginem
1878 4776 1942 4818 ea
1959 4776 2083 4832 spe-

504 4855 642 4922 cies,
679 4855 748 4910 ad
793 4869 957 4924 quam
1004 4853 1169 4920 Deus,
1196 4855 1337 4910 servi
1373 4854 1544 4910 forma
1576 4864 1873 4926 assumpta,
1908 4863 2084 4910 semet

485 4947 774 5017 ﬁguravit.
802 4943 940 5000 Nam
972 4943 1020 5000 Si
1072 4946 1219 5014 quod
1264 4955 1350 5001 est
1387 4944 1660 4999 invisibile
1703 4953 1760 5002 et
1794 4959 1920 5000 vere
1963 4945 2083 5001 sine

480 5041 698 5106 τοι-ωε,
723 5045 913 5108 utpote
939 5027 1514 5108 incomprehensibile,
1532 5036 1661 5092 nulli
1695 5037 1772 5094 rei
1795 5045 1880 5093 est
1905 5037 2086 5094 simile

475 5129 758 5200 .pingique
806 5128 1029 5198 nequit;
1071 5127 1387 5184 necessario
1421 5127 1686 5197 quidquid
1731 5138 1816 5184 est
1859 5127 2077 5185 confor-

484 5233 702 5279 matum
742 5232 800 5280 et
831 5221 1068 5288 visibile,
1126 5230 1314 5293 utpote
1363 5221 1882 5290 comprehensibile,
1917 5221 2076 5278 fateri

474 5322 714 5386 oportet
769 5313 1035 5370 delineari
1093 5327 1256 5383 posse
1315 5320 1373 5367 et
1445 5310 1766 5380 assimilari;
1835 5313 1976 5383 quod
2025 5325 2084 5370 ut

492 5407 819 5477 ﬁguremus,
856 5421 962 5462 non
990 5414 1074 5461 est
1105 5406 1260 5460 nobis
1292 5417 1428 5473 opus
1461 5403 1740 5458 mandato.
1783 5403 1898 5459 Non
1936 5406 2080 5460 enim

498 5508 584 5554 est
615 5497 722 5554 hoc
762 5499 814 5552 in
840 5513 992 5553 more
1020 5496 1286 5562 ﬁdelium,
1321 5504 1380 5548 ut
1428 5493 1566 5548 nihil
1611 5496 1714 5551 nisi
1757 5496 2079 5566 imperatum

469 5588 727 5671 daciant.
747 5587 936 5644 Solent
967 5587 1148 5660 potius
1171 5583 1430 5642 nonnulla
1456 5595 1650 5653 sponte
1674 5587 1774 5656 ipsi
1807 5588 2079 5654 conferre,

564 5765 614 5797 "
642 5765 809 5822 Joan.
845 5780 934 5832 sx,
980 5765 1074 5835 l8;
1107 5765 1230 5820 Act.
1259 5780 1314 5831 ι,
1351 5763 1442 5819 Η.

2184 4593 2292 4661 φῆς
2337 4589 2587 4660 ὑπούσης
2645 4588 2723 4652 ὡς
2770 4587 3010 4658 ἥκιστα·
3056 4584 3194 4657 πρὸς
3222 4586 3332 4640 ὁτι
3375 4583 3488 4655 γάρ
3537 4595 3618 4642 τις
3668 4574 3754 4627 καὶ

2185 4681 2501 4750 ἀποϐλέψας
2562 4680 2921 4751 παράδειγμα
2977 4676 3301 4748 όμοιὼσειε;
3365 4675 3464 4731 νῦν
3527 4673 3584 4727 δὲ
3629 4666 3752 4722 Θεὸν

2189 4770 2596 4841 σωματωθέντα
2645 4769 2853 4840 κυρίως
2903 4767 2999 4822 καὶ
3043 4765 3266 4836 ἀληθῶς
3308 4766 3579 4834 ἔγνωμεν,
3628 4755 3753 4828 πρό-

2187 4880 2368 4918 κειται
2399 4865 2512 4926 τοῖς
2565 4862 2813 4916 εὐσεϐεῖν
2859 4859 3108 4914 ἐθέλουσι
3143 4858 3327 4930 μορφὴ
3357 4859 3440 4921 εἰς
3482 4852 3751 4926 ὁμοίωσιν.

2187 4955 2255 5025 ἢν
2316 4953 2690 5026 προσείληφεν
2718 4953 2748 5005 ὁ
2795 4951 2895 5022 τὴν
2937 4950 3032 5004 τοῦ
3073 4949 3264 5005 δούλου
3291 4947 3478 5002 εἰκόνα
3527 4935 3754 5014 μορφού-

2191 5063 2389 5118 μενοςο
2442 5045 2492 5099 εί
2543 5046 2655 5115 γὰρ
2703 5043 2766 5097 τὸ
2813 5041 3046 5096 ἀθέατον
3084 5040 3180 5094 καὶ
3222 5038 3472 5110 ἄμορφον
3500 5032 3578 5104 τῷ
3622 5029 3751 5118 ὄντι)

2188 5115 2263 5201 ὧς
2292 5138 2536 5209 ἄληπτον
2578 5135 2833 5205 ἀνόμοιόν
2874 5151 2934 5187 τε
2970 5133 3067 5188 καὶ
3107 5131 3415 5202 ἀγραπτον,
3461 5125 3670 5192 ἀνάγκη
3701 5115 3754 5169 τὸ

2191 5228 2483 5301 μορφωοέν
2514 5245 2574 5281 τε
2606 5229 2702 5282 καὶ
2739 5225 2953 5291 θεαθὲν,
2986 5225 3062 5289 ὡς
3102 5222 3454 5293 καταληφθὲν
3491 5213 3753 5287 ὁμολογεῖ-

2191 5321 2316 5374 σθαι
2345 5320 2594 5392 γραπτὸν
2615 5321 2711 5373 καὶ
2734 5318 3116 5389 ὁμοιούμενον,
3146 5315 3174 5368 ὃ
3199 5315 3487 5378 εἰκονίζειν
3508 5309 3610 5362 οὑκ
3631 5305 3752 5356 ἀνα-

2187 5411 2422 5480 μένομεν
2453 5409 2750 5481 πρὸσταξιν
2772 5425 2787 5440 ⁵
2824 5409 2886 5462 οὐ
2956 5407 3067 5476 γάρ
3094 5408 3209 5460 ἐστι
3238 5405 3399 5458 τοῦτο
3428 5405 3540 5463 τοῖς
3560 5393 3753 5478 πιστοῖς

2190 5501 2342 5566 ίδιον,
2376 5480 2556 5555 πάντα
2594 5503 2660 5554 ὲκ
2690 5502 3116 5572 προστάγματος
3170 5496 3463 5568 πράττειν’
3515 5489 3626 5543 ἐστι
3655 5480 3754 5550 γὰρ

2190 5590 2225 5644 ἃ
2263 5591 2357 5644 καὶ
2403 5592 2532 5664 παρ’
2579 5593 2798 5655 ἑαυτοῖς
2841 5589 3241 5660 συνεισφέρειν,
3274 5587 3376 5642 ὅσα
3415 5583 3528 5646 τοῖς
3573 5577 3754 5648 θερμο-
