4050 6420
353 427 458 496 461

1035 424 1661 488 ANTIRRHETICUS
1702 423 1797 485 ΙΙΙ
1860 427 2030 487 ADV.
2070 425 2667 489 CONSTANTINUM
2704 427 2918 489 COPR.

3513 426 3620 491 462

351 543 541 612 τέροις
588 537 859 610 προσήκει
919 537 1159 609 μάλιστα
1220 539 1316 592 καὶ
1367 537 1815 606 σπουδαιοτέροις
1860 537 1941 599 είς

2050 552 2170 606 quae
2201 539 2458 592 nimirum
2485 539 2723 593 maxime
2750 539 2940 593 decent
2959 537 3316 593 ferventiores
3339 545 3393 592 et
3416 538 3621 593 studio-

353 631 637 703 φιλοθεῖαν
662 648 720 684 τε
749 632 844 683 καὶ
875 631 1160 684 εὐσέϐειαν
1181 648 1194 660 ·
1221 628 1342 683 ἐπεὶ
1375 629 1542 682 πόθεν
1563 628 1624 682 τὸ
1658 630 1850 683 πιστὸν
1883 629 1940 682 ἐν

354 727 541 790 αὐτοῖς
564 723 864 795 ὀφθήσεται
882 743 897 791 ;

434 837 541 910 μβ’.
593 840 656 892 El
711 838 768 891 δὲ
819 839 914 891 καὶ
965 837 1130 908 νόμον
1182 855 1267 901 τις
1320 836 1637 908 ἐπιζητοίη,
1669 836 1767 890 τοῦ
1798 835 1942 907 λόγῳ

367 928 691 1002 προστάξαι,
723 928 784 981 τὸ
837 928 988 999 ἔργῳ
1045 929 1342 998 κατάρξαι,
1410 928 1549 1000 πρὸς
1593 928 1942 995 ἀξιοπιστίαν

359 1020 768 1090 ἀσφαλέστερον
789 1034 802 1048 ·
844 1019 938 1071 καὶ
983 1020 1096 1081 τοῖς
1130 1018 1376 1082 εὐλαϐῶς
1404 1019 1535 1089 περὶ
1566 1019 1633 1072 τὰ
1668 1019 1790 1072 θεῖα
1823 1018 1942 1071 δια-

358 1113 635 1182 κειμένοις
683 1111 784 1164 οὑκ
834 1111 1278 1182 ἀπιστηθήσεται
1318 1111 1380 1164 τὸ
1424 1110 1750 1182 λεγόμενονο
1795 1113 1941 1165 ἱστό-

359 1219 526 1273 ρηται
562 1202 672 1273 γὰρ
702 1202 778 1264 ὡς
799 1200 1053 1272 Αῦγαρος
1087 1203 1115 1254 6
1146 1192 1257 1254 τῶν
1299 1202 1604 1272 Ἐδεσηνῶν
1647 1202 1938 1274 βασιλεὺς,

355 1295 428 1347 τὰ
487 1293 642 1360 παρὰ
682 1291 921 1364 Χριστοῦ
958 1293 1224 1360 γινόμενα
1268 1291 1819 1364 θαυματουργήματα
1852 1295 1944 1346 ὲκ-

357 1385 756 1456 πληττόμενος,
789 1383 942 1455 πόθῳ
983 1401 1042 1436 τε
1073 1382 1256 1453 πολλῷ
1290 1383 1714 1454 καθελκόμενος,
1751 1385 1847 1438 καὶ
1881 1385 1941 1438 ὲν

355 1477 531 1530 εἰκόνι
578 1476 742 1530 αὐτὸν
778 1476 939 1546 μόνον
964 1475 1284 1538 θεάσασθαι,
1325 1475 1650 1528 ἀποστέλλει
1677 1476 1799 1529 τινὰ
1833 1477 1941 1542 ζω-

353 1569 590 1636 γράφον,
613 1565 758 1619 ὦστε
787 1567 849 1619 τὸ
873 1561 1012 1628 εἶδος
1042 1567 1222 1619 ἐκεῖνο
1248 1564 1310 1618 τὸ
1339 1565 1482 1620 θεῖον
1508 1565 1938 1638 διαχαράξαντα,

355 1660 487 1730 παρ’
524 1658 687 1711 αὑτὸν
734 1657 984 1728 κομίζειν
1022 1658 1099 1720 ὡς
1148 1658 1414 1727 τάχιστα·
1464 1657 1560 1711 τοῦ
1602 1658 1661 1711 δὲ
1710 1659 1943 1732 διαμαρ-

351 1751 540 1814 τόντος
596 1748 692 1803 τοῦ
751 1748 980 1815 σκοποῦ,
1035 1749 1128 1802 διὰ
1179 1749 1278 1820 τὴν
1332 1749 1786 1820 ὑπερϐάλλουσαν
1843 1752 1940 1806 τοῦ

355 1841 654 1912 προσώπου
696 1840 860 1912 χάριν
900 1857 961 1894 τε
1003 1841 1100 1894 καὶ
1132 1840 1518 1912 λαμπρότητα,
1551 1843 1714 1907 αὐτὸς
1752 1843 1830 1914 τῷ
1859 1847 1942 1898 ol-

355 1934 492 2004 κείῳ
526 1935 806 2005 προσώπῳ
831 1932 1025 2003 ὀθόνην
1049 1933 1283 2000 ἐπιθεὶς,
1315 1935 1687 2007 ὲναπομάττει
1725 1937 1788 1989 τὸ
1816 1938 1941 1991 ἑαυ-

355 2027 453 2080 τοῦ
476 2025 728 2097 ὁμοίωμα
748 2063 764 2091 ,
813 2025 909 2080 καὶ
939 2025 1267 2079 ἀποστέλλει
1293 2027 1372 2096 τῷ
1411 2027 1611 2098 ἐρῶντι
1642 2029 1706 2084 τὸ
1737 2013 1943 2083 ποθού-

365 2137 548 2188 μενον.

439 2235 551 2303 μγ’.
597 2233 899 2304 Ἰστόρηται
947 2232 1006 2286 δὲ
1044 2232 1139 2285 καὶ
1201 2231 1396 2299 τοῦτο,
1432 2233 1516 2288 ὅτι
1565 2232 1663 2287 τοῦ
1721 2234 1944 2289 πάντων

364 2326 522 2397 ἡμῶν
549 2326 799 2396 Σωτῆρος
825 2325 1062 2394 Χριστοῦ
1099 2326 1156 2378 ὲν
1182 2324 1434 2396 Βηθλεὲμ
1460 2326 1765 2397 τεχθέντος,
1793 2328 1821 2381 6
1849 2326 1945 2380 τοῦ

358 2417 585 2489 Περσῶν
628 2417 817 2480 ἔθνους
858 2416 1166 2486 τηνικαῦτα
1197 2416 1571 2486 ἡγεμονεύων,
1618 2419 1796 2490 εὐφυῆ
1823 2437 1948 2473 τινα

354 2509 653 2579 ζωγράφον
707 2509 888 2561 ἐκεῖσε
942 2506 1296 2577 ἐξέπεμψεν,
1357 2509 1507 2572 ὅστις
1557 2511 1659 2580 τήν
1735 2528 1794 2563 τε
1850 2511 1946 2564 τοῦ

350 2601 646 2671 τεχθέντος
695 2603 796 2654 καὶ
831 2602 930 2670 τῆς
982 2600 1256 2670 τεκούσης
1285 2600 1472 2654 εἰκόνα
1508 2601 1842 2672 διαγράψας,
1873 2604 1950 2668 ὡς

349 2694 520 2746 αὐτὸν
550 2693 778 2763 ἤγαγεν.
814 2689 1021 2746 Εἰδέτω
1041 2692 1240 2763 καρδία
1271 2692 1536 2755 άπιστοςί
1567 2692 1704 2746 Οὐδὲ
1731 2693 1951 2766 Πέρσας

350 2783 719 2854 παραδέξεται
764 2783 1036 2854 τοσαύτην
1075 2783 1464 2852 στειλαμένους
1515 2783 1658 2848 όδὺν,
1689 2784 1840 2857 δῶρα
1871 2785 1951 2856 τῷ

349 2875 611 2946 τεχθέντι
639 2874 853 2947 βασιλεῖ
882 2871 1242 2946 οἷαπροσῆκε
1269 2876 1626 2946 κομίσοντας,
1663 2877 1768 2931 ὑπὸ
1793 2880 1952 2933 ἀστέ-

351 2986 454 3040 ρος
484 2987 543 3022 τε
583 2970 784 3040 ὁδηγου
795 2970 1008 3038 μένους,
1035 2971 1131 3023 καὶ
1160 2970 1299 3041 ὅπερ
1324 2969 1403 3040 τῷ
1432 2969 1547 3023 ὄντι
1577 2971 1828 3042 περιδεὲς
1856 2973 1952 3027 καὶ

354 3064 442 3126 είς
473 3058 755 3133 προῦπτον
804 3061 1075 3132 ἐμϐάλλον
1109 3061 1375 3126 κίνδυνον,
1399 3061 1623 3132 βασιλέα
1653 3063 1952 3134 κηρύσσειν

356 3155 638 3226 λαμπρῶς
675 3155 770 3208 τὸν
802 3154 1139 3224 γοννηθέντα.
1159 3195 1174 3219 ,
1207 3155 1301 3207 ἐπὶ
1329 3154 1430 3223 τῆς
1457 3154 1772 3226 ἀλλοδαπῆς
1794 3173 1953 3225 γενο-

2047 633 2220 686 siores
2241 631 2407 685 divini
2434 631 2636 685 amoris
2663 639 2823 700 atque
2851 629 3085 700 pietatis.
3117 628 3285 684 Secus
3312 629 3458 684 enim
3482 642 3621 699 quo-

2047 721 2208 775 modo
2240 721 2479 788 ipsorum
2514 721 2747 776 ﬁdelitas
2787 720 3141 794 appareret?’

2118 829 2206 885 42.
2250 831 2404 896 Quod
2449 831 2493 887 si
2534 831 2657 902 quis
2690 831 2853 887 etiam
2907 831 3079 902 legem
3115 831 3474 888 demonstrari
3516 833 3620 889 sibi

2045 923 2306 994 postulet,
2359 936 2507 981 certe
2560 941 2724 996 opere
2763 925 3000 990 emcere,
3048 925 3276 981 validius
3340 927 3406 980 ad
3459 925 3621 982 ﬁdem

2047 1014 2351 1070 faciendam
2379 1028 2484 1081 est,
2512 1032 2672 1087 quam
2691 1018 2873 1072 verbis
2892 1016 3206 1087 praecipere.
3227 1015 3349 1071 Jam
3372 1031 3504 1072 vero
3531 1017 3620 1083 iis,

2045 1107 2135 1178 qui
2171 1108 2259 1177 pie
2297 1109 2362 1163 ad
2395 1125 2484 1163 res
2506 1109 2726 1163 divinas
2772 1110 3115 1175 incumbunt,
3143 1110 3194 1163 id
3241 1109 3385 1179 quod
3415 1107 3619 1164 dicturi

2044 1213 2234 1254 sumus
2269 1214 2374 1254 non
2415 1201 2521 1255 erit
2568 1202 2906 1257 incredibile.
2963 1201 3228 1255 Narratur
3253 1200 3398 1257 enim
3435 1201 3618 1269 Abga-

2046 1307 2165 1346 rum
2191 1293 2592 1348 Edessenorum
2627 1309 2834 1364 regem,
2867 1297 3012 1350 edita
3043 1311 3070 1346 a
3099 1293 3319 1348 Christo
3365 1295 3616 1364 prodigia

2045 1384 2391 1449 admiratum,
2437 1385 2606 1440 multo
2647 1400 2834 1441 amore
2877 1386 3040 1455 120
3073 1385 3384 1456 impulsum,
3414 1395 3475 1442 ut
3511 1387 3619 1441 sal-

2045 1483 2152 1529 tem
2181 1475 2233 1529 in
2268 1475 2502 1547 imagine
2523 1491 2646 1531 eum
2671 1485 2964 1546 spectaret,
2993 1477 3250 1546 pictorem
3277 1476 3494 1531 misisse
3522 1478 3615 1547 qui

2042 1569 2247 1624 vultum
2279 1569 2429 1624 illum
2448 1570 2685 1624 divinum
2719 1568 2984 1638 pingeret,
3004 1577 3168 1638 atque
3189 1567 3256 1622 ad
3277 1581 3336 1622 se
3358 1567 3622 1622 citissime

2043 1661 2541 1732 aﬂ‘erret.Cumque
2567 1663 2742 1733 pictor
2774 1677 2939 1730 scopo
2965 1675 3063 1717 suo
3085 1676 3190 1716 non
3224 1668 3371 1716 esset
3397 1660 3623 1730 potitus,

2043 1764 2264 1825 propter
2297 1755 2555 1810 eximiam
2586 1755 2766 1809 vultus
2796 1761 3138 1808 venustatem
3176 1763 3340 1824 atque
3375 1752 3628 1823 splendo-

2047 1861 2183 1912 rem,
2215 1847 2368 1900 aiunt
2411 1845 2692 1900 Christum
2749 1843 2908 1899 faciei
2956 1859 3071 1899 suae
3120 1843 3290 1899 linteo
3337 1845 3624 1914 applicito,

2045 1933 2336 2004 imaginem
2366 1934 2643 2004 propriam
2671 1933 3092 2002 deprompsisse,
3127 1934 3354 2004 remque
3382 1942 3624 2005 optatam

2044 2025 2113 2080 ad
2145 2037 2448 2082 amatorem
2481 2041 2665 2098 regem
2709 2025 3078 2082 transmisisse
3095 2023 3232 2096 (59).

2117 2226 2207 2283 43.
2237 2225 2502 2283 Narratur
2531 2242 2774 2298 Insuper,
2804 2227 3099 2286 universali
3121 2239 3308 2285 nostro
3333 2227 3625 2285 Servatore

2047 2320 2265 2377 Christo
2289 2321 2581 2379 Bethlecmi
2601 2332 2747 2387 nato,
2769 2322 2914 2378 illum
2933 2323 3024 2393 qui
3047 2324 3221 2393 gentis
3245 2323 3476 2380 Persicae
3501 2333 3628 2378 tunc

2047 2427 2260 2486 sceptra
2283 2417 2521 2482 tenebat,
2540 2417 2814 2488 egregium
2839 2417 2966 2471 illuc
2985 2419 3306 2473 amandasse
3330 2419 3626 2488 pictorem,

2049 2509 2142 2576 qui
2169 2509 2277 2563 nati
2302 2510 2451 2578 pueri
2477 2524 2542 2564 ac
2560 2509 2749 2564 matris
2771 2509 3058 2579 imaginem
3078 2509 3432 2574 describeret,
3465 2521 3631 2580 atque

2051 2599 2117 2653 ad
2150 2613 2208 2653 se
2233 2602 2542 2655 adduceret.
2565 2602 2872 2670 Agnoscant
2893 2601 2997 2655 hoc
3019 2599 3184 2655 corda
3218 2600 3492 2655 incredula
3515 2604 3528 2655 ἰ
3555 2601 3632 2656 Ne

2051 2691 2246 2746 Persas
2279 2691 2494 2761 quidem
2555 2693 2656 2746 sibi
2693 2692 3088 2762 persuadebunt
3123 2701 3331 2746 tantum
3360 2693 3464 2748 iter
3512 2709 3634 2750 sns-

2052 2768 2281 2853 cepisse,
2308 2786 2446 2839 dona
2489 2794 2616 2840 uato
2645 2787 2756 2856 regi
2786 2796 2946 2857 prout
2975 2801 3070 2854 par
3085 2794 3203 2840 erat
3227 2785 3452 2852 laturos,
3475 2775 3632 2842 stella

2054 2876 2282 2930 ducente
2308 2892 2323 2940 ;
2352 2877 2607 2947 quodque
2633 2891 2824 2932 revera
2855 2877 3270 2933 formidolosum
3298 2887 3434 2942 erat,
3476 2887 3532 2932 et
3575 2879 3633 2932 in

2057 2967 2406 3022 manifestum
2458 2968 2786 3038 conjiciebat
2840 2969 3158 3034 discrimen,
3221 2985 3402 3036 regem
3449 2970 3631 3039 palam

2055 3061 2349 3129 praedicare
2400 3073 2584 3116 natum
2640 3062 2692 3116 in
2761 3071 2904 3116 terra
2969 3063 3070 3117 sibi
3133 3064 3443 3133 peregrina.
3477 3061 3633 3128 Quod

2056 3154 2102 3209 si
2152 3169 2258 3208 non
2293 3154 2477 3208 omnia
2523 3154 2578 3208 in
2625 3155 2936 3224 evangeliea
2972 3155 3196 3209 historia
3248 3164 3374 3209 sunt
3404 3155 3629 3224 scripta,

359 3252 600 3323 μένους’
657 3253 706 3303 εί
756 3250 812 3303 δὲ
861 3250 922 3302 οὐ
974 3249 1156 3304 πάντα
1204 3248 1628 3318 ἀναγέγραπται
1673 3249 1819 3303 κατὰ
1851 3249 1945 3321 τὴν

2055 3259 2163 3300 non
2206 3245 2408 3299 idcirco
2458 3244 2640 3298 omnia
2687 3252 2814 3298 sunt
2860 3243 3218 3299 incredibilia.
3271 3242 3405 3298 Nam
3456 3259 3635 3312 neque

355 3344 731 3414 εὐαγγελικὴν
760 3342 1026 3412 ἱστορίαν,
1054 3341 1116 3395 οὐ
1143 3341 1326 3395 πάντα
1349 3341 1504 3411 παρὰ
1527 3339 1691 3394 τοῦτο
1718 3343 1946 3396 ἄπιστα·

356 3441 483 3494 οὐδὲ
507 3440 618 3510 γὰρ
645 3439 716 3490 τὰ
738 3437 875 3492 ἄλλα
908 3438 1112 3506 σημεῖα
1149 3434 1185 3489 ἃ
1217 3434 1478 3503 εποίησεν
1509 3435 1538 3486 6
1585 3434 1796 3506 Ἰησοῦς
1824 3435 1953 3490 ἀθε-

356 3531 574 3603 τητέον,
608 3529 780 3584 πολλά
810 3545 873 3597 γε
903 3527 1035 3582 ὄντα
1056 3568 1072 3594 ,
1114 3527 1192 3590 ὼς
1232 3526 1372 3597 μηδὲ
1403 3528 1603 3596 χωρεῖν
1630 3526 1723 3581 τὸν
1746 3527 1951 3596 κόσμον

360 3625 530 3680 καθὲν
561 3624 908 3696 γραφόμενα,
937 3619 1126 3692 ἐπειδὴ
1155 3621 1256 3674 οὐκ
1283 3620 1722 3690 ἀναγέγραπται,
1757 3619 1927 3689 φησὶν

357 3721 389 3773 6
418 3718 596 3789 μέγας
642 3711 1038 3785 εὐαγγελιστὴς
1095 3713 1350 3783 Ἰωάννης
1370 3727 1386 3742 ·
1417 3713 1548 3784 περὶ
1579 3711 1680 3784 μὲν
1723 3707 1817 3765 οῦν
1847 3711 1950 3780 τῆς

358 3809 599 3880 ἀοράτου
637 3808 731 3860 καὶ
766 3805 1105 3874 ὑπερουσίου
1151 3804 1246 3858 καὶ
1290 3803 1535 3875 ἀλήπτου
1570 3803 1809 3872 φύσεως,
1850 3803 1951 3857 καὶ

359 3901 430 3973 ἢν
459 3899 679 3970 ὁμοιοῦν
706 3899 976 3954 ἀδύνατον
1026 3896 1268 3963 λέγεται,
1303 3896 1385 3949 ὅτι
1422 3895 1572 3949 Οὔτε
1599 3893 1812 3964 φωνὴν
1841 3897 1948 3949 αὺ-

356 3993 469 4047 τοῦ
504 3993 829 4060 ἀκηκόατε,
871 3989 1011 4044 οὔτε
1040 3985 1198 4054 εἶδος
1241 3987 1429 4042 αὐτοῦ
1465 3987 1787 4056 ἐωράκιιτε’
1818 3988 1944 4053 καὶ,

360 4085 514 4137 Θεὸν
556 4084 756 4149 οὐδεὶς
787 4083 1010 4150 ἑώρακε
1037 4080 1304 4146 πώποτε,
1333 4080 1472 4134 οὔτε
1502 4097 1592 4145 τις
1622 4080 1950 4150 ἀνθρώπιον

355 4173 544 4241 εἶδεν,
573 4176 712 4229 οὔτε
745 4174 894 4228 ἰδεῖν
922 4173 1175 4227 δύναται
1195 4187 1210 4202 ο
1255 4171 1343 4225 διὰ
1376 4171 1440 4225 τὸ
1474 4171 1650 4236 οὕτως
1678 4171 1824 4243 ἔχειν
1845 4172 1948 4226 αύ-

354 4268 481 4336 τὴν,
537 4265 633 4317 καὶ
674 4263 749 4334 μὴ
783 4261 1016 4334 ὁρᾶσθαι
1068 4262 1205 4333 μηδὲ
1235 4260 1556 4327 ἀκούεσθαι,
1592 4261 1709 4314 ἀλλ’
1743 4261 1948 4334 ἐξῃρῆ-

358 4357 488 4410 σθαι
515 4355 722 4424 ταύτην
746 4354 840 4407 καὶ
863 4352 1040 4415 εῐδους
1069 4353 1273 4416 παντὸς
1294 4354 1390 4406 καὶ
1417 4352 1700 4422 φθόγγωνο
1729 4353 1824 4407 καὶ
1848 4354 1948 4423 μέν

357 4465 426 4516 γε
467 4447 566 4502 καὶ
611 4447 695 4500 ὅτι
735 4445 796 4500 οὐ
835 4443 1088 4499 πεινάσει
1123 4443 1246 4497 οὐδὲ
1271 4444 1562 4498 κοπιάσεν
1599 4443 1752 4498 Οὐδὲ
1776 4444 1950 4498 ἐστιν

359 4537 670 4605 ἑξεύρεσις
697 4535 811 4605 τῆς
841 4527 1194 4604 φρονήσεως
1240 4533 1450 4589 αὑτοῦ.
1483 4535 1622 4600 Περὶ
1660 4534 1716 4588 δὲ
1742 4534 1844 4604 τῆς
1887 4536 1946 4588 ἐν

2055 3336 2160 3392 alia
2203 3336 2470 3406 prodigia,
2528 3350 2650 3405 quae
2720 3334 2878 3390 Jesus
2920 3335 3109 3400 edidit,
3171 3345 3301 3390 sunt
3360 3335 3626 3406 neganda,

2054 3442 2177 3482 cum
2215 3436 2294 3482 tot
2339 3426 2561 3492 fuerint,
2595 3437 2651 3482 ut
2674 3441 2741 3481 ne
2771 3428 3007 3482 mundus
3044 3427 3259 3496 quidem
3291 3441 3356 3482 ea
3381 3438 3628 3496 caperet,

2053 3534 2366 3588 quanquam
2407 3533 2512 3574 non
2535 3526 2663 3574 sunt
2684 3519 2904 3587 scripta,
2944 3527 3001 3571 ut
3034 3533 3263 3587 magnus
3297 3519 3372 3572 ait
3400 3533 3634 3588 evange-

2055 3609 2174 3662 lista
2204 3607 2523 3664 Joannes”.
2559 3609 2637 3663 De
2677 3608 2934 3663 invisibili
2963 3622 3094 3678 ergo
3125 3619 3180 3662 et
3210 3611 3633 3677 supersubstau.

2055 3701 2168 3756 tiali
2199 3701 2801 3771 etincomprehensibili
2827 3710 3040 3765 natura,
3069 3711 3124 3756 et
3152 3701 3308 3770 cujus
3337 3701 3629 3770 imaginem

2053 3793 2236 3848 facere
2294 3793 2630 3864 impossibile
2659 3803 2761 3860 est,
2796 3794 2998 3848 dicitur
3031 3813 3044 3848 :
3083 3792 3268 3863 Neque
3315 3810 3488 3848 uocem
3516 3793 3632 3864 ejus

2051 3883 2302 3949 audistis,
2356 3899 2520 3954 neque
2567 3885 2790 3954 speciem
2825 3885 2941 3953 ejus
2970 3885 3277 3963 uidistis”;
3313 3892 3368 3938 et
3399 3901 3414 3938 :
3444 3884 3635 3938 'Deum.

2051 3992 2202 4032 nemo
2234 3977 2363 4031 uidit
2387 3993 2643 4047 unquam,
2679 3994 2842 4048 neque
2872 3976 3012 4032 ullus
3046 3978 3313 4032 hominum
3361 3979 3508 4032 scivit
3536 3991 3630 4032 aut

2051 4070 2188 4124 scire
2245 4080 2414 4138 potest
2434 4071 2482 4104 “
2528 4071 2655 4141 quia
2720 4085 2915 4142 nempe
2970 4069 3156 4125 Deitas
3200 4071 3275 4124 ita
3340 4087 3400 4126 se
3445 4071 3632 4132 habet.

2052 4171 2112 4214 ut
2153 4175 2329 4230 neque
2371 4161 2641 4228 audiatur,
2677 4162 2775 4217 sed
2807 4161 2957 4216 omni
3019 4171 3312 4233 conspectu
3371 4177 3435 4218 ac
3499 4178 3634 4218 sono

2051 4250 2356 4318 eximatur;
2436 4266 2614 4321 neque
2687 4253 2816 4307 item
2869 4254 3074 4308 esuriet
3153 4269 3388 4321 unquam
3456 4269 3634 4321 neque

2050 4343 2230 4398 sitiet:
2260 4343 2374 4398 Nec
2398 4354 2472 4398 est
2498 4345 2829 4412 investigatio
2849 4346 3126 4411 sopientiw
3145 4346 3259 4414 ejus
3276 4348 3343 4399 ”.
3373 4347 3446 4400 De
3465 4343 3630 4400 Verbi

2053 4444 2233 4490 autem
2263 4437 2316 4490 in
2348 4450 2514 4490 carne
2552 4435 2934 4504 apparitione:
2969 4434 3094 4489 Nisi
3139 4436 3416 4503 venissem,
3454 4447 3502 4491 et
3542 4455 3632 4491 eos

2053 4527 2320 4582 allocutus
2381 4545 2570 4594 essem,
2620 4537 2894 4597 peccatum
2962 4545 3066 4582 non
3113 4531 3384 4584 haberent.
3425 4531 3495 4585 Et
3549 4533 3632 4586 ui-

363 4631 532 4698 σαρκὶ
558 4627 887 4697 θεοφανείας
928 4625 1025 4679 τοῦ
1050 4625 1250 4692 Λόγου,
1274 4625 1356 4679 ὄτι
1413 4627 1482 4679 El
1512 4625 1598 4694 μὴ
1624 4620 1816 4696 ἦλθον
1843 4626 1944 4681 καί

2051 4612 2265 4683 derunt,
2309 4628 2360 4672 et
2409 4624 2632 4674 oderunt
2679 4636 2778 4684 me,
2821 4619 3106 4687 simulque'
3133 4620 3286 4674 illum
3343 4623 3434 4691 qui
3484 4625 3631 4675 misit

359 4716 636 4785 ἐλάλησα
684 4715 911 4782 αὐτοῖς,
961 4715 1257 4784 ἁμαρτίαν
1296 4717 1410 4770 οὐκ
1453 4711 1652 4785 εἶχονο
1705 4717 1803 4770 καὶ
1859 4718 1942 4769 ὅτι

368 4808 708 4877 Ἔωράκασι
736 4807 834 4862 καὶ
856 4805 1231 4876 μεμισήκασι
1260 4807 1361 4860 και
1393 4805 1499 4876 ἐμὲ
1536 4807 1633 4859 καί
1664 4805 1772 4860 τόν
1798 4808 1947 4876 πέμ-

353 4899 561 4968 ψαντά
616 4916 716 4973 με,
789 4899 838 4954 τί
897 4898 954 4952 δὲ
1009 4898 1061 4952 οἱ
1109 4897 1389 4951 θεσπέσιοι
1427 4897 1690 4968 μαθηταὶ,
1741 4896 1941 4967 φασίν;

357 4990 484 5043 Ὅτι
525 4991 591 5043 Ὃ
623 4986 702 5060 ἦν
725 4988 826 5043 ἀπ’
855 4987 1072 5058 ἀρχῆς,
1107 4986 1140 5041 ὃ
1162 4986 1504 5056 ἑωράκαμεν
1530 4987 1628 5040 καὶ
1659 4989 1720 5040 al
1750 4988 1944 5056 χεῖρες

357 5080 529 5150 ἡμῶν
577 5079 991 5148 ἐψηλάφησαν
1041 5080 1177 5147 περὶ
1225 5079 1331 5132 τοῦ
1371 5080 1570 5149 Λόγου
1623 5077 1731 5147 τῆς
1771 5077 1942 5147 ζωῆς.

359 5172 469 5226 Καὶ
520 5173 604 5225 ὅτι
662 5170 1044 5240 Ἑωράκαμεν
1099 5170 1208 5224 τὸν
1264 5171 1508 5238 Κύριον,
1538 5171 1754 5235 οἵτινες
1795 5187 1945 5223 συν-

358 5265 660 5334 εφάγομεν
705 5263 806 5316 καὶ
851 5263 1226 5330 συνεπίομεν
1274 5261 1470 5328 αὐτῷ,
1505 5263 1533 5315 ὃ
1582 5261 1721 5332 μετὰ
1753 5260 1850 5332 τὴν
1880 5263 1946 5314 ὲκ

361 5357 574 5428 νεκρῶν
608 5355 913 5411 ἀναϐίωσιν
943 5357 1170 5425 γέγονεν
1190 5370 1202 5382 ·
1253 5353 1392 5409 ἀλλὰ
1420 5354 1515 5408 καὶ
1557 5353 1822 5406 ἐκοπίασε
1852 5354 1948 5406 καὶ

431 5537 477 5568 ’³
505 5534 664 5592 Joan.
702 5553 818 5600 χιιι,
848 5535 940 5591 25.
1019 5536 1066 5568 ’⁸
1105 5535 1262 5589 Joan.
1297 5549 1352 5595 ν,
1385 5533 1474 5589 '57.
1553 5533 1599 5566 "
1628 5533 1905 5600 1Τίιιι.νι,
1939 5533 1945 5586 l

2109 5535 2153 5566 "
2174 5531 2280 5588 lsa.
2302 5551 2388 5600 χι,
2428 5533 2522 5590 28.

361 5605 416 5660 Ι.
491 5609 537 5640 ⁹³
567 5609 690 5663 Act.
722 5623 776 5672 χ,
816 5607 908 5661 Η.
986 5607 1032 5639 ⁹⁹
1057 5607 1177 5660 Gal.
1219 5621 1292 5670 tv,
1321 5607 1378 5658 4.

2052 4709 2214 4764 nte".
2247 4709 2385 4776 Quid
2432 4720 2614 4765 autem
2653 4711 2764 4765 divi
2790 4712 3038 4779 discipuli
3093 4711 3289 4766 aiunt?
3334 4713 3489 4778 Quod
3527 4713 3629 4782 fuit

2053 4801 2119 4855 ab
2152 4802 2326 4866 initio,
2354 4805 2495 4874 quod
2528 4805 2772 4870 vidimus,
2801 4814 2848 4859 et
2891 4821 3084 4859 manus
3114 4819 3305 4860 nostra:
3341 4817 3634 4862 contreeta-

2053 4903 2258 4958 uerunt,
2290 4895 2354 4948 de
2397 4892 2561 4948 Verbo
2618 4895 2819 4949 uiue".
2890 4893 2957 4948 Et
3020 4894 3257 4951 Vidimus
3323 4897 3632 4959 Dominum.

2053 4989 2142 5056 qui
2199 5004 2306 5042 una
2350 4990 2784 5043 manducaoimus
2833 4998 2886 5043 et
2952 4987 3257 5057 bibimus”,
3318 4992 3462 5062 quod
3511 5004 3634 5060 post

2055 5080 2200 5134 illius
2249 5095 2278 5132 a
2322 5080 2552 5134 mortuis
2605 5081 3058 5136 resurrectionem
3107 5081 3356 5150 contigit.
3405 5080 3511 5136 Sed
3578 5092 3636 5135 et

2052 5170 2337 5234 laboravit,
2368 5186 2434 5226 ex
2465 5171 2582 5237 lege
2608 5172 2879 5240 corporis,
2913 5180 2968 5226 et
2992 5171 3207 5228 esuriit.
3239 5183 3292 5226 et
3311 5171 3504 5227 sitivit.
3528 5169 3629 5225 Et:

2056 5261 2202 5318 Misit
2261 5263 2397 5318 Deus
2455 5261 2658 5316 Filium
2692 5279 2844 5317 suum
2879 5263 3081 5332 factum
3127 5278 3193 5316 ea:
3231 5261 3448 5317 muliere
3464 5263 3531 5317 ”.
3569 5263 3636 5317 Et

2056 5353 2200 5408 Deus
2228 5355 2480 5424 apparuit
2524 5355 2577 5408 in
2613 5368 2802 5421 carne,
2832 5365 2884 5408 et
2907 5368 3102 5423 passus
3132 5364 3215 5409 est
3243 5354 3294 5406 in
3331 5368 3392 5408 ea
3419 5369 3632 5408 assum-

2618 5536 2663 5567 ⁸⁸
2685 5535 2839 5591 Joan.
2867 5550 2956 5599 xv,
2981 5533 3184 5598 22,24.
3262 5535 3307 5566 "
3341 5534 3358 5588 Ι
3393 5531 3552 5590 Joan.
3590 5552 3630 5602 ι,

426 5785 545 5858 (59)
573 5785 650 5860 De
680 5784 881 5860 Christi
915 5785 1149 5860 imagine
1184 5784 1250 5838 ad
1286 5785 1586 5860 Abgarum
1629 5784 1792 5840 missa
1833 5783 2066 5840 diximus
2094 5787 2159 5840 ad
2191 5785 2436 5841 Antirrh.
2504 5786 2543 5854 Ι,
2607 5784 2694 5854 36,
2741 5799 2796 5855 p.
2848 5785 2939 5853 '56,
2980 5787 3074 5856 57,
3113 5787 3165 5842 ἰιι
3204 5788 3332 5845 adn.
3394 5787 3633 5860 Legatur

353 5854 581 5927 insuper
618 5856 884 5913 Barnnius
919 5859 985 5914 ad
1020 5857 1122 5912 Ch.
1160 5871 1252 5910 an.
1285 5854 1374 5919 51,
1408 5872 1460 5908 ιι.
1497 5854 1581 5909 61.
