4050 6428
424 412 536 481 465

1100 421 1136 479 ,λ
1161 384 1731 485 ‘inRRHETICUS
1771 420 1866 481 III
1903 421 2075 482 ADV.
2115 420 2714 482 CONSTANTINUM
2753 420 2995 489 corr...

3594 423 3717 489 me:

431 534 715 604 τρωμάτων
752 536 955 600 σκοπὸς
985 536 1086 607 οὐχ
1122 538 1299 602 οὓτως
1338 537 1486 609 ἔχει·
1530 537 1726 603 πύθενς
1779 536 1920 591 ἀλλὰ
1942 537 2012 591 δι’

2135 538 2535 608 trchetypormu
2583 547 2899 593 sanctorum
2949 539 3229 608 refriceut,
3277 556 3377 598 ceu
3410 558 3565 597 sacra
3597 560 3715 596 una

428 626 565 680 αὐτὸ
595 625 659 680 τὸ
695 624 831 694 ἆγιιι
861 621 1027 692 εἷναι,
1058 628 1157 682 καὶ
1188 629 1268 693 είς
1297 630 1522 699 μνήμην
1544 628 1654 681 τῶν
1680 626 2013 699 ἀρχετύπων

2135 640 2245 683 :um
2294 628 2467 683 sacris
2498 628 2826 694 adorantur;
2866 644 3042 701 neque
3089 646 3213 687 cum
3265 632 3400 703 ipsis
3450 642 3692 687 tantum-

429 721 683 789 προϊέναι
735 720 931 789 ἁγίων,
981 722 1058 785 ὡς
1112 721 1234 792 ίερὰ
1282 724 1393 785 τοῖς
1429 722 1595 793 ἱεροῖς
1650 737 2013 791 συμπροσκυ-

434 812 677 877 νοῦνται,
713 813 809 866 καὶ
848 814 913 866 οὐ
948 814 1048 867 σὺν
1081 814 1266 878 αὐτοῖς
1318 815 1501 883 μόνον,
1549 813 1686 867 ἀλλὰ
1713 814 1811 866 καὶ
1858 812 2016 877 ὲκτδς

434 904 541 959 τῶν
571 904 748 973 ἁγίων
779 893 946 958 οίκων
981 905 1389 976 τιμηθήσονται
1410 922 1424 937 ⁸
1454 907 1520 959 σὺ
1552 905 1609 959 δὲ
1638 905 1733 958 τοῦ
1766 905 1865 976 μὲν
1889 904 2012 960 ὄνου

434 999 526 1052 καὶ
554 996 649 1050 τοῦ
679 998 843 1060 κυνὸς
873 998 969 1051 καί¹
994 997 1089 1051 τοῦ
1124 999 1311 1070 χοίρου
1344 1000 1401 1051 ὲν
1428 998 1507 1068 τῷ
1531 997 1662 1068 ίερῷ
1690 996 2016 1069 προσκυνῶν

433 1086 531 1148 τὰς
556 1084 794 1149 εἰκόνας,
827 1087 890 1139 οὐ
920 1085 1319 1157 δυσχεραίνεις,
1346 1088 1445 1158 τὴν
1477 1088 1535 1140 δὲ
1564 1087 1801 1157 Χριστοῦ
1830 1088 2018 1143 είκόνα

432 1177 587 1247 αὐτῷ
629 1178 762 1248 ἱερῷ
812 1183 1224 1250 καταπιμπρῶν
1251 1181 1532 1252 γέγηθας;
1559 1181 1657 1234 καὶ
1686 1180 1748 1233 οὐ
1770 1180 2018 1251 φρίττεις

429 1268 661 1320 τοιαῦτα
708 1268 947 1338 τολμῶν,
1006 1271 1224 1336 δεικνὺς
1277 1273 1461 1344 μάτην
1519 1271 1734 1342 σεαυτῷ
1770 1272 1833 1326 τὸ
1877 1271 2017 1341 Χρι-

433 1361 686 1426 στιανὸς
735 1364 1063 1434 ἐπιγράφων
1110 1366 1312 1435 δνομα;
1348 1366 1400 1419 τί
1444 1360 1539 1419 οὖν
1569 1366 1778 1419 εἴποιεν
1825 1366 1875 1417 ot
1919 1364 2019 1434 τὴν

431 1452 678 1506 διάνοιαν
725 1455 1125 1526 λελωϐημένοι,
1174 1459 1271 1511 καὶ
1322 1457 1421 1527 τὴν
1468 1457 1666 1528 νοερὰν
1730 1456 2018 1529 ἐνέργειαν

434 1546 860 1616 πεπηρωμένοι,
892 1551 1022 1621 περὶ
1047 1549 1157 1603 τῶν
1198 1549 1258 1603 ὲν
1281 1552 1402 1614 ταῖς
1428 1550 1600 1620 ἱεραῖς
1630 1547 1877 1619 κιγκλίσι
1921 1549 2019 1602 καὶ

434 1640 556 1699 ταῖς
583 1638 953 1709 καλουμέναις
975 1641 1228 1706 σωλὲαις,
1253 1641 1362 1695 τῶν
1390 1659 1450 1695 τε
1481 1645 1540 1694 ἐν
1569 1644 1681 1705 τοῖς
1733 1641 1879 1695 κίοσι
1922 1641 2019 1695 καὶ

434 1729 681 1783 πυλῶσιν
715 1733 919 1797 αὐτοῖς,
952 1733 1062 1785 τῶν
1091 1751 1151 1786 τε
1180 1733 1285 1805 πρὸ
1312 1733 1407 1787 τοῦ
1436 1732 1585 1786 θείου
1617 1730 2016 1804 θυσιαστηρίου

437 1822 778 1892 ἱδρυμένων;
807 1821 915 1895 ἆρα
943 1825 1153 1894 κόσμου
1178 1826 1275 1879 καὶ
1298 1826 1632 1897 εὐπρεπείας
1658 1827 1820 1897 χάριν
1844 1824 2020 1879 ταῦτα

2123 721 2306 786 modo,
2342 735 2532 776 vermn
2576 720 2741 775 etiam
2773 731 2930 776 extra
2980 734 3202 778 sanctas
3236 725 3382 778 :edes
3412 724 3465 778 in
3494 726 3702 779 honore

2122 821 2301 869 erunt.
2334 811 2414 867 Tu
2445 827 2578 868 vero
2608 813 2749 868 asini
2776 821 2829 868 et
2858 814 3012 869 canis
3037 822 3092 869 et
3119 817 3235 870 suis
3262 816 3315 869 in
3348 816 3548 884 templo
3572 816 3701 869 ado~

2125 919 2254 958 rans
2306 904 2591 974 imagines,
2649 921 2753 960 non
2806 908 3200 971 stomacharis;
3254 906 3458 962 Christi
3520 918 3703 963 autem

2125 996 2417 1066 imaginem
2443 1010 2546 1050 una
2567 1011 2690 1051 cum
2718 998 2917 1067 templo
2948 1000 3277 1054 comburere
3301 998 3510 1069 gestis?
3532 1014 3707 1068 neque

2125 1089 2268 1145 hanc
2321 1091 2606 1145 audaciam
2652 1092 3078 1162 perhorrescis,
3112 1105 3219 1159 qua
3258 1091 3609 1146 demonstras
3658 1100 3708 1143 te

2126 1196 2324 1236 nomen
2363 1182 2460 1237 tibi
2488 1182 2788 1237 Christiani
2821 1183 3022 1238 frustra
3058 1182 3378 1253 imponere?
3414 1181 3552 1248 Quid
3577 1197 3724 1253 ergo.

2126 1272 2310 1328 dicent
2336 1273 2388 1327 hi
2427 1283 2617 1329 mente-
2650 1274 2818 1344 capti,
2849 1283 2904 1330 et
2935 1274 3287 1330 intellectuali
3321 1274 3579 1330 facultate
3611 1290 3707 1327 ur-

2125 1363 2261 1429 bati,
2318 1365 2385 1418 de
2428 1368 2602 1419 sacris
2641 1366 2917 1421 cmlaturis
2964 1367 3019 1419 in
3065 1367 3345 1429 cancellis,
3389 1375 3445 1420 et
3481 1365 3550 1420 iis
3588 1380 3737 1433 qua:-

2126 1464 2355 1509 voeatur
2385 1455 2547 1509 solea:
2574 1455 2712 1527 (61),
2742 1467 2798 1511 et
2831 1455 2886 1511 in
2915 1456 3189 1512 columnis
3222 1473 3285 1511 ac
3315 1456 3526 1511 foribus
3554 1457 3705 1525 ipsis,

2126 1555 2182 1603 et
2210 1548 2447 1616 denique
2489 1554 2615 1603 ante
2644 1548 2887 1602 divinum
2931 1547 3110 1603 altare
3157 1547 3385 1618 positis?
3420 1544 3557 1600 Num
3595 1548 3710 1601 haec

2126 1645 2354 1693 ornatus
2386 1648 2441 1693 et
2472 1652 2686 1708 pompa:
2718 1650 2883 1693 eausa
2932 1636 3233 1694 Christiani
3275 1635 3709 1698 fabricaverunt,

2126 1746 2198 1785 an
2228 1732 2409 1801 potius
2434 1732 2655 1802 propria
2706 1730 2943 1802 propriis
2982 1729 3275 1801 aptantes?
3305 1729 3459 1800 gnari
3502 1728 3713 1782 scilicet

2127 1822 2244 1887 loca
2279 1823 2394 1878 haec
2423 1837 2546 1878 esse
2585 1823 2949 1888 adorationis,
2984 1824 3215 1891 ideoque
3259 1830 3319 1875 ιιι
3344 1821 3733 1875 adorat-entor-

435 1916 486 1966 οί
515 1915 834 1982 Χριστιανοὶ
870 1914 1254 1989 ἐτεκτήναντο,
1289 1914 1322 1988 ἢ
1350 1920 1417 1972 τὰ
1442 1921 1620 1973 οίκεῖα
1648 1919 1764 1981 τοῖς
1793 1916 2016 1979 οίκείοις

2135 1929 2240 1969 male
2268 1915 2341 1970 ibi
2372 1915 2833 1986 conﬁgurarunt?

438 2005 845 2075 ἐφαρμόζοντες
869 2022 885 2070 ;
905 2007 1108 2073 ειδότες
1138 2009 1221 2064 ὅτι
1254 2012 1301 2063 οἱ
1330 2011 1489 2065 τόποι
1516 2004 1664 2066 οὗτοι
1724 2008 2156 2083 προσκυνήσεὼς
2214 2009 2323 2061 είσι
2380 2007 2560 2074 τόποι,
2592 2007 2690 2062 καί⁵
2753 2007 2851 2061 τοῦ
2883 1996 3310 2083 προσκυνεῖσθαι
3355 2006 3545 2059 ἕνεκεν
3571 2001 3712 2057 τού-

439 2113 553 2159 τοις
574 2096 987 2153 ἐνετυπὼσαντο
1013 2114 1030 2165 ;

525 2215 638 2279 μς’.
679 2209 839 2265 Ἀλλὰ
870 2212 964 2266 καὶ
1001 2211 1226 2278 δικαίως
1267 2215 1413 2285 μάλα
1441 2217 1469 2269 ὁ
1502 2216 1841 2287 προφητικδς
1862 2215 2021 2284 λόγος

450 2300 545 2371 τὴν
566 2301 769 2355 τούτων
800 2305 1233 2377 παραφροσύνην
1272 2310 1366 2360 καὶ
1402 2308 1503 2379 τὴν
1532 2309 1837 2375 παράνοιαν
1888 2325 2022 2378 προ-

446 2390 619 2445 λαϐὼν
664 2393 1047 2465 ὲστηλίτευσεν
1070 2438 1084 2461 ,
1116 2398 1199 2452 ὅτι
1237 2399 1503 2453 Ἔδωκεν
1548 2398 1752 2464 αὐτοῖς
1786 2402 1820 2453 ό
1856 2400 2023 2465 Θεὸς,

444 2482 791 2554 ὀφθαλμοὺς
849 2487 956 2541 τοῦ
1004 2488 1091 2557 μὴ
1140 2490 1420 2555 βλέπειν,
1475 2491 1575 2545 καὶ
1628 2484 1750 2545 ὦτα
1786 2491 1894 2545 τοῦ
1941 2489 2023 2560 μὴ

441 2574 705 2642 ἀκούειν,
732 2579 834 2632 ἵνα
847 2564 1192 2648 βλέποντες
1214 2582 1297 2651 μὴ
1319 2582 1622 2647 βλέπωσι,
1646 2583 1745 2637 καί
1773 2583 2027 2638 ἀκούον-

442 2685 544 2734 τες
573 2669 659 2739 μὴ
711 2671 991 2727 συνιῶσι.
1046 2674 1156 2726 Καὶ
1216 2670 1559 2743 Ἐπαχύνθη
1589 2672 1789 2728 αὐτῶν
1816 2676 1853 2743 ἠ
1900 2674 2028 2727 διὰ-

443 2775 600 2823 νοια,
650 2760 753 2814 καί
804 2763 1262 2831 ὲσκοτίσθησαν
1294 2766 1394 2820 καί
1428 2766 1863 2835 ἐμωράνθησαν
1904 2766 2030 2830 τοῖς

442 2849 882 2922 διαλογισμοῖς.
972 2854 1394 2927 Ἐξερευνῶντες
1467 2857 1881 2927 ὲξερευνὴσεις,
1954 2852 2030 2910 ὧν

442 2941 569 2996 οὗτε
600 2942 801 3016 ἔρευνα
837 2945 963 3000 οὔτε
1013 2949 1316 3018 ἀμφιϐολία
1362 2948 1516 3019 παρὰ
1554 2951 1902 3019 Χριστιανοίς
1941 2948 2033 3017 γέ-

444 3051 571 3102 γονε
618 3034 874 3117 πώποτε-⁸
908 3045 1003 3092 καὶ
1037 3038 1211 3103 οὕτως
1243 3040 1507 3110 ἐναργοῦς
1549 3040 1903 3111 ὑπαρχούσης
1937 3040 2031 3093 καὶ

442 3126 948 3200 δεδημοσιευμένης
992 3131 1093 3202 τῆς
1141 3130 1399 3201 ἀληθείας
1446 3132 1600 3203 πάσῃ
1627 3136 1692 3203 τῇ
1737 3131 1827 3200 ὑφ’
1855 3132 2026 3202 ἡλίῳ»

444 3225 560 3286 τοῖς
584 3221 810 3287 οἰκείοις
848 3223 1151 3294 ὀφθαλμοῖς
1182 3224 1275 3278 καὶ
1321 3226 1388 3294 τῇ
1421 3225 1686 3295 ἐναργείᾳ
1717 3224 1855 3294 αὐτῇ
1888 3225 2028 3297 απο-

2200 2214 2291 2270 46.
2325 2210 2422 2271 Pol
2455 2215 2765 2270 rectissime
2787 2215 3145 2285 propheticus
3173 2227 3353 2269 sermo
3385 2213 3582 2266 horum
3616 2209 3714 2265 dc-

2130 2306 2316 2360 lirium
2344 2314 2507 2376 atque
2538 2306 2804 2360 insaniam
2835 2306 3043 2376 jamdiu
3068 2302 3424 2373 vituperavit.
3457 2300 3608 2354 Dedit
3637 2300 3714 2353 eis

2134 2398 2273 2452 Deus
2307 2400 2486 2452 oculos
2518 2397 2587 2451 ad
2621 2413 2726 2450 non
2756 2396 3061 2462 videndum,
3098 2404 3150 2450 et
3194 2410 3349 2448 aures
3380 2393 3450 2446 ad
3481 2409 3584 2446 non
3613 2407 3714 2443 au-

2135 2480 2418 2553 diendum;
2451 2498 2508 2542 ut
2536 2488 2772 2542 videntes
2807 2503 2911 2542 non
2946 2489 3183 2550 videant,
3215 2494 3262 2540 et
3291 2484 3572 2537 audientes
3613 2496 3723 2533 non

2137 2580 2441 2650 intelligant
2494 2579 2536 2635 ί.
2594 2566 2660 2633 Et
2697 2596 2712 2634 :
2750 2577 3064 2633 Incrassata
3136 2586 3215 2630 est
3275 2574 3489 2629 illorum
3530 2584 3715 2631 utens,

2138 2674 2406 2727 obscurati
2434 2680 2559 2726 sunt
2607 2679 2655 2725 et
2702 2670 2962 2740 infamati
2990 2671 3046 2723 in
3087 2665 3493 2739 cogitationibus
3536 2661 3649 2716 suis
3672 2660 3716 2713 ³.

2139 2766 2519 2838 Disquirentes
2551 2766 2863 2834 disquirunt
2888 2780 2977 2830 ea,
3005 2777 3239 2833 quorum
3269 2772 3450 2829 neque
3483 2753 3721 2826 quaestio

2141 2874 2320 2929 neque
2369 2857 2704 2928 ambiguitas
2755 2858 2895 2927 apud
2945 2854 3295 2911 Christianos
3334 2865 3569 2919 unquam
3600 2846 3717 2900 fuit.

2139 2950 2276 3005 Cum
2317 2948 2457 3005 adeo
2509 2951 2579 3006 sit
2622 2950 2907 3020 perspicua
2956 2957 3013 3003 et
3044 2947 3303 3002 universo
3330 2946 3463 2999 orbe
3506 2939 3720 3012 pervul—

2139 3050 2264 3109 gata
2308 3042 2540 3108 veritas,
2596 3040 2750 3095 stulti
2784 3038 2835 3093 hi
2870 3038 3108 3108 propriis
3147 3036 3322 3092 oculis
3361 3034 3577 3105 ipsique
3603 3029 3718 3085 evi-

2137 3131 2339 3187 dentiae
2365 3126 2693 3201 repugnant,
2723 3130 3334 3196 demonstrationesque
3361 3140 3543 3181 rerum
3585 3122 3741 3192 ipsis.

2137 3224 2560 3293 conspicuarum
2609 3232 2666 3278 et
2717 3223 2787 3277 ob
2836 3222 3029 3278 oculos
3086 3223 3386 3292 positarum
3444 3224 3721 3289 quan-unt.

447 3314 719 3383 μάχονται
750 3316 798 3368 οί
833 3316 1086 3387 ἀνόητοι,
1123 3317 1218 3369 καὶ
1254 3316 1559 3382 ἀποδείξεις
1604 3316 1713 3369 τῶν
1760 3316 2027 3387 βλεπομέ-

2135 3315 2279 3370 ldem
2310 3325 2534 3387 agentes
2561 3331 2624 3371 ac
2651 3316 2696 3371 si
2732 3316 2855 3386 quis
2886 3316 3055 3371 solem
3086 3314 3278 3368 videns
3307 3312 3425 3367 eois
3471 3318 3723 3363 recenter

445 3422 554 3457 νων
583 3405 714 3476 παρ’
741 3407 929 3470 αὐτοῖς
968 3408 1065 3461 καὶ
1098 3409 1191 3460 ὑπ’
1221 3407 1345 3478 ὄψιν
1375 3409 1631 3478 ὴγμένων
1664 3406 1985 3478 ἐπιζητοῦσι
2005 3422 2021 3439 ⁶

445 3496 647 3550 ταυτόν
685 3514 739 3550 τι
786 3497 1096 3564 ποιοῦντες,
1133 3498 1323 3569 ὥσπερ
1373 3501 1422 3553 εί
1459 3498 1551 3553 τὸν
1590 3499 1744 3570 ἥλιον
1775 3499 2027 3566 καθορῶν

445 3605 531 3652 τις
562 3588 686 3659 ἄρτι
736 3589 846 3642 τῶν
902 3590 1057 3662 ἑῴων
1100 3592 1388 3662 τερμάτων
1439 3590 1884 3661 ἀναθρώσκοντα,
1935 3591 2031 3643 καὶ

443 3676 558 3731 τῶν
610 3678 856 3748 ἡλιακῶν
909 3680 1147 3734 ἀκτίνων
1189 3680 1465 3751 πανταχοῦ
1521 3681 1621 3743 τὰς
1672 3681 1833 3751 βολάς
1866 3698 2032 3735 κατα·-

450 3768 779 3842 σπείραντα,
824 3772 1109 3845 διαποροίη
1158 3774 1235 3837 ὡς
1279 3774 1388 3844 ἄρα
1414 3774 1601 3845 ἡμέρα
1649 3776 1954 3828 ὲνισταίτο’
1994 3773 2029 3844 ἢ

445 3862 727 3919 θάλασσάν
775 3881 861 3929 τις
909 3866 1361 3935 ναυτιλλόμενος,
1400 3867 1433 3937 ἢ
1488 3867 1735 3937 ποταμὸν
1770 3864 2033 3938 περαιού-

449 3972 634 4024 μενος,
666 3958 808 4011 κατὰ
831 3958 961 4023 τοὺς
986 3958 1246 4022 διάπλους
1279 3958 1553 4026 ἀπόδειξιν
1584 3959 1896 4029 ἑπιζητοίη,
1935 3959 2030 4012 καὶ

446 4048 876 4121 διαμφισϐητοίη
897 4066 912 4081 ο
958 4053 1006 4104 εί
1038 4052 1149 4122 ἄρα
1184 4051 1335 4105 ἐστὶν
1375 4050 1521 4123 ὕδωρ
1555 4052 1613 4104 ἐν
1657 4051 1905 4124 θαλάσσῃ
1938 4053 2033 4104 καὶ

448 4140 681 4212 ποταμῷ
699 4158 712 4171 ·
744 4141 899 4196 καὶ-ὃ.
923 4143 1035 4196 οὐδ’
1060 4144 1127 4198 ἂν
1157 4145 1207 4197 οἱ
1235 4143 1329 4197 τοῦ
1356 4143 1536 4213 φωτὸς
1567 4142 1761 4197 τούτου
1792 4143 2031 4213 πάμπαν

445 4233 667 4302 ἄπειροι
707 4234 1182 4305 διαμφιὸάλλοιεν,
1221 4235 1342 4289 οὐδὲ
1365 4235 1417 4288 oi.
1440 4235 1583 4305 ἄγαν
1616 4235 1683 4288 ὲκ
1712 4235 2031 4306 κραιπάλης

448 4324 895 4395 καρηϐαροῦντες
916 4328 1012 4381 καὶ
1033 4327 1491 4399 κατενηνεγμένοι
1513 4326 1759 4384 πάθοιενο
1774 4324 2037 4391 πολλάκις

450 4413 632 4468 καὶτὰ
656 4415 868 4472 ἑστῶτα
890 4418 986 4471 καὶ
1009 4418 1277 4488 μηδαμῶς
1304 4417 1601 4489 κινούμενα
1622 4417 1682 4470 ἐν
1715 4417 1901 4487 κύκλῳ
1930 4433 2033 4470 πεο

453 4507 771 4575 ριδινεῖσθαι
802 4511 1040 4580 οἰόμενοι
1059 4528 1073 4542 ·
1104 4506 1252 4567 οὗτοι
1280 4511 1759 4583 ὲκμεμεθυσμένοι
1785 4511 1862 4582 τῷ
1907 4512 2034 4580 οἴνῳ

455 4598 552 4665 τῆς
577 4599 861 4667 ἀπιστίας,
903 4603 997 4657 καὶ
1030 4603 1413 4675 κεκαρωμένοι
1441 4602 1542 4674 τὴν
1567 4602 1747 4675 ψυχὴν
1779 4605 1894 4668 τοῖς
1923 4602 2034 4655 ὑλι-

2140 3409 2339 3464 linibus
2388 3410 2749 3476 exorientem,
2777 3419 2832 3464 et
2860 3408 3126 3467 solarium
3162 3406 3442 3461 radiorum
3471 3414 3723 3472 quaqua-

2138 3516 2329 3556 versus
2369 3500 2551 3571 jactus
2602 3512 2974 3572 spargentem,
3026 3498 3313 3557 dubitaret
3358 3495 3535 3550 adhuc
3588 3508 3722 3548 num

2139 3594 2257 3649 dies
2284 3594 2524 3649 adesset.
2567 3594 2675 3647 Aut
2708 3608 2858 3647 mare
2885 3592 3157 3661 quispiam
3186 3587 3470 3658 navigans,
3504 3583 3588 3639 vel
3620 3582 3725 3637 ﬂu-

2139 3700 2264 3739 men
2318 3695 2579 3750 tranaus,
2642 3684 3009 3740 demonstrari
3074 3682 3183 3737 sibi
3240 3678 3716 3735 transmissionem

2139 3793 2294 3832 suam
2339 3777 2664 3847 postularet,
2714 3776 3110 3845 dubitaretque
3156 3789 3282 3827 num
3317 3786 3459 3841 aqua
3490 3770 3544 3824 in
3582 3767 3743 3823 mari--

2140 3885 2206 3924 ac
2237 3869 2460 3925 ﬂumine
2485 3878 2652 3924 esset.
2689 3868 2902 3923 Etcum
2934 3883 3002 3924 ne
3033 3867 3283 3921 homines
3310 3864 3529 3934 quidem
3561 3874 3722 3929 pror-

2141 3977 2237 4018 sus
2280 3961 2417 4017 lucis
2460 3971 2718 4032 expertes
2758 3962 2825 4015 de
2854 3960 2942 4016 bis
2973 3959 3131 4029 122
3194 3956 3500 4023 ambigam,
3548 3965 3731 4019 neque

2142 4050 2365 4122 crapula
2395 4051 2576 4105 obruti
2603 4060 2660 4106 et
2685 4050 2896 4118 abrepti
2943 4048 3084 4103 banc
3114 4046 3382 4101 insaniam
3420 4041 3729 4113 patiantur,

2143 4142 2235 4211 qui
2268 4150 2447 4196 tamen
2474 4155 2616 4211 saepe
2636 4154 2722 4196 res
2746 4148 2956 4195 stantes
2982 4146 3038 4193 et
3067 4133 3394 4197 immobiles,
3422 4130 3721 4199 circumagi

2142 4241 2365 4306 putant,
2419 4231 2474 4287 bi
2524 4235 2653 4286 vino
2706 4228 3106 4285 incredulitatis
3156 4225 3317 4290 ebrii,
3370 4224 3722 4290 animamque

2145 4325 2377 4397 gr'avati,
2409 4323 2790 4379 materialihns
2829 4320 2996 4376 veluti
3037 4318 3274 4375 devincti
3325 4314 3724 4385 cupiditatibus

2145 4415 2532 4484 numdanoque
2561 4423 2619 4469 et
2647 4411 2827 4467 fallaci
2876 4409 3125 4480 gloriola:
3167 4407 3294 4462 fuco
3327 4416 3382 4462 et
3411 4405 3722 4461 carnalibus

2144 4505 2516 4576 voluptatibus
2562 4504 2844 4575 captivati,
2878 4502 3114 4574 pessima
3144 4514 3375 4572 quaeque
3405 4507 3461 4554 et
3495 4497 3722 4554 calami-

2147 4608 2263 4653 tosa
2295 4599 2676 4668 experiuntur.

453 4694 568 4753 κοῖς
595 4685 684 4744 οἷα
704 4694 1112 4765 κατασυρέντες
1142 4694 1366 4762 πάθεσι,
1389 4694 1484 4750 καὶ
1508 4697 1630 4761 ταῖς
1691 4694 2072 4767 περικοσμίοις
2146 4693 2241 4747 καὶ
2287 4689 2596 4761 ἁπατηλαίς
2637 4688 2817 4756 δόξαις
2868 4685 2963 4741 καὶ
3015 4685 3310 4757 σαρκικαῖς
3367 4678 3722 4754 ἡδυπαθείαις

447 4784 1007 4856 αίχμαλωτιζὸμενοι,
1029 4786 1096 4841 τὰ
1120 4788 1341 4841 πάντων
1362 4786 1697 4841 πεπόνθασιν
1720 4785 2031 4858 ἀθλιώτερα
2068 4788 2164 4842 καὶ
2193 4785 2577 4857 χαλεπώτερα.

525 4875 633 4946 με’.
673 4877 798 4929 Ἔτι
839 4878 1038 4947 μικρὸν
1068 4881 1182 4943 τοῖς
1231 4880 1548 4949 είρημένοις
1594 4879 1928 4951 προσθέντες
1958 4881 2027 4942 είς

2215 4879 2307 4934 47.
2343 4877 2401 4933 Si
2433 4892 2610 4947 pauca
2650 4876 2829 4930 adhuc
2858 4877 2926 4929 ad
2957 4872 3118 4940 hujus
3154 4869 3427 4927 sermonis
3459 4867 3724 4938 disquisi-

446 4966 551 5037 τὴν
582 4966 677 5019 τοῦ
709 4968 872 5037 λόγου
909 4968 1179 5035 ἐξέτασιν,
1213 4971 1477 5041 γνοίημεν
1506 4970 1563 5024 εί
1600 4988 1666 5040 γε
1712 4971 1824 5043 ἄρα
1868 4988 2039 5042 προσ-

454 5058 705 5135 ηκόντως
737 5059 921 5125 αὐτοῖς
952 5061 1014 5114 τὺ
1044 5062 1140 5114 τοῦ
1168 5060 1604 5133 Χριστιανισμοῦ
1637 5062 2039 5132 ἐπιφημίζεται

448 5150 648 5221 ὄνομαο
684 5153 843 5222 ἴσμεν
872 5153 980 5223 γάρ
1008 5152 1249 5219 ἅπαντες
1278 5155 1361 5208 ὅτι
1387 5153 1578 5225 ὥσπερ
1606 5154 1640 5225 ἡ
1663 5153 1759 5207 τοῦ
1794 5154 2036 5224 Χριστοῦ

452 5241 617 5294 εἰκὼν
656 5244 724 5295 ἐκ
764 5246 1111 5315 παραγωγῆς
1132 5285 1148 5310 ,
1194 5246 1289 5299 τοῦ
1320 5246 1558 5317 Χριστοῦ
1588 5246 1651 5300 τό
1682 5263 1741 5300 τε
1767 5240 1911 5309 εἶδος
1944 5248 2036 5300 κέ-

455 5348 686 5401 κτηται,
748 5335 842 5387 καὶ
888 5335 989 5405 τὴν
1031 5337 1409 5409 προσηγορίαν
1459 5337 1632 5408 αὐτὴν
1684 5337 2034 5408 ἐπιφέρεται,

454 5423 595 5477 οὕτω
650 5425 715 5498 δὴ
783 5428 876 5480 καὶ
921 5429 951 5481 ὁ
1003 5430 1369 5500 Χριστιανὸς.
1420 5430 1497 5494 ὼς
1552 5432 1618 5484 ἐκ
1674 5428 2035 5500 πρωτοτύπου

456 5514 719 5587 ὀνόματος
756 5516 851 5571 τοῦ
894 5520 1153 5591 Χριστοῦ,
1183 5524 1281 5591 τήν
1318 5539 1379 5575 τε
1411 5523 1605 5593 κλῆσιν
1634 5520 1796 5591 ἔλαχε
1829 5521 1926 5576 καὶ
1945 5521 2038 5576 τὸν

529 5694 687 5753 ⁸1ειι.
711 5713 789 5761 vt,
820 5696 874 5763 9,
911 5694 994 5751 l0.
1069 5695 1088 5726 ¹
1124 5692 1279 5749 Rom.
1301 5709 1339 5760 ι,
1370 5689 1459 5746 2|.

2140 4971 2346 5026 tionem
2377 4972 2665 5034 addemus.
2699 4967 2837 5022 satis
2881 4966 3070 5036 utique
3103 4976 3500 5033 cognoscemus
3533 4975 3601 5014 an
3638 4958 3725 5015 his

2139 5062 2531 5118 convenienter
2558 5058 2996 5115 Christianorum
3029 5056 3321 5126 appellatio
3360 5052 3715 5108 attribuatur.

2140 5153 2353 5223 Quippe
2379 5165 2573 5208 omnes
2632 5150 2862 5211 scimus,
2899 5149 3046 5217 quod
3094 5146 3256 5201 sicuti
3300 5142 3509 5198 Christi
3546 5141 3727 5210 imago

2139 5258 2239 5312 per
2268 5242 2691 5305 derivationem,
2722 5252 2839 5294 tum
2866 5238 3072 5295 Christi
3108 5236 3348 5307 speciem
3396 5242 3565 5297 tenet,
3609 5243 3725 5286 tum

2146 5344 2201 5390 et
2227 5334 2398 5404 ipsam
2421 5314 2840 5405 appellationem
2865 5331 3035 5400 gerit,
3059 5330 3139 5385 sic
3162 5329 3327 5383 etiam
3353 5324 3725 5387 Christianus,

2149 5435 2407 5489 tanquam
2448 5440 2514 5481 ex
2550 5434 2837 5495 prototypo
2871 5421 3074 5478 Christi
3122 5420 3363 5485 nomine,
3396 5426 3450 5472 et
3478 5414 3722 5485 appella-

2150 5520 2352 5575 tionem
2383 5520 2612 5574 sortitur
2645 5526 2700 5571 et
2728 5530 2928 5582 mores,
2970 5513 3062 5585 qui
3090 5528 3213 5569 eum
3248 5510 3591 5581 distinguere
3625 5520 3739 5562 seu

3326 5764 3371 5775 ι..

527 5853 641 5925 (6|)
682 5855 753 5910 De
802 5853 945 5911 solea
986 5826 1195 5911 'vetcris
1245 5852 1498 5910 Ecclesia:
1544 5862 1720 5909 exstat
1755 5852 2021 5909 eruditum
2062 5850 2258 5907 Leonis
2298 5848 2477 5905 Allatii
2516 5845 2857 5919 opusculum.
