4050 6446
384 367 492 432 467

1416 375 1478 436 s.
1517 357 1935 437 NICEPHOBI
1973 377 2479 438 PATRIARCH/E
2510 379 2619 439 ep.

3537 349 3652 449 tos

386 483 636 550 detiitire,
663 499 762 556 per
793 485 1154 546 imitationem
1186 488 1421 560 vitaeque
1455 505 1648 561 genus,
1690 501 1957 562 quatenus

2061 492 2286 562 τρόπον,
2323 493 2448 547 καθ’
2479 493 2538 548 ὃν
2579 491 2645 567 δὴ
2688 495 3120 566 χαρακτηρίζειν
3157 495 3318 550 αὑτὸν
3355 497 3444 552 διὰ
3471 501 3649 569 μιμή-

385 576 502 630 ﬁeri
531 587 730 646 potest,
765 580 982 636 debent.
1015 581 1094 636 Ex
1122 597 1232 637 uno
1264 583 1447 652 itaque
1477 598 1573 638 ceu
1603 584 1875 653 principio
1899 600 1964 640 ac

386 667 589 732 radice,
621 668 838 726 Christo
865 671 1094 740 scilicet,
1120 678 1494 743 procedentes,
1521 674 1962 731 communionem

384 758 821 832 relationemque
871 775 1112 819 mutuam
1145 776 1473 821 conservant
1506 784 1519 819 :
1559 773 1614 822 et
1645 781 1962 837 quanquam

384 853 690 908 substantia
725 858 990 925 modoque
1016 858 1315 913 exsistendi
1355 857 1571 913 dill'erre
1601 859 1743 914 inter
1770 874 1829 913 se
1862 874 1961 913 no-

385 953 646 1008 scuntur,
678 945 1032 1002 nihilominus
1085 949 1277 1004 eodem
1328 950 1551 1005 nomine
1605 959 1852 1015 utuntur,
1907 960 1962 1005 et

374 1035 695 1100 communis
735 1036 787 1090 in
820 1048 1050 1107 utraque
1092 1054 1150 1093 re
1181 1041 1513 1108 prmdicatur
1559 1040 1764 1096 Christi
1795 1043 1961 1097 deno-

383 1123 632 1179 minatio.
685 1124 741 1180 Si
788 1141 919 1198 ergo
964 1129 1087 1184 talis
1122 1133 1454 1199 communio,
1507 1133 1757 1202 idemque
1788 1149 1962 1190 nexus

383 1214 452 1265 ab
477 1213 559 1268 his
585 1217 851 1270 retinetur
870 1234 998 1288 erga
1029 1221 1449 1291 homogeneum,
1483 1233 1648 1293 atque
1677 1224 1744 1278 ad
1772 1224 1962 1279 homo-

381 1320 602 1376 nymmn
638 1323 735 1376 par
766 1309 942 1364 honor
978 1312 1269 1378 redundat,
1323 1329 1457 1369 sane
1503 1313 1588 1368 his
1628 1315 1962 1370 attribuatur

382 1393 679 1454 Christiani
707 1417 923 1456 nomen.
954 1403 1047 1458 Sin
1073 1403 1157 1458 his
1181 1419 1407 1474 prorsus
1426 1408 1700 1461 contraria
1731 1405 1956 1470 faciunt,

383 1499 550 1559 atque
581 1495 727 1547 omni
762 1496 1028 1553 dedecore
1055 1507 1109 1552 et
1139 1498 1437 1569 ignominia
1467 1499 1709 1555 obruunt
1738 1497 1959 1554 Christo

381 1594 537 1649 atque
567 1597 631 1638 ac
669 1585 772 1640 sibi
812 1602 1098 1643 commune
1135 1604 1331 1645 nomen
1365 1589 1418 1644 et
1449 1599 1690 1645 mutuam
1739 1589 1963 1644 relatio-

382 1687 530 1816 neLn,
560 1691 660 1731 cur
695 1678 746 1733 hi
776 1677 1212 1737 Christianorum
1257 1682 1679 1754 appellationem
1726 1681 1960 1752 partici-

382 1776 448 1816 lla
494 1765 628 1816 unt?

381 1765 628 1830 pabunt?

452 2030 541 2085 48.
577 2029 731 2098 Quod
766 2041 948 2090 autem
987 2034 1149 2102 hujus
1178 2036 1256 2094 rei
1288 2051 1454 2092 causa
1505 2035 1786 2108 archetypi
1825 2052 1960 2108 quo-

381 2138 489 2192 que
539 2124 837 2181 destructio
869 2128 936 2181 ab
965 2128 1097 2197 ipsis
1140 2131 1256 2195 ﬁat,
1308 2129 1582 2184 ratiocinii
1630 2130 1854 2198 sequela
1907 2137 1963 2185 et

380 2230 564 2270 rerum
599 2233 721 2287 qua:
760 2231 1058 2275 cernuntur
1101 2222 1334 2277 intentio
1389 2221 1600 2277 faciunt
1631 2221 1959 2292 intelligere.

382 2307 652 2364 Distrahit
689 2311 834 2365 enim
867 2312 1080 2366 illorum
1110 2312 1580 2383 conjunctionem,
1619 2311 1963 2381 nominisque

382 2403 847 2469 communionem,
881 2405 1202 2476 homogenei
1236 2413 1290 2461 et
1319 2405 1638 2476 homonymi
1671 2402 1961 2473 abnegatio
2010 2405 2012 2408 ’

379 2500 436 2547 et
476 2492 731 2562 abjectio.
770 2494 960 2550 Simile
997 2497 1124 2566 quid
1152 2489 1461 2567 patiuntur,
1490 2511 1553 2552 ac
1583 2496 1626 2552 si
1654 2496 1720 2561 de
1749 2495 1960 2551 duobus

380 2585 566 2652 pueris
603 2584 1021 2654 disquireretur,
1066 2596 1249 2641 utrum
1274 2603 1338 2643 ex
1372 2588 1560 2643 eodem
1598 2595 1782 2642 essent
1809 2597 1962 2656 patre

381 2675 683 2745 progeniti;
717 2693 947 2747 quorum
984 2678 1074 2734 ille
1104 2679 1194 2750 qui
1233 2680 1526 2734 incolumia
1571 2680 1833 2734 retineret
1861 2693 1958 2749 pa-

383 2777 538 2822 terna
619 2767 985 2835 lineamenta,
1041 2779 1098 2826 et
1157 2771 1504 2826 indelebilem
1554 2777 1768 2841 gereret
1837 2783 1958 2823 cum

382 2863 636 2931 gignente
688 2862 1135 2932 similitudinem,
1182 2865 1379 2918 merito
1435 2877 1566 2917 sane
1617 2870 1962 2932 reputaretur

382 2953 835 3016 germanissimus
865 2972 879 3008 :
909 2957 1050 3009 alter
1094 2969 1226 3011 vero
1267 2955 1403 3010 nihil
1448 2955 1642 3009 horum
1693 2954 1958 3019 retinens,

355 3044 736 3113 probabiliter
766 3047 966 3102 nothus
994 3045 1335 3115 judicaretur
1365 3057 1421 3101 et
1449 3055 1767 3102 cxtraneus.
1793 3042 1956 3098 Nothi

381 3150 511 3200 ergo
531 3144 586 3190 et
609 3135 663 3189 hi
690 3137 983 3191 Christiani
1001 3137 1126 3205 jure
1141 3134 1460 3202 credentur,
1479 3147 1534 3191 et
1555 3135 1754 3190 Christi
1784 3134 1960 3190 haere-

380 3229 552 3284 ditate
584 3240 752 3300 atque
779 3217 905 3286 ovili
941 3230 1178 3300 expulsi.
1227 3231 1456 3286 Frustra
1483 3229 1628 3285 enim
1659 3228 1764 3283 sibi
1795 3242 1954 3283 arro-
1984 3217 1999 3295 '_

348 3339 354 3345 ·
382 3331 511 3391 gant
541 3322 687 3377 nullo
713 3324 873 3377 modo
903 3323 969 3378 ad
999 3324 1147 3393 ipsos
1174 3323 1454 3394 pertinens
1485 3337 1681 3378 nomen
1714 3321 1738 3376 :'
1760 3322 1858 3377 sed
1886 3321 1953 3376 ad

352 3415 703 3469 eaconomia:
755 3413 959 3470 Christi
1009 3415 1465 3482 destructionem,
1522 3413 1609 3469 vel
1664 3416 1844 3484 potius
1892 3415 1960 3468 ad

349 3518 606 3564 'snarum
655 3511 961 3570 animarum
1016 3511 1276 3578 exitium,
1319 3511 1626 3581 speciosum
1661 3511 1960 3566 incircum-

349 3601 573 3672 ‘scripti
608 3602 878 3672 objiciunt-
912 3601 1262 3659 vocabulum.

461 3877 547 3935 49.
584 3877 721 3945 Quid
753 3891 881 3946 ergo
911 3877 1090 3934 dicent
1132 3878 1200 3933 de
1235 3876 1359 3932 aliis
1395 3876 1572 3933 sacris
1620 3874 1961 3946 ﬁgurationi-

378 3969 504 4036 bus,
536 3985 730 4040 nempe
765 3979 822 4026 et
846 3969 1018 4040 ipsius
1050 3969 1412 4026 sanctissimae
1449 3968 1690 4038 Virginis
1717 3967 1812 4024 Dei
1840 3967 1959 4022 Ma-

381 4063 504 4129 tris,
537 4071 589 4116 et
627 4072 949 4118 cmterorum
998 4071 1337 4128 sanctorum,
1371 4061 1462 4130 qui
1498 4060 1645 4115 omni
1691 4075 1806 4115 aevo
1845 4061 1960 4115 Deo

378 4152 742 4224 placuerunt?
768 4151 908 4207 Num
953 4153 1116 4207 etiam
1165 4152 1255 4208 hic
1285 4150 1781 4221 incircumscriptio
1812 4154 1958 4222 ipso-

378 4259 500 4301 rum
552 4243 834 4300 obstabit?
889 4243 972 4299 vel
1015 4259 1079 4298 ex
1114 4244 1319 4300 deitate
1349 4253 1405 4298 et
1436 4243 1776 4299 humanitate
1826 4259 1961 4298 con-

380 4345 588 4393 stantes
650 4336 796 4407 ipsos
865 4336 1166 4392 delinient?
1223 4335 1342 4390 Non
1397 4335 1526 4390 licet
1568 4336 1659 4390 hic
1713 4335 1958 4405 profecto

380 4431 561 4485 dicere
621 4428 878 4485 deitatem
948 4444 1054 4483 una
1123 4427 1537 4494 circumscribi,
1594 4427 1676 4482 vel
1735 4443 1993 4483 carnem.

2067 601 2206 648 σεως
2250 586 2344 639 καὶ
2381 585 2660 653 πολιτείας
2701 586 2778 649 ὡς
2814 582 2926 640 οἷόν
2974 588 3035 640 τέ
3083 589 3232 642 ἐστιν
3270 588 3644 644 ὲνδείκιυταν

2062 675 2139 738 ὼς
2182 678 2247 730 ὲκ
2292 678 2421 746 μιᾶς
2475 673 2569 732 οὖν
2613 677 2789 747 ἀρχῆς
2835 679 3126 750 ἀμφότερα
3168 679 3500 750 ὁρμώμενα,
3550 682 3648 734 καὶ

2061 761 2176 820 οἷον
2225 766 2384 838 ῥίζης
2436 769 2533 837 τῆς
2583 769 2753 839 αὑτῆς
2811 767 3070 838 προϊόντα
3103 769 3198 822 τοῦ
3232 771 3494 838 Χριστοῦ,
3529 789 3648 823 κοιο

2063 855 2259 909 νωνίαν
2292 873 2351 908 τε
2382 857 2475 908 καὶ
2503 856 2688 926 σχέσιν
2716 856 2814 927 τὴν
2846 859 2985 927 πρὸς
3033 857 3241 927 ἄλληλα
3273 859 3606 923 διασώζουσι
3628 877 3642 892 ο

2063 947 2169 1000 κᾶν
2193 949 2259 1017 τῇ
2297 946 2454 1018 οὐσίᾳ
2483 949 2581 1000 καὶ
2612 948 2691 1016 τῷ
2733 950 2921 1019 τρόπῳ
2943 950 3056 1020 ’τῆς
3086 948 3373 1019 ὑπάρξεως
3392 989 3407 1013 ,
3441 949 3502 1002 τὸ
3530 950 3648 1002 διά-

2063 1053 2229 1106 φορον
2259 1039 2316 1091 ὲν
2346 1038 2530 1102 αὐτοῖς
2568 1039 2924 1110 ἐμφαίνηται,
2951 1041 3102 1110 ὅμως
3146 1039 3190 1091 δ’
3218 1036 3312 1092 οὖν
3341 1039 3435 1092 τοῦ
3475 1041 3644 1094 αὑτοῦ

2066 1129 2326 1199 μετέσχον
2354 1130 2644 1201 ὀνόματος,
2670 1135 2766 1185 καὶ
2792 1131 3100 1202 ὁμωνύμως
3139 1133 3225 1184 ἐπ’
3253 1134 3459 1203 ἀμφοῖν
3485 1134 3518 1201 ή
3550 1133 3642 1186 τοῦ

2063 1221 2304 1291 Χριστοῦ
2360 1224 2750 1293 κατηγορεῖται
2813 1223 3191 1294 προσηγορία·
3258 1224 3306 1275 εἰ
3359 1224 3543 1276 τοίνυν
3610 1227 3643 1294 ἡ

2061 1311 2283 1383 τοιαύτη
2320 1313 2574 1366 κοινωνία
2605 1314 2698 1366 καὶ
2730 1316 2758 1368 ὁ
2799 1313 2964 1377 αὑτὸς
3009 1313 3200 1384 είρμὸς
3233 1315 3386 1384 παρὰ
3431 1314 3645 1378 τούτοις

2064 1401 2411 1470 πεφύλακται
2461 1404 2600 1476 πρὸς
2652 1404 2712 1456 τὸ
2760 1404 3104 1475 ὁμόστοιχον,
3173 1405 3268 1456 καὶ
3327 1404 3532 1474 ἡπρὸς
3584 1404 3646 1456 τὸ

2064 1492 2353 1564 ὁμώνυμον
2400 1495 2535 1565 τιμὴ
2591 1495 2984 1565 ὲκνενέμηται,
3049 1493 3512 1564 κατακληρούσθω
3549 1494 3644 1546 καὶ

2067 1584 2155 1636 ἐπ’
2185 1583 2371 1648 αὐτοῖς
2417 1584 2481 1638 τὸ
2509 1584 2837 1656 Χριστιανοῦ
2891 1585 3094 1655 ὁνομα·
3131 1587 3179 1638 εί
3222 1584 3279 1637 δὲ
3313 1584 3645 1647 ἀπεναντίας

2063 1675 2270 1730 τούτων
2299 1676 2477 1731 πάντα
2524 1677 2859 1749 πράττουσι,
2908 1679 3003 1730 καὶ
3048 1676 3230 1748 πάσης
3280 1677 3505 1747 ἀτιμίας
3552 1677 3646 1729 καὶ

2064 1766 2281 1830 ἀδοξίας
2333 1766 2714 1838 ἀποπληροῦσι
2765 1767 2835 1820 τά
2881 1784 2939 1820 τε
2997 1767 3238 1836 Χριστοῦ
3282 1768 3377 1819 καὶ
3430 1767 3645 1828 ἑαυτοῖς

1991 1849 2333 1928 Βὸμὼνυμά
2374 1873 2432 1912 τε
2486 1859 2580 1912 καὶ
2620 1859 2678 1910 ὲν
2731 1858 2912 1928 σχέσει
2959 1861 3026 1929 τῇ
3061 1859 3196 1929 αὐτῇ
3255 1856 3642 1926 θεωρούμενα,

2064 1947 2186 2012 πῶς
2217 1949 2281 2002 ἂν
2307 1949 2462 2003 αὑτοὶ
2491 1948 2594 2019 τῆς
2624 1949 2972 2020 Χριστιανῶν
3006 1948 3292 2020 μεθέξουσι
3323 1949 3605 2018 κλήσεω;;

2137 2046 2250 2110 μηθ.
2291 2039 2414 2092 Ὅτι
2458 2039 2514 2093 δὲ
2539 2040 2628 2092 διὰ
2667 2040 2826 2093 τοῦτο
2863 2039 2957 2094 καὶ
3005 2042 3037 2110 ἡ
3069 2039 3204 2110 πρὸς
3231 2039 3292 2092 τὸ
3335 2039 3646 2108 ἀρχέτυπον

2063 2131 2249 2194 αὑτοῖς
2306 2130 2565 2202 ἀθέτησις
2614 2130 2857 2199 γίνεται,
2920 2131 2981 2183 τὸ
3014 2129 3108 2182 τοῦ
3142 2130 3302 2198 λόγου
3349 2129 3646 2182 ἀκόλουθον

2063 2223 2216 2276 καὶὸ
2253 2222 2363 2276 τῶν
2401 2223 2746 2293 φαινομένων
2793 2221 2994 2285 σκοπὸς
3048 2222 3251 2275 ἐννοεῖν
3304 2220 3525 2273 δίδωσι·
3561 2221 3649 2272 δι-

2070 2315 2251 2386 ίστησι
2269 2315 2380 2385 γὰρ
2409 2314 2589 2368 αὐτῶν
2613 2314 2711 2384 τὴν
2737 2312 3053 2385 οἰκειότητα
3086 2313 3185 2384 τὴν
3215 2312 3351 2383 πρὸς
3381 2311 3514 2365 αὐτὸ
3549 2311 3648 2364 καὶ

2062 2406 2162 2478 τὴν
2208 2408 2308 2476 τῆς
2361 2405 2608 2476 κλήσεως
2657 2405 2964 2469 κοινωνίαν,
2998 2407 3030 2475 ή
3064 2403 3156 2459 τοῦ
3207 2402 3494 2473 συστοίχου
3549 2405 3648 2456 καὶ

2061 2495 2357 2566 ὁμωνύμου
2407 2496 2741 2568 παραίτησις
2783 2499 2878 2550 καὶ
2927 2497 3308 2562 ὲξουδένωσις·
3346 2495 3644 2566 παραπλή-

2065 2605 2180 2640 σιον
2219 2588 2327 2658 γάρ
2365 2605 2419 2640 τι
2448 2587 2801 2654 πεπόνθασιν,
2833 2588 2908 2651 ὡς
2933 2590 2980 2642 εί
3016 2588 3110 2641 καὶ
3141 2586 3233 2640 δύο
3279 2587 3426 2650 τινὲς
3456 2585 3646 2648 παῖδες

2063 2677 2424 2743 ἐξετάζοιντο,
2456 2679 2504 2730 εί
2553 2678 2674 2741 ἑνὸς
2704 2679 2797 2730 καὶ
2830 2677 2924 2730 τοῦ
2980 2677 3145 2731 αὑτοῦ
3191 2678 3642 2748 προστετυχήκα-

2063 2784 2170 2822 σιν’
2197 2762 2271 2823 ὧν
2296 2771 2324 2822 6
2343 2770 2440 2839 μὲν
2458 2769 2641 2840 ἕτερος
2671 2771 2874 2833 ἀσινεῖς
2895 2771 3021 2835 τοὺς
3052 2768 3338 2841 πατρῴους
3360 2765 3644 2830 διασώζων

2060 2863 2452 2932 χαρακτῆρας,
2503 2863 2596 2913 καὶ
2643 2861 3112 2932 ἀπαραχάρακτον
3165 2861 3347 2931 φέρων
3385 2858 3479 2910 τοῦ
3535 2857 3642 2927 φύο

2065 2969 2257 3015 σαντος
2282 2953 2382 3021 τὴν
2412 2952 2735 3022 ἐμφέρειαν,
2781 2953 3007 3015 εἰκότως
3039 2953 3104 3007 ἂν
3132 2951 3416 3022 νομισθείη
3447 2953 3474 3004 ὁ
3510 2967 3643 3020 γνη-

2065 3043 2355 3107 σιώτατος·
2398 3046 2426 3097 6
2447 3044 2491 3097 δ’
2523 3039 2586 3098 αὑ
2621 3044 2809 3115 ἕτερος
2847 3044 3013 3116 μηδὲν
3041 3044 3249 3098 τούτων
3278 3043 3640 3110 ἐπαγόμενος.

2063 3134 2304 3202 εὐλόγως
2351 3135 2418 3188 ἂν
2449 3133 2604 3197 νόθος
2653 3134 2871 3204 κριθείη
2919 3134 3014 3188 καὶ
3061 3133 3324 3201 ἔκφυλοςο
3376 3131 3520 3184 νόθοι
3545 3127 3640 3184 οὖν

2063 3226 2157 3280 καὶ
2186 3225 2342 3279 αὐτοὶ
2371 3222 2690 3296 Χριστιάνοὶ
2717 3226 2927 3297 ὲνμδίκῃ
2954 3225 3399 3295 νομισθήσονται,
3426 3222 3641 3292 καὶτῆς

2060 3315 2300 3388 Χριστοῦ
2368 3317 2736 3388 κληρονομίας
2805 3319 2902 3369 καὶ
2964 3315 3202 3386 ποίμνης
3267 3315 3638 3384 ἐκκήρυκτοι·

2065 3413 2243 3481 μάτην
2286 3411 2396 3481 γάρ
2451 3409 2902 3481 μεταποιοῦνται,
2949 3409 3102 3463 οὐδὲν
3148 3409 3331 3466 αὑτοῖς
3361 3405 3640 3479 προσῆκον

2060 3502 2186 3573 ἤδη,
2229 3501 2322 3554 τοῦ
2362 3501 2656 3572 ὀνόματος·
2704 3502 2820 3555 ἀλλ’
2856 3504 2937 3565 είς
2969 3500 3070 3571 μὲν
3115 3499 3376 3570 ἀθέτησιν
3403 3497 3502 3568 τῆς
3543 3496 3639 3550 τοῦ

2060 3591 2299 3662 Χριστοῦ
2333 3594 2678 3664 οἰκονομίας,
2712 3592 2914 3661 μᾶλλον
2943 3592 3000 3645 δὲ
3029 3593 3112 3654 εἰς
3140 3589 3364 3662 ὄλεθρον
3401 3590 3508 3642 τῶν
3538 3587 3640 3657 ψυ-

2063 3686 2174 3757 χῶν
2210 3685 2412 3750 αὑτῶν,
2467 3686 2672 3758 σκῆψις
2699 3689 2733 3758 ή
2763 3686 2859 3740 τοῦ
2903 3684 3325 3757 ἀπεριγράπτου
3354 3685 3640 3754 πρόκειται

2063 3777 2238 3846 φωνή.

2137 3867 2244 3940 μθ⁹.
2276 3871 2341 3923 Τί
2373 3868 2466 3924 οῦν
2511 3867 2924 3937 ἀποφανοῦνται
2968 3866 3098 3937 περ)⁸
3131 3863 3240 3918 τῶν
3269 3863 3447 3918 ἄλλων
3478 3861 3639 3932 ἱερῶν

2061 3962 2498 4033 ὲκτυπωμάτων,
2548 3962 2720 4031 αὑτῆς
2767 3977 2826 4013 τε
2875 3962 2975 4030 τῆς
3024 3958 3307 4025 πανάγνου
3356 3953 3638 4026 Παρθένου

2061 4056 2158 4109 καὶ
2197 4053 2565 4124 Θεομήτορος,
2615 4052 2710 4104 καὶ
2762 4049 2870 4102 τῶν
2909 4049 3087 4104 ἀλλων
3144 4045 3320 4116 ἁγίων
3381 4045 3492 4098 τῶν
3540 4041 3638 4094 ἀπ’

2061 4145 2260 4208 αἰῶνος
2285 4143 2362 4215 τῷ
2396 4143 2515 4213 Θεῷ
2547 4139 3082 4213 εὐαρεστησάντων;
3121 4139 3255 4209 μήτι
3303 4151 3368 4205 γε
3400 4135 3509 4205 ἄρα
3542 4133 3638 4185 καὶ

2060 4238 2290 4291 ἐνταῦθα
2323 4239 2385 4292 τὸ
2411 4238 2825 4310 ἀπερίγραπτον
2857 4234 3038 4289 αὑτῶν
3071 4233 3473 4304 προστήσεται;
3510 4228 3544 4298 ἦ
3576 4227 3640 4279 ὲκ

2062 4329 2317 4399 θεότητος
2347 4330 2442 4382 καὶ
2475 4328 2900 4399 ἀνθρωπότητος
2941 4323 3285 4385 ὑποστάντας
3326 4321 3527 4382 αὑτοὺς
3557 4333 3642 4368 νο-

2064 4423 2458 4494 μοθετήσουσιν
2485 4439 2498 4488 ;
2540 4422 2638 4474 οὑκ
2667 4420 2816 4473 ἔστιν
2841 4413 2943 4473 ὧδε
2974 4419 3149 4471 εἰπεῖν
3181 4412 3641 4485 συμπεριγράφε·
3709 4462 3712 4464 ν

379 4521 632 4586 distrahi,
665 4531 720 4576 et
751 4521 967 4574 unicam
997 4519 1166 4575 dividi
1195 4534 1522 4590 personam;
1557 4529 1612 4575 et
1643 4521 1954 4590 conjuncta,

2065 4516 2187 4571 σθαι
2209 4516 2306 4586 τὴν
2337 4517 2589 4587 θεότητα,
2642 4513 2674 4584 ἢ
2705 4513 2805 4584 τὴν
2835 4513 3014 4583 σάρκα
3057 4507 3386 4571 διίστασθαι,
3419 4506 3515 4558 καὶ
3543 4503 3640 4574 τὴν

379 4612 649 4686 pingendo
675 4611 1284 4668 autcireumscribendo
1305 4611 1553 4667 dissolvi.
1586 4612 1664 4668 Ad
1692 4613 1827 4667 alias
1859 4612 1958 4682 igi-

380 4717 471 4762 tur
541 4705 954 4762 adinventiones
1015 4713 1070 4759 et
1136 4704 1473 4774 prodigiosas
1559 4691 1958 4760 ludiﬁcationes

380 4797 815 4853 commiscendas
837 4796 1096 4866 loquaces
1118 4795 1171 4849 hi
1199 4804 1516 4864 peccatores
1545 4804 1954 4850 convertentur.

381 4886 529 4942 Nihil
564 4886 708 4942 enim
739 4886 826 4942 his
867 4883 1041 4955 magis
1082 4894 1298 4954 gratum
1341 4893 1426 4938 est
1451 4893 1506 4938 et
1536 4885 1591 4937 iu
1626 4897 1779 4938 more
1813 4885 1960 4953 posi-

383 4987 521 5042 tum‘,
558 4993 718 5049 quam
748 4984 808 5030 ut
837 4977 903 5031 ad
938 4975 1205 5032 absurdos
1234 4974 1503 5044 cogitatus
1533 4975 1838 5045 impiosque
1861 4975 1955 5029 de-

380 5072 586 5128 clinent
607 5088 622 5139 ;
641 5078 697 5126 et
719 5068 981 5140 quidquid
1007 5066 1363 5136 improbabile
1384 5077 1468 5122 est
1486 5081 1549 5121 ac
1571 5067 1678 5122 Deo
1702 5066 1949 5121 invisum.

383 5180 475 5222 sec
483 5174 682 5222 tentur.

455 5347 544 5402 50.
582 5345 841 5415 Quaanam
875 5355 1055 5401 autem
1078 5355 1162 5400 est
1192 5346 1418 5400 istorum
1447 5343 1626 5398 hacin
1657 5359 1715 5398 re
1741 5341 1963 5411 opinio?

384 5438 521 5505 Quia
556 5439 862 5494 nullatenus
909 5440 1052 5508 quod
1083 5437 1215 5492 utile
1261 5445 1345 5492 est
1379 5451 1712 5507 cognoscere
1753 5435 1958 5501 valent,

387 5543 563 5598 neque
583 5529 746 5584 ullam
779 5531 1049 5585 rationem
1073 5529 1406 5595 excogitare,
1431 5541 1552 5596 quae
1569 5541 1678 5580 sum
1701 5523 1965 5594 improbi-

390 5619 482 5673 tati
516 5633 578 5674 ac
619 5619 886 5674 maleﬁcio
936 5619 1330 5688 patrocinetur,
1373 5619 1439 5672 ad
1468 5616 1752 5671 arbitrium
1806 5630 1962 5670 suum

362 5718 554 5779 atque
593 5711 660 5766 ad
706 5710 939 5780 propriae
991 5711 1227 5767 vesania
1277 5712 1552 5782 ingenium
1603 5708 1960 5777 confugiunt,

387 5801 680 5872 dicuntque
707 5821 719 5856 :
749 5821 767 5852 ι
807 5801 1072 5867 Quoniam
1095 5804 1297 5861 Christi
1331 5803 1507 5862 cultus
1539 5803 1853 5861 exsumatus
1883 5813 1964 5860 est

2065 4611 2195 4682 μίαν
2219 4609 2514 4681 διῃρῆσθαι
2543 4608 2868 4669 ὑπόστασιν,
2904 4606 2999 4658 καὶ
3026 4604 3094 4656 τὰ
3125 4601 3386 4672 ἡνωμένα
3435 4601 3500 4652 ὲκ
3544 4599 3642 4666 τῆς

2061 4701 2280 4772 γραφῆς
2303 4700 2336 4770 ἢ
2366 4699 2720 4770 περιγραφῆς
2737 4697 3073 4752 διαλύεσθαι.
3115 4694 3233 4763 Ἐφ’
3264 4693 3458 4764 ἑτέρας
3483 4691 3639 4759 εὑρε-

2064 4791 2306 4859 σιλογίας
2333 4791 2429 4845 καὶ
2469 4791 2794 4853 ἀλλοκότους
2847 4786 3161 4860 ὲρεσχελίας
3191 4787 3241 4837 oi
3272 4782 3642 4853 ἀμαρτοεπεῖν

2063 4884 2282 4946 εἰδότες,
2313 4883 2796 4954 ἐκπεπορισμένας
2825 4882 3014 4942 αὐτοῖς
3043 4876 3406 4945 τετράψονται
3427 4891 3440 4904 ’
3490 4873 3640 4926 οὐδὲν

2061 4975 2172 5044 γάρ
2197 4973 2340 5028 οὑτω
2390 4974 2545 5043 φίλον
2573 4983 2575 4986 ‘
2601 4974 2786 5034 αὐτοῖς
2835 4971 2931 5024 καὶ
2962 4969 3412 5040 προχειρότατον,
3448 4964 3523 5027 ὡς
3561 4964 3641 5043 εἰς

2062 5061 2331 5124 ὲκτόπους
2365 5063 2576 5125 ἐννοίας
2635 5062 2732 5115 καὶ
2787 5059 3083 5128 ἀθεμίτους
3135 5055 3494 5126 ἀποίχεσθαι,
3547 5051 3642 5106 καὶ

2063 5153 2201 5222 πρὸς
2258 5154 2367 5205 πᾶν
2406 5154 2583 5206 ὁτιοῦν
2641 5152 2752 5204 τῶν
2799 5151 3076 5221 ἀδοκίμων
3128 5149 3224 5202 καὶ
3255 5146 3374 5216 Θεῷ
3405 5145 3478 5217 μὴ
3513 5145 3640 5214 ἀρε·

2065 5246 2303 5299 σκόντων
2338 5244 2690 5316 ἐκφέρεσθαι.

2135 5339 2200 5396 ν’.
2247 5338 2440 5391 Ὀποία
2463 5338 2520 5390 δὲ
2559 5339 2593 5408 ἡ
2637 5337 2766 5406 περὶ
2814 5334 3020 5389 τούτων
3071 5334 3202 5401 παρ’
3237 5334 3422 5394 αὐτοῖς
3455 5329 3642 5398 διάλη-

2063 5432 2197 5502 ψις;
2237 5430 2457 5500 Ἐπειδὴ
2495 5428 2794 5499 οὐδαμόθεν
2829 5427 2888 5480 τὸ
2921 5425 3234 5480 λυσιτελοῦν
3289 5424 3520 5477 συνιδεῖν
3553 5422 3643 5474 δε-

2064 5523 2393 5595 δύνηνται,ἦ
2419 5521 2696 5576 ὁντιναοῦν
2725 5520 2884 5588 λόγον
2905 5516 3414 5590 ἐκμηχανήσασθαι,
3436 5516 3533 5584 τῆς
3560 5514 3642 5566 ol-

2067 5619 2220 5680 κείας
2255 5616 2560 5688 μοχθηρίας
2587 5616 2684 5668 καὶ⁹
2729 5611 3069 5682 κακουργίας
3119 5611 3423 5680 συνήγορον
3453 5606 3546 5659 ἐπὶ
3579 5604 3642 5657 τὸ

2067 5709 2388 5779 αὐτόνομον,
2415 5708 2509 5760 καὶ
2555 5706 2656 5775 τῆς
2686 5703 2906 5772 ἀλογίας
2930 5702 3110 5756 αὑτῶν
3136 5699 3374 5772 χωροῦσι
3397 5698 3457 5753 τὸ
3486 5698 3642 5750 [διαξ-

2071 5820 2252 5871 τατον,
2309 5800 2400 5854 καί
2458 5815 2621 5869 φασιν
2673 5799 2757 5852 ὅτι
2809 5817 2826 5850 ι
2883 5787 3110 5865 Ἐπειδῆ
3159 5795 3224 5850 τά
3269 5792 3360 5847 τοῦ
3403 5787 3640 5863 Χριστοῦ

1581 5922 1629 5931 .._
1667 5930 1729 5937 ‘_-_
1823 5931 1835 5935 ν
1949 5916 2102 5937 M-
