4050 6448
405 435 514 502 459

1081 409 1706 509 ANTIIlRHETICUS
1747 448 1839 508 Ill
1876 449 2044 510 ADV.
2083 449 2677 514 CONSTANTINUM
2715 447 2926 510 COPR.

406 555 724 624 διέρῥιπται
751 553 846 609 καὶ
890 538 1296 623 διαπέπτωκεν,
1359 558 1654 612 ἀκόλουθον
1679 559 1742 613 ἂν
1780 561 1866 630 εἴη
1901 560 1995 613 καὶ

2101 572 2152 616 et
2182 563 2404 628 excidit,
2437 571 2864 618 consentaneum
2893 564 2994 622 est,
3023 554 3430 610 venerationem
3465 570 3697 625 quoque-

407 643 586 700 ταῦτα
636 647 703 718 δὴ
732 648 803 702 τὰ
846 647 958 701 τῶν
1002 648 1176 716 ἀγίων
1222 650 1676 723 συνοιχήσεσθαι,
1730 653 1825 706 καὶ
1859 644 2012 721 μηδὲ

409 738 637 809 μνήμης
667 737 728 790 τὸ
749 737 938 791 λοιπὸν
975 737 1246 809 ἠξιῶσθαι
1293 742 1538 796 πώποτε.
1579 761 1598 794 ι
1663 742 1869 812 Καιρδς
1901 740 1997 794 νῦν

408 829 584 882 εἰπεῖν
613 841 627 856 ·
666 845 685 878 ι
725 826 787 880 Et
819 826 913 882 τὸν
957 828 1349 901 οἰκοδεσπότην
1394 830 1731 896 Βεελζεϐοὺλ
1778 831 1994 886 ἀπεκά-

411 921 597 984 λεσαν,
656 918 811 991 πόσῳ
869 918 1072 991 μᾶλλον
1131 923 1260 986 τοὺς
1325 923 1639 987 οίκειακοὺς
1697 922 1914 988 αὖτοῦ;
1971 943 1991 977 ι

413 1011 652 1066 Τοιαῦτα
683 1011 797 1084 γάρ
839 1013 888 1065 oi
919 1010 1016 1065 νῦν
1061 1013 1310 1069 Ἰουδαῖοι
1338 1018 1452 1080 τοῖς
1478 1017 1649 1072 πάλαι
1689 1019 1790 1082 τὰς
1821 1016 1998 1088 γλώσ-

412 1121 512 1169 σας
540 1103 888 1168 δανείσαντες
925 1107 1324 1175 ἀποφαίνονται
1358 1125 1371 1140 ·
1403 1110 1451 1162 εἰ
1473 1109 1582 1180 γὰρ
1624 1110 1694 1163 τὰ
1743 1109 1987 1181 Χριστοῦ

405 1192 555 1248 οὕτω
577 1193 860 1267 διέθηκαν,
885 1194 940 1248 τί
979 1195 1082 1250 οὐκ
1126 1195 1194 1250 ἂν
1250 1199 1394 1253 κατά
1426 1199 1536 1253 τῶν
1595 1201 1767 1270 άγίων
1828 1201 1994 1255 αὐτοῦ

409 1286 648 1356 πονηρὸν
698 1285 925 1358 δράσειν
969 1286 1238 1358 ἐμελλον;
1277 1290 1463 1357 ’Ἄξιον
1501 1292 1602 1361 μὲν
1647 1293 1722 1357 ὡς
1779 1293 1997 1364 ἀληθῶς

404 1376 510 1445 τῆς
537 1375 765 1429 ἐκείνων
813 1377 1190 1448 παρανομίας,
1247 1381 1342 1433 καὶ
1375 1381 1475 1451 τῆς
1530 1383 1612 1444 είς
1641 1383 1769 1448 τοὺς
1804 1386 1996 1454 ἁγίους

404 1466 614 1538 τόλμης
645 1484 706 1520 τε
740 1467 835 1522 καὶ
857 1467 1198 1540 θρασύτητος
1218 1484 1232 1498 ⁸
1265 1470 1448 1524 αὐτῶν
1470 1472 1528 1526 δὲ
1548 1473 1657 1526 τῶν
1679 1474 1854 1543 ἁγίων
1897 1477 1994 1547 τῆς

402 1558 488 1620 είς
519 1557 760 1628 Χριστὸν
795 1558 1007 1628 ἀφάτου
1035 1560 1259 1630 ἀγάπης
1296 1563 1600 1633 τεκμήριον
1629 1564 1991 1633 ἱκανώτατον,

405 1647 529 1702 καθ’
585 1650 653 1720 ἢν
699 1649 850 1721 αὐτῷ
891 1651 1298 1724 ἀνεκράθησαν,
1356 1652 1554 1708 οὔποτε
1591 1656 1990 1729 χωριζόμενον

403 1742 498 1795 καὶ
532 1742 644 1813 γὰρ
676 1737 771 1796 οὖν
815 1743 912 1797 καὶ
937 1744 1079 1798 κατᾶ
1111 1743 1210 1816 τὴν
1247 1744 1436 1798 ἐνθάδε
1469 1746 1654 1817 βιοτὴν
1685 1750 1991 1820 περιόντες,

407 1833 690 1906 μάρτυρες
708 1834 819 1888 τῶν
842 1835 1208 1906 παθημάτων,
1232 1837 1327 1891 καὶ
1348 1841 1596 1892 κοινωνοὶ
1608 1841 1702 1894 τοῦ
1725 1842 1991 1906 ζωοποιοῦ

2100 662 2413 708 sanctorum
2478 652 2640 708 simul
2691 650 2976 713 desinere,
3025 661 3202 716 neque
3247 647 3360 717 jam
3425 647 3684 717 deinceps

2100 746 2375 802 mentione
2407 746 2626 816 dignam
2658 743 2856 814 putari.
2907 761 2924 794 ι
2963 740 3126 810 Atqui
3167 755 3308 795 nunc
3355 739 3568 810 tempus
3597 748 3683 796 est

2099 834 2312 890 dicendi
2347 853 2360 888 :
2402 853 2420 886 ι
2451 835 2506 889 Si
2540 830 2993 905 patremfamilias
3015 828 3172 900 123
3206 828 3492 885 Beelzebul
3515 844 3683 886 voca-

2098 935 2314 992 verunt,
2367 935 2571 997 quanto
2619 927 2788 996 magis
2827 924 3159 979 domesticos
3208 922 3324 993 ejus
3369 921 3522 991 (62)?
3555 920 3683 978 Haec
3751 916 3756 922 ’

2097 1017 2243 1071 enim
2278 1018 2522 1072 hodierni
2540 1015 2735 1082 Judaei,
2767 1015 2978 1085 linguas
3000 1028 3129 1068 suas
3152 1028 3180 1066 a
3199 1012 3394 1080 priscis
3421 1020 3679 1066 mutuan-

2097 1118 2180 1164 tes
2230 1110 2442 1166 dicunt.
2494 1110 2630 1165 Nam
2679 1109 2722 1164 si
2762 1124 2848 1163 res
2896 1105 3102 1162 Christi
3157 1106 3230 1159 ita
3277 1111 3678 1164 tractaverunt,

2097 1202 2227 1271 quid
2252 1203 2762 1274 malititeadversus
2791 1209 3011 1255 sanctos
3037 1197 3156 1267 ejus
3188 1211 3292 1251 non
3321 1195 3682 1268 exproment?

2098 1293 2238 1351 Vere
2275 1296 2378 1351 hoc
2408 1296 2626 1364 dignum
2657 1304 2738 1349 est
2774 1293 2986 1347 illorum
3025 1290 3334 1357 iniquitate,
3370 1289 3504 1345 etin
3550 1303 3677 1344 san-

2097 1399 2213 1444 ctos
2238 1389 2464 1444 audacia
2483 1404 2546 1444 ac
2576 1388 2930 1459 protervitate
2956 1403 2969 1440 :
2993 1385 3156 1440 simul
3181 1394 3362 1439 tamen
3391 1393 3473 1437 est
3497 1382 3679 1438 chari-

2099 1481 2225 1536 tatis
2271 1495 2496 1535 summa).
2533 1489 2845 1535 sanctorum
2891 1493 3018 1546 erga
3075 1475 3350 1531 Christum
3409 1474 3672 1529 iudicium

2095 1571 2652 1642 opportunissimum,
2707 1585 2810 1639 qua
2864 1569 3076 1623 scilicet
3114 1569 3164 1622 ei
3215 1573 3342 1621 sunt
3397 1565 3698 1629 deviucti..

2096 1676 2370 1732 nunquam
2401 1661 2586 1715 divisi.
2614 1658 2828 1713 Etenim
2859 1658 2984 1711 dum
3023 1657 3074 1711 in
3111 1659 3213 1710 hac
3244 1655 3354 1708 vita
3380 1653 3666 1724 degerent,

2097 1761 2264 1808 testes
2299 1753 2613 1821 passionum
2648 1750 2878 1814 Christi,
2910 1750 3152 1817 sociique
3181 1747 3410 1802 vividos:
3434 1746 3552 1816 ejus
3580 1761 3681 1801 ne-

2096 1843 2174 1898 cis
2207 1841 2449 1910 fuerunt,
2486 1853 2711 1912 peccato
2751 1857 2926 1912 usque
2956 1840 3020 1894 ad
3049 1851 3280 1894 mortem
3331 1840 3672 1894 resistentes.

404 1926 573 1982 αὐτοῦ
605 1926 840 1982 θανάτου
864 1929 1143 1999 γεγόνασι,
1189 1933 1386 2006 μέχρις
1421 1935 1653 2004 αἵματος
1697 1935 1992 1991 ἀντικατα·

2101 1933 2165 1987 Et
2198 1946 2342 1988 nunc
2381 1934 2544 1988 etiam
2587 1936 2822 1990 terrenis
2868 1933 3031 1989 rebus
3073 1931 3335 2000 exempti,
3379 1931 3673 2001 participes
3763 1935 3768 1940 ’

406 2019 638 2084 στάντες
669 2019 810 2091 πρὸς
843 2010 944 2092 τὴν
978 2022 1280 2095 ἁμαρτίαν.
1319 2025 1430 2079 Καὶ
1454 2024 1550 2078 νῦν
1601 2027 1660 2080 δὲ
1715 2027 1823 2081 τῶν
1866 2029 1994 2100 τῇδε

406 2112 836 2182 ἀπαλλαγέντες,
899 2115 1120 2185 μέτοχοι
1169 2116 1436 2188 ὤφθησαν
1469 2120 1564 2174 τοῦ
1628 2122 1994 2192 ἐφεστηκότος

411 2203 699 2273 άρτικατά
728 2204 970 2275 Χριστοῦ
1026 2206 1271 2278 διωγμοῦ
1327 2210 1419 2263 καὶ
1457 2210 1561 2279 τῆς
1597 2210 1811 2281 ὕϐρεως
1837 2227 1851 2242 ο
1890 2211 1994 2282 ἤδη

411 2295 521 2364 γὰρ
555 2296 646 2348 καὶ
681 2295 986 2367 τηνικαῦτα
1032 2298 1285 2370 σώμασιν
1337 2301 1521 2366 αὐτοῖς
1557 2302 1696 2373 ὑπὲρ
1742 2303 1838 2364 τοῦ
1889 2320 1995 2357 πα-

408 2386 594 2451 θόντος
621 2385 692 2440 δι’
721 2388 872 2458 ἡμᾶς
931 2389 1169 2460 σώματι,
1227 2390 1624 2461 διηγωνίσαντο
1657 2394 1751 2446 καὶ
1803 2394 1991 2463 ὴνδρί-

408 2496 569 2532 σαντο
588 2493 604 2509 ⁶
633 2479 692 2533 δν
719 2480 863 2551 ὑπὲρ
901 2477 1002 2553 τῆς
1029 2481 1220 2552 κοινῆς
1251 2482 1471 2538 πάντων
1513 2485 1673 2555 ἡμῶν
1715 2486 1994 2558 σωτηρίας

404 2570 600 2642 ἀνέτλη
663 2570 895 2626 θάνατον
947 2574 1348 2645 μιμησάμενοι.
1392 2576 1504 2630 Καὶ
1528 2571 1687 2639 αὖθις
1717 2577 1882 2648 ὃμοια
1908 2579 1994 2647 ἐφ’

399 2663 614 2732 ὁμοίοις
647 2664 955 2735 πάσχουσιν
989 2681 1003 2697 ⁶
1051 2666 1319 2734 ἀνάλογον
1353 2666 1465 2737 γὰρ
1510 2669 1625 2730 τοῖς
1657 2667 1994 2739 ἀρχετύποις

399 2752 473 2807 τὰ
505 2756 799 2825 ἐκμαγεῖα,
825 2756 894 2809 τὰ
920 2756 1024 2827 τῆς
1064 2758 1254 2828 κοινῆς
1281 2757 1509 2829 ἀτιμίας
1557 2759 1653 2812 καὶ
1702 2759 1994 2830 παροινίας

404 2847 834 2919 συνδιαφέρουσι
859 2864 874 2878 σ
925 2850 1021 2902 καὶ
1081 2850 1245 2903 πάλιν
1282 2849 1724 2920 συμπάσχουσιν,
1766 2851 1858 2904 ἵνα
1897 2851 1994 2905 καὶ

405 2937 843 3004 συνὼξασθῶσιν
869 2936 1062 3003 αὖθις·
1100 2941 1198 2994 καὶ
1239 2941 1404 2996 πάλιν
1460 2942 1729 3012 τιμῶνται
1763 2946 1828 3014 τῇ
1875 2959 1992 2996 κοι-

402 3027 575 3099 νωνίτμ⁵
594 3029 697 3098 τῆς
726 3029 975 3100 ἀτιμίας.
1001 3031 1113 3083 Καὶ
1140 3030 1228 3084 ἵνα
1249 3032 1542 3103 τῖμμνήμῃ
1558 3032 1667 3085 τῶν
1697 3031 1994 3104 μαρτύρων

403 3119 772 3192 συνησθέντες
838 3124 888 3177 οἱ
955 3122 1364 3195 φιλομάρτυρες
1422 3124 1992 3196 ὲγκαλλωπισώμεθα,

2097 2024 2198 2080 visi
2227 2034 2356 2080 sunt
2384 2025 2670 2080 concitatae
2700 2039 2872 2093 nuper
2903 2024 3165 2079 adversus
3189 2023 3464 2078 Christum
3489 2037 3676 2092 perse-

2097 2115 2332 2171 cutionis
2367 2123 2423 2170 et
2449 2115 2813 2172 contumelize.
2845 2114 2983 2170 Ecce
3011 2115 3156 2170 enim
3189 2123 3244 2168 et
3273 2125 3401 2169 tunc
3429 2114 3673 2183 corpori-

2097 2211 2200 2266 bus
2229 2211 2364 2277 suis,
2391 2226 2489 2280 pro
2513 2225 2577 2266 eo
2605 2210 2699 2280 qui
2733 2210 2787 2264 in
2817 2223 3046 2278 corpore
3070 2223 3264 2277 passus
3295 2216 3399 2271 est,
3429 2207 3682 2262 decerta-

2100 2312 2225 2359 runt
2257 2302 2582 2374 fortiterque
2608 2319 2666 2359 se
2689 2312 3007 2373 gesserunt;
3039 2312 3093 2356 et
3120 2315 3264 2354 nunc
3300 2315 3490 2355 rursus
3523 2300 3675 2369 paria

2097 2396 2216 2466 pari
2253 2395 2322 2452 de
2354 2410 2521 2451 causa
2576 2395 2854 2466 patientur
2915 2389 3052 2462 (63).
3110 2389 3358 2460 Namque
3413 2388 3691 2456 imagines

2098 2503 2281 2556 parem
2310 2501 2376 2542 ac
2412 2488 2712 2559 archetypa
2746 2484 3098 2556 ignominiam
3125 2481 3428 2553 perierunt,
3461 2495 3677 2535 rursus-

2097 2594 2202 2650 que
2231 2579 2656 2648 compatiuntur,
2686 2587 2744 2633 ut
2769 2577 2950 2632 denuo
2974 2574 3489 2646 congloriticentur;
3518 2581 3684 2641 atque

2097 2673 2294 2727 iterum
2329 2671 2671 2725 honorantur
2717 2667 3029 2740 ignominiaa
3057 2666 3460 2722 communione.
3497 2665 3678 2734 Atque

2099 2773 2159 2817 ut
2187 2774 2484 2835 martyrum
2523 2763 2782 2817 memoria
2809 2759 3103 2817 exhilarati
3129 2773 3228 2813 nos
3257 2757 3679 2827 philomartyres
3714 2800 3716 2803 .

2097 2855 2413 2924 gloriemur,
2457 2853 2852 2924 liquantulum
2888 2854 2943 2919 in
2980 2855 3083 2908 hoc
3121 2865 3372 2906 sermone
3406 2847 3676 2903 demorari

2097 2943 2228 2998 libet
2257 2960 2269 2996 :
2299 2942 2464 2998 veluti
2490 2943 2739 2998 homines
2761 2942 3043 3012 spectandi
3063 2950 3118 2995 et
3143 2938 3394 2994 audiendi
3423 2937 3672 2999 studiosi,

2097 3049 2218 3089 cum
2237 3033 2495 3106 jucundis
2514 3033 2960 3104 gratissimisque
2981 3033 3328 3088 oblectantur
3357 3027 3710 3097 spectaculit

2097 3133 2193 3180 aut
2231 3123 2454 3180 musicis
2499 3124 2669 3189 sonis,
2712 3125 2854 3178 haud
2895 3124 2964 3178 ab
2999 3123 3066 3178 iis
3094 3122 3254 3176 facile
3301 3119 3687 3181 discesserint;

402 3212 581 3284 βραχύ
606 3227 659 3265 τι
688 3213 821 3284 περὶ
846 3214 944 3268 τὸν
965 3213 1127 3284 λόγον
1151 3215 1672 3287 προσδιατρίψωμεν
1691 3231 1706 3247 ⁸
1739 3216 1992 3288 καθάπερ

2101 3215 2310 3272 etiamsi
2348 3215 2619 3271 interdum
2654 3216 2965 3271 necessaria
2989 3214 3205 3284 negotia
3228 3210 3519 3267 omittenda
3547 3211 3679 3266 sint.

401 3304 873 3377 οῐφιλοθεάμονές
921 3323 982 3360 τε
1029 3306 1125 3362 καὶ
1153 3307 1590 3378 φιλακροάμονές
1627 3325 1688 3362 τε
1742 3308 1836 3362 ἐπὶ
1883 3307 1992 3362 τῶν

2103 3307 2294 3364 Solent
2320 3307 2464 3362 enim
2496 3321 2559 3361 ea
2593 3322 2715 3376 quae
2745 3307 2884 3361 visui
2914 3305 3228 3374 audituique
3262 3301 3514 3372 pabulum
3546 3317 3710 3371 prata.

402 3399 658 3471 τερπνῶν
691 3398 785 3454 καὶ
819 3399 1051 3471 ἡδίστων
1089 3400 1276 3465 αὐτοῖς
1331 3399 1624 3471 θεαμάτων
1666 3401 1764 3455 καὶ
1824 3403 1993 3455 ἀκου-

406 3491 656 3560 σμάτων,
694 3483 771 3544 ὧν
798 3491 898 3545 οὐκ
929 3491 998 3546 ἂν
1025 3491 1230 3563 ῥᾳδίως
1251 3492 1604 3563 ἀπόσχοιντο,
1635 3491 1749 3546 ἐσθ’
1777 3494 1867 3547 ὅτε
1897 3493 1995 3547 καὶ

2101 3399 2252 3465 bent,
2287 3407 2594 3452 amatorum
2624 3412 2817 3454 sensus
2850 3401 3150 3462 attrahere,
3182 3410 3432 3467 aegreque
3461 3407 3683 3461 separa-

2100 3491 2263 3546 bilem
2294 3503 2450 3545 usum
2478 3489 2563 3546 sui
2592 3489 2832 3545 ellicerc.

403 3583 520 3637 τῶν
575 3583 892 3652 ἀναγκαίων
931 3582 1114 3638 αὐτῶν
1169 3584 1688 3656 καταφρονήσαντες
1713 3599 1728 3615 ·
1773 3584 1989 3655 φιλοῦσι
2030 3584 2139 3655 γάρ
2169 3599 2286 3647 πως
2312 3582 2381 3636 τὰ
2409 3581 2510 3651 τὴν
2535 3580 2659 3652 ὄψιν
2727 3581 2824 3634 καὶ
2899 3579 3072 3651 ἀκοὴν
3123 3578 3410 3640 ἑστιῶντα,
3443 3577 3540 3639 τὰς
3575 3575 3702 3631 τῶν.

406 3675 664 3746 ἐρώντων
689 3675 972 3747 αἰσθήσεις
1015 3676 1363 3744 ἐφέλκεσθαι,
1402 3677 1863 3734 δυσαπόσπαστον
1890 3679 1990 3750 τὴν
2029 3679 2160 3750 περὶ
2183 3678 2323 3733 αὑτά
2347 3677 2566 3750 ὁμιλίαν
2599 3676 2967 3748 ἐργαζόμενα.

482 3808 585 3866 να’.
619 3802 781 3864 Οὗτοι
804 3811 985 3865 τοίνυν
1013 3812 1064 3864 οι
1087 3810 1236 3881 ἆγιοι
1268 3809 1510 3882 Χριστοῦ
1551 3811 1792 3884 μιμηταὶ
1837 3811 1997 3881 γενό-

410 3917 592 3971 μενοι,
619 3900 713 3954 καὶ
740 3903 808 3972 τῇ
834 3901 914 3963 είς
943 3899 1186 3971 Χριστὸν
1216 3900 1410 3974 ἀγάπῃ
1438 3901 1541 3972 τὴν
1565 3899 1746 3972 ψυχὴν
1789 3917 1997 3972 τετρω-

411 3993 589 4062 μένοι,
621 3993 714 4046 καὶ
729 3993 850 4046 κατ’
879 3993 1026 4064 ἴχνος
1056 3992 1225 4048 αὐτοῦ
1256 3993 1382 4047 ὅσον
1407 3993 1631 4064 ἐφικτὸν
1650 3991 1990 4064 ἀνθρώποις,

415 4084 558 4136 ἰέναι
600 4083 1067 4155 προθυμούμενοι,
1121 4083 1306 4138 πίστει
1354 4100 1416 4138 τε
1464 4084 1853 4156 ἐρηρεισμένοι
1903 4084 2000 4138 καὶ

412 4173 517 4243 τὴν
532 4172 724 4227 ἐλπίδα
743 4175 1073 4245 κεκτημένοι
1092 4173 1426 4246 ἀπλάνητον,
1444 4177 1541 4228 καὶ
1561 4173 1670 4229 τῶν
1693 4173 2000 4246 μελλόντων

411 4267 492 4321 ὡς
507 4265 786 4338 παρόντων
799 4267 899 4338 ἤδη
924 4267 1365 4339 ἀντειλημμὲνοι,
1391 4267 1498 4321 τῶν
1515 4267 1608 4320 ἐπὶ
1631 4267 1724 4337 γῆς
1743 4266 2001 4322 ἁπάντων

413 4356 493 4419 ὡς
515 4356 796 4428 ἐπικήρων
821 4359 916 4412 καὶ
937 4358 1195 4429 φθαρτῶν
1221 4359 1637 4430 κατεφρόνησαν
1655 4375 1670 4390 ο
1699 4361 2003 4430 χρημάτων

416 4465 478 4500 τε
503 4443 570 4502 αὖ
603 4452 696 4504 καὶ
717 4449 987 4521 σωμάτων
1009 4451 1190 4504 αὐτῶν
1218 4450 1526 4520 ὑπερόπται
1551 4450 1812 4519 γεγόνασι
1847 4467 1860 4480 ·
1900 4450 2005 4504 τῶν

2167 3811 2258 3866 51.
2291 3809 2357 3865 Hi
2384 3825 2516 3880 ergo
2538 3811 2710 3866 sancti
2739 3810 2944 3865 Christi
2969 3809 3097 3864 lacti
3126 3808 3452 3871 imitatores,
3479 3815 3532 3860 et
3553 3820 3688 3874 erga

2096 3904 2374 3961 Christum
2432 3903 2704 3958 cbaritate
2757 3903 2974 3972 penitus
3014 3901 3324 3964 vulnerati,
3361 3907 3417 3954 et
3456 3897 3686 3967 vestigia

2096 3996 2214 4066 ejus
2245 4003 2516 4065 quatenus
2565 3993 2771 4050 homini
2825 3993 3086 4062 possibile
3131 4001 3246 4056 est,
3298 3990 3549 4061 persequi
3593 4004 3688 4058 ge-

2097 4088 2348 4154 Stientes,
2397 4087 2502 4140 [ide
2547 4085 2683 4151 nixi,
2722 4094 2778 4138 et
2809 4085 3023 4139 ﬁrmam
3056 4099 3209 4152 spem
3246 4084 3569 4143 retinentes,
3607 4095 3672 4133 ac

2106 4176 2289 4248 futura
2320 4185 2576 4246 tanquam
2621 4176 2906 4245 praesentia
2931 4182 3237 4244 captantes,
3261 4183 3474 4229 terrena
3499 4172 3688 4227 omnia

2109 4281 2207 4322 ceu
2236 4266 2439 4322 caduca
2463 4275 2518 4322 et
2549 4267 2919 4335 corruptibilia
2951 4274 3428 4334 contempserunt;
3462 4262 3678 4316 divitia-

2111 4375 2232 4414 rum
2269 4373 2484 4431 quoque
2504 4368 2562 4414 et
2591 4361 2830 4430 ipsorum
2865 4374 3154 4429 corporum
3191 4358 3526 4429 negligentes
3561 4355 3680 4410 fue-

2113 4457 2259 4514 runt,
2302 4450 2429 4518 quia
2461 4463 2548 4504 res
2583 4450 2836 4506 cmlestes
2867 4465 2932 4504 ac
2956 4448 3306 4505 sublimiores
3333 4446 3681 4518 appetebant,

419 4541 762 4607 ἐπουρανίων
794 4544 903 4615 γάρ
955 4543 1052 4598 καὶ
1100 4542 1452 4614 ὑψηλοτέρων
1494 4541 1796 4613 ὲγλίχοντο,
1845 4541 1995 4596 πολι-

2105 4541 2572 4598 conversationem
2621 4541 2674 4594 in
2717 4541 2878 4597 ccelis
2932 4541 3198 4611 agendam
3246 4547 3522 4610 optantes.
3563 4538 3686 4593 Iden

308 4663 321 4672 -
421 4632 570 4685 τείαν
596 4632 849 4704 οὐράνιον
875 4634 1291 4704 ἀσπασάμενοι·
1315 4631 1397 4686 διδ
1421 4633 1600 4688 πάντα
1631 4631 1878 4687 σκύϐαλα
1905 4632 1999 4686 διά

421 4727 520 4796 τὴν
543 4728 623 4792 εἰς
650 4729 743 4782 τὸν
777 4729 1059 4782 Κτισαντα
1112 4728 1356 4798 ἀγάπην,
1402 4726 1545 4781 κατὰ
1567 4725 1660 4781 τὸν
1700 4725 1998 4797 μαρτύρων

417 4816 649 4890 ἔξαρχον
673 4820 938 4891 ἥγηνται·
968 4819 1112 4875 οὕτω
1154 4820 1247 4874 τὸν
1295 4819 1528 4892 σταυρὸν
1572 4819 1864 4890 ἀράμενοι,
1904 4818 2001 4872 καί

416 4909 522 4978 τὴν
553 4910 858 4965 πανοπλίαν
890 4910 1259 4974 ἀναλαϐόντες
1292 4910 1386 4964 τοῦ
1421 4907 1759 4979 πνεύματος,
1780 4908 1860 4979 τῷ
1891 4907 1998 4962 0th-

421 4999 556 5070 ρακί
581 5016 638 5053 τε
669 5002 768 5072 τῆς
819 5001 1058 5065 πίστεως
1109 5001 1476 5071 φραξάμενοι,
1531 4999 1626 5054 καί
1659 4999 1755 5054 τοῦ
1805 4999 2000 5071 θυρεοῦ

419 5090 525 5160 τῆς
555 5090 770 5155 ἐλπίδος
794 5091 1142 5164 δραξάμενοι,
1178 5091 1271 5146 καὶ
1304 5092 1407 5162 τὴν
1438 5091 1878 5161 περικεφαλαίαν
1902 5089 1999 5143 τοῦ

424 5183 700 5254 σωτηρίου
735 5183 1161 5255 περιϐαλόμενοι
1189 5200 1204 5214 ·
1231 5183 1307 5248 ὡς
1339 5183 1405 5254 δὴ
1425 5183 1527 5254 τὴν
1555 5180 1615 5249 ἐξ
1646 5182 1814 5252 ὕψους
1842 5181 2002 5238 δύνα-

501 5384 523 5416 ³
562 5383 763 5456 Philip.
800 5401 886 5451 Ill,
918 5385 971 5442 8.
1043 5336 1047 5340 ⁵

505 5583 619 5650 (62)
653 5581 848 5650 Incipit
871 5582 996 5637 hinc
1021 5583 1160 5651 apud
1195 5581 1554 5653 Nicephorum
1584 5583 1825 5642 laudatio
1848 5600 1995 5641 mar-

432 5664 636 5737 tyrium,
686 5666 807 5735 qum
843 5653 1051 5737 utiliter
1087 5653 1573 5737 con-fereturncutn
1597 5655 1684 5737 illa
1728 5656 1996 5737 Constan-

430 5722 534 5780 tini
579 5722 790 5778 diaconi
836 5736 866 5775 a
916 5722 1071 5777 nobis
1119 5724 1263 5776 edita
1301 5725 1353 5778 in
1407 5723 1592 5793 Spicil.
1637 5724 1791 5780 Rom.
1829 5733 1868 5778 t.
1918 5725 1992 5792 Χ,

431 5807 704 5864 quamque
746 5806 860 5864 prae
887 5793 1063 5864 oculis
1077 5793 1340 5864 habuisse
1383 5795 1594 5848 videtur
1638 5794 1992 5864 Nicephorius,

433 5861 898 5935 praesertim’quia
947 5863 999 5917 in
1047 5861 1263 5920 Nicacna
1312 5867 1551 5934 synodo,
1601 5865 1686 5922 cui
1727 5861 1996 5936 Nicephoé

2103 4641 2304 4686 cuncta
2352 4647 2452 4688 ceu
2498 4643 2744 4689 stercora
2789 4647 2900 4702 prae
2943 4631 3218 4686 Creatoris
3258 4645 3479 4694 amore,
3531 4629 3686 4700 juxta

2104 4733 2404 4795 martyrum
2465 4734 2823 4790 summatem,
2881 4724 3291 4778 arbitrabantur
3343 4723 3385 4778 ³.
3436 4723 3530 4776 Sic
3579 4721 3680 4777 sibi

2102 4832 2321 4873 crucem
2361 4816 2633 4884 tollentes,
2662 4826 2718 4872 et
2743 4825 3080 4872 armaturam
3117 4815 3239 4871 ﬁdei
3281 4817 3585 4886 capientes,
3621 4824 3678 4871 et

2107 4906 2230 4962 ﬁdei
2261 4907 2426 4963 lorica
2463 4907 2676 4972 muniti,
2708 4917 3030 4977 scutumque
3057 4906 3180 4962 ﬁdei
3206 4906 3556 4976 arripientes,
3583 4922 3681 4975 3a:-

2105 4996 2242 5051 leam
2274 5011 2490 5067 quoque
2543 4997 2836 5053 salutarem
2890 4997 2995 5052 sibi
3032 4997 3524 5064 circnmponentes,
3563 5003 3685 5052 tart-

2106 5101 2268 5155 quam
2295 5101 2362 5142 ex
2389 5087 2496 5142 alto
2526 5086 2671 5142 vires
2712 5087 3099 5158 suscipientes,
3129 5085 3334 5142 Christi
3367 5085 3679 5154 passionem

2106 5179 2458 5246 annillantes,
2512 5179 2725 5236 fortiter
2792 5181 3133 5238 decertantes
3155 5218 3184 5246 ,,
3241 5179 3427 5235 invicti
3481 5177 3682 5239 milites

2704 5405 2798 5430 νν.

2107 5602 2201 5643 rus
2226 5602 2442 5658 quoque
2477 5587 2740 5651 interfuit,
2766 5601 2945 5658 sermo
2967 5586 3061 5658 ille
3083 5583 3423 5640 Constantini
3446 5582 3694 5658 citaturt.

2179 5652 2542 5731 (65)_Parem
2576 5657 3014 5731 seiitentiam‘de
3063 5666 3366 5731 martyrum
3417 5652 3682 5731 reliquiis,

2105 5722 2240 5794 quas
2272 5722 2546 5784 "Saraceni
2607 5725 3012 5782 Thessalonicae
3065 5722 3444 5787 violaverant.
3495 5722 3688 5794 scribit

2107 5788 2360 5868 Nicolaus
2407 5799 2717 5868 patriarcha
2741 5797 2801 5868 in
2837 5812 3086 5854 sermone
3122 5811 3222 5854 suo
3251 5795 3392 5866 apud
3436 5806 3533 5850 nos
3563 5788 3686 5864 ερὲς

2105 5866 2197 5922 σει.
2242 5879 2278 5924 ι.
2314 5868 2380 5936 x,
2408 5866 2571 5924 rmr.
2607 5884 2658 5938 ι».
2688 5867 2777 5922 2-7.

3574 438 3682 503 ne
3792 408 3801 418 ’
