4050 6436
404 398 508 465 L71

1434 396 1496 459 S.
1536 396 1956 460 NICEPHORI
1996 395 2504 457 ΡΑΤΒΙΑΒΩΗίΕ
2542 396 2650 457 CP.

3578 397 3693 463 4'72

408 510 591 579 magni
622 508 766 581 regis
797 515 971 564 semet
996 478 1356 594 ostenderunt
1374 516 1427 562 et
1445 506 1662 562 athletae
1687 506 1984 577 generosis-

2098 521 2192 577 μιν
2220 505 2531 577 δεξάμενοι,
2566 507 2662 560 καὶ
2694 505 2765 560 τά
2818 507 2973 579 πάθη·
3021 507 3261 580 Χριστοῦ
3311 505 3691 580 ζηλώσαντες,

391 606 552 692 έὶιιιί.
606 605 698 660 Sic
755 604 1020 659 adversus
1069 617 1317 658 errorem
1388 610 1591 671 tropaea
1652 609 1984 665 erexerunt,

405 711 731 765 omnemque
755 695 1062 755 machinam
1093 693 1301 748 inimici
1333 700 1733 762 expugnarunt,
1762 701 1990 747 cunctas

406 787 526 858 ejus
572 787 716 842 vires
756 786 1141 849 dissolverunt,
1187 784 1368 839 omnia
1414 785 1519 839 tela
1553 782 1795 850 ejusdem
1832 783 1988 855 ignea

409 878 826 943 exstinxerunt,
868 888 924 933 et
951 877 1288 933 dominatum
1336 876 1512 931 valide
1561 877 1988 931 destruxerunt:

408 976 635 1027 cunctas
680 971 1058 1029 ministrorum
1112 968 1312 1023 diaboli
1363 968 1677 1023 molitiones
1716 981 1783 1022 ac
1815 967 1993 1020 minas

410 1066 772 1132 dcspnerunt,
839 1060 1137 1131 quamlibet
1206 1059 1449 1129 ipsorum
1506 1060 1774 1115 saevitiam
1828 1068 1992 1128 atque

410 1152 658 1206 fraudem
692 1151 969 1218 aspernati
999 1161 1144 1215 sunt,
1182 1149 1396 1205 fortiter
1430 1149 1769 1218 viriliterque
1802 1151 1993 1203 admo-

411 1246 539 1299 dum
568 1242 784 1298 illorum
832 1244 1086 1298 artificiis
1134 1243 1488 1299 obstiterunt.
1526 1241 1667 1297 Vere
1697 1242 1909 1296 firmam
1938 1249 1995 1297 et

410 1334 797 1393 indeclinatam
841 1349 968 1403 erga
1004 1333 1176 1390 Deum
1224 1333 1558 1392 voluntatem
1611 1335 1897 1402 gerebant,
1939 1341 1995 1387 et

412 1424 644 1482 inﬂictos
672 1427 948 1481 cruciatus
976 1426 1123 1480 velut.
1153 1426 1208 1479 in
1239 1424 1432 1480 alienis
1458 1423 1780 1493 corporibus
1809 1422 1994 1492 perfe-

411 1528 630 1583 rentes,
684 1533 748 1572 ac
804 1527 1011 1572 naturae
1066 1516 1467 1587 quodammodo
1528 1514 1720 1581 obliti,
1779 1515 1995 1570 labores

410 1612 750 1676 tolerabant;
777 1610 993 1680 pietatis
1017 1610 1251 1665 stadium
1274 1618 1467 1664 contra
1484 1608 1826 1680 polytbeismi
1850 1622 1998 1663 erro-

412 1719 525 1758 rem
558 1704 933 1767 decurrentes,
968 1702 1019 1756 in
1050 1702 1226 1772 ignem
1261 1700 1428 1756 veluti
1457 1715 1636 1755 rorem
1669 1699 1993 1764 insilientes,

409 1795 962 1851 horrendissimarum
1004 1792 1247 1851 ferarum
1297 1793 1490 1848 dentes
1522 1799 1577 1847 et
1612 1792 1816 1847 rabiem
1850 1791 1992 1845 haud

2090 598 2364 663 εὐσθενῶς
2401 598 2824 669 ἀριστεύοντες,
2883 602 3141 674 ἀήττητοι
3196 602 3532 672 στρατιῶται
3583 602 3690 657 τοῦ

2095 688 2339 760 μεγάλου
2385 688 2653 760 βασιλέως
2701 691 3095 763 άνεδείχθησαν
3115 736 3130 760 ,
3163 694 3258 746 καὶ
3289 692 3525 750 ἀθληταὶ
3551 713 3689 765 γεν-

2078 780 2367 834 ναιότατοι
2392 798 2405 811 ⁸
2438 781 2584 834 οὕτω
2604 783 2748 837 κατά
2769 783 2870 855 τῆς
2896 784 3110 865 πλάνης
3139 784 3381 853 ἔστησαν
3410 786 3697 856 τρόπαια,-

2095 872 2186 925 καὶ⁵
2212 873 2394 925 πᾶσαν
2445 872 2546 942 μὲν
2592 874 2847 944 μηχανὴν
2900 874 2995 928 τοῦ
3039 874 3237 947 ἐχθροῦ
3282 875 3684 951 ἐξεπόρθησαν,

2094 965 2276 1019 πᾶσαν
2307 963 2365 1016 δὲ
2393 963 2559 1018 αὐτοῦ
2590 966 2689 1035 τὴν
2714 965 2949 1036 δύναμιν
2992 966 3458 1033 καταλελύκεσαν,
3494 970 3686 1023 πάντα

2092 1054 2165 1109 τά
2216 1055 2592 1124 πεπυρωμένα
2630 1055 2760 1124 βέλη
2822 1055 2994 1110 αὐτοῦ
3058 1055 3426 1123 κατέσϐεσαν,
3473 1059 3572 1112 καὶ
3620 1060 3688 1112 τὸ

2094 1145 2296 1215 κράτος
2326 1144 2572 1198 καθεῖλον
2607 1146 2872 1210 νεανικῶς
2892 1162 2906 1177 ⁸
2959 1146 3142 1211 πάσας
3165 1147 3223 1200 δὲ
3244 1147 3355 1201 τῶν
3386 1149 3687 1220 ὑπηρετῶν

2093 1235 2187 1288 τοῦ
2225 1236 2465 1307 πονηροῦ
2493 1236 2592 1300 τὰς
2636 1239 2886 1301 ἐπινοίας
2916 1240 3015 1295 καὶ
3055 1238 3293 1301 ἀπειλὰς
3339 1239 3640 1293 διέπτυσαν
3664 1254 3682 1269 ⁸

2095 1329 2277 1398 πάσης
2307 1328 2490 1382 αὐτῶν
2532 1329 2820 1400 ὠμότητός
2857 1347 2917 1385 τε
2948 1330 3044 1384 καὶ
3089 1330 3361 1402 ἐπηρείας
3406 1333 3684 1401 κατεφρό-

2095 1438 2286 1492 νησαν,
2321 1422 2587 1487 γενναίως
2616 1425 2710 1476 καὶ
2739 1423 3011 1492 ἀνδρικῶς
3040 1423 3183 1492 ἄγαν
3206 1425 3347 1496 ,πρὸς
3370 1424 3552 1487 πάσας
3580 1426 3687 1489 τὰς

2097 1511 2381 1584 μεθοδείας
2426 1513 2613 1567 αὐτῶν
2657 1514 3176 1586 ἅντικαθιστάμενοι
3203 1533 3218 1547 ⁸
3268 1515 3483 1588 ἑδραῖον
3530 1514 3684 1589 εἶχον

2094 1606 2263 1670 ὅντως
2294 1607 2433 1677 πρὸς
2461 1608 2593 1662 Θεὸν
2644 1610 2737 1662 καὶ
2774 1609 2999 1675 ἀκλινές
3027 1612 3088 1663 τὸ
3118 1612 3397 1684 φρόνημα,
3452 1614 3547 1664 καὶ
3580 1613 3685 1676 τὰς

2094 1699 2445 1771 ἐπαγομένας
2479 1700 2669 1764 αἰκίας
2695 1700 2770 1764 ὡς
2787 1701 2875 1755 ἐπ’
2903 1702 3212 1776 ἀλλοτρίοις
3235 1706 3452 1774 σώμασι
3479 1703 3688 1772 διαγω-

2100 1790 2389 1861 νιζόμενοι,
2420 1791 2515 1845 καὶ
2538 1791 2731 1865 ὥσπερ
2754 1793 2857 1864 τῆς
2889 1793 3103 1863 φύσεως
3134 1794 3523 1862 ἐκλαθόμενοι,
3553 1794 3687 1858 τοὺς

408 1897 742 1954 metuentes,
799 1887 929 1943 ferri
984 1886 1199 1955 aciem,
1243 1894 1300 1942 et
1343 1884 1667 1955 ungularum
1718 1884 1984 1949 acumina,

2098 1883 2292 1945 πόνους
2320 1882 2616 1953 διήνεγκαν
2641 1899 2654 1913 ⁸
2687 1861 2750 1938 τὸ
2804 1861 3022 1940 στάδιον
3072 1886 3173 1957 τῆς
3212 1861 3499 1949 εὐσεϐείας
3538 1888 3687 1940 κατὰ

407 1981 653 2037 carnium
696 1981 1039 2036 concisiunes
1062 1989 1159 2035 aut
1190 1978 1584 2044 lacerationes,
1620 1977 1819 2033 animis
1848 1976 1991 2033 haud

407 2065 786 2133 concidebant,
822 2067 1072 2139 supplicii
1117 2067 1504 2123 instrumentis
1553 2076 1747 2137 sponte
1772 2075 1831 2121 ιιι
1853 2066 1992 2123 deli-

405 2157 508 2213 ciis
543 2158 926 2224 occurrebant,
975 2166 1170 2215 cuncta
1218 2156 1382 2230 124
1409 2158 1765 2224 sustinentes,
1811 2158 1992 2214 omnia

405 2250 736 2317 tolerantes,
782 2265 947 2305 unum
1022 2260 1374 2320 spectantes,
1425 2260 1589 2323 atque
1633 2251 1699 2305 ad
1745 2250 1991 2309 bravium

411 2357 661 2417 superate
717 2343 1019 2417 vocationis
1080 2344 1446 2411 festinantes,
1490 2342 1634 2398 haud
1692 2342 1991 2412 condignas

404 2433 692 2501 passiones
721 2433 883 2503 hujus
916 2433 1175 2503 temporis
1204 2433 1271 2489 ad
1304 2432 1541 2488 futuram
1574 2448 1695 2502 quae
1725 2431 1990 2488 revelabi-

408 2535 496 2579 tur
522 2525 750 2597 gloriam
778 2525 1181 2582 existimantes.
1212 2524 1319 2580 Sed
1346 2526 1431 2582 his
1450 2525 1702 2581 omnibus
1735 2525 1992 2580 resisten-

403 2626 508 2682 tes,
536 2626 589 2673 et
617 2626 792 2672 morte
825 2626 1104 2691 superata,
1135 2633 1234 2688 pro
1269 2617 1374 2673 fide
1398 2617 1740 2688 ‘pugnantes,
1794 2625 1989 2688 tyran-

404 2723 600 2764 norum
632 2710 797 2764 minis
853 2709 1166 2780 superiores
1213 2710 1316 2765 visi
1358 2719 1518 2775 sunt;
1579 2709 1706 2780 quia
1768 2707 1989 2763 nomine

405 2798 620 2853 Domini
656 2799 1078 2866 roborabantur,
1121 2801 1264 2871 quod
1293 2815 1478 2856 coram
1533 2799 1786 2871 gentibus
1845 2799 1987 2867 regi-

401 2890 614 2961 busque
641 2888 954 2961 portabant.
1146 2888 1151 2895 ’

2088 1975 2187 2047 τῆς
2215 1974 2478 2029 πολυθέου
2505 1975 2716 2047 πλάνης
2738 1975 3080 2045 ἐξανύοντες,
3107 1978 3245 2049 πρὸς
3268 1979 3330 2031 τὸ
3356 1979 3467 2050 πῦρ
3491 1978 3686 2049 ῶσπερ

2090 2069 2170 2132 εἰς
2200 2067 2392 2139 δρόσον
2421 2068 2799 2140 ἐναλλόμενοι,
2832 2069 3018 2141 θηρῶν
3054 2070 3456 2142 φοϐερωτάτων
3503 2070 3685 2143 μύλας

2090 2159 2186 2212 καὶ
2217 2158 2427 2230 θυμοὺς
2455 2160 2516 2213 οὐ
2540 2159 2938 2230 δειμαίνοντες,
2968 2161 3154 2234 ἀκμὴν
3183 2162 3403 2232 σιδήρου
3433 2164 3526 2216 καὶ
3556 2161 3684 2216 ὀνύ-

2090 2265 2201 2321 χων
2249 2249 2539 2320 ὀξύτητας,
2573 2251 2796 2322 σαρκῶν
2841 2253 3195 2324 τεμνομένων
3254 2254 3349 2308 καὶ
3402 2254 3683 2325 ξεομένων

2096 2339 2477 2411 ὴφειδηκότες,
2515 2341 2619 2394 οὐκ
2651 2340 3014 2413 ἐτεθήπεσαν,
3040 2345 3133 2396 ἐπὶ
3159 2342 3229 2397 τὰ
3253 2343 3463 2415 ὄργανα
3498 2343 3556 2397 δέ
3582 2345 3688 2416 τῆς

2097 2432 2369 2504 τιμωρίας
2453 2432 2773 2505 αὐθαίρετοι
2836 2431 3029 2505 ὥσπερ
3104 2436 3200 2488 ἐπὶ
3255 2434 3469 2506 τρυφὴν
3492 2440 3685 2511 ᾔεσαν,

2099 2525 2277 2577 πάντα
2308 2525 2615 2592 στέγοντες,
2650 2524 2827 2579 πάντα
2852 2525 3134 2596 φέροντες,
3167 2527 3302 2596 πρὸς
3357 2525 3417 2579 ἓν
3443 2528 3689 2580 ἀποσκο-

2098 2609 2348 2675 ποῦντες,
2413 2612 2508 2665 καὶ
2566 2611 2704 2684 πρὸς
2749 2613 2811 2667 τὸ
2846 2613 3106 2685 βραϐεῖον
3128 2616 3226 2685 τῆς
3278 2616 3394 2670 ἄνω
3435 2615 3687 2687 κλήσεως

2095 2702 2468 2773 ἐπειγόμενοι,
2506 2705 2607 2758 οὐκ
2640 2706 2767 2769 ἄξια
2807 2708 2876 2761 τὰ
2918 2707 3222 2779 παθήματα
3255 2708 3351 2763 τοῦ
3404 2708 3679 2782 παρόντος

2096 2797 2289 2867 καιροῦ
2326 2798 2465 2871 πρὸς
2516 2798 2616 2872 τὴν
2661 2799 2963 2870 μέλλουσαν
2995 2802 3484 2858 ἀποκαλύπτεσθαι
3522 2800 3683 2867 δόξαν

2093 2888 2388 2958 ἡγούμενοι
2407 2906 2421 2919 ⁸
2448 2890 2587 2944 ἀλλὰ
2615 2890 2825 2951 τούτων
2847 2892 3108 2947 ἁπάντων
3131 2884 3451 2964 κατατολμή
3462 2908 3684 2956 σαντες,
3701 2903 3712 2913 ·

404 2984 501 3045 καὶ
521 2983 754 3039 θανάτου
781 2984 1066 3057 κρείττους
1087 2985 1397 3057 γενόμενοι,
1426 2983 1868 3058 ὐπεραθλοῦντες
1892 2984 1993 3052 τῆς
2031 2980 2292 3046 πίστεως,
2325 2979 2434 3035 τῶν
2467 2981 2709 3035 ἀπειλῶν
2770 2982 2880 3037 τῶν
2927 2984 3209 3054 τυράννων
3277 2985 3684 3059 καθυπέρτεροι

402 3078 664 3150 ὤφθησαν
686 3098 700 3111 ⁸
719 3079 843 3133 ἐπεὶ
873 3081 933 3134 ἐν
950 3080 1027 3150 τῷ
1050 3080 1146 3133 τοῦ
1175 3080 1312 3134 Θεοῦ
1337 3079 1563 3152 ὀνόματι
1590 3076 1978 3149 ἐκρατύνοντο,
2019 3074 2156 3143 ὅπερ
2186 3071 2419 3127 ἐνώπιον
2458 3073 2632 3129 ἐθνῶν
2668 3066 2765 3129 κᾶὶ
2797 3075 3065 3148 βασιλέων
3092 3077 3429 3133 ἐϐάστασαν.

472 3255 551 3310 lta
590 3256 864 3315 cruciatus
905 3256 1126 3311 fortiter
1174 3255 1498 3321 tolerantes,
1548 3253 1787 3324 majores
1840 3252 1985 3308 vires

401 3347 721 3415 sumebant;
763 3348 832 3401 ita
883 3349 1354 3417 persecutiouibus
1386 3362 1450 3407 ac
1482 3347 1741 3416 periculis
1796 3360 1989 3400 corro-

400 3439 758 3493 borabantur.
814 3438 952 3494 llinc
1003 3440 1392 3494 tentationibus
1430 3452 1497 3493 ac
1538 3436 1984 3499 tribulationibus

403 3530 573 3598 magis
639 3530 928 3616 vigebant,
999 3531 1309 3587 nullatenus
1375 3531 1538 3587 minis
1594 3528 1987 3597 intentatisque

401 3621 705 3677 terroribus
734 3622 1052 3688 terrefacti;
1083 3632 1494 3693 persecutorum
1532 3623 1736 3678 rabiem
1769 3619 1985 3692 egregie

398 3712 783 3779 rctunclebaut,
816 3715 991 3783 capita
1026 3713 1318 3784 impiorum
1361 3713 1743 3775 concidebant,
1787 3726 1983 3781 super-

398 3803 585 3857 cilium
633 3806 916 3859 alheorum
969 3806 1366 3875 deprimebant,
1421 3805 1982 3860 furibundorumtor-

399 3904 576 3946 menta
628 3908 724 3948 ceu
775 3897 1064 3950 thesauros
1106 3896 1376 3966 pretiosos
1415 3896 1800 3959 admittentes;
1845 3891 1983 3947 deli-

395 3983 607 4037 ciarum
662 3986 843 4053 potius
907 4000 1073 4056 quam
1135 4000 1310 4056 pinnas
1376 3984 1496 4041 loco
1547 3985 1834 4040 habentes.
1890 3982 1983 4037 Sic

393 4076 598 4131 erroris
657 4077 1025 4134 destructores
1093 4089 1416 4144 evaserunt,
1481 4085 1878 4147 angustamque
1926 4082 1984 4133 et

387 4166 682 4225 ‘mnlestam
742 4171 887 4225 viam
949 4178 1217 4237 terentes,
1269 4168 1876 4226 multitudini'inviam
1927 4177 1985 4222 et

2164 3256 2321 3315 Οὐτω
2345 3259 2465 3321 ταῖς
2496 3257 2756 3328 βασάνοις
2780 3260 3271 3331 ἐγκαρτεροῦντες,
3293 3261 3387 3316 ἐπὶ
3406 3261 3467 3315 τὸ
3488 3264 3680 3334 ῥωμα-

2091 3349 2361 3420 λεώτερον
2390 3340 2897 3422 μετερρυθμίζοντο
2924 3372 2938 3385 ⁸
2980 3353 3125 3409 οὕτω
3148 3356 3262 3417 τοῖς
3287 3354 3552 3426 διωγμοῖς
3580 3359 3681 3412 καὶ

2090 3440 2358 3503 κινδύνοις
2396 3441 2736 3513 ἐρῤώννυντο
2763 3460 2778 3474 ⁸
2826 3444 3081 3498 ἐντεῦθεν
3114 3444 3543 3516 ἐνεδυναμοῦντο
3564 3449 3682 3511 τοῖς

2088 3536 2417 3606 πειρασμοῖς
2463 3536 2557 3595 καὶ
2582 3537 2704 3599 ταῖς
2741 3535 3008 3605 θλίψεσιν,
3043 3536 3198 3591 οὐδὲν
3251 3537 3361 3593 τῶν
3413 3537 3677 3591 ἀπειλου-

2091 3626 2269 3697 μένων
2296 3626 2329 3699 ἢ
2363 3629 2805 3705 προσαγομένων
2851 3628 3041 3685 δεινῶν
3075 3631 3488 3705 κατεπτηχότες
3518 3646 3533 3661 ⁸
3583 3630 3677 3697 ἐξ-

2088 3720 2327 3791 ήλεγξαν
2353 3724 2453 3794 τὴν
2474 3723 2583 3777 τῶν
2598 3724 2907 3778 διωκόντων
2939 3726 3138 3796 μανίαν
3163 3726 3557 3797 εὐτολμότατα,
3580 3726 3677 3781 καὶ

2088 3815 2338 3883 κεφαλὰς
2365 3816 2588 3889 ἀνόμων
2607 3816 2883 3888 διέκοψαν,
2906 3820 3003 3871 καὶ
3025 3819 3125 3892 τὴν
3153 3819 3328 3890 ὀφρὺν
3351 3819 3461 3872 τῶν
3495 3819 3679 3873 ἀθέων

2086 3905 2462 3973 κατέσπασαν,
2488 3908 2618 3971 τοὺς
2638 3906 2746 3961 τῶν
2763 3907 3048 3980 δυσμενῶν
3066 3909 3360 3978 αἰκισμοὺς
3372 3909 3448 3973 ὡς
3476 3908 3676 3979 θησαυ.

2090 3996 2217 4069 ρούς
2238 3998 2569 4069 πολυτίμους
2589 3999 2895 4070 δεχόμενοι,
2930 4000 3144 4072 τρυφὴν
3168 4000 3415 4072 μᾶλλονῆ
3444 3999 3671 4055 κόλασιν

2083 4089 2309 4155 τούτους
2322 4090 2682 4163 λογιζόμενοι.
2708 4092 2867 4146 Οὐτω
2881 4092 2980 4165 τῆς
2995 4093 3205 4165 πλάνης
3226 4094 3554 4165 καθαιρέται
3578 4109 3672 4162 γε·-

2084 4180 2297 4249 γόνασι,
2328 4182 2422 4235 καὶ
2442 4180 2540 4254 τὴν
2569 4182 2764 4254 στενὴν
2804 4184 2900 4237 καὶ
2928 4182 3299 4255 τεθλιμμένην
3327 4183 3512 4256 τρίϐον
3541 4183 3668 4238 ἐλά·

394 4261 689 4324 desertam,
723 4263 791 4315 ad
823 4262 1116 4331 spatiosam
1150 4275 1215 4316 ac
1247 4248 1643 4325 beatissima’m,
1685 4273 1807 4330 quae
1844 4258 1980 4329 ipsis

2086 4248 2301 4337 σαντες,
2331 4272 2431 4359 τῂν
2455 4248 2672 4339 πολλοῖς
2700 4248 2900 4346 ἀστιϐῆ
2923 4278 3020 4330 καὶ
3041 4248 3373 4346 ἀνέμϐατον,
3399 4275 3537 4346 πρὸς
3567 4275 3669 4347 τὴν

392 4363 515 4410 (ππ
570 4355 846 4425 θεείεηειε
867 4392 883 4421 ι
951 4353 1160 4423 τθιιιιῑεί
1229 4354 1415 4409 sedem
1472 4363 1860 4423 Ρθηθηθτυυιο
1909 4351 1978 4406 Hi
2082 4351 2397 4436 εὐρύχωρον
2411 4365 2504 4420 καὶ
2522 4365 3094 4438 πανολϐίαν,ὴαύτοῖς
3108 4366 3668 4440 όιπεκεκλήρωτορια⁴

391 4446 675 4502 νίϐῑοΐίοεί
716 4455 1006 4516 ωενιγνθε,
1036 4445 1089 4500 in
1115 4444 1454 4499 (ετυθίοῑυυηι
1487 4443 1707 4499 camino
1737 4440 1975 4506 εκεοοῑίν
2081 4456 2340 4512 ταλύουσι
2355 4458 2527 4528 λῆξιν.
2549 4452 2710 4514 Οὗτοι
2723 4462 2774 4514 οι
2791 4460 3093 4515 καλλίνικοι
3110 4460 3389 4531 μάρτυρες
3402 4463 3460 4514 ἐν
3476 4462 3542 4532 τῇ
3557 4460 3666 4514 τῶν

393 4550 557 4611 atque
592 4548 651 4593 ut
675 4553 867 4593 aurum
893 4540 1180 4607 probatum
1210 4536 1474 4607 comperti
1494 4551 1560 4592 ac
1589 4534 1975 4606 splendiflcati,

2086 4546 2334 4618 βασάνων
2357 4549 2705 4621 πυρωθέντες
2730 4551 2969 4622 καμίνῳ,
2988 4551 3084 4604 καὶ
3104 4551 3179 4614 ὡς
3195 4550 3421 4622 χρυσίον
3440 4550 3665 4622 δόκιμον
3703 4564 3713 4572 ’

391 4632 507 4688 sole
542 4639 670 4686 sunt
715 4630 1000 4695 clariores,
1031 4640 1085 4686 et
1114 4630 1296 4686 sidera
1347 4629 1554 4700 fulgore
1587 4636 1873 4698 superant.
1908 4627 1977 4683 Hi

2086 4639 2401 4710 εὐρεθέντες
2429 4641 2525 4695 καὶ
2544 4640 3019 4712 λαμπρυνθέντες,
3061 4644 3204 4715 ὺπέρ
3231 4643 3384 4715 ἥλιον
3413 4643 3665 4714 λάμπου-

390 4726 463 4779 ob
510 4723 715 4779 Christi
764 4721 1167 4778 confessionem
1222 4721 1610 4785 consummati,
1682 4718 1976 4775 rationales

2086 4746 2185 4792 σιν,
2218 4730 2359 4802 ὑπὲρ
2384 4732 2624 4804 ἀστέρας
2656 4733 2996 4803 αὐγάζουσιν
3019 4751 3035 4766 ⁸
3069 4730 3220 4790 οὗτοι
3249 4739 3315 4807 τῇ
3341 4736 3483 4790 κατὰ
3519 4736 3661 4805 Χρι-

390 4816 771 4885 perfectasque
804 4814 1058 4869 victimas
1095 4815 1145 4869 ei
1173 4823 1348 4870 semet
1382 4814 1755 4884 praebuerunt,
1794 4819 1851 4863 et
1881 4823 1974 4864 sa-

389 4906 654 4962 crificium
705 4905 813 4960 Deo
862 4906 1234 4975 gratissimum
1286 4919 1352 4960 ac
1387 4902 1869 4971 iucundissimum,
1919 4906 1977 4953 et

388 4996 780 5066 acceptabilem
824 4997 1224 5066 perlitationem
1260 4997 1507 5064 beneque
1535 4993 1771 5048 olentem
1802 4990 1974 5047 odore

386 5088 634 5156 spiritus,
669 5088 725 5147 in
754 5087 1128 5142 holocaustum
1163 5086 1501 5141 obtulerunt.
1537 5082 1744 5137 Horum
1777 5080 1976 5136 alacri-

384 5189 498 5236 tate
537 5181 635 5251 ipsi
669 5179 843 5251 angeli
869 5179 1294 5250 obstupuerunt;
1326 5180 1518 5233 horum
1556 5176 1858 5233 certamina
1880 5189 1973 5230 su-

385 5275 787 5342 permundiales
816 5273 1054 5329 virtutes
1100 5274 1383 5329 admirata:
1414 5284 1762 5339 summopere
1806 5276 1969 5337 sunt;

386 5363 513 5430 quia
543 5364 758 5419 mortali
797 5363 850 5417 in
884 5376 1114 5432 corpore
1159 5362 1460 5417 invisibiles
1510 5362 1697 5416 hostes
1728 5360 1970 5415 debella-

386 5464 536 5520 runt,
570 5464 625 5509 et
659 5458 727 5510 de
775 5456 1104 5509 adversariis
1144 5456 1260 5510 suis
1305 5453 1591 5508 victoriam
1641 5452 1965 5519 retulerunt,

388 5546 754 5610 invisibilibus
793 5547 1097 5617 profligatis
1142 5548 1486 5617 agminibus,
1530 5555 1730 5617 tropaea
1785 5548 1969 5618 splen-

385 5639 513 5695 dida
557 5650 744 5696 contra
816 5647 1181 5710 repugnantes
1243 5648 1576 5694 statuerunt.
1626 5637 1721 5693 llis
1767 5637 1969 5708 gaudet

386 5730 533 5787 Deus
557 5742 613 5788 et
639 5730 1003 5802 glorificatur;
1043 5732 1217 5804 angeli
1253 5747 1470 5803 quoque
1497 5731 1551 5785 in
1585 5731 1738 5788 caelis
1766 5742 1960 5802 gratu-

387 5823 567 5880 lantur
620 5836 839 5894 unaque
882 5823 1175 5892 lmtantur;
1212 5835 1407 5882 contra
1441 5824 1686 5883 diabolus
1718 5840 1822 5883 nec
1856 5840 1962 5883 non

2079 4822 2206 4875 στὸν
2266 4823 2533 4897 ὁμολογίᾳ
2590 4825 2980 4898 τελειούμενοι,
3041 4828 3262 4900 θύματα
3314 4828 3511 4895 λογικά
3566 4827 3664 4880 καὶ

2075 4914 2257 4969 τέλεια
2277 4915 2427 4985 αὐτῷ
2450 4916 2858 4990 ἀνεδείχθησαν,
2887 4920 2984 4971 καὶ
3013 4919 3175 4974 θυσία
3200 4921 3281 4988 τῷ
3310 4920 3430 4975 Θεῶ
3482 4919 3664 4991 φιλαιο

2076 5006 2215 5077 τάτη
2263 5006 2358 5059 καὶ
2394 5006 2731 5077 εὐάρεστος,
2789 5009 2887 5062 καὶ⁹
2941 5009 3132 5063 δεκτὸν
3185 5010 3530 5083 καλλιέρημα
3568 5006 3662 5061 εὐ⁴

2074 5098 2306 5164 ωδιάζον
2330 5098 2431 5171 τὴν
2449 5098 2628 5171 ὀσμὴν
2663 5100 2759 5154 τοῦ
2795 5100 3146 5172 πνεύματος,,
3165 5104 3247 5166 είς
3271 5102 3656 5174 ὀλοκάρπωσιν

2074 5190 2529 5263 προσηνέχθησαν
2556 5208 2571 5223 ⁸
2631 5191 2840 5259 τούτων
2878 5195 2979 5264 τὴν
3011 5195 3334 5265 παρρησίαν
3358 5194 3454 5248 καὶ
3492 5193 3658 5261 ἄγγε-

2071 5282 2155 5337 λοι
2183 5281 2614 5352 κατεπλάγησαν
2640 5298 2655 5312 ⁸
2688 5281 2896 5336 τούτων
2937 5284 3063 5348 τοὺς
3092 5284 3294 5349 ἄθλους
3318 5285 3376 5338 αἱ
3420 5286 3659 5354 ὑπερκό-

2073 5391 2225 5443 σμιοι
2256 5372 2518 5446 δυνάμεις
2564 5373 3038 5445 ὑπερηγάσθησαν
3068 5393 3080 5408 ⁸
3116 5376 3201 5429 ὃτι
3227 5391 3293 5444 γε
3326 5378 3389 5433 ἐν
3434 5375 3654 5446 σώματι

2071 5462 2256 5535 θνητῷ
2282 5464 2408 5528 τοὺς
2444 5463 2716 5534 ἀοράτους
2743 5464 3033 5535 δυσμενεῖς
3090 5466 3474 5539 ἐτροπώσαντο
3498 5508 3513 5533 ,
3560 5466 3656 5520 καὶ

2069 5553 2170 5625 τὴν
2194 5555 2318 5609 κατ’
2341 5554 2554 5627 ἐχθρῶν
2581 5554 2739 5622 νίκην
2760 5555 2990 5627 ἤραντο,
3015 5558 3118 5622 τὰς
3142 5558 3486 5629 παρατάξεις
3518 5557 3655 5612 καθ-

2069 5648 2283 5712 ελόντες
2339 5649 2438 5712 τὰς
2478 5648 2768 5719 ἀοράτους,
2803 5651 2899 5703 καὶ
2944 5652 3184 5722 τρόπαια
3235 5652 3468 5723 λαμπρὰ
3509 5650 3656 5706 κατὰ

2067 5738 2178 5795 τῶν
2216 5740 2529 5795 ἀντιπάλων
2579 5740 2946 5811 στησάμενοι·
2982 5743 3041 5796 ἐν
3089 5743 3306 5809 τούτοις
3357 5743 3490 5807 Θεὸς
3552 5742 3695 5815 μέν’

2069 5832 2420 5906 εὐφραίνεται
2451 5832 2549 5889 καὶ
2596 5831 2902 5904 δοξάζεται,
2934 5835 3161 5907 ἄγγελοι
3199 5838 3257 5892 δὲ
3294 5838 3353 5892 ἐν
3396 5837 3651 5908 οὐρανοῖς
3710 5878 3721 5887 .
