4004 6444
421 397 438 413 τ
477 374 586 441 ιῖδ

1505 380 1566 443 S.
1608 382 2026 444 NICEPHORI
2063 379 2567 444 PATRIARCH/E
2605 379 2712 440 (ΖΡ.

3643 373 3740 440 476

480 483 739 554 pientium
780 481 882 538 visi
927 491 1054 539 sunt
1106 483 1266 549 mori,
1301 491 1357 540 et
1384 495 1631 555 reputata
1665 497 1750 542 est
1773 487 2045 543 calamitas

2160 487 2368 559 γαροῦν
2398 488 2459 540 al
2487 485 2606 540 τῶν
2632 483 2823 552 ἁγίων
2863 480 3056 552 ψυχαί
3112 481 3185 535 ἐν
3220 481 3374 550 χειρὶ
3417 482 3571 537 Θεοῦ
3604 487 3737 551 εισι,

478 578 658 630 exitus
708 575 952 644 illorum;
983 585 1039 631 et
1070 591 1101 630 a
1135 577 1292 632 nobis
1324 577 1619 646 discessus,
1653 580 1948 648 contritio;
1981 581 2056 636 illi

480 667 833 721 nihilominus
883 677 1012 722 sunt
1042 668 1096 723 in
1130 683 1282 738 pace.
1333 667 1450 724 Non
1487 671 1632 724 enim
1665 671 1862 726 mortui
1909 681 2053 739 sunt,

479 760 570 812 sed
610 759 815 823 vivunt,
847 751 902 813 et
934 774 1162 814 somnus
1195 759 1375 828 potius
1404 776 1569 830 quam
1604 777 1754 818 mors
1777 773 1882 830 est,
1911 780 2057 822 mors

482 851 696 904 illorum
731 852 1006 921 pretiosa;
1045 853 1187 907 haud
1222 861 1364 907 terra
1402 853 1616 920 infossi,
1650 857 1744 912 sed
1779 858 1832 912 in
1857 859 2055 915 cadum

481 941 659 994 volatu
691 942 813 995 elati
845 939 980 1012 (64).
1017 941 1233 996 Etenim
1270 958 1338 996 ex
1368 943 1709 1011 corruptibili
1743 946 2057 1017 caducaque

480 1032 587 1084 vita
615 1030 883 1098 translati,
911 1033 960 1086 in
982 1031 1144 1086 aliam
1171 1034 1504 1088 transierunt
1536 1036 1835 1091 senectutis
1859 1051 2055 1107 exper-

479 1132 584 1175 tem
631 1131 685 1177 et
729 1124 1134 1187 sempiternam.
1201 1123 1565 1192 Quamobrem
1617 1126 1669 1182 in
1722 1129 2055 1198 quotidianis

477 1213 704 1266 t':lllllCl8
754 1214 977 1279 nostris,
1028 1215 1177 1270 circa
1235 1211 1366 1270 illud
1417 1216 1805 1272 acroteleution
1854 1219 2054 1274 cantici

475 1301 614 1369 quod
643 1303 844 1372 hymno
869 1306 1196 1373 surcinitur,
1226 1320 1526 1378 congruum
1553 1307 1680 1377 quid
1713 1308 2056 1365 modulantes

475 1408 573 1448 ceu
608 1395 676 1448 ad
707 1394 949 1450 viventes
975 1396 1028 1450 in
1055 1395 1166 1451 Deo
1200 1407 1423 1453 sanctos
1455 1413 1469 1451 :
1496 1396 1819 1464 Benedicite,
1836 1400 2056 1470 spiritus

474 1494 519 1537 et
555 1487 747 1539 anima,
767 1485 1062 1554 justorum,
1089 1485 1341 1552 Domino,
1370 1488 1618 1554 dicimus,
1647 1497 1703 1544 et;
1730 1504 1848 1558 qua:
1870 1491 1941 1546 ibi
1965 1507 2054 1548 se-

473 1585 736 1643 quuntur.
766 1578 926 1647 Atqui
958 1577 1032 1632 illi
1058 1578 1333 1632 canticum
1364 1576 1576 1634 Domini
1613 1580 1757 1636 haud
1795 1591 2054 1638 canerent

477 1666 529 1718 in
564 1675 709 1721 terra
749 1667 950 1734 aliena,
985 1675 1040 1723 et
1066 1683 1096 1723 a
1130 1677 1319 1724 nostro
1353 1683 1512 1725 sacro
1546 1671 1713 1726 choro
1741 1671 2054 1742 longissime

474 1757 766 1821 absentes,
821 1759 866 1813 si
915 1769 1066 1815 certe
1127 1761 1302 1815 sancti
1367 1762 1436 1816 ab
1491 1763 1572 1818 eis
1632 1764 1831 1818 mortui
1897 1777 2052 1834 puta-

474 1857 680 1905 TCIIIUI‘.

2159 579 2253 631 καὶ
2281 577 2342 630 ού
2377 579 2450 648 μή
2484 592 2615 629 ποτε
2639 573 2823 628 αὐτῶν
2862 572 3072 643 αψηται
3119 571 3386 642 βάσανος,
3428 573 3535 627 κάν
3559 573 3741 641 ἔδοξαν

2158 671 2218 724 ἐν
2245 667 2546 739 ὀφθαλμοῖς
2575 667 2808 720 τουτωνὶ
2837 663 2948 718 τῶν
2991 663 3251 735 ἀφρόνων
3300 663 3592 734 τεθνάναι,
3651 669 3742 723 καὶ

2159 760 2415 830 ἐλογίσθη
2441 759 2692 821 κάκωσις
2723 759 2757 827 ή
2795 756 2974 823 ἔξοδος
3005 754 3211 818 αὐτῶν,
3243 757 3339 808 καὶ
3379 757 3415 828 ὴ
3459 756 3556 826 ἀφ’
3589 757 3740 828 ἡμῶν

2158 850 2354 924 πορεία
2371 850 2708 921 σύντριμμα’
2731 848 2783 902 οἱ
2802 848 2861 901 δέ
2887 849 3027 903 είσιν
3049 849 3108 902 ἐν
3123 849 3343 919 εἰρήνῃ·
3369 847 3433 901 οὐ
3451 847 3740 919 τεθνήκασι

2157 943 2288 1016 γὰρ,
2315 941 2452 996 ἀλλά
2467 942 2624 1007 ζῶσι,
2643 943 2740 996 καὶ
2767 941 2936 1004 ὕπνος
2957 940 3158 1011 μᾶλλον
3177 941 3361 1012 τίμιος
3383 941 3416 1012 ἧ
3442 941 3697 1006 θάνατος,
3715 946 3741 997 ὁ

2158 1034 2389 1098 Θάνατος
2419 1034 2602 1087 αὐτῶν
2631 1034 2783 1087 ἐστιν
2808 1051 2822 1066 ·
2864 1033 2965 1086 οὐκ
2998 1035 3081 1096 είς
3107 1034 3213 1104 γῆν
3251 1033 3590 1101 ὑποδύντες,
3633 1035 3741 1088 ἀλλ’

2157 1130 2237 1192 είς
2270 1127 2536 1198 οὐρανοὺς
2578 1125 2944 1190 ἀναπτάντες.
2983 1125 3108 1178 Τῶν
3149 1125 3258 1197 γὰρ
3294 1126 3566 1197 φθαρτῶν
3617 1145 3739 1198 μετ-

2155 1219 2487 1281 αναστάντες
2515 1217 2610 1272 καὶ
2648 1218 2958 1289 ἐπικήρων,
3009 1203 3098 1288 ἂρ’
3138 1217 3338 1288 ἑτέραν
3392 1216 3580 1289 βιοτὴν
3617 1237 3739 1290 μετ-

2155 1312 2416 1380 ετάξαντο
2445 1311 2545 1383 τὴν
2575 1312 2769 1382 ἀγήρω
2797 1328 2859 1364 τε
2910 1312 3006 1365 καὶ
3050 1311 3381 1383 μακραίωνα
3406 1329 3418 1342 ·
3469 1311 3659 1394 διόιξερ
3685 1315 3741 1368 ἐν

2153 1407 2266 1468 τοῖς
2289 1403 2562 1476 ὁσημέραι
2595 1405 2728 1475 παρ’
2760 1404 2892 1474 ἡμῖν
2933 1402 3241 1475 ᾀδομένοις,
3304 1403 3434 1458 κατ’
3476 1391 3654 1457 ἐκεῖνο
3679 1404 3736 1477 δὴ

2152 1493 2654 1565 τδάκροτελεύτιον
2682 1493 2780 1546 τοῦ
2823 1495 3094 1564 ἐφυμνίου
3147 1491 3370 1564 μέλους,
3419 1493 3734 1564 ἐναρμόνιόν

2152 1602 2206 1638 τι
2229 1584 2524 1656 μέλποντες
2558 1579 2648 1637 οἷα
2681 1584 2818 1654 πρὸς
2847 1579 3059 1646 ζῶντας
3088 1583 3146 1636 ἐν
3189 1581 3314 1651 Θεῷ
3352 1582 3490 1645 τοὺς
3531 1581 3731 1648 ἁγίους,

2154 1676 2496 1747 Εὑλογεῖτε,
2517 1677 2830 1746 πνεύματα
2851 1673 2951 1728 καὶ
2975 1673 3170 1743 ψυχαὶ
3197 1674 3475 1739 δικαίων,
3504 1675 3610 1727 τὸν
3628 1674 3732 1728 Κύ-

2144 1785 2312 1837 ριον,
2344 1769 2601 1840 λέγομεν,
2637 1769 2735 1822 καὶ
2786 1767 2854 1822 τά
2911 1768 3128 1830 τούτοις
3176 1767 3451 1838 ἑπόμενα.
3513 1766 3732 1819 Ἐκεῖνοι

2074 1853 2117 1908 Β
2145 1859 2255 1928 γὰρ
2304 1860 2405 1914 ούκ
2457 1861 2523 1915 ἂν
2551 1860 2650 1930 τὴν
2708 1858 2850 1930 ᾠδὴν
2889 1858 3100 1928 Κυρίου
3158 1857 3358 1929 ᾇσαιεν
3412 1857 3491 1920 ὡς
3517 1857 3611 1909 ἐπὶ
3638 1857 3730 1927 γῆς

471 1938 777 2010 ἀλλοτρίας,
799 1941 892 1994 καὶ
921 1942 1020 2013 τῆς
1059 1941 1188 1998 καθ’
1219 1943 1367 2014 ἡμᾶς
1400 1944 1556 2014 ἱερᾶς
1592 1944 1922 2016 ὁμηγύρεως
1949 1947 2026 2010 ὡς
2097 1952 2441 2022 πορρωτάτω
2483 1952 2788 2023 ἱστάμενοι,
2856 1949 3018 2020 εῐπερ
3086 1950 3272 2014 αὐτοῖς
3338 1946 3642 2010 τεθνεῶτες
3685 1948 3728 1999 o‘

471 2030 616 2098 ἅγιοι
645 2032 896 2105 ἐλογίσθη
905 2050 1026 2090 σαν.

541 2120 632 2178 52.
669 2122 775 2178 Sed
826 2125 913 2178 illa
966 2127 1184 2196 quidem
1220 2127 1402 2198 priora
1431 2127 1670 2182 luerunt.
1711 2127 1867 2184 Nunc
1914 2144 2045 2185 vero

469 2214 525 2268 iu
577 2216 692 2270 suis
737 2217 911 2272 sacris
971 2218 1300 2290 imaginibus
1343 2219 1565 2275 easdem
1617 2236 1754 2290 quas
1801 2222 2050 2278 Christus

469 2307 880 2372 persecutiones
911 2309 1284 2381 participant,
1325 2311 1678 2380 ejusdemque
1708 2313 2050 2382 passionibus

468 2397 881 2454 conformantur
902 2441 918 2468 ,
951 2405 1023 2456 ita
1062 2412 1120 2456 ut
1154 2418 1253 2474 pro
1285 2403 1483 2473 duplici
1525 2405 1780 2473 passione
1806 2415 1862 2462 et
1904 2405 2046 2476 inju-

471 2488 572 2555 ria,
603 2491 908 2559 duplicibus
929 2494 1095 2549 etiam
1121 2496 1360 2564 praemiis
1383 2496 1493 2552 sint
1514 2499 1810 2552 coronandi
1839 2515 1856 2554 :
1882 2500 2048 2554 vicis-

468 2582 680 2652 simque
716 2584 879 2638 simul
910 2584 1360 2656 gloriﬁcabuntttr
1391 2589 1663 2655 secundo,
1701 2597 1814 2644 tum
1851 2591 1904 2644 in
1936 2591 2046 2645 vita

469 2673 677 2729 scilicet
713 2684 1013 2746 martyres,
1037 2686 1166 2749 .tum
1198 2678 1362 2733 etiam
1409 2691 1677 2750 martyres
1707 2680 1759 2735 in
1797 2682 2046 2751 imagini-

467 2766 588 2820 bus.
620 2768 914 2838 Pr0pterea
943 2785 1045 2826 nos
1073 2771 1310 2826 scientes
1339 2788 1435 2828 eos
1466 2775 1557 2829 Dei
1593 2773 1893 2832 familiares
1922 2791 2046 2831 esse

469 2866 533 2906 ac
581 2855 824 2909 asseclas
857 2857 957 2928 (iis
1004 2859 1149 2913 enim
1191 2861 1432 2916 omnium
1483 2864 1622 2918 Deus
1679 2865 1816 2920 dixit
1856 2883 1871 2920 :
1921 2866 2046 2921 Jam

466 2957 570 2996 non
593 2945 712 2998 dico
741 2963 827 3000 vos
857 2964 1052 3014 servos,
1084 2951 1174 3004 sed
1200 2953 1402 3007 aulicos
1424 2953 1446 2985 ⁸
1471 2971 1486 3021 ;
1518 2964 1594 3019 et,
1621 2954 1772 3010 Dedit
1798 2958 1872 3012 eis
1898 2968 2050 3026 pote-

465 3046 649 3090 statem
679 3038 822 3106 ﬁlios
861 3039 958 3095 Dei
995 3043 1117 3111 fieri
1152 3043 1263 3114 ¹⁰),
1296 3045 1634 3101 admiremur
1669 3048 1880 3104 illorum
1918 3066 2046 3122 erga

466 3125 632 3181 Deum
672 3131 996 3186 charitatem
1034 3149 1099 3189 ac
1137 3134 1325 3199 ﬁdem,
1359 3145 1414 3192 et
1461 3140 1710 3208 supernis
1740 3140 2042 3197 honoribus

461 3221 804 3277 cumulemus
842 3242 857 3278 :
906 3225 1104 3294 templa
1156 3227 1369 3282 illorum
1401 3244 1696 3298 ornemus,
1740 3235 2043 3289 certamina

463 3309 800 3366 celebremus
824 3355 840 3379 ,
870 3330 1055 3371 sacras
1100 3318 1358 3388 reliquias
1390 3336 1745 3389 veneremur,
1789 3334 2046 3394 angustas

465 3401 679 3457 illorum
713 3405 980 3475 imagines
1024 3410 1171 3464 cultu
1205 3427 1605 3482 prosequamur
1648 3433 1662 3469 :
1701 3418 2044 3488 quandoqui-

465 3495 588 3548 dem
637 3510 765 3550 vere
797 3499 974 3554 honor
1005 3501 1259 3571 imaginis
1306 3505 1373 3558 arl
1422 3515 1767 3577 prototypum
1809 3511 2040 3576 transit;

465 3595 519 3639 et
548 3587 719 3642 honor
769 3589 1022 3647 ﬁdelibus
1052 3596 1335 3651 conservis
1366 3597 1621 3663 tributus,
1658 3598 1916 3653 indicium
1961 3611 2044 3655 est

465 3686 663 3734 nostrae
703 3695 830 3750 erga
888 3697 1234 3740 communem
1275 3687 1560 3742 Dominum
1621 3689 2042 3757 benevolentiae,

463 3780 524 3823 nt
557 3773 711 3826 aiunt
751 3772 1009 3830 Ecclesia:
1049 3778 1319 3846 magistri.
1355 3777 1492 3835 Hinc
1537 3781 1694 3834 nobis
1728 3781 1880 3834 ﬁrma
1923 3797 2044 3849 spes

464 3861 726 3931 ﬁdesque,
759 3865 1249 3922 sanctiﬁcationem
1281 3869 1629 3939 impetrandi,
1661 3880 2042 3940 peccatorum-

461 3968 570 4022 que
627 3957 1040 4023 remissionem,
1109 3973 1175 4012 ac
1229 3960 1603 4015 molestiarum
1664 3961 2042 4030 depulsionem

463 4047 839 4104 nanciscendi.
880 4050 1020 4106 Hinc
1050 4053 1298 4108 videmus
1324 4053 1518 4121 expelli
1547 4054 1818 4109 daemones
1839 4095 1854 4118 ,
1895 4069 2044 4108 mor-

462 4140 561 4194 hos
621 4141 829 4208 sanari,
880 4142 1226 4200 inﬁrmitates
1277 4144 1458 4215 fugari
1506 4146 1750 4200 omnium
1795 4147 2042 4216 quicum

463 4231 566 4286 ﬁde
600 4234 900 4298 accedunt,
943 4235 1058 4290 sive
1090 4237 1368 4306 spiritales
1402 4237 1518 4292 sive
1574 4251 1867 4308 corporeas
1889 4275 1904 4301 ,
1964 4237 2043 4292 si-

459 4323 677 4392 quidem
715 4325 864 4380 dedit
898 4325 1032 4396 ipsis
1082 4328 1325 4384 omnium
1363 4329 1677 4384 dominator
1717 4338 2039 4402 potestatem

2216 2126 2316 2197 νβ’.
2363 2125 2504 2180 Ἀλλ’
2535 2127 2725 2180 ἐκεῖνα
2771 2124 2873 2194 μὲν
2921 2123 3212 2194 πρότερον.
3261 2123 3375 2178 Καὶ
3409 2123 3508 2178 νῦν
3557 2126 3613 2180 δὲ
3640 2125 3743 2184 διά“

2148 2220 2314 2290 μέσου
2337 2219 2450 2273 τῶν
2473 2218 2638 2290 ἱερῶν
2672 2215 3111 2286 ἀπεικασμάτων
3165 2214 3373 2282 αὐτῶν,
3405 2219 3523 2282 τοῖς
3552 2217 3726 2284 αὐτοῖς

2144 2311 2223 2384 τῷ
2249 2311 2474 2385 Χριστῷ
2505 2311 2950 2383 συμμετέχοντες
2971 2300 3298 2366 κοινωνοῦσι
3329 2312 3602 2382 διωγμοῖς
3631 2315 3721 2369 καὶ

2147 2401 2261 2463 τοῖς
2310 2399 2508 2454 πάθεσι
2565 2398 3078 2471 συμμορφούμενοι,
3114 2399 3192 2464 ὡς
3233 2400 3332 2453 ἐπὶ
3369 2401 3581 2466 διπλοῖς
3621 2406 3725 2468 τοῖς

2148 2489 2438 2562 παθήμασι
2489 2491 2585 2546 καὶ
2616 2491 2871 2554 ὀνείδεσι,
2905 2490 3117 2554 διπλοῖς
3156 2491 3251 2546 καὶ
3293 2493 3416 2557 τοῖς
3460 2493 3726 2565 βραϐείοις

2148 2579 2566 2650 στεφθήσονται.
2611 2581 2720 2634 Καὶ
2747 2576 2905 2644 αὖθις
2958 2580 3494 2654 συνδοξασθήσονται
3524 2585 3585 2638 τὸ
3614 2585 3724 2639 δεύ-

2149 2684 2328 2738 τερον,
2357 2669 2452 2722 καὶ
2481 2671 2539 2722 ὲν
2568 2669 2705 2733 ζῶσι
2755 2671 3057 2741 μάρτυρες,
3086 2671 3180 2724 καὶ
3205 2673 3264 2726 ἐν
3318 2673 3503 2728 είκόσιι
3526 2677 3722 2747 μάρτυ-

2153 2777 2268 2830 ρες,
2307 2761 2587 2831 τοιγάρτοι
2615 2762 2714 2815 καὶ
2748 2762 2826 2827 ὼς
2861 2763 3100 2828 οἰκείους
3122 2763 3260 2818 Θεοῦ
3306 2767 3410 2820 καὶ
3460 2768 3716 2840 θεράπον-

2147 2868 2246 2915 τας
2277 2851 2480 2915 εἰδότες
2508 2868 2523 2882 ο
2581 2853 2721 2924 πρὸς
2759 2853 2959 2918 αὐτοὺς
2989 2855 3098 2925 γάρ
3137 2857 3166 2909 ό
3195 2856 3310 2911 τῶν
3348 2858 3491 2912 ὅλων
3545 2860 3720 2930 εἴρηκε

2148 2943 2281 3006 Θεός
2305 2957 2319 2972 ⁸
2350 2942 2558 2997 Οὐκέτι
2589 2944 2747 3014 ὑμᾶς
2769 2945 2935 3000 καλῶ
2963 2945 3251 3012 δούλους,
3283 2949 3456 3004 ἀλλὰ
3493 2951 3716 3019 φίλους.

2152 3036 2283 3098 Καὶ,
2317 3037 2580 3091 Ἔδωκεν
2607 3037 2815 3104 αὐτοῖς
2847 3037 3142 3103 ἐξουσίαν
3165 3039 3354 3094 τέκνα
3392 3042 3544 3096 Θεοῦ
3570 3042 3720 3111 γενέ-

2149 3130 2290 3182 σθαι
2313 3146 2328 3160 ο
2361 3131 2760 3200 ύπεραγάμεθα
2790 3131 2888 3200 μὲν
2935 3130 3038 3200 τῆς
3063 3132 3144 3194 είς
3192 3130 3333 3185 Θεὸν
3378 3133 3599 3204 ἀγάπης
3639 3136 3720 3186 καὶ

2147 3217 2383 3281 πίστεως
2421 3221 2640 3283 αὐτοὺς,
2673 3218 3046 3288 στεφανοῦμεν
3095 3220 3153 3273 δὲ
3184 3223 3308 3284 ταῖς
3352 3224 3616 3277 ἀνωτάτω
3640 3241 3715 3276 τι-

2149 3311 2305 3377 μαῖς·
2339 3309 2672 3380 γεραίρομεν
2707 3310 2887 3364 αὐτῶν
2932 3311 3061 3375 τοὺς
3085 3312 3272 3377 ναοὺς,
3321 3313 3576 3384 τιμῶμεν
3601 3314 3717 3377 τοὺς

2146 3399 2360 3463 ἄθλους,
2410 3401 2834 3472 προσκυνοῦμεν
2878 3403 2948 3456 τὰ
2981 3403 3103 3475 ἱερά
3140 3403 3398 3475 λείψανα,
3439 3423 3714 3462 κατασπα-

2147 3492 2352 3562 ζόμεθα
2383 3493 2563 3547 αὐτῶν
2613 3493 2682 3548 τά
2717 3494 2878 3563 τίμια
2927 3496 3290 3566 εἰκονίσματα
3312 3515 3327 3531 ο
3383 3499 3574 3570 ἐπειδὴ
3608 3501 3717 3563 ταῖς

2145 3585 2491 3658 ἀληθείαιςὴ
2534 3586 2634 3658 τῆς
2674 3587 2884 3650 εἰκόνος
2930 3588 3065 3659 τιμὴ
3121 3590 3219 3642 ἐπὶ
3265 3590 3329 3644 τὸ
3372 3593 3716 3665 πρωτότυπον

2145 3678 2434 3744 διαϐαίνει,
2465 3680 2562 3733 καὶ
2619 3681 2652 3750 ή
2700 3679 2840 3752 πρὸς
2877 3682 3002 3752 τοίες
3044 3679 3404 3751 εὐγνώμονας
3460 3683 3567 3739 τῶν
3597 3687 3716 3753 δμο-

2144 3769 2346 3823 δούλων
2372 3771 2509 3840 τιμὴ
2543 3769 2822 3835 ἀπόδειξιν
2853 3771 2967 3842 ἔχει
2997 3775 3096 3843 τῆς
3119 3775 3259 3846 πρὸς
3285 3775 3380 3830 τὸν
3429 3776 3604 3830 κοινὸν
3627 3777 3716 3826 Δε-

2147 3863 2352 3932 σπότην
2385 3861 2620 3927 εὐνοίας,
2654 3863 2820 3930 φασὶν
2850 3864 2901 3916 οἱ
2939 3863 3042 3934 τῆς
3083 3866 3423 3936 Ἐκκλησίας
3465 3868 3714 3922 διδάσκα-

2146 3950 2268 4002 λοιο
2339 3950 2593 4005 ἐντεῦθεν
2669 3954 2804 4022 ἡμῖν
2865 3955 3207 4020 ἀδιστάκτως
3289 3959 3575 4024 ἐλπίζεται
3631 3957 3715 4010 καὶ

2146 4043 2485 4109 πιστεύεται,
2509 4045 2782 4115 ἁγιασμόν
2801 4063 2862 4099 τε
2882 4047 3296 4117 προσγίνεσθαι,
3321 4053 3418 4106 καὶ
3442 4048 3716 4121 ἁμαρτιῶν

2148 4133 2518 4206 συγχώρησιν,
2555 4137 2650 4190 καὶ
2707 4137 2864 4192 λύσιν
2910 4140 3190 4211 εὑρίσκειν
3233 4142 3347 4196 τῶν
3404 4140 3709 4212 δυσχερῶν·

2145 4227 2379 4280 ἐνταῦθα
2425 4228 2643 4298 ὁρῶμεν
2683 4229 2762 4294 ὡς
2819 4231 3077 4302 δαίμονες
3141 4235 3574 4298 ἀπελαύνονται,
3629 4230 3715 4285 καὶ

2145 4320 2290 4374 νόσοι
2317 4319 2738 4392 θεραπεύονται,
2769 4326 2866 4377 καὶ
2897 4324 3078 4377 πάντα
3103 4324 3436 4395 δραπετεύει
3466 4325 3534 4378 τὰ
3579 4321 3713 4387 πάθη

457 4414 704 4470 calcantli
729 4433 893 4487 supra
919 4429 1196 4489 serpentes
1216 4431 1271 4476 et
1296 4422 1564 4492 scorpios,
1589 4432 1643 4476 et
1664 4437 1828 4493 super
1847 4437 2038 4478 omnes

2147 4412 2252 4468 τῶν
2285 4414 2468 4467 πίστει
2509 4415 2868 4487 προσιόντων,
2900 4417 3001 4470 ὅσα
3023 4433 3083 4469 τε
3138 4417 3316 4487 ψυχῆς
3343 4418 3436 4471 καὶ
3489 4417 3588 4469 ὅσα
3617 4411 3712 4464 σώ-

458 4506 666 4560 inimici
694 4507 856 4570 vires,
888 4523 988 4563 nec
1007 4524 1120 4563 non
1153 4511 1403 4565 morbum
1431 4511 1734 4580 quemlibet
1761 4510 2043 4582 aegritudi-

457 4609 692 4664 nemque
730 4598 956 4651 sanandi
983 4598 1046 4652 “.
1080 4598 1198 4664 Quo
1251 4601 1339 4663 ﬁt,
1393 4609 1475 4662 ut,
1523 4602 1723 4656 virtute
1761 4616 1790 4654 a
1831 4600 2038 4670 Spiritu

457 4695 702 4754 accepta,
728 4689 1010 4744 miraculis
1045 4699 1208 4760 atque
1239 4692 1536 4748 virtutibus
1559 4694 1871 4748 clarescant
1901 4693 2038 4764 (65),

456 4780 646 4845 gratia:
672 4779 874 4834 fontem
901 4780 954 4834 in
976 4792 1149 4834 semet
1173 4791 1448 4850 gestantes
1475 4785 1803 4839 sanitatibus
1827 4786 2040 4840 abunde

456 4871 522 4924 ad
552 4884 744 4924 omnes
768 4872 1179 4926 scaturientem.
1217 4872 1355 4938 Quid
1386 4873 1551 4942 igitur
1583 4876 1650 4928 ad
1685 4875 1800 4928 haec
1833 4874 2033 4940 dicitis,

455 4977 490 5016 ο
521 4963 683 5033 126
734 4972 1051 5020 sanctorum
1086 4964 1334 5020 inimici?
1379 4966 1604 5035 Dignine
1645 4977 1774 5021 sunt
1824 4981 2032 5031 necne,

455 5066 677 5123 propter
728 5057 844 5112 haec
895 5057 1103 5126 majora
1151 5059 1300 5112 omni
1339 5059 1669 5126 cogitatione
1717 5069 1879 5129 atque
1909 5075 2037 5114 ora-

413 5183 428 5236 γ
457 5150 604 5202 tione
633 5148 937 5202 certamina
959 5188 974 5213 ,
1007 5164 1127 5218 qua:
1169 5151 1423 5207 humanae
1454 5161 1664 5206 natura:
1695 5152 1840 5205 vires
1869 5165 2031 5206 esce-

453 5242 584 5294 tlere
639 5239 874 5304 scimus,
924 5240 1094 5312 digni,
1129 5244 1374 5312 inquam,
1403 5259 1470 5299 ne
1509 5253 1636 5298 sunt
1679 5244 1933 5298 honorari
1978 5253 2033 5298 et

452 5331 789 5401 gloriﬁcari?
818 5336 1117 5403 prazsertim
1151 5337 1280 5404 quia
1318 5337 1464 5391 etde
1493 5337 1626 5406 ipsis
1659 5346 1874 5390 exstant
1901 5351 2030 5404 pro-

523 5489 545 5521 ’
568 5487 725 5546 Joan.
756 5508 846 5559 xv,
881 5493 968 5548 l5.

525 5626 638 5696 (64)
672 5627 811 5698 Ergo
853 5643 959 5682 non
989 5639 1301 5695 exspectato
1331 5627 1656 5682 universalis
1691 5628 1880 5697 judicii
1921 5627 2027 5694 die,

454 5704 516 5749 ut.
551 5699 878 5752 recentiores
905 5699 1236 5753 schisntatici
1269 5699 1537 5752 dictitant.

529 5767 642 5836 (65)
681 5767 759 5822 En
788 5767 990 5824 Graecae
1027 5783 1240 5836 qunque
1279 5767 1532 5823 Ecclesia:
1554 5809 1566 5832 ,
1597 5768 1918 5836 patriarcha:
1948 5769 2026 5823 sui

1047 5493 1092 5525 ¹⁰
1119 5493 1273 5549 Joan.
1303 5511 1342 5559 ι,
1381 5494 1467 5548 12.
1548 5493 1590 5526 ¹¹
1627 5491 1758 5546 Luc.
1782 5507 1836 5552 κ.
1871 5493 1959 5557 l9,
1990 5492 2081 5548 “20.

2145 4521 2317 4574 ματος
2341 4519 2356 4533 ·
2385 4505 2621 4576 ἐπείπερ
2647 4505 2882 4559 δέδωκεν
2913 4507 3100 4569 αὐτοῖς
3126 4507 3156 4558 δ
3181 4507 3289 4559 τῶν
3309 4508 3570 4561 ἁπάντων
3591 4517 3712 4554 κατ·

2135 4597 2470 4664 εξουσιάζων
2511 4599 2612 4668 τὴν
2673 4595 2928 4663 ἐξουσίαν
2972 4600 3169 4650 πατεῖν
3201 4597 3394 4650 ἐπάνω
3423 4596 3598 4664 ὄφεων
3630 4590 3713 4642 καὶ

2140 4689 2415 4760 σκορπίων
2443 4690 2540 4742 καὶ
2560 4690 2655 4742 ἐπὶ
2682 4689 2866 4742 πᾶσαν
2889 4688 2988 4759 τὴν
3020 4688 3253 4758 δύναμιν
3277 4689 3372 4740 τοῦ
3391 4684 3606 4757 ἐχθροῦ,
3629 4679 3711 4732 καὶ

2137 4782 2320 4834 πᾶσαν
2335 4781 2491 4835 νόσον
2522 4779 2852 4850 θεραπεύειν
2876 4781 2972 4834 καὶ
2989 4781 3171 4834 πᾶσαν
3195 4779 3494 4850 μαλακίαν.
3515 4776 3604 4829 Διὸ
3621 4772 3710 4839 τὴν

2140 4871 2425 4942 ἐνέργειαν
2451 4871 2712 4936 λαϐόντες
2749 4871 2845 4926 τοῦ
2873 4871 3217 4943 Πνεύματος,
3261 4874 3320 4924 ἐν
3353 4869 3592 4940 θαύμασι
3625 4863 3710 4916 καὶ

2140 4963 2408 5032 δυνάμεσι
2459 4961 2854 5035 διαλάμπουσι,
2887 4963 2988 5034 τὴν
3042 4963 3227 5034 πηγὴν
3280 4966 3338 5017 ἐν
3384 4961 3593 5020 ἑαυτοῖς
3619 4954 3709 5020 τῆς

2141 5057 2365 5128 Χάριτος
2432 5055 2694 5126 φέροντες
2763 5056 3072 5128 βλύζουσαν
3141 5057 3276 5109 πᾶσι
3352 5050 3587 5124 δαψιλῶς
3645 5047 3706 5097 τὰ

2141 5150 2371 5218 ἰάματα.
2435 5149 2501 5202 Τί
2543 5145 2637 5203 οὖν
2688 5149 2827 5221 πρὸς
2885 5149 3059 5203 ταῦτά
3082 5165 3246 5219 φατε,
3295 5148 3347 5201 οί
3389 5145 3496 5199 τῶν
3549 5139 3706 5208 ἁγίων

2139 5241 2368 5312 ἐχθροίς
2409 5241 2589 5306 ’Δξιοι
2618 5241 2706 5296 διὰ
2728 5241 2951 5306 τούτους
2989 5242 3054 5314 δὴ
3095 5241 3226 5303 τοὺς
3283 5239 3424 5310 ὑπὲρ
3465 5234 3586 5289 νοῦν
3621 5226 3705 5282 καὶ

2140 5334 2573 5403 λόγονιάγῶνας,
2608 5336 2702 5389 καὶ
2735 5334 2830 5399 οὓς
2856 5337 3107 5404 κρεῖττον
3138 5334 3170 5406 ἦ
3199 5334 3341 5387 κατά
3372 5331 3472 5401 τὴν
3502 5323 3701 5394 ἀνθρω-
3775 5347 3778 5352 -

2138 5627 2425 5697 Nicephort
2460 5643 2576 5694 ore,
2613 5629 3014 5685 confessionem
3049 5632 3114 5685 de
3146 5627 3420 5684 miraculis
3455 5623 3694 5697 interces-

2137 5690 2292 5751 sione
2323 5690 2631 5823 santitorum
2657 5741 2670 5767 ,
2704 5703 3005 5770 praesertim
3041 5701 3109 5756 ob
3142 5700 3416 5755 hominum
3448 5690 3692 5751 salutem:

2137 5769 2339 5824 patrari
2372 5783 2432 5824 so
2459 5769 2568 5824 itis.

2136 5783 2339 5838 patrart
2372 5783 2568 5826 sontis.
