4004 6474
299 401 407 466 4Ἶ7

981 414 1609 483 ANTIRRHETICUS
1650 425 1766 485 ΙΙΙ.
1805 429 1975 491 ADV.
2018 428 2606 497 CONSTANTINUM
2652 439 2866 499 COPR.

3474 439 3582 504 478

301 515 470 567 πείαν
510 515 676 584 φύσιν
725 517 1092 592 γινώσκομεν,
1133 527 1399 595 τιμᾶσθαί
1441 547 1500 582 τε
1538 532 1632 584 καὶ
1666 533 1890 600 δοξάζε-

2009 545 2311 604 missiones,
2362 545 2536 600 multo
2568 556 2694 600 ante
2737 547 2878 600 haud
2910 546 3178 602 fallaciter
3207 549 3363 603 edita:
3395 568 3411 604 :
3453 550 3584 603 Glo-

301 606 468 671 σθαι,
501 607 578 670 ὡς
615 608 682 661 ἂν
709 611 800 662 καὶ
835 611 891 663 αἱ
939 615 1070 683 περὶ
1112 618 1313 680 αὐτοὺς
1356 622 1705 691 ἐπαγγελίαι,
1747 625 1897 695 πόρ-

303 698 484 767 ρωθεν
523 702 1028 772 προῦποσχεθεῖσαι
1076 707 1139 759 τὸ
1189 709 1421 777 ἀψευδὲς
1479 712 1654 782 ἔχοιεν
1682 731 1695 744 ο
1750 716 1897 783 Τοὺς

302 788 755 862 δοξάζοντιίςμε
775 797 907 866 γὰρ,
943 800 1100 866 φησὶ,
1132 799 1396 868 δοξάσω,
1425 805 1452 855 ὁ
1481 804 1689 878 ἀληθὴς
1715 805 1893 878 ἔφησε

305 882 497 950 λόγος·
530 883 657 936 τίνα
686 887 890 955 τρόπον
917 905 931 953 ;
972 891 1067 942 καὶ
1133 891 1200 944 δι’
1260 892 1450 966 ἕτερόν
1480 911 1569 964 γε,
1603 897 1678 960 ὼς
1741 898 1895 952 πλεί-

314 992 458 1028 στων
485 976 578 1028 καὶ
626 977 768 1046 ἄγαν
811 980 1033 1051 ὑψηλῶν
1083 983 1178 1037 καὶ
1223 985 1396 1053 λόγων
1451 987 1547 1040 καὶ
1579 988 1781 1059 ἔργων,
1832 991 1895 1043 τὸ

309 1067 609 1139 ἀξιόχρεων
639 1070 750 1124 τῶν
776 1072 1018 1126 ἐπαίνων
1061 1077 1157 1128 καὶ
1187 1077 1288 1148 τῆς
1317 1078 1474 1147 δόξης
1524 1080 1710 1144 αὐτοῖς
1750 1099 1896 1152 παρ-

309 1158 587 1213 ιστὼντων
611 1180 624 1192 ·
660 1163 722 1215 ού
777 1165 887 1234 μὴν
919 1159 1082 1236 ἧττόν
1106 1184 1192 1236 γε,
1224 1170 1552 1223 καὶτούτων
1581 1171 1644 1242 δὴ
1670 1172 1780 1226 τῶν
1815 1174 1895 1226 ἱε-

308 1267 442 1318 ροτυ
454 1250 591 1303 πιῶν
618 1251 828 1316 ἕνεκεν,
857 1256 995 1325 ὅπερ
1033 1258 1166 1327 ἡμῖν
1200 1259 1564 1323 σπουδάζεται
1593 1264 1703 1326 τοῖς
1731 1264 1891 1316 εύσε-

303 1341 430 1394 ὅέσι
464 1344 559 1396 καὶ
589 1345 991 1417 φιλομὰρτυσιν
1015 1365 1029 1380 ·
1061 1350 1299 1404 αἰδεῖσθε
1324 1354 1530 1406 τούτων
1550 1355 1675 1418 τοὺς
1697 1355 1893 1421 ἄθλους

307 1432 407 1484 καὶ
435 1433 634 1502 τιμᾶτε
656 1433 754 1504 τὴν
785 1436 1031 1506 μνήμην,
1079 1438 1179 1500 τὰς
1218 1437 1498 1509 ἀοιδίμους
1528 1441 1744 1503 ὲκείνας
1777 1443 1898 1511 ἀρι-

313 1521 498 1584 στείας
533 1523 1133 1596 ὕπερεκπληττόμενοι,
1183 1526 1280 1591 οὓς
1317 1529 1413 1581 καὶ
1461 1529 1626 1600 θῆρες
1661 1530 1893 1601 ᾐδέσθη-

309 1629 435 1679 σαν,
471 1615 657 1668 καὶτὸ
693 1617 806 1688 πῦρ
847 1618 1106 1682 πολλάκις
1152 1621 1510 1690 καταπλαγὲν
1543 1621 1890 1694 ὑπεχώρησε,

306 1705 404 1758 καὶ
459 1706 677 1778 σίδηρος
714 1710 1110 1782 περιθραύεταί
1156 1730 1215 1765 τε
1275 1715 1371 1768 καὶ
1425 1713 1846 1784 ἀπαμϐλύνεται
1875 1753 1892 1780 ,

2004 634 2265 700 riﬁcanles
2299 653 2379 689 me
2411 676 2425 698 .
2477 637 2674 706 inquit,
2703 637 3013 708 glori/icabo
3036 677 3050 701 ,
3085 655 3247 692 verax
3297 642 3578 693 oraculum

2003 721 2080 773 ait
2101 722 2166 776 η.
2206 723 2322 788 Quo
2349 724 2425 790 id,
2458 725 2701 793 inquam,
2728 726 2927 781 modo?
2954 725 3162 796 Nempe
3190 728 3348 782 aliter
3365 743 3584 797 quoque

2003 812 2256 880 plurimis
2300 816 2738 887 sublimibusque
2777 820 3043 873 encomiis
3081 829 3247 888 atque
3285 821 3579 887 operibus,

2004 903 2200 971 dignus
2252 907 2333 960 eis
2383 907 2601 962 laudum
2657 910 2829 965 honor
2876 922 2926 964 et
2987 913 3157 980 gloria
3212 913 3580 982 impenditur;

2004 1007 2178 1062 neque
2209 1003 2389 1050 tamen
2425 1001 2603 1052 serius
2634 1015 2730 1069 per
2777 1016 2966 1056 sacras
3013 1003 3308 1072 imagines,
3354 1003 3407 1057 id
3439 1004 3584 1073 quod

2001 1097 2100 1137 nos
2152 1085 2390 1155 religiosi
2444 1104 2510 1144 ac
2569 1091 2989 1161 philomartyres
3045 1096 3203 1147 valde
3262 1094 3580 1163 satagimus.

2001 1170 2354 1230 Veneramini
2395 1192 2526 1248 ergo
2567 1181 2891 1247 certamina,
2925 1183 3193 1237 honorate
3235 1182 3583 1244 memoriam,

2000 1260 2237 1318 celebria
2272 1265 2360 1326 illa
2399 1267 2648 1323 facinora
2689 1272 3029 1326 admirantes
3065 1281 3392 1341 martyrum,
3442 1283 3585 1340 quos

2005 1354 2135 1408 fera:
2166 1370 2382 1426 quoque
2412 1362 2771 1428 erubuerunt,
2799 1365 2996 1432 quibus
3031 1365 3172 1435 ignis
3203 1379 3347 1434 saepe
3376 1364 3584 1428 cessit,

2005 1445 2526 1521 ferruminfractum
2550 1462 2636 1508 est
2663 1463 2720 1508 et
2749 1455 3027 1520 obtusum,
3061 1455 3305 1525 prenales
3351 1456 3586 1520 dirupta:

2005 1546 2132 1591 sunt
2165 1539 2460 1608 machina};
2512 1551 2569 1598 et
2614 1558 2775 1598 sensu
2821 1545 3226 1613 quodammodo
3280 1553 3422 1598 tacta
3473 1543 3588 1597 ele-

2007 1637 2211 1695 menta,
2259 1641 2558 1702 martyrum
2599 1649 2726 1702 erga
2759 1650 3104 1690 communem
3140 1635 3428 1690 Dominum
3459 1633 3589 1690 cha-

2007 1719 2223 1773 ritatem
2245 1763 2260 1786 ,
2286 1737 2383 1776 ceu
2411 1739 2676 1781 conserva
2700 1728 2934 1781 reverita
2961 1737 3110 1782 sunt.

307 1800 406 1852 καὶ
439 1800 509 1853 ea
556 1801 892 1874 κολαστήρια
946 1805 1312 1875 περιάγνυται
1359 1809 1897 1879 μηχανουργήματα,
1939 1814 2180 1882 στοιχεῖα
2248 1815 2306 1869 δὲ
2371 1816 2562 1891 ὥσπερ
2611 1820 2669 1872 ἐν
2699 1819 2950 1890 αἰσθήσει
2998 1820 3283 1890 γινόμενα,
3313 1818 3413 1890 τὴν
3451 1817 3589 1889 πρὸς

308 1892 401 1943 τὸν
444 1891 622 1945 κοινὸν
659 1894 940 1965 Δεσπότην
994 1895 1420 1968 εὐγνωμοσύνην
1474 1893 1562 1952 οἷα
1617 1899 1884 1970 ὁμόδουλα
1920 1903 2324 1977 δεδυσώπητάι.

385 1987 491 2049 νγ⁷.
528 1981 599 2033 Ἢ
626 1981 786 2034 τοῦτο
834 1982 936 2051 μὲν
967 1984 1096 2053 ὑμῖν
1125 1985 1185 2037 ού
1217 1984 1393 2050 δοκεῖ;
1443 1986 1795 2057 βδελύττεσθε
1839 1992 1901 2046 δὲ

2074 1993 2164 2050 55.
2208 1996 2291 2051 An
2347 2000 2476 2053 vero
2509 1999 2667 2054 aliter
2705 2014 2800 2055 vos
2837 2000 3210 2055 existimatis?
3242 2001 3588 2058 Aversamini

314 2072 415 2135 τὰς
438 2072 548 2125 τῶν
566 2073 739 2140 ἁγίων
781 2075 1105 2145 πρεσϐείας,
1153 2076 1520 2132 διασκάπτετε
1561 2079 1619 2133 δὲ
1660 2081 1762 2145 τὰς
1793 2083 1903 2138 τῶν

321 2165 486 2221 θείων
511 2167 914 2240 θυσιαστηρίων
947 2170 1100 2242 ἱερὰς
1129 2171 1432 2244 τραπέζας,
1461 2175 1549 2230 ἵνα
1577 2176 1677 2245 τῆς
1705 2178 1906 2247 φλογὸς

321 2260 437 2314 τῶν
466 2259 730 2329 λειψάνων
761 2262 967 2330 αὐτῶν,
1009 2264 1270 2337 καθάπερ
1301 2267 1331 2318 ὁ
1383 2267 1702 2334 διδάσκαλος
1749 2270 1905 2341 ὑμῶν

321 2353 605 2423 Μαμωνᾶς
633 2353 828 2424 ἔδρασε
862 2372 922 2407 τε
955 2356 1052 2411 xui.
1077 2357 1336 2425 ἐδίδαξεν,
1375 2360 1759 2432 ἐμφορηθῆτε;
1795 2362 1904 2416 Καὶ

318 2447 720 2516 καταχραίνετε
772 2448 954 2506 αὐτῶν
1003 2450 1130 2514 τοὺς
1177 2451 1510 2521 σεϐασμίους
1551 2453 1756 2519 οἴκους,
1811 2455 1906 2508 καὶ

314 2538 503 2606 πάσης
545 2535 812 2603 δυσωδίας
850 2543 947 2594 xui.
999 2544 1398 2614 αίσχρουργίας
1433 2545 1900 2616 ἀποπληροῦντες,

313 2629 730 2699 καταμολύνετε
759 2633 853 2686 xui.
877 2632 1172 2703 βεϐηλοῦτε
1197 2635 1265 2688 τά
1296 2635 1449 2704 ἀγια,
1469 2637 1585 2708 ἅμα
1600 2641 1712 2700 τοῖς
1739 2639 1907 2710 ίεροῖς

312 2721 502 2774 αὐτῶν
529 2725 917 2796 ὲκτυπώμασι,
972 2726 1040 2779 δι’
1083 2721 1159 2780 ὧν
1216 2728 1277 2780 αῖ
1304 2746 1363 2782 τε
1415 2730 1693 2800 ἁριστεῖαι
1727 2732 1822 2785 καὶ
1853 2732 1904 2784 οἱ

314 2813 558 2885 ἀοίδιμοι
589 2811 742 2870 ἆθλοι
769 2818 974 2883 αὐτῶν,
1003 2817 1195 2891 ὥσπερ
1227 2823 1350 2885 ταῖς
1380 2821 1604 2891 βίϐλοις,
1632 2822 1775 2877 οὕτω
1802 2826 1905 2878 κάν

314 2907 444 2969 ταῖς
485 2907 809 2977 ἐκκλησίαις
842 2910 1070 2974 καὶτοῖς
1101 2910 1321 2977 πίναξιν
1362 2911 1744 2983 ὲμπρέποντες
1773 2915 1907 2968 άνὰ-

315 3010 558 3067 γραπτοι
589 3000 991 3071 παραδέδονται
1023 3018 1036 3031 ·
1064 2999 1206 3056 ὥστε
1246 3002 1373 3065 τοὺς
1429 3002 1901 3073 ἀναθεωροῦντας,

317 3089 457 3160 πρὸς
485 3090 648 3160 ζῆλον
676 3091 778 3162 τῆς
819 3093 1159 3164 θεομιμήτου
1188 3093 1368 3146 αὐτῶν
1414 3093 1697 3157 πολιτείας
1750 3095 1903 3148 διαν-

320 3183 599 3237 ίστασθαι·
624 3187 719 3238 καὶ
743 3186 854 3239 τῶν
882 3186 1089 3257 βίδλων
1109 3188 1290 3242 αὐτῶν
1305 3205 1457 3252 τινας
1478 3187 1558 3258 τῷ
1580 3188 1717 3260 πυρὶ
1734 3205 1906 3258 παρα-

313 3274 575 3340 διδόντες,
614 3279 765 3330 κόνιν
799 3280 895 3333 καὶ
919 3279 1128 3352 τέφραν
1159 3279 1440 3346 ἀποδεῖξαι
1481 3281 1902 3348 διηγωνίσασθε,

2010 2098 2188 2144 autem
2244 2101 2560 2146 sanctorum
2625 2107 2853 2162 preces,
2900 2086 3169 2148 sutfoditis
3229 2103 3588 2164 augustorum

2009 2181 2266 2236 altarium
2302 2199 2488 2238 sacras
2529 2199 2771 2250 mensas,
2805 2183 3112 2239 ut-llamma
3135 2200 3201 2239 ex
3225 2186 3428 2239 'borum
3461 2185 3592 2240 reli-

2009 2272 2152 2342 quiis
2177 2275 2406 2348 ardente
2426 2313 2442 2341 ,
2479 2275 2642 2330 sicuti
2692 2284 2874 2329 vester
2917 2272 3196 2328 Manionas
3239 2274 3369 2329 fecit
3397 2289 3463 2329 ac
3491 2275 3591 2329 do-

2009 2366 2151 2432 cuit,
2220 2367 2618 2436 perfruamini?
2665 2369 2732 2423 Et
2789 2368 3129 2425 venerabiles
3195 2369 3388 2422 horum
3447 2369 3591 2425 aedes

2009 2459 2384 2526 conspurcatis
2405 2499 2420 2525 ,
2448 2459 2709 2528 omnique
2739 2458 2912 2512 fetore
2941 2473 3005 2512 ac
3039 2459 3370 2528 turpitudine
3399 2451 3589 2528 upplcé

2010 2546 2100 2610 tis,
2145 2557 2332 2602 sancta
2374 2549 2617 2618 pollnitis
2648 2558 2705 2604 et
2732 2548 3036 2618 profanatis
3076 2563 3199 2602 runt
3247 2547 3464 2602 illorum
3500 2562 3590 2603 sa—

2008 2637 2117 2692 cris
2140 2637 2436 2704 caalaturis,
2459 2639 2659 2708 quibus
2685 2650 2985 2710 martyrum
3011 2653 3098 2692 res
3123 2638 3380 2708 pneclare
3400 2650 3590 2707 gestae,

2008 2738 2062 2783 et
2093 2728 2330 2784 celebria
2359 2731 2679 2797 certamina,
2713 2746 2810 2785 cen
2854 2730 2911 2784 lit
2941 2730 2993 2782 in
3024 2728 3180 2783 libris
3224 2729 3297 2782 ita
3332 2729 3384 2782 in
3415 2727 3592 2783 eccle-

2008 2819 2108 2875 siis
2160 2835 2225 2874 ac
2280 2821 2480 2876 tabulis
2515 2821 2800 2890 splendide
2850 2821 2994 2890 picta
3048 2820 3409 2875 exhibentur.
3450 2819 3591 2885 Quill

2007 2912 2144 2967 adeo
2193 2913 2349 2967 libris
2399 2913 2565 2968 etiam
2613 2912 2821 2982 aliquot
2865 2913 2993 2967 talia
3027 2911 3437 2968 continentibus
3476 2911 3628 2988 igni.

1978 3004 2245 3068 ,traditis,
2283 3003 2522 3059 cinerem
2555 3003 2906 3073 favillamque
2949 3005 3048 3059 bos
3073 3003 3384 3058 ellicieudos
3425 3018 3590 3057 cura-

2010 3097 2146 3158 stis,
2188 3095 2359 3150 utsic
2392 3095 2557 3149 etiam
2609 3104 2921 3150 sanctorum
2971 3095 3290 3152 memoriam
3347 3095 3592 3150 funditus

2008 3186 2321 3242 aboleretis.
2345 3185 2462 3241 Jam
2501 3203 2628 3242 vero
2667 3189 2757 3256 qui
2795 3188 2867 3241 ita
2903 3189 3164 3243 adversus
3190 3195 3409 3243 sanctos
3443 3187 3592 3241 inso-

2009 3279 2218 3337 léscunt
2245 3279 2524 3350 (proutex
2566 3292 2624 3332 re
2664 3278 2944 3347 prtescnti,
2979 3278 3210 3347 quisque
3240 3277 3408 3338 volet,
3443 3277 3590 3329 allir-

316 3365 411 3417 ῖνα
438 3367 535 3418 καὶ
559 3367 656 3434 ,διὰ
677 3367 887 3422 τούτων
914 3369 1014 3441 τὴν
1046 3371 1274 3442 μνήμην
1333 3369 1517 3424 αὐτῶν
1549 3371 1732 3424 τέλεον
1765 3373 1902 3424 ἀποέ

2011 3372 2263 3428 mationis
2319 3371 2605 3424 veritatem
2641 3371 2948 3440 comperire
2997 3369 3262 3439 poterit),
3311 3367 3438 3437 quid
3485 3380 3590 3420 non

317 3456 552 3528 σϐἑσητε
583 3474 595 3488 ·
626 3460 674 3510 οί
701 3457 846 3513 οὕτω
870 3461 979 3513 τῶν
1008 3461 1182 3530 ἁγίων
1234 3462 1799 3532 κατανεανιευόμενοι,
1831 3462 1908 3526 ὡς

313 3550 383 3602 ἐκ
410 3549 521 3603 τῶν
544 3551 832 3622 παρόντων
863 3553 934 3606 τὰ
980 3552 1076 3606 τοῦ
1123 3552 1362 3624 ἀληθοῦς
1402 3554 1786 3624 τεκμήρασθαι
1827 3554 1908 3624 τῷ

316 3640 644 3712 βουλομένῳ
669 3643 836 3696 παντὶ
859 3644 955 3697 καὶ
973 3644 1206 3698 συνιδεῖν
1227 3643 1404 3709 ἔξεστι
1432 3663 1446 3676 ·
1475 3644 1528 3697 τί
1553 3645 1657 3698 ούκ
1681 3645 1907 3716 ἔμελλον

309 3731 431 3785 τῶν
463 3732 656 3786 δεινῶν
685 3734 780 3789 καὶ
811 3735 1064 3789 ἐκτόπων
1102 3737 1182 3798 είς
1211 3736 1411 3800 αὐτοὺς
1460 3736 1704 3807 δράσειν,
1747 3739 1908 3808 εἴπερ

312 3824 504 3886 αὐτοῖς
539 3826 902 3897 συνήκμασαν
926 3826 1050 3880 καθ’
1080 3826 1139 3881 ὃν
1169 3827 1361 3898 χρόνον
1388 3829 1448 3881 ὲν
1493 3829 1621 3899 τῇδε
1675 3831 1740 3899 τῇ
1791 3829 1904 3900 ζωῇ

2011 3472 2170 3520 erant
2196 3461 2372 3517 acturi
2404 3462 2734 3515 horrendum
2775 3472 2937 3530 atque
2969 3460 3286 3515 incredibile
3325 3461 3590 3514 adversus

2009 3563 2254 3618 sanctos,
2284 3553 2330 3607 si
2375 3552 2512 3606 forte
2545 3552 2596 3606 in
2632 3567 2694 3606 ea
2733 3560 2980 3622 tempora
3020 3551 3364 3615 incidissent,
3398 3551 3594 3618 quibus

2011 3647 2086 3702 illi
2137 3643 2432 3700 vixerunt?
2470 3641 2662 3698 Nonne
2721 3653 2870 3698 tanto
2913 3641 3099 3712 pejora
3136 3641 3498 3712 praesentibus
3538 3651 3595 3694 et

2011 3737 2214 3793 diriora
2246 3735 2529 3801 fecissent,
2573 3745 2780 3806 quanto
2814 3735 2987 3806 major
3023 3737 3214 3791 borum
3247 3750 3376 3807 erga
3408 3748 3588 3789 veram

2013 3829 2330 3900 religionem
2364 3828 2677 3884 adversatio
2717 3828 3010 3883 cernitur?

309 3921 627 3985 ὲόιότευον;
657 3916 768 3992 ἆρα
797 3920 918 3991 οὐχί
953 3919 1064 3974 τῶν
1092 3921 1380 3991 παρόντων
1409 3919 1591 3996 πολλῶ
1643 3921 1815 3993 χείρω
1843 3937 1904 3973 τε
1941 3921 2034 3974 καί
2099 3919 2484 3991 χαλεπώτερα,
2513 3918 2624 3989 ὅσῳ
2660 3919 2756 3972 καὶ
2820 3916 3025 3989 μείζων
3060 3917 3244 3982 αὐτοῖς
3266 3918 3300 3988 ή
3327 3915 3464 3987 ὑπὲρ
3489 3911 3593 3986 τῆς

311 4011 603 4075 εὐσεϐείας
625 4009 877 4074 ἔνστασις
908 4009 1268 4078 διεδείκνυτο;

389 4104 488 4158 νδ’.
536 4101 678 4156 Ἀλλ’
707 4102 1147 4156 ὑποπλάττονται
1178 4103 1278 4171 μὲν
1300 4103 1400 4154 ούκ
1430 4101 1652 4156 ἀσεϐεῖν
1673 4103 1751 4166 εἰς
1779 4103 1908 4166 τοὺς

311 4199 507 4260 ναοὺς,
560 4195 1025 4266 παραλογίζονται
1079 4195 1136 4248 δὲ
1180 4195 1427 4260 ἑαυτοὺς,
1483 4196 1760 4264 λέγοντες,
1823 4197 1906 4250 ὅτι

2058 4103 2148 4159 ει.
2184 4103 2291 4160 Sed
2323 4105 2470 4159 enim
2511 4102 2777 4158 simulant
2817 4114 2876 4156 se
2914 4103 3182 4156 adversus
3208 4101 3410 4170 templa
3448 4103 3593 4159 irrc-

2009 4196 2202 4267 ligiose
2250 4211 2355 4250 non
2402 4209 2591 4265 agere;
2624 4193 2719 4249 scd
2761 4193 2860 4263 ipsi
2897 4193 3002 4248 sibi
3031 4191 3210 4248 fucum
3255 4191 3459 4247 faciunt
3504 4197 3594 4248 di-

320 4309 338 4339 c
354 4287 539 4356 ’Ἃγιοί
555 4288 694 4340 είσιν
713 4281 884 4352 οὗτοι,
899 4285 988 4338 διὰ
1003 4282 1102 4349 τὰς
1121 4283 1455 4354 τελουμένας
1472 4284 1682 4349 θυσίας,
1701 4285 1902 4349 καὶτὰς

2010 4296 2200 4343 centes
2234 4304 2248 4339 :
2286 4305 2305 4338 ι
2343 4287 2452 4342 Ista
2489 4287 2705 4356 quidem
2739 4293 2927 4340 sancta
2959 4299 3104 4350 esse,
3133 4286 3202 4340 ob
3237 4285 3346 4340 illic
3374 4297 3592 4355 perat-ta

314 4379 476 4450 ἱερὰς
495 4379 663 4448 εύχάς
693 4379 790 4433 καὶ
814 4377 1279 4448 ὲπικλήσεις,τάς
1307 4378 1399 4432 ἐπὶ
1422 4378 1532 4432 τῶν
1562 4377 1907 4446 ὲδραιώσεων

314 4472 498 4526 αὐτῶν
527 4460 1002 4544 ἱερολογουμένας.
1043 4491 1062 4524 ι
1091 4468 1224 4525 Εἶτα
1254 4472 1372 4535 πῶς
1403 4473 1502 4524 οὐκ
1531 4471 1781 4524 ἀσύνετοι
1812 4470 1904 4524 καί

315 4566 668 4637 ἀπόπληκτοι
699 4564 958 4635 πάμπαν,
994 4565 1057 4617 ού
1100 4565 1375 4627 συνιέντες
1409 4564 1485 4628 ὡς
1513 4565 1636 4618 καθ’
1665 4563 1786 4617 ὅλον
1813 4563 1904 4617 τὸν

316 4658 453 4710 ναδν
477 4657 569 4710 τοῦ
604 4657 884 4729 ἁγιασμοῦ
915 4658 1168 4729 διαφοιτᾷ
1195 4659 1374 4728 χάρις,
1411 4657 1507 4712 καὶ
1536 4660 1570 4729 ἡ
1613 4656 1708 4710 τοῦ
1743 4658 1904 4726 ἁγίου

2009 4377 2302 4442 sacriﬁcia,
2331 4387 2386 4432 et
2416 4392 2601 4432 sacras
2633 4392 2823 4446 preces
2846 4387 3009 4445 atque
3037 4377 3435 4442 invocationes,
3473 4394 3593 4447 qua:

2013 4469 2067 4524 in
2113 4483 2301 4522 eorum
2337 4467 2747 4524 fundationibus
2786 4469 2942 4523 fiunt.
2979 4486 2997 4518 ι
3036 4467 3201 4537 Atqui
3241 4469 3428 4537 quidni
3468 4479 3595 4524 ευιιι

2013 4558 2145 4613 fatui
2181 4558 2472 4628 stolidique
2497 4559 2745 4624 omnino,
2783 4574 2909 4614 cum
2947 4575 3054 4613 non
3098 4560 3408 4629 intelligant
3462 4577 3592 4614 san-

2014 4650 2366 4708 ctificationis
2390 4651 2621 4720 gratiam
2656 4651 2941 4718 sanctique
2970 4649 3208 4719 Spiritus
3242 4651 3591 4720 przesentiam

317 4749 598 4817 παρουσία
627 4747 979 4819 Πνεύματος;
1011 4749 1072 4802 οὔ
1106 4749 1214 4819 γὰρ
1251 4751 1317 4802 ἐκ
1363 4749 1560 4819 μέτρου
1610 4748 1813 4802 δίδοται
1844 4748 1902 4802 τὸ

2012 4743 2079 4798 ad
2109 4752 2280 4797 totum
2317 4742 2570 4812 templum
2607 4741 2917 4812 pertinere?
2945 4756 3120 4812 neque
3149 4743 3295 4796 enim
3336 4743 3403 4796 ad
3445 4757 3596 4796 meu-

313 4838 562 4909 Πνεῦμασ
596 4839 720 4893 οὐδὲ
739 4838 800 4892 τδ
823 4839 925 4909 μὲν
953 4838 1046 4893 τοῦ
1075 4839 1204 4892 ναοῦ
1235 4839 1400 4910 μέρος
1420 4839 1518 4911 τὴν
1539 4841 1700 4909 χάριν
1731 4857 1899 4911 προσ-

310 4933 535 4999 άγεται,
573 4931 637 4984 τὺ
681 4931 739 4984 δὲ
772 4931 979 5001 ταύτης
1013 4931 1456 5001 ἁπολιμπάνεται
1482 4947 1496 4960 ·
1534 4932 1566 5004 ἢ
1626 4933 1735 5003 γὰρ
1783 4932 1905 4996 ὅλος

315 5021 470 5092 ἱερός
499 5023 671 5074 τεκαὶ
700 5021 878 5091 ἅγιος,
911 5022 945 5094 ἢ
992 5022 1110 5086 ὅλος
1141 5024 1423 5093 ἐναγής-τε
1455 5026 1551 5076 καὶ
1573 5023 1901 5094 ἀκάθαρτος.

326 5112 492 5166 Ἀλλὰ
535 5113 601 5164 σύ
634 5130 720 5182 γε,
772 5107 818 5166 ὦ
849 5112 1336 5186 φιλαπερίγραπτε
1397 5115 1495 5168 καὶ
1532 5116 1904 5186 μισόμαρτυς,

317 5205 680 5276 περιγράφων
700 5205 791 5258 τὸν
821 5207 1114 5276 ἁγιασμόν,
1159 5207 1219 5259 τὸ
1253 5208 1362 5260 πᾶν
1393 5207 1716 5278 ἀποστερεῖς
1739 5208 1904 5276 ἀνοή-

317 5315 451 5364 τως,
567 5297 630 5350 τὸ
660 5297 844 5364 πλέον,
896 5301 945 5352 εί
974 5300 1082 5372 χρὴ
1132 5300 1660 5372 παρρησιασάμενον
1707 5301 1906 5363 εἰπεῖν,

322 5393 641 5460 πρόσεστιν,
675 5392 1080 5463 ὑφαιρούμενος
1102 5410 1117 5425 ο
1168 5395 1357 5465 ἐπειδὴ
1401 5393 1576 5447 ταῦτα
1599 5395 1696 5446 καὶ
1730 5393 1906 5456 ἄλλως

325 5481 616 5552 μετέχουσι
675 5483 897 5555 χάριτος
928 5499 942 5514 ·
976 5484 1167 5556 ὥσπερ
1211 5485 1319 5555 γὰρ
1363 5485 1414 5537 οἱ
1475 5486 1595 5538 ναοὶ
1640 5483 1740 5555 τὴν
1795 5483 1907 5536 τῶν

320 5572 495 5640 ἁγίων
543 5575 868 5646 ἐπωνυμίαν
917 5575 1185 5646 δέχονται,
1243 5575 1390 5630 οὕτω
1439 5576 1537 5630 καὶ
1582 5577 1652 5630 τὰ
1701 5575 1908 5633 τούτων

315 5663 785 5738 ἁπεικονίσματα,
811 5667 909 5740 τὴν
944 5669 1135 5740 κλῆσιν
1177 5669 1358 5722 αὐτῶν
1405 5669 1491 5723 διὰ
1541 5671 1636 5739 τῆς
1675 5671 1908 5739 ἐπιγρα-

397 5824 444 5856 ¹⁸
482 5823 502 5876 1
532 5823 666 5896 Reg.
703 5842 760 5892 It,
785 5827 874 5882 50.
955 5828 997 5859 ¹³
1027 5824 1180 5882 Joau.
1211 5843 1295 5895 ιιι,
1331 5827 1418 5881 55.

2012 4851 2194 4892 suram
2231 4834 2394 4890 datur
2429 4833 2760 4903 Spiritus";
2795 4849 2971 4904 neque
3001 4849 3126 4902 pars
3151 4834 3372 4903 quidem
3407 4835 3593 4904 templi

2011 4928 2184 5000 gratia
2235 4928 2516 4992 imbuitur,
2549 4941 2674 4997 pars
2717 4936 2896 4981 autem
2927 4927 3028 4982 hac
3061 4928 3401 4982 destituitur.
3454 4926 3590 4982 Nam

2011 5023 2096 5075 vel
2133 5029 2304 5075 totum
2356 5034 2572 5074 sacrum
2606 5029 2690 5074 est
2743 5028 2799 5073 et
2837 5029 3125 5085 sanctum,
3175 5019 3258 5075 vel
3308 5020 3594 5089 profanum

2015 5123 2186 5170 totum
2218 5120 2384 5183 atque
2410 5112 2694 5181 pollutum.
2726 5113 2795 5167 At
2821 5120 2899 5176 tu,
2939 5112 3032 5181 qui
3062 5112 3593 5181 incircumscriptum

2015 5222 2188 5271 amas,
2236 5215 2292 5260 et
2341 5215 2612 5276 martyres
2639 5204 2767 5260 odio
2801 5205 2991 5270 habes,
3038 5206 3164 5259 dum
3199 5203 3598 5257 sanctificatio-

2017 5311 2140 5351 nem
2179 5297 2610 5363 circumscribis,
2647 5311 2762 5350 rem
2807 5304 2974 5350 totam
3022 5294 3352 5365 insipienter
3386 5292 3594 5356 aufers,

2015 5390 2142 5456 quia
2195 5389 2280 5443 cui
2333 5388 2456 5457 plus
2507 5389 2686 5452 inest,
2743 5387 2790 5442 si
2823 5385 3164 5441 confidenter
3194 5385 3380 5439 dicere
3428 5383 3594 5446 licet,

2016 5481 2330 5548 subtrahis;
2390 5481 2646 5550 quoniam
2701 5479 2817 5534 haec
2867 5477 3088 5532 aliunde
3141 5476 3305 5531 etiam
3359 5473 3594 5543 gratiam

2016 5573 2370 5650 participant.
2414 5570 2549 5626 Nam
2585 5570 2726 5626 sicut
2757 5568 2954 5640 templa
2978 5584 3022 5623 .a
3055 5566 3266 5622 sanctis
3304 5565 3468 5620 rebus
3503 5579 3600 5633 ap-

2017 5663 2364 5735 pellationem
2408 5661 2702 5732 accipiunt,
2734 5660 2805 5716 ita
2838 5668 2893 5717 ct
2936 5669 3252 5715 sanctorum
3298 5656 3597 5714 simulacra
