4004 6510
307 463 427 534 481

1038 464 1670 528 ANTIRRHETICUS
1708 466 1801 525 III
1841 464 2008 526 on.
2049 446 2641 527 CONSTANTINUM
2680 467 2895 531 corn.

3483 470 3591 538 482

308 582 746 651 ἀπειθέστερος,
770 580 839 632 τὰ
860 578 981 633 θεῖα
1009 581 1415 653 προστάγματα
1440 580 1779 634 καταπατῶν
1817 580 1905 634 καὶ

2016 578 2136 632 ciur
2164 560 2300 633 'cum
2335 579 2410 633 sis
2438 619 2454 642 ,
2495 579 2677 631 divina
2723 587 2991 651 praecepta
3022 581 3251 650 pedibus
3284 587 3506 642 trahens
3535 581 3593 642 et

306 676 400 739 ὡς
432 672 657 727 παιδιὰν
676 669 1049 741 λογιζόμενος,
1082 670 1415 740 Χριστιανὸν
1449 688 1508 723 σε
1541 669 1836 739 γινώσκειν
1877 669 1911 742 ἢ

305 767 513 822 καλεῖν
546 765 609 817 οὐ
651 762 896 831 θεμιτόν.
947 761 1055 825 Οὓς
1091 762 1200 832 γὰρ
1234 764 1372 832 μήτε
1404 763 1737 833 ἁποστολικὴ
1765 763 1912 815 estea-

314 859 526 914 σκαλία
561 854 812 919 πέπεικε,
863 856 1002 925 μήτε
1024 854 1337 925 νομοθετῶν
1374 854 1469 908 καὶ
1496 855 1794 927 προφητῶν
1825 856 1915 908 θε-

321 946 844 1022 σμοὶὲπηγάγοντο,
868 946 1004 1016 μήτε
1022 945 1187 998 αὑτοῦ
1212 946 1348 999 Θεοῦ
1373 947 1702 1018 προστάξεις
1734 948 1912 1001 ἐκδει-

326 1041 568 1116 ματοῦσι
612 1039 710 1093 καὶ
757 1037 1094 1108 ἐντάλματα,
1133 1038 1252 1102 πῶς
1310 1037 1379 1092 ἂν
1428 1039 1528 1109 τῆς
1568 1038 1910 1107 Χριστιανῶν

322 1135 531 1205 μοίρας
567 1146 653 1191 τις
695 1127 1063 1198 ὑπολήψοιτο;
1108 1128 1173 1181 Εἰ
1208 1128 1308 1199 μὲν
1342 1124 1436 1183 οὖν
1487 1128 1771 1198 ἐξεγένετό
1801 1145 1910 1183 τινι

313 1206 669 1294 Χριστιανόν
689 1235 749 1271 σε
783 1220 973 1271 πεῖσαι
1002 1218 1281 1287 γενέσθαι,
1305 1220 1460 1273 οὐδὲν
1489 1219 1557 1274 ἂν
1587 1220 1777 1290 ἐδέησε
1815 1220 1910 1274 τοῦ

312 1314 459 1383 περὶ
490 1311 720 1364 εἰκόνων
750 1309 999 1380 Χριστοῦ
1059 1311 1155 1364 καὶ
1184 1311 1295 1364 τῶν
1333 1312 1504 1379 ἁγίων
1546 1310 1707 1380 λόγου
1742 1329 1758 1343 ·
1792 1312 1911 1365 ἐπί-

314 1420 562 1467 στευσας
600 1402 708 1474 γὰρ
735 1402 823 1483 ay,
860 1403 943 1456 ὃτι
980 1401 1078 1456 καὶ
1105 1402 1399 1474 ἐσαρκώθη
1429 1404 1527 1457 καὶ
1566 1405 1906 1476 ἐσωματώθη

315 1500 349 1551 ὁ
371 1497 468 1551 τοῦ
496 1495 635 1549 Θεοῦ
675 1496 869 1564 Λόγος,
896 1495 992 1549 καὶ
1017 1495 1441 1566 ὲνηνθρὼπησεν
1460 1501 1517 1551 ὲν
1543 1499 1791 1570 ἀληθείᾳ,
1816 1498 1911 1552 καὶ

316 1589 389 1641 οὐ
414 1588 638 1658 δοκήσει
678 1587 773 1640 καὶ
805 1586 1080 1658 φαντασίᾳ
1110 1602 1125 1617 '
1158 1588 1434 1657 ἐκήρυξας
1459 1590 1503 1643 δ’
1529 1589 1596 1644 ἂν
1618 1593 1713 1644 καὶ
1752 1609 1911 1660 περι-

310 1680 573 1750 γραπτὺν
624 1677 793 1732 αὑτοῦ
822 1678 884 1730 τὸ
918 1676 1099 1748 σῶμα,
1131 1678 1228 1732 καὶ
1260 1681 1486 1750 οὐδεμία
1520 1699 1604 1734 σοι
1643 1683 1771 1753 περὶ
1799 1682 1908 1737 τῶν

309 1773 425 1841 τῆς
476 1770 715 1833 πίστεως
774 1769 935 1840 ἡμῶν
1000 1770 1164 1839 ἱερῶν
1219 1772 1505 1841 συμϐόλων
1557 1775 1905 1844 ἅμφιὸολία·

317 1863 466 1918 ἀλλὰ
491 1863 637 1933 λόγῳ
677 1861 776 1932 μὲν
809 1862 904 1914 καὶ
942 1862 1030 1913 ἐπ’
1068 1862 1223 1932 ἄκρῳ
1246 1863 1517 1936 γλώττης,
1542 1866 1605 1918 τὺ
1633 1867 1728 1921 τοῦ
1767 1868 1907 1939 Χρι-

320 1956 549 2010 στιανοῦ
587 1952 802 2025 σεαυτῷ
847 1953 1239 2023 περιπλάττων
1287 1957 1679 2028 ὲπιχρωννύεις
1709 1958 1903 2028 ὄνομα,

256 2052 263 2057 “
319 2048 476 2120 ἔργῳ
506 2049 563 2101 δὲ
588 2047 672 2100 ὃτι
713 2046 1031 2099 παντάπασι
1061 2048 1161 2117 τὴν
1185 2048 1279 2101 τοῦ
1315 2050 1556 2119 Χριστοῦ
1588 2052 1907 2121 οἰκονομίαν

322 2139 624 2211 ἀπαναίνη,
652 2140 722 2191 τὰ
748 2136 837 2190 διὰ
866 2137 977 2190 τῶν
1008 2138 1209 2208 χειρῶν
1235 2157 1327 2192 σου
1354 2143 1706 2212 πραττόμενα
1734 2160 1907 2213 μεγα-

320 2230 585 2299 hostium);
618 2232 887 2300 μαρτυρεῖ
912 2245 927 2259 '
960 2232 1095 2300 ἡμῖν
1141 2231 1198 2283 δὲ
1247 2232 1539 2286 καὶ³πᾶσιν
1571 2234 1902 2307 ἀνθρώποις,

322 2319 414 2385 οἷς
469 2326 497 2375 ὁ
558 2323 717 2392 φόϐος
772 2322 981 2391 Κυρίου
1046 2324 1482 2392 ὲμπεφύθευται,
1522 2327 1616 2379 καὶ
1667 2327 1736 2379 τὰ
1788 2327 1906 2379 θεῖα

321 2416 511 2467 σέϐειν
540 2422 630 2468 καὶ
655 2415 824 2484 τιμᾷν
859 2414 1228 2486 μεμαθηκόσι,
1270 2418 1365 2470 καὶ
1420 2419 1485 2471 ἐκ
1518 2419 1633 2470 τῶν
1678 2420 1905 2471 Μωσαῖ-

315 2507 442 2559 κῶν
491 2506 975 2575 Συγγραμμάτων,
1031 2506 1234 2575 μᾶλλον
1281 2507 1337 2558 δὲ
1384 2506 1493 2559 τῶν
1533 2506 1907 2561 θεοπνεύστων

311 2602 606 2669 ῥημάτων,
645 2601 887 2669 ἐμφανὲς
928 2598 1273 2659 καθίσταται,
1313 2600 1395 2651 ὅτι
1429 2600 1520 2652 καὶ
1553 2600 1603 2652 οἱ
1642 2600 1788 2667 ἆγιοι
1816 2599 1910 2669 ἄγ-

315 2692 481 2760 γελοι
516 2692 827 2763 γράφονται
868 2692 965 2745 καὶ
997 2692 1356 2755 εἰκονίζονται
1380 2708 1393 2723 ’
1423 2693 1518 2745 καὶ
1565 2692 1653 2745 διὰ
1689 2692 1799 2744 τῶν
1826 2693 1906 2744 εί-

305 2781 499 2834 κόνων
540 2780 721 2833 αὐτῶν
746 2780 826 2841 ὡς
857 2778 1018 2850 ἱερῶν
1049 2781 1181 2844 Θεὸς
1209 2782 1594 2850 ἐμφανίζεται.
1651 2781 1909 2835 Ἐκεῖθεν

305 2872 455 2943 τὰρ,
502 2873 691 2940 φησὶν,
728 2869 1159 2941 τνωσθήσομαὶ
1190 2888 1311 2928 σοι.
1386 2873 1487 2940 ,Διὸ
1525 2873 1907 2944 προσκυνηταί

313 2969 433 3018 εἰσι
463 2968 556 3018 καὶ
583 2964 737 3033 ἆγιαι
770 2981 783 2994 ·
817 2967 865 3018 εί
894 2965 950 3018 δὲ
1003 2966 1061 3019 αἱ
1095 2966 1396 3037 ὑπέρταται
1425 2966 1607 3019 οὐσίαι
1656 2967 1746 3020 καὶ
1787 2965 1906 3037 Θεῷ

314 3056 737 3125 πλησιάζουσαι
784 3056 1167 3122 εἰκονίζονται,
1225 3058 1383 3129 δῆλον
1413 3058 1489 3120 ῶς
1531 3058 1626 3111 καὶ
1675 3061 1733 3111 αἱ
1773 3059 1907 3110 ὑπο-

315 3151 617 3220 ϐεϐηκυῖαν.
640 3150 903 3219 δυνάμεις
927 3149 1422 3219 είκονισθήσονται,
1453 3152 1548 3203 καὶ
1590 3151 1741 3221 παρὰ
1765 3151 1902 3221 Χρι-

2018 669 2257 724 ludibrio
2322 671 2565 733 habens,
2624 669 2994 725 Christianum
3052 682 3104 728 te
3156 689 3455 744 agnoscere
3499 686 3595 732 aut
3671 704 3679 710 ’

2019 761 2297 830 appellare
2346 778 2449 815 non
2483 762 2632 817 licet.
2667 762 2815 828 Quos
2853 764 2997 818 enim
3032 778 3206 833 neque
3234 769 3593 836 apostoiicum

2017 852 2389 922 magisterium
2430 855 2808 923 persuadendo
2852 854 3057 921 vincit,
3105 871 3282 926 neque
3324 859 3595 928 legislato-

2017 959 2137 997 rum
2192 958 2256 998 ac
2305 946 2692 1014 prophetarum
2754 948 2970 1002 decreta
3018 962 3366 1019 permovent,
3420 969 3596 1024 neque

2017 1033 2189 1105 ipsiu’s
2221 1036 2312 1089 Dei
2351 1038 2649 1091 constituta
2685 1047 2741 1092 et
2767 1042 3281 1109 mandata'terrent,
3314 1058 3413 1098 cur
3438 1046 3593 1114 quis-

2015 1140 2178 1192 quam
2215 1126 2267 1179 in
2301 1125 2740 1182 Christianorum
2774 1129 3019 1197 partibus
3049 1145 3145 1185 eos
3195 1146 3317 1189 esse
3347 1133 3595 1203 judiceti

2014 1216 2072 1271 Si
2117 1230 2250 1287 ergo
2283 1218 2577 1283 accideret,
2608 1229 2667 1272 ut
2706 1219 2799 1274 tibi
2825 1222 3024 1291 aliquis
3065 1222 3436 1279 Christianum
3475 1227 3591 1281 ﬁeri

2015 1307 2276 1362 Suaderet
2297 1347 2313 1372 ,
2344 1309 2477 1362 nihil
2512 1324 2645 1363 sane
2669 1310 2717 1365 ei
2752 1325 2887 1380 opus
2912 1320 2999 1367 est
3038 1315 3104 1368 de
3132 1314 3337 1369 Christi
3368 1326 3592 1373 sancto-‘-

2013 1411 2252 1466 rumque
2281 1398 2612 1467 imaginibus
2639 1397 2809 1468 loqui.
2846 1398 3040 1456 Credis
3066 1403 3211 1457 enim
3246 1405 3590 1459 incarnatmn

2012 1505 2135 1545 esse
2165 1500 2220 1545 et
2264 1502 2616 1560 corporatum
2653 1491 2759 1563 Dei.
2800 1489 3076 1558 Verbum,
3124 1492 3357 1565 vereque
3400 1498 3594 1551 Imma-

2012 1593 2225 1644 nattnn.
2254 1591 2307 1637 et
2328 1597 2433 1636 non
2462 1586 2792 1653 apparenier
2817 1592 2988 1654 alque
3002 1585 3367 1653 phantastice.
3397 1589 3593 1642 Dixisti
3643 1576 3652 1587 ’

2012 1677 2178 1731 etiam
2235 1675 2715 1745 circumscriptum
2774 1689 2897 1730 esse
2950 1692 3148 1746 corpus
3207 1678 3361 1747 ejus,
3418 1693 3595 1748 neque

2012 1769 2182 1824 ullum
2219 1769 2317 1825 tibi
2349 1778 2432 1824 est
2482 1770 2548 1824 de
2578 1779 2778 1824 nostrae
2823 1770 2952 1825 ﬁdei
2981 1772 3155 1826 sacris
3200 1772 3465 1842 symbolis
3494 1775 3595 1827 du-

2013 1860 2183 1914 bium.
2221 1858 2584 1913 Nihilominus
2615 1858 2842 1913 summis
2879 1868 3086 1913 tantum
3134 1859 3293 1916 labiis
3317 1871 3374 1917 et
3404 1863 3595 1919 verbo-

2012 1960 2169 2005 tenus
2218 1949 2522 2006 Christiani
2564 1949 2659 2005 tibi
2702 1949 3025 2005 simulanter
3056 1953 3309 2022 appiugis
3350 1968 3590 2019 nomen,

2009 2058 2172 2113 opere
2238 2051 2418 2097 autem
2476 2042 2596 2113 ipso
2651 2043 2857 2098 Christi
2928 2044 3366 2100 incarnatiOnem
3433 2063 3465 2102 a
3539 2058 3593 2104 te

2008 2148 2238 2203 prorsus
2265 2134 2475 2204 negari,
2507 2133 2650 2188 facta
2676 2144 2765 2189 tua
2791 2135 3099 2191 vehementi
3128 2153 3261 2191 voce
3294 2149 3588 2196 testantur.
3666 2128 3669 2131 γ

2008 2222 2177 2279 Nohis
2209 2238 2341 2279 vero
2386 2225 2705 2294 cunctisque
2750 2226 3095 2293 hominibus,
3131 2229 3329 2296 quibus
3377 2229 3591 2286 Domini

2011 2315 2178 2367 timor
2204 2323 2290 2367 est
2327 2313 2548 2377 insitus,
2579 2314 2780 2383 quique
2813 2331 2901 2369 res
2940 2316 3153 2370 divinas
3193 2317 3373 2371 colere
3406 2330 3461 2373 et
3496 2320 3593 2373 ho-

2010 2422 2207 2462 norare
2239 2407 2383 2460 docti
2410 2421 2618 2469 sumus,
2652 2422 2716 2460 ex
2743 2407 2994 2463 Mosaicis
3022 2424 3239 2478 quoque
3263 2408 3586 2478 Scripturis,

2009 2499 2094 2555 vel
2140 2500 2321 2569 potius
2350 2515 2418 2553 ex
2461 2498 2740 2568 inspiratis
2771 2515 2801 2552 a
2830 2500 2940 2554 Deo
2972 2502 3215 2555 oraculis
3249 2514 3589 2572 compertum

2010 2603 2096 2646 est
2136 2604 2359 2646 sanctos
2396 2604 2613 2661 quoque
2644 2591 2862 2659 angelos
2899 2592 3044 2661 pingi
3078 2600 3133 2645 et
3167 2591 3427 2661 ﬁgurari;
3463 2608 3588 2662 per-

2009 2698 2115 2750 que
2169 2684 2361 2736 horum
2420 2697 2608 2735 sacras
2662 2682 2924 2751 imagines
2989 2683 3155 2735 Deum
3224 2684 3584 2740 manifestari.

2009 2773 2173 2828 Illinc
2206 2775 2382 2837 enim,
2430 2773 2635 2842 inquit,
2675 2773 3004 2827 innotescunt
3042 2774 3136 2826 tibi
3170 2774 3237 2829 ⁸⁸.
3277 2774 3419 2830 Sunt
3458 2793 3589 2845 ergo

2010 2866 2092 2919 hae
2114 2867 2442 2919 Neneranda':
2483 2880 2546 2919 ac
2595 2875 2817 2919 sanctce.
2849 2863 2970 2918 Jam
3020 2865 3062 2918 si
3099 2862 3379 2921 altissimae
3426 2867 3590 2938 128

2008 2956 2331 3010 substantiae
2374 2964 2431 3010 et
2464 2954 2577 3010 Deo
2602 2957 2863 3025 proxima:
2893 2955 3218 3022 ligurantur,
3241 2957 3585 3026 exploratum

2008 3054 2091 3100 est
2141 3045 2431 3099 inferiores
2477 3060 2695 3115 quoque
2747 3047 3021 3115 potentias
3077 3046 3193 3101 fore
3231 3048 3585 3117 ﬁgurandus,

2009 3146 2174 3205 atque
2226 3152 2256 3191 a
2307 3136 2634 3193 Christianis
2684 3151 2783 3192 ceu
2817 3151 3005 3192 sacras
3039 3138 3386 3195 honorandus
3431 3151 3487 3195 et
3529 3142 3587 3195 iu

315 3214 564 3306 cna-vei;
591 3242 667 3306 ὡς
711 3214 834 3313 ἱερὰ
872 3242 969 3295 καὶ
1001 3214 1371 3313 τιμηθήσεται
1402 3242 1498 3295 καὶ
1526 3214 1905 3314 προσπυνηθή-
1931 3248 1974 3308 C
2009 3229 2238 3300 Ρίοιυτίε
2268 3231 2534 3300 οιιεείιιιῑσ
2559 3214 2837 3286 (τοὼυάθεο

314 3355 480 3392 σεται
510 3335 859 3408 γραφόμενα.

394 3429 496 3494 vC’.
533 3430 752 3500 Ἐπειδὴ
792 3428 849 3481 δὲ
877 3426 1031 3480 οὐδὲν
1066 3427 1177 3480 τῶν
1226 3428 1457 3482 ἀνοσίων
1507 3428 1602 3482 καὶ
1653 3429 1902 3484 ἐκτόπων

314 3524 510 3586 αὐτοῖς
555 3521 1014 3594 παραλέλειπται,
1067 3520 1097 3573 ὃ
1152 3522 1227 3592 μὴ
1280 3521 1420 3575 κατὰ
1460 3522 1560 3592 τῆς
1605 3523 1904 3593 καθολικῆς

331 3614 670 3685 Ἑκκλησίας
725 3613 1150 3684 ἐκμελετῶντες,
1225 3612 1651 3684 πεφλυαρήκασί
1700 3631 1761 3666 τε
1813 3615 1906 3667 καὶ

316 3704 762 3772 κατεπράξαντο·
806 3702 902 3755 καὶ
929 3702 1039 3772 γὰρ
1078 3700 1339 3765 καθάπαξ
1384 3701 1476 3754 ἐπὶ
1517 3703 1584 3772 τῇ
1630 3700 1805 3773 λύσσῃ
1836 3702 1902 3772 τῇ

314 3797 641 3864 Μανιχαῖκῇ
685 3792 1142 3857 ἑαλωκότες,.τὰς
1195 3791 1430 3862 μανικὰς
1458 3792 1903 3862 ἁπαμϐλίσκουσι

313 3885 426 3956 τῆς
450 3886 677 3957 καρδίας
712 3884 908 3947 ὠδῖνας
928 3900 942 3915 ·
976 3883 1072 3936 καὶ
1100 3881 1290 3954 ὥσπερ
1323 3884 1650 3954 μεμηνότες,
1684 3884 1785 3946 τὰς
1803 3882 1903 3953 τῆς

314 3978 586 4047 ἀληθείας
617 3977 834 4042 εἰκόνας
863 3977 959 4032 καὶ
988 3976 1098 4030 τῶν
1118 3976 1337 4045 ἀληθῶν
1356 3976 1458 4046 τὴν
1491 3977 1719 4047 μνήμην
1768 3977 1902 4045 ἡμῖν

312 4069 724 4139 διασαλζούσας,
749 4071 801 4123 οἱ
835 4069 930 4123 τοῦ
956 4068 1191 4138 ψεύδους
1228 4069 1593 4132 ὑπασπισταὶ,
1624 4066 1904 4137 ψευδωνύ-

317 4177 463 4232 μους
496 4159 895 4230 κατονομάζειν
923 4161 984 4213 οὐ
1003 4159 1472 4229 καταπεφρίκασι,
1520 4163 1634 4223 τοῖς
1668 4160 1903 4230 ἀρχετύ-

315 4266 450 4313 ποις
478 4250 539 4303 τὸ
559 4249 759 4319 ψεῦδος
785 4250 1148 4315 ἁνάπτοντες,
1193 4249 1295 4301 οὐκ
1327 4249 1435 4302 ἀπὸ
1482 4248 1687 4302 σκοποῦ
1719 4249 1902 4325 eaea-

320 4360 431 4414 μεν
456 4341 525 4395 τὰ
556 4341 654 4395 νῦν
708 4341 1097 4411 ὑποδραμόντα
1123 4342 1241 4404 τοῖς
1294 4340 1678 4410 προεκτεθείσι
1731 4357 1904 4411 προσ-

317 4433 534 4486 θεῖναι·
568 4430 839 4494 εὐσθενῶς
869 4431 979 4503 γὰρ
1024 4431 1173 4490 ὅπως
1215 4429 1560 4501 ἐξελεγχθείη
1605 4430 1783 4483 αὐτῶν
1832 4430 1903 4484 τὰ

2078 3409 2166 3465 57.
2206 3410 2315 3465 Sed
2364 3412 2499 3465 nihil
2531 3413 2756 3483 impium
2801 3414 3167 3471 absurdumve
3204 3417 3271 3470 ab
3313 3416 3396 3471 his
3442 3433 3588 3488 prte-

2005 3505 2319 3558 termissum
2354 3502 2493 3566 fuit,
2526 3505 2668 3572 quod
2700 3506 2942 3561 studiose
2968 3509 3231 3563 adversus
3256 3509 3581 3567 catholicam

2005 3594 2311 3650 Ecclesium
2351 3611 2456 3648 non
2489 3595 2599 3649 sint
2630 3597 2801 3651 moliti
2830 3604 2925 3652 aut
2954 3601 3164 3668 nugati.
3200 3597 3337 3654 Nam
3368 3617 3434 3656 ex
3478 3613 3591 3672 quo

2006 3685 2302 3740 hiauit-ham
2339 3687 2492 3741 rabie
2542 3696 2669 3741 sunt
2717 3690 2977 3759 correpti,
3017 3691 3296 3747 maniacos
3350 3691 3583 3747 fundunt

2005 3775 2189 3831 cordis
2241 3777 2501 3840 abortus;
2536 3785 2587 3831 et
2634 3779 2789 3846 quasi
2833 3778 3131 3849 lymphati,
3166 3782 3414 3835 veritatis
3448 3783 3584 3837 ima-

2004 3870 2155 3938 gines
2177 3910 2192 3932 ,
2224 3869 2405 3935 idest,
2432 3884 2553 3938 qua:
2577 3884 2829 3924 verarum
2866 3884 3043 3926 rerum
3075 3874 3396 3928 memoriam
3423 3876 3586 3929 nobis

2003 3971 2329 4016 conservant
2353 4001 2368 4024 ,
2404 3963 2455 4016 hi
2497 3961 2755 4017 falsitatis
2792 3962 3138 4029 defensores,
3182 3966 3588 4035 pseudonymas

2003 4050 2277 4119 appellare
2306 4067 2417 4105 non
2453 4063 2722 4117 verentur,
2748 4053 3059 4122 archetvpis
3083 4054 3373 4109 falsitatem
3427 4056 3582 4109 alliu-

2001 4144 2225 4205 geutes;
2256 4139 2401 4191 haud
2431 4138 2671 4193 alienum
2705 4140 2982 4211 proposito
3018 4151 3207 4196 nostro
3241 4144 3591 4197 arbitramur

2001 4243 2122 4298 qua:
2156 4244 2302 4289 nunc
2334 4230 2500 4283 menti
2530 4241 2858 4285 succurrunt
2887 4233 3217 4299 supradictis
3243 4231 3586 4303 adiungere;

2005 4337 2334 4393 magnopere
2361 4323 2505 4376 enim
2550 4323 2668 4377 haec
2697 4328 3057 4396 coarguenda:
3099 4327 3316 4381 illorum
3357 4328 3591 4383 in<aliiiB

2004 4414 2333 4482 malitiaeque
2389 4415 2714 4483 proderunt.
2756 4414 2894 4468 Nam
2938 4417 3031 4484 qui
3080 4417 3266 4472 divino
3319 4419 3586 4473 resistunt

316 4525 424 4593 τῆς
449 4521 711 4586 ἀπονοίας
734 4524 835 4576 καὶ
858 4521 1198 4593 κακουργίας
1221 4522 1553 4592 συλλήψεται
1572 4539 1587 4554 ο
1618 4522 1667 4575 οι
1689 4522 1798 4592 γὰρ
1821 4522 1900 4592 τῷ

2010 4505 2264 4575 Spiritui,
2317 4506 2615 4574 quamlibet
2659 4507 2822 4560 etiam
2866 4509 3136 4563 orationis
3187 4509 3581 4563 sublimitatem

321 4587 469 4685 ἁγίῳ
491 4614 888 4685 διαμαχόμενοι
924 4587 1230 4684 Πνεῦματι,
1264 4588 1380 4667 tat
1403 4587 1545 4683 πρὸς
1580 4587 1778 4667 πᾶσαν-
1798 4587 1899 4683 ὐψλ

2010 4599 2287 4659 abnuunt,
2340 4597 2544 4651 Christi
2609 4613 2674 4652 ac
2725 4609 3042 4653 sanctorum
3096 4600 3418 4654 memoriam
3479 4605 3586 4656 hoc

317 4706 554 4778 ηγορίαν
576 4706 1009 4777 ἀπαγορεύουσι,
1027 4706 1470 4775 συγκατασόἑσαι
1491 4706 1897 4781 διὰταύτουτήν

2010 4689 2254 4744 ἱιιειὶωιο
2293 4703 2399 4743 suo
2441 4700 2703 4743 conantes
2739 4691 3113 4760 exstinguere,
3173 4692 3253 4747 sic
3285 4693 3450 4748 etiam
3498 4692 3585 4746 iu-

314 4818 382 4856 τε
420 4802 662 4872 Χριστοῦ
720 4802 942 4872 μνήμην
979 4801 1074 4854 καὶ
1119 4801 1229 4853 τῶν
1285 4800 1456 4869 ἁγίων
1511 4803 1895 4873 πραγματευόο

316 4911 500 4965 μενοι,
532 4895 635 4948 κάν
669 4892 846 4963 τούτῳ
891 4894 1013 4955 ταῖς
1063 4891 1443 4955 θεοπνεύστοις
1486 4897 1690 4962 φωναῖς
1737 4896 1892 4948 ἀντι-

315 4986 824 5056 παραταττόμενοι.
1280 4988 1281 4991 “

391 5079 502 5143 νη¹.
536 5073 730 5136 Ὅπως
757 5073 866 5143 γὰρ
899 5070 1225 5141 παλαιγενὲς
1252 5069 1515 5142 τοῦνομα,
1540 5072 1636 5125 καὶ
1681 5073 1780 5143 τῆς
1803 5075 1897 5127 ἀν.

316 5162 548 5234 θρώποιι
602 5164 876 5232 γενέσεως
919 5163 1094 5227 αὐτῆς
1154 5163 1553 5236 πρεσϐύτερον,
1599 5165 1800 5235 μᾶλλον
1844 5166 1901 5220 δὲ

317 5256 421 5310 καὶ
451 5257 535 5320 είς
557 5257 660 5328 τὴν
688 5256 975 5327 ἀνθρώπου
1003 5256 1221 5326 ποίησιν
1260 5255 1337 5320 ὡς
1362 5257 1667 5328 ἡγούμενον
1722 5275 1903 5330 παρα-

317 5347 766 5418 λαμϐανόμενον,
822 5347 1090 5419 μάθοιμεν
1138 5348 1205 5402 ἂν
1259 5348 1447 5417 σαφῶς
1510 5349 1783 5405 ἐντεῦθεν.
1834 5350 1901 5404 Τί

319 5456 489 5510 φησιν
510 5442 540 5494 ό
560 5440 691 5505 ,τῶν
714 5440 854 5493 ὅλων
868 5440 1035 5507 Θεός;
1056 5439 1407 5510 Ποιήσωμεν
1426 5440 1742 5509 ἄνθρωπον
1771 5441 1900 5496 κατ’

314 5530 526 5587 εἰκόνα
540 5531 639 5585 καί
662 5532 951 5601 ὁμοίωσιν
977 5530 1273 5601 ἡμετέραν
1292 5546 1306 5560 ⁸
1338 5531 1531 5602 πρώτη
1558 5531 1718 5603 ῥῆσις
1739 5531 1897 5602 Θεοῦ,

387 5668 435 5703 ⁸³
462 5666 640 5725 Exod.
668 5686 797 5734 xxv,
830 5670 923 5725 22.
1001 5670 1044 5702 ⁵⁸
1074 5668 1209 5725 Gen.
1241 5685 1280 5736 t,
1312 5669 1404 5724 26.

2000 4779 2221 4849 spiratis
2256 4779 2477 4836 vocibus
2506 4782 2967 4837 contradicentes.

1994 5074 1997 5077 ’
2075 5073 2166 5129 58.
2220 5073 2373 5139 Quod
2420 5073 2660 5143 priscum
2713 5076 2785 5130 sit
2847 5076 2949 5133 hoc
2986 5078 3346 5144 vocabulum,
3379 5091 3433 5136 et
3466 5081 3581 5151 ipsa

2003 5162 2242 5218 hominis
2278 5165 2558 5221 creatione
2589 5167 2891 5236 antiquius,
2926 5169 3033 5224 imo
3061 5186 3194 5225 vero
3225 5183 3279 5227 et
3316 5174 3368 5228 in
3408 5175 3584 5231 homi-

2003 5255 2088 5308 nis
2131 5256 2411 5310 creatione
2458 5266 2715 5328 tanquam
2750 5261 2828 5314 rei
2887 5261 3047 5315 index
3093 5266 3415 5332 adhibitum,
3454 5283 3582 5336 per-

2002 5347 2198 5417 spicue
2242 5362 2309 5403 ex
2341 5348 3023 5418 sequentibus"discimus.
3071 5353 3212 5420 Quid
3262 5358 3405 5412 cutim
3443 5359 3583 5415 dixit

2001 5439 2246 5492 omnium
2300 5440 2482 5495 Deus?
2534 5439 2827 5497 Faciamus
2875 5444 3133 5499 hominem
3177 5447 3246 5500 ad
3295 5449 3580 5518 imaginem

2001 5540 2048 5583 et
2099 5526 2502 5587 similitudinem
2561 5543 2796 5589 nostrum
2819 5536 2865 5569 ⁶⁹
2901 5536 3035 5609 (68).
3090 5537 3270 5594 Prima
3315 5542 3429 5598 huic
3481 5544 3582 5598 fuit

389 5799 504 5872 (68)
528 5799 966 5893 Remehenditur
1000 5800 1109 5893 hocI
1147 5810 1530 5893 argumentum.
1564 5802 1632 5893 ab
1668 5810 1892 5893 auctore
1998 5804 2322 5893 explanatur
2349 5806 2416 5893 ab
2447 5807 2684 5893 Adriano
2721 5810 2822 5866 PP.
2870 5813 2922 5869 in
2954 5817 3176 5888 epistola
3210 5818 3414 5876 celebri
3448 5837 3576 5893 apo-

313 5870 583 5931 Hbrorum
627 5870 1004 5928 Carolinorum
1055 5872 1149 5927 lib.
1195 5870 1233 5940 ι,
1283 5872 1334 5934 7;
1369 5872 1465 5927 sed
1498 5871 1808 5929 defenditur
1837 5883 1892 5929 et
1998 5875 2223 5944 logetica
2252 5876 2317 5930 ad
2351 5876 2601 5934 Carolina
2633 5881 2766 5950 imp,
