4004 6416
250 355 379 419 485

976 353 1605 416 ANTIRRIIETICUS
1649 352 1742 412 lll
1780 351 1952 414 ADV.
1990 349 2584 410 CONSTANTINUM
2624 348 2840 410 COPR.

3441 344 3548 409 436

347 470 411 534 ξ’.
448 466 592 538 Ἤδη
622 466 678 520 δὲ
707 465 800 520 καὶ
837 468 892 519 αἰ
922 469 1065 540 ἱεραὶ
1098 467 1270 538 βίϐλοι
1299 462 1486 532 αὗται,
1523 470 1732 533 εἰκόνες
1757 468 1865 520 εἰσὶ

2039 467 2128 521 60.
2158 468 2298 532 Quin
2331 469 2466 522 adeo
2501 469 2640 522 sacri
2675 467 2775 536 ipsi
2810 465 2930 520 libri
2953 508 2967 530 ,
3007 464 3285 520 hominum
3325 463 3414 530 qui
3453 477 3548 517 eos

253 561 389 615 τῶν
425 559 606 628 λόγων
637 558 747 610 τῶν
777 560 1248 630 συγγεγραφότων
1275 578 1288 592 ⁸
1323 560 1390 614 δι’
1428 562 1610 615 αὐτῶν
1636 562 1745 630 γάρ
1769 560 1866 614 καὶ⁸

260 653 359 726 μὴ
390 653 664 722 παρόντες
707 652 796 706 ἀεὶ
853 651 1209 721 φθέγγονται,
1259 654 1356 707 καὶ
1404 654 1547 707 κατά
1609 652 1866 706 τοσοῦτον

260 748 466 807 αὐτοῖς
495 743 828 814 ᾠκείωνται,
847 742 920 806 ὡς
944 742 1035 795 καί
1058 742 1166 796 τῶν
1193 744 1553 815 γεγραφότων
1571 743 1752 796 αὐτῶν
1771 743 1867 812 φέ-

273 858 402 912 ρειν
428 839 512 892 ἐπ’
543 835 759 899 εὐθείας
783 835 851 888 τά
873 836 1138 906 ὀνόματα·
1165 838 1312 891 οὕτω
1340 837 1450 907 γὰρ
1469 835 1568 912 τὴν
1599 833 1752 907 ίεράν
1771 834 1864 887 τοῦ

285 925 617 983 Ἀποστόλου
653 924 858 996 βίϐλον,
889 924 1219 980 Ἀπόστολον
1238 927 1612 998 ὀνομάζομενο
1647 928 1744 979 καὶ
1765 927 1867 995 τὴν

269 1024 377 1077 τοῦ
396 1023 708 1092 Προφήτου,
732 1024 1020 1091 προφήτην
1035 1019 1299 1084 ὡσαύτως
1319 1019 1487 1073 καλοῦ
1497 1037 1597 1090 μεν
1616 1033 1632 1048 ⁸
1655 1019 1752 1073 καὶ
1768 1019 1867 1090 τὴν

181 1106 203 1145 ³
265 1115 373 1167 τοῦ
387 1112 776 1180 εὐαγγελιστοῦ
799 1112 1020 1182 ὁμοίως.
1048 1112 1158 1166 Καὶ
1178 1114 1306 1174 τοὺς
1339 1113 1517 1184 ἱεροὺς
1541 1112 1742 1176 οἴκους.
1766 1113 1867 1166 οὐκ

265 1207 336 1257 ὲν
371 1206 553 1274 σχέσει
585 1204 818 1256 πάντοτε
849 1203 1084 1275 λέγομεν
1113 1204 1188 1268 ὡς
1218 1204 1391 1270 τοῦδε,
1430 1204 1567 1258 ἀλλά
1594 1204 1656 1257 τὸ
1683 1204 1868 1259 πλεῖον

265 1297 524 1366 ἀσχέτως
559 1295 708 1349 τόνδε
739 1296 1024 1368 φράζομεν
1044 1296 1352 1367 ὁμωνύμως
1386 1295 1463 1367 τῷ
1492 1297 1868 1366 ἐπικεκλημέ-

273 1407 383 1458 νῳ,
418 1388 506 1441 διὰ
539 1387 638 1458 τὴν
670 1387 772 1456 τῆς
819 1387 1208 1460 προσηγορίας
1239 1389 1526 1442 κοινωνίαν
1568 1405 1628 1440 τε
1655 1389 1751 1442 καὶ
1789 1389 1869 1441 οἰ-

289 1480 557 1548 κειότητα
585 1495 599 1509 ·
639 1479 785 1532 οὓτω
830 1479 894 1549 δὴ
939 1479 1036 1533 καὶ
1079 1479 1187 1532 τῶν
1226 1480 1319 1533 ἐπὶ
1367 1480 1471 1550 γῆς
1521 1479 1868 1550 κρατούντων

273 1573 515 1634 εἰκόνες,
540 1573 654 1634 τοῖς
682 1572 946 1641 ὑπηκόοις
970 1571 1150 1641 τίμιαι
1182 1572 1332 1642 παρὰ
1353 1570 1630 1632 τοσοῦτον,
1667 1573 1747 1625 ὅτι
1776 1573 1868 1624 καὶ

269 1664 432 1734 παρά
455 1663 695 1733 Χριστοῦ
726 1667 892 1734 τιμῆς
923 1665 956 1734 ἡ
981 1665 1265 1736 Καίσαρος
1289 1664 1518 1733 ἠξίωται
1542 1664 1706 1717 εἰκών
1731 1680 1744 1693 ·
1770 1665 1869 1718 καὶ

269 1756 432 1808 οὐδὲν
463 1755 530 1808 ἂν
551 1753 701 1826 εὖροι
726 1772 808 1817 τις
837 1755 866 1808 ὃ
909 1755 1044 1826 πρός
1069 1774 1120 1809 τι
1167 1755 1586 1827 προηγούμενον
1617 1755 1864 1825 φέρεται,

273 1848 306 1901 ὃ
347 1848 421 1918 μὴ
463 1848 530 1900 δι’
565 1849 698 1901 αὐτὸ
728 1849 906 1902 ἐκεῖνο
941 1847 1039 1919 τὴν
1065 1849 1278 1902 ἐκείνου
1308 1849 1475 1918 τιμὴν
1501 1849 1862 1918 προσάγεται,

278 1935 371 1994 οἷα
395 1941 460 2009 δὴ
493 1939 594 2008 τὴν
627 1940 838 1993 ἐκείνου
866 1939 1166 2010 ἐμφανίζον
1213 1939 1534 2009 διάγνωσιν.
1565 1941 1628 1993 Ei
1684 1939 1866 1992 τοίνυν

284 2031 660 2086 πάνταταῦτα
680 2033 750 2084 δι’
771 2034 955 2085 ἐκεῖνα
977 2032 1153 2102 τίμια,
1173 2032 1318 2094 τίνος
1348 2032 1535 2086 ἕνεκεν
1564 2033 1628 2086 ὲκ
1645 2031 1866 2086 πάντων

283 2124 357 2177 ea
383 2124 690 2196 κρείττονος
719 2123 942 2177 πάντων
978 2124 1354 2194 μετεσχηκότα
1377 2123 1558 2194 δόξης,
1582 2142 1658 2177 πα
1668 2124 1735 2195 ρὰ
1757 2125 1868 2178 τῶν

288 2217 691 2288 Χριστομάχων
717 2217 992 2287 ἠτίμωται
1015 2217 1108 2270 καὶ
1132 2217 1529 2288 καθύϐρισται;
1559 2218 1672 2271 Καὶ
1697 2219 1725 2270 ὁ
1770 2217 1869 2288 μὲν

291 2310 429 2373 Tib;
472 2310 546 2374 ὡς
588 2309 750 2363 εἰκὼν
790 2310 882 2363 τοῦ
923 2311 1135 2381 Πατρός
1163 2311 1479 2376 δοξάζεται·
1524 2311 1729 2374 εἰκόνες
1757 2311 1868 2381 γὰρ

282 2404 599 2474 ἀμφότερα,
622 2403 716 2456 καὶ
741 2399 823 2466 εἷς
849 2405 877 2456 ὁ
907 2404 994 2456 ἐπ’
1012 2403 1204 2466 αὑταῖς
1221 2403 1400 2471 λόγος,
1415 2403 1520 2456 κᾶν
1541 2405 1606 2473 τῇ
1621 2403 1782 2474 οὐσίᾳ
1808 2403 1870 2455 τὸ

275 2494 539 2565 διάφορον
563 2494 762 2564 ἔχωσιν
781 2511 795 2524 ⁶
818 2495 846 2548 ὃ
871 2495 926 2548 δὲ
952 2494 1185 2564 μάλιστα
1207 2494 1387 2547 αὐτῶν
1404 2493 1464 2546 τὸ
1490 2493 1718 2564 μανικὸν
1747 2512 1872 2566 στη-

272 2590 486 2644 λιτεύει
514 2593 609 2643 καὶ
640 2590 1024 2659 ἀναίσχυντον,
1052 2587 1212 2640 τοῦτο
1235 2589 1349 2649 τοῖς
1365 2586 1686 2655 λεγομένοις
1703 2603 1873 2657 προσ-

274 2680 604 2750 τεθήσεται·
627 2680 788 2750 ἴσμεν
806 2680 915 2748 γάρ
947 2679 1188 2741 ἅπαντες
1223 2677 1305 2730 ὅτι
1323 2675 1415 2729 καὶ
1441 2675 1637 2744 φαῦλοι
1655 2675 1868 2747 ἄνδρες,

276 2771 352 2824 τὰ
376 2771 487 2824 τῶν
505 2771 730 2840 φαύλων
757 2769 852 2823 καὶ
871 2769 1104 2824 ἀνοσίων
1124 2767 1506 2838 τετιμηκότες,
1531 2767 1626 2820 καὶ
1655 2767 1873 2830 εἰκόνας

278 2862 472 2924 αὐτοῖς
504 2863 584 2924 είς
613 2861 838 2931 μνήμην
869 2859 1132 2912 ἀνέθεσαν
1156 2874 1170 2890 ·
1199 2855 1289 2912 οἷα
1319 2857 1384 2927 δὴ
1414 2860 1509 2911 καὶ
1533 2857 1629 2911 τοῦ
1666 2859 1872 2928 τρόπου

1968 560 2308 631 scripserunt
2341 561 2604 629 imagines
2630 569 2776 613 sunt.
2806 558 2913 613 Per
2940 559 3042 612 hos
3064 557 3288 627 quippe,
3324 557 3542 610 illorum

1968 663 2222 708 auctores
2265 667 2578 722 quanquam
2631 652 2890 707 absentes
2922 661 3185 721 perpetuo
3215 649 3546 720 loquuntur;

1970 753 2236 812 tantaque
2279 743 2694 799 necessitudine
2719 757 2816 796 eos
2849 742 3162 809 attingunt,
3205 751 3265 810 ut
3299 741 3550 794 scriben-

1967 838 2101 892 tium
2143 838 2384 908 ipsorum
2420 837 2622 892 diserte
2653 850 2848 890 nomen
2885 844 3096 904 gerant.
3148 833 3241 888 Sic
3287 834 3432 888 enim
3465 848 3521 886 sa

1968 921 2122 984 cruni
2164 929 2406 999 Apostoli
2440 929 2635 985 librum
2664 970 2680 997 ,
2715 928 3032 998 Apostolum
3072 927 3442 997 appellamus;
3496 932 3552 978 et

1969 1021 2258 1092 Propheta}
2287 1022 2510 1088 librum,
2559 1022 2814 1078 similiter
2868 1014 3197 1089 P‘roplietani
3244 1033 3546 1080 vocamus,

1969 1115 2202 1184 parique
2245 1114 2407 1168 modo
2437 1114 2799 1184 Evangelistaa
2831 1113 3053 1168 librum.
3109 1111 3278 1166 Sacra
3333 1126 3552 1179 quoque

1971 1204 2166 1274 templa
2199 1204 2345 1260 haud
2391 1205 2618 1260 omnino
2650 1221 2772 1260 cum
2807 1205 3076 1260 relatione
3109 1206 3176 1258 ad
3203 1205 3439 1272 aliquem
3467 1203 3552 1255 di-

1970 1296 2168 1363 cimus,
2201 1299 2296 1352 sed
2331 1298 2654 1367 plerumque
2690 1297 2941 1352 absolute
2982 1297 3137 1363 hujus
3174 1297 3386 1350 titulum
3417 1296 3554 1349 dici-

1971 1404 2093 1442 mus
2139 1389 2529 1459 homonymum
2559 1388 2609 1443 ei
2661 1389 2752 1442 cui
2797 1387 3053 1455 templum
3089 1395 3172 1441 est
3222 1387 3549 1445 dedicatum.

1971 1489 2194 1550 propter
2233 1479 2616 1548 appellationis
2649 1480 3097 1536 communionem
3147 1488 3202 1532 et
3249 1479 3553 1532 necessitu-

1973 1573 2176 1628 dinetn.
2211 1569 2304 1627 Sic
2331 1572 2499 1626 etiam
2531 1580 2876 1626 terrenorum
2909 1571 3218 1641 principum
3259 1570 3551 1639 imagines,

1975 1672 2260 1732 tantopere
2297 1673 2426 1718 sunt
2468 1663 2704 1718 subditis
2745 1662 3104 1727 honorandae,
3147 1662 3276 1732 quia
3311 1671 3363 1715 et
3399 1659 3558 1716 Chri-

1971 1765 2087 1810 stus
2109 1754 2342 1809 Caasaris
2365 1755 2655 1825 imaginem
2682 1756 2888 1810 honore
2909 1756 3158 1825 dignatus
3188 1763 3292 1808 est.
3314 1752 3558 1821 Denique

1974 1849 2176 1904 nullam
2220 1849 2509 1919 quisquam
2553 1865 2666 1903 rem
2698 1849 2999 1918 comperiet
3025 1889 3040 1914 ,
3080 1863 3202 1918 quae
3250 1849 3317 1902 ad
3351 1847 3556 1918 aliquid

1974 1952 2037 1998 ut
2078 1944 2145 1998 ad
2181 1941 2486 2012 principale
2535 1939 2800 2004 refertur,
2851 1955 2972 2009 quae
3017 1940 3088 1994 ob
3135 1939 3187 1994 id
3234 1939 3408 2009 ipsum
3447 1953 3554 1992 non

1974 2044 2356 2104 promereatur
2387 2033 2674 2097 honorem,
2704 2033 2832 2102 quia
2864 2030 3008 2086 illius
3034 2030 3351 2100 principalis
3378 2028 3556 2084 ideani

1974 2126 2185 2196 objicit.
2218 2125 2274 2180 Si
2300 2141 2433 2194 ergo
2455 2126 2573 2180 haec
2603 2125 2828 2180 omnino
2851 2125 3052 2180 dictam
3079 2123 3149 2178 ob
3180 2136 3400 2177 causam
3431 2130 3558 2175 sunt

1976 2219 2317 2275 honorabilia
2347 2259 2363 2284 ,
2395 2233 2496 2273 cur
2533 2218 2636 2271 ista
2667 2231 2788 2286 quae
2838 2227 3037 2288 praeter
3085 2225 3280 2272 caetera
3323 2215 3558 2286 gloriosa

1977 2318 2125 2375 sunt,
2160 2324 2190 2364 a
2224 2308 2431 2364 Christi
2471 2309 2722 2363 hostibus
2758 2307 3053 2378 ignominia
3099 2305 3408 2376 injuriaque
3445 2305 3562 2359 alli-

1976 2401 2232 2456 ciuntur?
2251 2401 2315 2455 Et
2335 2400 2506 2456 Filius
2527 2401 2746 2471 quidem
2773 2399 3018 2454 utPatris
3035 2399 3214 2468 imago
3237 2400 3558 2455 honoratur.

1976 2484 2138 2562 Atqui
2169 2492 2435 2561 imagines
2466 2500 2713 2560 utraeque
2743 2498 2892 2552 sunt,
2929 2489 3181 2559 idemque
3209 2491 3274 2545 de
3309 2492 3563 2559 utrisque

1979 2583 2038 2637 fit
2069 2597 2281 2646 sermo,
2310 2595 2622 2651 quanquam
2653 2579 2961 2636 substantia
2988 2578 3267 2634 dill‘erunt.
3291 2582 3406 2649 Age
3434 2595 3564 2634 vero

1979 2673 2121 2744 quod
2153 2672 2428 2742 praecipue
2462 2673 2743 2726 vesaniam
2780 2671 3012 2725 istorum
3055 2669 3565 2738 impudentiamque

1978 2763 2274 2834 objurgat,
2333 2765 2640 2819 addendum
2713 2764 2994 2834 praedictis
3059 2771 3334 2832 superest.
3411 2761 3563 2816 Satis

1979 2869 2172 2911 omnes
2202 2855 2456 2910 novimus
2484 2895 2499 2920 ,
2534 2871 2732 2924 pravos
2774 2856 2940 2910 etiam
2981 2855 3232 2910 homines
3262 2869 3562 2924 pravorum

279 2953 465 3006 αὐτῶν
495 2952 738 3023 ζηλωταὶ
760 2952 1070 3020 γενόμενοι,
1098 2952 1194 3004 καὶ
1217 2949 1328 3003 τῶν
1348 2950 1599 3020 πράξεων
1620 2949 1870 3020 ἐρασταὶ,

279 3045 384 3096 καὶ
411 3043 488 3105 ὼς
518 3043 740 3095 οἰκείων
777 3041 873 3094 καὶ
902 3039 1226 3111 ὁμοτρόπων
1253 3039 1608 3110 περιέποντες
1638 3039 1872 3092 διετέλε-

1979 2957 2035 3004 et
2070 2947 2414 3016 impurorum
2455 2949 2738 3003 hominum
2778 2964 2868 3004 res
2899 2949 3109 3004 honore
3147 2947 3403 3018 prosequi
3432 2948 3566 3002 soli-

1984 3049 2089 3105 tos,
2125 3049 2178 3094 et
2213 3039 2482 3110 imagines
2530 3041 2744 3095 illorum
2780 3041 3061 3096 memoria:
3101 3040 3403 3108 dedicare;
3433 3041 3563 3110 quia

278 3151 409 3198 σαν,
447 3134 558 3187 εἴτε
584 3132 781 3204 ἀγνοίᾳ
815 3130 910 3184 τοῦ
963 3131 1294 3202 κρείττονος,
1347 3133 1458 3185 εἴτε
1508 3131 1719 3202 αἱρέσει
1779 3131 1873 3182 τοῦ

1983 3151 2178 3207 nempe
2205 3150 2384 3191 mores
2413 3133 2629 3188 illorum
2648 3133 2995 3200 astitulantur,
3019 3144 3072 3188 et
3095 3141 3246 3203 gesta
3277 3133 3563 3200 adamant,

277 3225 723 3298 χείρονος.Ἀλλά
736 3225 866 3294 παρ’
884 3223 1131 3294 Ἕλλησι,
1155 3223 1310 3292 φασὶ,
1339 3224 1435 3276 καὶ
1460 3222 1751 3293 Ἑλλήνων,
1778 3223 1874 3274 καὶ

1982 3228 2172 3298 eisque
2204 3243 2304 3284 ceu
2346 3226 2454 3282 sibi
2487 3225 2858 3279 familiaribus
2906 3225 3143 3293 vitaaque
3176 3224 3568 3279 consentaneis

272 3320 448 3372 τοῦτο
495 3321 598 3390 τῆς
646 3318 876 3372 ἐκείνων
951 3316 1360 3388 ὲμὸροντησίας
1413 3318 1512 3371 καὶ
1571 3317 1874 3386 παρανοίας

1983 3320 2239 3384 student,
2277 3319 2393 3373 sive
2438 3317 2686 3373 melioris
2716 3317 2793 3372 rei
2825 3317 3129 3386 ignorantia
3161 3357 3176 3382 ,
3213 3317 3330 3371 sive
3357 3315 3564 3386 pejoris

279 3407 444 3473 ἄξιον
466 3425 478 3437 ·
511 3404 622 3480 ἄρα
637 3409 748 3478 γάρ
771 3408 874 3461 οὐκ
898 3406 1006 3460 ἔδει
1039 3409 1136 3461 καὶ
1157 3409 1520 3478 Χριστιανοὺς
1543 3407 1614 3461 τὰ
1636 3405 1875 3478 Χριστοῦ

1984 3411 2276 3466 electione.
2307 3410 2416 3465 Sed
2447 3409 2587 3473 haec,
2615 3409 2894 3478 inquiunt,
2919 3408 3137 3462 ethnica
3174 3418 3302 3462 sunt
3332 3418 3386 3463 et
3416 3410 3558 3478 apud

279 3499 642 3570 σεϐάσματος
681 3499 885 3563 παντὸς
915 3497 1124 3565 ἀξιοῦν,
1158 3499 1253 3552 καὶ
1301 3499 1509 3553 τάτῶν
1545 3499 1716 3569 ἁγίων
1739 3500 1875 3552 ἀπο-

1985 3502 2237 3558 etlmicos
2281 3500 2440 3567 ﬁunt,
2473 3515 2650 3570 eaque
2675 3500 2890 3555 illorum
2925 3499 3231 3555 stoliditate
3269 3510 3324 3554 et
3354 3499 3571 3556 insania

283 3593 586 3664 σεμνύνειν
621 3609 684 3647 τε
737 3593 832 3646 καὶ
882 3591 1270 3658 ἀσπάζεσθαι;
1308 3592 1501 3664 ὥσπερ
1533 3591 1642 3664 γὰρ
1690 3593 1875 3646 αἰτῶν

1989 3596 2151 3665 digna
2183 3604 2330 3650 sunt.
2366 3594 2531 3664 Atqui
2567 3609 2669 3665 ego
2701 3595 2814 3658 aio,
2866 3607 3046 3648 nonne
3078 3601 3358 3662 oporteret
3403 3594 3571 3647 etiam

281 3685 506 3752 ἐναγῶν
538 3684 755 3754 μνῆμαι
801 3681 1094 3752 βδελυκταί
1120 3683 1227 3736 εισι
1251 3683 1349 3738 καὶ
1373 3683 1701 3757 ἀκάθαρτοι,
1737 3683 1875 3737 οὕτω

1989 3688 2359 3750 Christianos,
2385 3701 2725 3757 quacunque
2753 3687 2818 3739 ad
2843 3683 3124 3740 Christum
3157 3686 3396 3740 attinent
3423 3687 3571 3739 omni

282 3776 390 3830 καὶ
417 3775 476 3828 αἰ
500 3775 608 3828 τῶν
633 3775 808 3842 ἀγίων
834 3776 1116 3830 ἀσπασταὶ
1143 3775 1239 3830 καὶ
1262 3775 1544 3847 ἐράσμιοι.

1992 3778 2137 3834 cultu
2163 3778 2416 3850 dignari,
2449 3779 2688 3847 itemque
2720 3791 2809 3832 res
2853 3785 3172 3832 sanctorum
3223 3774 3576 3847 magniﬁcare

283 3880 347 3926 et
379 3871 1020 3942 amplecti?Sicuteuim
1045 3871 1334 3944 impiorum
1361 3882 1714 3929 monumenta
1749 3874 2118 3930 abominanda
2170 3883 2299 3931 sunt
2363 3882 2420 3930 et
2438 3873 2666 3946 polluta,
2696 3873 2770 3928 ita
2823 3883 3142 3930 sanctorum
3195 3871 3574 3944 amplectenda

283 3978 464 4036 atque
503 3968 780 4024 amabilia.

367 4061 473 4127 ξω.
505 4060 602 4124 Τίς
628 4060 737 4132 γάρ
770 4061 832 4114 οὐ
863 4061 1178 4132 συμφήσειε
1229 4062 1339 4117 τῶν
1365 4061 1493 4116 νοῦν
1529 4062 1786 4134 ἐχόντων,
1809 4063 1868 4117 ὅτ

2061 4055 2153 4112 61.
2172 4056 2305 4124 Quis
2325 4055 2472 4111 enim
2491 4055 2712 4112 sobrius
2733 4071 2842 4112 non
2867 4057 3160 4122 concedet,
3184 4057 3328 4128 quod
3348 4057 3392 4112 si
3413 4059 3572 4114 mala:

292 4159 346 4212 εί
385 4157 498 4212 τῶν
545 4157 769 4227 φαύλων
808 4157 1140 4230 ἀρχετύπων
1192 4158 1373 4229 φαῦλα
1413 4160 1483 4214 τὰ
1506 4159 1875 4231 εἰκονισματαλ

1987 4148 2164 4216 frugis
2199 4149 2624 4220 archetyporum
2671 4149 2831 4204 mala:
2873 4161 3004 4205 sunt
3038 4151 3306 4220 imagines
3335 4189 3352 4217 ,
3385 4165 3578 4206 neces-

293 4250 360 4315 ἐξ
391 4249 642 4320 ἀνάγκης
663 4251 761 4304 καὶ
787 4249 859 4304 τὰ
882 4249 993 4303 τῶν
1039 4249 1207 4320 ἱερῶν
1231 4251 1328 4304 καὶ
1359 4251 1531 4320 ἁγίων
1561 4251 1875 4321 ἀρχετύπωι

1989 4243 2140 4300 sario
2168 4252 2652 4299 sacrosanctorum
2676 4257 2895 4312 quoque
2932 4243 3356 4315 archetyporum
3382 4258 3577 4300 sacro-

297 4343 425 4413 ἱερά
481 4359 542 4396 τε
592 4343 687 4398 καὶ
743 4345 876 4413 ἅγια
929 4345 1000 4411 τὰ
1043 4345 1477 4416 ἀπεικάσματα;
1511 4339 1596 4410 εἷς
1635 4345 1744 4418 γὰρ
1801 4347 1873 4399 ὲπ

1987 4347 2194 4394 sancta:
2217 4337 2485 4408 imagines
2506 4337 2676 4392 sunt?
2701 4337 2844 4392 Idem
2869 4339 3015 4393 enim
3037 4339 3104 4392 de
3128 4339 3377 4408 utrisque
3392 4352 3576 4394 sermo

296 4435 506 4504 ἀμφοῖν
534 4437 562 4488 ὁ
591 4435 772 4505 λόγος,
802 4435 944 4490 καθὸ
971 4437 1183 4501 εἰκόνες
1204 4453 1218 4466 °
1251 4438 1302 4489 εἰ
1329 4437 1424 4490 καὶ
1463 4435 1640 4501 ἄλλως
1661 4438 1730 4491 τὰ
1784 4438 1875 4491 ἀπ¹

1991 4429 2172 4495 valet,
2203 4437 2475 4499 quatenus
2501 4430 2768 4500 imagines
2794 4437 2952 4494 sunt;
2981 4429 3202 4483 etiamsi
3229 4444 3349 4498 qua:
3393 4431 3458 4484 iis
3489 4431 3575 4483 in-

297 4527 482 4580 αὐτῶν
515 4527 785 4598 νοούμενα
853 4529 950 4582 καὶ
973 4529 1304 4600 δηλούμενα,
1361 4529 1566 4600 πολλὴν
1629 4529 1875 4598 ἐμφαίνει

1994 4521 2316 4591 telliguntur
2363 4535 2430 4577 ac
2474 4523 2825 4585 denotantur,
2878 4520 3106 4574 multam
3165 4522 3574 4591 immanemque

300 4621 400 4674 καὶ
452 4620 798 4692 ἀσυγκρίτως
833 4621 934 4690 τὴν
989 4621 1257 4691 διαφοράν
1285 4639 1299 4652 ο
1329 4621 1468 4675 ἀλλά
1495 4620 1654 4692 δῆλον
1694 4621 1770 4685 ὼς
1819 4621 1890 4674 τὰ

298 4711 400 4765 τοῦ
429 4711 672 4784 Χριστοῦ
718 4712 908 4766 τέλεον
941 4713 1297 4784 ⁴ἰλθετηκότες,
1327 4713 1422 4767 καὶ
1459 4712 1570 4765 τῶν
1598 4712 1890 4784 μακαρίων

293 4803 530 4858 ἐκείνων
560 4803 774 4875 ἀνδρῶν
812 4804 904 4858 τδν
937 4804 1052 4875 βίον
1092 4804 1190 4859 καὶ
1233 4803 1333 4868 τὰς
1362 4804 1587 4876 ἀρετὰς,
1614 4804 1686 4859 τά
1706 4823 1765 4859 τε
1794 4805 1890 4859 ἀν-

292 4891 712 4962 δραγαθήματα
749 4892 1182 4963 βδελυττόμενοι,
1221 4894 1314 4946 καὶ
1342 4894 1436 4946 ἐπὶ
1484 4893 1623 4967 μόνῃ
1655 4897 1720 4965 τῇ
1755 4894 1892 4966 μνή-

299 5000 378 5054 μῃ
415 4981 606 5037 αὐτῶν
647 4983 1063 5054 δυσχεραίνουσί
1083 5000 1143 5036 τε
1175 4985 1272 5037 καὶ
1313 4985 1570 5054 ἄχθονται
1591 5001 1606 5014 ·
1640 4986 1766 5038 ἐπεὶ
1793 4986 1890 5038 καὶ⁵

300 5077 414 5126 πᾶν
441 5073 654 5140 ἀγαθὸν
682 5075 917 5141 φευκτὸν
947 5073 1231 5144 ἡγοῦνται,
1259 5075 1355 5128 καί⁵
1385 5075 1494 5127 πᾶν
1514 5073 1721 5144 φαῦλον
1742 5077 1891 5146 αἱρε-

299 5165 416 5227 τὸν,
459 5163 557 5216 καὶ
613 5163 911 5233 βαρύτατοι
950 5164 1134 5222 αὐτοῖς
1165 5165 1302 5216 εἰσιν
1324 5164 1374 5216 οἱ
1417 5164 1562 5231 ἀγιοι
1605 5165 1702 5217 καὶ
1723 5165 1781 5216 ὲν
1808 5165 1890 5216 εἰ-

301 5254 424 5306 κόνι
465 5253 812 5323 βλεπόμενοι.
842 5255 907 5305 Ὢ
927 5253 1026 5323 τῆς
1045 5253 1415 5324 ἀναλγησίαςί
1438 5253 1483 5307 ὣ
1505 5255 1604 5325 τῆς
1628 5255 1890 5327 ἀναισθη-

306 5344 427 5406 σίας
456 5345 468 5397 !
505 5345 618 5397 πᾶν
653 5343 805 5408 ἔθνος
831 5345 899 5398 τὰ
930 5347 998 5415 τῇ
1036 5343 1306 5416 θρησκείᾳ
1334 5347 1681 5415 προσήκοντα
1719 5363 1890 5418 προσ-

307 5436 552 5504 ¹ηκόντως
585 5437 723 5508 τιμᾷ
770 5436 864 5490 καὶ
911 5437 1192 5508 περιέπει,
1218 5435 1419 5506 νόμους
1447 5454 1509 5489 τε
1545 5438 1637 5490 καὶ
1668 5438 1763 5508 ἔθη
1798 5439 1892 5491 καὶ

303 5526 408 5591 τὰς
439 5528 649 5583 ἀνωθεν
701 5529 883 5592 αὐτοῖς
924 5529 1372 5600 παραδεδομένας
1405 5530 1463 5581 ὲν
1491 5528 1570 5597 τῷ
1612 5530 1713 5601 βίῳ
1749 5531 1891 5600 μυή-

307 5637 444 5685 σεις,
499 5621 937 5693 ἀπαρατρώτους
1007 5621 1258 5692 διατηρεῖ
1283 5635 1296 5647 °
1362 5616 1512 5690 μόνοι
1562 5621 1618 5673 δὲ
1673 5621 1891 5674 πάντων

300 5713 649 5784 Χριστιανοὶ,
677 5716 780 5786 τῆς
809 5714 877 5768 δι’
912 5709 980 5788 ἧς
1006 5713 1333 5784 σεσώσμεθα
1363 5713 1459 5767 τοῦ
1489 5713 1652 5782 λόγου
1688 5731 1892 5782 συγκα·

301 5803 614 5874 τασάσεως,
649 5807 716 5862 τὰ
747 5806 994 5878 ούμῦολά
1018 5823 1074 5860 τε
1112 5808 1206 5861 καὶ
1233 5807 1606 5878 ὑπομνήματα
1634 5807 1889 5878 ἀνοηταί-

1993 4612 2362 4668 ditl'erentiam
2399 4612 2622 4668 habent.
2667 4609 2776 4667 Sed
2818 4613 3161 4667 notissimum
3190 4621 3299 4678 est,
3334 4613 3436 4669 hos
3481 4616 3574 4684 qui

1990 4704 2214 4760 Christo
2268 4705 2488 4774 penitus
2529 4706 2649 4760 vale
2694 4706 2994 4770 dixerunt,
3030 4707 3320 4761 beatorum
3358 4723 3576 4777 quoque

1993 4793 2212 4850 illorum
2229 4795 2470 4849 virorum
2512 4796 2678 4848 vitam
2704 4796 3048 4866 virtutesque
3070 4806 3125 4851 et
3145 4796 3304 4850 fortia
3332 4796 3576 4852 facinora

1993 4885 2290 4950 detestari,
2331 4901 2396 4942 ac
2421 4886 2507 4942 vel
2539 4886 2654 4941 sola
2694 4887 2933 4956 ipsorum
2964 4889 3227 4944 memoria
3261 4893 3578 4961 exasperari

1992 4987 2050 5034 et
2076 4979 2224 5050 angi.
2258 4976 2393 5041 Nam
2434 4978 2704 5049 quidquid
2734 4980 2892 5034 bona:
2926 4979 3098 5049 frugis
3130 4990 3216 5036 est
3242 5021 3257 5044 .
3291 4983 3570 5036 vitandum

1995 5080 2254 5139 censent,
2294 5071 2493 5126 malum
2525 5072 2688 5143 130
2715 5085 2906 5128 contra
2931 5073 3266 5144 eligendum,
3303 5075 3574 5131 molestis-

1998 5163 2231 5234 simique
2268 5165 2398 5234 ipsis
2419 5166 2592 5220 sancti
2623 5175 2750 5220 sunt
2783 5167 2948 5221 etiam
2981 5167 3032 5220 in
3060 5167 3295 5235 imagine
3323 5169 3574 5236 spectati.

1993 5257 2039 5312 0
2062 5257 2450 5312 stoliditatem!
2495 5271 2530 5312 ο
2555 5259 2869 5326 stuporem!
2927 5259 3314 5328 Unusquisque
3344 5261 3578 5328 populus

1994 5363 2083 5404 res
2133 5363 2292 5404 sacro
2346 5349 2515 5404 cultui
2549 5365 2818 5422 congruas
2853 5361 3220 5421 congruenter
3256 5351 3486 5408 honorat
3525 5367 3582 5408 et

1993 5441 2166 5506 colit,
2203 5440 2386 5512 leges,
2437 5442 2620 5506 ritus,
2657 5444 2886 5498 traditas
2921 5443 3053 5512 ipsis
3099 5442 3402 5512 antiquitus
3459 5445 3582 5500 vitm

1995 5532 2220 5601 agenda:
2265 5532 2546 5587 doctrinas
2589 5533 2876 5588 inviolatas
2911 5533 3252 5590 custodiunt.
3302 5534 3417 5592 Soli
3465 5552 3584 5591 om-

1997 5623 2144 5676 nium
2176 5622 2473 5679 Christiani
2509 5625 2728 5689 divinae,
2757 5642 2862 5696 qua
2891 5625 3024 5681 salvi
3047 5643 3257 5694 sumus,
3297 5629 3582 5701 indulgen-

1999 5715 2087 5770 tis
2121 5716 2369 5785 symbols
2402 5725 2456 5770 et
2485 5730 2838 5772 monumenta
2872 5719 3038 5774 stulte
3061 5722 3365 5791 despiciunt
3393 5740 3408 5788 ;
3442 5740 3580 5792 «pios

1996 5819 2268 5863 ouorteret
2309 5809 2682 5868 vehementius
2721 5811 2835 5868 hrec
2865 5813 3067 5883 colere,
3104 5829 3264 5887 quam
3296 5832 3390 5872 sua
3423 5828 3581 5874 cate-
