4004 6464
415 380 521 446 487
1444 375 1505 435 S.
1544 371 1963 435 NICEPHORI
1998 370 2017 431 ]

2120 370 2507 433 [ῬιΙΑΒΕΗᾸί
2543 370 2653 432 CP.
3223 376 3231 381 ’
3575 372 3679 436 488

416 510 542 560 ros;
574 491 700 565 quia
724 500 780 545 et
800 502 944 544 verae
964 487 1220 544 utilitatis
1244 484 1491 542 notitiam
1521 501 1621 541 nos
1647 500 1757 556 prae
1781 485 1995 539 caeteris

2120 502 2283 548 ιοντες
2306 485 2663 539 διαπτύουσιν
2682 500 2695 514 ·
2730 483 2823 547 οὓς
2853 482 2963 537 ἔδει
2988 483 3154 539 πλέον
3177 485 3350 540 ταῦτα
3376 487 3679 561 γεραίρειν,

423 586 678 642 omnibus
721 584 1016 655 pleniorem
1049 581 1363 646 hausimus;
1415 579 1614 651 quippe
1647 580 1738 649 qui
1781 590 1837 632 et
1877 594 2001 635 esse

2120 577 2241 649 lci
2295 576 2508 630 ἑαυτῶν
2563 575 2972 647 ὲτέρους·ὲπε“ι
3023 576 3120 629 καὶ
3164 576 3265 648 τὴν
3315 568 3531 645 γνῶσιν
3574 580 3687 632 τῶν

424 679 620 747 Deum,
654 687 710 734 et
738 677 981 734 omnium
1013 686 1193 733 rerum
1226 689 1448 730 causam
1479 688 1603 728 esse
1627 672 2000 728 continentem

420 782 477 829 et
499 772 959 827 conservatricem
985 768 1278 823 credimus.
1312 765 1451 831 Hoc,
1480 766 1726 835 inquam,
1754 762 2003 819 nisifaei-

381 839 398 932 ἦ
429 880 589 930 mus,
639 879 821 919 nonne
871 877 1143 918 summum
1200 860 1498 932 impietatis
1538 870 1703 927 atque
1746 858 1998 914 atlieismi

314 984 323 990 -
422 957 635 1013 culmen
663 965 908 1011 tenemus
925 956 938 1009 ι

495 1135 587 1191 62.
622 1108 850 1205 Dignum
878 1133 1086 1204 judico,
1116 1131 1316 1188 idoneo
1341 1144 1486 1186 nunc
1515 1138 1780 1200 tempore,
1817 1128 2003 1183 dicere
2050 1201 2056 1205 _

428 1228 598 1283 etiam
627 1228 899 1296 quodnam
933 1227 988 1280 lii
1023 1226 1301 1281 hominum
1332 1238 1504 1294 genus
1543 1224 1687 1287 sint,
1722 1233 1778 1277 et
1810 1222 2000 1292 cujus-

427 1335 552 1374 nam
591 1322 717 1374 vitae
748 1334 813 1374 ac
845 1332 1056 1374 morum
1084 1335 1100 1385 ;
1145 1332 1210 1373 ac
1238 1316 1405 1372 veluti
1439 1317 1688 1386 catalogo
1728 1329 2003 1387 exponere

433 1412 612 1467 studia
643 1425 832 1466 eorum
866 1419 921 1465 et
960 1410 1383 1479 occupationes;
1432 1423 1663 1479 quorum
1693 1422 1763 1462 ex
1806 1408 1918 1461 vita
1948 1416 2005 1461 et.

428 1503 656 1573 reliquis
704 1503 1003 1569 institutis,
1053 1503 1306 1572 dogmata
1351 1515 1568 1570 quoque
1599 1499 2003 1563 inclaresceot;

428 1610 667 1663 namque
691 1609 757 1648 ex
788 1593 969 1648 fructu
1006 1594 1171 1649 arbor
1200 1601 1583 1663 cognoscetur.
1611 1590 1777 1661 Ergo,
1807 1598 1866 1644 ut
1886 1603 2007 1643 eer-

426 1688 645 1753 nimus,
689 1685 942 1756 plerique
975 1685 1168 1740 borum
1205 1685 1349 1738 nulla
1404 1683 1635 1739 scientia
1665 1689 1762 1736 aut
1783 1680 2003 1736 institu-

434 1777 587 1832 tione
611 1778 804 1832 imbuti
832 1789 983 1843 sunt,
1017 1786 1179 1845 atque
1213 1776 1327 1845 ipsa
1359 1774 1753 1830 elementorum
1785 1771 2002 1826 nomina

2104 670 2515 740 συμφερόντων,
2544 668 2655 720 τῶν
2679 666 2855 721 ἄλλων
2876 668 3134 722 ἁπάντων
3160 665 3325 721 πλέον
3357 668 3687 739 εἰλήφαμεν,

2104 757 2295 829 ὥσπερ
2341 759 2474 828 ἡμῖν
2508 757 2603 811 καὶ
2654 757 2737 810 ὅτι
2793 757 2909 809 ἔστι
2947 755 3103 819 Θεὸς,
3135 757 3230 809 καὶ
3263 756 3485 811 πάντων
3534 758 3691 810 αίτία

2106 850 2399 920 συνεηκτική
2452 865 2514 902 τε
2556 849 2654 902 καὶ
2692 848 3034 920 φρουρητικὴ
3077 848 3442 903 πεπίστευται
3466 865 3479 878 '
3515 849 3693 903 ταῦτα

2104 948 2268 1011 ποίας
2331 948 2680 1019 παρανομίας
2762 948 2858 1002 καὶ
2937 947 3127 1012 ἀθεΐας
3208 948 3513 1020 ὑπερϐολὴν
3588 947 3694 1016 οὐχ

2107 1039 2397 1111 ὑπεραίρει
2416 1044 2430 1093 l

2175 1130 2277 1202 ξβ’.
2342 1132 2527 1198 Ἀξιον
2565 1131 2621 1186 δὲ
2660 1126 2815 1201 οἶμαι
2857 1132 3146 1196 ἐνστάντος
3184 1128 3381 1201 καιροῦ
3410 1130 3506 1183 καὶ
3528 1128 3700 1183 τοῦτο

2102 1224 2301 1287 είπεῖν,
2331 1222 2475 1286 τίνες
2517 1240 2578 1276 τε
2623 1216 2772 1277 οὗτοί
2821 1225 2949 1289 εισι,
2983 1228 3076 1277 καί
3116 1224 3216 1294 τῆς
3253 1223 3413 1286 ποίας
3459 1223 3699 1292 ἀγωγῆς

2103 1317 2201 1367 καὶ
2250 1313 2515 1384 βιώσεως,
2547 1313 2647 1368 καὶ
2686 1313 2764 1376 ὡς
2797 1314 2857 1367 ὲν
2894 1314 3183 1385 καταλόγῳ
3226 1313 3330 1367 τινὶ
3374 1315 3441 1366 τὰ
3481 1313 3701 1367 τούτων

2103 1404 2446 1475 ἀνακηρύξαι
2470 1405 2804 1477 φρονήματά
2838 1422 2899 1460 τε
2922 1408 3019 1460 καὶ
3044 1406 3458 1477 ἐπιτηδεύματα
3480 1421 3494 1437 ⁸
3526 1396 3601 1461 ὧν
3625 1406 3702 1458 ὲκ

2102 1497 2198 1550 τοῦ
2235 1496 2441 1567 τρόπου
2480 1488 2576 1551 καὶ
2599 1496 2695 1551 τοῦ
2729 1496 2845 1568 βίου
2874 1499 2970 1550 καὶ
2995 1498 3095 1570 τῆς
3117 1496 3285 1567 ἄλλης
3322 1498 3699 1569 ἀναστροφῆς,

2104 1588 2201 1643 καὶ
2229 1588 2298 1642 τὰ
2320 1586 2415 1642 τοῦ
2443 1587 2715 1658 δόγματος
2755 1588 2980 1660 ἐμφανῆ
3013 1590 3423 1660 καταστήσεται
3455 1607 3469 1621 ο
3495 1591 3560 1642 ἐκ
3585 1589 3703 1661 γὰρ

2103 1684 2200 1737 τοῦ
2252 1684 2469 1756 καρποῦ
2528 1685 2591 1740 τδ
2627 1684 2844 1756 δένδρον
2878 1684 3277 1755 γνωσθήσεται.
3335 1686 3427 1750 Ὣς
3475 1683 3707 1756 ὁρῶμεν

2105 1778 2214 1848 γάρ
2255 1778 2306 1830 οί
2345 1775 2567 1841 πλείους
2611 1777 2793 1832 αὐτῶν
2845 1776 3101 1846 γνώσεως
3143 1778 3175 1850 ἢ
3229 1778 3566 1840 παιδεύσεως
3597 1777 3710 1846 τῆς

425 1871 703 1941 ignorant,
729 1870 840 1924 imo
866 1870 1032 1924 etiam
1062 1882 1249 1922 earum
1274 1881 1455 1921 rerum
1482 1865 1757 1920 studiosos
1776 1863 2009 1918 subsan-

2120 1868 2361 1924 i'mocoiiv
2390 1872 2593 1942 ἥκιστα
2626 1869 3107 1940 μεταποιούμενοι,
3144 1871 3240 1923 καὶ
3271 1869 3382 1923 τῶν
3415 1870 3710 1939 στοιχείων

427 1973 565 2016 nant
603 1971 767 2031 atque
806 1959 1132 2030 obiurgant,
1182 1973 1304 2014 nam
1349 1957 1688 2027 disciplinam
1723 1965 1881 2026 atque
1916 1971 2013 2009 sa-

425 2054 682 2123 pientiam
698 2054 845 2122 impii
869 2052 1152 2120 denpicient
1178 2090 1195 2118 ,
1218 2051 1294 2106 uti
1327 2050 1593 2119 scriptum
1621 2057 1708 2105 est
1731 2048 1799 2103 ⁷³.
1827 2047 2013 2102 [ludes

426 2159 560 2212 ergo
600 2160 724 2199 cum
776 2145 887 2199 sint.
923 2155 978 2198 et
1027 2144 1239 2214 ignari.
1279 2143 1733 2211 intemperanter
1768 2139 2011 2196 inconti-

429 2246 738 2303 nenterque
767 2234 820 2289 in
856 2235 1002 2287 omni
1034 2234 1146 2287 vita
1179 2233 1390 2302 degunt
1423 2249 1438 2285 :
1475 2232 1793 2300 nullumque
1822 2229 2016 2299 nequi-

433 2328 523 2381 tia:
581 2341 753 2395 genus
802 2335 1094 2388 recusant.
1151 2326 1352 2379 suimet
1406 2335 1714 2389 amatores,
1772 2323 2016 2393 pecunias

441 2419 649 2487 cupidi,
676 2419 820 2483 vani,
847 2418 1087 2486 superbi,
1127 2416 1427 2486 blasphemi
1464 2416 1600 2487 (Ἠ),
1632 2425 2012 2479 contumaces,

431 2509 654 2580 ingrati,
690 2508 929 2579 profani,
959 2509 1078 2562 sine
1119 2506 1406 2563 affectione
1436 2524 1503 2563 ac
1550 2507 1777 2572 fcedcre,
1810 2506 2016 2560 calum-

431 2601 719 2667 niatores,
773 2600 1216 2665 incontinentes,
1269 2601 1437 2666 suavi,
1482 2601 1662 2653 omnis
1720 2600 1874 2653 bona:
1935 2597 2017 2651 rei

432 2708 646 2760 usuros,
673 2692 937 2761 protervi,
958 2703 1298 2762 arrogantes,
1316 2694 1624 2763 voluptatis
1653 2696 1830 2763 potius
1853 2707 2019 2761 quam

432 2786 526 2841 Dei
553 2794 850 2839 amatores.
883 2783 988 2839 Sed
1012 2801 1176 2853 parva
1207 2794 1336 2839 sttnt
1364 2786 1501 2850 haec,
1534 2786 1749 2840 etiamsi
1777 2784 2019 2839 maxime

433 2878 912 2949 repreliensibilia,
940 2879 1084 2945 apud
1114 2895 1235 2933 eum
1264 2880 1355 2949 qui
1382 2880 1687 2949 lmjusmodi
1708 2879 2015 2948 catalogum

433 2970 783 3044 scribendum
832 2969 1083 3038 suscipit.
1119 2970 1325 3024 Addam
1359 2971 1521 3023 etiam
1549 3012 1564 3036 ,
1604 2970 1702 3024 bos
1729 2983 1852 3025 esse
1884 2982 2019 3024 cono

433 3062 724 3117 viciatores
748 3101 764 3129 ,
793 3062 1274 3126 innuisericordes,
1308 3061 1587 3131 juratores
1623 3044 1862 3131 passim,
1890 3079 2017 3134 per-

428 3155 604 3225 iuros,
635 3155 956 3224 sacrilegos,
986 3155 1346 3224 pompaticos,
1370 3170 1524 3211 vanae
1545 3156 1733 3228 gloriae
1758 3158 2013 3227 cupidos,
2042 3198 2085 3256 Ο

436 3247 671 3302 terrenis
697 3246 858 3300 rebus
881 3247 1152 3311 addictos,
1172 3248 1352 3301 anima
1372 3263 1434 3302 ac
1450 3260 1632 3305 mente
1650 3249 2011 3317 eiieminatos,

433 3338 705 3404 ebriosos,
733 3339 1004 3409 stupidus,
1044 3341 1295 3406 stolidos,
1332 3354 1588 3408 vesanos,
1624 3342 1875 3398 carnales
1896 3358 2017 3398 om-

441 3434 574 3488 nino
615 3442 675 3488 et
701 3432 768 3485 ad
802 3432 988 3486 inﬁma
1011 3447 1238 3501 quaeque
1270 3448 1471 3502 pronos
1504 3451 1519 3488 :
1547 3437 1747 3489 mundo
1776 3446 1831 3488 et
1860 3450 2018 3489 mun-

437 3525 594 3580 danis
624 3525 789 3579 rebus
808 3525 1091 3579 devinctus
1113 3563 1130 3588 ,
1163 3526 1337 3579 ventri
1371 3535 1581 3579 tantum
1611 3527 1973 3581 inservientes
1996 3566 2012 3589 ,

438 3626 494 3671 cl.
551 3617 792 3671 omnium
838 3616 905 3669 ad
958 3627 1203 3670 ventrem
1255 3617 1646 3686 pertinentium
1700 3620 2012 3685 studiosos,

441 3717 623 3775 utpote
666 3706 957 3777 pecudales
988 3718 1043 3762 et
1075 3709 1482 3764 irrationalium
1520 3711 1816 3767 beatiarnm
1848 3712 2021 3766 vitam‘

439 3801 785 3855 wmulantes.
820 3799 959 3854 Sunt
986 3812 1250 3870 prmterea
1283 3813 1470 3873 turpes
1493 3804 1547 3858 in
1585 3805 1930 3870 occursibus,
1960 3805 2019 3858 in

439 3908 695 3951 sermone
729 3904 912 3949 autem
952 3906 1008 3950 et
1037 3899 1456 3952 conversatione
1481 3899 1758 3968 turpiores
1789 3915 1805 3951 :
1835 3898 2016 3953 verbis

440 3999 731 4053 pugnaces,
769 3987 1009 4042 iracundi
1033 4028 1048 4052 ,
1075 3990 1430 4055 contentiosi,
1460 3988 1659 4059 iurgiis
1687 3991 2012 4060 gaudentes,

439 4085 494 4132 et
536 4077 711 4132 aliena
736 4081 857 4146 jura
895 4081 1234 4136 invadentes.
1264 4080 1434 4136 Iidem
1480 4081 1775 4137 tribunalia
1807 4088 2015 4148 terunt,

439 4175 939 4229 controversiarum
1009 4176 1297 4245 litiumque
1372 4178 1641 4244 studiosi;
1701 4177 2023 4233 libellorum-

2112 1958 2299 2012 αὐτῶν
2347 1959 2449 2030 τὰς
2508 1959 2808 2029 ὀνομασίας
2860 1959 3217 2028 ἠγνοηκότες,
3268 1959 3370 2030 ήδη
3424 1958 3523 2011 καὶ
3572 1957 3711 2021 τοὺς

2113 2047 2511 2119 ἀντεχομένους
2535 2048 2935 2119 μυκτηρίζουσι
2951 2049 3047 2103 καὶ
3065 2048 3352 2113 κακίζουσι
3374 2063 3390 2080 ⁸
3416 2046 3710 2102 Παιδείαν

2113 2140 2225 2209 γὰρ
2257 2139 2357 2194 καί
2409 2143 2637 2209 σοφίαν
2682 2140 2923 2208 ἀσεϐεῖς
2967 2140 3469 2207 ὲξουθενήσουσι,
3496 2141 3710 2212 γέγρα-

2114 2250 2249 2286 πται
2289 2250 2306 2265 ·
2346 2233 2580 2303 ἀμαθεῖς
2620 2233 2677 2287 δὲ
2720 2234 2874 2297 ὄντες
2921 2237 3017 2288 καὶ
3063 2235 3405 2300 ἀπαίδευτοι,
3437 2233 3711 2306 ἀκολασίᾳ

2116 2326 2211 2379 καὶ
2249 2326 2458 2396 ἀσωτία
2490 2325 2643 2397 παρά
2686 2325 2868 2379 πάντα
2909 2327 3001 2380 τὸν
3037 2326 3152 2396 βίον
3183 2327 3387 2390 συζῶσι
3420 2345 3435 2359 ⁸
3468 2329 3564 2382 καὶ
3602 2329 3711 2381 οὐκ

2115 2416 2262 2471 ἐστιν
2279 2418 2308 2471 ὃ
2329 2417 2405 2487 μὴ
2425 2418 2535 2471 τῶν
2559 2419 2782 2488 φαύλων
2812 2422 2997 2484 αὐτοῖς
3019 2420 3235 2491 αἱρετόν
3256 2422 3398 2483 ἐστι,
3424 2421 3707 2487 φίλαυτοι,

2120 2512 2453 2585 φιλάργυροι
2473 2553 2488 2578 ,
2543 2512 2803 2580 ἀλαζόνες
2826 2556 2841 2581 ,
2905 2516 3250 2587 ὑπερήφανοι
3280 2554 3295 2578 ,
3345 2513 3659 2584 βλάσφημοι
3687 2554 3705 2578 ,

2117 2606 2389 2670 ἀπειθεῖς,
2430 2607 2742 2678 ἀχάριστοι,
2796 2607 3026 2671 ἀνόσιοι,
3084 2608 3369 2678 ἄστοργοι,
3421 2606 3706 2668 ἄσπονδοι,

2118 2696 2380 2762 διάϐολοι,
2432 2699 2718 2766 ἀκρατεῖς,
2752 2694 3043 2768 ἀνήμεροι,
3086 2697 3449 2766 ἀφιλάγαθοι,
3495 2713 3711 2768 προπε-

2117 2793 2252 2856 τεῖς,
2283 2792 2684 2862 τετυφωμένοι,
2707 2792 2980 2863 φιλήδονοι
3003 2792 3252 2862 μᾶλλονῆ
3273 2791 3543 2861 φιλόθεοι·
3568 2790 3717 2845 ἀλλᾶ

2123 2882 2302 2954 μικρά
2333 2884 2530 2951 ταῦτα,
2567 2884 2751 2939 καίτοι
2782 2886 3017 2955 μέγιστα
3045 2887 3127 2950 είς
3160 2884 3525 2956 κατηγορίαν,
3550 2884 3705 2953 παρά

2116 2977 2195 3048 τῷ
2242 2981 2546 3049 γεγραφότι
2602 2978 2831 3032 τουτωνὶ
2867 2978 2965 3033 τὸν
3014 2979 3318 3047 κατάλογον
3354 2994 3369 3010 ·
3406 2978 3709 3049 προσθείην

2117 3071 2162 3124 δ’
2196 3069 2263 3125 ἂν
2294 3071 2376 3124 ὅτι
2412 3071 2509 3124 καὶ
2545 3069 2778 3141 λοίδοροι
2824 3070 2921 3124 καὶ⁸
2961 3070 3350 3141 ἀνελεήμονες,
3384 3070 3705 3142 πολύορκοι,

2118 3163 2390 3231 ἐπίορκοι,
2416 3161 2704 3233 ἱερόσυλοι,
2724 3160 3069 3233 φιλόκοσμοι,
3092 3161 3383 3231 φιλόδοξοι,
3411 3161 3701 3233 πρόσυλοι,

2120 3255 2393 3325 ἐμπαθεῖς
2444 3254 2544 3324 τὴν
2603 3253 2784 3325 ψυχὴν
2832 3256 2929 3308 καὶ
2986 3254 3089 3326 τὴν
3129 3254 3393 3321 διάνοιαν,
3425 3256 3704 3326 πάροινοι,

2123 3345 2504 3416 παραπλῆγες,
2569 3348 2944 3415 παράφρονες,
2994 3347 3247 3417 ἀνόητοι,
3294 3350 3605 3416 σωματικοὶ
3644 3347 3707 3402 τὸ

2124 3440 2231 3492 πᾶν
2265 3438 2362 3491 καὶ
2387 3438 2555 3507 ξκάτω
2592 3438 2840 3502 νεύοντες
2870 3455 2884 3469 ο
2917 3438 3106 3509 κόσμῳ
3153 3456 3211 3492 τε
3251 3441 3346 3494 καὶ
3379 3442 3493 3503 τοῖς
3519 3443 3580 3492 ἐν
3628 3440 3706 3509 τῷ

2123 3532 2317 3603 κόσμῳ
2352 3531 2679 3603 ἡττώμενοι,
2712 3533 2807 3585 καὶ
2830 3536 2896 3603 τῇ
2923 3532 3127 3604 γαστρὶ
3163 3534 3301 3605 μόνῃ
3331 3533 3705 3604 δουλούμενοι,

2124 3624 2217 3675 καὶ
2251 3622 2351 3675 ὅσα
2388 3623 2518 3692 περὶ
2564 3625 2666 3694 τὴν
2716 3624 2961 3693 γαστέρα
3003 3621 3421 3689 σπουδάζοντες,
3452 3617 3540 3676 οἷα
3575 3639 3710 3691 κτη-

2123 3716 2309 3779 νώδεις
2336 3716 2544 3769 καὶτὸν
2588 3716 2698 3769 τῶν
2727 3716 2942 3785 ἀλόγων
2983 3716 3140 3780 ζώων
3184 3715 3300 3787 βίον
3334 3715 3704 3787 ζηλώσαντες.

2122 3809 2351 3878 Αίσχροὶ
2407 3808 2537 3879 περὶ
2582 3808 2681 3878 τὴν
2720 3807 2980 3872 ἔντευξιν,
3031 3809 3125 3862 καὶ
3175 3812 3274 3880 τὴν
3336 3810 3559 3880 ὁμιλίαν
3616 3812 3709 3864 καὶ

2126 3900 2416 3953 συνουσίαν
2467 3900 2810 3973 αίσχρότεροι
2843 3914 2858 3929 ⁸
2913 3903 3004 3954 καὶ
3061 3901 3153 3954 τὸν
3212 3902 3373 3971 λόγον
3426 3902 3709 3973 μάχιμοι,

2122 3990 2356 4062 ὀργίλοι,
2403 3991 2722 4060 φιλόνεικοι,
2781 3993 2984 4063 μάχαις
3042 3993 3347 4064 χαίροντες,
3400 3998 3496 4047 καὶ
3532 3994 3714 4059 δίκαις

2125 4084 2437 4155 ἀλλοτρίαις
2488 4084 2911 4154 ἐπεμϐαίνοντες
2944 4100 2958 4115 ο
2990 4086 3058 4139 τὰ
3100 4087 3432 4158 δικαστήρια
3478 4103 3711 4156 περιπο-

2125 4174 2367 4239 λοῦντες,
2414 4174 2711 4246 φιλέριδες,
2761 4176 3025 4246 φιλόδικοι
3054 4190 3067 4205 ⁸
3107 4176 3513 4249 γραμματείοις
3569 4177 3716 4246 φαύ-

441 4273 694 4320 auctores
719 4264 1031 4334 iniquorum
1053 4307 1068 4332 ,
1097 4268 1296 4337 quibus
1321 4269 1585 4324 adversus
1614 4262 1923 4337 proximum
1949 4269 2017 4324 ab

2125 4268 2278 4335 λοις,
2337 4270 2397 4322 ὲν
2456 4252 2555 4333 οἷς⁸
2586 4268 2694 4322 τῶν
2742 4270 2975 4341 πλησίον
3019 4271 3077 4323 αί
3126 4271 3372 4325 διαϐολαὶ
3410 4272 3561 4342 παρά
3606 4270 3717 4325 τῶν

441 4354 707 4426 improbis
737 4367 1025 4413 struuntur
1059 4359 1386 4425 calumniae;
1421 4368 1632 4415 metunt
1671 4361 1763 4416 ubi
1795 4376 1902 4416 non
1930 4375 2017 4415 se-

2128 4359 2349 4427 φαύλων
2405 4359 2768 4425 συντίθενται,
2792 4360 3081 4430 χαίροντες
3112 4378 3127 4393 ο
3160 4361 3475 4434 θερίζοντες
3514 4356 3576 4416 οὗ
3639 4363 3717 4433 μὴ

438 4459 669 4515 verunt,
708 4459 1042 4521 congregant
1071 4451 1161 4506 ubi
1199 4466 1304 4506 non
1345 4461 1711 4522 sparserunt,
1740 4452 2017 4523 quodlibet

2129 4450 2428 4523 Εσπειραν,
2455 4453 2551 4506 καὶ
2578 4453 2901 4522 συνάγονται
2932 4446 2996 4507 οὗ
3023 4452 3097 4525 μὴ
3125 4453 3486 4532 ἐσκόρπισαν,
3532 4458 3718 4511 πᾶσαν

439 4542 815 4610 evangelicum
849 4544 1165 4598 mandatum
1189 4545 1429 4611 abolent,
1448 4560 1662 4601 omnem
1695 4545 2017 4601 canonicam

2129 4543 2496 4614 εύαγγελικὴν
2536 4544 2758 4615 ἐντολὴν
2806 4543 3156 4610 ἀθετοῦντες,
3190 4547 3376 4616 πάσης
3419 4550 3719 4619 κανονικῆς

441 4632 768 4703 civilemque
792 4634 1237 4690 constitutionem
1259 4636 1558 4708 negligant,
1575 4651 1741 4692 omne
1754 4637 2019 4707 spiritalis

441 4725 567 4779 vita:
596 4740 771 4792 genus
793 4728 1044 4781 abnuunt
1083 4743 1149 4782 ac
1190 4730 1540 4797 vituperant,
1568 4744 1736 4785 omne
1762 4723 2025 4785 ecclesia-

441 4818 636 4873 sticum
684 4821 1057 4890 magisterium
1088 4822 1512 4893 reprehendunt,
1549 4833 1777 4878 cunctas
1796 4831 2027 4892 aposto-

440 4910 616 4963 lorum
675 4908 1010 4981 Patrumqne
1067 4928 1229 4969 voces
1286 4923 1452 4983 atque
1476 4913 1888 4970 admonitiones
1927 4914 2029 4970 de-

440 5011 686 5073 spuunt;
723 5018 1022 5074 sacrosque
1052 5003 1252 5061 Libros
1284 5015 1503 5062 metros
1538 5020 1647 5060 ceu.
1689 5020 2021 5075 magnopere

510 5160 557 5192 ⁷⁸
576 5157 736 5213 Prov.
761 5173 800 5226 ι,
822 5159 898 5221 2a

509 5316 623 5389 (7i)
658 5318 1076 5376 Cantacuzenus
1104 5320 1157 5374 in
1199 5318 1433 5384 Cantic.,
1465 5329 1527 5375 ut
1559 5335 1720 5373 unam
1759 5321 1843 5374 vel
1891 5320 2026 5374 alte-

436 5401 553 5441 ram
574 5391 757 5461 adhuc
775 5405 932 5461 exeo
956 5393 1334 5461 auctoritatem
1361 5394 1660 5458 proferam:
1686 5392 1839 5444 Πᾶσα
1861 5391 2027 5461 βλασ-

440 5458 621 5530 φημία
652 5460 751 5527 τὴν
788 5459 1095 5527 φιλοδοξίαν
1135 5460 1311 5530 ἀρχὴν
1342 5462 1611 5530 ἔσχηκεν·
1648 5461 1779 5514 ὃπου
1813 5458 1876 5529 γε
1929 5461 2026 5514 καὶ⁹

439 5530 468 5580 ὁ
491 5528 705 5597 πρῶτος
731 5531 1022 5601 γενόμενος
1047 5528 1197 5600 παρὰ
1228 5528 1363 5601 Θεοῦ
1391 5528 1484 5583 ὅ.νο
1497 5547 1696 5601 ρωπος,
1726 5528 1836 5592 ἴσος
1861 5531 2028 5585 ἀκοῦ-

441 5614 533 5650 σαι
584 5597 1015 5673 καταδεξάμενος
1064 5597 1319 5673 γενέσθαι
1372 5597 1529 5670 Θεῷ)
1584 5603 1686 5673 καὶ
1738 5602 2021 5673 ταύτῃ-τῇ

443 5669 865 5742 συγκαταθέσεις
896 5672 1031 5742 πρὸς
1066 5669 1156 5724 τὸν
1188 5669 1473 5742 ,Ὕψιστον
1508 5669 2021 5742 βεϐλασφημηκὼςζ

441 5737 610 5813 αὐτὴν
632 5740 746 5813 ,τὴν
778 5737 1080 5813 φιλοδοξίαν
1105 5780 1119 5805 ,
1152 5740 1214 5813 τὸ
1241 5737 1640 5813 γενένσίοαιίσος
1669 5737 1819 5813 Θέῷι
1845 5737 2022 5812 ἀρχὴν

440 5809 569 5879 ὶσχε
596 5809 691 5880 τῆς
721 5810 1107 5882 παραϐάσεως·
1142 5811 1325 5867 Omnis
1360 5812 1689 5882 blasphemia
1720 5809 2019 5886 a’superbia

2126 4637 2222 4690 καὶ
2253 4637 2482 4706 ἐννόμου
2506 4637 2869 4709 θεσμοθεσίας
2896 4639 3305 4711 ὑπερορῶντες,
3333 4642 3519 4695 πᾶσαν
3546 4645 3719 4695 πνεῦ-

2133 4728 2367 4799 ματικὴν
2390 4729 2672 4785 πολιτείαν
2688 4731 3107 4805 διακρουόμενοι
3125 4733 3220 4786 καὶ
3239 4734 3715 4801 κατονειδίζοντες,

2133 4822 2318 4876 πᾶσαν
2380 4823 2848 4897 ὲκκλησιαστικὴν
2924 4826 3281 4879 διδασκαλίαν
3343 4826 3715 4898 διασύροντες,

2136 4913 2319 4966 πᾶσαν
2348 4912 2714 4987 ἀποστολικὴν
2748 4916 2847 4970 καὶ
2872 4918 3158 4989 Πατρικὴν
3182 4918 3369 4989 φωνὴν
3405 4922 3501 4971 καὶ
3531 4918 3722 4972 νουθε-

2132 5005 2254 5061 σίαν
2300 5007 2694 5074 διαπτύοντες·
2743 5013 2845 5076 τάς
2876 5029 2937 5065 τε
2982 5013 3136 5085 ίερὰς
3172 5012 3336 5084 ἡμῶν
3372 5012 3613 5085 βίϐλους,
3644 5012 3723 5078 ὡς

2133 5325 2345 5378 initium
2401 5326 2647 5390 sumpsit.
2688 5323 2942 5398 Namque
2976 5339 3025 5381 el
3073 5329 3277 5398 primus
3320 5329 3474 5386 homo
3518 5350 3551 5384 η
3610 5330 3721 5386 Deo

2133 5405 2362 5471 creatus,
2393 5411 2508 5471 cum
2566 5397 2798 5449 audisset
2842 5414 2993 5462 posse
3030 5397 3084 5453 se
3140 5417 3318 5467 parem
3359 5403 3463 5454 Deo
3495 5403 3636 5471 ﬁeri.
3667 5412 3717 5455 et

2132 5468 2233 5517 Imc
2265 5468 2602 5531 persuasione
2629 5478 2894 5533 permotus
2926 5474 3178 5523 adversus
3213 5468 3540 5524 Altissimnin
3573 5472 3716 5525 blas-

2131 5534 2353 5601 phemiae
2394 5551 2536 5587 reum
2590 5552 2646 5589 se
2689 5537 2930 5601 fecisset,
2965 5539 3296 5603 superbiam,
3327 5542 3382 5594 id
3416 5552 3493 5595 est
3521 5544 3626 5595 Deo
3663 5559 3717 5596 se

2130 5607 2440 5681 exon/umidi
2463 5607 2821 5671 eruditionem,
2853 5612 3291 5681 transgressionis
3322 5629 3433 5666 sua:
3459 5614 3721 5681 originem

2130 5673 2651 5752 (inbuit.__li;_t:resco_n
2678 5687 2828 5752 certe
2849 5673 3345 5752 omniumJuatreni
3373 5698 3494 5735 esse
3526 5673 3703 5752 super-

2131 5745 2457 5824 ilialll,.di0il
2487 5748 2629 5824 apud
2662 5748 3050 5824 nosCyrillus,
3088 5749 3164 5805 De
3196 5751 3482 5821 Trinitate,
3507 5745 3627 5824 cap.
3660 5755 3710 5818 1,

2128 5831 2250 5869 cum
2283 5815 2585 5887 Augustino
2618 5817 2669 5871 in
2700 5815 2850 5872 Adit;
2918 5866 2928 5874 .
