4004 6432
385 406 502 473 489

1091 406 1717 470 ANTIRRIIETICUS
1757 404 1848 466 ΙΙΙ
1889 405 2056 466 ADV.
2097 401 2692 464 CONSTANTINUM
2730 401 2946 461 COPR.

3611 175 3626 201 θ

3549 397 3656 460 49υ

392 523 546 592 μέγα
571 501 629 572 τί
659 517 857 590 βλάϐος
891 519 1370 592 ἀποπεμπόμενοι,
1408 523 1505 574 καὶ
1545 521 1674 582 τοὺς
1709 517 1979 588 ἐντυγχά-

2099 517 2214 587 [uid
2247 516 2468 570 noxium
2487 514 2774 584 abjiciunt,
2802 523 2856 568 et
2877 529 2970 568 eos
2997 513 3090 584 qui
3115 513 3216 570 hos
3239 512 3422 584 legunt
3444 527 3657 583 usuque

387 629 589 676 νοντας
615 613 709 665 καὶ
729 613 1100 682 ἀσκουμένους
1119 614 1177 666 ὲν
1205 614 1422 677 αὐταῖς,
1448 613 1523 676 ώς
1550 613 1685 680 ἄγος
1705 628 1760 664 τι
1793 613 1982 682 ἐκτρε-

393 688 632 773 πόμενοι
653 719 666 732 ·
691 705 874 756 πᾶσαν
900 703 1190 757 εὐλάσειαν
1208 707 1303 759 καὶ
1329 704 1618 758 εὐσέϐειαν
1643 702 1984 772 καταχλευά-

395 794 610 860 ζοντες,
642 795 703 848 τὸ
733 799 918 866 σχῆμα
938 795 998 849 τὸ
1026 797 1387 850 ἀποστολικὸν
1421 795 1859 866 βδελυσσόμενοι,
1889 792 1984 846 καὶ

399 889 505 959 τὴν
555 888 861 958 ἱερωσύνην
909 887 1411 959 καταχλευάζοντες
1445 902 1459 918 '
1521 888 1632 940 πᾶν
1691 885 1983 939 σπουδαῖον

401 983 500 1036 καὶ
523 981 726 1050 ἀγαθὸν
746 980 1127 1052 διωθούμενοι,
1147 981 1241 1034 καὶ
1268 981 1375 1034 πᾶν
1399 979 1638 1048 φευκτὸν
1661 978 1755 1031 καλ⁵
1777 977 1985 1049 μοχθη-

401 1075 499 1146 ρὸν
533 1071 942 1144 ἀσπαζόμενοι·
995 1072 1098 1126 οὐκ
1149 1070 1459 1140 ἀναγνώσει
1501 1069 1884 1141 προσέχουσιν,
1920 1067 1981 1120 οὐ

397 1167 568 1221 θείων
597 1165 830 1238 Γραφῶν
861 1167 1137 1236 ἀκροαταὶ
1167 1166 1408 1234 γίνονται
1433 1181 1446 1195 ·
1480 1163 1599 1226 πῶς
1629 1163 1776 1233 γάρ;
1817 1162 1872 1214 οἴ
1920 1177 1986 1229 γε

397 1259 585 1313 πάντα
617 1257 792 1312 ταῦτα
843 1256 1417 1328 καταμυσαττόμενοι,
1477 1255 1571 1308 καὶ
1607 1253 1829 1306 πάντων
1877 1251 1988 1305 τῶν

403 1349 835 1404 λυσιτελούντων
875 1347 1140 1418 ἀμύητοι,
1174 1347 1356 1417 πάσης
1399 1345 1734 1416 πανουργίας
1761 1345 1989 1413 ἐφευρε-

393 1441 517 1506 ταὶ,
565 1440 667 1494 οὐκ
724 1439 806 1502 είς
855 1439 1020 1501 ναοὺς
1066 1437 1202 1491 Θεοῦ
1239 1435 1611 1507 σχολάζουσιν,
1671 1435 1732 1487 οὐ
1800 1433 1988 1486 πίστιν

396 1531 664 1602 τιμῶσιν,
699 1529 800 1583 οὐκ
833 1529 1056 1598 ἀγάπην
1107 1527 1598 1598 περιπτύσσονται,
1649 1524 1751 1577 οὐκ
1794 1522 1989 1576 ἐλπίδα

397 1622 730 1690 κέκτηνται,
783 1619 846 1675 ού
893 1620 1174 1689 προσευχῇ
1208 1618 1307 1670 καὶ
1355 1617 1582 1688 νηστείᾳ
1644 1631 1988 1686 προσκαρτε-

398 1710 617 1782 ροῦσιν,
648 1709 708 1764 οὐ
763 1709 1059 1779 παρθενίαν
1097 1707 1478 1778 σεμνύνουσιν,
1509 1707 1571 1760 ού
1628 1705 1986 1776 σωφροσύνην

399 1801 692 1870 ἁγαπῶσι’
735 1800 915 1854 πάντα
947 1799 1036 1853 τὸν
1076 1799 1191 1870 βίον
1223 1797 1468 1869 αἰσχρῶς
1523 1797 1984 1868 καταστρέφουσι,

2089 620 2289 673 terunt,
2313 623 2411 663 ceu
2446 607 2719 677 piaculum
2747 605 2966 677 aliquod
2992 617 3317 661 aversantur
3349 625 3362 661 :
3401 608 3658 678 pietatem

2082 716 2298 758 onmem
2337 701 2490 772 131
2525 709 2580 756 et
2604 699 2982 755 ortbodoxiam
3021 699 3272 764 irrident,
3303 700 3660 769 apostolicum

2085 793 2464 848 vestimentum
2500 791 2613 864 (72)
2647 791 3014 862 vilipendnnt,
3049 802 3101 846 et
3136 791 3506 846 sacerdotium
3535 793 3664 846 sub—

2085 895 2320 941 sannant
2348 900 2550 943 :omne
2581 885 2816 955 denique
2849 883 2991 954 frugi
3025 885 3340 954 bonumque
3388 891 3626 938 renuunt
3647 921 3664 945 ,

2085 991 2248 1033 omne
2296 961 2577 1032 vitandum
2626 987 2792 1047 atque
2847 977 3158 1044 improbutn
3205 968 3603 1048 amplectuntur
3648 994 3663 1030 :

2087 1067 2304 1122 lectioni
2339 1084 2444 1122 non
2467 1077 2686 1132 vacant,
2709 1069 2922 1123 divinas
2951 1068 3270 1136 Scripturas
3297 1083 3406 1123 non
3445 1067 3667 1123 auscul-

2088 1167 2242 1224 tant;
2279 1160 2368 1228 qui
2405 1159 2552 1213 enim
2587 1159 2638 1212 id
2683 1159 2973 1214 facerent?
3002 1176 3124 1214 cum
3162 1159 3277 1213 hac
3319 1158 3504 1213 omnia
3542 1159 3670 1212 odio

2090 1251 2365 1314 habeant,
2403 1259 2458 1304 et
2496 1250 2674 1304 omnis
2721 1251 2799 1304 rei
2833 1249 2986 1304 utilis
3032 1250 3143 1303 sint
3176 1249 3348 1318 ignari
3376 1289 3391 1314 ,
3445 1247 3670 1302 malitiae

2087 1339 2272 1398 omnis
2303 1341 2690 1395 adinventores
2726 1357 2740 1394 :
2771 1339 2968 1409 templa
3015 1339 3108 1394 Dei
3143 1355 3248 1395 non
3279 1337 3665 1408 frequentant,

2091 1434 2252 1490 [idem
2295 1450 2400 1489 non
2441 1435 2750 1501 honorant,
2805 1433 3136 1488 cbaritatem
3198 1446 3304 1486 non
3359 1443 3666 1494 sectantur,

2091 1542 2246 1596 spem
2289 1541 2394 1580 non
2443 1525 2682 1592 habent,
2741 1541 2918 1596 neque
2972 1526 3207 1580 orationi
3258 1539 3432 1594 neque
3462 1523 3668 1593 jejunio

2091 1618 2217 1672 tlunl
2266 1631 2528 1686 operam,
2578 1617 2948 1686 virginitatem
2999 1632 3103 1672 non
3161 1624 3482 1673 reverentur
3531 1614 3668 1684 (ῑό),

2091 1709 2414 1765 modestiam
2453 1725 2556 1764 non
2588 1709 2826 1778 diligtlttl
2853 1726 2868 1762 :
2902 1709 3066 1763 vitam
3095 1709 3405 1764 universam
3436 1707 3670 1777 turpiter

2092 1801 2414 1864 decurrunt,
2447 1799 2705 1870 nequitiae
2730 1799 2913 1854 omnis
2939 1809 3286 1869 operatores,
3320 1798 3535 1852 virtutis
3569 1811 3669 1850 cu-

402 1893 592 1962 πάσης
611 1891 808 1954 κακίας
831 1891 1064 1961 ἐργάται
1092 1890 1188 1943 καὶ
1219 1888 1403 1959 πάσης
1434 1889 1634 1960 άρετῆς
1655 1888 1986 1957 ὑπερόπται’

2099 1894 2308 1960 iuslibet
2365 1901 2791 1961 contemptores.
2832 1891 2965 1946 Nam
3021 1891 3342 1962 praeclarum
3390 1889 3672 1962 quodlibet

404 1983 553 2038 ἅπαν
581 1981 682 2053 γὰρ
719 1981 886 2035 καλὸν
911 1981 1005 2033 καὶ
1023 1979 1164 2033 θεῖον
1195 1981 1290 2032 καὶ
1313 1979 1515 2051 ἀρετῆς
1543 1975 1602 2033 εὖ
1630 1974 1788 2050 ἧκον,
1811 1980 1988 2050 σκηνὴ

365 2145 374 2152 ἢ
408 2077 507 2130 καὶ
521 2075 705 2129 παιδιὰ
731 2093 808 2128 πα
817 2076 869 2146 ρ’
887 2075 1070 2138 αὐτοῖς
1092 2074 1422 2142 λελόγισται,
1450 2073 1708 2144 στυγητοὶ
1733 2073 1824 2127 καὶ⁴
1846 2073 1992 2144 ἔχθι-

413 2189 534 2225 στοι
568 2170 716 2242 παρὰ
735 2169 852 2242 Θεῷ
895 2188 956 2223 τε
988 2171 1080 2262 καὶ.
1113 2170 1370 2239 ἀγγέλοις
1397 2169 1491 2223 καὶ
1533 2167 1844 2240 ἀνθρώποις
1875 2169 1992 2231 τοῖς

413 2261 814 2334 εὑσεὸεστέροις
848 2262 944 2315 καὶ
972 2259 1148 2332 ὀρθῶς
1179 2259 1330 2332 βιοῦν
1363 2263 1666 2332 ᾑρημένοις
1691 2259 1990 2329 τυγχάνον-

410 2371 508 2417 τες
529 2370 544 2383 ⁸
569 2352 768 2406 τούτων
790 2355 888 2408 καὶ
913 2355 940 2406 ό
972 2351 1088 2423 βίος
1135 2351 1386 2422 αἰσχρὸς,
1424 2352 1518 2404 καὶ
1551 2353 1579 2406 ό
1599 2350 1759 2419 λόγος
1788 2349 1992 2422 σαθρὸς

410 2446 507 2498 καὶ
539 2444 936 2509 κατάπτυστος,
966 2443 1062 2499 καὶ
1095 2445 1275 2513 πάσης
1307 2443 1494 2507 ἀνοίας
1513 2443 1835 2515 ὲπίμεστος.

483 2577 548 2629 Τί
583 2578 750 2632 τάλλα
793 2579 1006 2646 λέγεινς
1062 2579 1250 2632 Πάντα
1291 2573 1373 2643 οἷς
1398 2579 1427 2630 ό
1459 2577 1755 2648 μισόκαλος
1797 2577 1994 2649 ἐχθρὸς

399 2667 611 2738 χαίρει,
657 2667 1120 2739 διαπραττόμενοι
1166 2667 1524 2739 βιοτεύουσιν,
1580 2666 1760 2730 οὐδεὶς
1811 2666 1997 2728 αὐτοῖς

401 2761 543 2832 περὶ
571 2761 807 2816 θανάτου
858 2760 1016 2830 λόγος
1059 2761 1340 2824 οὐδέποτε,
1382 2761 1560 2824 οὐδεὶς
1591 2760 1720 2832 περὶ
1754 2757 1995 2812 ἀναστά-

411 2851 606 2922 σεωςῆ
639 2853 896 2922 κρίσεως,
922 2851 1109 2922 κριτοῦ
1126 2869 1184 2904 τε
1206 2851 1660 2924 προσδοκωμένου
1680 2850 1822 2922 μετὰ
1836 2849 1996 2920 δόξης

406 2943 510 3013 τῆς
525 2943 801 3014 πατρικῆς
815 2958 830 2974 °
848 2943 943 3012 τῆς
956 2943 1199 3018 ἀρρήτου
1213 2960 1270 2996 τε
1287 2944 1380 2998 καὶ
1394 2941 1698 3014 φρικώδους
1711 2942 1808 2997 καὶ
1821 2942 1999 2996 πάντα

407 3031 570 3099 λόγον
599 3032 1034 3104 ὑπεραιρούσης,
1061 3035 1156 3088 καὶ
1185 3035 1388 3098 παντὸς
1415 3035 1571 3098 δέους
1595 3033 1873 3105 γεμούσης
1903 3035 1998 3089 καὶ

409 3124 834 3195 καταπλήξεως,
872 3125 999 3178 ἔνθα
1037 3126 1132 3180 καὶ
1157 3126 1382 3196 ἄγγελοι
1421 3129 1560 3197 μετὰ
1583 3126 1755 3198 φόϐου
1788 3124 1992 3180 πολλοῦ

409 3217 784 3287 παρίστανται
836 3217 930 3269 καὶ
980 3218 1344 3288 ἐκπλήξεως·

413 3309 586 3378 μέγα,
612 3309 709 3362 καὶ
731 3308 839 3362 τῶν
864 3310 1277 3380 πεπραγμένων
1299 3311 1334 3381 ἠ
1356 3311 1624 3375 ἀντίδοσις
1653 3310 1992 3383 πρυτανεύε-

408 3417 528 3464 ται,
561 3401 654 3453 καὶ
679 3400 908 3463 ἕκαστος
941 3402 1096 3472 ἡμῶν
1120 3401 1199 3472 τῷ
1229 3401 1440 3474 πλάστῃ
1461 3402 1816 3473 παρίσταται,
1849 3401 1996 3456 καθὰ

410 3493 625 3561 ἔπραξε
657 3491 746 3545 διὰ
781 3492 874 3546 τοῦ
914 3492 1170 3562 σώματος
1221 3495 1334 3548 εἴτε
1383 3495 1590 3564 ἀγαθὸν
1621 3494 1734 3548 εἴτε
1787 3495 1996 3564 φαῦλον

408 3583 829 3652 ἀποληψόμενος
859 3599 873 3614 ’
905 3585 1004 3654 οὐχ
1056 3586 1470 3656 ἁμαρτημάτων
1509 3587 1590 3649 είς
1641 3587 1998 3656 συναίσθησιν

408 3676 698 3746 ἔρχονται,
749 3677 808 3729 οὐ
865 3677 1016 3748 παρὰ
1065 3678 1203 3730 Θεοῦ
1243 3680 1579 3750 συγγνώμην
1618 3679 1885 3745 αἰτοῦσιν,
1933 3679 1996 3734 οὐ

410 3768 742 3838 παραίνεσιν
777 3769 1053 3842 σωτηρίας
1099 3769 1339 3841 ψυχικῆς
1391 3771 1582 3824 ἕνεκεν
1624 3770 1895 3842 δέχονται.
1931 3773 1996 3824 Τί

408 3861 527 3930 γὰρ
573 3859 684 3931 ἔχει
715 3862 947 3934 κακδνή
1004 3863 1150 3934 ψυχή
1207 3880 1334 3932 μου,
1393 3863 1473 3934 τῷ
1522 3863 1592 3917 τὰ
1645 3865 1995 3935 συμφέροντα

411 3951 808 4019 παραινοῦντι;
843 3953 1250 4024 ἀποκρίνονται.
1270 3954 1372 4008 Διὰ
1395 3954 1554 4007 τοῦτο
1570 3955 1691 4008 οὐδὲ
1717 3955 1996 4026 βασιλείας

407 4042 666 4112 οὐρανῶν
721 4043 899 4108 ἐλπὶς,
935 4033 1058 4097 οὐδὲ
1098 4045 1259 4112 λόγου
1293 4047 1678 4116 πνευματικοῦ
1707 4047 1994 4118 ἀνέχονται

408 4135 679 4188 animove“
710 4134 878 4198 ὅντως
927 4137 986 4189 ἑν
1025 4137 1242 4200 τούτοις
1293 4140 1415 4192 ἐστὶ
1465 4140 1887 4210 κεκαλυμμένον
1935 4138 1996 4192 τὸ

410 4227 784 4294 Εὐαγγέλιοψ
843 4228 942 4280 Ἐν
985 4223 1076 4294 οἷς
1117 4229 1148 4280 ό
1184 4229 1328 4294 Θεὸς
1372 4230 1478 4284 τοῦ
1518 4229 1735 4297 αἰῶνος
1777 4233 1996 4284 τούτου

408 4318 731 4384 ἐτύφλωσε
753 4318 824 4371 τὰ
845 4318 1116 4388 νοήματα
1133 4321 1222 4384 εις
1244 4321 1406 4389 τὸμὴ
1436 4321 1769 4392 ἐναυγάσαι
1793 4323 1999 4390 αὐτοῖς

411 4409 527 4462 τὸν
563 4409 872 4478 φωτισμὸν
894 4411 1000 4466 τοῦ
1035 4412 1427 4482 Εὐαγγενίίου,
1471 4415 1662 4467 Αὐτῶν
1695 4414 1750 4467 δὲ
1792 4415 2000 4468 τούτων

491 4589 536 4618 ⁷³
566 4589 602 4641 Il
633 4586 758 4640 Cor.
798 4599 870 4656 Iv,
901 4592 956 4646 4,

2071 2672 2294 2744 -placet,
2333 2673 2386 2727 hi
2425 2688 2524 2743 per
2551 2689 2766 2727 omnem
2803 2673 2970 2728 vitam
3007 2674 3252 2730 factitant

2091 1998 2143 2042 et
2171 1986 2446 2057 egregium
2475 1995 2526 2040 et
2561 2001 2682 2041 cum
2715 1989 2915 2041 virtute
2941 1995 3122 2040 actum
3155 2025 3171 2050 ,
3210 1999 3429 2040 scenam
3464 1984 3564 2054 ipsi
3607 1997 3672 2035 ac

2092 2075 2382 2128 ludibrium
2416 2084 2700 2144 reputant;
2728 2077 2840 2131 Deo
2865 2076 3102 2141 maxime
3128 2074 3360 2130 odibiles
3387 2084 3444 2130 et
3471 2072 3668 2129 infensi

2095 2181 2192 2221 nec
2246 2181 2350 2220 non
2392 2167 2599 2237 angelis
2629 2177 2682 2222 et
2733 2169 3012 2222 hominum
3071 2167 3438 2237 pientioribus
3489 2175 3544 2220 et
3577 2167 3669 2236 qui

2094 2244 2244 2315 τεοῖο
2267 2259 2450 2314 vivere
2480 2258 2856 2314 instituerunt.
2900 2257 3104 2312 llormn
3140 2269 3195 2312 et
3229 2259 3337 2312 vita
3364 2257 3537 2328 turpis
3565 2266 3670 2321 est,

2093 2363 2149 2409 et
2216 2369 2399 2408 sermo
2451 2352 2729 2409 marcidus
2780 2362 2945 2422 atque
3003 2351 3361 2420 aspernabilis
3412 2351 3673 2420 omnique

2096 2447 2318 2518 vesania
2348 2446 2561 2515 plenus.

2166 2580 2304 2648 Quid
2335 2580 2533 2650 plura?
2563 2579 2836 2650 Quidquid
2883 2581 3026 2638 hosti
3059 2591 3246 2658 nostro
3277 2583 3494 2638 virtutis
3526 2583 3676 2638 osori

3310 2690 3330 2728 :
3367 2675 3514 2735 nuUa
3545 2675 3676 2746 ipsis

2099 2763 2292 2816 mortis
2329 2763 2380 2816 in
2413 2777 2667 2818 sermone
2695 2765 3180 2830 commemoratio,
3217 2765 3362 2818 nulla
3397 2767 3462 2820 de
3498 2780 3679 2821 resur-

2099 2855 2342 2908 rectione
2393 2869 2454 2908 ac
2488 2854 2696 2924 judicio
2730 2855 2936 2909 mentio
2965 2893 2978 2918 ,
3013 2866 3176 2925 atque
3205 2866 3518 2924 exspectato
3550 2871 3675 2911 cum

2099 2955 2327 3016 paterna
2363 2946 2533 3016 gloria
2578 2947 2764 3014 judice
2789 2987 2805 3015 ,
2841 2947 3192 3004 inenarrabili
3228 2949 3474 3017 profecto
3517 2965 3575 3004 re
3613 2965 3679 3004 ac

2102 3038 2406 3104 tremenda,
2434 3047 2488 3092 et
2517 3039 2676 3094 nullis
2708 3040 2890 3095 verbis
2913 3041 3290 3110 exprimenda,
3323 3041 3478 3111 plena
3507 3057 3679 3110 pavo~

2105 3129 2180 3183 ris
2228 3136 2282 3184 et
2315 3130 2785 3184 consternationis
2811 3169 2827 3196 ,
2861 3132 2946 3186 cui
2981 3132 3082 3202 ipsi
3131 3133 3308 3203 angeli
3351 3133 3521 3186 nmltn
3547 3149 3674 3188 cum

1384 3219 1690 3288 σάλπιγγος
1748 3217 1992 3290 ἡκούσης

2103 3229 2247 3274 metu
2303 3223 2560 3275 astabunt
2603 3231 2768 3292 atque
2814 3233 3044 3289 terrore,
3090 3226 3214 3280 tuba
3249 3225 3494 3295 graviter
3526 3242 3678 3282 reso-

2103 3322 2286 3377 nante,
2319 3327 2440 3366 cum
2475 3325 2610 3368 acue
2649 3315 2772 3368 vitae
2799 3318 3166 3373 remuneratio
3203 3318 3313 3384 fiet,
3349 3336 3472 3375 cum
3507 3337 3678 3377 unus-

2102 3403 2331 3473 quisque
2360 3403 2606 3458 Creatori
2633 3408 2935 3476 apparebit,
2971 3418 3130 3478 prout
3158 3409 3211 3464 in
3241 3427 3474 3482 corpore
3503 3415 3678 3484 egerit

2103 3496 2217 3550 sive
2248 3497 2448 3550 bonum
2478 3497 2594 3551 sive
2633 3499 2834 3552 malum
2869 3511 3208 3570 recepturus.
3249 3503 3340 3558 Isti
3365 3543 3380 3566 ,
3415 3504 3635 3575 inquam
3660 3547 3677 3570 ,

2103 3598 2450 3654 peccatorum
2497 3605 2718 3644 suorum
2750 3595 3172 3662 compunctione
3211 3611 3316 3650 non
3357 3606 3676 3666 ιιιιικυιιιιιτ,

2101 3682 2313 3736 veniam
2357 3698 2384 3736 a
2415 3683 2522 3738 Deo
2548 3699 2656 3738 non
2687 3693 2908 3753 petunt,
2939 3686 3142 3742 nullam
3173 3687 3242 3742 de
3271 3688 3450 3744 salute
3480 3689 3676 3743 anima:

2100 3774 2524 3828 adtnonitiOnem
2574 3777 2890 3832 admittunt.
2945 3775 3088 3844 Quid
3131 3780 3275 3834 enim
3335 3779 3459 3835 mali
3514 3783 3679 3836 habet

2099 3865 2280 3916 anima
2314 3879 2431 3918 mea
2458 3903 2473 3928 ,
2509 3865 2732 3920 meliora
2772 3868 3122 3936 suggerenti?
3152 3871 3501 3938 respondent.
3545 3869 3680 3925 Pro-

2099 3965 2280 4024 pterea
2308 3971 2482 4024 neque
2509 3971 2730 4024 regnum
2749 3959 3009 4013 caelorum
3040 3970 3286 4030 sperant,
3319 3977 3419 4016 nec
3450 3963 3674 4030 spirita-

2101 4044 2202 4100 lem
2251 4047 2488 4117 aliquem
2535 4064 2842 4105 sermonem
2891 4053 3016 4106 boni
3070 4069 3304 4122 unquam
3361 4055 3674 4110 consulunt.

2104 4137 2240 4195 Vere
2276 4142 2359 4195 bis
2395 4143 2774 4198 absconditum
2825 4155 2910 4199 est
2954 4146 3301 4217 Evangelinm
3329 4187 3345 4214 ,
3383 4147 3446 4203 In
3488 4151 3679 4220 quibus

2102 4229 2242 4286 Deus
2270 4232 2428 4301 hujus
2457 4233 2640 4288 sa'cnli
2671 4237 2956 4289 exca’cavit
2983 4249 3201 4302 utentes,
3235 4254 3298 4292 ne
3325 4241 3452 4307 ipsis
3478 4239 3679 4310 fulgeat

2103 4322 2428 4377 illuminatio
2463 4323 2739 4395 Evangelii
2785 4325 2854 4382 ".
2887 4327 3007 4383 lam
3051 4344 3182 4384 vero
3213 4331 3357 4384 inter
3401 4333 3501 4388 hos
3534 4335 3682 4402 ipsos

2107 4415 2198 4486 qui
2237 4425 2362 4470 sunt
2401 4416 2576 4489 magis
2607 4418 2804 4488 plebeii
2830 4435 2892 4473 ac
2925 4421 3226 4490 pedestres,
3259 4433 3313 4477 et
3344 4424 3420 4478 rei
3446 4423 3680 4480 familia-

489 4765 898 4850 (7‘_2)_.Cbristus
945 4765 1434 4850 Dominuslllarc:
1473 4781 1564 4850 Ivi,
1615 4765 1678 4850 9_)
1737 4767 1994 4850 praecepit
2024 4771 2069 4831 D
2097 4780 2237 4824 certe
2275 4772 2573 4850 sterilitatis
2617 4793 2783 4832 causa
2818 4777 2996 4837 liberis
3038 4799 3252 4850 carere,
3283 4787 3428 4842 haud
3481 4801 3556 4843 est
3605 4809 3688 4846 re-

409 4835 678 4908 apbstolis
715 4848 774 4908 ut
799 4847 998 4893 essent-
1027 4835 1254 4892 calceati
1301 4835 1580 4902 samlaliis,
1616 4846 1668 4889 et
1695 4853 1762 4890 ne
1801 4837 1994 4892 indue-

413 4907 610 4964 rentnr
644 4907 851 4961 duabus
887 4908 1108 4962 tunicis.

488 4978 602 5045 (7'5)
634 4977 1046 5032 Cantacuzenns
1073 4977 1140 5030 ad
1173 4974 1298 5046 Sap.
1339 4990 1412 5038 tv,
1446 4974 1496 5034 1,
1527 4973 1623 5030 Gr:
1657 4977 1729 5046 ita
1767 4976 1995 5046 virgini-

409 5057 586 5118 tatem
618 5047 860 5118 dilandat
893 5065 908 5101 :
941 5046 1187 5118 Τὸμέγα
1221 5049 1413 5118 χρῆμα
1440 5046 1538 5114 τῆς
1577 5045 1879 5118 παρθενίας
1908 5047 1998 5118 διά

411 5116 624 5171 τούτων
653 5115 904 5186 ἐξυμνεί,
938 5115 1563 5186 καίφησιίιίρείσσων
1611 5116 1838 5169 ἀτεχνία
1878 5117 1999 5186 μετ’

414 5185 817 5257 άρετῇςέ-ούδὲ
853 5186 964 5257 γὰρ
995 5185 1035 5257 ἡ
1081 5185 1146 5238 ὲκ
1179 5185 1516 5257 στειρώσεως
1548 5185 1776 5257 ἀτεκνία
1818 5185 1998 5256 μακα·

417 5255 602 5328 ρὲστὴίν
634 5255 832 5328 {Win
877 5255 996 5328 μέτ’
1025 5255 1243 5326 ἀρετῆς
1275 5255 1367 5309 καὶ
1405 5255 1673 5328 iamet)?
1716 5255 1996 5328 σώφρονος

413 5325 738 5398 τῶνπαθῶν
759 5325 1089 5398 ἐπικράτεια
1107 5328 1202 5379 καὶ
1232 5325 1502 5398 παντελὴς
1532 5325 1798 5398 ἀμεθεξία
1819 5325 1998 5398 ’ἀϐα-

415 5395 580 5468 νασία
615 5395 924 5468 γάρῇἐστιν
968 5397 1028 5448 ἐν
1076 5399 1268 5468 μνήμῃ
1319 5397 1537 5468 quam:
1557 5397 1702 5468 τινὲς
1755 5398 1853 5466 μὲν
1897 5396 1996 5468 τᾲς

415 5465 668 5537 διαδοχὰς
841 5466 1048 5520 τέκνων
1065 5465 1417 5537 gemam
1448 5465 1549 5537 τοῦ.
1570 5465 1764 5537 γένους
1793 5467 1996 5537 κεκλή-

417 5529 619 5588 κασιιῖ·
647 5536 676 5588 ό
702 5535 760 5589 δέ
783 5552 848 5604 γε
879 5537 1043 5604 σοφὸς
1065 5529 1222 5600 οὗτος
1249 5537 1420 5606 αὐτὴν
1455 5529 1659 5605 ταύτην
1689 5529 1998 5590 ἀθανασίαν

414 5608 636 5677 ἡγεῖται
683 5606 923 5677 μάλιστα
975 5607 1076 5677 τὴν
1125 5607 1192 5659 δι’
1241 5605 1498 5677 ἀτεκνίας
1548 5609 1646 5677 καὶ
1694 5607 1999 5676 παρθενίας

411 5675 696 5746 πολιτείαν
739 5675 1066 5746 θαυμαστῶς
1110 5677 1253 5744 ἄγαν
1298 5675 1738 5746 κατορθωθεῖσαν
1780 5675 2002 5746 κάνθρώ-

410 5762 541 5816 ποις
560 5763 575 5778 ·
612 5745 1001 5816 Virginitatem,
1031 5763 1236 5814 ningan
1267 5745 1449 5800 instar,
1469 5747 1568 5810 rei,
1597 5749 1677 5800 his
1707 5748 1873 5800 verbis
1901 5745 1999 5799 α.

414 5815 598 5874 tallit:
631 5836 650 5867 ι
692 5815 880 5870 Melius
914 5828 987 5870 est
1019 5834 1196 5870 carere
1227 5817 1404 5872 liberis
1433 5832 1551 5872 enm
1580 5817 1819 5881 virtute.»
1858 5816 2001 5870 Nam

739 5910 1010 5972 ΡΑτιιοι..
1047 5911 1160 5974 Gn.
1187 5913 1256 5976 C.

2101 4843 2604 4927 putantlafelicitas
2624 4863 2646 4927 _;
2689 4853 2781 4927 seti
2817 4851 2910 4904 illa
2944 4856 3139 4918 potius,
3185 4843 3439 4914 suadente
3470 4843 3681 4927 rirtute,

2105 4913 2464 4995 cupiditatum.
2493 4918 2839 4995 continentia,
2869 4913 2974 4990 qua
3005 4913 3147 4978 caste
3177 4913 3528 4984 deliberamus
3557 4913 3686 4986 con1

2095 4985 2754 5065 jugali.omni-societate
2809 4985 3008 5065 carere,
3054 4995 3261 5050 Etenim
3307 4985 3682 5055 immortalitas

2105 5053 2364 5136 ex‘lt'iijns
2392 5057 2488 5136 Iret:
2526 5064 2775 5136 memoria
2823 5063 3122 5136 ron/icitur.
3167 5065 3231 5120 Et
3269 5053 3509 5136 quamvis
3551 5053 3684 5124 non;

2108 5124 2242 5202 nulli
2283 5125 2436 5176 titulo
2472 5126 2889 5186 immortalitatis
2920 5124 3198 5200 appellant
3237 5124 3519 5193 liberorum
3563 5158 3658 5194 sne

2109 5206 2430 5268 cessionem;
2477 5205 2710 5268 attamen
2747 5202 2833 5254 hic
2857 5205 3064 5268 sapiens
3093 5206 3544 5262 immortalitatem
3567 5227 3682 5263 cre-

2107 5264 2229 5314 dere
2262 5267 2454 5336 mavnlt
2488 5267 2740 5336 virginale
2779 5264 3062 5326 illitd'sine
3095 5275 3272 5332 liberis
3305 5281 3422 5332 vita:
3462 5279 3681 5333 institu-

2108 5340 2240 5395 tum,
2271 5335 2672 5412 qr:orl__homines
2703 5357 2806 5395 non
2835 5345 2948 5396 sine
2981 5345 3120 5412 vulgi
3154 5347 3509 5402 admiratione
3545 5362 3683 5403 recte

2101 5415 2383 5487 peragunt.
2410 5404 2533 5487 llaec
2559 5419 2868 5487 tamennon
2903 5414 2972 5466 ita
2997 5404 3123 5466 sunt
3156 5419 3489 5485 accipienda,
3524 5420 3680 5487 quasi

2103 5475 2387 5557 virginitas
2411 5475 2676 5557 humanm
2699 5481 2886 5557 glorias
2915 5497 3080 5557 causa
3112 5487 3183 5540 sit
3214 5475 3500 5556 eligenda:
3537 5475 3682 5557 quod

2103 5545 2150 5628 si
2178 5545 2358 5628 lieret,
2391 5560 2458 5600 ne
2479 5545 2769 5628 virginitas
2801 5553 3014 5628 quidem
3049 5553 3164 5628 ipsa
3194 5545 3514 5628 plerumque
3543 5545 3683 5613 loret

2105 5613 2412 5694 incolumis.
2477 5613 2612 5694 Nam
2665 5635 2772 5688 quo
2818 5613 3082 5690 'quisque'
3121 5613 3440 5694 hn'miliore;
3484 5628 3533 5682 id
3599 5636 3687 5684 est

2106 5684 2452 5807 gaqillestiore,
2489 5684 2807 5760 animo'est,
2837 5684 2902 5749 eo
2939 5684 3112 5752 tutius
3165 5699 3291 5755 huic
3321 5684 3510 5754 virtuti
3551 5711 3687 5755 con-

3368 5919 3442 5985 16
