4004 6448
484 413 580 477 491

1511 414 1572 475 S.
1614 414 2032 478 NICEPHORI
2072 415 2576 479 PATRIARCHZE
2614 418 2726 479 ΟΡ.

3630 412 3723 486 492

485 540 562 579 τις
592 524 790 593 egeni,
826 522 964 577 adeo
992 531 1049 578 ut
1087 538 1152 578 ne
1181 524 1341 580 unius
1365 525 1586 595 quidem
1623 525 1729 580 diei
1783 525 2060 595 proprium

2180 525 2215 578 ›ί
2237 524 2620 596 ἀγροικότεροι
2649 526 2743 579 καὶ
2776 523 3107 598 χαμαίζηλοι
3143 523 3238 579 καί
3267 523 3380 580 τῶν
3424 527 3721 597 ἀναγκαίων

482 616 686 667 vietum
719 615 979 679 habeant,
1013 630 1078 668 ex
1109 615 1287 671 triviis
1318 616 1803 686 atquegurgnstiis
1826 614 2061 679 collecti,

480 720 550 760 ne
596 722 657 760 ea
698 707 921 775 quidem
974 722 1097 777 qua:
1149 718 1276 761 ante
1327 708 1492 778 pedes
1534 704 1718 776 iacent
1763 704 2066 776 intelligere

482 809 685 867 queunt
725 816 738 852 :
781 815 1020 866 cumque
1052 799 1164 854 sint
1199 800 1403 855 ebriosi
1450 813 1515 854 ac
1553 806 1863 870 potatores,
1895 799 2065 854 vesti-

482 900 611 959 gant
644 905 861 960 semper
893 903 1058 960 atque
1091 892 1398 947 odorantur
1430 892 1653 947 ubinam
1685 894 1819 946 ﬁant
1843 906 2066 961 compo-

483 982 718 1037 tationes
777 988 833 1037 et
873 972 1304 1038 comessationes
1357 983 1425 1037 ad
1465 997 1607 1052 quas
1661 984 2066 1053 promptissime

482 1075 777 1129 eouvolant
804 1092 819 1142 ;
847 1085 902 1128 ut
924 1091 990 1129 ex
1018 1077 1265 1130 convivis
1295 1074 1576 1146 symbolae
1597 1076 1899 1146 capientes,
1936 1091 2065 1145 ege-

483 1176 680 1220 statem
707 1182 859 1219 suam
891 1176 946 1221 et
970 1168 1252 1237 angustias
1281 1168 1549 1223 solentur.
1580 1166 1659 1222 Ex
1691 1168 1773 1221 his
1802 1167 2066 1237 contingit

481 1256 1048 1313 circumforaneorum
1099 1259 1233 1314 illud
1277 1269 1333 1315 et
1385 1260 1736 1315 vitandorum
1783 1258 2065 1314 hominum

480 1346 706 1403 conﬂari
737 1349 1188 1405 conventiculum
1216 1369 1231 1418 ;
1267 1351 1358 1407 ubi
1404 1350 1771 1407 seditionibus
1804 1352 2068 1420 novisque

481 1442 645 1495 rebus
675 1440 882 1496 ciendis
908 1442 1164 1512 gaudent.
1197 1444 1373 1515 Atque
1399 1444 1591 1499 horum
1626 1444 1843 1515 plurimi
1873 1445 2066 1499 militia

484 1536 714 1590 reduces
737 1545 884 1603 sunt,
909 1537 961 1590 in
991 1551 1096 1606 qua
1118 1535 1187 1590 de
1210 1536 1465 1606 pessimis
1487 1536 1810 1592 criminibus
1830 1535 1987 1606 132
2011 1543 2068 1590 et

483 1627 821 1682 detestandis
870 1629 1106 1682 convicti
1164 1628 1422 1695 luerunt;
1471 1627 1558 1683 vel
1608 1629 1734 1698 quia
1761 1627 1872 1695 jam
1907 1639 2069 1684 aetate

481 1718 696 1772 exoleta
760 1718 999 1773 militare
1057 1729 1371 1789 nequeunt,
1433 1719 1558 1774 aibo
1607 1716 1882 1774 exercitus
1937 1727 2065 1774 sunt

479 1810 758 1878 espnncti,
795 1819 848 1864 et
885 1812 953 1865 ab
984 1812 1154 1866 armis
1185 1826 1407 1868 cessare
1431 1810 1600 1883 iussi.
1792 1814 1797 1819 ’

551 2074 640 2128 67>.
671 2072 810 2141 Quia
843 2087 975 2128 vero
1007 2084 1063 2128 et
1106 2073 1289 2143 lingua
1335 2081 1391 2128 et
1417 2086 1584 2144 opere
1612 2083 1743 2130 sunt
1791 2075 2064 2146 corrupti,

482 2166 844 2235 praesentibus
878 2176 1089 2219 tantum
1128 2167 1380 2232 inhiant,
1411 2168 1564 2221 carni
1602 2167 1793 2232 dediti,
1826 2171 2068 2225 ventris-

486 2274 593 2327 qne
623 2258 890 2327 mancipia
918 2294 933 2322 ,
962 2255 1215 2326 Deusque
1252 2258 1361 2313 illis
1394 2268 1586 2313 venter
1609 2267 1692 2314 est
1711 2298 1728 2324 ,
1763 2268 1928 2329 atque
1954 2261 2070 2318 haec

482 2352 786 2413 tnuntlana,
822 2359 877 2404 et
908 2365 1248 2420 quaecunque
1281 2366 1377 2419 per
1405 2350 1698 2420 ingluviem
1736 2351 1790 2406 in
1823 2362 2070 2408 ventrem

494 2453 823 2509 transeunt,
875 2458 1145 2497 summam
1200 2458 1322 2498 esse
1384 2441 1702 2499 felicitatem
1757 2443 2070 2513 deﬁniunt;

491 2536 748 2604 nullaque
779 2535 830 2588 in
866 2548 926 2590 re
964 2535 1189 2591 meliore
1216 2549 1367 2604 spem
1405 2535 1670 2606 deﬁgunt,
1701 2537 1837 2592 nihil
1869 2537 2074 2593 celsius

489 2639 585 2685 aut
614 2628 801 2684 utilius
828 2637 1164 2698 spectantes.
1197 2627 1393 2682 Divino
1418 2637 1595 2684 autem
1623 2629 1828 2700 judicio
1865 2629 1919 2685 in
1943 2645 2074 2701 ege-

490 2732 634 2778 state
688 2731 1018 2788 versantur,
1056 2721 1351 2792 multisque
1408 2723 1678 2793 augustiis
1711 2733 2067 2793 premuntur,

490 2815 792 2886 praesertim
829 2824 1118 2884 postquam
1152 2815 1299 2883 regia
1349 2816 1624 2886 stipendia
1673 2829 1770 2871 eos
1806 2816 2075 2871 destitue-

494 2919 661 2972 runt,
702 2923 768 2962 ex
805 2907 1005 2977 quibus
1027 2906 1231 2961 victum
1267 2907 1319 2959 in
1353 2908 1525 2962 armis
1559 2908 1950 2979 percipiebant.
1974 2908 2078 2964 Pro

498 3013 751 3053 mensura
787 2998 971 3066 itaque
999 3008 1053 3051 et
1086 2997 1324 3068 pomlere
1353 3001 1789 3054 necessariarum
1820 3016 1998 3055 rerum
2024 3009 2079 3055 et

502 3088 847 3151 vietualiutn,
877 3089 1110 3157 pretium
1146 3087 1306 3141 veluti
1338 3089 1721 3158 rcpendentes,
1758 3087 2076 3160 religionem

492 3196 649 3235 suam
685 3180 896 3235 ventris
931 3178 1217 3235 famulatui
1252 3182 1510 3236 addicunt
1540 3181 1593 3236 hi
1624 3192 1891 3248 amentes,
1921 3182 2074 3252 copia

493 3270 673 3342 potius
707 3277 903 3345 tlapum
929 3315 945 3341 ,
984 3288 1148 3343 quam
1202 3273 1532 3328 rectitudine
1564 3273 1878 3344 dogmatum
1905 3312 1921 3340 ,
1957 3290 2076 3330 eam

488 3365 648 3419 lance
680 3367 979 3429 Iibrantes;
1032 3366 1190 3419 amici
1224 3364 1443 3434 quidem
1492 3364 1738 3435 quandiu
1792 3363 1955 3420 rebus
1988 3381 2082 3420 vo-

495 3458 690 3526 luptati
718 3457 930 3511 idoneis
957 3459 1258 3524 abundant,
1286 3465 1699 3527 contemptores
1721 3470 1852 3513 vero
1876 3468 1930 3512 et
1954 3456 2077 3511 ﬁdei

494 3546 700 3603 nostrae
751 3557 1133 3613 accusatores,
1169 3549 1214 3603 si
1257 3548 1386 3619 quid
1424 3548 1813 3619 prtedictorum
1868 3549 2082 3605 emoluo

498 3648 808 3694 mentorum
856 3640 1020 3695 desit.
1061 3640 1183 3695 Pari
1217 3641 1362 3695 enim
1404 3641 1684 3697 voluntate
1730 3641 2082 3712 moribusque

502 3740 630 3787 sunt
658 3733 744 3787 isti
771 3743 825 3785 et
853 3726 1124 3803 quotquot
1151 3733 1203 3787 in
1235 3733 1426 3788 eadem
1456 3733 1779 3789 inﬁdelitate
1807 3744 1933 3788 sunt
1954 3773 1970 3799 ,
1995 3744 2083 3788 at-

493 3838 606 3895 que
642 3824 717 3878 illi
765 3824 893 3878 olim
925 3841 991 3879 ex
1030 3823 1357 3895 Egyptiaca
1403 3826 1665 3881 servitute
1712 3826 1966 3895 liberati,
2017 3827 2086 3882 si-

504 3916 796 3988 milemque
848 3915 954 3971 illis
994 3928 1053 3971 et
1094 3932 1412 3988 germanam
1459 3917 1703 3986 linguam
1751 3933 2086 3987 sensumque

502 4009 709 4064 habent
750 4026 764 4062 :
799 4006 1203 4080 manifesteque
1249 4009 1464 4064 illorum
1503 4002 1682 4065 cultus
1730 4010 1930 4065 indicia
1973 4026 2086 4081 prae

502 4116 560 4158 Se
588 4100 861 4165 ferentes,
893 4102 937 4158 ei
969 4100 1115 4158 forte
1140 4104 1192 4157 in
1217 4103 1424 4158 similes
1456 4104 1695 4159 incidant
1715 4104 2084 4171 calamitates,

426 4254 439 4263 ε
506 4196 733 4268 moleste
766 4192 952 4250 ferunt
988 4206 1043 4251 et
1071 4199 1495 4253 excandescunt.
1523 4197 1714 4267 'Atque
1755 4206 1810 4252 ut
1862 4197 1935 4251 illi
1986 4198 2085 4251 ad-

507 4304 696 4344 versus
722 4288 1068 4360 legis-latores
1097 4291 1375 4359 ducesque
1405 4306 1534 4346 suos
1571 4289 1819 4346 seditiosi
1863 4288 2084 4355 ﬁebant,

502 4397 657 4435 suam
706 4383 852 4437 cir‘ca
902 4396 1098 4438 carnes
1144 4395 1199 4438 et
1238 4384 1372 4439 ollas
1429 4382 1763 4447 sessionem,
1821 4382 2089 4452 panisque

503 4475 932 4540 abundantiam,
982 4482 1515 4540 columemorantes;
1575 4475 1655 4529 sit:
1695 4483 1750 4527 et
1807 4474 1862 4528 hi
1914 4474 2091 4543 impu-

2164 616 2383 689 ἄποροι,
2411 617 2505 669 καὶ
2529 615 2723 671 οὐδ’ἂν
2744 617 2958 689 ἡμέρας
2985 619 3115 689 μιᾶς
3146 619 3359 688 τροφῆς
3392 618 3528 683 ίδίας
3556 620 3721 675 intat-

2165 708 2417 772 τίζεσθαι
2456 709 2830 780 εὑπορίσειαν,
2857 712 2923 764 ἐκ
2960 710 3072 764 τῶν
3088 710 3320 782 τριόδων
3336 711 3433 764 καὶ
3446 711 3554 764 τῶν
3566 707 3726 785 βαρά-

2168 801 2314 874 θρων
2340 802 2838 872 συναγηγερμένοι,
2867 803 2989 857 οὐδὲ
3019 803 3088 856 τά
3130 804 3189 856 έν
3221 805 3349 856 ποσὶ
3369 804 3428 856 τί
3463 807 3588 857 ποτέ
3622 807 3729 859 ἐστι

2168 891 2412 944 συνιέναι
2443 891 2742 960 ίσχύοντες,
2779 893 2875 946 καὶ
2919 892 2999 964 τῷ
3018 892 3271 963 πάροινοι
3296 890 3439 947 εἶναι
3466 895 3561 949 καὶ
3587 895 3726 964 φιλοο

2168 985 2354 1046 πόται.
2380 1002 2445 1037 πε
2454 1001 2537 1053 ριε
2548 985 2843 1057 ργάζονται
2863 987 2958 1039 καὶ
2975 985 3377 1057 περισκοποῦσι
3397 988 3601 1057 συχνῶς
3611 989 3727 1045 ἔνθα

2164 1088 2224 1127 τε
2253 1075 2409 1127 πότοι
2437 1077 2531 1129 καὶ
2567 1077 2820 1131 συσσίτια
2867 1077 3136 1147 γίνονται,
3174 1079 3268 1130 καὶ
3317 1078 3395 1141 ὡς
3448 1079 3728 1150 ὑπόπτεροι

2167 1165 2519 1236 περιθέουσιν
2549 1183 2562 1196 ·
2619 1167 2697 1230 ὡς
2751 1168 2818 1222 ἂν
2897 1170 2963 1222 ὲκ
3027 1168 3137 1222 τῶν
3212 1171 3731 1241 παρατυγχανόντων

2168 1257 2581 1328 ἑρανισάμενοι,
2612 1258 2683 1310 τά
2705 1258 2805 1328 τῆς
2826 1258 3037 1322 ἐνδείας
3082 1259 3178 1313 καὶ
3209 1259 3450 1330 ἀπορίας
3484 1278 3729 1333 παραμυ-

2168 1349 2428 1420 θήσαιντο
2447 1366 2461 1379 ⁸
2491 1348 2553 1414 ἐξ
2580 1344 2656 1403 ὧν
2678 1350 2972 1420 συμϐαίνει
2994 1350 3088 1405 τὸν
3128 1350 3422 1423 ἀγυρτὼδη
3450 1355 3544 1405 καὶ
3580 1354 3731 1407 ἀπευ-

2167 1438 2297 1492 κτὸν
2325 1440 2535 1492 ἐκεῖνον
2562 1439 2922 1493 συνίστασθαι
2950 1439 3169 1511 ὅμιλον·
3202 1440 3431 1495 στάσεσί
3454 1456 3514 1493 τε
3535 1443 3733 1510 γὰρκαὶ

2167 1532 2544 1602 καινοτομίαις
2573 1533 2660 1586 ἀεὶ
2685 1532 2974 1603 χαίρουσιν
3006 1548 3019 1565 ·
3052 1526 3129 1588 ὧν
3162 1534 3211 1586 oi
3237 1533 3485 1588 πλεῖστοι
3512 1534 3614 1587 τῶν
3641 1534 3733 1587 ἀπὸ

2170 1625 2465 1696 στρατείας
2524 1625 2911 1695 τυγχάνουσιν,
2964 1625 3053 1679 ἐπ’
3104 1626 3311 1690 αίτίαις
3381 1626 3729 1697 φαυλοτάταις

2170 1718 2265 1772 καὶ
2320 1718 2809 1789 ἀπηγορευμέναις
2860 1719 3293 1789 πεφωραμένον
3349 1718 3385 1790 ἢ
3431 1718 3509 1782 ὡς
3562 1716 3731 1790 ἔξωροι

2170 1810 2267 1864 καὶ
2298 1811 2615 1882 ὐπέρακμοι
2644 1809 2954 1864 ὁπλιτεύειν
2979 1811 3040 1864 οὐ
3098 1810 3407 1877 σθένοντες,
3447 1811 3555 1864 τῶν
3583 1828 3733 1865 κατα-

2095 1872 2142 1934 Β
2173 1903 2349 1973 λόγων
2406 1872 2730 1975 ἐξώσθησαν
2783 1904 2893 1957 τῶν
2941 1872 3400 1975 στρατιωτικῶν,
3436 1903 3545 1958 τῶν
3575 1903 3732 1959 ὃπλων

2169 1998 2468 2052 ἀποπεπαυ
2479 1997 2656 2068 μένοι.

2244 2091 2343 2162 ξγ’.
2392 2091 2613 2164 Ἐπειδὴ
2657 2090 2715 2144 δὲ
2743 2089 2841 2145 καὶ
2870 2089 3017 2160 λόγῳ
3073 2090 3169 2144 καὶ
3201 2087 3401 2161 πράξει
3444 2088 3733 2161 κατεφθαρ-

2172 2183 2325 2258 μένοι
2358 2184 2690 2259 ύπάρχουσι,
2739 2185 2852 2248 τοῖς
2890 2180 3130 2254 παροῦσι
3166 2183 3331 2254 μόνον
3371 2183 3652 2254 κεχήνασι,
3676 2185 3731 2255 τῇ

2175 2278 2344 2349 σαρκὶ
2397 2277 2786 2350 προσθέμενοι,
2843 2276 2940 2331 καὶ
2993 2279 3062 2346 τῇ
3111 2276 3317 2347 γαστρὶ
3366 2274 3729 2348 ἐξανδραποδι-

2173 2369 2426 2443 ζόμενοι,
2482 2370 2578 2425 καὶ
2642 2369 2764 2434 θεὸς
2816 2368 3000 2433 αὐτοῖς
3068 2368 3102 2439 ἡ
3172 2367 3385 2434 κοιλία,
3426 2368 3522 2422 καὶ
3579 2363 3730 2420 ταῦτα

2173 2463 2239 2536 δὴ
2304 2463 2377 2517 τά
2444 2460 2786 2533 περικόσμια
2866 2461 2962 2513 καὶ
3030 2460 3132 2514 ὅσα
3190 2458 3332 2530 πρὸς
3387 2457 3581 2529 λαιμὸν
3653 2457 3733 2510 καὶ

2175 2557 2420 2628 γαστέρα
2465 2558 2663 2628 χωρεῖ,
2728 2554 3081 2625 εὐδαιμονίαν
3146 2549 3287 2607 εἶναι
3343 2553 3444 2623 τὴν
3492 2550 3730 2604 ἀνωτάτω

2180 2648 2523 2721 μετροῦσινο
2570 2646 2660 2701 ἐπ’
2717 2635 2931 2700 οὐδενΡ
2952 2645 3010 2699 δὲ
3061 2644 3342 2716 κρείττονι
3393 2644 3494 2707 τάς
3539 2641 3731 2704 ἐλπίδας

2177 2740 2569 2812 ἀπερείδουσι,
2658 2738 2793 2811 πρὸς
2862 2736 3015 2791 οὐδὲν
3085 2736 3197 2791 τῶν
3279 2735 3627 2806 ὑψηλοτέρων
3703 2731 3730 2802 ἦ

2177 2832 2641 2904 λυσιτελεστέρων
2739 2829 3036 2903 βλέποντες
3069 2846 3083 2860 ο
3168 2828 3428 2884 πένονται
3484 2827 3541 2881 δὲ
3593 2821 3737 2887 θείοις

2179 2927 2440 2998 κρίμασι,
2472 2925 2569 2978 καὶ
2603 2922 2810 2995 ἀπορίᾳ
2836 2922 3009 2994 πολλῇ
3065 2921 3372 2989 πιέζονται,
3400 2919 3626 2991 μάλιστα
3644 2916 3734 2970 τῶν

2183 3015 2478 3088 βασιλικῶν
2504 3016 2835 3085 σιτηρεσίων
2868 3012 3057 3075 αὐτοῖς
3088 3010 3538 3075 ἐπιλελοιπότων,
3570 3000 3735 3079 ἀφ’ὧν

2182 3109 2255 3163 τά
2284 3109 2418 3180 πρὸ,
2443 3107 2505 3161 τὸ
2523 3106 2622 3177 ζῇν
2653 3106 2795 3177 μετά
2816 3105 2928 3159 τῶν
2951 3104 3135 3158 ὃπλων
3160 3104 3349 3168 αὐτοῖς
3385 3101 3732 3172 περιεγίνετο·

2186 3201 2410 3270 μέτροις
2439 3198 2574 3268 γοῦν
2598 3198 2696 3251 καὶ
2732 3196 3000 3267 σταθμοῖς
3028 3195 3136 3249 τῶν
3153 3194 3478 3265 ἀναγκαίων
3503 3192 3594 3248 καὶ
3624 3190 3735 3245 ἐδω-

2181 3292 2231 3345 δί
2241 3310 2357 3363 μων
2390 3290 2457 3344 τά
2491 3288 2630 3344 ὥνια
2658 3287 3163 3360 ἀπαριθμούμενοι,
3214 3287 3317 3358 τὴν
3368 3285 3549 3341 αὐτῶν
3579 3283 3737 3337 πίστιν

2183 3386 2279 3438 ἐπὶ
2313 3386 2379 3455 τῇ
2407 3382 2506 3453 τῆς
2529 3381 2770 3452 γαστρὸς
2797 3379 3069 3452 θεραπείᾳ
3102 3379 3482 3450 ὲπικρίνουσιν
3506 3379 3554 3440 οί
3588 3376 3735 3445 ἄφρο·

2184 3491 2313 3540 νεςο
2371 3474 2633 3547 ἁδρότητι
2700 3472 3012 3544 βρωμάτων
3083 3474 3118 3543 ἢ
3179 3471 3440 3544 ὀρθότητι
3482 3469 3738 3540 δογμάτων

2141 3620 2155 3633 ,
2182 3569 2389 3639 ταύτην
2418 3565 2841 3631 ταλαντεύοντες
2861 3582 2875 3597 ο
2912 3566 3238 3637 στέργοντες
3291 3567 3398 3635 μὲν
3429 3565 3624 3620 ὁπόταν
3648 3560 3739 3615 τῶν

2183 3660 2501 3730 ἀναγκαίων
2551 3660 2647 3715 καὶ
2705 3659 2816 3713 τῶν
2862 3658 2987 3714 καθ’
3043 3658 3242 3729 ἡδονὴν
3305 3655 3420 3713 εἷεν
3474 3656 3737 3727 διακορεῖς,

2187 3751 2598 3824 σχετλιάζοντες
2663 3752 2722 3806 δὲ
2773 3752 2869 3806 uati.
2928 3750 3031 3822 τὴν
3089 3750 3215 3805 καθ’
3268 3752 3424 3822 ἡμᾶς
3489 3747 3739 3804 εὺσέδειαν

2185 3843 2635 3916 καταιτιώμενοι,
2663 3845 2830 3917 ἡνίκα
2860 3844 2926 3899 ἀν
2957 3861 3010 3897 τι
3056 3843 3266 3898 τούτων
3295 3844 3737 3915 ἀπολιμπάνοιτο’

2186 3933 2570 4005 ὁμογνώμονες
2600 3936 2711 4006 γάρ
2742 3936 2837 3988 καὶ
2866 3932 3185 4004 ὁμότροποι,
3217 3933 3378 3987 αὐτοί
3409 3950 3471 3987 τε
3503 3933 3590 3985 καὶ
3615 3931 3659 3984 oi
3685 3928 3738 3998 τῇ

2190 4027 2281 4099 ῐσῃ
2308 4026 2539 4098 ἀπιστίᾳ
2565 4024 2993 4096 κεκρατημένοι,
3010 4028 3124 4088 τοῖς
3165 4040 3300 4078 ποτε
3324 4024 3431 4095 τῆς
3463 4026 3735 4092 Αἰγυπτια-

2188 4119 2294 4189 κῆς
2333 4119 2615 4173 ἀποπτᾶσι
2643 4117 2892 4181 δουλείας
2930 4115 3313 4187 γνωρίζονται,
3386 4114 3671 4188 ὲφάμιλλόν
3695 4126 3741 4163 τε

2191 4210 2375 4272 αὐτοῖς
2410 4208 2506 4263 καὶ
2553 4209 2751 4278 ίσοφυᾶ
2790 4208 2891 4279 τὴν
2942 4207 3198 4276 γλῶσσαν
3260 4208 3363 4262 καὶ
3409 4207 3472 4262 τὸ
3518 4206 3743 4277 φρόνημα

2192 4303 2524 4375 κεκτημένοι
2550 4319 2566 4336 ο
2595 4304 2691 4357 καὶ
2719 4300 2926 4371 ,σαφῶς
2976 4301 3076 4370 τῆς
3122 4300 3352 4355 ἐκείνων
3383 4298 3667 4373 θρησκείας
3692 4293 3745 4346 τὰ

2190 4397 2473 4468 τεκμήρια
2503 4394 2893 4467 φέροντες,ὲφῗ
2921 4392 3153 4465 ὁμοίοις,
3180 4393 3356 4446 εἵπου
3384 4388 3745 4464 συμϐαίη,τοῖς

2192 4489 2512 4559 ἀτυχήμασι
2559 4486 2960 4558 χαλεπαίνουσί
2995 4502 3056 4539 τε
3084 4486 3180 4539 καὶ
3204 4484 3606 4554 ὲπαλγύνονται
3632 4495 3644 4509 ·
3670 4475 3746 4532 καὶ

505 4566 697 4627 d.-nter
729 4565 976 4620 veritatis
1012 4567 1354 4634 praeconibus
1381 4565 1786 4634 Dominicmque
1829 4565 2078 4619 doctrina

2196 4579 2390 4652 ὥσπερ
2423 4580 2628 4633 ἐκεῖνοι
2655 4578 2766 4633 τῶν
2787 4577 3099 4649 νομοθετῶν
3122 4578 3218 4630 καὶ
3247 4578 3529 4649 ἀρχόντων
3575 4567 3744 4647 κατεξο

506 4658 777 4713 ministris
827 4658 1256 4723 maledicentes,
1327 4657 1714 4713 scelestissitne
1780 4656 2087 4723 blaterant,

506 4749 896 4818 prapemodum
948 4751 1140 4804 eadem
1199 4751 1476 4814 dicentes,
1534 4764 1656 4818 quae
1710 4746 1785 4802 illi
1844 4748 2088 4802 divorum

508 4841 902 4911 prophetarum
952 4842 1044 4895 uni
1099 4841 1460 4895 adversantes
1501 4860 1513 4894 :
1576 4836 1881 4893 Sermonem
1933 4851 2090 4907 quem

419 4958 423 4962 -
510 4931 658 4984 nobis
693 4930 976 5001 loquimini
1007 4931 1064 4984 in
1108 4931 1315 4984 nomine
1354 4927 1601 4993 Domini,
1630 4942 1736 4981 non
1774 4927 2092 4991 audiemus;

503 5039 632 5076 nam
666 5020 906 5093 faciendo
948 5020 1205 5091 faciemus
1252 5019 1504 5090 quidquid
1536 5033 1627 5072 ore
1662 5016 2094 5086 pronuntiaveri-

509 5133 653 5181 mus,
686 5114 1040 5183 sacriﬁcando
1074 5114 1271 5185 reginae
1297 5113 1436 5178 cwli,
1469 5122 1514 5167 et
1539 5111 1822 5165 libationes
1852 5109 2087 5177 libando,

509 5210 669 5265 sicuti
693 5218 742 5263 et
782 5224 875 5262 nos
920 5206 1169 5278 fecimus,
1200 5221 1292 5259 nec
1317 5221 1421 5259 non
1443 5214 1615 5274 patres
1650 5202 1838 5269 nostri,
1870 5214 1916 5256 et
1950 5217 2094 5272 reges

510 5302 714 5368 nostri,
764 5311 813 5357 et
864 5301 1131 5371 principes
1176 5300 1348 5353 nostri
1395 5298 1451 5352 in
1479 5298 1802 5353 civitatibus
1846 5294 2008 5350 Iuda:
2040 5303 2094 5349 et

508 5408 661 5449 extra
689 5395 1009 5450 Jerusalem.
1056 5392 1122 5448 Et
1160 5393 1340 5462 repleti
1377 5393 1604 5462 panibus
1632 5406 1815 5448 sumus
1838 5431 1853 5455 ,
1886 5400 1937 5445 et
1972 5389 2098 5443 bene

511 5490 660 5543 nobis
701 5489 805 5559 fuit
832 5528 846 5554 ,
880 5498 931 5543 et
962 5488 1101 5542 mala
1132 5505 1235 5543 non
1261 5504 1445 5543 sumus
1473 5487 1697 5556 experti.
1728 5487 1797 5539 At
1818 5496 2100 5555 postquam

512 5582 819 5651 sacriﬁcare
857 5586 1144 5638 desinimus
1186 5585 1382 5653 reginis
1425 5579 1884 5648 cwli,qimminuti
1916 5594 2099 5632 sumus

516 5688 695 5727 omnes
719 5713 734 5738 ,
767 5684 814 5727 et
846 5676 1025 5744 gladio
1075 5675 1314 5745 fameque
1343 5673 1652 5743 defecimus.
1697 5669 1965 5726 Prwterea
2001 5670 2101 5723 hac

517 5763 575 5819 in
606 5765 814 5834 regione
839 5752 1038 5819 diutius
1071 5785 1173 5820 non
1207 5766 1558 5828 nianebimus,
1579 5764 1649 5818 ad
1684 5763 1895 5817 Domini
1930 5778 2101 5818 vocem

426 5930 431 5935 Α
468 5926 477 5929 _
508 5854 867 5935 ,audiendam,
889 5857 977 5912 sed
1002 5874 1052 5911 in
1082 5855 1375 5929 .‘Egyplum
1408 5857 1896 5927 commigrabimus,
1938 5874 2101 5929 neque

2193 4673 2504 4738 ἀνίσταντο,
2522 4671 2622 4743 τὴν
2647 4672 2741 4724 ἐπὶ
2768 4670 2877 4725 τῶν
2898 4669 3077 4741 κρεῶν
3095 4669 3191 4722 καὶ
3217 4668 3464 4740 λεϐήτων
3485 4665 3744 4734 καθέδραν,

2193 4763 2291 4817 καὶ
2315 4761 2427 4817 τῶν
2452 4762 2635 4834 ἄρτων
2688 4762 2789 4833 τὴν
2836 4760 3101 4832 ἀφθονίαν
3127 4760 3563 4830 ἀνακαλούμενοι
3587 4770 3601 4784 ’
3628 4751 3748 4807 οὓτω

2195 4856 2290 4909 καὶ
2322 4848 2468 4909 οὗτοι
2497 4853 3093 4925 ἀπαναισχυντοῦντες,
3132 4853 3227 4907 καὶ
3253 4851 3361 4905 τῶν
3388 4849 3639 4923 κηρύκων
3666 4841 3748 4912 τῆς

2195 4946 2457 5018 ἀληθείας
2493 4947 2589 5001 καὶ
2621 4945 2715 4999 τὸν
2748 4946 2906 5014 λόγον
2933 4943 3028 4998 τοῦ
3081 4944 3290 5018 Κυρίου
3340 4937 3747 5009 διακονουμένων

2195 5039 2636 5113 καταθοῶντες,-
2655 5036 2996 5092 ἀνοσιώτατα
3027 5037 3549 5109 παραφθέγγονται,
3585 5038 3748 5107 μονον·

2195 5136 2319 5205 ουχὶ
2365 5132 2434 5187 τά
2484 5132 2628 5186 αύτά
2677 5128 2930 5199 λέγοντες
2979 5128 3123 5203 ἀπερ
3180 5132 3417 5195 ἐκεῖνοι,
3463 5126 3569 5180 τῶν
3613 5118 3749 5176 θείων

2198 5222 2498 5295 προφητῶν
2522 5239 2634 5276 τινι
2663 5220 3206 5292 ἀντικαθιστάμενοιο
3248 5220 3310 5273 '0
3331 5219 3516 5289 λόγος
3540 5213 3609 5269 ὃν
3628 5210 3748 5264 ἐλαι

2197 5314 2433 5381 λύσατε
2490 5314 2643 5382 πρὸς
2700 5310 2862 5381 ἡμᾶς
2918 5312 3000 5378 τῷ
3048 5313 3296 5383 ὀνόματι
3349 5310 3589 5379 Κυρίου,
3655 5299 3748 5354 οὐκ

2197 5405 2588 5475 ἀκουσόμεθα
2649 5403 2857 5473 ὑμῶν’
2920 5402 3013 5456 ὅτι
3086 5402 3404 5467 ποιοῦντες
3446 5392 3751 5460 ποιήσομεν

2201 5496 2400 5552 πάντα
2416 5494 2525 5549 τὸν
2545 5495 2754 5565 λόγον,
2778 5492 2847 5561 ὃς
2864 5480 3337 5560 ἑξελεύσεταιέκ
3362 5490 3464 5545 τοῦ
3486 5485 3751 5553 στόματος

2200 5586 2392 5657 ἡμῶν,
2417 5585 2638 5656 θυμιᾶν
2687 5586 2763 5656 τῇ
2805 5588 3162 5656 βασιλίσσῃ
3198 5587 3305 5642 τοῦ
3354 5578 3626 5653 οὐφανοῦ,
3667 5568 3751 5625 καί

2201 5678 2494 5733 σπένδειν
2508 5677 2665 5747 αὐτῇ
2684 5679 2984 5745 σπονδὰς,
3007 5678 3162 5733 καθὰ
3192 5674 3559 5745 ἐποιήσαμεν
3585 5661 3747 5747 ἡμεῖςν

2203 5768 2302 5821 καὶ
2329 5770 2381 5822 οἱ
2409 5746 2664 5836 πατέρες
2688 5766 2878 5837 ἡμῶν,
2906 5769 3003 5823 καὶ
3065 5771 3120 5823 οι
3161 5765 3447 5834 βασιλεῖς
3467 5757 3641 5831 ἡμῶν,
3667 5746 3749 5804 ’καί

2205 5863 2258 5918 ci
2308 5859 2600 5932 ἄρχοντες
2629 5859 2798 5933 ἡμῶν
2826 5863 2897 5919 ἐν
2928 5863 3192 5920 πόλεσιν
3223 5858 3420 5920 Ἰούδα
3446 5854 3539 5914 καί
3560 5845 3751 5918 ἔξωθεν
