4004 6478
1142 439 1777 503 ANTIRRHETICUS
1815 393 2119 500 manv.
2161 438 2760 501 CONSTANTINUM
2801 437 3013 499 cora.
3200 453 3211 459 -
3606 437 3709 501 LM

437 444 552 508 (93

450 549 859 620 Ἰερουσαλήμ
885 566 899 581 ο
927 548 1025 604 καί
1047 550 1452 618 ἐπλήσθημεν
1496 550 1712 618 ἄρτων,
1757 550 1860 609 καὶ
1894 551 2022 619 ἐγε-

2129 551 2315 606 beilum
2350 552 2654 619 patiemur,
2704 549 2943 617 lubrrque
2996 547 3221 603 sonitum
3270 565 3373 603 non
3411 550 3704 631 audiemus,

434 646 666 713 νόμεθα
696 643 973 712 χρηστοί,
1013 642 1112 697 καί
1164 640 1321 695 κακὰ
1367 643 1477 695 οὐκ
1508 641 1749 711 εἴδομεν
1773 659 1787 673 ο
1821 642 1922 696 καὶ
1943 642 2024 707 ὡς

2132 656 2222 694 nec
2264 643 2418 708 panis
2473 640 2751 709 penuriam
2800 638 3119 702 sentiemus,
3178 647 3224 691 et
3269 638 3383 692 illic
3438 641 3709 694 habitabi-

435 735 796 804 διελίπομεν
852 732 1179 804 θυμιῶντες
1216 733 1292 802 τῇ
1319 734 1673 805 βασιλίσσῃ
1701 732 1809 788 τοῦ
1846 735 2025 800 οὐραρ
2110 747 2245 810 .mus
2271 731 2337 785 "“.

437 828 578 891 νοῦ,
608 826 1034 896 ὴλαττώθημεν
1056 826 1300 891 πάντες,
1330 826 1428 880 καὶ
1460 827 1530 880 ἐν
1549 826 1818 896 ῥομφαίᾳ
1849 825 2039 880 καὶέν
2075 822 2227 892 λιμῷ
2258 822 2619 892 ἐξελίποέιεν
2639 838 2651 852 ·
2723 820 2811 875 ἔτι
2835 820 2985 890 πρὸς
3032 821 3265 888 τούτοις
3299 823 3372 876 οὐ
3432 822 3518 892 μὴ
3571 826 3713 879 καθ-

443 924 671 992 ίσωμεν
700 922 772 976 ἐν
810 919 889 988 τῇ
949 919 1029 990 γῇ
1066 923 1253 991 ταύτῃ
1318 919 1469 989 πρὸς
1531 919 1599 975 τὸ
1646 919 1735 990 μὴ
1777 918 2036 975 ἀκοῦσαι
2074 916 2282 988 φωνῆς
2346 918 2587 985 Κυρίου,
2610 916 2701 970 ὅτι
2731 918 2818 982 εις
2856 915 2975 987 γῆν
3030 916 3333 986 Αἰγύπτου
3360 918 3713 978 εισελευσό-

366 996 383 1006 ί
438 1018 617 1084 pedit,
673 1013 771 1068 καί
797 1016 870 1068 οὐ
910 1013 999 1083 μὴ
1057 1013 1278 1083 ἴδωμεν
1330 1015 1621 1083 πόλεμον,
1682 1011 1780 1066 καί
1820 1010 2028 1081 φωνῆς
2066 1010 2403 1081 σάλπιγγος
2470 1012 2543 1065 οὐ
2576 1009 2663 1080 μὴ
2726 1010 3101 1081 ἀκούσωμεν,
3162 1010 3261 1064 καί
3293 1010 3365 1064 ἐν
3404 1009 3603 1080 ἄρτοις
3639 1014 3713 1066 ob

436 1109 531 1178 μὴ
563 1105 945 1173 πεινάσωμεν
971 1104 1069 1159 καί
1089 1104 1219 1160 ἐκεῖ
1247 1105 1603 1174 οἰκήσομεν.
3646 1134 3649 1135 ν

520 1220 613 1287 ξδ’.
644 1217 885 1273 Τοιαῦτα
907 1218 972 1289 δὴ
1035 1218 1131 1271 καὶ
1183 1217 1255 1271 τά
1316 1217 1529 1280 τούτοις
1566 1215 1931 1288 παραπλήσια
1967 1215 2030 1268 ὲκ

2201 1208 2290 1266 64.
2338 1209 2464 1267 Haec
2504 1219 2559 1266 et
2606 1211 2692 1267 his
2721 1212 2919 1268 similia
2950 1227 3017 1268 ex
3053 1213 3198 1268 malo
3226 1214 3410 1271 cordis
3457 1215 3713 1272 thesauro

437 1311 543 1364 τοῦ
577 1300 819 1381 πονηρδῦ
847 1307 1127 1381 θησαυροῦ
1154 1308 1257 1377 τῆς
1303 1307 1534 1379 καρδίας
1563 1307 2029 1378 ἀπερευγόμενοι,

2129 1310 2481 1366 eructantes,
2545 1310 2754 1356 rectum
2812 1311 3058 1356 nostrum
3116 1312 3173 1357 et
3231 1303 3712 1374 irreprehensibile

441 1400 940 1472 καταφλυαροῦσιν
981 1400 1139 1471 ήμῶν
1175 1402 1277 1469 τῆς
1327 1398 1502 1471 όρθῆς
1544 1398 1641 1451 καὶ
1699 1397 2028 1468 ἀδιαὸλήτου

2129 1390 2321 1460 dogma
2356 1391 2606 1455 irrident,
2637 1392 2908 1462 simulque
2932 1393 3042 1449 Deo
3067 1393 3287 1450 odibilis
3314 1395 3576 1452 Mamonae
3605 1397 3713 1453 ﬁde

441 1492 608 1564 δόξης
631 1508 646 1522 ο
716 1491 1139 1562 φιλοτιμοῦνται
1180 1492 1239 1546 δὲ
1272 1493 1368 1562 ἐπὶ
1401 1493 1470 1562 τῇ
1498 1490 1595 1545 τοῦ
1630 1491 1889 1561 Μαμωνᾶ
1921 1490 2030 1543 θεο-

2139 1482 2478 1553 gloriantur:
2531 1483 2849 1541 felicitatem
2901 1485 3174 1555 jactantes
3231 1501 3355 1542 esse
3408 1490 3711 1558 nequitiam

444 1587 639 1655 στυγεῖ
677 1585 862 1639 πίστει
882 1600 897 1613 ·
939 1584 1247 1656 εὐημερίαν
1274 1583 1373 1655 τὴν
1406 1583 1621 1637 ἐκείνου
1644 1582 2030 1655 ἀνοσιουργίαν

2135 1574 2254 1644 ejus
2276 1613 2292 1641 ,
2322 1584 2509 1645 utpote
2538 1590 2605 1631 ex
2641 1575 2744 1632 hac
2780 1578 2918 1632 bene
2950 1577 3141 1632 nutriti
3172 1616 3189 1642 ,
3224 1587 3280 1633 et
3314 1579 3715 1637 abundantiore

446 1675 828 1745 ἐπαυχοῦντες
849 1692 866 1709 ·
900 1675 1092 1746 ὥσπερ
1124 1677 1182 1730 ὲν
1218 1675 1392 1747 ταύτῃ
1427 1675 1903 1747 ὲνευθηνούμενοι,
1940 1676 2030 1729 καὶ

2132 1669 2288 1736 copia
2321 1678 2433 1723 tum
2467 1668 2708 1724 triticum
2739 1680 2848 1725 tum
2878 1671 3189 1727 necessaria
3216 1671 3321 1727 alia
3348 1672 3735 1745 redimentes;

441 1767 669 1839 ἀριθμῷ
704 1767 912 1822 πλείονι
967 1768 1062 1822 τόν
1092 1783 1154 1820 τε
1186 1769 1334 1821 σῖτον
1373 1767 1469 1820 καὶ
1505 1766 1676 1821 τᾶλλα
1702 1767 1875 1821 ὁπόσα
1920 1767 2030 1821 τῶν

2133 1774 2313 1830 neque
2355 1759 2410 1815 id
2438 1771 2723 1832 acceptum
2770 1762 3036 1819 bonorum
3070 1765 3315 1820 omnium
3360 1769 3571 1822 auctori
3604 1766 3712 1823 Deo

444 1859 779 1931 ἐπιτηδείων
807 1858 1173 1931 ἐξωνούμενοι
1203 1874 1219 1891 ⁸
1253 1858 1355 1913 οὐκ
1388 1859 1484 1912 ἐπὶ
1524 1858 1603 1930 τῷ
1641 1859 1764 1931 θεῷ
1785 1858 1864 1931 τῷ
1891 1862 2027 1915 πάν⁶

2138 1851 2458 1916 referentes,
2492 1867 2670 1923 neque
2702 1854 2824 1908 vitae
2856 1865 3057 1911 nostrae
3086 1857 3353 1925 provisori
3385 1867 3439 1913 et
3467 1861 3708 1915 curatori

2139 1942 2360 1962 __-.,-__
2397 1942 2684 1962 “urbe.”
2757 1945 2867 1962 ..-ρ
2910 1947 2921 1960 .
2964 1954 2977 1962 .
3149 1957 3159 1962 -
3427 1961 3432 1962 ,

444 1968 558 2005 των
593 1950 815 2021 ἀγαθῶν
869 1948 1214 2022 παρεκτικῷ,
1247 1952 1342 2005 καὶ⁸
1376 1952 1476 2022 τῆς
1515 1952 1640 2006 καθ’
1694 1952 1850 2023 ἡμᾶς
1883 1951 2030 2023 ζωῆς

2134 1942 2364 2012 gratiam
2396 1942 2711 1999 reddentes.
2757 1945 2983 2002 Deﬁciet
3014 1962 3112 2003 nos
3146 1957 3359 2019 tempus
3386 1961 3550 2020 atque
3576 1966 3708 2007 ora-

446 2046 725 2115 προνοητῇ
761 2044 857 2097 καὶ
889 2031 1152 2114 κηδεμόνι
1203 2042 1304 2112 τὴν
1333 2043 1497 2115 χάριν
1539 2042 1912 2107 ἀνατιθέντες.
1954 2044 2022 2100 Τί

2135 2034 2214 2089 tio
2250 2033 2297 2090 si
2331 2034 2458 2091 talia
2488 2050 2906 2108 persequemur.
2932 2038 3067 2093 Nam
3103 2056 3225 2112 quae
3263 2030 3462 2113 lingua:
3490 2055 3714 2112 possent

448 2137 562 2206 χρὴ
583 2135 653 2189 τά
672 2134 845 2190 πολλά
869 2133 1081 2204 λέγεινς
1100 2133 1377 2205 ἐπιλείψει
1394 2134 1503 2206 γάρ
1523 2136 1778 2207 ἡμᾶςκαὶ
1792 2136 1822 2187 ό
1839 2136 2034 2207 χρόνος

452 2227 551 2282 καὶ
576 2229 605 2281 ό
631 2226 790 2296 λόγος
806 2225 985 2282 ταῦτα
1005 2226 1307 2295 διεξιόντας
1329 2242 1345 2259 ⁸
1377 2226 1545 2282 πόσαι
1571 2228 1681 2301 γὰρ
1704 2229 1772 2283 ἂν
1786 2228 2033 2299 γλῶσσαι

450 2316 555 2388 τὴν
597 2317 801 2373 τούτων
843 2318 1154 2390 ἐξήρκεσαν
1187 2317 1432 2383 ἐξειπεῖν
1456 2319 1795 2391 δυστροπίαν
1845 2337 1905 2373 τε
1936 2321 2034 2374 καὶ

450 2409 788 2479 κακοήθειαν
814 2426 829 2477 ;
859 2409 979 2474 ἐξὸν
1005 2409 1065 2464 ἓν
1080 2409 1205 2464 ἀντὶ
1226 2408 1450 2464 πάντων
1474 2409 1652 2465 εἰπεῖν
1683 2411 1781 2464 καὶ
1826 2411 1889 2465 τὸ
1924 2413 2034 2466 πᾶν

445 2501 821 2571 παραστῆσαι,
871 2501 953 2555 ὅτι
1010 2518 1030 2553 t
1100 2498 1701 2556 Κακῶν’διδασκάλων
1761 2503 1911 2558 κακὰ
1962 2504 2033 2559 τὰ

448 2592 778 2663 μαθήματα,
809 2593 1010 2664 μᾶλλον
1048 2592 1106 2646 δὲ
1135 2593 1391 2664 πονηρῶν
1432 2596 1774 2666 σπερμάτων
1812 2597 2031 2668 πονηρά

443 2681 520 2735 τά
567 2682 855 2753 γεώργια·
908 2702 928 2736 ι
988 2683 1026 2737 ἃ
1078 2683 1190 2758 γὰρ
1229 2684 1430 2749 αὐτοὺς
1475 2685 1505 2737 ὁ
1541 2686 1635 2739 τοῦ
1692 2687 2032 2757 Εὐαγγελίου

446 2772 755 2841 ἀντίθετος,
777 2775 992 2846 καὶτῆς
1020 2774 1304 2839 εὐσεϐείας
1326 2774 1523 2847 ἐχθρὸς
1555 2777 1652 2831 καὶ
1690 2775 2029 2849 ἀποστάτης,

440 2864 478 2917 ό
504 2867 746 2935 σπορεὺς
785 2866 896 2920 τῶν
926 2866 1185 2933 ζιζανίων
1229 2865 1496 2939 ἐμύησεν.
1529 2867 1589 2920 ἐν
1626 2871 1741 2931 τοῖς
1780 2869 2033 2941 ἀπορρή-

442 2972 567 3019 τοις
586 2957 800 3010 ἐκείνου
821 2957 916 3011 καὶ
936 2956 1174 3021 ἀνοσίοις
1191 2957 1613 3028 τελισκομένους
1632 2958 2029 3030 τελεστηρίοις,

442 3045 626 3100 ταῦτα
680 3048 777 3101 καὶ
840 3048 1132 3120 φρονοῦσιν
1160 3064 1175 3079 ·
1237 3048 1331 3102 ἐπὶ
1408 3048 1619 3113 τούτοις
1670 3051 1721 3103 οί
1779 3049 2031 3121 δύστηνοι

446 3139 773 3210 στέργουσιν
861 3139 1257 3212 ὲναυξηθέντες
1331 3140 1429 3195 καὶ
1499 3141 2028 3214 τελεσφορηθέντεςο

2136 2125 2331 2180 horum
2366 2128 2783 2197 perversitatem
2827 2128 3202 2201 malitiamque
3226 2134 3531 2189 enarrare?
3563 2134 3712 2190 Satis

2134 2227 2218 2271 est
2246 2233 2412 2272 unum
2444 2219 2619 2274 instar
2647 2220 2892 2275 omnium
2931 2221 2999 2276 ad
3031 2223 3339 2278 universam
3381 2239 3492 2279 rem
3526 2226 3710 2280 dei-la-

2137 2307 2363 2362 randam
2393 2309 2577 2364 dicere
2610 2330 2623 2364 :
2652 2327 2672 2362 ι
2711 2309 2971 2365 Malorum
3000 2312 3284 2368 doctorum
3319 2315 3477 2370 malae
3504 2316 3713 2373 doctri-

2136 2410 2255 2462 nae;
2282 2396 2365 2450 vel
2397 2395 2664 2452 malorum
2696 2399 2965 2455 seminum
3000 2400 3140 2454 mala
3164 2415 3341 2472 seges.
3380 2420 3402 2456 ι
3436 2401 3571 2458 Nam
3594 2420 3715 2476 quae

2136 2486 2261 2543 illos
2295 2488 2575 2560 Evangelii
2605 2491 2958 2547 adversarius
2986 2532 3000 2559 ,
3037 2506 3184 2548 verae
3231 2494 3716 2564 religionis'bostis
3751 2562 3755 2566 λ

2133 2587 2190 2635 et
2219 2591 2467 2650 apostata
2490 2622 2506 2650 ,
2538 2581 2877 2638 zizaniorum
2904 2592 3076 2652 sator,
3110 2584 3161 2638 in
3196 2588 3411 2643 arcanis
3450 2591 3563 2644 suis
3592 2603 3714 2646 sce—

2133 2671 2399 2743 lestisque
2417 2673 2818 2730 initiationibus
2832 2676 3033 2743 docuit,
3049 2677 3163 2733 hanc
3188 2688 3370 2735 mente
3387 2680 3646 2751 retinent,
3661 2684 3715 2739 iu

2136 2764 2221 2820 his
2273 2764 2527 2820 laetantur
2581 2767 2767 2823 miseri
2818 2782 2878 2823 se
2925 2778 3324 2828 consectaneos
3383 2773 3711 2831 adolevisse.

2133 2855 2362 2912 Acerba;
2403 2857 2754 2927 exitiosteque
2802 2860 2972 2929 spinae
3010 2872 3209 2917 contra
3264 2862 3568 2920 Ecclesium
3621 2868 3713 2922 Dei

2133 2959 2566 3015 succreverunt,
2603 2964 2799 3020 purum
2834 2951 3222 3023 sincerumque
3275 2955 3493 3025 pietatis
3526 2973 3714 3014 semen

2058 3033 2079 3055 "
2132 3039 2486 3097 suifocantes.
2519 3041 2672 3098 Hanc
2693 3046 2841 3097 enim
2874 3043 2945 3099 ob
2980 3060 3202 3100 causam
3227 3062 3325 3103 eos
3346 3048 3594 3106 diabolus
3620 3067 3717 3106 ex-

2134 3134 2323 3188 citavit
2350 3135 2632 3202 subulcos,
2664 3135 2965 3205 opiliones,
2992 3137 3291 3205 bubulcos,
3325 3140 3493 3209 harae,
3532 3143 3714 3198 stabu-
3772 3153 3785 3161 ‘

444 3231 651 3302 πικραὶ
692 3233 789 3286 καὶ
829 3230 1118 3302 λοιμώδεις
1168 3230 1406 3286 ἄκανθαι
1438 3235 1504 3304 τῇ
1568 3232 1868 3305 Ἐκκλησία
1926 3232 2022 3287 τοῦ

2132 3225 2346 3294 lorum,
2373 3227 2661 3297 caprilium
2687 3269 2703 3296 ,
2738 3237 2793 3284 et
2827 3229 3123 3299 cujuslibet
3151 3231 3311 3300 hujus
3350 3233 3509 3305 133
3541 3251 3711 3305 gene-

441 3323 589 3377 Θεοῦ
634 3323 1097 3395 παραπεφύκασι,
1137 3324 1231 3378 τὸν
1273 3323 1517 3395 καθαρὸν
1548 3324 1647 3378 κα)⁸
1693 3324 1879 3378 ἄδολον
1929 3326 2032 3398 τῆς

443 3410 739 3477 εὐσεϐείας
811 3412 1347 3484 καταλυμαινόμενοι
1400 3413 1607 3485 σπόρον
1633 3431 1646 3447 ·
1696 3416 1787 3484 ἐφ’
1836 3410 1881 3483 ᾦ
1921 3417 2031 3488 γὰρ

444 3498 653 3564 αὐτοὺς
708 3501 1069 3574 συοφορόοῦς,
1129 3492 1436 3574 μηλοϐότας
1471 3520 1532 3559 τε
1583 3507 1680 3560 καὶ
1715 3506 2027 3578 βοονόμους,

445 3594 556 3664 τῆς
606 3593 895 3659 συοόοσίας
948 3597 1042 3649 καὶ
1087 3594 1198 3650 τῶν
1239 3595 1573 3665 βοοστασίων
1607 3599 1701 3652 καὶ
1736 3598 2024 3663 αίπολίων,

446 3682 555 3738 καὶ
590 3684 692 3756 τῆς
726 3684 897 3758 ἄλλης
947 3687 1279 3758 συνήγειρεν
1317 3687 1544 3756 ἀλογίας
1589 3688 1686 3741 καὶ
1717 3688 1991 3760 ἀκοσμίας
2012 3705 2026 3718 ·

443 3775 597 3831 ὥστε
648 3779 849 3842 αὐτοὺς
902 3777 1203 3850 κτηνώδεις
1245 3795 1310 3847 γε
1361 3779 1523 3843 ὄντας
1586 3781 1682 3834 καὶ
1737 3780 2031 3852 ἀγροικίας

453 3868 666 3932 ἱκανῶς
719 3869 972 3940 ἔχοντας,
1026 3869 1122 3923 καὶ
1164 3867 1327 3932 ’θείας
1373 3870 1579 3940 ἥκιστα
1622 3871 2031 3941 μετεσχηκότας

443 3957 737 4027 γνώσεως,
781 3960 1160 4032 ὑπηρετήσειν
1184 3958 1353 4014 αὐτοῦ
1383 3962 1495 4024 τοῖς
1526 3959 1709 4023 ἀθέοις
1737 3962 1832 4015 καὶ
1857 3978 2028 4033 πονη-

444 4052 573 4121 ροῖς
595 4051 994 4122 ἐπιτηδεύμασι
1019 4050 1117 4105 καὶ
1143 4049 1468 4122 θελήμασιν.
1497 4052 1555 4104 ὲν
1588 4050 1764 4121 τούτῳ
1793 4051 1943 4124 αὐτῷ
1968 4052 2030 4105 τὸ

438 4144 727 4214 χρήσιμον
753 4144 1141 4216 ἀπηνέγκαντο
1158 4144 1375 4208 ’ὅπλοις
1389 4143 1500 4214 γάρ
1533 4143 1718 4208 αὐτοῖς
1736 4144 1831 4198 καὶ
1858 4145 2029 4216 ὀργά-

2133 3321 2210 3375 ris
2240 3319 2485 3375 colluviei
2512 3321 3070 3390 atqueimmunditiae,
3095 3332 3151 3377 ut
3177 3324 3230 3378 hi
3262 3325 3469 3381 scilicet
3491 3329 3713 3385 belluini
3766 3322 3767 3325 “

2130 3412 2538 3483 plurimumque
2590 3414 2845 3469 ruditatis
2892 3415 3195 3481 habentes,
3256 3415 3464 3488 Deique
3516 3422 3710 3476 uctitia

2131 3506 2366 3559 maxime
2392 3505 2575 3570 alieni,
2610 3505 2791 3574 pravis
2817 3506 2935 3575 ejus
2965 3516 3018 3563 et
3059 3508 3385 3580 irreligiosis
3424 3513 3620 3568 studiis
3648 3529 3713 3568 ac

2132 3594 2501 3650 voluntatibus
2536 3596 2940 3663 subservirent,
2973 3597 3025 3650 in
3069 3598 3174 3653 hoc
3215 3599 3264 3654 ei
3319 3601 3712 3670 gratiﬁcantes.

2130 3684 2308 3741 lnstar
2335 3686 2542 3757 quippe
2564 3702 2842 3742 armorum
2883 3697 2937 3742 et
2972 3687 3463 3746 instrumentorum
3497 3692 3581 3748 his
3613 3695 3712 3749 h0-

2131 3777 2368 3835 minibus
2412 3780 2618 3835 abusus
2667 3786 2784 3844 est,
2828 3796 2935 3836 non
2977 3781 3044 3836 ad
3099 3782 3364 3839 barbaros
3412 3784 3713 3856 iugandos,

2131 3881 2322 3940 gentes
2348 3872 2680 3938 domandas,
2708 3872 2990 3941 regionem
3029 3872 3281 3930 boatilem
3311 3876 3412 3930 sub
3450 3877 3712 3932 tributum

2131 3963 2503 4034 redigendam,
2528 3963 2743 4020 aliudve
2764 3966 3061 4036 quidquam
3086 3966 3349 4023 adversus
3371 3967 3554 4023 hostes
3577 3969 3716 4024 bene

2130 4055 2428 4122 gerendum
2449 4093 2463 4117 ,
2495 4053 2591 4109 sed
2617 4054 2685 4107 ad
2715 4054 2976 4122 pietatem
3004 4068 3220 4110 omnem
3252 4094 3268 4120 ,
3322 4065 3514 4112 contra
3546 4071 3711 4126 quam

2130 4144 2254 4199 illos
2281 4133 2514 4200 armavit
2543 4185 2559 4212 ,
2601 4146 3020 4216 expugnandam
3066 4162 3085 4200 :
3111 4153 3194 4211 ut,
3224 4155 3478 4218 tanquam
3510 4149 3712 4204 arietes

440 4251 566 4299 νοις
597 4235 893 4307 ἐχρήσατο,
921 4237 982 4289 ob
1009 4234 1321 4306 βαρϐάρους
1339 4233 1750 4305 τροπώσασθαι,
1775 4235 1875 4289 οὐκ
1898 4235 2026 4308 ἔθνη

2129 4236 2367 4292 murales
2398 4236 2714 4303 admovens,
2745 4237 2950 4294 Christi
2984 4237 3280 4295 Ecclesiam
3314 4254 3413 4311 per
3456 4254 3550 4296 eos
3579 4256 3715 4311 qua-

444 4327 844 4399 χειρώσασθαι,
878 4329 939 4381 ob
955 4327 1139 4398 χώραν
1156 4327 1253 4399 τὴν
1277 4326 1548 4398 πολεμίαν
1574 4325 1855 4399 ὐπόφορον
1872 4328 2030 4399 ποιή-

2132 4337 2304 4392 teret,
2341 4336 2395 4382 et
2431 4328 2674 4399 symbola
2715 4342 2781 4382 ac
2811 4339 3159 4385 monumenta
3203 4329 3463 4386 salutaris
3497 4329 3712 4385 Domini

448 4418 678 4480 σασθαι.
705 4418 806 4472 οὐκ
823 4417 952 4472 ἀλλο
972 4418 1132 4495 οὐδὲν
1160 4421 1302 4472 κατὰ
1326 4418 1437 4471 τῶν
1457 4417 1779 4473 ἀντιπάλων
1807 4432 2026 4489 κατωρο

2130 4419 2555 4483 incarnationis,
2589 4420 2755 4490 impie
2788 4430 2839 4476 et
2874 4421 3080 4477 furiose
3107 4422 3401 4477 admodum
3432 4424 3714 4478 subverte—

447 4511 690 4567 θωκέναι
708 4528 723 4544 ο
746 4511 885 4565 ἀλλά
919 4496 1030 4565 πᾶν
1057 4511 1120 4564 τὸ
1154 4511 1397 4576 εὐσεῦὲς,
1420 4510 1545 4565 καθ’
1571 4504 1647 4564 ὧν
1707 4510 1912 4575 αὐτοὺς
1943 4510 2029 4576 ἐξ·

2132 4522 2234 4568 ret.
2280 4510 2946 4583 Propterea-templorum
2995 4513 3376 4584 spoliationem
3423 4529 3489 4569 ac
3521 4514 3711 4584 profa-

445 4601 656 4657 ὡπλισε
679 4603 1142 4676 παραστήσασθαι
1159 4602 1281 4657 ’καὶ
1302 4602 1554 4673 καθάπερ
1577 4602 1824 4674 μηχανὰς
1846 4600 2030 4656 ἑλεπό-

2135 4579 2414 4659 nationeni
2460 4579 2747 4657 Mamonas
2778 4618 2943 4659 ausus
2988 4579 3106 4671 est,
3144 4613 3201 4658 et
3242 4579 3551 4660 habitacula
3598 4606 3709 4661 dae-

446 4692 568 4756 λεις
589 4694 930 4763 ἐπαγόμενος
979 4692 1079 4763 τὴν
1116 4690 1354 4762 Χριστοῦ
1394 4692 1724 4764 Ἐκκλησίαν
1747 4692 1812 4745 δι’
1849 4692 2030 4747 αὐτῶν

2135 4712 2355 4751 monum
2396 4710 2462 4750 ex
2504 4695 2852 4751 monasteriis
2882 4695 3103 4763 effecit;
3133 4697 3347 4771 stabula
3385 4706 3548 4769 atque
3570 4705 3715 4754 ster-

441 4784 824 4857 ὲκπορθῆσαι,
859 4785 930 4838 τά
974 4801 1034 4838 τε
1065 4783 1313 4855 σύμὸολα
1367 4785 1464 4838 καὶ
1507 4785 1880 4855 ὑπομνήματα
1931 4784 2030 4855 τῆς

2134 4787 2359 4859 quilinia
2390 4788 2443 4843 in
2483 4787 2728 4845 ecclesiis
2761 4787 2853 4843 Dei
2886 4789 3107 4855 statuit;
3143 4804 3374 4859 quorum
3410 4789 3713 4845 facinorum

443 4877 727 4948 σωτηρίου
769 4876 938 4931 αὐτοῦ
968 4876 1307 4947 οἰκονομίας.
1344 4876 1522 4940 ἀθέως
1559 4877 1654 4931 καὶ
1688 4878 1829 4945 ἄγαν
1867 4893 2026 4948 μανιο

2137 4893 2268 4949 pars
2295 4889 2484 4935 nostro
2517 4880 2695 4936 adhuc
2729 4889 2971 4952 tempore
3004 4883 3265 4950 perdurat
3289 4881 3541 4937 visibilis.
3570 4881 3715 4936 Non-

438 4969 563 5033 κῶς
610 4968 1125 5041 καταστρέψασθαιο
1188 4968 1395 5023 τούτων
1458 4969 1667 5034 ἕνεκεν,
1753 4966 2028 5039 ἱεροσυλία

2135 4968 2282 5023 nulla
2319 4969 2556 5040 denique
2592 4984 2749 5026 sacra
2792 4971 2910 5024 loca
2959 4972 3126 5026 etiam
3161 4986 3295 5027 auro
3345 4982 3535 5027 contra
3580 4971 3712 5027 νεη-

440 5062 648 5134 ικείνῳ
678 5064 1009 5134 τετόλμηται
1050 5062 1146 5116 καὶ
1180 5061 1288 5115 τῶν
1323 5060 1485 5116 θείων
1509 5061 1655 5124 ναῶν
1679 5061 1982 5132 βεϐήλωσις
2010 5076 2025 5092 ·

2134 5059 2304 5126 didit;
2342 5059 2505 5130 idque
2526 5076 2858 5131 magnopere
2888 5062 3126 5118 clamant
3154 5062 3296 5119 Flori
3330 5070 3386 5118 et
3413 5062 3711 5119 Callistrati

441 5156 746 5226 οἰκητήρια
798 5156 907 5227 γὰρ
957 5157 1142 5211 αὐτῶν
1180 5157 1250 5211 τά
1291 5156 1630 5228 μοναστήρια
1688 5152 2025 5224 πεποίηκεν·

2135 5154 2403 5224 appellata
2432 5154 2768 5209 monasteria
2802 5155 2941 5226 (7i).

447 5248 789 5303 ίπποστάσια
828 5249 886 5303 δὲ
927 5250 1022 5303 καὶ
1089 5247 1382 5318 κοπρῶνας
1427 5246 1527 5311 τάς
1561 5245 1859 5318 ἐκκλησίας
1921 5243 2017 5299 τοῦ
2056 5243 2194 5299 Θεοῦ
2253 5246 2634 5318 κατεστήσατο
2662 5261 2676 5276 ·
2730 5238 2805 5304 ὧν
2869 5247 2938 5300 τά
3009 5247 3427 5319 περιττώματα,
3480 5245 3576 5298 καὶ
3623 5243 3710 5311 ἐφ’

445 5343 608 5413 ἡμῶν
641 5343 823 5397 αὐτῶν
844 5344 1136 5416 διήρκεσεν
1159 5343 1615 5414 ὲπιχρονίσανταξ
1636 5339 1753 5394 ἔστι
1782 5340 1840 5396 δὲ
1868 5340 1904 5396 ἃ
1926 5342 2019 5396 καὶ
2055 5340 2281 5413 χρυσίου
2347 5341 2578 5397 ἀπέδοτο
2611 5342 2853 5413 σεμνετα,
2887 5342 2981 5394 καὶ
3042 5340 3205 5410 βοῶσι
3240 5340 3383 5412 μέγα
3405 5338 3472 5392 τὰ
3504 5333 3711 5391 ἐπώνυ-

453 5452 535 5508 μα
557 5435 791 5509 Φλώρου
817 5437 913 5490 καὶ
937 5435 1351 5508 Καλλιστράτου
1388 5435 1753 5506 μοναστήρια.
3716 5432 3735 5448 ⁸

528 5592 576 5627 ’⁸
603 5591 803 5650 Jerem.
836 5608 981 5660 auv,
1017 5591 1203 5649 lii-l9.

528 5772 641 5899 (‘75?
686 5771 889 5831 Horum
939 5770 1392 5828 monasteriorum
1416 5757 1624 5824 'notitia
1693 5774 1778 5822 est
1815 5766 1869 5820 in
1915 5763 2371 5837 Constantinopoli
2439 5764 2782 5830 Christiana,
2832 5762 2927 5819 lib.
2982 5777 3055 5828 tv,
3127 5762 3212 5819 ed.
3258 5753 3431 5818 Paris.
3468 5776 3522 5833 ιι.
3571 5760 3694 5834 153,

447 5854 505 5902 οι
543 5854 661 5900 156.
