4004 6478
455 423 568 487 I95

1490 416 1551 477 S.
1590 414 2007 477 NICEPIIORI
2046 412 2552 474 PATRIARCIIE
2590 414 2698 473 (ΣΡ.

3636 388 3775 483 ιρι

530 541 619 597 65.
681 539 835 606 Quod
896 552 1025 592 vero
1081 548 1409 605 magnopere
1464 533 1728 589 Mamonat
1794 544 2037 601 tempora

2217 530 2308 596 Ea'.
2344 533 2465 585 Ὅτι
2488 531 2543 584 δὲ
2580 530 2759 600 μάτην
2782 529 2873 583 ἐπὶ
2896 530 3009 593 τοῖς
3034 531 3246 600 χρόνοις
3282 528 3507 586 ἐκείνου
3539 531 3731 601 ἐγκαλ.

456 637 707 705 iactant,
741 634 844 687 hoc
877 633 1043 685 etiam
1093 628 1308 683 illorum
1340 627 1573 682 stultitia
1618 635 1674 680 et
1704 626 2042 681 absurditate

462 730 685 799 dignum
716 735 821 781 est.
855 724 1092 778 Plurima
1121 721 1266 775 enim
1300 724 1368 774 ab
1409 720 1686 775 historicis
1717 729 2042 773 oretenusve

470 820 824 876 narrantibus
871 816 1061 870 audire
1113 823 1223 880 est;
1257 822 1382 866 sunt
1411 821 1465 866 et
1506 811 1670 880 aliqui
1715 810 1895 865 adhuc
1951 823 2043 864 su-

464 914 742 981 perstites,
786 909 852 963 ad
902 907 1016 961 lucc
1051 903 1394 975 prazdicanda
1450 903 1685 969 servati;
1743 916 1811 956 ex
1845 900 2045 970 quibus

467 1005 683 1059 discere
744 1014 1032 1072 possumus
1083 996 1262 1066 qualia
1317 1005 1372 1051 et
1423 1004 1627 1066 quanta
1666 1004 1794 1052 tunc
1843 1008 1907 1049 ex
1963 993 2041 1047 ira

464 1096 649 1150 divina
698 1092 1026 1162 contigerint
1082 1090 1245 1143 mala.
1298 1087 1375 1143 Ex
1424 1102 1538 1157 quo
1594 1086 1873 1141 Mamonas
1921 1084 2042 1139 lidei

466 1201 668 1244 nostrae
707 1185 977 1240 molestus
1004 1196 1128 1237 esse
1175 1180 1365 1249 erepit,
1410 1189 1465 1234 et
1492 1178 1632 1233 bene
1680 1176 2043 1245 compositura

460 1277 830 1334 Ecclesiarntn
865 1284 1067 1329 statum
1114 1284 1461 1342 oppugnare,
1499 1279 1753 1337 tanquam
1786 1267 2047 1321 divinitus

463 1369 679 1423 inﬂictae
715 1366 884 1438 plagae
927 1372 981 1419 et
1014 1363 1439 1433 castigationes,
1493 1360 1669 1414 morbi
1728 1355 2043 1427 gravissimi

460 1474 514 1517 et
552 1458 812 1531 ﬂagella;
867 1471 1097 1525 quorum
1149 1452 1527 1515 multitudine,
1563 1460 1618 1505 et
1672 1448 2043 1505 calamitatum

467 1553 841 1623 magnitudine
889 1547 1166 1618 perterriti
1236 1543 1482 1599 nonnulli
1536 1552 1663 1597 tunc
1717 1552 2043 1612 prazsentes,

466 1654 796 1715 opportune,
825 1652 881 1694 ut
905 1654 1002 1708 par
1029 1636 1422 1701 erat,historite
1442 1635 1657 1690 tradere
1677 1633 1895 1703 dignum
1922 1647 2046 1686 cen-

464 1740 690 1794 suerunt
740 1744 939 1797 genera
973 1740 1191 1797 quoque
1222 1725 1484 1779 malorum
1516 1740 1636 1793 qua:
1677 1723 1885 1793 ertperti
1919 1729 2046 1777 sunt
2074 1772 2079 1775 .

467 1822 778 1892 bujosmodi
828 1820 964 1893 (75).
1013 1818 1339 1874 Pcstilentes
1379 1827 1582 1872 mortes
1620 1831 1741 1886 quae
1794 1816 2042 1870 homines

462 1915 865 1981 corripuerunt,
902 1924 1059 1963 nemo
1088 1917 1269 1979 potest
1288 1922 1633 1970 enumerare,
1666 1916 2044 1977 quantumque

464 2019 751 2059 numerum
788 2001 1031 2070 depastae
1078 2001 1226 2081 sint;
1272 2002 1470 2070 quibus
1516 2015 1578 2055 se
1624 1999 1953 2055 subtrahens
1999 1999 2047 2054 is

462 2098 555 2165 qui
586 2110 752 2150 causa
791 2093 1005 2148 illarum
1033 2100 1171 2159 erat,
1218 2091 1412 2163 proqu
1446 2092 1592 2162 regia
1625 2091 1787 2158 urbe,
1817 2107 2045 2147 casuum

462 2188 924 2242 internecivorum
961 2198 1131 2250 metu,
1159 2186 1482 2257 plerumque
1505 2186 1756 2255 degebat.
1802 2184 2047 2255 Namque

463 2280 606 2348 apud
653 2277 1025 2335 Nicomediam
1068 2278 1297 2348 ejusque
1332 2278 1593 2332 suburhia
1642 2277 2043 2344 diversabatur,

464 2371 576 2427 imo
605 2372 770 2426 etiam
802 2371 963 2439 longe
995 2370 1244 2426 ulterius.
1280 2369 1355 2423 De
1380 2368 1727 2423 multitudine
1746 2377 1928 2423 autem
1956 2367 2045 2422 in-

467 2463 619 2516 tinita
654 2461 1056 2526 defunctorum,
1088 2476 1184 2532 per
1212 2460 1431 2516 litteras
1466 2461 1501 2515 ii
1544 2460 1740 2529 quibus
1772 2460 1923 2515 urbis
1948 2473 2047 2514 ne-

466 2553 611 2624 gOtia
645 2551 937 2605 commissa
974 2551 1215 2616 fuerant,
1251 2550 1401 2604 illum
1434 2551 1775 2615 educebant,
1807 2550 2047 2605 millibus

464 2646 716 2715 plurimis
749 2644 995 2713 quotidie
1021 2645 1355 2710 numeratis,
1395 2643 1471 2697 ita
1529 2652 1587 2698 ut
1639 2644 1888 2713 sepulcra
1925 2659 2048 2699 cor-

464 2737 688 2807 poribus
733 2738 926 2789 tierent
966 2743 1226 2804 angusta,
1273 2745 1327 2788 et
1382 2747 1648 2804 aquarum
1699 2748 1918 2803 quoque
1960 2749 2047 2790 re-

465 2825 746 2897 ceptacula
786 2825 871 2879 his
914 2824 1289 2896 opplerentur,
1324 2833 1378 2879 et
1406 2824 1655 2893 quisquis
1689 2824 1831 2881 alius
1877 2825 2044 2880 cada-

464 2920 686 2972 veribus
744 2915 1074 2985 recipiendis
1118 2914 1268 2969 locus
1324 2923 1445 2968 erat
1496 2914 1756 2981 idoneus;
1810 2929 2044 2985 quorum

2145 624 2477 689 λωπίζονται
2502 664 2516 688 ,
2554 624 2649 676 καὶ
2693 622 2852 676 τοῦτο
2877 624 2973 691 τῆς
3011 622 3236 678 ἐκείνων
3276 624 3610 697 άὸελτερίας
3647 631 3735 684 καὶ

2144 716 2368 785 ἀλογίας
2413 715 2563 780 ἀξιον
2590 731 2603 745 ·
2653 714 2883 769 πλεῖστα
2921 714 3031 785 γάρ
3082 717 3176 770 καὶ
3225 713 3602 787 ἱστοροῦντιιιν
3647 721 3735 776 καὶ

2144 807 2414 875 λεγόντων
2444 806 2591 859 ἔστιν
2617 805 2837 859 ἀκούειν
2858 821 2870 833 ·
2901 807 3009 858 eiul.
3041 806 3150 877 γὰρ
3174 808 3269 862 καὶ
3300 808 3405 861 νῦν
3442 807 3524 863 ἔτι
3547 808 3624 880 τῷ
3644 809 3735 883 βίῳ

2147 900 2621 970 περιλειπόμενοι,
2661 900 2756 953 καὶ
2803 893 2894 953 οἷα
2930 902 3173 971 κήρυκες
3200 900 3418 955 τούτων
3452 902 3735 976 διατηρού-

2151 1004 2327 1062 μενοι.
2358 990 2437 1043 Δι’
2466 983 2541 1042 ὧν
2574 989 2763 1058 μαθεῖν
2792 992 2904 1053 τοῖς
2935 989 3280 1061 βουλομένοις
3315 993 3615 1063 πάρεστιν,
3644 996 3737 1050 ὅσα

2145 1082 2240 1137 καὶ
2282 1075 2368 1134 οἶα
2407 1080 2475 1133 τὰ
2518 1080 2583 1131 ὲκ
2616 1079 2714 1149 τῆς
2756 1079 2907 1143 θείας
2948 1082 3116 1151 ὀργῆς
3158 1082 3405 1137 ἐπέλαϐε
3440 1087 3734 1155 τηνικαῦτα

2144 1171 2295 1226 δεινά
2320 1186 2332 1199 ·
2367 1168 2428 1235 ἐξ
2466 1165 2529 1223 οὗ
2566 1171 2636 1223 τά
2663 1173 2760 1241 τῆς
2791 1170 2914 1224 καθ’
2953 1174 3100 1242 ἡμᾶς
3130 1174 3378 1238 πίστεως
3414 1175 3735 1248 καθυϐρίξεο

2148 1263 2272 1317 σθαι
2316 1259 2521 1332 ἦρκται
2545 1300 2561 1324 ,
2615 1261 2848 1314 καὶτῶν
2885 1262 3224 1333 Ἐκκλησιῶν
3263 1265 3668 1336 ἐκπορθεῖσθαι
3706 1270 3734 1340 ἠ

2147 1353 2463 1417 εὐστάθεια,
2501 1348 2613 1406 οἷαι
2649 1352 2900 1422 θεήλατοι
2940 1354 3173 1425 πληγαὶ,
3207 1357 3306 1410 καὶ
3350 1357 3623 1424 παιδεῖαι,
3650 1361 3735 1412 καὶ

2147 1445 2294 1514 πάθη
2330 1444 2609 1515 βαρύτατα
2639 1444 2734 1497 καὶ
2782 1444 3000 1515 μήνιδες
3025 1460 3037 1474 ·
3072 1439 3147 1500 ὧν
3177 1445 3256 1517 τῷ
3302 1446 3509 1518 πλήθει
3544 1451 3636 1503 καὶ
3666 1450 3734 1522 τῷ

2150 1538 2370 1608 μεγέθει
2426 1536 2534 1587 τῶν
2598 1536 2895 1605 συμφορῶν
2946 1537 3586 1611 ὑπερεκπληττόμενοι,
3636 1542 3734 1595 τῶν

2146 1629 2265 1682 τότε
2297 1628 2581 1698 παρόντων
2612 1628 2786 1693 τινὲς,
2821 1629 3096 1700 εὐκαίρως
3131 1632 3226 1685 καὶ
3257 1635 3343 1696 εἰς
3374 1632 3499 1686 δέον
3533 1634 3733 1706 χρώμε-

2147 1734 2264 1783 νοι,
2317 1717 2529 1789 ἱστορίᾳ
2590 1718 2926 1789 παραδοῦναι
2976 1720 3123 1786 ἀξιον
3180 1722 3498 1794 ᾠήθησαν,
3537 1728 3629 1780 καὶ
3673 1729 3732 1782 τά

2147 1809 2264 1880 εἴδη
2299 1809 2408 1863 τῶν
2449 1808 2638 1863 κακῶν
2682 1812 2763 1874 είς
2788 1815 2983 1882 πεῖραν
3012 1814 3259 1885 ἀγόμενα
3289 1816 3529 1871 τοιαῦτα
3549 1834 3563 1847 '
3595 1822 3622 1873 ό
3647 1820 3733 1890 μὲν

2148 1902 2400 1973 λοιμικὸς
2449 1902 2678 1967 θάνατος
2707 1903 2767 1968 ὃς
2810 1908 2923 1970 τοῖς
2972 1906 3288 1977 ἀνθρώποις
3331 1911 3729 1983 ἐπεπορεύετο,

2145 1992 2255 2045 οὐδ’
2286 1992 2353 2047 ἄν
2398 2010 2482 2056 τις
2527 1991 3000 2065 ἐξαριθμήσαιτο,
3034 1999 3116 2062 είς
3155 2000 3285 2055 ὅσον
3322 2000 3538 2071 πλῆθος
3568 2002 3731 2057 αὐτῶν

2146 2084 2520 2156 ἐπενείματο,
2580 2086 2642 2152 ἐξ
2694 2081 2755 2141 οὗ
2806 2088 2871 2160 δὴ
2926 2091 3023 2144 καὶ
3082 2090 3306 2163 διαδρὰς
3351 2095 3383 2148 ό
3430 2095 3539 2165 τῆς
3577 2096 3730 2166 ὀργῆς

2146 2175 2344 2241 αἴτιος,
2370 2175 2475 2247 τῆς
2508 2175 2868 2249 βασιλεούσης
2910 2181 3195 2253 πόρρωθεν
3224 2183 3301 2247 ὡς
3331 2184 3406 2238 τά
3432 2184 3605 2239 πολλά
3636 2186 3729 2240 δέει

2144 2266 2255 2319 τῶν
2279 2267 2692 2338 συμϐαινόντων
2726 2271 2984 2341 ηὐλίζετο
3010 2288 3023 2302 °
3054 2273 3183 2345 περί
3208 2292 3270 2328 τε
3295 2276 3415 2346 γὰρ
3448 2279 3549 2347 τὴν
3577 2277 3726 2331 Νικο-

2148 2356 2361 2428 μηδέων
2392 2359 2485 2413 καὶ
2517 2358 2584 2413 τὰ
2616 2360 2675 2414 ἐν
2709 2361 2894 2433 ἐκείνῃ
2943 2365 3249 2435 προάστεια
3269 2407 3284 2431 ,
3315 2368 3422 2431 τὰς
3460 2367 3728 2439 διατριδάς

2146 2448 2385 2502 ἐποιεῖτο
2404 2490 2420 2514 ,
2461 2451 2556 2503 καὶ
2589 2450 2796 2507 τούτων
2828 2454 3090 2509 ἐπέκεινα
3114 2456 3301 2527 πολλῷ
3330 2472 3344 2485 ·
3388 2458 3492 2529 τὴν
3517 2459 3573 2513 δὲ
3602 2459 3724 2527 πλη-

2147 2537 2244 2592 θὺν
2263 2538 2362 2611 τὴν
2400 2540 2668 2612 ἀπείρονα
2695 2542 2802 2595 τῶν
2832 2543 3235 2616 ἐξοδευομένων
3264 2549 3574 2619 γράμμασι
3594 2548 3726 2620 χρώ-

2146 2648 2341 2702 μενοι,
2370 2633 2420 2685 οἱ
2452 2634 2522 2687 τά
2546 2636 2691 2689 κατά
2725 2634 2822 2708 τὴν
2858 2636 3015 2691 πόλιν
3039 2639 3525 2713 ἐπιτετραμμένοι
3560 2644 3720 2712 πράγ-

2148 2718 2317 2794 ματα,
2345 2725 2508 2781 αὑτὸν
2535 2728 2884 2784 ἀνεδίδασκον
2906 2771 2921 2796 ,
2970 2730 3228 2803 χιλιάδων
3267 2734 3349 2797 ὡς
3377 2734 3648 2789 πλείστων
3672 2734 3724 2786 τὸ

2145 2815 2232 2884 ἐφ’
2261 2816 2447 2888 ἡμέρᾳ
2467 2817 2917 2890 ἀριθμουμένων,
2940 2820 3016 2885 ὡς
3038 2821 3284 2886 καὶτοὺς
3315 2823 3528 2891 τάφους
3551 2837 3717 2875 orm-

2146 2909 2444 2979 χωρείσθαι
2477 2912 2592 2975 τοῖς
2613 2911 2833 2983 σώμασι
2862 2929 2876 2944 ·
2905 2914 3003 2967 καὶ
3029 2913 3098 2967 τά
3120 2913 3230 2968 τῶν
3255 2914 3474 2969 ὑδάτων
3491 2915 3723 2983 ἐκδοχεῖα

464 3024 592 3076 pars
622 3022 690 3062 ne
739 3006 991 3075 sepulcro
1043 3004 1265 3073 quidem
1313 3003 1690 3070 tradebantur,
1740 3007 1835 3060 sed
1886 3013 2047 3074 prout

2149 2999 2477 3074 ὑπερπλήρη
2508 3004 2776 3073 γίνεσθαι,
2807 3005 2901 3059 καὶ
2928 3005 2981 3059 εί
3000 3023 3057 3059 τι
3087 3005 3221 3060 ἄλλο
3243 3007 3454 3079 χωρίον
3494 3008 3626 3078 πρὸς
3648 3022 3721 3059 νε-

464 3118 522 3154 se
576 3116 661 3153 res
705 3098 865 3151 dabat
918 3094 1338 3162 abjiciebautur,
1386 3093 1660 3165 justisque
1694 3092 2045 3148 funebribus

2147 3094 2284 3166 κροῢ
2333 3094 2588 3165 σώματος
2630 3097 2904 3168 ὑποδοχὴν
2945 3098 3403 3170 παρετύγχανεν’
3441 3092 3518 3154 ῶν
3565 3099 3720 3159 ἐνίους

466 3191 920 3247 destitttelmtttur.
965 3185 1080 3240 Non
1127 3186 1273 3241 enim
1306 3186 1493 3241 videre
1524 3193 1645 3240 erat
1693 3199 1861 3239 unum
1896 3200 2044 3239 mor-

2153 3188 2291 3259 μηδὲ
2349 3189 2509 3260 τάφῳ
2551 3190 2980 3262 παραδίδοσθαι,
3020 3192 3135 3246 ἀλλ’
3165 3193 3242 3258 ὡς
3288 3193 3358 3248 ἂν
3385 3193 3538 3264 τύχοι
3571 3192 3721 3261 ἀπορ-

466 3297 616 3338 tnum
662 3282 713 3335 in
749 3266 1029 3347 sa‘ndapila
1065 3278 1375 3342 deductum,-
1429 3277 1525 3333 sed
1584 3285 1696 3331 tres
1739 3276 1825 3330 vel
1876 3277 2043 3331 etiam

2151 3281 2507 3352 ῥιπτεῖσθαι,
2557 3284 2650 3336 καὶ
2687 3283 2786 3355 τὴν
2833 3286 2922 3339 ἐπ’
2951 3286 3153 3350 αὐτοὺς
3191 3288 3351 3341 ὁσίαν
3398 3284 3717 3340 ἐπιλείπειν·

463 3378 726 3446 quinque,
755 3382 807 3426 et
829 3380 1095 3440 quotquot
1121 3385 1151 3422 a
1176 3368 1377 3439 bajulis
1400 3368 1530 3423 ferri
1559 3377 1808 3438 poterant
1835 3382 1853 3421 :
1885 3369 2047 3437 quod-

466 3484 570 3537 que
599 3468 835 3519 maxime
864 3463 1200 3531 insperatum
1245 3470 1365 3516 erat
1396 3470 1450 3515 et
1495 3469 1703 3515 terrore
1733 3459 1970 3530 plenum,
2010 3457 2046 3513 ii

467 3560 558 3628 qui
591 3563 929 3610 mortuorum
978 3551 1310 3622 sepulturam
1346 3552 1634 3614 curabant,
1668 3550 2050 3620 praecedebant

472 3651 590 3702 illos
643 3647 712 3702 ad
765 3645 1066 3706 tunmlutn,
1110 3653 1333 3713 repente
1383 3645 1493 3698 vita
1534 3645 1732 3712 erepti,
1780 3651 1835 3698 et
1888 3641 2048 3713 quasi

471 3744 701 3797 invicem
731 3738 1011 3797 moriendo
1045 3724 1456 3807 praevenientes.
1480 3737 1639 3792 Adde
1666 3737 1750 3793 his
1784 3746 2045 3802 terrores,

469 3844 526 3889 et
560 3830 830 3886 horrenda
858 3827 1173 3899 prodigiosa
1212 3827 1621 3897 phantasmata,
1663 3827 1920 3881 immanis
1952 3841 2049 3880 au-

471 3924 674 3978 ditibus
710 3921 1089 3987 mentibusque
1135 3933 1274 3972 nova
1310 3931 1363 3972 et
1395 3918 1688 3987 incognita,
1736 3932 1857 3987 qnze
1884 3926 2046 3973 noctu

471 4016 675 4078 diuque
710 4011 1026 4064 visebantur
1047 4020 1214 4077 atque
1237 4008 1601 4063 audiebantur
1630 4008 1804 4076 palam
1828 4007 2046 4075 multis;

469 4116 521 4158 et
548 4102 873 4175 ,plmtttasias
906 4110 1068 4168 atque
1100 4114 1330 4154 sonores
1364 4114 1528 4168 supra
1566 4100 1744 4169 capita
1778 4114 2050 4169 apparen-

473 4206 553 4249 με
593 4203 643 4247 et
699 4191 926 4247 exitium
984 4190 1433 4253 iuterminanles;
1492 4191 1711 4242 nomina
1759 4195 1921 4243 etiam
1951 4190 2052 4246 ali-

470 4286 685 4352 quando
723 4293 774 4336 ut
804 4297 1064 4336 numerus
1094 4297 1217 4334 mox
1251 4282 1640 4334 moriturorttm
1667 4281 2048 4337 audiebantur.

468 4379 533 4433 Et
567 4383 678 4432 haec
708 4376 925 4444 quidetn
952 4390 1111 4442 supra
1140 4384 1363 4426 terram.
1392 4371 1498 4426 Sed
1533 4372 1707 4426 adhuc
1737 4373 1820 4426 his
1840 4374 2049 4444 pejora,

467 4486 587 4540 qum
621 4476 779 4521 antea
836 4467 936 4520 sub
991 4476 1191 4517 terram
1237 4480 1399 4533 quam
1437 4464 1582 4518 circa
1623 4474 1819 4519 terram
1872 4466 2048 4522 fuere.

2148 3373 2209 3425 οὐ
2238 3372 2348 3445 γὰρ
2372 3368 2441 3445 ἦν
2475 3374 2673 3446 νεκρὸν
2698 3376 2794 3429 ἕνα
2828 3377 2956 3431 [δεῖν
2987 3380 3081 3433 ἐπὶ
3112 3381 3420 3450 σκίμποδος
3450 3382 3717 3449 ἀγόμενον,

2147 3466 2298 3534 τρεῖς
2322 3464 2380 3518 δὲ
2406 3464 2438 3534 ἢ
2477 3465 2639 3519 πέντε
2670 3467 2857 3537 τυχὸν,
2890 3469 2985 3523 καὶ
3007 3471 3169 3535 ὅσους
3203 3471 3271 3525 ἂν
3295 3474 3348 3526 oi
3372 3469 3714 3543 ἀχθοφοροῦν·

2147 3571 2243 3618 τες
2284 3555 2602 3626 ἐκκομίζειν
2642 3557 2947 3628 ἡδύναντοο
2979 3560 3012 3614 ὃ
3055 3561 3112 3615 δὲ
3160 3564 3607 3634 παραδοξότατον
3641 3560 3719 3614 καὶ

2151 3644 2333 3715 πάσης
2355 3646 2526 3717 γέμον
2552 3648 2891 3720 ἐκπλήξεως,
2915 3651 3028 3704 ἐσθ’
3049 3653 3138 3705 ὅτε
3162 3656 3211 3707 oi
3237 3655 3335 3708 ἐπὶ
3364 3659 3432 3726 τῇ
3460 3656 3602 3724 ταφῇ
3627 3652 3719 3704 τῶν

2150 3735 2603 3809 προτεθνηκότων
2664 3734 3067 3805 σπουδάζοντες
3119 3744 3265 3796 κατὰ
3318 3746 3449 3808 τοὺς
3498 3745 3717 3811 τάφους,

2149 3829 2397 3893 ἐκείνους
2423 3831 2773 3904 προέφθανον
2795 3850 2808 3864 ·
2838 3834 3013 3899 οὓτως
3042 3835 3240 3907 ἀθρόον
3266 3836 3715 3909 ἀναρπαζόμενοι,

2151 3920 2248 3974 καὶ¹
2270 3919 2460 3992 ὥσπερ
2490 3923 2739 3994 ἀλλήλοις
2767 3925 2845 3996 τῷ
2875 3925 3092 3997 Θανάτῳ
3117 3924 3684 4002 προσεπεμῦαίνοντες
3703 3940 3715 3955 ·

2151 4012 2249 4067 καὶ
2276 4012 2347 4066 τά
2383 4015 2441 4068 ἐν
2468 4014 2682 4081 τούτοις
2710 4016 2942 4088 δείματα
2960 4061 2976 4085 ,
3004 4019 3081 4083 ὡς
3109 4020 3330 4087 ἐξαίσιά
3359 4040 3420 4077 τε
3455 4025 3548 4076 καὶ
3573 4036 3717 4091 τερα-

2154 4102 2295 4175 τώδη
2337 4108 2744 4179 φαντάσματα,
2801 4112 2899 4163 καί⁸
2956 4112 3335 4184 ἀνθρωπείαις
3398 4115 3587 4177 ἀκοαῖς
3639 4110 3719 4164 καὶ

2150 4196 2417 4262 διανοίαις
2460 4198 2590 4267 ξένα
2634 4201 2733 4256 καὶ
2772 4202 3141 4272 ἀδιάγνωστα,
3178 4206 3215 4261 ἃ.
3248 4208 3349 4262 καὶ
3396 4204 3612 4276 νύκτωρ
3639 4202 3719 4257 καὶ

2156 4286 2277 4358 μεθ’
2324 4287 2539 4361 ἡμέραν
2579 4290 2793 4362 ἑωρᾶτό
2824 4309 2884 4344 τε
2924 4294 3017 4346 καὶ
3064 4294 3298 4363 ἠκούετο
3341 4297 3423 4358 είς
3463 4287 3718 4364 προῦπτον

2152 4380 2266 4443 τοῖς
2298 4379 2546 4444 πολλοῖςο
2592 4384 2910 4451 φαντασιῶν
2955 4401 3015 4437 τε
3055 4387 3150 4439 καὶ
3193 4387 3562 4459 ἀκουσμάτων
3594 4380 3717 4451 ὑπὲρ

2154 4471 2400 4542 κεφαλῆς
2444 4473 2891 4544 ἐπιφαινομένων
2942 4477 3040 4531 καὶ
3087 4479 3462 4533 ἀπειλούντων
3496 4477 3586 4531 τὸν
3617 4473 3718 4526 ὄλε-

469 4562 584 4613 λιιιι
620 4560 763 4613 enim
794 4558 909 4626 jam
962 4556 1166 4609 diutius
1217 4565 1568 4624 peceatorum
1619 4558 2047 4626 magnitudinem

2155 4563 2316 4635 θρον,
2359 4566 2455 4618 καὶ
2486 4568 2857 4637 προσηγορίαι
2896 4569 2961 4638 δή
2998 4587 3147 4633 τινες
3170 4612 3183 4634 ,
3222 4571 3317 4624 καὶ
3357 4569 3588 4644 ἀριθμὸς
3624 4564 3717 4617 τῶν

471 4654 629 4707 tellus
665 4652 892 4705 ferebat.
923 4647 1197 4715 Quantum
1224 4648 1327 4702 fuit
1358 4659 1518 4703 terra:
1562 4660 1827 4710 motuum,
1864 4651 2050 4705 tremi-

468 4751 616 4796 tnum
650 4738 811 4810 134
835 4749 888 4792 et
930 4739 1347 4815 concussionum
1384 4740 1683 4808 negotium,
1717 4739 2046 4794 horrendum

472 4849 699 4902 prorsus
733 4842 787 4885 et
828 4842 1066 4884 mentem
1103 4831 1517 4899 orationemque
1568 4832 1857 4893 humanam
1891 4850 2051 4889 exce-

469 4924 639 4978 dvus!
680 4920 1017 4976 Videbantur
1047 4922 1194 4974 enim
1232 4921 1440 4975 telluris
1483 4924 1632 4990 quati
1664 4922 2049 4990 fundamenta,

469 5030 644 5084 eaque
689 5012 1005 5067 cardinibus
1042 5027 1308 5066 cuneussa
1356 5016 1525 5066 everti
1573 5023 1630 5069 et
1661 5014 1911 5082 distrahi,
1951 5032 2051 5071 nec

463 5106 576 5174 jam
613 5104 797 5159 sedem
838 5118 989 5159 suam
1040 5117 1348 5171 nexumque
1379 5113 1587 5158 tenere.
1633 5104 1747 5171 Qua
1795 5122 1961 5176 super
1994 5123 2051 5162 re

473 5199 654 5253 verbis
688 5199 1027 5267 parcendum
1082 5211 1315 5262 censeo;
1352 5212 1585 5267 namque
1616 5200 1854 5269 ipsorum
1903 5215 2053 5254 sunt-

469 5303 786 5361 ptnosornm
814 5287 1192 5352 aadiliciorum,
1209 5297 1263 5343 et
1286 5290 1404 5343 villa
1418 5292 2052 5360 rtnn'ornatissitnarutn,

472 5383 600 5435 tuba
648 5380 847 5446 veluti,
901 5378 1139 5433 clamant
1195 5380 1396 5446 ruinm,
1436 5397 1557 5450 quae
1614 5383 1912 5438 incolarum
1954 5401 2054 5455 op-

473 5484 783 5540 pressorum
837 5470 994 5525 factae
1041 5481 1167 5524 sunt
1216 5473 1556 5539 sepulturae:
1593 5476 1876 5530 hteceoim
1924 5478 2053 5531 sub-

472 5579 628 5619 versa
680 5575 841 5619 terra:
881 5574 1026 5617 motu
1082 5562 1311 5619 aediﬁcia
1348 5563 1480 5619 fecit
1506 5567 1587 5621 eis
1630 5568 1877 5637 sepulcra
1918 5567 2051 5623 ultio

493 5805 505 5815 _
540 5718 654 5805 (75)
687 5737 900 5815 Beapse
927 5737 1290 5815 calamitates,
1329 5741 1762 5810 nomluatimque
1793 5745 2054 5812 pestilen-

470 5807 575 5863 tias
619 5809 722 5863 sub
767 5807 1112 5878 Copronymo
1165 5811 1492 5875 saevientes,
1547 5807 1746 5881 passim
1795 5807 2047 5874 historici

2154 4658 2280 4712 ὅσον
2330 4658 2484 4713 οὔπω
2541 4661 2954 4733 τεθνηξομένων
3007 4665 3337 4735 ἐξηκούετο·
3393 4666 3489 4720 καὶ
3528 4662 3593 4717 τά
3632 4658 3717 4731 μὲν

2156 4748 2300 4819 ὑπὲρ
2339 4748 2445 4819 γῆν
2478 4750 2703 4805 τοιαῦτα
2749 4755 2845 4808 καὶ
2891 4754 3099 4809 τούτων
3138 4756 3219 4811 ἔτι
3267 4757 3521 4829 χείρονα,
3563 4752 3626 4806 τά
3667 4745 3713 4798 δὲ

2157 4840 2288 4912 πρὶν
2324 4839 2428 4920 ὑπο
2458 4843 2563 4912 γῆν
2603 4844 2636 4914 ἢ
2679 4847 2809 4915 περὶ
2839 4849 2942 4917 γῆν
2966 4862 2981 4876 ·
3021 4850 3082 4901 οὐ
3134 4851 3245 4920 γὰρ
3281 4850 3363 4904 ἔτι
3392 4849 3500 4904 τῶν
3536 4841 3715 4909 ἀσεόη·

2159 4934 2346 5004 μάτων
2364 4914 2427 4988 τδ
2458 4936 2688 5006 μέγεθος
2721 4914 2815 5006 ἕιρε
2825 4914 2917 5009 ρίεν
2939 4942 3100 4994 ὁποῖα
3258 4944 3359 5013 μὲν
3381 4937 3612 5010 σεισμῶν
3636 4930 3712 4986 καὶ

2157 5024 2423 5097 βρασμῶν
2457 5028 2553 5081 καὶ
2589 5030 2986 5101 ἀνατιναγμῶν
3017 5033 3078 5086 τὸ
3113 5033 3301 5105 χρῆ-μα
3328 5076 3343 5101 ,
3395 5033 3470 5097 ὡς
3501 5026 3712 5094 ἐξαίσιον

2159 5115 2254 5168 καὶ
2283 5115 2410 5169 νοῦν
2442 5118 2538 5170 καί⁵
2574 5117 2731 5187 λόγον
2761 5120 3064 5192 ὑπεραῖρον
3096 5122 3440 5191 ἀνθρώπειον
3459 5139 3471 5152 ·
3504 5110 3712 5184 amat.

2156 5223 2279 5260 νετο
2315 5208 2426 5280 γὰρ
2458 5209 2630 5280 αὐτῆς
2661 5212 3117 5268 κατακλονείσθαι
3154 5218 3222 5269 τὰ
3258 5215 3504 5287 θεμέλια,
3541 5209 3627 5266 καὶ
3656 5207 3710 5257 ἐκ

2155 5299 2432 5370 πυθμένος
2475 5304 2887 5375 ἀνατετράφθαι
2921 5307 3383 5381 ἀναδραστόμενα
3416 5309 3506 5364 καὶ
3530 5298 3710 5358 διιστά-

2112 5408 2116 5419 ‘
2157 5408 2298 5462 μενα
2320 5431 2336 5457 ,
2372 5393 2470 5446 καὶ
2503 5392 2695 5468 ὥσπερ
2746 5398 3061 5469 ἀρνούμενα
3094 5401 3194 5472 τὴν
3229 5402 3456 5470 ἑαυτῶν,
3477 5398 3626 5468 ἕδραν
3660 5405 3708 5442 τε

2158 5484 2254 5536 καὶ
2286 5483 2574 5554 συνέχειαν
2595 5503 2608 5518 ο
2636 5479 2681 5554 ᾧ
2716 5488 2841 5542 οὐδὲ
2882 5489 3057 5558 λόγων
3082 5486 3239 5562 οἶμαι
3274 5492 3486 5562 δεήσειν
3508 5501 3520 5515 ο
3551 5477 3706 5536 αὐτῶν

2158 5576 2268 5648 γάρ
2313 5578 2421 5631 τῶν
2455 5578 2766 5635 πολυτελῶν
2814 5583 3134 5653 οἰκημάτων
3160 5624 3173 5647 ,
3218 5584 3314 5638 καὶ
3357 5582 3459 5637 τῶν
3488 5576 3706 5646 κτήσεων

2161 5749 2449 5822 Byzantini
2487 5764 2597 5808 tum
2622 5726 2770 5810 editi.
2787 5767 2896 5811 tum
2935 5758 3121 5813 iuediti
3155 5768 3374 5813 narrant
3430 5754 3486 5809 Et
3514 5747 3701 5821 quidem

2162 5832 2347 5878 uester
2381 5828 2494 5891 ipse
2523 5826 2861 5897 Nicephorus
2895 5830 2945 5884 in
2987 5829 3265 5886 Brevtarto
3313 5832 3559 5886 historico
