4004 6424
319 371 429 440 497

1034 381 1664 444 ANTIRRHETICUS
1703 382 1798 444 III
1833 384 2002 446 ADV.
2043 380 2638 446 CONSTANTINUM
2675 337 2888 444 corn.

3493 375 3610 442 493

317 490 436 544 τῶν
477 489 1015 562 κεκαλλωπισμένων
1045 495 1298 560 σαλπίζει
1333 497 1477 568 μέγα
1517 496 1585 552 τὰ
1616 495 1906 566 πτώματα,

2026 498 2217 553 livina.
2247 497 2428 568 Atque
2473 499 2586 552 haec
2618 494 2974 566 potissimum
3007 493 3293 552 calamitas
3345 495 3598 552 incubuit

317 580 357 636 ἃ
389 580 500 634 τῶν
531 579 848 636 ὑποδύντων
878 586 974 638 καὶ
1003 589 1392 657 πεπιεσμένων
1433 589 1654 656 ἐγένετο
1682 587 1916 642 πολυάν-

318 672 448 742 δρια
469 690 484 705 ·
517 673 724 743 τάφους
752 674 864 745 γὰρ
888 677 1069 731 αὐτῶν
1099 681 1132 749 ἡ
1173 679 1456 751 θεόκριτος
1483 679 1608 750 δίκη
1643 681 1915 734 ἐπικατα-

2022 590 2171 646 circa
2202 589 2369 644 colles
2397 597 2453 644 et
2479 589 2784 643 eminentes
2812 587 2991 652 locos,
3028 603 3149 658 quae
3189 603 3334 644 nunc
3377 587 3598 660 quoque

2025 679 2168 732 circa
2210 677 2414 749 regiam
2453 677 2639 732 urbem
2669 678 2860 732 rudera
2887 676 3093 744 jaceat.

321 766 611 820 σεισθέντα
645 767 716 822 τὰ
757 767 1053 840 δομήματα
1087 774 1406 844 ἐσχεδίασε·
1436 775 1534 828 καὶ
1565 773 1728 828 τοῦτο
1801 773 1935 828 πολὺ
1979 772 2217 842 μάλιστα
2256 771 2320 826 τὸ
2358 772 2530 837 πάθος
2571 771 2889 842 κατέσκηψε
2971 773 3118 826 κατά
3157 773 3254 836 τὰς
3285 771 3477 842 λοφιάς
3507 773 3603 825 καὶ

321 859 398 912 τὰ
425 857 798 928 ὑπερκείμενα
821 861 1022 932 χωρία,
1055 861 1092 914 ἃ
1113 862 1177 932 δὴ
1206 863 1350 916 κατά
1375 865 1437 916 τδ
1470 863 1742 935 βασίλειον
1770 863 1904 918 ἄστυ
1947 863 2110 934 μέχρι
2140 864 2380 934 σήμερον
2406 862 2626 934 ἐρείπια
2657 863 2973 933 βέϐληνται.

405 949 506 1015 ξςκ
545 952 619 1004 Ού
661 951 778 1022 μὴν.
795 952 916 1006 οὐδὲ
951 953 1021 1008 τὰ
1051 955 1110 1020 ἐξ
1143 957 1304 1027 ἀέρος
1346 958 1579 1027 δείματα
1609 959 1910 1029 ὲπηρεμεῖν

285 1110 294 1116 _
327 1042 360 1112 ἢ
395 1043 760 1113 ὲφησυχάζειν
807 1045 1172 1118 ὑϐριζομένου
1215 1048 1311 1103 τοῦ
1345 1050 1582 1106 Κτίστου
1625 1051 1909 1122 ἠνείχετοο

323 1132 504 1185 ἐδόκει
545 1131 656 1203 γὰρ
684 1137 800 1198 τοῖς
848 1135 911 1188 τὸ
947 1138 1204 1206 τηνικάδε
1253 1137 1586 1210 ἀνθρώποις,
1624 1141 1752 1203 τοὺς
1787 1139 1910 1193 κατ’

320 1223 556 1291 οὐρανὸν
598 1225 837 1297 ἀστέρας
887 1227 982 1280 ἐπὶ
1026 1229 1131 1299 γῆς
1175 1230 1435 1302 speratam
1479 1231 1726 1294 ἅπαντας
1773 1233 1911 1300 ραγ-

321 1313 524 1380 δαίως,
577 1315 719 1370 οῦτω
750 1319 845 1372 καὶ
892 1321 1263 1390 συνεχέστατα
1309 1321 1404 1376 τοῦ
1439 1323 1626 1396 ἀερίου
1670 1322 1912 1387 πάθους,

321 1406 432 1460 άνά
468 1407 568 1477 τῆς
599 1409 931 1480 οἰκουμένης
961 1407 1118 1481 οἶμαι
1165 1413 1234 1466 τά
1278 1413 1493 1485 πέρατα
1527 1413 1725 1485 ἀθρόον
1757 1414 1914 1466 ἐκκε-

323 1499 562 1569 χυμένον
590 1517 604 1532 ·
628 1501 766 1570 ὁμοῦ
795 1501 906 1574 γὰρ
943 1504 1037 1557 καί
1065 1504 1209 1558 κατὰ
1229 1506 1426 1560 ταυτὸν
1450 1506 1504 1560 οἵ
1530 1523 1588 1558 τε
1609 1506 1709 1576 τὴν
1740 1505 1918 1576 Ἐᾡαν

321 1591 380 1644 οἵ
408 1607 468 1644 τε
493 1590 594 1663 τὴν
629 1591 926 1666 Ἑσπερίαν
959 1595 1301 1668 διειληφότες
1335 1599 1578 1661 ἅπαντες
1605 1596 1790 1667 λῆξιν,
1823 1598 1920 1652 καὶ

319 1680 505 1737 ταῦτα
539 1682 811 1754 χειμῶνος
842 1685 962 1758 ῶρᾳ
983 1689 1078 1742 καὶ
1101 1690 1297 1754 νυκτὸς
1323 1689 1718 1761 ἐπιγενομένης
1743 1688 1922 1760 ἑωράο

2087 956 2174 1011 66.
2213 955 2318 1010 Sed
2366 971 2541 1026 neque
2574 957 2716 1012 acris
2747 965 3019 1020 terrores,
3053 955 3322 1010 Creatore
3353 955 3562 1012 oﬂ‘enso
3584 996 3602 1022 ,

2017 1049 2304 1118 quiescere
2334 1062 2398 1102 ac
2419 1049 2582 1102 silere
2609 1056 2880 1118 poterant.
2918 1045 3260 1102 Videbantur
3290 1046 3436 1100 enim
3468 1056 3598 1102 tunc

2019 1139 2331 1196 hominibus
2373 1138 2440 1194 de
2493 1139 2634 1194 cmlo
2675 1139 2857 1194 sidera
2899 1139 2952 1192 in
2987 1149 3188 1194 terram
3229 1153 3352 1192 cum
3395 1138 3601 1208 impetu

2019 1231 2200 1288 omnia
2233 1247 2424 1299 ruere,
2483 1231 2554 1285 ita
2598 1231 2948 1285 continenter
2979 1245 3137 1284 aerea
3191 1229 3604 1300 perturbatione

2023 1339 2120 1394 per
2151 1323 2389 1378 universi
2437 1323 2587 1378 orbis
2622 1321 2888 1377 terminos
2933 1325 3116 1378 subito
3168 1322 3364 1376 dill‘usa
3397 1341 3412 1379 :
3444 1323 3604 1378 simul

2022 1413 2169 1467 enim
2232 1415 2533 1484 eodemque
2581 1423 2824 1483 tempore
2882 1423 2993 1466 tum
3049 1413 3432 1474 Orientalium,
3490 1424 3603 1468 tum

2026 1506 2444 1576 Hespericarum
2478 1505 2756 1576 regionum
2791 1505 3000 1572 incolae,
3035 1515 3092 1560 et
3124 1505 3389 1560 hieme‘et
3415 1514 3602 1571 noctu,

2025 1598 2141 1653 bare
2171 1597 2292 1652 ﬁeri
2336 1597 2616 1652 videbant.
2661 1595 2772 1651 Nec
2826 1611 2956 1651 vero
2989 1595 3306 1666 quisquam,
3353 1604 3516 1666 prout
3549 1597 3604 1651 bi

2023 1690 2270 1762 praeclari
2301 1689 2542 1754 faciunt,
2575 1690 2819 1745 cmlestia
2853 1691 2996 1756 haec,
3017 1690 3307 1745 nebulosus
3338 1689 3606 1760 quosdam
3708 1726 3718 1737 .

323 1789 497 1828 κεσαν
517 1792 532 1807 ο
567 1777 663 1829 καὶ
701 1779 774 1849 μή
807 1796 890 1842 τις
932 1782 1066 1852 ἡμῖν
1106 1781 1345 1836 ἐνταῦθα
1374 1782 1519 1836 κατὰ
1547 1783 1675 1846 τοὺς
1707 1781 1916 1847 δεινοὺς

2026 1785 2334 1854 densosque
2358 1797 2590 1853 vapores
2620 1782 2790 1839 fuisse
2817 1783 3058 1852 obiiciat,
3087 1783 3284 1852 quibus
3317 1783 3464 1838 circa
3497 1789 3608 1836 ter-

320 1863 398 1916 τά
425 1865 703 1938 μετέωρα,
739 1869 1050 1936 καπνώδεις
1073 1871 1224 1936 τινὰς
1255 1873 1654 1944 ἀναθυμιάσεις
1671 1875 1777 1938 καὶ
1808 1891 1916 1926 πα-

322 1954 486 2024 χείας
521 1957 970 2030 ἀντιπαρατιθεὶς
1023 1963 1378 2034 προϐαλέσθω
1401 2003 1418 2030 ,
1470 1964 1562 2034 ὑφ’
1598 1957 1673 2020 ὧν
1699 1967 1727 2018 ὁ
1754 1965 1916 2037 περί-

325 2063 484 2116 γειος
527 2049 1024 2124 ὑποπιμπλάμενος
1076 2052 1216 2124 ἀὴρ,
1247 2049 1367 2109 εἶτα
1394 2055 1537 2110 κατά
1566 2057 1666 2125 τὴν
1705 2054 1918 2110 οἰκείαν

330 2141 512 2212 φοράν
539 2142 703 2212 ὑψόσε
722 2145 1086 2216 διαιρόμενος,
1113 2148 1209 2200 καὶ
1230 2149 1311 2211 εἰς
1348 2147 1442 2201 τδν
1470 2146 1713 2220 αἰθέριον
1745 2147 1918 2219 ὑπερ-

333 2235 662 2304 εκχεόμενος
704 2236 888 2309 χῶρον
913 2281 928 2306 ,
988 2237 1098 2292 ὑπό
1139 2255 1200 2292 τε
1234 2239 1336 2311 τῆς
1379 2238 1698 2302 ἐκκαύσεως
1749 2256 1922 2311 μετα-

330 2325 568 2394 ϐάλλων,
597 2329 723 2390 τοὺς
771 2328 1103 2401 λεγομένους
1144 2331 1385 2404 ἀστέρας
1428 2331 1782 2404 διᾴττοντας,
1818 2329 1920 2394 τάς

323 2434 390 2472 τε
422 2419 645 2488 φλόγας,
679 2421 930 2484 καὶτοὺς
961 2423 1156 2488 δαλοὺς
1197 2425 1573 2496 καλουμένους
1607 2419 1945 2494 συνίστησιί

320 2507 580 2576 κομήτας
625 2527 684 2562 τε
723 2505 791 2564 αὖ
817 2549 834 2572 ,
873 2511 970 2564 καὶ
1017 2511 1346 2580 πωγωνίας,
1394 2513 1492 2566 καί⁹
1538 2513 1640 2567 ὅσα
1691 2512 1921 2568 τοιαῦτα

2024 1891 2142 1932 ram
2167 1891 2260 1930 aer
2283 1873 2536 1939 refertus,
2563 1875 2758 1929 deinde
2784 1889 2884 1930 suo
2910 1875 3128 1944 proprio
3154 1888 3319 1929 cursu
3353 1874 3406 1928 in
3433 1873 3604 1927 altum

2024 1967 2226 2036 elatus,
2273 1975 2330 2023 et
2381 1966 2438 2022 in
2495 1966 2717 2021 aetheris
2757 1966 3051 2036 permistus
3112 1967 3366 2036 regione,
3422 1965 3610 2021 calore

2024 2071 2306 2129 concepto,
2357 2057 2432 2112 ita
2467 2057 2612 2112 dicta
2641 2067 2788 2110 astra
2831 2056 3194 2111 discurrentia
3241 2055 3508 2120 effecerit,
3549 2063 3606 2108 et

2025 2149 2236 2204 faculas
2284 2157 2336 2202 et
2364 2146 2584 2201 titiones
2628 2145 2960 2215 appellatos,
3004 2154 3248 2200 cometas
3281 2157 3518 2212 quoque,
3551 2149 3608 2196 et

2027 2241 2285 2297 barbatos
2353 2237 2626 2308 globulos,
2659 2246 2712 2291 et
2761 2251 3098 2306 quaecunque
3148 2234 3250 2290 alia
3301 2233 3607 2304 huiusmodi

2027 2331 2206 2388 solent
2269 2330 2623 2398 phmnomena
2684 2339 2982 2394 apparere;
3057 2324 3154 2379 sed
3224 2325 3394 2393 probe
3469 2321 3613 2377 sciat

2028 2437 2228 2477 novum
2263 2435 2452 2496 revera
2504 2417 2708 2485 aliquid
2745 2417 2960 2472 tunc'iu
2990 2414 3274 2470 elementis
3305 2413 3610 2472 exstitisse.

2027 2515 2240 2570 Etenim
2277 2511 2496 2568 modulo
2540 2510 2704 2566 solito
2749 2519 2914 2580 atque
2965 2508 3160 2564 ordine
3215 2515 3612 2572 excesserunt,

321 2593 653 2667 ὑποφαίνειν
684 2598 898 2669 πέφυκε
935 2601 1195 2673 σχήματα
1215 2618 1228 2634 ·
1257 2601 1374 2656 ἀλλ’
1412 2597 1471 2656 εὖ
1507 2602 1644 2656 ἵστω
1675 2602 1753 2668 ὡς
1794 2620 1921 2657 και-

318 2687 554 2758 νοτομία
581 2689 704 2743 τότε
737 2708 804 2744 πε
815 2692 868 2763 pl.
903 2693 973 2746 τὰ
1008 2695 1252 2764 στοιχεῖα
1277 2694 1604 2765 γεγένηται·
1629 2696 1699 2750 τά
1723 2712 1786 2749 τε
1810 2696 1916 2766 γὰρ

2027 2693 2433 2766 quodammodo
2459 2699 2654 2746 natura
2685 2690 3021 2754 imitabatur,
3051 2698 3112 2744 ut
3140 2705 3209 2744 ne
3246 2698 3356 2742 tum
3385 2687 3609 2756 quidem

323 2779 511 2850 μέτρα
540 2781 638 2834 κιιιί⁷
663 2781 761 2854 τὴν
782 2783 1000 2838 ἑαυτῶν
1022 2785 1180 2853 τάξιν
1211 2785 1510 2856 ἐκϐέϐηκε,
1535 2787 1595 2842 τὸ
1628 2787 1757 2860 περὶ
1783 2787 1916 2842 αύτά

2028 2785 2140 2856 pati
2173 2785 2490 2847 omitteret,
2537 2797 2659 2852 quae
2704 2781 2924 2837 Christo
2963 2781 3260 2837 salutarem
3293 2779 3612 2852 passionem

319 2871 506 2936 πάθος
541 2873 968 2946 ἐνδεικνύμενα,
1000 2875 1098 2930 καί
1129 2893 1249 2940 πως
1291 2877 1496 2948 ἑαυτὴν
1529 2879 1563 2948 ἡ
1605 2877 1786 2942 κτίσις
1828 2897 1916 2951 μι-

2032 2877 2084 2932 in
2113 2890 2276 2932 cruce
2322 2873 2582 2940 abeunte,
2618 2872 2866 2928 Creatori
2895 2888 2994 2928 suo
3025 2888 3090 2928 ac
3122 2871 3350 2928 Domino
3378 2869 3618 2940 patienti.

325 2965 516 3033 μεῖται
542 3009 557 3031 ,
591 2965 670 3031 ῶς
721 2965 790 3021 ἂν
831 2967 968 3038 μηδὲ
1019 2967 1259 3024 ἐνταῦθα
1301 2967 1400 3022 τοῦ
1457 2970 1658 3023 παθεῖν
1705 2971 1916 3024 ἀπολεί-

2031 2981 2315 3034 compassa
2349 2963 2560 3030 fuerat;
2605 2977 2716 3033 quo
2759 2971 3006 3034 tempore
3038 2962 3328 3017 luminaria
3363 2959 3609 3017 coelestia

323 3071 510 3122 ποιτο,
545 3057 580 3128 ἢ
611 3058 708 3112 καὶ
735 3057 880 3112 κατά
904 3057 969 3113 τὸ
998 3059 1171 3124 πάθος
1201 3043 1446 3132 Χριστοῦ
1475 3059 1535 3113 τὸ
1561 3060 1651 3114 διὰ
1679 3059 1916 3132 σταυροῦ

2031 3054 2266 3110 invicem
2316 3061 2754 3120 concurrerunt,
2796 3053 3143 3122 tenebraeque
3173 3052 3405 3108 insolitae
3431 3061 3485 3104 et
3527 3049 3614 3104 in~

281 3187 291 3196 .
320 3145 393 3200 τὸ
420 3149 692 3219 σωτήριον
711 3190 728 3217 ,
762 3149 841 3220 τῷ
861 3151 1071 3222 κτίστῃ
1093 3151 1189 3204 καὶ
1213 3151 1460 3223 Δεσπότῃ
1489 3151 1798 3224 συνέπασχε
1820 3153 1916 3208 πά·

2033 3145 2402 3214 tempestivae,
2448 3145 2626 3200 diurni
2667 3143 2895 3199 luminis
2926 3144 3124 3204 seriem
3171 3145 3620 3213 interruperunt,

311 3251 518 3306 pxovtt
546 3278 561 3302 ,
595 3239 759 3310 ἡνίκα
790 3239 1084 3310 φωστῆρες
1118 3240 1438 3311 παραδόξοις
1503 3241 1760 3314 ἀλλήλοις
1793 3259 1916 3296 συν-

2027 3246 2085 3296 et
2135 3247 2321 3308 petrae,
2349 3236 2536 3292 scissae
2581 3244 2742 3302 sunt,
2793 3245 2850 3290 et
2883 3233 3152 3304 patefacta
3209 3233 3496 3304 sepulcra,
3554 3241 3614 3286 et

321 3328 578 3400 ἔτρεχον,
601 3330 699 3386 καὶ
731 3331 923 3396 σκότος
951 3328 1101 3397 ξένον
1132 3333 1227 3386 καὶ
1250 3331 1454 3403 άωρον,
1487 3331 1550 3385 τὸ
1577 3333 1802 3403 συνεχὲς
1827 3330 1916 3386 τοῦ

2032 3329 2232 3386 mortui
2265 3329 2622 3396 revixerunt,
2653 3337 2707 3382 et
2739 3339 3008 3398 qumquot
3039 3327 3144 3382 alia
3198 3336 3328 3382 tunc
3365 3324 3612 3396 contige-

326 3421 515 3490 φωτὸς
547 3423 648 3494 τῆς
683 3423 905 3494 ἡμέρας
941 3423 1236 3489 διέκοπτε,
1286 3423 1382 3478 καὶ
1415 3423 1615 3494 πέτραι
1658 3422 1916 3495 διερρήγ-

2031 3429 2182 3490 ιύιιι,
2209 3429 2409 3476 statum
2437 3435 2594 3474 suum
2626 3430 2876 3474 creatura
2911 3426 3169 3474 ﬂOVaﬂlC.

321 3529 510 3578 νυντο,
538 3513 635 3566 καὶ
670 3512 834 3580 τάφοι
857 3511 1160 3589 ἠνοίγοντο,
1191 3516 1286 3568 καὶ
1319 3511 1508 3586 νεκροί
1535 3509 1909 3580 ἐξανίσταντο,
1950 3511 2048 3570 καὶ
2083 3511 2257 3566 τᾶλλα
2321 3512 2426 3567 ὅσα
2465 3509 2750 3565 συνέϐαινε
2785 3509 3301 3582 καινοτομουμένης,
3354 3507 3618 3580 τῆς-κτί-

324 3620 490 3666 σεως.
1831 3601 1846 3618 ⁸

398 3693 642 3749 Τοιαῦτα
689 3695 942 3768 ἔγνωμεν
991 3698 1088 3752 καὶ
1141 3699 1311 3754 πάλαι
1362 3701 1505 3756 κατά
1547 3701 1659 3756 τῶν
1704 3700 1916 3756 ἀσεϐῶν

2101 3697 2227 3753 Haec
2256 3697 2462 3754 scimus
2485 3695 2616 3752 olim
2649 3711 2868 3768 quoque
2899 3696 3078 3764 impiis
3109 3697 3272 3750 Deum
3301 3696 3612 3752 commina-

323 3786 708 3857 ἁπειλούμενα
753 3789 852 3842 καὶ
889 3787 1226 3861 τελούμενα,
1271 3792 1512 3863 ὁπηνίκα
1559 3793 1629 3847 τὰ
1680 3793 1916 3863 στοιχεῖα

2030 3798 2183 3854 tum,
2215 3797 2271 3842 et
2304 3801 2493 3856 reapse
2527 3787 2613 3842 bis
2647 3788 2883 3858 impacta
2937 3787 3126 3851 fuisse,
3159 3803 3282 3841 cum
3335 3785 3610 3844 elementa

325 3877 600 3950 ὑπερόρια
639 3879 872 3946 γίνοιτο,
933 3883 1048 3944 τοῖς
1097 3879 1266 3946 θείοις
1329 3883 1752 3954 ύπηρετούμενα
1799 3882 1916 3937 νεύ-

2027 3882 2164 3936 ﬁnes
2187 3895 2318 3938 suos
2341 3888 2720 3945 excesserunt,
2751 3879 2950 3934 divinis
2975 3878 3330 3947 obsequentia
3361 3881 3614 3936 nutibus.

326 3983 538 4038 μασινο
595 3968 892 4040 ἀπιστήσει
937 3969 984 4024 δ’
1031 3969 1231 4034 οὐδεὶς,
1273 3971 1306 4043 ἢ
1349 3972 1500 4036 ὅστις
1559 3974 1658 4042 τὴν
1695 3973 1916 4042 ἄγνοιαν

2029 3971 2310 4028 Discredet
2359 3981 2540 4026 autem
2597 3987 2777 4036 nemo,
2818 3971 2920 4026 nisi
2955 3971 3094 4024 forte
3143 3969 3240 4024 Dei
3271 3970 3622 4040 judicioruut-

319 4055 439 4110 τῶν
486 4055 582 4110 τοῦ
634 4057 770 4112 Θεοῦ
815 4059 1107 4130 κριμάτων
1163 4061 1560 4134 ηῤῥώστηκεν·
1625 4065 1756 4134 ἡμῖν
1806 4064 1916 4136 γὰρ

2026 4061 2334 4134 ignorantia
2365 4061 2597 4117 laborat.
2628 4060 2744 4114 Nos
2774 4061 2990 4130 quidem
3018 4061 3318 4129 Scripturis
3358 4075 3386 4113 a
3420 4071 3612 4116 sancto

320 4147 586 4202 πειστέον
641 4151 1212 4222 τοῖς’γεγραμμένοις
1249 4153 1403 4224 παρὰ
1438 4153 1532 4208 τοῦ
1578 4154 1916 4226 Πνεύματος,

2029 4155 2238 4224 Spiritu
2272 4154 2492 4208 dictatis
2539 4163 2758 4222 oportet.
2788 4153 3032 4206 credere.
3071 4151 3235 4220 [mpii
3266 4151 3614 4220 replebunmr.

317 4240 408 4294 ὅτι
453 4239 720 4308 Ἀσεὸεἳς
773 4243 1236 4313 πλησθήσονται
1273 4245 1494 4301 κακῶν.
1541 4247 1685 4300 Καί·
1715 4247 1916 4316 Ἀμαρ-

2028 4244 2265 4300 malis".
2309 4243 2372 4298 Et
2415 4261 2428 4296 :
2460 4243 2740 4297 Peccunles
2773 4254 3151 4313 persequentur
3204 4243 3347 4295 mala
3372 4242 3440 4300 ⁷⁷,
3494 4241 3560 4296 Et
3591 4262 3622 4298 :.

320 4329 624 4398 τάνοντας
651 4332 924 4398 διώξεται
976 4335 1153 4391 κακά.
1185 4339 1296 4390 Καὶ
1318 4379 1332 4404 ,
1387 4339 1486 4392 Ἐν
1517 4339 1698 4406 κακίᾳ
1731 4339 1916 4393 αὐτοῦ

2028 4335 2230 4404 Impius
2274 4337 2327 4388 in
2361 4335 2570 4388 malitia
2609 4351 2706 4388 sua
2739 4328 2928 4403 peribit
2948 4335 3014 4388 ⁷⁸.
3055 4333 3121 4387 Et
3151 4351 3164 4387 :
3202 4333 3609 4388 Reservaturad

321 4421 638 4478 ἀπολεῖται
668 4427 701 4478 ὁ
729 4426 976 4494 ἀσεϐής.
1009 4429 1119 4482 Καί
1141 4446 1154 4460 ο
1189 4429 1578 4511 Φυλάσσεται
1620 4434 1653 4486 ὁ
1691 4432 1916 4500 ἀσεϐὴς

2027 4430 2164 4482 diem
2203 4427 2485 4491 malunt".
2513 4427 2575 4481 Et
2617 4445 2629 4481 :
2668 4425 2735 4482 In
2781 4429 2958 4480 sinum
3005 4435 3378 4480 convertentur
3417 4437 3608 4480 cuncta

2027 2603 2273 2659 dolorem
2318 2616 2476 2657 suum
2519 2600 2590 2656 ob
2624 2613 2717 2654 eas
2765 2615 2854 2654 res
2885 2596 3254 2654 ostendentia.
3283 2595 3466 2666 Seque
3491 2595 3615 2664 ipsa

323 4514 419 4579 εἰς
463 4513 694 4584 ἡμέραν
749 4518 965 4586 κακήν.
1005 4519 1149 4574 Καί·
1177 4523 1283 4588 Εἰς
1330 4522 1564 4578 κόλπον
1614 4523 1916 4592 ἐπέρχεται

2030 4518 2224 4588 iniquis
2244 4518 2312 4572 ”.
2343 4517 2528 4572 Palam
2577 4527 2664 4573 est
2707 4529 2898 4572 contra
2935 4517 3248 4580 Sodomitas
3279 4519 3476 4572 divina:
3515 4520 3612 4574 ira:
3717 4525 3725 4533 ’

325 4606 529 4662 πάντα
557 4609 683 4676 τοῖς
730 4612 986 4680 ἀδίκοις.
1042 4615 1153 4670 Καὶ
1197 4615 1486 4687 πρόκειταί
1515 4633 1580 4686 γε
1611 4619 1644 4686 ἡ
1689 4618 1917 4688 Σοδομι-

325 4699 444 4754 τῶν
463 4741 478 4767 ,
503 4700 604 4769 τῆς
633 4701 783 4767 θείας
811 4706 984 4778 ὀργῆς
1012 4706 1212 4778 δεῖγμα
1253 4710 1352 4763 καὶ
1385 4709 1686 4778 παίδευμα,
1728 4710 1816 4778 ἐφ’
1849 4709 1918 4780 ἢν

321 4791 389 4845 τὸ
416 4792 756 4848 καταϐάσιον
778 4795 890 4866 πῦρ
915 4799 1334 4870 κατομϐρῆσαν,
1364 4800 1433 4854 τὰ
1454 4784 1672 4870 ἐκείνης
1701 4800 1920 4854 ἅπαντα

322 4881 624 4953 ἐν’κύκλῳ
665 4885 1152 4958 καταϐοσκόμενον
1189 4891 1624 4961 ἀπετέφρωσεν,
1663 4885 1747 4954 οἷς
1781 4889 1918 4961 ὁμοῦ

322 4972 427 5029 καὶ
458 4973 568 5027 τῶν
605 4975 824 5048 ὁμόρων
882 4980 1037 5043 τινὰς
1080 4982 1145 5035 ἐκ
1193 4981 1412 5054 βάθρων
1454 4981 1634 5036 αὐτῶν
1674 4997 1919 5052 συγκατ-

324 5063 553 5136 εδήδοκε
587 5069 796 5134 πόλεις,
815 5063 891 5124 ὧν
929 5073 1100 5126 εἰσέτι
1138 5075 1230 5127 καὶ
1259 5073 1354 5128 νῦν
1381 5074 1455 5138 ῶς
1485 5091 1616 5144 φασι
1643 5075 1922 5146 τεκμήρια
1965 5063 1968 5066 ’

322 5155 657 5221 διασώζεται
683 5175 698 5190 °
733 5163 825 5214 καὶ
853 5163 1057 5216 τούτων
1087 5181 1152 5234 γε
1192 5154 1459 5236 πρότερον
1499 5167 1536 5238 ἡ
1569 5165 1917 5238 γεγενημένη

324 5246 407 5318 τῷ
443 5248 637 5322 κόσμῳ
677 5251 738 5318 ἐξ
775 5254 986 5309 ὑδάτων
1021 5257 1327 5322 έπίκλυσις,
1359 5258 1484 5312 καθ’
1517 5259 1586 5329 ἢν
1623 5259 1651 5310 ὁ
1685 5257 1916 5320 ύετίζων

327 5335 564 5420 ἐξαίσια,
597 5339 831 5396 ἄπλετον
854 5345 1009 5414 ἠφίει
1039 5345 1182 5400 κατά
1207 5346 1318 5402 τῶν
1339 5336 1774 5420 ήμαρτηκότο›ν’,
1804 5346 1915 5400 τῶν

325 5416 500 5494 ξένων
529 5431 756 5486 ἐκείνων
785 5435 883 5488 καὶ
917 5437 1240 5507 παραδόξων
1269 5416 1496 5508 ὄμϐρων
1520 5416 1620 5512 τὴν
1649 5439 1874 5510 ἔκχυσιν
1900 5456 1914 5471 ο

325 5521 420 5576 ὅτε
455 5521 701 5577 κάτωθεν
749 5526 849 5595 μὲν
892 5529 950 5582 ai
995 5529 1169 5598 πηγαί⁴
1199 5531 1299 5602 τῆς
1335 5530 1576 5584 ἀϐύσσου
1619 5531 1917 5602 περιερρή-

321 5627 560 5680 γνυντο,
603 5612 846 5687 ὕπερθεν
891 5618 948 5672 δὲ
989 5619 1098 5672 τῶν
1140 5619 1390 5692 οὐρανῶν
1432 5624 1479 5676 οἱ
1534 5623 1917 5694 καταρράκται

2029 4611 2423 4666 demonstratio
2449 4612 2814 4682 etcorreptio,
2839 4627 2962 4665 cum
2992 4613 3147 4680 ignea
3181 4611 3359 4680 pluvia
3384 4612 3610 4666 desceu-
3719 4673 3726 4679 I

2025 4703 2200 4768 dens,
2237 4704 2428 4758 omnia
2476 4703 2714 4772 regionis
2775 4703 2892 4772 eius
2947 4703 3254 4758 circulatim
3309 4705 3610 4774 depasccns

2026 4797 2243 4864 redegit
2265 4796 2317 4850 in
2348 4797 2622 4860 cinerem;
2645 4795 2973 4864 quibuscum
3002 4797 3361 4852 ﬁnitimorum
3387 4814 3610 4869 quoque

2027 4886 2314 4942 nonnullas
2371 4888 2534 4942 urbes
2588 4886 2732 4958 ignis
2787 4889 3124 4959 absumpsit,
3173 4905 3408 4960 quarum
3463 4905 3629 4946 nunc.

2027 4982 2227 5044 adhuc,
2265 4987 2323 5035 ut
2350 4981 2525 5044 aiunt,
2573 4979 2773 5034 indicia
2806 4989 3128 5050 supersunt.
3165 4981 3306 5048 Quin
3355 4993 3410 5036 et
3441 4992 3606 5037 antea

2024 5087 2288 5140 aquarum
2317 5071 2579 5126 diluvium
2625 5073 2826 5126 mundo
2857 5085 3286 5142 supervenerat;
3323 5090 3431 5143 quo
3465 5085 3604 5126 tem—

2019 5178 2150 5234 pore
2196 5162 2432 5231 pluviale
2478 5165 2598 5218 sine
2639 5163 2745 5218 ﬁne
2790 5163 3014 5229 crelum,
3057 5165 3378 5218 immensam
3437 5180 3604 5234 supra

2021 5265 2340 5323 peccatores
2365 5253 2702 5309 insolitarum
2727 5265 2888 5322 atque
2909 5255 3306 5310 incredibilium
3335 5271 3616 5324 aquarum.

2021 5345 2232 5416 copiam
2287 5345 2520 5401 eﬂ'udit:
2559 5361 2681 5400 cum
2729 5344 2940 5400 inferne
2990 5347 3174 5416 abyssi
3229 5348 3408 5402 fontes
3473 5360 3604 5402 sunt

2022 5436 2262 5506 tlirupti,
2307 5451 2542 5506 superne
2609 5445 2791 5490 autem
2831 5436 2955 5491 coeli
2992 5448 3280 5491 cataractae
3316 5437 3601 5507 patefacta:

2023 5540 2188 5595 sunt,
2253 5529 2526 5584 universis
2575 5529 2800 5583 omnino
2843 5529 3222 5596 pereuntibus,
3275 5539 3330 5584 et
3383 5531 3604 5585 cunctis

2026 5631 2183 5676 terra:
2213 5620 2588 5676 cacuminibus
2623 5619 2835 5675 obrutis
2865 5635 2877 5672 :
2917 5634 3056 5674 unus
3091 5630 3271 5674 autem
3300 5621 3483 5690 justus
3518 5623 3601 5679 vir

394 5767 443 5800 "
482 5767 650 5822 Prov.
681 5784 779 5833 xu,
803 5771 896 5825 2|.
973 5773 1013 5804 ⁷⁷
1049 5775 1209 5828 Prov.
1245 5789 1364 5840 xm,
1389 5774 1478 5828 21.
1555 5775 1600 5807 ⁷⁸
1632 5775 1791 5829 l'rov.
1826 5790 1933 5842 xiv,
1958 5775 2046 5830 5:2.
2125 5776 2170 5806 7°
2212 5775 2375 5830 Prov.
2407 5789 2516 5842 xvr,
2550 5777 2632 5830 111.
2711 5774 2758 5807 ⁸⁸
2787 5775 2946 5829 Prov.
2983 5791 3098 5844 xvr,
3130 5777 3227 5846 '55,
3245 5777 3342 5832 Gr.
