4004 6434
505 337 608 395 ως,
1530 345 1588 403 s.
1629 343 2042 403 NICEPHORI
2080 347 2586 412 PATRIARCleE
2625 353 2736 414 CP.
2932 411 2934 413 .
3620 382 3707 446 δατ)

502 462 620 494 quin
671 444 854 496 ἥκω-ῖς
886 455 1048 514 atque
1081 449 1397 503 mulieribus
1422 466 1542 501 arca
1590 449 1761 519 lignea
1794 465 1955 517 supra
1988 450 2053 504 de

2125 457 2149 518 λ
2179 452 2506 523 διῴγνυντο,
2539 458 2712 529 ἄρδην
2740 460 2998 518 ἁπάντων
3029 465 3445 540 ἀπολλυμένων,
3485 482 3571 534 καὶ
3593 444 3706 540 πανε

497 535 637 589 latus
672 537 961 592 incolumis
992 539 1116 604 fuit,
1156 541 1292 595 alter
1324 541 1486 595 veluti
1525 541 1784 606 Adamns,
1825 541 1936 594 Deo
1965 542 2070 594 mi.

2180 544 2270 608 τδς
2292 546 2576 617 οἰχομένου
2616 549 2709 603 τοῦ
2737 552 2878 624 ὑπὲρ
2907 555 3008 625 γῆν
3029 535 3474 633 ἐπαναστήματος
3491 585 3504 599 ·
3530 535 3709 633 Binis:

497 639 752 692 serante,
803 645 868 683 ne
906 633 1219 686 universum
1271 633 1498 685 interra
1547 631 1842 685 humanum
1899 648 2071 701 genus

2179 633 2235 686 δὲ
2273 613 2432 705 μόνος
2484 638 2624 711 ἀνὴρ
2658 613 2858 696 παισὶν.
2902 613 3020 711 dua
3059 649 3154 701 καὶ
3197 613 3709 728 γυνάιζὶν

497 722 777 776 t’elicerct.
815 723 950 790 Quia
1003 725 1164 794 igitur
1215 725 1356 777 haud
1408 723 1558 790 juxta
1612 735 1818 777 natura:
1851 731 2070 778 cursum

2181 723 2320 793 ὑπὲρ
2371 725 2580 780 ὑδάτων
2627 730 2926 801 φερόμενος
2959 735 3282 804 διεσώζετο,
3326 719 3414 796 οίά
3441 719 3520 812 τις
3566 719 3711 826 ’Ᾰδὰμ

497 811 586 865 illa
621 813 944 878 evenerunt,
995 831 1100 869 non
1151 815 1293 870 enim
1329 815 1461 869 fines
1503 829 1629 868 suos
1671 813 1915 868 coelestia
1949 828 2068 867 ser-

2177 817 2535 885 χρηματίζων
2573 820 2846 894 δεύτερος,
2877 827 3013 880 Θεοῦ
3058 835 3534 906 κατοικτείραντος,
3564 845 3631 909 ὡς
3658 811 3711 905 έν

493 914 724 970 rarnnt,
783 907 914 961 nihil
955 908 1122 963 vetuit
1167 908 1298 976 quin
1351 915 1538 976 postea
1589 905 1640 958 in
1675 913 1875 958 terram
1930 905 2070 972 ignis

2181 906 2255 976 μὴ
2305 907 2540 977 πάμπαν
2573 911 2831 968 ἀπολίποι
2881 916 2943 970 τὸ
2987 918 3149 986 γένος
3198 923 3262 976 ἑκ
3293 905 3392 995 γῆς
3431 929 3489 982 τὸ
3526 905 3710 1002 ἀνθ-ρώ-

495 995 784 1066 sulfnrque
858 1014 887 1053 a
957 998 1184 1054 Domino
1235 999 1477 1068 plueret,
1538 996 1828 1066 subitoque
1883 997 2068 1049 omnia

2176 1013 2352 1050 πειον.
2401 998 2552 1052 Ἐπεὶ
2603 999 2695 1056 οὖν
2733 1004 2794 1056 ού
2842 1007 2986 1060 κατὰ
3030 1008 3245 1076 φύσεως
3288 1015 3594 1074 ἀκολουθίαν
3631 1028 3711 1077 κά-

493 1096 876 1143 exurerenlur.
935 1088 1130 1158 Utique
1161 1090 1477 1143 imminebat
1511 1086 1796 1142 manifeste
1840 1087 1933 1140 ira:
1967 1085 2070 1139 ful-

2177 1089 2330 1140 κεῖνα
2361 1089 2664 1160 ἐπράττετο
2701 1096 2796 1165 (οὑ
2826 1095 2934 1166 γὰρ
2967 1098 3138 1169 δήπου
3172 1104 3300 1166 τοὺς
3328 1107 3553 1173 οἰκείους
3580 1115 3711 1182 ὅρους

495 1192 641 1236 men.
674 1179 776 1233 nisi
830 1179 920 1233 Dei
979 1190 1102 1234 nota
1133 1182 1507 1250 przevaluisset
1546 1178 1702 1250 135
1743 1179 2028 1233 clementia
2052 1217 2067 1243 ,

2173 1181 2445 1250 τετήρηκε
2463 1183 2528 1234 τὰ
2556 1187 2869 1258 μετάρσια),
2894 1188 3046 1242 οὐδὲν
3077 1191 3282 1246 ἐκώλυε
3312 1195 3405 1248 κα)⁵
3428 1194 3574 1263 αὖθις
3597 1178 3713 1256 κατὰ

491 1281 613 1336 qua
648 1271 990 1338 peccantium
1023 1286 1238 1342 pcenam
1273 1273 1390 1327 sine
1426 1273 1590 1326 dubio
1633 1271 1877 1333 distulit,
1921 1271 2069 1338 ipso-

2174 1268 2280 1339 γῆς
2313 1269 2502 1339 βρέξαι
2531 1274 2736 1344 Κύριον
2763 1275 2875 1347 πῦρ
2907 1280 2999 1332 καὶ
3030 1279 3172 1334 θεῖον
3199 1284 3348 1354 παρὰ
3378 1275 3572 1358 Κυρίου
3595 1333 3606 1354 ,
3635 1297 3711 1348 καὶ

490 1373 610 1411 rum
644 1361 1021 1429 paenitentiam
1071 1373 1421 1434 exspectans.
1469 1362 1574 1417 Sed
1619 1363 1765 1417 enim
1805 1362 1933 1416 mihi
1965 1363 2067 1415 bo-

2174 1359 2369 1428 ἀθρόον
2407 1362 2472 1414 ἂν
2515 1364 2876 1434 ἀπῃθάλωσεν
2918 1369 3136 1424 ἅπαντα
3160 1388 3174 1403 ο
3213 1375 3306 1428 καὶ
3338 1377 3444 1448 γὰρ
3473 1380 3712 1447 ὴπειλείτο

414 1458 419 1462 ’
491 1449 682 1504 dierna
732 1463 952 1521 peccata
983 1455 1188 1524 majora
1222 1455 1393 1509 multo
1423 1456 1695 1509 videntur.
1729 1454 1864 1520 Quia
1902 1454 1995 1522 pri:

2175 1450 2363 1520 σαφῶς
2392 1452 2494 1523 τῆς
2526 1454 2698 1525 ὀργῆς
2742 1456 2805 1509 τὸ
2847 1463 3229 1534 πρηστήριον,
3278 1468 3326 1518 εί
3366 1468 3440 1538 μὴ
3465 1469 3552 1522 τοῦ
3597 1473 3711 1526 Θεοῦ

492 1536 568 1591 illi
599 1539 862 1595 adversus
895 1554 1210 1598 creaturam
1254 1545 1620 1606 insanierunt,
1655 1543 1706 1597 hi
1739 1553 1928 1597 contra
1964 1542 2066 1596 Do-

2172 1543 2456 1620 νενίκηκεν
2491 1547 2751 1616 ἐμφανῶς
2788 1548 2849 1602 τὸ
2895 1551 3311 1623 φιλάνθρωπον,
3347 1553 3404 1620 ὃς
3430 1536 3534 1630 τὴν
3565 1579 3711 1632 τιμωτ

492 1630 697 1684 mimnn
751 1642 1014 1690 creaturae
1070 1638 1272 1692 rabiem
1314 1653 1470 1691 suam
1525 1634 1914 1690 contumeliose
1966 1647 2066 1688 ex-

2175 1632 2296 1703 ρίαν
2343 1634 2440 1704 τὴν
2491 1638 2633 1689 κατὰ
2663 1637 2774 1692 τῶν
2823 1641 3176 1712 ἀνομούντων
3221 1647 3469 1715 ἐναργῶς
3515 1630 3712 1703 ἀνεϐάλ-

493 1733 908 1790 prompserunt;
945 1726 1126 1794 primo
1173 1725 1392 1795 quidem
1445 1727 1685 1780 divinum
1725 1740 1923 1794 corpus
1955 1740 2067 1780 ex-

2170 1720 2322 1788 λετο,
2379 1725 2815 1796 ἀπεκδεχόμενος
2848 1729 3029 1782 αὑτῶν
3077 1731 3175 1802 τὴν
3227 1736 3529 1802 μετάνοιαν.
3579 1719 3743 1800 Ἀλλάχ

489 1815 796 1869 cruciantes
820 1817 1108 1888 crucisque
1131 1821 1340 1873 acerbae
1364 1817 1480 1873 neci
1504 1817 1842 1885 addicentes,
1873 1817 2068 1871 deinde

2127 1817 2138 1868 Ι
2172 1829 2263 1882 μοι
2305 1813 2458 1866 δοκεῖ
2505 1815 2688 1886 πολλῷ
2731 1817 2906 1886 μείζω
2944 1821 3184 1874 ἐνταῦθα
3222 1823 3292 1876 τὰ
3333 1825 3708 1896 ἁμαρτήματα,

489 1902 756 1960 adversus
785 1905 1025 1972 ejusdem
1078 1911 1322 1978 corporis
1356 1925 1542 1964 sacras
1578 1909 1838 1978 imagines
1867 1907 2065 1962 debac-

2169 1903 2633 1976 ἐπείπεροὲκεῖνοι
2667 1908 2766 1977 μὲν
2813 1911 2896 1973 είς
2937 1911 3036 1979 τὴν
3073 1914 3256 1967 κτίσιν
3303 1917 3597 1987 μεμηνότες
3631 1935 3711 1972 περ

487 1995 738 2052 ehantes.
799 2000 1164 2066 Quamobrem
1227 2005 1370 2060 haud
1425 2019 1483 2059 se
1535 2005 1823 2060 continere
1877 2004 2064 2073 quieta

2170 1997 2571 2067 παρῳνήκασιν
2590 2040 2604 2066 ,
2634 1995 2781 2054 οὑτοι
2812 2002 2870 2054 δὲ
2901 2004 3044 2056 κατὰ
3074 2004 3166 2058 τοῦ
3199 2008 3469 2060 Δεσπότου
3495 2010 3586 2078 τῆς
3615 2011 3709 2060 κτί·

486 2087 758 2145 elementa
791 2103 1087 2162 potuerunt
1138 2097 1406 2154 Creatore
1449 2113 1549 2154 suo
1580 2096 1808 2162 offenso,
1838 2097 1932 2151 sed
1969 2098 2067 2150 do-

2171 2104 2309 2150 σεως
2336 2088 2725 2160 λελυττηκότες
2754 2092 3071 2165 ἐξύϐρισαν,
3099 2097 3369 2170 πρότερον
3394 2099 3488 2168 μὲν
3515 2101 3571 2152 τὸ
3594 2099 3712 2152 θεῖον

487 2177 656 2235 lorem
711 2183 984 2241 insolitum
1048 2189 1119 2244 ob
1175 2205 1294 2245 eam
1351 2191 1644 2245 novitatem
1695 2204 1858 2260 passa
1915 2196 2063 2242 sunt.

2172 2179 2334 2250 σῶμα
2377 2182 2716 2252 αἰκιζόμενοι
2761 2185 2855 2238 καὶ
2907 2188 3130 2259 σταυρῷ
3178 2189 3392 2262 πικρῶς
3448 2191 3711 2246 καταδικά-

486 2269 764 2330 Mittamus
804 2277 989 2335 dicere
1021 2289 1151 2350 quot
1185 2283 1363 2337 civilia
1409 2283 1543 2337 bella
1585 2283 1666 2336 hae
1702 2295 1881 2336 rerum
1917 2281 2064 2334 vices

2172 2271 2358 2336 ζοντες
2378 2314 2389 2334 ,
2422 2273 2613 2327 ἔπειτα
2651 2275 2706 2328 δὲ
2736 2278 2815 2338 είς
2843 2279 2970 2341 τοὺς
3013 2279 3109 2333 τοῦ
3153 2281 3408 2351 σώματος
3441 2282 3606 2351 ίεροὺς
3632 2283 3713 2352 ἑμ-

486 2361 748 2421 adversus
774 2366 1116 2426 Christianos
1144 2374 1492 2441 concitarint,
1519 2389 1640 2445 quae
1672 2373 1890 2442 longum
1917 2379 2064 2426 esset

2171 2359 2556 2431 παροινοῦντες
2598 2363 2835 2428 τύπους·
2886 2365 2968 2418 διὸ
3029 2369 3132 2422 οὑκ
3176 2370 3366 2423 ἔσθενε
3399 2371 3466 2424 τὰ
3508 2372 3713 2440 στοιχεῖα

485 2458 539 2504 et
569 2455 1018 2520 Operosissimum
1053 2474 1248 2514 enarra
1261 2476 1337 2515 re.

2169 2455 2254 2523 ἐφ’
2287 2455 2497 2508 ἑαυτῶν
2523 2461 2860 2529 κατηρεμεϊν
2892 2462 3252 2534 ὑϐριζομένου
3279 2465 3375 2518 τοῦ
3413 2465 3713 2527 Κτίσαντος,

484 2543 658 2609 πάθος
694 2547 751 2601 δὲ
799 2552 928 2622 περὶ
973 2552 1113 2606 αὑτὰ
1159 2551 1636 2623 καινοτομούμενα
1681 2553 1947 2622 ὑφίστατο
2000 2548 2060 2602 τὸ
2096 2545 2437 2617 παράδοξον·
2472 2548 2650 2619 ἐῶμεν
2716 2551 2897 2620 λέγειν
2933 2555 3080 2619 οἴους
3146 2557 3422 2628 πολέμους
3450 2558 3714 2628 ἐμφυλίους

483 2635 510 2686 ό
544 2637 742 2706 τρόπος
796 2637 951 2706 οὗτος
997 2645 1142 2699 κατὰ
1185 2645 1528 2717 Χριστιανῶν
1574 2645 1933 2717 ἀνερρίπισε,
1971 2640 2065 2695 καὶ
2102 2635 2270 2693 τᾶλλα
2299 2637 2334 2691 ἆ
2364 2641 2544 2707 λέγειν
2615 2643 2826 2714 μακρὸν
2853 2645 2918 2698 ἂν
2950 2644 3035 2716 εἴη
3069 2647 3164 2700 καὶ
3229 2649 3640 2718 ἑργωδέστατον.

555 2730 644 2783 67.
683 2731 790 2788 Sed
839 2735 992 2791 valde
1031 2739 1305 2794 exsultant
1353 2740 1406 2794 hi
1463 2739 1688 2795 helluini
1739 2752 1805 2793 ac
1853 2735 2057 2799 stolidi,

2239 2729 2338 2796 ξξό
2408 2731 2568 2785 Ἀλλὰ
2613 2735 2758 2805 μέγα
2810 2739 3189 2809 κομπάζουσιν
3233 2742 3283 2793 oi
3331 2741 3610 2812 κτηνώδεις
3640 2740 3715 2795 καὶ

485 2821 640 2888 quasi
697 2825 980 2894 prosperis
1032 2829 1379 2886 successibus
1431 2829 1718 2894 ﬂorentes,
1774 2838 1830 2884 et
1874 2842 2064 2896 super-

2176 2821 2340 2886 δντως
2375 2822 2625 2894 ἀνόητοι,
2681 2827 2758 2891 ὡς
2795 2829 2860 2899 δὴ
2901 2832 3020 2893 ταῖς
3065 2832 3394 2903 εὐημερίαις
3431 2831 3716 2905 ὲνευθηνού-
3753 2831 3757 2834 ’

483 2910 660 2966 biunt.
692 2914 763 2968 At
799 2916 943 2971 enim
977 2932 1097 2988 qua:
1137 2920 1318 2991 lingua
1373 2930 1676 2992 temporum
1715 2921 1927 2975 illorum
1966 2935 2058 2987 pe-

2173 2930 2345 2982 μενοι,
2381 2917 2476 2968 καὶ
2531 2916 2922 2985 βρενθύονταιο
2971 2922 3099 2976 ποία
3145 2923 3376 2991 γλῶσσα
3432 2926 3554 2988 τοὺς
3591 2942 3714 2995 τηνι-

487 3007 726 3072 nuriam,
753 3016 809 3064 et
833 3024 898 3064 ex
923 3013 1146 3081 penuria
1177 3013 1516 3069 calamitates
1544 3015 1749 3084 tragice
1781 3011 2062 3067 narrabit?

2169 3005 2347 3058 καῦτα
2399 3006 2613 3077 λιμοὺς,
2669 3010 2763 3063 καὶ
2809 3013 2908 3077 τὰς
2961 3015 3025 3068 ὲκ
3076 3015 3184 3068 τῶν
3235 3017 3417 3088 λιμῶν
3462 3016 3714 3086 συμφορὰς

484 3093 609 3149 Fuit
665 3098 807 3152 enim
863 3114 1056 3170 reapse
1106 3101 1278 3158 fames
1330 3104 1574 3159 omnium
1631 3103 1956 3175 gravissima
2005 3113 2060 3155 et

2164 3095 2632 3168 ὲκτραγῳδήσειες
2666 3101 2854 3170 Λιμῶν
2882 3103 2991 3173 γάρ
3033 3101 3100 3176 ἦν
3137 3107 3164 3159 ό
3195 3107 3500 3171 δεινότατος
3533 3106 3619 3160 καὶ
3644 3123 3714 3157 πι-

485 3188 875 3258 acerhissima,
926 3207 1047 3261 quae
1095 3210 1271 3266 neque
1313 3205 1584 3265 praesente
1631 3196 1730 3249 hac
1769 3195 1881 3273 jam
1925 3194 2061 3247 inci-

2130 3185 2132 3194 '
2165 3186 2463 3254 κρότατος,
2499 3185 2621 3242 οὔτε
2660 3190 2754 3244 τοῦ
2783 3191 2876 3245 νῦν
2901 3186 3160 3248 ’ἐντεῦθεν
3187 3197 3558 3268 ἐναρξαμένου
3576 3238 3589 3260 ,
3611 3195 3711 3248 οὔτε

482 3279 688 3346 piente,
735 3296 910 3350 neque
955 3285 1191 3353 antiquis
1219 3286 1359 3354 apud
1399 3285 1691 3340 historicos
1723 3267 2060 3349 m‘emoralis,

2163 3275 2274 3330 τῶν
2312 3278 2479 3332 πάλαι
2526 3284 3023 3355 μνημονευομένων
3066 3287 3098 3358 ἢ
3149 3267 3546 3361 ἱστορουμένων
3583 3288 3713 3342 ἐλατ-

485 3371 663 3426 tninor
703 3374 944 3441 exstitit;
983 3386 1147 3446 atque
1178 3377 1326 3434 illam
1368 3393 1491 3448 qua:
1537 3377 2062 3449 llierosolymitanos

2163 3367 2461 3439 τούμενος,
2497 3373 2593 3424 καὶ
2633 3375 2833 3445 μικροῦ
2866 3375 2942 3446 τῷ
2979 3377 3121 3430 κατὰ
3152 3379 3250 3450 τὴν
3300 3376 3714 3448 Ἱεροσολυμιτῶν

484 3461 739 3518 obsessos
777 3467 1072 3534 corripuit,
1108 3483 1274 3537 prepe
1297 3471 1623 3539 exmqnavit.
1656 3469 1789 3524 Nam
1825 3479 1877 3523 et
1912 3469 2022 3523 illic
2046 3509 2062 3535 ,

2165 3463 2538 3533 συνενεχθέντι
2569 3466 2700 3519 ποτὲ
2731 3469 3136 3540 παρισούμενος
3158 3489 3169 3502 ·
3201 3473 3368 3526 κάκεῖ
3397 3473 3494 3543 μὲν
3518 3471 3634 3539 γὰρ.
3655 3468 3714 3528 ὡς

484 3559 544 3602 ut
591 3564 848 3617 narrant,
891 3556 1034 3611 fame
1081 3573 1284 3627 pressa:
1333 3561 1767 3630 excruciat'rqtte
1820 3560 2064 3615 infelices

2165 3551 2619 3622 ἀναγέγραπται,
2668 3556 2745 3625 τῷ
2777 3549 2931 3628 ’λιμῷ
2970 3558 3298 3631 πιεζόμεναι
3349 3562 3444 3615 καὶ
3495 3557 3714 3629 στροϐού-

485 3652 694 3698 matres
741 3655 928 3714 partus
962 3650 1166 3718 preprii
1212 3665 1408 3706 carnes
1458 3652 1846 3707 miserabiliter
1874 3665 2062 3722 gusta-

2168 3657 2326 3712 μεναι
2359 3645 2609 3716 μητέρων
2639 3648 2695 3699 αἱ
2733 3647 2987 3720 δύστηνοι
3009 3692 3023 3712 ,
3060 3652 3228 3719 γονῆς
3276 3653 3489 3716 οίκείας
3523 3647 3715 3721 σαρκῶν

481 3745 610 3789 runt
633 3773 649 3800 ,
679 3747 870 3791 natura
919 3741 1003 3795 sui
1034 3743 1424 3811 propemodum
1451 3744 1644 3800 oblita.
1686 3745 1752 3800 Et
1787 3747 1926 3810 apud
1964 3761 2062 3802 nos

2165 3735 2416 3798 ἐλεεινῶς
2447 3737 2843 3807 ἀπεγεύσαντο,
2879 3741 3287 3814 ὲκλελησμένης
3320 3743 3515 3814 ἑαυτὴν
3553 3741 3716 3808 ὥσπερ

480 3826 670 3880 eadem
717 3830 1030 3886 calamitate
1099 3833 1309 3889 adactae
1369 3836 1579 3891 ventris
1633 3839 1717 3890 sui
1763 3835 1908 3892 fetus
1941 3853 2061 3891 mn-

2162 3824 2263 3894 τῆς
2297 3825 2516 3894 φύσεως
2538 3845 2552 3859 ο
2583 3829 2862 3884 κάνταῦθα
2895 3834 2961 3902 τῇ
3001 3833 3136 3904 αὑτῇ
3183 3833 3606 3905 στρεϐλούμεναι
3636 3829 3715 3898 μά-

481 3912 644 3970 lieres
683 3932 1004 3974 arumnosas
1049 3925 1385 3990 vendentes,
1420 3925 1600 3979 cibum
1634 3927 1736 3980 sibi
1770 3943 1834 3981 ex
1889 3930 2062 3981 visce-

2165 3933 2340 3985 στιγι,
2383 3917 2449 3971 τὰ
2488 3920 2686 3988 ἔκγονα
2725 3925 2822 3992 τῆς
2864 3922 3070 3987 κοιλίας
3102 3927 3370 3992 γυναῖκες
3399 3917 3716 3994 ἀπεμπολοῦ-

481 4021 601 4060 rum
651 4023 872 4064 suorum
927 4013 1288 4069 distractione
1348 4017 1637 4070 curabant.
1693 4017 1862 4072 Aiunt
1913 4020 2059 4074 enim

2165 4023 2254 4060 σαι
2299 4008 2502 4073 ἄθλιαι,
2534 4013 2740 4083 τροφὴν
2784 4014 2919 4067 ἰδίαν
2961 4015 3069 4068 τῶν
3107 4017 3435 4088 σπλάγχνων
3467 4012 3715 4069 ἐποιοῦντο

478 4099 567 4152 vix
631 4101 1024 4172 quinquaginta
1071 4106 1256 4160 aureis
1308 4107 1476 4161 tritici
1537 4109 1776 4162 modium
1831 4111 2059 4177 penuria

2160 4099 2260 4170 τὴν
2285 4100 2680 4174 ἀλλοτρίωσιν·
2724 4108 2860 4175 φασὶ
2907 4107 3017 4182 γὰρ
3077 4110 3231 4180 μόλις
3266 4112 3358 4164 καὶ
3417 4113 3496 4172 εἰς
3540 4104 3713 4173 πεντή·

477 4202 759 4259 premente
787 4194 958 4247 coemi
1002 4196 1264 4263 potuisse.
1315 4198 1380 4252 Et
1408 4198 1520 4254 illic
1553 4201 1773 4268 quidem
1823 4201 2058 4256 hostium

2161 4206 2327 4243 κοντα
2371 4192 2609 4262 χρυσοῦς
2649 4195 2742 4246 τὸν
2768 4195 2861 4248 τοῦ
2913 4197 3064 4251 σίτου
3105 4197 3430 4263 ἐξωνεῖσθαι
3479 4195 3648 4268 μόδιον
3689 4192 3713 4258 ἡ

482 4281 746 4345 incursio,
780 4281 1052 4338 diuturna:
1084 4285 1384 4342 obsidionis
1405 4291 1638 4356 spatium
1663 4331 1678 4355 ,
1733 4291 1883 4347 urbis
1928 4309 2059 4347 con-

2159 4282 2365 4353 ἀπορία
2415 4286 2907 4356 συγκατηνάγκαζε
2933 4307 2947 4321 ο
2983 4291 3146 4343 κάκεῖ
3187 4291 3284 4361 μὲν
3315 4290 3426 4344 τῶν
3468 4283 3714 4355 πολεμίων

476 4370 683 4434 clusio,
739 4380 998 4458 tanquam
1045 4380 1179 4442 reti‘,
1214 4380 1279 4433 ab
1319 4383 1560 4435 exercitu
1601 4392 1804 4453 capue,
1835 4385 2057 4439 calami-

2157 4375 2190 4442 ἡ
2247 4373 2466 4442 ἔφοδος,
2515 4378 2610 4431 καὶ
2651 4379 2746 4432 τοῦ
2790 4382 2983 4450 χρόνου
3018 4383 3116 4453 τῆς
3159 4381 3570 4454 προσεδρείαςὴ
3597 4392 3716 4445 παρ-

479 4467 607 4520 tatis
637 4465 754 4535 ejus
791 4479 845 4521 et
877 4469 1326 4526 inenarrabilium
1365 4475 1630 4529 malorum
1665 4493 1846 4533 causze
1875 4491 2050 4534 erant.

2157 4465 2322 4536 ολκὴ,
2357 4469 2452 4520 καὶ
2500 4471 2528 4521 ὁ
2569 4471 2935 4542 συγκλεισμὸς
2987 4475 3087 4544 τῆς
3147 4475 3358 4538 πόλεως
3413 4475 3491 4536 ὡς
3527 4470 3624 4525 ὑπὸ
3648 4468 3713 4519 δι·

476 4558 630 4626 Apnd
683 4574 781 4613 nos
836 4570 1015 4615 autem
1070 4579 1176 4617 non
1229 4561 1596 4622 Barhamrum
1646 4568 1910 4634 incursio,
1951 4588 2056 4624 non

2162 4559 2328 4612 κτύου
2354 4561 2774 4632 περισχεθείσης
2803 4566 2918 4626 τοῖς
2942 4565 3305 4636 πλήθεσι,τῆς
3336 4564 3613 4635 συμφορᾶς
3638 4556 3713 4610 καὶ

479 4647 716 4701 hostium
753 4649 1040 4715 adventus,
1087 4668 1194 4706 non
1259 4654 1394 4707 valla
1449 4657 1516 4709 ab
1565 4659 1898 4714 adversariis
1951 4662 2060 4715 cir-

2161 4647 2269 4699 τῶν
2308 4649 2498 4702 παθῶν
2529 4638 2640 4704 τῶν
2681 4653 2933 4724 ἀρρήτων
2970 4655 3029 4707 τὸ
3065 4655 3238 4708 αἴτιον
3265 4652 3368 4728 ἦν’
3403 4651 3630 4708 ἐνταῦθα
3669 4647 3713 4698 δὲ

479 4737 778 4802 etiinjecta,
815 4755 990 4808 neque
1023 4741 1168 4796 aliud
1208 4745 1490 4810 quodlibet
1519 4749 1784 4814 exterius,
1829 4751 1922 4803 sed
1973 4751 2058 4803 of-

2159 4738 2222 4790 οὑ
2272 4739 2565 4811 βαρϐάρων
2603 4742 2824 4812 ἔφοδος,
2867 4746 2928 4799 οὑ
2975 4746 3250 4817 πολεμίων
3305 4747 3624 4803 ἐπιστασία,
3664 4740 3713 4790 0'3

480 4830 632 4882 fcnsa
669 4830 825 4893 fides,
870 4833 1158 4888 manifeste
1207 4836 1257 4888 id
1288 4836 1572 4891 alliciebat.
1622 4838 1755 4892 Nam
1789 4842 1880 4910 qui
1914 4843 2056 4908 apud

2160 4830 2403 4900 χάρακες
2438 4834 2543 4886 ὑπὸ
2585 4835 2865 4904 δυσμενῶν
2899 4839 2956 4890 ἐν
2992 4837 3178 4908 κύκλῳ
3226 4837 3732 4909 περιπηγνύμενοι..

481 4937 580 4976 nos
614 4923 878 4993 regnabat
910 4935 1155 4994 apostata
1199 4939 1252 4982 ct
1286 4937 1568 5000 tyrannus,
1607 4934 1798 5001 quovis
1833 4934 2056 4993 inimico

2158 4921 2280 4974 οὐδὲ
2320 4923 2451 4976 ἄλλο
2481 4925 2586 4978 τῶν
2627 4923 2826 4991 ἔξωθεν
2867 4929 3130 4982 ἐπιόντων
3179 4931 3365 4993 οὐδὲν,
3403 4930 3461 4982 τὺ
3492 4928 3547 4982 δὲ
3588 4921 3709 4978 κατὰ

476 5027 570 5070 ant
616 5017 770 5073 hoste
821 5035 916 5088 per
965 5037 1115 5075 suam
1156 5025 1485 5093 apostasiam
1538 5026 1801 5079 infensior
1845 5037 1964 5080 erat
2003 5036 2056 5080 et

2157 5016 2256 5084 τὴν
2289 5017 2472 5071 πίστιν
2521 5019 2762 5092 ἀδίκημα
2800 5024 3120 5094 περιφανῶς
3164 5024 3525 5077 διεδείκνυτοο
3557 5021 3583 5072 ὁ
3621 5015 3712 5084 γὰρ

475 5109 738 5177 aSperior.
795 5110 900 5164 Sed
944 5110 1021 5165 illi
1058 5114 1274 5180 quidem
1317 5129 1538 5184 suorum
1563 5115 1845 5168 adversus
1881 5115 2038 5169 Citri-

2159 5109 2510 5177 ἡγεμονεύων
2544 5113 2695 5175 ἐντὸς
2741 5115 3055 5185 ἀποστάτης
3087 5116 3182 5168 καὶ
3219 5115 3500 5187 τύραννος,
3532 5107 3711 5166 παντὸς

475 5209 617 5256 stum
644 5201 946 5257 facinorum
973 5219 1161 5274 poenas
1192 5207 1434 5274 luerunt;
1464 5216 1517 5261 et
1546 5208 1598 5262 hi
1633 5210 1802 5263 nostri
1834 5209 2053 5276 paribus

2156 5200 2356 5270 ἐχθροῦ
2392 5204 2486 5256 καὶ
2527 5205 2794 5274 πολεμίου
2833 5207 2919 5260 διὰ
2959 5207 3059 5278 τὴν
3097 5207 3438 5260 ἀποστασίαν
3475 5208 3500 5258 ό
3541 5204 3712 5268 δυσμε-

476 5281 634 5348 ιῖιιιΙὶε
693 5295 888 5350 irreliti
941 5297 1206 5352 fuerunt:
1245 5313 1385 5352 unus
1445 5285 1640 5370 quippe
1686 5302 1938 5370 idemque
1986 5301 2053 5354 ab

2156 5293 2418 5357 νέστατος
2466 5291 2533 5366 ἦν
2565 5298 2984 5367 χαλεπώτατος·
3025 5299 3163 5352 ἀλλὰ
3199 5301 3441 5353 κάκεῖνοι
3492 5297 3598 5348 τῶν
3644 5293 3711 5351 εἰς

477 5387 743 5442 ambobus
784 5386 1024 5443 offensus
1074 5389 1272 5446 fuerat.
1311 5389 1436 5445 llwc
1485 5393 1683 5445 (lirium
1716 5394 1937 5460 juslilia‘.
1975 5393 2050 5444 ira

2155 5385 2392 5450 Χριστὸν
2428 5388 2796 5459 τολμημάτων
2843 5390 2941 5453 τὰς
2979 5391 3135 5453 δίκας
3163 5382 3423 5453 ὲτίννυον,
3453 5389 3542 5442 καὶ
3581 5376 3711 5436 οὗτοι

478 5479 612 5541 fuit;
645 5479 785 5534 hanc
817 5480 908 5534 Dei
937 5480 1239 5538 oﬁensorcs
1269 5484 1574 5537 mercedem
1609 5483 1758 5536 illine
1788 5483 2050 5536 referunt.

2156 5480 2242 5547 ἐφ’
2271 5481 2479 5550 ὁμοίοις
2523 5488 2714 5548 κακοῖς
2754 5487 3002 5540 ἑάλωσαν
3028 5505 3042 5518 ο
3080 5483 3160 5551 εἷς
3193 5490 3302 5558 γὰρ
3342 5483 3410 5558 ἦν
3447 5487 3503 5538 ὲν
3552 5484 3710 5550 ἀμφοσ

476 5569 608 5635 Qua:
641 5569 772 5624 nilul
807 5563 1217 5628 ccttsiderantes
1247 5574 1449 5629 Christi
1489 5575 1674 5627 hostes
1696 5612 1710 5637 ,
1742 5576 1932 5628 nolunt
1972 5575 2054 5627 in-

2155 5570 2336 5640 τέροις
2366 5574 2392 5625 ό
2428 5574 2785 5646 ὑϐριζόμενος
2807 5593 2820 5607 ο
2857 5577 3084 5632 τοιαῦτα
3121 5578 3220 5648 μὲν
3246 5579 3312 5631 τὰ
3345 5580 3410 5630 ὲκ
3441 5577 3538 5644 τῆς
3575 5570 3709 5628 Θείας

479 5655 742 5724 telligere,
788 5661 952 5728 quod'
983 5664 1128 5716 sicut
1171 5664 1301 5716 olitn
1353 5663 1612 5717 Judaicns
1661 5665 1930 5732 populus,
1983 5665 2054 5718 oh

2155 5663 2311 5734 δίκης
2347 5667 2628 5737 μηνίματα
2649 5685 2664 5700 ο
2699 5668 2922 5722 τοιαῦτα
2965 5669 3020 5722 δὲ
3050 5672 3099 5723 oi
3129 5671 3206 5734 είς
3243 5669 3374 5723 Θεὸν
3400 5663 3710 5736 ἀνομοῦντες

483 5746 749 5806 Mattassis
781 5750 1092 5807 Iudaeorum
1130 5757 1273 5826 regis
1299 5756 1560 5810 adversus
1591 5756 1757 5810 Deum
1791 5754 2046 5822 oﬂ'ensas,

2156 5755 2224 5810 τὰ
2266 5756 2517 5829 ἐπίχειρα
2563 5761 2769 5816 ἐκεῖθεν
2798 5762 3148 5830 κομίζονται·
3192 5757 3267 5817 ὧν
3305 5760 3457 5814 οὐδὲν
3485 5752 3707 5811 ἀναθεω-
