4004 6436
390 321 497 386 501

1090 331 1719 397 ANTIRRH‘ETICUS
1756 338 1848 397 III
1887 340 2055 401 ADV.
2096 340 2696 404 CONSTANTINUM
2735 342 2948 403 COPR.

3560 338 3666 401 5%

392 431 621 504 ροῦντες
647 431 696 484 οἰ
722 436 1244 506 χριστομαχοῦντες,
1281 443 1517 496 συνιδεῖν
1546 445 1647 498 οὐκ
1673 445 1976 514 ἐθέλουσιν,

2119 463 2271 504 cenas
2311 452 2441 506 totis
2488 452 2842 522 quadraginta
2871 449 3032 505 annis
3080 449 3254 513 dedit,
3297 457 3355 502 et
3403 448 3667 518 plurimas

385 524 479 578 δτι
520 523 778 596 καθάπερ
833 527 1005 582 πάλαι
1043 531 1071 582 ὁ
1143 530 1436 599 Ἰουδαῖκὸς
1463 530 1638 607 δῆμος
1661 575 1678 600 ,
1715 539 1825 592 τῶν
1859 541 1978 593 Μα-

389 619 567 687 νασσῇ
603 617 683 686 τῷ
733 617 1002 675 Ἰουδαίων
1038 621 1356 692 paenitetat;
1401 627 1538 681 Θεὸν
1565 632 1976 700 πεπραγμένων

387 711 887 781 παρανομημάτων
925 713 1082 778 δίκας
1121 715 1207 784 ἐφ’
1239 717 1383 780 ὅλοις
1424 721 1843 792 τεσσαράκοντα
1875 722 1981 774 ἐδί-

389 801 557 855 δοσαν
600 803 780 868 ἔτεσι,
823 805 922 857 καὶ
954 806 1190 861 πλεῖστα
1223 810 1323 861 ὅσα
1375 810 1525 864 δεινά
1567 814 1662 866 καὶ
1704 813 1981 884 δυσφορώ-

393 910 563 954 τατα,
594 895 688 946 καὶ
729 893 906 948 ταῦτα
955 897 1079 950 καθ’
1127 899 1221 963 οὓς
1260 901 1488 970 χρόνους
1514 903 1566 955 οἱ
1602 905 1688 957 ἐπ’
1729 904 1982 977 εὐσεϐείᾳ

397 986 496 1038 καὶ
532 985 852 1058 δικαιοσύνῃ
913 992 1405 1061 μεμαρτυρημένοι
1437 995 1798 1064 ἡγεμόνευον,
1846 995 1982 1049 ἔπα-

397 1089 529 1143 σχον
549 1091 561 1105 ·
595 1073 742 1128 οὕτω
765 1074 830 1147 δὴ
856 1079 951 1130 καὶ
980 1077 1089 1134 τῶν
1119 1079 1549 1151 δυσσεϐημάτων
1580 1083 1675 1136 καὶ
1700 1084 1984 1154 ἀνοσιουρ-

393 1164 666 1234 γημάτων
700 1166 796 1220 τοῦ
830 1169 916 1237 ἐφ’
955 1169 1112 1240 ήμῶν
1153 1173 1424 1242 Μανασσῆ
1463 1173 1673 1235 ἕνεκεν,
1710 1175 1807 1227 καὶ
1851 1175 1983 1245 πρὶν

399 1251 505 1321 μὲν
557 1253 873 1326 βαρυτάτην
923 1258 1166 1336 ήνεγκαν
1211 1263 1535 1332 Χριστιανοὶ
1584 1264 1683 1336 τὴν
1734 1265 1986 1320 παιδείαν

391 1345 627 1410 ἄνωθεν,
659 1347 760 1418 ήδη
789 1349 847 1402 δὲ
876 1352 972 1404 καὶ
1000 1355 1080 1415 εἰς
1110 1353 1189 1407 ἔτι
1225 1355 1317 1408 καὶ
1347 1355 1442 1408 νῦν
1475 1359 1735 1427 φέρομεν,
1762 1358 1858 1410 καὶ
1885 1360 1984 1412 οὐκ

396 1434 467 1487 ἂν
525 1436 907 1507 ἀπολήξαιμεν
964 1441 1380 1512 παιδευόμενοι,
1423 1445 1528 1509 ἕως
1573 1447 1606 1516 ή
1657 1448 1848 1516 μνήμη
1889 1446 1983 1500 τοῦ

392 1523 696 1589 δυσσεϐοῦς
742 1530 836 1582 ἐπὶ
885 1530 1142 1602 γλώσσης
1186 1533 1298 1586 τῶν
1343 1536 1669 1608 ὁμοτρόπων
1719 1537 1936 1590 ἵσταται
1965 1553 1980 1568 ⁶

391 1615 479 1667 διὸ
509 1618 606 1670 καὶ
634 1618 730 1672 νῦν
759 1620 1018 1693 εὔκαιρον
1049 1612 1225 1678 εἰπεῖν
1244 1641 1258 1656 ·
1281 1627 1390 1680 Καὶ
1429 1631 1462 1682 ό
1522 1629 1673 1694 λαὸς
1713 1631 1825 1693 οὐκ
1867 1631 1982 1684 ἀπ·
2011 1624 2015 1628 ’

2082 539 2557 609 intolerandasque
2624 541 2962 594 calamitates
3031 540 3290 608 pertulit;
3361 549 3416 593 et
3478 553 3670 608 postea

2081 630 2284 692 etiam,
2331 632 2682 699 regnantibus
2717 633 2916 699 pietate
2966 646 3031 684 ac
3057 630 3268 699 justitia
3316 631 3656 699 principibus

2083 721 2333 790 inclytis;
2383 722 2455 775 ita
2506 723 2712 792 pariter
2755 723 2826 777 oh
2860 723 3324 790 irrcligiositatem
3358 731 3522 790 atque
3575 739 3663 776 ne-

2084 811 2308 878 quitiam
2369 810 2630 867 Mauassis
2693 815 2900 878 nostri,
2952 823 3007 867 et
3071 823 3230 866 antea
3302 813 3662 881 gravissimas

2085 897 2382 954 Christiani
2432 904 2641 971 experti
2697 917 2823 957 Sunt
2855 903 3237 971 correptiones
3260 943 3274 967 ,
3305 913 3359 956 et
3405 919 3546 956 nunc
3575 920 3672 957 nos

2083 990 2446 1058 perferimus,
2479 1009 2654 1062 neque
2695 997 2820 1049 linis
2874 995 3397 1064 corripiendi-erit,
3432 997 3672 1062 quandiu

2085 1081 2231 1134 illius
2265 1082 2412 1151 impii
2463 1085 2665 1138 mentio
2712 1087 2763 1138 iu
2805 1097 3291 1139 consectaneorum
3320 1085 3499 1151 lingua
3543 1101 3665 1152 per-

2087 1172 2272 1226 stab‘t.
2320 1174 2499 1239 Quare
2530 1190 2671 1229 nunc
2717 1191 2932 1244 quoque
2961 1176 3282 1244 tempestive
3311 1177 3526 1228 dicetur
3554 1193 3566 1227 :
3607 1184 3663 1227 et

2089 1263 2319 1334 pepulus
2369 1281 2471 1318 non
2522 1277 2605 1320 est
2643 1283 2954 1331 conuersus,
2989 1269 3153 1320 donec
3200 1267 3349 1319 clade
3381 1281 3664 1334 percussus

2088 1355 2223 1423 fuit;
2255 1364 2304 1410 et
2356 1355 2637 1410 Dominum
2689 1374 2790 1410 non
2843 1360 3219 1425 requisiverunt
3245 1357 3312 1410 ⁸¹.
3350 1356 3488 1409 Ecce
3523 1357 3672 1409 enim

2086 1450 2154 1500 ah
2187 1447 2506 1501 Orthodoxia
2551 1457 2856 1502 nostrorum
2880 1448 3210 1517 dogmatum,
3258 1456 3313 1500 et
3347 1447 3434 1516 ἰ)ηυὶ
3459 1445 3678 1516 judiciis

2086 1540 2431 1594 damnantur.
2485 1540 2548 1593 Et
2599 1541 2978 1609 percutiuntur
3038 1539 3288 1609 quidem,
3326 1552 3432 1592 non
3490 1546 3673 1592 tamen

2086 1643 2500 1685 εοιινθτιιιιιιιιν.

389 1711 670 1782 εστράφη
704 1715 818 1782 ἕως
849 1718 1110 1788 ἐπλήγη,
1136 1720 1366 1776 καὶτὸν
1395 1725 1615 1791 Κύριον
1643 1728 1755 1779 οὐκ
1827 1724 2229 1793 ἐξεζήτησαν
2279 1727 2415 1781 ἀλλὰ
2483 1728 2584 1798 τῆς
2620 1727 2917 1798 εὐθύτητος
2987 1728 3097 1782 τῶν
3159 1727 3447 1799 ἡμετέρων
3471 1723 3685 1796 δογμάο
3744 1723 3756 1738 ⁴

392 1823 532 1870 των,
563 1811 658 1862 καὶ
697 1811 810 1864 τῶν
851 1813 947 1867 τοῦ
978 1815 1116 1868 Θεοῦ
1148 1819 1438 1887 κριμὰτων
1476 1820 1977 1892 καταψηφίζονται,
2021 1824 2117 1876 καὶ
2145 1823 2476 1893 πλήττονται
2515 1825 2614 1895 μέν
2635 1863 2650 1887 ,
2685 1825 2787 1878 οὐκ
2814 1825 3227 1896 ἀποστρέφουσι
3253 1825 3334 1879 δέ.

473 1920 575 1992 ξη’.
635 1924 702 1976 '0
746 1923 804 1977 δὲ
852 1925 1090 1996 μάλιστα
1133 1927 1461 2000 θριαμϐεύει
1511 1933 1694 1986 αὐτῶν
1727 1935 1826 2005 τὴν
1860 1936 1989 1988 ἀσέ-

2163 1933 2252 1988 68.
2291 1935 2532 2003 Denique
2572 1935 2715 2004 quod
2747 1935 2827 1989 vel
2865 1935 3100 1988 maxime
3149 1934 3380 1988 istorum
3427 1933 3680 2002 impieta-

395 2011 592 2080 ϐειαν,
623 2013 824 2070 οῠκουν
857 2018 1000 2072 ἑκών
1037 2036 1101 2089 γε
1140 2021 1556 2096 ὑπερϐήσομαι.
1610 2025 1832 2097 Ἐπειδὴ
1881 2025 1992 2096 γὰρ

400 2106 461 2157 ἐν
483 2105 688 2176 ὀλίγοις
726 2111 844 2174 τοῖς
891 2111 1131 2181 πρόσθεν
1177 2116 1430 2188 χρόνοις,
1467 2117 1568 2188 τῆς
1615 2118 1700 2170 ἐπ’
1737 2119 1993 2191 εὐσεϐείᾳ

405 2200 851 2272 γνωριζομένης,
889 2205 986 2258 καὶ
1016 2205 1115 2277 τὴν
1146 2207 1322 2278 ἀρχὴν
1344 2210 1445 2279 τὴν
1479 2209 1752 2280 βασίλειον
1782 2212 1996 2266 διεπού-

409 2305 514 2357 σης
549 2291 646 2361 (fi,
686 2293 1054 2368 ἀξιοζήλωτόν
1092 2315 1152 2351 τε
1208 2299 1304 2353 καί⁸
1340 2299 1524 2354 ἔνθεον
1577 2302 1818 2374 σπουδὴν
1865 2307 1996 2373 περὶ

405 2381 509 2456 τὴν
544 2385 664 2440 καθ’
704 2389 856 2458 ἡμᾶς
904 2389 1090 2444 πίστιν
1137 2391 1594 2463 ἐπιδειξαμένης,
1637 2394 1924 2466 ἐξήγειρεν
1969 2397 1996 2450 ὁ

401 2478 543 2541 Θεὸς
585 2479 647 2532 τὸ
692 2479 932 2552 πνεῦμα,
981 2483 1075 2537 καὶ
1111 2481 1380 2555 θεοκρίτῳ
1422 2485 1622 2556 ψήφῳ,
1647 2487 1749 2556 τῆς
1783 2487 1998 2552 πόλεως

398 2574 572 2644 τῆσδε
605 2577 693 2646 ἐφ’
739 2571 810 2649 ἧς
847 2578 1037 2643 κακῶς
1075 2579 1172 2633 καὶ
1203 2580 1382 2645 ἀθέως
1429 2581 1584 2652 παρά
1614 2582 1707 2635 τοῦ
1741 2583 2000 2654 ἡθροικό-

399 2685 504 2732 τος
532 2668 829 2740 ἑνίδρυντο,
861 2671 1042 2735 καλῶς
1071 2673 1169 2724 καὶ
1201 2672 1398 2736 αἰσίως
1457 2672 1779 2745 ἐξώσθησαν
1799 2693 1814 2707 °
1837 2695 1998 2747 περι-

304 2840 319 2849 σ
406 2759 688 2832 αλώμενοι
718 2757 808 2816 οἷα
842 2763 1116 2834 πλανῆτες
1143 2766 1505 2836 περιεζήτουν
1537 2767 1856 2839 θρησκείαν,
1875 2772 2000 2824 καθ’

406 2853 480 2924 ἥν
508 2855 716 2918 εἰκόνες
748 2855 846 2908 καὶ
880 2855 1256 2927 ὑπομνήματα
1286 2858 1382 2928 τῆς
1411 2857 1653 2929 Χριστοῦ
1683 2860 2002 2929 οἰκονομίας

407 2946 517 2998 οὐκ
561 2947 987 3016 ἐμφανίζονται·
1025 2949 1380 3021 εὑρίσκουσιν
1425 2949 1519 3002 οὖν
1552 2949 1615 3022 δὴ
1641 2950 1740 3022 τήν
1786 2952 2000 3023 ἐρωμέ-

409 3054 518 3106 νην
551 3040 614 3092 ἐκ
659 3040 907 3104 πλείονος
950 3041 1052 3112 τὴν
1090 3041 1410 3112 Μανιχαίων
1452 3042 1519 3114 δὴ
1558 3043 1704 3114 λέγω
1742 3044 2002 3100 ἀπιστίαν

413 3128 517 3180 καὶ
551 3127 776 3194 ἀθεῒαν,
822 3130 918 3183 καὶ
962 3133 1028 3202 τῇ
1077 3129 1204 3204 δόξῃ
1251 3133 1318 3201 τῇ
1366 3130 1592 3183 ἐκείνων
1632 3118 2008 3202 συνᾴδουσαν,

413 3220 518 3273 καί¹
576 3219 645 3274 τὰ
694 3221 838 3276 κατά
885 3221 1116 3293 γνώμην
1169 3223 1356 3286 αὐτοῖς
1413 3217 1851 3294 ἐπιτρέπουσαν,
1911 3223 2004 3276 καὶ

2103 2035 2207 2080 tem
2238 2027 2410 2096 palam
2444 2027 2592 2092 facit,
2628 2028 2680 2082 id
2721 2043 2819 2098 ego
2853 2027 2976 2082 nolo
3007 2036 3202 2094 sponte
3231 2027 3507 2080 omittere.
3545 2024 3678 2079 Nam

2100 2119 2225 2187 quia
2273 2134 2476 2187 paucos
2513 2131 2640 2174 ante
2674 2135 2868 2180 annos.
2914 2119 3178 2189 principis
3208 2116 3422 2171 feminze
3444 2157 3460 2182 ,
3491 2117 3681 2170 ortho-

2102 2213 2275 2267 doxiaa
2308 2222 2634 2267 ornamento
2677 2213 2914 2283 iuclytzc,
2947 2211 3126 2280 regale
3158 2211 3436 2279 fastigium
3489 2218 3680 2262 tenen-

2103 2304 2194 2370 tis,
2257 2305 2456 2357 mirum
2511 2312 2564 2357 et
2623 2304 2865 2357 divinum
2936 2303 3174 2356 studium
3229 2316 3326 2369 pro
3359 2301 3464 2355 fide
3494 2309 3682 2356 nostra

2104 2398 2428 2461 exsereutis,
2464 2397 2717 2466 spiritum
2763 2395 2904 2449 Deus
2933 2394 3244 2456 suscitavit,
3282 2404 3446 2462 atque
3480 2393 3532 2448 hi
3566 2407 3686 2447 sce-

2105 2489 2253 2554 lesti,
2299 2490 2447 2544 edito
2492 2488 2756 2543 divinitus
2795 2488 3033 2550 decreto,
3089 2484 3248 2555 136
3279 2499 3341 2538 ex
3380 2486 3481 2539 hac
3523 2485 3682 2550 urbe,

2105 2595 2270 2650 quam
2324 2579 2461 2634 male
2511 2579 2921 2649 irreligioseque
2961 2578 3298 2638 insederant,
3335 2577 3474 2630 bene
3505 2576 3680 2629 felici-

2107 2679 2296 2740 terque
2334 2672 2475 2742 pulsi
2535 2670 2781 2737 fnerunt;
2837 2678 3085 2724 errantes
3141 2669 3482 2738 planetarum
3537 2683 3689 2722 more

2108 2774 2313 2820 sectam
2373 2763 2684 2832 religiosam
2750 2763 3101 2830 qurerehant,
3159 2763 3212 2815 in
3263 2775 3368 2827 qua
3426 2759 3690 2830 imagines

2109 2866 2570 2925 monumentaque
2614 2854 2818 2909 Christi
2854 2853 3250 2907 incarnationis
3294 2867 3400 2904 non
3455 2865 3688 2919 appare-

2111 2957 2249 3001 rent.
2286 2945 2616 3001 lnvenerunt
2648 2956 2828 2999 autem
2862 2945 3112 3000 dilectam
3147 2943 3249 2998 sibi
3276 2940 3484 3010 jamdiu
3517 2941 3687 2994 Mani-

2110 3041 2382 3094 chaeorum
2445 3036 2883 3092 incredulitatem
2942 3043 2998 3088 et
3045 3034 3417 3097 atheismum,
3471 3046 3704 3100 suaeque-

2111 3128 2394 3184 sententiae
2433 3142 2763 3191 consonam,
2811 3124 3132 3194 placitisque
3163 3124 3462 3188 faventem,
3513 3137 3694 3190 eaque

2113 3221 2397 3276 docentem
2445 3234 2673 3290 quorum
2717 3219 2815 3288 ipsi
2859 3217 3064 3288 jamdiu
3117 3215 3392 3271 desiderio
3419 3223 3473 3269 et
3502 3229 3693 3268 amore

413 3310 596 3366 ταῦτα
655 3314 1100 3383 ἐπαγγέλλουσαν
1154 3311 1351 3386 οἷσπερ
1397 3315 1590 3385 ἥδοντο
1645 3316 1739 3368 καὶ
1789 3315 2006 3387 ἔχαιρον

2117 3314 2458 3366 tenebantur.
2507 3311 2799 3379 Propterea
2851 3310 3096 3379 plerique
3140 3309 3372 3362 istorum
3407 3317 3695 3375 postquam

417 3403 711 3477 πόρρωθεν
735 3424 748 3437 ·
791 3406 880 3460 διά
914 3406 979 3478 δὴ
1003 3406 1180 3461 ταῦτα
1219 3407 1269 3459 οἱ
1304 3407 1526 3471 πλείους
1548 3405 1729 3460 αὐτῶν
1757 3407 1858 3478 τὴν
1886 3407 2009 3462 καθ’

415 3501 575 3570 ἡμᾶς
621 3499 912 3570 ὁμολογίαν
945 3498 1256 3568 όλοτρόπως
1290 3497 1587 3569 ἀπώμοτον
1624 3499 2009 3570 ποιησάμενοι,

420 3590 613 3662 ἐκείνῃ
670 3593 736 3662 τῇ
791 3591 963 3662 λύσσῃ
1017 3589 1350 3660 προσέθεντο
1397 3589 1623 3644 τέλεονο
1660 3590 1755 3661 ἀφ’
1804 3584 1879 3646 ὧν
1919 3589 2014 3646 καί

419 3698 576 3745 τινες
625 3680 1010 3752 φωραθέντες,
1071 3679 1345 3750 τιμωρίας
1385 3679 1485 3744 τὰς
1536 3679 1817 3751 ἐσχάτας,
1854 3680 1920 3744 ἃς
1964 3681 2015 3735 οἱ

425 3771 588 3842 νόμοι
623 3771 961 3835 κελεύουσιν,
1002 3771 1190 3825 ἔτισαν
1215 3770 1293 3842 τῷ
1324 3769 1466 3841 ξίφει
1498 3772 1942 3843 παραδιδόμενοι.

505 3863 602 3931 ξθ’.
627 3864 848 3918 Τούτων
876 3863 905 3917 ὃ
931 3864 994 3934 δὴ
1021 3864 1238 3919 πάντων
1259 3863 1645 3928 ἐλεεινότατον,
1674 3865 1771 3919 καὶ
1798 3863 2016 3936 θρήνων

425 3958 530 4012 καὶ
571 3955 830 4026 οἰμωγῶν
879 3959 975 4011 καὶ
1013 3955 1268 4027 δακρύων
1315 3957 1466 4023 ἄξιον
1491 3972 1505 3988 '
1556 3960 1672 4021 τοῖς
1701 3959 2018 4028 φρονήμασι

427 4047 666 4108 καὶτοῖς
694 4045 875 4113 λόγοις
903 4046 953 4097 ot
977 4043 1075 4100 νῦν
1102 4045 1271 4116 ἱερεῖς
1305 4045 1611 4112 ὑπάγονται
1655 4049 1752 4100 καὶ
1791 4046 2018 4101 ἐπίσκοο

429 4153 532 4193 ποι
549 4137 645 4206 (9),
679 4137 775 4190 καὶ
801 4135 894 4201 οὒς
921 4136 1027 4190 ἔδει
1073 4135 1152 4199 ώς
1193 4136 1515 4192 ἀπολωλότα
1572 4137 1824 4209 πρόϐατα
1895 4141 2020 4192 ἐπι-

434 4227 700 4298 στρέφειν
730 4227 826 4280 καὶ
851 4214 1308 4289 ἐπισκέπτεσθαι,
1342 4227 1528 4292 δεξιᾶς
1582 4230 1678 4282 καὶ
1719 4229 2022 4302 ἀριστερᾶς

430 4319 816 4392 ὴμοιρηκὸτας
845 4317 1124 4388 γνώσεως,
1150 4319 1244 4373 καὶ
1276 4319 1375 4390 τῆς
1411 4319 1506 4373 τοῦ
1546 4320 1794 4392 Πονηροῦ
1850 4321 2026 4392 θήρας

435 4411 871 4480 ἁνθυπεξάγειν,
912 4411 1058 4466 κατὰ
1083 4411 1350 4483 κρημνῶν
1370 4429 1428 4470 τε
1463 4413 1556 4465 καὶ
1583 4411 1874 4482 βαράθρων
1925 4413 2025 4483 τῆς

438 4503 700 4567 ἀπιστίας
729 4503 1098 4574 ὠθουμένους,
1129 4502 1223 4571 ἀφ’
1247 4495 1322 4556 ὧν
1342 4501 1438 4554 καὶ
1471 4501 1934 4571 παρακερδαίνειν
1956 4502 2026 4556 τά

445 4595 681 4665 μέγιστα
711 4596 812 4665 τῆς
839 4593 1124 4666 σωτηρίας
1148 4593 1246 4663 τῆς
1281 4593 1507 4646 ἐκείνων
1538 4592 1724 4648 ἕνεκεν
1754 4591 1886 4663 ἐξῆν
1907 4611 1920 4625 ·
1971 4593 2026 4646 τί

442 4687 716 4758 πάσχουσι
737 4689 832 4741 καὶ
865 4687 920 4741 τί
952 4686 1239 4756 συμϐαίνει
1267 4703 1282 4753 ;
1310 4687 1636 4742 Τοὺναντίον
1673 4687 1819 4742 ἆπαν
1846 4702 1859 4716 ·
1893 4685 2026 4740 ἀλοο

439 4778 680 4850 γώτεροι
702 4779 835 4850 περὶ
863 4779 1044 4833 πάντα
1063 4767 1159 4832 καὶ
1185 4779 1618 4850 κτηνωδέστεροι
1645 4778 2027 4849 καταληφθέν-

436 4889 540 4934 τες
571 4871 663 4925 ὑπ⁹
713 4872 939 4926 ἐκείνων
993 4872 1466 4944 ἀντιθηρεύονται,
1501 4875 1598 4927 καὶ
1657 4872 1926 4944 μυοῦνται
1958 4873 2032 4927 τὰ

439 4962 807 5032 ἇθεσμα,καὶ
835 4966 900 5034 τῇ
949 4964 1155 5035 χείρονι
1203 4964 1371 5034 μοίρᾳ
1419 4963 1916 5036 μεθαρμοζόμενοι,
1950 4965 2032 5028 εἰς

440 5052 540 5106 τὸν
571 5051 761 5123 ὅμοιον
790 5053 1021 5118 ἐκείνοις
1046 5053 1140 5108 τοῦ
1165 5054 1428 5126 βορϐόρου
1451 5055 1655 5110 λάκκον
1687 5058 1786 5127 τῆς
1820 5057 2029 5130 πλάνης

524 5228 570 5261 ⁸⁸
596 5227 696 5284 lsa.
729 5245 808 5294 ix,
843 5229 931 5284 l5.

529 5388 596 5460 (Γ)
627 5387 955 5458 lntelligitur
986 5389 1079 5444 hic
1111 5387 1286 5450 lrene,
1321 5403 1442 5457 qua:
1476 5389 1636 5460 paulo
1668 5400 1790 5458 post
1823 5391 2039 5460 Copro-

456 5459 679 5531 nymun)
723 5460 992 5531 regnavit,
1037 5467 1093 5513 et
1140 5461 1372 5531 septima
1406 5459 1609 5531 indicta
1669 5459 1915 5528 generali
1952 5476 2044 5531 sy-

458 5529 603 5610 nodo
651 5529 1115 5584 lconoclastarum
1181 5529 1434 5584 haeresim
1497 5529 1864 5584 damnandam
1946 5529 2044 5585 cu-

457 5608 622 5738 “iii
641 5669 935 5739 Episcopus
967 5667 1299 5737 complures,
1322 5668 1565 5738 duosque
1598 5669 1760 5723 etiam
1785 5670 2045 5725 ohtrusos

458 5741 806 5811 patriarchas
830 5739 1184 5796 Anastasium
1225 5748 1278 5796 et
1305 5739 1757 5806 Constantinum,
1797 5742 2046 5798 adulatos

2115 3403 2516 3460 confessionem
2553 3403 2888 3457 adamussim
2933 3411 3177 3456 nostram
3211 3398 3378 3468 iurati
3413 3398 3687 3463 fecerant,

2115 3503 2388 3565 postremo
2437 3497 2674 3550 vesania:
2706 3495 2783 3548 illi
2834 3495 3222 3548 adhaeserunt:
3265 3491 3319 3545 in
3353 3506 3458 3559 qua
3503 3493 3698 3558 depre-

2117 3586 2274 3642 hensi
2305 3585 2544 3642 nonnulli
2589 3601 2903 3656 supremum
2951 3584 3300 3654 supplicium,
3356 3592 3518 3653 prout
3554 3581 3700 3652 leges

2111 3677 2328 3750 jubent,
2362 3679 2538 3751 gladio
2571 3678 2932 3735 animadversi
2965 3677 3272 3734 subierunt.

2191 3871 2280 3928 69.
2323 3871 2418 3926 Est
2465 3879 2644 3926 autem
2686 3869 2926 3924 omnium
2981 3865 3383 3926 miserrimum,
3441 3871 3497 3916 et
3531 3861 3700 3925 luctu,

2119 3968 2345 4037 gemitu,
2377 3963 2741 4033 lacrymisque
2773 3961 3019 4032 dignum,
3068 3959 3211 4030 quod
3261 3959 3326 4011 ab
3358 3958 3552 4011 horum
3584 3956 3704 4022 epi-

2123 4061 2376 4116 niouibus
2431 4071 2593 4128 atque
2647 4055 2827 4112 verbis
2886 4053 3183 4109 transversi
3252 4061 3486 4122 aguiitnr
3541 4049 3701 4118 hujus

2124 4153 2388 4224 temporis
2416 4150 2726 4206 sacerdotes
2757 4159 2919 4216 atque
2947 4146 3185 4216 episcopi
3237 4142 3449 4214 (76.77)
3476 4160 3488 4195 :
3523 4149 3576 4196 ct
3610 4141 3704 4210 qui

2125 4245 2386 4302 deberent
2419 4243 2658 4314 perditas
2695 4256 2826 4295 oves
2858 4252 3112 4292 revocare
3134 4244 3188 4290 et
3211 4235 3709 4303 inspicere,utpote

2126 4345 2274 4390 recta
2325 4335 2626 4399 dextraque
2679 4328 2950 4384 sententia
2988 4328 3337 4388 deerrantes,
3394 4331 3448 4377 et
3497 4340 3525 4376 a
3565 4322 3710 4374 mala

2127 4423 2299 4478 bestia
2337 4422 2651 4482 retrahere,
2686 4418 2785 4472 has
2825 4424 3012 4471 contra
3050 4429 3146 4482 per
3177 4412 3473 4484 praecipitia
3505 4421 3560 4466 et
3609 4411 3708 4466 ba-

2130 4511 2314 4566 rathra
2381 4508 2716 4563 inﬁdelitatis
2789 4503 3161 4576 propellunt;
3230 4517 3354 4556 cun.
3430 4505 3714 4569 oporteret

2132 4602 2312 4672 potius
2342 4600 2576 4654 maxima
2603 4598 2796 4653 salutis
2819 4594 3131 4662 adiumenta
3163 4593 3230 4648 ab
3256 4593 3340 4647 his
3367 4599 3710 4658 exspectare.

2135 4691 2274 4758 Quid
2308 4705 2466 4760 porro
2509 4705 2632 4744 cum
2663 4687 2732 4742 iis
2778 4684 2979 4756 agitur,
3009 4682 3092 4737 vel
3137 4683 3267 4752 quid
3303 4679 3541 4735 accidit?
3568 4680 3715 4733 Con-

2137 4783 2362 4838 trarium
2416 4781 2650 4851 penitus.
2709 4778 2843 4834 Cum
2904 4775 3215 4830 hebetiores
3277 4775 3388 4828 sint
3436 4773 3718 4846 magisque

2136 4875 2412 4945 magistris
2441 4873 2554 4928 suis
2595 4871 2816 4942 pecudei
2838 4908 2855 4934 ,
2885 4870 2953 4924 ab
3003 4868 3088 4924 his
3129 4868 3308 4938 potius
3340 4867 3714 4935 decipiuntur.

2135 4978 2189 5022 et
2235 4966 2420 5022 illicita
2466 4967 2750 5028 docentur,
2789 4961 3045 5017 deteriori
3082 4961 3224 5031 parti
3273 4975 3331 5014 se
3375 4959 3715 5017 addicentes,

2137 5073 2288 5129 aeque
2328 5073 2391 5113 ac
2439 5057 2512 5112 illi
2551 5057 2602 5110 in
2646 5056 2787 5113 cteni
2849 5055 3116 5126 gurgitem
3167 5052 3472 5122 pnecipiies
3533 5058 3720 5110 ruunt,

2147 5389 2314 5442 fuisse
2349 5388 2696 5456 tiopronymo
2727 5383 3093 5456 lconoclaslaa,
3129 5383 3258 5453 quin
3289 5382 3448 5456 etiam
3485 5379 3722 5449 pseudo-

2143 5461 2347 5529 syuodo
2381 5452 2684 5529 Byzantina
2729 5471 2848 5510 eam
2905 5452 3162 5529 ligerfsim
3198 5452 3722 5529 cott_lirtttasst:,_p0t‘-

2143 5521 2327 5598 spicue
2354 5521 2540 5581 narrat
2581 5526 2858 5598 Cedrenus
2886 5525 2974 5578 ed.
3008 5521 3184 5598 Paris.
3221 5534 3257 5578 t.
3291 5521 3354 5598 ll,
3395 5537 3448 5598 ρ.
3482 5521 3612 5575 465.

2215 5599 2426 5667 (76-77)
2459 5597 2699 5667 Intellige
2737 5596 2913 5667 potius
2952 5595 3237 5667 cpiscopus
3275 5593 3582 5667 suh__l.eone
3623 5592 3725 5667 A_r-

2147 5660 2303 5723 nieuo
2343 5660 2538 5722 iteruﬂt
2562 5660 3321 5733 fac'tos’IcOItoelastas{quam
3349 5664 3465 5716 illos
3494 5665 3724 5730 pseudo-

2144 5740 2335 5809 synodi
2360 5740 2459 5794 sub
2497 5738 2862 5808 Copronymo,
2891 5735 2957 5790 de
2988 5737 3185 5804 quibus
3214 5735 3372 5791 modo
3392 5735 3646 5788 disnuus.
