4004 6456
486 332 589 394 503

1517 330 1578 388 S.
1622 328 2039 387 NlCEl’iIORI

2156 322 2581 399 manusua
2620 323 2729 383 cr.
3618 325 3709 392 sui

485 456 665 495 secum
714 453 938 509 operum
967 437 1154 493 'socios
1198 436 1491 501 abducunt,
1546 450 1598 493 et
1629 447 1888 507 tanquam
1937 440 2053 492 exi-

2163 434 2833 506 συγκατακρημνίζονται,
2895 433 2992 486 καὶ
3043 436 3341 505 συνεργοὺς
3407 436 3707 508 ἐπάγονται,

488 533 701 588 tialibtts
750 530 1124 585 instrumentis
1168 545 1386 583 suarum
1421 530 1682 584 adversus
1726 533 2059 585 orthodovos

484 620 937 677 contumeliarum
987 631 1148 688 atque
1197 619 1515 689 iniuriarum
1572 631 1813 673 ttlttnlur.
1851 620 2061 689 Quippe

487 711 612 767 doni
663 711 901 780 Spiritus
955 709 1262 764 unctionem
1316 709 1531 775 penitus
1584 709 1948 776 abnegantcs,
2008 719 2060 762 et

486 818 697 858 sacram
753 800 1047 870 quamlibet
1111 801 1540 869 canonicumque
1595 801 1833 870 regulam
1898 803 2060 855 abro-

486 897 713 957 gantes,
771 897 932 958 atque
982 887 1363 943 ecclesiasticae
1414 891 1591 943 omnis
1654 891 2058 945 constitutionis

486 980 951 1050 ordinationisque
992 980 1180 1046 obliti,
1220 980 1469 1034 civilibus
1502 981 1709 1051 legibus
1740 983 2060 1050 actibusque

487 1070 713 1137 vivunt,
746 1080 799 1126 et
846 1071 1133 1125 mundanis
1192 1072 1593 1140 magistratibus
1642 1082 1767 1127 sunt
1799 1073 2057 1138 obnoxii,

486 1170 542 1215 ct
571 1163 713 1215 victu
736 1201 751 1224 ,
783 1162 1020 1214 moribus
1042 1201 1056 1225 ,
1090 1163 1535 1224 conversatione,
1562 1162 1812 1230 iudiciis,
1851 1173 2060 1216 CllllCllS

488 1252 719 1319 denique
754 1252 876 1305 vitae
925 1251 1171 1315 actibus,
1225 1252 1310 1305 bis
1355 1251 1731 1319 obtemperant
1775 1252 1842 1304 ab
1885 1252 2061 1319 iisque

488 1351 767 1411 reguntur.
814 1341 921 1396 Sed
972 1358 1078 1398 non
1129 1351 1211 1397 est
1248 1342 1363 1396 haec
1412 1341 1598 1396 Jacobi
1639 1343 1849 1411 portio,
1884 1358 2061 1412 neque

488 1433 790 1502 huiusmodi
836 1443 964 1487 sunt
1006 1433 1434 1487 orthodoxorum
1469 1435 1720 1504 dogmata
1754 1449 1815 1489 ac
1841 1445 2058 1488 senten-

489 1529 621 1591 tiae,
673 1540 855 1595 neque
907 1525 1010 1579 tale
1058 1525 1180 1580 vitae
1229 1525 1468 1593 ipsorum
1528 1526 1895 1596 propositum;
1951 1526 2061 1580 imo

489 1618 760 1672 contraria
808 1618 1065 1681 omnino,
1100 1631 1164 1671 ac
1197 1617 1273 1670 illi
1308 1617 1483 1672 solent
1523 1617 1845 1686 perditionis
1874 1631 2061 1683 opera-

490 1720 654 1772 torcs,
686 1706 730 1761 si
762 1716 911 1762 certe
955 1706 1185 1761 invicem
1212 1707 1459 1761 conferre
1492 1706 1637 1771 licet,
1678 1707 1758 1761 via
1802 1717 2055 1777 pergunt.

2160 529 2254 581 καὶ
2278 528 2470 597 ὥσπερ
2504 527 2758 597 ὀργάνοις
2784 526 2883 595 τῆς
2911 526 3190 591 ἀπωλείας
3232 528 3415 583 αὐτῶν
3444 530 3582 584 κατά
3626 537 3711 604 τῆς

2157 618 2267 670 τῶν
2287 617 2659 671 εὐσεϐούντων
2685 616 3034 687 συγχρῶνται
3062 618 3272 688 ὕϐρεως
3295 620 3393 672 καὶ
3414 620 3708 687 κακώσεωςο

2158 706 2349 777 ὥσπερ
2373 706 2481 776 γὰρ
2515 706 2619 776 τῆς
2644 707 2856 776 δωρεᾶς
2907 707 3001 761 τοῦ
3052 708 3374 781 Πνεύματος
3400 710 3498 782 τὴν
3552 716 3713 783 χρίσιν

2157 800 2340 852 τέλεον
2372 798 2696 869 ἠρνημένοι,
2728 798 2826 851 καὶ
2877 800 3060 852 πᾶσαν
3111 799 3261 870 ίεράν
3294 803 3391 854 καὶ
3446 805 3713 873 κανονικὴν

2160 887 2518 957 θεσμοθεσίαν
2546 886 2902 957 ὴθετηκότες,
2936 889 3031 941 καὶ
3071 889 3255 958 πάσης
3304 890 3407 960 τῆς
3436 892 3713 962 ἐκκλησια-

2162 981 2351 1048 στικῆς
2383 978 2682 1047 εὐκοσμίας
2714 980 2808 1031 καὶ
2853 979 3061 1044 τάξεως
3118 980 3550 1053 ἐπιλελησμένοι,
3583 985 3712 1037 πολιο

2158 1069 2331 1129 τικοῖς
2357 1067 2542 1134 νόμοις
2572 1068 2666 1119 καὶ
2714 1068 3008 1137 πράγμασι
3056 1069 3313 1138 χρῶνται,
3365 1073 3460 1123 καὶ
3507 1072 3713 1143 ἄρχουσι

2158 1161 2273 1221 τοῖς
2326 1161 2611 1227 κοσμικοῖς
2647 1159 3133 1223 ὑποπεπτώκασιν,
3186 1160 3277 1212 ὲπί
3313 1178 3373 1213 τε
3419 1160 3594 1234 διαίτῃ
3632 1165 3714 1217 καὶ

2162 1251 2262 1322 βίῳ
2291 1251 2386 1303 καὶ
2430 1250 2677 1321 πολιτείᾳ
2712 1253 2806 1304 καὶ
2838 1252 3125 1322 κρίμασιν,
3160 1254 3218 1305 ὲν
3271 1255 3408 1306 πᾶσι
3453 1257 3565 1316 τοῖς
3587 1256 3712 1308 κατὰ

2158 1344 2249 1395 τὸν
2278 1342 2391 1411 βίον
2421 1342 2806 1413 ἐγχειρήμασι,
2841 1344 3052 1406 τούτοις
3104 1345 3428 1407 ὑπείκοντες
3458 1347 3549 1397 καὶ
3600 1347 3710 1400 διοι-

2160 1433 2433 1503 κούμενοι.
2475 1433 2612 1485 Ἀλλ’
2642 1434 2738 1502 οὐχ
2784 1433 2921 1503 αὕτη
2948 1437 2981 1506 ἡ
3006 1437 3167 1505 μερὶς
3213 1435 3308 1487 τοῦ
3354 1436 3548 1488 Ἰακώϐ
3569 1452 3582 1464 °
3606 1439 3711 1490 οὐδὲ

2158 1524 2388 1578 τοιαῦτα
2419 1523 2527 1576 τῶν
2560 1524 2814 1594 εὐσεϐείᾳ
2842 1527 3237 1595 κοσμουμένων
3270 1526 3336 1580 τὰ
3358 1526 3599 1597 δόγματα
3622 1531 3708 1580 καὶ

2160 1618 2485 1687 φρονήματα
2503 1633 2515 1647 ·
2536 1615 2658 1668 οὐδὲ
2680 1615 2906 1687 τοιαύτη
2928 1617 3035 1670 τῶν
3054 1619 3529 1687 πεπολιτευμένων
3549 1622 3710 1683 αὐτοῖς

2159 1713 2191 1778 ή
2216 1709 2425 1778 αἵρεσις
2447 1723 2458 1736 ·
2483 1708 2811 1770 ἀπεναντίας
2830 1708 2941 1780 γὰρ
2958 1708 3131 1762 ἅπασι
3155 1712 3267 1772 τοῖς
3290 1711 3422 1779 περὶ
3443 1710 3547 1763 τῶν
3563 1713 3710 1780 ἔργα·

486 1803 661 1867 Atque
692 1809 749 1852 ut
793 1798 1101 1851 summatim
1135 1798 1332 1862 dicam,
1380 1798 1435 1852 hi
1465 1799 1798 1868 iniquitatem
1836 1813 2050 1851 onmem

2156 1800 2260 1852 τῶν
2283 1800 2381 1867 τῆς
2407 1798 2680 1860 ἀπωλείας
2703 1797 3274 1868 προκατειλεγμένοις,
3299 1799 3354 1850 εί
3386 1815 3448 1866 γε
3479 1800 3633 1869 ἐχρῆν
3656 1800 3709 1851 ὲκ

485 1892 750 1952 oderunt,
798 1889 1055 1942 virtutem
1087 1902 1301 1942 omnem
1338 1888 1619 1951 ambiunt,
1656 1886 1917 1958 quidquid
1964 1886 2059 1940 bo-

486 1996 612 2033 num
643 1988 724 2033 est
755 1979 1041 2043 honorant,
1073 1978 1286 2059 egregia
1320 1979 1498 2033 omnia
1534 1978 1810 2045 adamant,
1841 1993 2056 2033 omnem

485 2070 595 2127 Deo
643 2070 897 2142 placitam
929 2071 1401 2126 conversationem
1451 2081 1733 2126 sectantur
1766 2090 1776 2125 :
1813 2082 2056 2126 sanctam

482 2175 696 2215 omnem
752 2172 1065 2232 rectamque
1112 2162 1415 2217 doctrinam
1469 2163 1771 2233 recipiunt,
1800 2164 2058 2233 quidquid

484 2254 551 2305 ad
580 2265 791 2306 sacram
820 2252 1117 2307 Ecclesiam
1150 2256 1350 2308 attinet
1376 2256 1618 2309 studiose
1648 2255 1931 2322 recolunt;
1964 2272 2059 2324 per

482 2358 604 2410 quae
636 2342 746 2399 Deo
777 2345 1252 2414 appropinquant,
1303 2346 1599 2414 aeternique
1632 2347 1778 2415 regni
1815 2347 2058 2402 hmredes

485 2435 652 2498 linnt,
680 2435 996 2504 angelorum
1023 2447 1334 2501 consortes,
1371 2446 1680 2491 sanctorum
1718 2437 1965 2503 sodales;
2005 2438 2057 2491 in

482 2525 630 2580 omni
676 2526 891 2579 demum
936 2540 1029 2590 re,
1059 2528 1200 2596 quod
1232 2527 1501 2583 laudabile
1543 2538 1627 2583 est
1668 2539 1724 2583 et
1754 2531 2055 2600 egregium,

485 2613 711 2672 faciunt.
738 2614 977 2682 Quorum
1008 2614 1144 2669 nihil
1173 2615 1470 2670 adversarii
1495 2623 1738 2686 agentes,
1760 2616 2055 2684 ignominia

485 2705 792 2775 replentur,
829 2705 1135 2776 divinisque
1160 2706 1381 2776 iudiciis
1415 2708 1656 2763 damnati
1699 2708 1751 2762 in
1788 2718 2051 2762 aeternum

482 2804 666 2851 erunt.
1170 2807 1179 2814 “

554 2993 642 3050 70.
681 2994 815 3062 Quia
849 2994 961 3067 (78)
1005 3009 1130 3051 vero
1175 3009 1204 3048 a
1252 2994 1451 3050 Christi
1502 2993 1748 3049 hostibus
1794 2992 2054 3049 nonnulla

474 3087 778 3157 jactantur,
813 3100 934 3156 quae
981 3085 1251 3140 mendacii
1283 3098 1478 3154 parens
1521 3083 1633 3140 illis
1663 3084 1832 3149 aﬂlat,
1871 3083 2051 3153 agesis

481 3176 780 3248 cujusmodi
809 3176 926 3232 lucc
966 3190 1181 3246 quoque
1212 3176 1322 3229 sint
1348 3175 1776 3231 consideremus.
1801 3173 2055 3229 Glorian-

481 3278 569 3323 tur
591 3269 760 3333 enim,
797 3274 1020 3337 propter
1055 3267 1258 3321 illatam
1288 3265 1511 3339 Christo
1541 3264 1904 3334 Ecclesiaeque
1927 3278 2056 3319 con-

481 3356 783 3421 tumeliam,
813 3356 1083 3411 diuturna
1107 3357 1230 3409 vitae
1256 3356 1427 3425 spatia
1464 3369 1587 3410 cum
1613 3354 1865 3409 maximis
1897 3352 2055 3423 137

480 3446 854 3516 voluptatibus
882 3444 1146 3502 Mamonte
1171 3444 1337 3500 fuisse
1365 3459 1646 3510 concessa,
1695 3445 2057 3512 eamdemque

482 3540 762 3596 felicitatis
791 3538 1003 3594 culmen
1034 3539 1297 3608 attigisse.
1331 3536 1437 3593 Sed
1464 3549 1520 3593 et
1544 3537 1800 3593 victorias
1831 3539 1898 3591 de
1924 3537 2055 3589 Bar-

480 3631 625 3686 baris
653 3640 707 3686 et
733 3630 948 3701 egregia
981 3630 1211 3700 plurima
1242 3630 1481 3685 facinora
1513 3629 1563 3684 ei
1601 3630 1908 3695 ascribunt,
1937 3642 2056 3697 quae

478 3720 688 3775 sobrios
709 3719 959 3774 homines
991 3735 1057 3774 ne
1092 3717 1280 3774 audire
1309 3719 1528 3788 quidem
1561 3734 1774 3788 aequum
1806 3727 1910 3773 est.
1949 3716 2054 3772 Sed

478 3824 549 3864 ne
579 3808 720 3865 forte
760 3807 1028 3878 aliquibus
1062 3809 1483 3879 simplicioribus
1524 3808 1941 3878 rudioribusque
1993 3823 2052 3862 ea

421 3956 427 3963 ,
479 3900 758 3954 mendacia
804 3899 978 3952 fraudi
1011 3899 1139 3963 sint,
1184 3899 1528 3969 coarguenda
1570 3900 1777 3967 singula
1830 3915 1858 3953 a
1897 3899 2054 3953 nobis

2162 1891 2514 1960 παραθέσεως
2541 1889 2710 1942 ταῦτα
2728 1888 3044 1959 συμϐαλεῖν,
3075 1889 3187 1942 ἴασι
3205 1907 3217 1918 ·
3242 1889 3337 1942 καὶ
3353 1888 3440 1941 ἵνα
3460 1887 3709 1940 συλλαϐὼν

2161 1983 2394 2049 εἴποιμι,
2430 1980 2612 2031 πᾶσαν
2639 1980 2737 2048 μὲν
2771 1979 2971 2032 κακίαν
2990 1978 3520 2049 καταμυσάττονται,
3554 1979 3709 2029 πᾶσαν

2159 2071 2216 2124 δὲ
2244 2071 2443 2142 ἀρετὴν
2468 2068 2796 2140 προτιμῶσι,
2834 2071 2941 2123 πᾶν
2970 2068 3177 2138 ἀγαθὸν
3208 2068 3547 2138 γεραίρουσι,
3585 2083 3707 2118 παν-

2131 2160 2250 2225 ’τδς
2277 2162 2445 2217 καλοῦ
2477 2161 2703 2233 ἐρασταί
2733 2164 2863 2227 είσι,
2894 2163 3075 2215 πᾶσαν
3109 2161 3405 2232 ϐεάρεστον
3453 2160 3707 2213 πολιτείαν

2160 2257 2563 2326 ἀσπαζόμενοι,
2592 2256 2770 2309 πάντα
2816 2255 2975 2323 λόγον
3009 2255 3155 2307 ὅσιον
3187 2252 3285 2307 καλ⁵
3345 2251 3478 2323 εὐθῆ
3510 2248 3707 2321 προσιέ-

2162 2365 2333 2420 μενοι,
2365 2347 2544 2400 πάντα
2564 2348 2630 2401 τὰ
2653 2348 2755 2416 τῆς
2785 2336 3297 2417 ἱερᾶςἘκκλησίας
3333 2344 3700 2413 περιέποντες·

2158 2438 2225 2492 δι’
2259 2432 2333 2491 ὧν
2358 2438 2635 2506 ἐγγίζουσι
2667 2436 2812 2508 Θεῷ,
2846 2437 2941 2490 καὶ
2991 2436 3274 2506 βασιλείας
3306 2436 3478 2488 ἀϊδίου
3532 2434 3706 2503 κληρο-

2158 2530 2310 2601 νόμοι
2348 2530 2796 2583 ἁναδείκνυνται·
2833 2529 3083 2597 ἀγγέλων
3139 2528 3499 2598 συμμέτοχοι,
3553 2524 3702 2592 ἁγίων

2162 2620 2526 2692 συνάριθμοι·
2587 2623 2645 2675 ὲν
2702 2622 2874 2675 ἆπασι
2920 2622 2981 2673 τὸ
3034 2620 3354 2684 ἀξιέπαινον
3409 2619 3499 2672 καὶ
3549 2616 3705 2670 ἔνθεον

2160 2716 2598 2786 ἀποφερόμενον
2656 2708 2732 2771 ὧν
2790 2714 2945 2767 οὐδὲν
3002 2715 3199 2766 ἐκεῖνοι
3269 2710 3704 2783 περιπυξάμενοι

2158 2806 2417 2876 αἰσχύνης
2452 2804 2909 2877 ἐμπίμπλανται,
2963 2805 3058 2857 καὶ
3125 2803 3376 2858 ὑπόδικοι
3426 2801 3531 2855 τῶν
3565 2800 3703 2853 οείων

2158 2899 2440 2969 χριμάτων
2469 2900 2549 2961 είς
2579 2898 2751 2950 αίῶνα
2774 2898 3121 2967 γενήσονται.

2225 2997 2287 3044 o'.
2340 2988 2557 3059 Ἐπειδὴ
2584 2988 2642 3041 δὲ
2673 2989 2767 3042 καί
2798 3005 2919 3041 τινα
2967 2987 3118 3059 παρά
3166 2988 3281 3050 τοῖς
3325 2982 3703 3057 Χριστομάχοις

2157 3078 2759 3153 περιθρυλλεϊται,ἆπερ
2801 3080 2986 3143 αὐτοῖς
3042 3082 3070 3134 ὁ
3112 3079 3209 3132 τοῦ
3250 3078 3484 3148 ψεύδους
3536 3073 3697 3142 πατὴρ

2158 3170 2505 3242 ὲμπνεύσειε,
2546 3170 2679 3241 φέρε
2713 3168 2809 3222 καὶ
2841 3167 3014 3221 ταῦτα
3050 3165 3502 3236 ἐπισκεψώμεθα.
3538 3164 3701 3216 Κατα-

2157 3262 2521 3333 κομψεύονται
2556 3261 2665 3331 γὰρ
2689 3260 2776 3313 διὰ
2798 3259 2896 3330 τὴν
2935 3260 3015 3322 είς
3049 3259 3288 3327 Χριστὸν
3323 3258 3416 3310 καὶ
3464 3253 3558 3323 τὴν
3596 3251 3703 3302 Ἐκ-

2156 3352 2389 3423 κλησίαν
2423 3349 2602 3421 ὕϐριν,
2660 3350 2887 3420 χρόνους
2928 3349 3230 3418 μηκίστους
3258 3347 3359 3401 καὶ
3408 3355 3698 3413 παρατετα-

2160 3444 2327 3514 μένην
2360 3441 2524 3513 ζωὴν,
2581 3442 2674 3494 καὶ
2708 3439 2820 3509 βίον
2882 3439 3096 3508 εὐπαθῆ
3153 3432 3596 3509 ἑκμεμετρῆσθαι
3640 3426 3702 3497 τῷ

2155 3534 2429 3604 Μαμωνᾷ,
2483 3533 2576 3585 καὶ
2629 3531 2931 3601 εὐημερίας
2982 3533 3062 3593 είς
3099 3530 3268 3600 ἀκρον
3317 3527 3525 3587 ὲλάσαι,
3569 3520 3703 3580 νίκας

2157 3625 2305 3694 αὐτῷ
2376 3625 2519 3678 κατά
2594 3622 2887 3694 βαρϐάρων
2949 3610 3044 3674 καὶ
3118 3618 3586 3691 ἀνδραγαθήματα
3640 3606 3702 3668 ὡς

2156 3719 2384 3773 πλεῖστα
2415 3719 2836 3787 ἐπιγράφοντες,
2890 3716 2925 3770 ἃ
2975 3717 3090 3778 τοῖς
3124 3715 3223 3784 μὲν
3275 3712 3550 3782 σώφροσιν
3597 3700 3701 3757 οὐδὲ

2156 3812 2235 3873 είς
2264 3810 2525 3878 ἀκρόασιν
2547 3809 2802 3879 ἔρχεσθαι
2832 3806 3073 3868 δίκαιον⁸
3095 3806 3171 3869 ὡς
3198 3805 3243 3857 δ’
3278 3804 3349 3858 ἂν
3378 3801 3487 3856 τῶν
3517 3796 3699 3853 ἁπλου-

2158 3901 2360 3969 στέρων
2378 3901 2410 3972 ἢ
2426 3900 2813 3971 ἀμαθεστέρων
2837 3900 3011 3966 τιγάς,
3032 3901 3145 3962 τοῖς
3162 3900 3228 3952 ὲκ
3242 3899 3344 3967 τῆς
3362 3894 3570 3961 ἀπάτης
3590 3889 3701 3941 ἀνα-

2156 3993 2425 4063 πλασμοίς
2470 3992 2544 4062 μὴ
2591 3992 3054 4061 παραϐλάπτοιεν,
3105 3990 3318 4043 τούτων
3355 3983 3700 4040 διευθύνοντες

2154 4083 2379 4149 ἕκαστα,
2393 4086 2567 4147 κενοῖς
2584 4083 2760 4151 λόγοις
2778 4083 3006 4144 ἑαυτοὺς
3022 4079 3465 4152 φαινακίζοντας,
3483 4075 3597 4134 τοὺς
3616 4084 3702 4139 μα-

2152 4175 2480 4245 ταιόφρονας
2509 4176 2897 4245 ἀποφήνωμεν,
2926 4173 3049 4227 Ὅτι
3075 4175 3172 4244 μὲν
3196 4173 3307 4242 γὰρ
3341 4174 3367 4224 ό
3392 4169 3503 4240 βίος
3531 4160 3700 4226 ἐκείνῳ

2155 4266 2487 4335 πάναισχρος
2518 4263 2781 4334 γεγονὼς,
2802 4264 3089 4336 βδελυκτὸν
3110 4266 3202 4316 καὶ
3215 4261 3334 4332 Θεῷ
3351 4261 3441 4314 καὶ
3454 4253 3697 4324 ἀγγέλοις,

475 4001 655 4057 erunt,
711 4000 770 4045 ut
821 4001 1154 4062 quantopere
1183 3992 1333 4046 stulti
1382 4006 1443 4047 se
1469 3992 1619 4062 ipsos
1663 3993 1921 4047 inanibus
1969 3992 2054 4046 his

476 4082 820 4138 sermonibus
863 4083 1231 4150 lndilicentur,
1279 4083 1606 4155 intelligant.
1657 4083 1827 4153 Igitur
1858 4092 2053 4139 cuncta

476 4175 625 4230 illius
653 4190 911 4246 perquam
959 4178 1135 4246 turpia
1181 4175 1371 4239 fuisse,
1407 4189 1642 4244 eumque
1678 4175 1810 4240 Deo,
1844 4174 2051 4243 angelis

476 4283 542 4323 ac
596 4268 866 4337 religiosis
924 4268 1230 4322 hominibus
1290 4266 1682 4321 exsecrabilem
1738 4266 2049 4328 exstitisse,

472 4359 699 4413 minime
722 4368 805 4414 est
831 4359 1147 4413 obscurum.
1182 4356 1318 4409 Nam
1353 4371 1474 4409 eum
1507 4356 1559 4410 in
1591 4356 1738 4409 omni
1787 4370 1845 4409 se
1872 4355 2051 4409 libidi-

2156 4357 2459 4430 ἀνθρώποις
2470 4376 2530 4412 τε
2546 4361 2657 4422 τοῖς
2678 4358 2965 4412 εὐσεϐοῦσι
2983 4357 3239 4427 καθίστη,
3262 4358 3365 4410 οὐκ
3388 4344 3696 4421 ἀσυμφανές’

472 4464 603 4503 num
660 4463 860 4521 genere
907 4449 1073 4503 miser
1133 4449 1222 4503 hic
1266 4449 1569 4513 volntaret,
1625 4447 1802 4516 iisque
1849 4463 2048 4517 corpus

2156 4453 2247 4503 καὶ
2276 4450 2384 4520 γάρ
2437 4452 2516 4513 είς
2568 4449 2636 4503 τά
2676 4448 2877 4520 σαρκὸς
2931 4448 3078 4518 πάθη
3132 4431 3697 4528 κατασυρόμενοςυῖὴν

472 4555 632 4595 suum
671 4551 726 4595 et
757 4541 994 4595 animam
1022 4548 1444 4609 conspurcaret,
1477 4554 1597 4609 quae
1626 4539 1878 4593 Barbaris
1912 4555 2046 4608 quo-

469 4646 577 4701 que
603 4640 658 4686 et
706 4629 941 4685 ethnicis
991 4630 1157 4684 vetita
1207 4639 1364 4694 sunt,
1423 4629 1580 4701 longe
1631 4630 1864 4698 pecudes
1899 4633 2045 4700 ipsas

473 4725 716 4779 fmditate
759 4722 1056 4791 superavit.
1104 4722 1284 4790 Atque
1330 4721 1444 4776 haec
1497 4736 1603 4775 non
1655 4722 1809 4789 pauci
1866 4724 1957 4791 qui
1992 4723 2042 4777 ei

470 4814 777 4868 administri
826 4813 1043 4866 fuerunt
1089 4822 1144 4868 et
1198 4812 1372 4866 adhuc
1406 4812 1622 4876 vivunt,
1662 4813 1842 4866 testari
1892 4820 2044 4881 pote-

471 4914 636 4969 runt;
666 4920 766 4958 nec
803 4919 906 4957 non
942 4912 996 4956 et
1025 4904 1175 4956 varia
1211 4903 1452 4972 corporis
1485 4904 1822 4957 incommoda
1851 4906 2046 4974 quibus

2155 4542 2261 4596 τῶν
2288 4542 2499 4609 ἀλόγων
2557 4540 2713 4607 ζώων
2770 4540 3055 4611 παρήλασε
3101 4537 3431 4608 κτηνωδίαν·
3463 4532 3568 4589 τοῖς
3610 4524 3699 4575 ἀπ’

2151 4633 2542 4704 ηγορευμένοις
2575 4633 2670 4687 καὶ
2703 4631 2995 4703 βαρϐάροις
3043 4631 3139 4683 καὶ
3157 4629 3407 4699 Ἕλλησι,
3440 4621 3530 4676 καὶ
3563 4613 3700 4681 σῶμα

2154 4729 2251 4781 καὶ
2276 4727 2455 4797 Φυλὴν
2474 4728 2501 4779 ὁ
2530 4726 2764 4789 δείλαιος
2793 4724 3257 4796 ἐμμολυνόμενος.
3287 4721 3399 4775 Καὶ
3428 4714 3591 4770 ταῦτα
3611 4705 3695 4803 οὑξ

2154 4818 2417 4887 ὀλίγιστοι
2466 4819 2577 4873 τῶν
2638 4816 3346 4891 ὑπηρετησαμένων,αὐτῷ
3401 4811 3558 4882 μέχρι
3613 4813 3693 4891 79³

2159 4908 2322 4979 δεῦρο
2350 4910 2635 4980 περιόντες
2666 4888 3182 4978 ἀπαγγελλέτωσαν,
3207 4906 3322 4978 μεθ’
3351 4898 3423 4958 ὧν
3444 4900 3532 4953 καὶ
3551 4888 3696 4946 τᾶλλα

473 4997 617 5051 idem
655 4995 759 5049 fuit
805 4995 1094 5049 obnoxius.
1132 4993 1417 5048 Doloribus
1459 4993 1602 5047 enim
1641 5003 1804 5064 atque
1837 4996 2053 5049 crucia-

2157 4997 2193 5051 ἃ
2241 5001 2371 5069 περὶ
2403 5000 2463 5053 τὸ
2524 5000 2686 5072 σῶμα
2744 4999 2895 5071 αὐτῷ
2941 5001 3195 5070 ἀπήντα’
3240 4997 3343 5067 ἤδη
3378 4992 3485 5062 γὰρ
3536 4984 3696 5038 πόνοις

2155 5154 2355 5207 codicis
2385 5154 2667 5210 Parisiaci.
2703 5151 2812 5208 Nos
2835 5168 2963 5207 vero
2989 5155 3202 5224 demum
3231 5135 3695 5224 _contpe_rim_|'|9_!"°°

2155 5224 2517 5291 fragmentum
2570 5224 2624 5277 in
2677 5225 2888 5277 duobus
2930 5223 3159 5291 iueditisr
3193 5212 3465 5291 chronicis
3513 5212 3693 5291 Vflllfy

2156 5276 2375 5360 Georgii
2432 5276 2621 5364 nempe
2662 5276 2993 5356 llamartoli,
3040 5308 3094 5364 p.
3144 5290 3281 5364 189,
3311 5276 3695 5364 ειμιίοιξιιηίεὲξξ

2109 5354 2118 5369 ’
2160 5342 2381 5430 ἐιῖιῖῖιιζ
2432 5342 2584 5417 ’33ὀῖ
2600 5342 3193 5427 magis"suisea
3220 5342 3695 5430 incitiocriierwh‘uc

2157 5412 2578 5499 ἑέὲιιίιιῖιιιιῖἷὶι
2619 5412 2903 5502 {timuistis
2948 5412 3312 5502 (fliﬁronicisia‘
3338 5434 3514 5500 nosti-9
3561 5412 3695 5502 Niffg

2157 5487 2523 5569 phuri'tulius
2569 5487 2748 5569 op'cris
2797 5503 3022 5564 codice,
3061 5501 3145 5555 cui
3197 5512 3372 5572 tamen
3419 5490 3569 5572 unice
3603 5487 3692 5572 1'33

2155 5544 2541 5626 ἓιᾶιὶἱιὲιιὲἇζιίῖὶἱι
2570 5544 3177 5641 Ἔᾶἰᾲῑίιῖιῖἱέῗιῖιῇὄῐο
3198 5544 3439 5638 "integro
3475 5569 3526 5615 et
3568 5544 3689 5608 nulla

2155 5642 2474 5712 cujusquam
2509 5658 2669 5697 manu
2703 5641 3045 5709 interpolato.

544 5153 659 5225 (78)
709 5150 1034 5225 Seqttcntem
1074 5148 1466 5225 sesquipaginm
1507 5155 1748 5225 tractum
1788 5148 1859 5202 ait
1891 5148 2048 5225 Peta-

544 5168 659 5225 μδ)
709 5168 1034 5206 beiucntem
1074 5168 1466 5220 sesqntpagtuw
1507 5168 1738 5201 ll'llClllm
1788 5168 1859 5202 ait
1891 5168 2044 5203 reta-

473 5227 594 5278 vius
624 5241 681 5277 se
721 5225 771 5276 in
801 5168 1081 5279 i’arisiaco
1135 5220 1469 5288 Theophanis
1512 5218 1700 5271 codice
1739 5218 2044 5281 invenisse,

474 5305 729 5363 tanquam
766 5307 830 5346 ex
866 5287 1171 5363 iiiccpunro
1210 5287 1556 5363 excerptum,
1586 5288 1965 5363 qumljdcirco
1993 5291 2047 5344 in

470 5357 622 5424 calce
656 5365 836 5433 posuit
873 5357 1235 5433 Historiarum
1270 5357 1561 5433 Nicepbnuri
1592 5357 1645 5409 in
1681 5358 1916 5433 editian
1947 5359 2055 5413 Lu—

474 5426 670 5503 parea:
697 5432 1002 5503 Caeteroqui
1036 5432 1124 5485 hic
1166 5441 1371 5503 tractus
1407 5426 1458 5503 in
1501 5426 1847 5503 Theophanis
1880 5431 2055 5484 Chro-

476 5498 600 5558 ilico
642 5519 765 5572 quon
800 5498 1024 5572 legitur_.
1071 5515 1245 5569 neque
1292 5501 1359 5552 ad
1414 5499 1468 5572 id
1520 5498 1793 5572 pertinere
1840 5510 2050 5572 potest,

475 5567 912 5643 quandoquidem
944 5567 1354 5643 Theophanes
1379 5567 1535 5635 plene
1571 5568 1811 5643 Satisque
1835 5570 2051 5643 Δ«ιορω-

472 5639 741 5723 ῥτοιιγιιιῤ
773 5640 993 5722 proprio
1024 5641 1075 5693 in
1122 5640 1237 5694 loco
1278 5640 1497 5706 suisque
1529 5639 1708 5723 verbis
1741 5639 1891 5720 dixit.
1929 5639 2052 5692 Fuit

479 5708 659 5782 itaque
703 5708 806 5766 hoc
862 5710 1039 5781 potius
1083 5722 1441 5776 extravagans
1493 5708 1707 5776 aliquod
1770 5708 2049 5781 πάρεργον
