4004 6436
350 341 466 407 505

1047 343 1675 406 ANTIRRHETICUS
1713 347 1806 408 ΙΙΙ
1846 347 2017 412 ADV.
2056 349 2651 412 CONSTANTINUM
2690 351 2885 410 (ΣΟΡῆ

3505 343 3608 408 ῦῦϐ

351 458 456 510 καὶ
487 454 782 524 ἀλγηδόσιν
812 453 1096 526 ἀρρήτοις,
1133 452 1223 510 οἷα
1243 459 1393 522 εῑκδς
1427 460 1554 521 τοὺς
1583 460 1938 530 ήλκωμένους

2065 463 2216 530 ibus,
2247 465 2336 534 qui
2368 463 2623 532 explicari
2675 464 2904 518 dicendo
2936 471 3206 532 nequeunt
3241 462 3608 516 excarnifica-

351 546 618 616 πάσχειν,
671 544 1018 616 βαλλόμενος,
1049 549 1304 618 πονήρως
1356 549 1454 603 καλ⁸
1509 551 1750 622 ἀνιαρῶς
1795 551 1936 620 ἄγαν

349 635 626 690 διέκειτο·
653 633 750 688 καί
778 649 902 689 τινα
931 636 1042 689 τῶν
1075 638 1256 707 μελῶν
1300 639 1407 693 ὑπὸ
1453 639 1564 692 τῶν
1613 640 1788 694 ἑλκῶν
1833 643 1939 694 ἀπ-

351 724 654 796 ηχρείωτο),
672 724 766 777 καί
789 740 904 787 πως
933 726 1026 779 καὶ
1059 727 1303 796 σαρκίων
1328 729 1490 782 τινῶν
1506 732 1937 802 ἀπερρυηκότων

358 816 549 887 αὐτῷ·
585 817 954 897 συνεχέστατα
989 818 1046 872 δὲ
1077 818 1182 872 ὑπὸ
1211 819 1323 874 τῶν
1370 823 1634 893 ἐριννύων
1681 823 1937 893 ἐκδειμα-

362 910 648 980 τούμενος,
721 909 938 978 πικρῶς
1003 912 1098 967 καὶ
1148 912 1400 976 ἐλεεινῶς
1454 913 1547 967 τὸν
1624 915 1939 984 νυκτερινὸν

365 1001 558 1072 χρόνον
579 1001 810 1069 διήνυεν.
842 1003 972 1066 ῐσως
991 1004 1106 1066 τοῖς
1129 1005 1512 1075 συγκειμένοις
1541 1007 1937 1077 ἐφυστερίζων,

361 1091 842 1161 ἀντεπεξαγούσης
896 1093 997 1162 τῆς
1047 1094 1180 1164 παρ’
1223 1095 1390 1149 αὐτοῦ
1445 1096 1787 1166 διωκομένης
1845 1098 1940 1150 πί-

364 1197 561 1246 στεως.
603 1179 892 1250 Παρείσθω
905 1183 976 1234 τὰ
1005 1181 1100 1235 νῦν
1125 1181 1308 1252 λέγειν
1332 1184 1396 1238 τὸ
1424 1189 1524 1254 τῆς
1541 1185 1752 1255 διαίτης
1777 1185 1942 1256 ἀηδές

360 1290 423 1327 τε
446 1273 541 1326 καὶ
573 1271 848 1342 αἴσχιστον
867 1288 882 1302 ·
900 1273 1036 1344 ὅπερ
1056 1273 1168 1344 γὰρ
1192 1275 1258 1329 ἂν
1284 1276 1625 1348 προσάραιτο
1660 1275 1939 1347 βρώσεως,

329 1365 432 1442 ,οὐ
462 1365 649 1418 τέλεον
680 1365 1012 1431 καταποθὲν,
1066 1367 1220 1437 παρά
1263 1369 1387 1432 τοὺς
1440 1369 1669 1438 ἐμέτους
1713 1368 1944 1438 ἔφθανεν

370 1456 764 1526 ἐκκρινόμενον
783 1471 796 1486 ο
831 1456 892 1508 τὺ
917 1456 972 1508 δὲ
1005 1457 1135 1528 περὶ
1167 1459 1293 1522 τοὺς
1313 1459 1792 1529 ὐπηρετουμένους
1823 1461 1942 1510 ira.

371 1548 478 1617 μὸν
498 1548 592 1601 καὶ
623 1546 889 1618 θηριῶδες
911 1549 1004 1600 τοῦ
1039 1549 1266 1620 τρόπου,
1296 1551 1392 1604 καὶ
1417 1552 1516 1621 τῆς
1552 1550 1858 1622 ὑπηρεσίας
1881 1551 1943 1604 τὸ

362 1638 826 1708 δυσαχθέστατον,
857 1641 1015 1692 ὁποῖα
1048 1641 1115 1693 ἄν
1144 1657 1228 1704 τις
1266 1639 1412 1694 εἴποι
1441 1643 1511 1694 τά
1553 1641 1792 1712 φέροντα
1835 1641 1944 1695 σώ-

367 1746 555 1800 ματα;
611 1729 852 1794 Μάστιξι
901 1730 1011 1800 γὰρ
1043 1731 1285 1802 ἑκάστης
1316 1732 1544 1796 πολλαῖς
1594 1733 1943 1799 καταξαίνων

365 1820 550 1874 αὐτῶν
583 1821 652 1874 τά
685 1819 834 1874 νῶτα
857 1823 951 1874 καὶ
977 1823 1074 1886 τὰς
1097 1821 1325 1890 ὠλένας,
1353 1824 1504 1877 οὐδὲν
1533 1823 1643 1877 τῶν
1677 1825 1946 1895 σαρκοϐό-
1979 1804 2018 1857 Β

289 1919 321 1950 -“
368 1933 485 1988 ρων
509 1915 716 1987 θηρίων
749 1915 1268 1988 φιλανθρωπότερον
1296 1915 1588 1984 ἔπραττεν,
1621 1915 1862 1986 ἐκτομὰς
1889 1915 1946 1968 δὲ

374 2006 558 2076 μελῶν
596 2007 691 2060 καὶ
721 2007 1020 2077 ὀφθαλμῶν
1061 2007 1362 2080 πηρώσεις,
1399 2009 1492 2062 καὶ
1539 2007 1610 2061 τὰ
1655 2007 1790 2062 ἄλλα
1847 2008 1946 2060 ὅσα

369 2098 526 2155 δεινά
576 2095 936 2169 κολαστήριιὶ,
995 2102 1093 2154 καὶ
1159 2101 1378 2169 σφαγὰς
1447 2101 1670 2165 ἀδίκους
1733 2101 1946 2171 ἀνδρῶν

377 2188 597 2253 ἀθὼων,
627 2191 718 2244 καὶ
758 2195 884 2254 τοὺς
921 2191 1008 2245 διὰ
1036 2191 1211 2262 πυρὸς
1259 2193 1626 2262 πικροτάτους
1655 2193 1945 2258 θανάτους,

376 2283 435 2335 τί
475 2281 577 2352 χρὴ
600 2281 691 2335 καὶ
717 2281 898 2350 λέγειν
920 2298 936 2346 ;
957 2277 1054 2346 υἷς
1085 2283 1184 2351 μὲν
1213 2282 1548 2352 βασκαίνων,
1581 2283 1834 2355 ἀνδρείας
1856 2283 1952 2336 καὶ

373 2374 580 2444 ἀρετῆς
614 2369 674 2456 εξ
707 2373 919 2446 ἔχουσιν
941 2389 956 2404 °
990 2369 1072 2437 οἷς
1122 2375 1178 2428 δὲ
1231 2375 1328 2428 τοῦ
1379 2375 1696 2446 ἐκπρεποῦς
1735 2377 1829 2430 καὶ
1857 2376 1950 2428 ἐπὶ

369 2466 542 2519 ποσὸν
593 2467 966 2537 προηγμένοις
1019 2467 1114 2520 ἐπὶ
1151 2469 1214 2522 τὸ
1270 2466 1578 2537 εὔχρηστον
1606 2484 1618 2498 ⁸
1666 2467 1798 2536 περὶ
1842 2465 1950 2544 γὰρ

364 2555 486 2608 τῶν
509 2555 606 2624 τῆς
624 2555 910 2619 εὐσεϐείας
941 2557 1150 2611 εἵνεκεν
1197 2557 1428 2611 τοιαῦτα
1457 2559 1554 2612 καὶ
1596 2559 1804 2611 τούτων
1835 2557 1951 2628 χεί-

369 2659 508 2714 ρονα
533 2645 869 2716 πασχόντων,
897 2647 1092 2718 ἑτέρας
1125 2645 1310 2718 δεήσει
1341 2648 1671 2718 συγγραφῆς
1701 2648 1795 2700 καὶ
1845 2645 1950 2716 τῆς

368 2736 689 2806 κρείττονος
716 2735 817 2806 (It).

451 2833 552 2880 oa'.
603 2822 742 2882 Εἶτα
773 2826 912 2898 πρὸς
959 2827 1038 2899 τῷ
1077 2828 1223 2882 τέλει
1273 2829 1384 2884 τῶν
1423 2831 1610 2884 κακῶν
1639 2831 1952 2901 γενόμενος,

376 2917 482 2972 καὶ
507 2917 758 2989 πυρετῶν
783 2917 1010 2990 ὀξύτησι
1040 2920 1133 2972 καὶ
1155 2918 1458 2987 φλογώσεσι
1481 2920 1956 2992 καταπιμπράμε-

377 3027 498 3073 νος,
528 3012 624 3082 τῆς
661 3009 1020 3080 ὲκδεξομένης
1055 3010 1232 3064 ἀὐτὸν
1259 3011 1484 3080 γεέννης
1513 3011 1614 3082 τὴν
1651 3011 1828 3080 φλόγα
1853 3013 1956 3082 ἑμ-

378 3099 572 3170 φανῶς
589 3097 970 3170 προορώμενος
989 3098 1424 3168 κατωπτρίζετο,
1440 3097 1648 3151 καὶτοῦ
1675 3097 1956 3168 σκώληκος

371 3193 480 3248 τοῦ
509 3195 812 3265 ἀκοιμήτου
835 3192 903 3246 τὰ
925 3193 1206 3263 δήγματα,
1236 3189 1492 3249 σύντονόν
1519 3208 1575 3244 τε
1601 3192 1696 3244 καὶ
1716 3189 1960 3260 γεγωνὸς

375 3287 592 3342 ἐκϐοῶν
617 3285 1039 3356 ὲνδελεχὲστατα
1062 3301 1076 3315 ⁸
1105 3285 1204 3354 τῆς
1221 3283 1450 3354 γεέννης
1473 3281 1646 3337 ταῦτα
1669 3279 1960 3354 προαύλιαο

377 3380 640 3434 ἐντεῦθεν
671 3379 844 3452 μικρά
863 3379 961 3448 τῆς
989 3377 1250 3440 ἀσεϐείας
1289 3376 1737 3446 συναισθόμενος,
1769 3377 1868 3446 τῆς
1900 3375 1965 3428 ὲκ

379 3471 502 3542 τῆς.
521 3473 652 3544 παρ’
673 3470 834 3542 ήμῶν
866 3470 1104 3533 πίστεως
1161 3469 1334 3544 ἐδεῖτο
1395 3467 1714 3536 ἐπικουρίας
1739 3467 1835 3536 (i)'
1864 3467 1965 3518 ὲπ-

384 3542 681 3632 ἐτρεπέήτε
731 3563 844 3625 τοῖς
870 3542 1280 3631 παρεπομένοις
1313 3559 1422 3612 τῶν
1463 3559 1682 3628 ἱερέων,
1741 3558 1810 3610 τά
1851 3558 1962 3610 τῶν

383 3653 737 3726 Χριστιανῶν
804 3653 1096 3725 προσᾴδειν
1153 3652 1275 3722 ἱερά
1333 3650 1740 3721 μελῳδήματαο
1796 3649 1847 3700 οἱ
1905 3647 1964 3701 δὲ

315 3738 328 3744 ’
384 3746 664 3820 πρόθυμοι
691 3741 1114 3804 ἀπσναίνεσθαι,
1151 3741 1228 3805 ὡς
1261 3741 1404 3810 μήτε
1430 3739 1632 3792 εἰδέναι
1661 3739 1804 3809 μήτε
1837 3733 1968 3808 ᾆσαι

385 3836 764 3902 πώποτε,εῐτε
791 3839 910 3899 ταῖς
943 3831 1226 3905 ἀληθείαις
1253 3829 1430 3894 οὕτως
1456 3829 1700 3899 ἔχοντες,
1737 3829 1848 3880 εἴτε
1869 3826 1968 3897 τὴν

384 3930 601 3985 ἐκείνου
622 3925 1092 4000 κατορῤωδοῢντες
1105 3924 1364 3994 ὠμότητα
1381 3923 1472 3976 καὶ
1488 3920 1548 3973 δυ
1556 3939 1585 3972 σ
1591 3921 1828 3991 μένειαν.
1845 3918 1970 3970 Τοι-

385 4023 586 4084 αύταις
619 4018 964 4092 εὐημερίαις,
985 4017 1266 4078 τοιαύταις
1300 4011 1615 4074 εὐπαθείαις
1636 4009 1972 4064 ἑναναπαυό-

391 4129 579 4188 μενος,
607 4112 698 4182 ὑφ’
727 4106 802 4164 ὧν
831 4111 896 4182 δὴ
943 4107 1324 4177 Διοκλητιανόν
1371 4122 1431 4158 τε
1490 4104 1584 4157 καὶ
1628 4102 1973 4188 Μαξιμιανον

381 4203 847 4266 συντελεσθέντας
885 4199 1182 4270 ἀκούομεν,
1224 4192 1368 4252 οὕτω
1410 4196 1578 4260 κακὸς
1651 4194 1836 4258 κακῶς
1880 4187 1976 4247 καὶ

391 4293 602 4358 ἀθλίως
629 4293 1021 4362 ἀπολλύμενος,
1053 4289 1312 4343 καταλύει
1338 4288 1429 4342 τὸν
1460 4286 1573 4356 βίον
1595 4301 1608 4314 ·
1634 4285 1892 4357 τεθνήκει
1917 4285 1974 4338 δὲ

395 4383 753 4456 πλοῖζόμενος
785 4381 1032 4452 σημείοις
1075 4381 1216 4433 τισὶν
1276 4378 1430 4440 ἐκτὸς
1464 4377 1565 4447 τῆς
1598 4365 1864 4446 βασιλίδος
1893 4374 1975 4426 δι-

2038 563 2145 620 tus,
2197 555 2496 624 cujusmodi
2532 556 2778 630 ulcerosa
2812 567 3038 621 corpora
3084 551 3288 621 perpeti
3319 561 3610 605 consenta‘

2039 662 2197 700 neum
2224 656 2329 712 est,
2363 647 2503 700 male
2533 660 2944 712 :erumnoseqne
2966 654 3084 698 erat
3104 643 3346 698 allectus.
3386 643 3602 697 Etenim
3673 681 3678 686 .

2038 738 2294 792 nonnulla
2328 724 2577 792 membra
2603 738 2874 796 ulceribus
2907 739 3068 791 adesa
3101 747 3277 798 erant,
3312 733 3611 789 dlmttenti-

2038 831 2139 884 bus
2170 831 2412 884 carnium
2449 833 2714 900 partibus.
2751 830 2855 885 Sed
2884 839 2940 884 et
2983 841 3242 899 perpetuo
3285 829 3438 884 furiis
3487 844 3611 897 per-

2001 923 2292 986 ‘territns,
2353 923 2580 980 moleste
2639 933 2964 977 nocturnum
3033 932 3244 990 tempus
3304 919 3612 987 misereque

2042 1014 2392 1077 traducebat,
2434 1014 2728 1069 deliberata
2762 1014 2989 1068 fortasse
3030 1013 3255 1067 consilia
3289 1011 3606 1074 demoratus,

2041 1107 2168 1160 dum
2223 1106 2273 1160 ei
2335 1115 2523 1161 vexata
2589 1106 2773 1176 religio
2835 1121 2901 1160 ex
2965 1105 3192 1160 adverso
3251 1105 3607 1158 consisteret.

2043 1197 2450 1268 Omittqvictus
2480 1197 2854 1252 insnavitatem
2886 1213 2948 1252 ac
2993 1196 3378 1266 turpitudinem
3405 1213 3419 1249 :
3447 1195 3610 1263 quid-

2043 1291 2170 1361 quid
2203 1290 2346 1344 enim
2377 1291 2482 1345 cibi
2517 1305 2612 1360 per
2649 1290 2831 1344 fauces
2861 1289 3170 1356 traiecerat,
3205 1290 3256 1344 id
3289 1289 3473 1343 statim
3512 1303 3614 1340 vo-

2043 1381 2263 1435 mitibus
2309 1382 2658 1435 excernehat.
2697 1380 2937 1448 Namque
2970 1381 3113 1434 illam
3147 1382 3198 1432 in
3245 1379 3475 1432 fauiulos
3512 1393 3616 1431 saa-

2045 1471 2232 1525 vitiam
2265 1485 2330 1524 ac
2378 1469 2672 1536 feritatem,
2704 1481 2866 1540 atque
2913 1471 2966 1523 in
3015 1471 3291 1538 exigendis
3337 1469 3616 1538 obsequiis

2045 1563 2426 1625 acerbitatem,
2489 1575 2736 1629 quanam
2810 1575 3069 1630 oppressa
3133 1574 3364 1628 corpora
3433 1560 3617 1611 dicere

2045 1652 2282 1722 queant?
2312 1651 2672 1706 Caedebantnr
2698 1651 2941 1721 quotidie
2965 1649 3148 1719 plagis
3181 1650 3361 1702 multis
3396 1649 3616 1701 illorum

2048 1755 2196 1812 terga
2243 1745 2488 1813 ulna'que
2524 1759 2538 1796 :
2581 1757 2755 1810 neque
2797 1742 2930 1798 feris
2984 1743 3287 1798 carnivoris
3323 1740 3616 1795 immanius

2049 1837 2102 1891 in
2149 1850 2242 1889 eos
2275 1833 2458 1890 ﬁebat.
2499 1833 2618 1889 Jam
2662 1835 3031 1890 membrorum
3078 1833 3620 1897 mutilationes,ocu-

2049 1925 2224 1980 lorum
2257 1925 2650 1978 exczecatioues
2673 1963 2688 1988 ,
2718 1939 2783 1978 ac
2817 1922 3026 1991 reliqua
3057 1922 3108 1976 id
3149 1937 3319 1993 genus
3347 1923 3618 1976 horrenda

2049 2015 2330 2086 supplicia,
2359 2017 2679 2084 iniquasque
2701 2013 3098 2070 immerentintn
3119 2013 3396 2067 hominum
3422 2015 3617 2075 caedes,

2049 2119 2103 2163 et
2151 2107 2532 2161 acerbissimas
2585 2107 2638 2158 in
2687 2104 2920 2159 ﬂammis
2955 2114 3188 2167 mortes,
3235 2105 3365 2173 quid
3426 2106 3622 2158 attinet

2049 2197 2345 2254 enarrare?
2369 2211 2598 2266 quorum
2635 2195 2829 2264 partim
2875 2195 3179 2248 fortitudini
3211 2194 3504 2261 virtutique
3536 2193 3620 2245 in-

2051 2289 2287 2352 ridebat,
2317 2289 2509 2358 partim
2542 2289 2727 2357 gloria:
2757 2302 2821 2341 ac
2857 2284 3174 2340 dexteritati
3208 2285 3344 2355 (79).
3375 2283 3620 2351 Namque

2054 2382 2090 2435 ii
2125 2381 2238 2450 qui,
2287 2380 2562 2451 religionis
2595 2395 2794 2443 causa,
2835 2379 2951 2433 haec
2985 2387 3042 2432 et
3073 2377 3255 2446 pejora
3289 2377 3432 2444 passi
3474 2384 3624 2441 sunt,

2053 2474 2217 2527 aliam
2248 2473 2639 2541 postulant-et
2686 2459 2906 2542 quidem
2942 2469 3258 2542 ampliorem
3307 2469 3629 2538 descriptio-

2055 2579 2176 2620 netn
2209 2561 2345 2635 (80).

2127 2837 2218 2892 71.
2258 2837 2543 2893 Postremo
2607 2851 2731 2892 cum
2779 2837 3042 2892 scelerum
3067 2851 3287 2892 suorum
3334 2832 3626 2890 terminum

2057 2929 2344 2998 attigisset,
2367 2937 2648 2983 acutarum
2686 2925 2918 2982 febrium
2949 2927 3235 2982 ardoribus
3296 2934 3625 2988 exaastnans,

2059 3019 2316 3089 gehennae
2362 3017 2628 3081 ﬂammas,
2664 3031 2784 3086 quae
2834 3031 2893 3072 se
2929 3031 3048 3071 mox
3105 3025 3412 3084 exceptura:
3449 3025 3628 3077 erant,

2065 3110 2382 3180 praevisioue
2408 3108 2899 3175 contemplabatur,
2929 3122 2992 3161 ac
3017 3107 3294 3175 pervigilis
3321 3106 3464 3160 illitis
3499 3119 3625 3157 ver-

2063 3202 2166 3256 mis
2206 3214 2420 3271 morsus
2459 3199 2862 3268 praesentiebat,
2911 3213 3104 3268 graves
3143 3199 3263 3252 sine
3301 3198 3490 3264 requie
3515 3196 3632 3249 cla-

2063 3308 2242 3349 mores
2273 3293 2469 3357 edens;
2507 3307 2626 3360 quae
2679 3299 2834 3344 erant
2868 3292 3126 3360 gehennae
3169 3291 3415 3358 quaedam
3453 3288 3630 3344 initia.

2063 3383 2197 3439 Tum
2228 3385 2439 3439 demum
2471 3383 2762 3452 impietatis
2793 3397 2903 3436 suae
2931 3396 3093 3437 sensu
3117 3381 3392 3450 paulisper
3424 3390 3629 3442 tactus,

2065 3474 2342 3545 religiOnis
2372 3482 2567 3539 nostra:
2604 3472 2910 3543 adiumenta
2952 3474 3208 3540 petebat;
3242 3485 3295 3525 et
3321 3469 3636 3524 comitanti;

2069 3567 2168 3622 bus
2195 3581 2253 3621 se
2282 3565 2657 3621 sacerdotibus
2705 3578 2899 3618 Sacros
2933 3561 3368 3617 Christianortun
3407 3560 3642 3630 hymnos

2069 3672 2266 3712 canere
2319 3656 2660 3710 mandabat:
2707 3654 2797 3724 qui
2847 3663 3028 3707 tamen
3081 3652 3231 3706 illico
3287 3655 3637 3711 recusabant,

2069 3760 2342 3815 nunquam
2379 3759 2437 3799 se
2463 3758 2659 3798 canere
2687 3743 2881 3796 solitos
2920 3743 3154 3800 aientes,
3203 3739 3318 3794 sive
3347 3753 3432 3790 res
3459 3738 3530 3790 ita
3580 3750 3643 3792 se

2071 3838 2312 3902 haberet,
2346 3837 2460 3891 sive
2513 3836 2639 3904 quia
2677 3835 2822 3888 illius
2863 3835 3319 3887 exhorrescerent
3347 3827 3640 3882 crudelita-

2073 3939 2180 3984 tem
2217 3939 2273 3984 et
2320 3927 2678 3988 iracundiam.
2737 3925 2792 3979 In
2830 3925 2916 3979 his
2946 3939 3076 3992 ergo
3105 3923 3379 3991 tantisque
3435 3919 3643 3972 deliciis

2073 4021 2422 4082 constitutus,
2477 4018 2674 4086 quibus
2708 4017 2873 4070 etiam
2930 4013 3321 4067 Diocletianum
3361 4027 3422 4065 ac
3471 4009 3644 4064 Maxi-

2077 4113 2318 4166 miauum
2377 4110 2702 4163 immortuos
2731 4106 3062 4176 accepimus,
3098 4104 3270 4158 malus
3311 4105 3472 4156 homo
3504 4101 3646 4156 male

2075 4212 2238 4271 atque
2285 4199 2578 4254 infeliciter
2610 4197 2848 4268 periens,
2894 4194 3018 4249 vitae
3070 4194 3232 4246 liuent
3297 4203 3489 4244 nactus
3536 4199 3642 4244 est.

2074 4293 2318 4347 Mortuus
2346 4301 2430 4346 est
2465 4299 2647 4344 autem
2707 4287 2972 4358 navigans
3023 4285 3229 4349 aliqum
3267 4293 3422 4336 extra
3456 4284 3643 4335 urbem

2078 4399 2334 4455 passuum
2385 4382 2644 4446 millibus,
2677 4379 2802 4434 dum
2849 4393 2882 4434 ο
2935 4377 3182 4432 Thraciae
3214 4374 3526 4444 regionibus
3557 4387 3646 4426 re-

395 4481 608 4550 ἐχουσι,
629 4477 738 4568 τῶν
754 4479 818 4530 ὲκ
837 4475 938 4542 τῆς
963 4475 1184 4546 Θρᾴκης
1205 4471 1420 4558 χωρίων
1443 4467 1800 4532 παλινοστῶν,
1816 4471 1872 4522 ὲν
1896 4461 1959 4520 οἷς

2085 4481 2408 4532 verteretur,
2459 4469 2512 4522 iu
2569 4469 2766 4536 quibus
2795 4467 2917 4519 cum
2960 4464 3205 4518 exercitu
3263 4463 3455 4514 fuerat.
3512 4457 3647 4512 Nam

399 4554 783 4639 ὲκστρατεύῖον
805 4566 1068 4636 ἐτύγχανε
1089 4579 1104 4594 ο
1129 4565 1200 4636 γῆ
1238 4554 1348 4633 γὰρ
1372 4565 1406 4633 ή
1433 4563 1651 4615 πάντων
1676 4560 1860 4631 μήτηρ
1882 4556 1976 4610 τὸν

405 4662 710 4734 μιαιφόνον,
755 4660 983 4729 αῖμασιν
1030 4656 1202 4724 αὐτὴν
1242 4651 1440 4716 ἀθώοις
1477 4651 1834 4720 ὲκπλήσαντα
1881 4647 1979 4700 καὶ

406 4753 753 4825 μολύναντα,
816 4750 902 4820 ἐφ’
951 4750 1154 4818 ἑαυτῆς
1201 4745 1458 4815 θνήσκειν
1507 4742 1567 4794 οὐ
1625 4739 1976 4811 παρεδέξατο.

395 4844 573 4906 Ποίας
602 4838 697 4896 οὖν
721 4841 831 4911 ἄρα
856 4838 1192 4910 κατηγορίας
1216 4835 1313 4890 καὶ
1353 4832 1692 4902 ταλανισμοῦ
1735 4831 1835 4884 οὐκ
1867 4827 1978 4885 εἷεν

393 4933 568 4999 ἄξιοι,
598 4934 648 4986 οί
683 4933 894 4985 ἐκεῖνον
953 4925 1280 5000 μακαρίζειν
1311 4925 1554 4994 ἀνοήτως
1593 4923 1694 4976 ὁὺκ
1727 4920 1977 5004 αἰσχυνό-

399 5039 564 5095 μενοι
591 5024 605 5076 l
649 5020 708 5075 '0
735 5021 790 5075 δὲ
821 5021 922 5090 τῆς
979 5019 1127 5087 ζωῆς
1178 5015 1344 5070 αὐτοῦ
1379 5015 1487 5076 πᾶς
1543 5012 1744 5083 χρόνος
1771 5013 1870 5065 οὐκ
1900 5012 1980 5074 είς

403 5113 624 5186 μακρόν
659 5131 714 5166 τι
753 5113 894 5167 πάνυ
931 5112 1218 5180 διήλασεν
1265 5112 1324 5162 οὐ
1359 5100 1571 5160 πλείοσι
1607 5105 1715 5176 γὰρ
1761 5105 1793 5175 ἢ
1838 5102 1982 5158 ὀκτὼ

401 5206 546 5276 πρὸς
581 5191 693 5267 τοῖς
723 5205 1064 5274 πεντήκοντα
1103 5200 1250 5253 ἔτεσι
1299 5198 1447 5268 βιοὺς
1467 5196 1555 5267 (j),
1591 5195 1740 5266 ψυχῇ
1781 5211 1842 5248 τε
1889 5193 1982 5248 καὶ

481 5387 558 5460 (lt)
593 5383 1151 5460 Mor1nn_(_30pronynri
1185 5393 1550 5460 portentosam
1590 5383 1978 5460 impnritatt-m,

405 5453 646 5526 itemque
685 5453 1227 5526 amvitiaanarrant
1256 5453 1473 5526 passim
1501 5453 1782 5522 Byzantini
1815 5455 1983 5508 Insan-

411 5526 532 5591 rici,
560 5524 724 5588 atque
759 5526 811 5578 in
845 5526 930 5578 his
953 5525 1234 5579 Cedrcnus
1268 5535 1398 5579 tom.
1429 5524 1526 5578 cit.

485 5590 544 5667 (ὅ)
595 5594 779 5648 Dirum
820 5594 1151 5667 Cnpronymi
1203 5594 1453 5652 obitum,
1487 5605 1649 5667 anno
1672 5590 1881 5667 imperii
1914 5591 1984 5643 55

402 5662 762 5736 ejusdemque
804 5662 1083 5718 morientis
1131 5676 1320 5736 seram
1342 5662 1768 5736 paenitentiam,
1807 5662 1984 5731 legere

403 5731 538 5794 licet
560 5735 700 5805 apud
724 5733 1044 5800 Ccdrenum,
1076 5749 1128 5802 p.
1161 5731 1418 5787 467468.

2082 4573 2226 4616 terra
2260 4559 2502 4615 omnium
2538 4567 2724 4612 mater
2764 4555 3093 4610 homicidam
3150 4553 3316 4615 hunc,
3353 4551 3444 4620 qui
3473 4551 3647 4620 ipsam

2080 4652 2326 4708 innocuis
2383 4649 2741 4718 sanguinibus
2817 4649 3176 4701 inundaverat
3238 4661 3302 4700 ac
3365 4645 3649 4714 polluerat,

2079 4741 2220 4810 apud
2249 4755 2306 4796 se
2330 4742 2463 4794 mori
2485 4756 2590 4794 non
2622 4749 2703 4793 est
2725 4753 2908 4808 passa.
2935 4738 3106 4804 Quam
3140 4746 3267 4791 sunt
3305 4752 3435 4806 ergo
3467 4751 3652 4805 repre-

2087 4833 2358 4888 hendendi
2388 4848 2452 4887 ac
2494 4831 2703 4896 miseri,
2725 4831 2814 4900 qui
2840 4831 3154 4900 insipienter
3181 4829 3328 4882 illum
3361 4829 3657 4898 praedicare

2080 4926 2298 4980 beatum
2332 4940 2436 4980 neu
2469 4923 2834 4978 erubescunt!
2871 4921 2938 4976 Et
2971 4923 3190 4992 quidem
3223 4923 3346 4976 vitae
3382 4921 3497 4990 ejus
3518 4932 3658 4976 tem-

2083 5033 2183 5087 pus
2225 5033 2332 5070 non
2381 5016 2668 5070 admodum
2723 5015 2992 5084 prolixum
3049 5016 3184 5083 fuit;
3239 5027 3441 5071 etenim
3482 4995 3657 5069 annos
3705 5001 3720 5016 ’

2087 5108 2228 5162 haud
2257 5107 2378 5176 plus
2408 5123 2536 5162 Lvttt
2573 5117 2754 5173 natus,
2784 5109 3020 5161 animam
3049 5108 3280 5162 simulet
3313 5123 3512 5176 corpus
3539 5123 3660 5175 per-

2085 5199 2260 5266 didit;
2298 5207 2353 5252 et
2386 5199 2485 5253 hos
2520 5199 2688 5268 ipsos,
2749 5199 2858 5254 Deo
2896 5199 3056 5268 138
3104 5202 3472 5268 permittente,
3509 5197 3654 5251 haud

2089 5453 2101 5466 .
2160 5383 2225 5453 (j)
2266 5383 2528 5466 .lvlpstuus
2579 5379 2952 5450 Copronytnns
3015 5394 3156 5432 anno
3200 5377 3375 5431 :elatis
3421 5391 3532 5431 sua:
3567 5374 3657 5436 58.

2089 5469 2301 5593 WE???
2464 5519 2651 5593 aulicis
2700 5518 3035 5593 proceribus
3069 5535 3095 5569 a
3151 5520 3491 5593 Gripi-ogynto
3544 5515 3660 5569 neci

2091 5587 2319 5646 addictis
2348 5590 2684 5650 Nicephorius
2717 5590 2768 5640 in
2800 5587 3077 5641 Breviario
3115 5591 3178 5641 :ul
3213 5605 3302 5641 an.
3331 5587 3458 5642 766.

2163 5662 2272 5730 (80)
2310 5660 2452 5716 Idem
2491 5659 2822 5728 Nicepborus
2851 5675 2935 5726 op.
2971 5659 3064 5712 cit.
3097 5664 3162 5711 ad
3199 5676 3284 5712 an.
3323 5656 3448 5711 7ῧὸ-
