4004 6418
525 312 629 375 507

1547 319 1610 379 S.
1652 319 2075 383 NICEPIIORI
2110 325 2620 388 PATBIARCHE
2657 330 2769 391 (ΣΡ.
3647 343 3727 409 508

526 425 759 479 feliciter
778 423 979 493 exegit,
1006 424 1130 496 quia
1163 425 1362 481 divinis
1392 425 1673 485 benefit-iis
1698 431 1799 484 fuit
1828 434 2103 504 indiguus.

2214 435 2426 506 σώματι
2458 436 2686 509 τέθνηκε
2734 454 2750 470 ·
2787 437 2883 492 καὶ
2921 436 3063 494 αύτά
3117 455 3181 507 γε
3236 438 3408 494 ταῦτα
3460 441 3584 499 Θεοῦ
3624 465 3728 521 συγ.

524 518 645 584 Vel,
684 526 740 570 ut
773 518 945 588 magis
992 518 1213 587 proprie
1260 521 1529 584 dicamus,
1590 523 1699 576 Deo
1734 535 1945 595 tempus
1974 542 2104 597 pro-

526 612 758 676 f'erente,
784 610 1043 681 justeque
1095 613 1439 678 consulente,
1488 625 1546 667 ut
1576 614 1662 669 hic
1692 616 1854 669 etiam
1879 635 2104 675 suorum

526 694 829 756 facinorum
859 718 1049 771 pmnas
1095 706 1292 773 partim
1351 707 1679 775 degustaret,
1739 724 1973 779 moxque
1999 727 2107 766 non

522 800 647 851 sine
680 800 939 867 gravibus
968 798 1245 855 doloribus
1282 801 1650 869 turpissimam
1686 802 1853 856 vitam
1882 806 2108 861 abrum-

526 900 701 956 paret.
756 901 944 957 parata
1005 892 1106 946 sibi
1159 909 1188 947 a
1242 894 1420 947 divina
1470 896 1677 952 ultione
1741 899 2013 967 supplicia
2054 900 2108 954 in

527 991 806 1050 posterqu
840 984 1165 1037 immortalia
1194 996 1249 1039 et
1274 986 1389 1040 sine
1418 988 1525 1043 line
1562 990 1728 1045 miser
1762 1001 2104 1061 recepturus,

528 1075 838 1131 acerbiores
867 1077 1079 1131 scilicet
1130 1093 1193 1131 ac
1225 1080 1619 1154 diuturniores,
1655 1097 1778 1139 cum
1809 1096 1963 1154 patre
2004 1102 2106 1141 suo

528 1179 805 1234 parumque
843 1168 1147 1236 cohaerede,
1183 1170 1235 1224 in
1264 1170 1508 1241 gebeuua
1558 1176 1835 1231 cruciatus
1887 1191 2110 1245 perpes-

526 1272 704 1313 SUl'llS.
726 1276 729 1281 ’

588 1543 688 1613 Ἠ.
725 1543 874 1611 Quas
902 1560 1035 1602 vero
1058 1547 1377 1620 confingunt
1424 1550 1541 1621 ejus
1572 1555 1856 1624 victorias,
1893 1574 1970 1615 ea:
2001 1560 2104 1615 hu-

522 1636 763 1705 jusmodi
827 1649 975 1705 sunt,
1025 1650 1080 1695 et
1136 1657 1296 1697 unam
1329 1660 1361 1699 e
1404 1648 1661 1702 maximis
1719 1664 2104 1709 memoremus.

2211 531 2585 601 χωρήσαντος,
2635 532 2738 585 οὐκ
2785 530 3181 603 εύδοκήσαντος
3210 532 3485 599 ·’ἀνάξιος
3523 538 3617 611 γὰρ
3656 547 3730 616 τῆς

2209 618 2367 688 παρὰ
2394 618 2530 672 Θεοῦ
2562 618 2884 691 εὐεργεσίας
2911 636 2925 650 ⁸
2952 620 2985 691 ἢ
3018 622 3350 691 οἰκειότερον
3390 625 3571 690 εἰπεῖν,
3628 631 3732 686 ἀνα.

2211 709 2544 779 ϐαλλομένου
2601 711 2694 765 τὸν
2738 712 2932 782 χρόνον
2985 714 3080 768 καὶ
3134 714 3299 778 ἀξίως
3329 714 3642 789 δικάζοντος,
3668 725 3734 780 in

2209 802 2492 857 κάνταῦθα
2544 802 2653 855 τῶν
2697 804 3120 875 τετολμημένων
3169 807 3294 859 ὅσον
3364 809 3729 878 ἀπογεύσασθαι

2209 893 2366 956 δίκας
2409 894 2901 964 εἰσπραττόμενος,
2952 895 3172 966 πικρῶς
3230 898 3325 950 καὶ
3380 898 3635 971 ὀδυνηρῶς
3663 907 3738 977 τὴν

2210 986 2498 1057 αἰσχίστην
2521 984 2805 1057 ἀπορρήξῃ
2834 985 2999 1057 ζωὴν,
3028 987 3097 1040 τὰ
3122 987 3588 1060 τεθησαυρισμένα
3619 997 3738 1067 αὐτῷ

2212 1077 2365 1145 παρὰ
2390 1079 2487 1148 τῆς
2517 1078 2663 1141 θείας
2689 1078 2847 1149 δίκης
2875 1078 3293 1149 ἀποληψόμενος
3323 1082 3381 1133 ὲν
3414 1082 3487 1151 τῷ
3531 1085 3734 1151 μέλλοντι

2210 1166 2453 1220 ἀθάνατα
2477 1166 2573 1220 καὶ
2595 1167 2875 1238 ἀπέραντα
2912 1170 2940 1222 6
2968 1167 3228 1238 δύστηνος
3264 1170 3735 1241 κολασθησόμενος·

2212 1259 2541 1329 πικροτέρας
2569 1258 2722 1329 αὐτῷ
2745 1258 2839 1312 καὶ
2865 1260 3211 1330 μακροτέρας
3242 1258 3360 1328 ἅμα
3382 1259 3462 1331 τῷ
3494 1264 3642 1333 turpi
3668 1266 3740 1319 ut

2212 1349 2639 1422 συγκληρονόμφ
2666 1351 2852 1415 αὑτοῦ,
2905 1349 3205 1423 θεοκρίτως
3252 1353 3312 1406 ἐν
3340 1354 3406 1425 τῇ
3436 1354 3614 1426 γεέννῃ
3663 1358 3738 1426 τῆς

2138 1506 2141 1511 η
2210 1442 2481 1514 τιμωρίας
2516 1442 2953 1515 ἐτοιμασθείσης.

2281 1551 2380 1624 οβ’.
2422 1555 2520 1618 ’Δς
2556 1552 2612 1607 δὲ
2672 1552 3098 1608 ἐπιπλάττουσιν
3140 1555 3291 1626 αὐτῷ
3326 1554 3502 1620 νίκας,
3537 1555 3739 1611 τοιαῦταί

2210 1646 2354 1709 τινές
2390 1647 2551 1708 εἰσιν,
2585 1643 2675 1698 ἵνα
2723 1645 2855 1716 μιᾶς
2908 1644 3019 1698 τῶν
3069 1645 3384 1715 κρατίστων
3431 1647 3737 1718 ἐπιμνησθῶ-

528 1731 819 1800 Postquam
851 1734 1255 1802 expeditionem
1290 1739 1530 1807 suscepit
1561 1741 1825 1797 adversus
1848 1746 2107 1800 occiden-

528 1824 686 1844 ,μω
744 1825 894 1844 _-_._
1221 1842 1247 1844 κ-
1310 1843 1364 1844 ,,
1456 1831 1468 1844 .
1603 1832 1708 1844 η...
1868 1836 1881 1844 -

2216 1754 2316 1809 μεν
2334 1736 2431 1807 (lt).
2462 1736 2681 1809 Ἐπειδὴ
2710 1737 3130 1810 παρεσκεύαστο
3150 1738 3212 1791 τὸ
3240 1736 3382 1809 πρὸς
3403 1738 3623 1808 δυσμαῖς
3643 1741 3742 1809 ἡμῖν

528 1824 689 1877 talem
741 1825 899 1879 noois
935 1823 1255 1896 Scytbicum
1308 1831 1561 1898 pepulqu
1597 1832 1735 1903 (81),
1789 1836 2106 1892 universum

522 1931 680 1968 somn
718 1919 992 1971 contraxit
1024 1920 1127 1972 sub
1155 1918 1305 1987 signa
1335 1922 1665 1986 exercitum.
1700 1927 2106 1996 commiSs-oque

523 2022 645 2059 cum
689 2007 937 2062 hostibus
968 2008 1183 2077 pt'mlio,
1207 2025 1368 2079 quam
1398 2012 1525 2066 felix
1554 2014 1717 2069 fuerit
1749 2016 1871 2072 belli
1904 2020 2106 2086 exitus,

438 2116 444 2122 ι
522 2097 736 2165 publica
772 2109 897 2159 sunt
940 2101 1276 2157 testimonia.
1316 2102 1448 2158 Nam
1473 2120 1646 2175 usque
1687 2110 1754 2162 ad
1790 2110 1932 2167 hanc
1960 2113 2103 2168 diem

521 2190 669 2244 circa
696 2191 1014 2245 Anchialum
1036 2193 1151 2263 (ὃῖ)
1186 2194 1403 2261 urbem,
1431 2196 1601 2253 valles
1623 2201 1912 2270 campique
1936 2204 2109 2261 inter-

526 2282 792 2337 fectorum
848 2287 1088 2338 membra
1160 2285 1564 2344 demonstrant.
1636 2289 1769 2346 Nam
1835 2271 2132 2366 Scythicis.

525 2372 719 2443 gladiis
755 2384 984 2429 cunctus
1015 2392 1152 2445 pene
1212 2377 1577 2434 Romanorum
1608 2384 1882 2441 exercitus
1919 2389 2110 2443 conci-

525 2478 618 2517 sus
647 2463 768 2517 fuit.
823 2462 979 2530 Quod
1014 2466 1060 2521 si
1115 2468 1374 2536 exiguum
1430 2472 1653 2540 aliquod
1710 2490 1808 2530 nec
1841 2479 2110 2547 gravioris

526 2554 688 2622 plane
723 2558 983 2612 momenti
1016 2559 1151 2627 egit,
1186 2560 1237 2614 id
1261 2561 1481 2629 quidem
1523 2563 1754 2634 legimus
1783 2568 1836 2621 in
1868 2570 1988 2639 ejus
2024 2571 2111 2626 lit-

528 2648 658 2704 teris
690 2649 758 2703 ad
820 2650 982 2719 regiae
1017 2652 1171 2705 urbis
1229 2652 1435 2708 incolas
1478 2656 1742 2729 scriptis;
1789 2659 1844 2719 in
1909 2662 2109 2730 quibus

527 2740 681 2794 valde
708 2756 770 2795 se
813 2741 984 2811 jactat
1025 2742 1115 2796 hic
1157 2745 1430 2800 mendacii
1486 2748 1725 2803 (stimulus
1771 2761 1828 2805 et
1883 2753 2105 2820 sodalis,

527 2832 755 2885 multum
789 2848 1005 2902 quoque
1038 2832 1133 2887 Dei
1186 2835 1373 2891 odium
1419 2838 1648 2894 infinitis
1681 2840 2010 2910 jurameutis
2041 2846 2110 2901 ad

526 2921 809 2978 Creatoris
842 2927 1229 2980 contumeliam
1288 2927 1541 2997 prolatis,
1576 2945 1689 3000 pra:
1716 2947 1775 2987 se
1811 2934 1948 3001 fert;
1982 2951 2108 2991 cum

525 3014 780 3070 videlicet
809 3026 1022 3087 gentem
1053 3018 1201 3073 illam
1251 3020 1514 3077 adversus
1567 3024 1735 3080 duces
1768 3041 1899 3082 suos
1933 3030 2111 3085 rebel-

2210 1825 2520 1898 ᾠκισμένον
2546 1826 2811 1880 Σκυθικὸν
2841 1827 2997 1893 ἔθνος
3045 1828 3385 1899 ἀμύνασθαι,
3449 1831 3741 1901 συναθροίζει

2209 1916 2276 1989 δὴ
2307 1917 2454 1972 ἆπαν
2482 1916 2544 1972 τὸ
2570 1917 2662 1975 ὑπ’
2683 1916 2834 1989 αὐτῷ
2866 1919 3183 1991 στράτευμα
3204 1937 3220 1953 ·
3249 1922 3333 1984 είς
3361 1922 3548 1991 χεῖράς
3580 1938 3632 1974 τε
3658 1924 3743 1984 τοῖς

2209 2009 2494 2081 πολεμίοις
2525 2008 2639 2078 ἰὼν,
2687 2011 2872 2064 ὁποῖον
2909 2011 3059 2083 αύτῷ
3106 2012 3169 2065 τὺ
3212 2012 3310 2066 τοῦ
3344 2012 3579 2084 πολέμου
3619 2011 3740 2076 τέλος

2209 2098 2566 2171 καώρθωτο,
2602 2102 2875 2171 μαρτυρεῖ
2906 2099 2974 2154 τὰ
2995 2100 3333 2174 φαινόμενα·
3369 2102 3529 2173 μέχρι
3555 2102 3651 2173 γὰρ
3672 2102 3742 2155 καὶ

2211 2195 2453 2266 σήμερον
2484 2191 2554 2247 τὰ
2581 2192 2727 2247 κατὰ
2758 2194 2857 2265 τὴν
2896 2193 3185 2264 Ἀγχίαλον
3212 2194 3562 2265 καλουμένην
3603 2194 3741 2259 πόλιν,

2210 2284 2366 2338 κοῖλα
2389 2284 2483 2337 καὶ
2508 2283 2811 2354 πεδιάσιμα
2834 2284 3034 2355 χωρία,
3072 2284 3109 2339 ἃ
3164 2285 3276 2338 τῶν
3330 2285 3672 2357 ἀνῃρημένων
3694 2285 3745 2337 τὰ

2210 2375 2361 2429 κῶλα
2390 2374 2608 2439 ἐδέξατο
2627 2373 3008 2428 ὑποδείκνυσιν
3030 2390 3043 2405 ·
3070 2372 3233 2445 ἔργον
3259 2376 3371 2446 γὰρ
3394 2374 3495 2445 τῆς
3521 2372 3745 2442 Σκυθικῆς

2214 2464 2512 2535 μαχαίρας,
2564 2463 2712 2518 ἅπαν
2742 2463 2932 2534 σχεδδν
2982 2464 3046 2518 τὸ
3091 2464 3203 2518 τῶν
3245 2462 3537 2536 Ῥωμαίων
3565 2463 3743 2533 ἐγένετο

2213 2559 2556 2628 στράτευμα.
2585 2558 2648 2612 Ei
2677 2558 2735 2611 δέ
2771 2574 2826 2611 τι
2861 2556 3060 2630 μικρὸν
3087 2557 3184 2611 καὶ
3215 2557 3279 2610 οὐ
3318 2558 3462 2611 πάνυ
3511 2557 3743 2625 ἀξιόλογον

2210 2649 2427 2721 ἔδρασε,
2465 2649 2608 2704 καθά
2637 2666 2702 2720 γε
2744 2651 2877 2721 ἡμῖν
2912 2650 2978 2703 ἐκ
3026 2648 3137 2720 τῶν
3185 2649 3590 2722 γεγραμμένων
3633 2646 3745 2717 αὐτῷ

2210 2742 2350 2812 πρὸς
2390 2741 2520 2805 τοὺς
2575 2741 2997 2813 ἐνηυλισμένους
3044 2741 3188 2796 κατὰ
3216 2740 3318 2814 τὴν
3381 2740 3744 2812 βασιλεύουσαν,

2210 2834 2642 2903 ἀναλεξαμένοις
2670 2833 2942 2903 ἔγνωσται
2963 2850 2979 2865 ·
3009 2835 3070 2888 ἐν
3098 2829 3181 2899 οἷς
3223 2834 3399 2889 πολλὰ
3434 2832 3747 2909 κατακομπά-

2213 2943 2309 2990 σας
2343 2930 2372 2982 6
2404 2927 2498 2981 τοῦ
2531 2926 2761 2997 ψεύδους
2790 2926 3074 2997 ὑπηρέτης
3109 2926 3203 2981 καὶ
3240 2924 3563 2999 σύντροφος,
3589 2923 3747 2992 πολλὴν

2210 3019 2267 3072 δέ
2298 3020 2399 3091 τὴν
2447 3018 2748 3090 θεομαχίαν
2800 3020 2865 3073 ἐκ
2918 3021 3018 3090 τῆς
3062 3019 3294 3091 ἀπείρου
3342 3020 3657 3090 πολυορκίας
3687 3017 3747 3085 ἐφ’

525 3104 727 3161 lantem
785 3110 1144 3178 deprehendit
1195 3111 1473 3185 (namque
1512 3114 1618 3173 hoc
1692 3132 1836 3188 saepe
1901 3120 2109 3177 faciunt

2214 3110 2371 3184 ὕϐρει
2401 3111 2496 3165 τοῦ
2521 3111 2826 3175 Κτίσαντος
2873 3109 3309 3183 προϐαλόμενος,
3339 3112 3505 3181 ἡνίκα
3542 3110 3599 3164 τὸ
3636 3109 3749 3201 ἔθνος

526 3196 766 3269 Scythae,
800 3210 987 3268 utpote
1010 3202 1300 3260 barbarico
1336 3222 1487 3261 more
1547 3208 1763 3276 imbuti,
1792 3222 1850 3267 et
1887 3213 2021 3268 duas
2053 3214 2106 3269 in

2214 3203 2344 3274 περὶ
2372 3204 2499 3268 τοὺς
2521 3204 2758 3267 οἰκείους
2792 3201 3071 3274 ἡγεμόνας
3096 3202 3487 3265 διαστασιάζον
3508 3199 3746 3257 κατέλαϐε·

526 3301 711 3357 partes
762 3290 1081 3361 plerumque
1105 3293 1289 3361 divisi,
1323 3294 1369 3349 si
1404 3296 1545 3351 forte
1586 3297 1709 3354 illos
1742 3299 2111 3360 voluntatibus

524 3381 641 3435 suis
697 3381 1032 3438 obsistentes
1076 3387 1499 3457 cognoverint).
1554 3389 1686 3454 Qua:
1741 3392 1939 3447 seditio
1982 3405 2112 3451 tunc

524 3472 725 3526 accidit
779 3490 901 3527 cum
959 3475 1216 3531 dominus
1272 3477 1506 3547 illorum
1561 3478 1820 3550 Sabinus,
1877 3485 1943 3537 ad
1999 3485 2109 3541 Ro-

526 3575 718 3616 manos
753 3563 1015 3631 profugus
1076 3566 1276 3622 defecit
1302 3567 1437 3639 (85).
1498 3568 1654 3625 Tunc
1703 3572 1870 3641 igitur
1934 3576 2111 3645 gentis

524 3653 687 3708 civile
719 3654 1010 3710 dissidium
1047 3665 1101 3713 et
1156 3658 1374 3725 seditio,
1430 3661 1649 3717 brevem
1701 3663 1967 3723 Mamonre
2033 3670 2109 3724 rei

513 3746 665 3820 .bene
735 3748 988 3817 gerenda!
1057 3751 1403 3807 occasionem
1464 3754 1635 3811 dedit.
1702 3757 1926 3813 interim
1985 3775 2114 3815 vero

524 3838 886 3896 Orientalium
928 3841 1294 3898 Barbarorum
1328 3845 1410 3899 vel
1432 3847 1605 3901 solam
1642 3850 1979 3904 mentionem
2029 3866 2115 3905 re-

527 3930 889 4000 formidabat;
954 3918 1028 3988 ita
1089 3944 1148 3989 ut
1203 3935 1256 3989 in
1312 3937 1583 3991 concione
1633 3939 1860 4001 dixerit,
1917 3954 1977 3994 se
2007 3955 2112 3994 non

526 4024 729 4091 audere
781 4024 869 4078 vel
928 4034 1119 4080 contra
1152 4042 1357 4095 paucos
1405 4028 1623 4083 illorum
1674 4015 1797 4085 cum
1857 4032 2114 4087 universo

524 4115 765 4168 evercitu
826 4129 927 4168 suo
974 4130 1205 4185 pugnam
1243 4131 1559 4174 conserere.
1620 4117 1727 4177 Sed
1786 4136 1910 4175 cum
1971 4123 2115 4191 apud

528 4205 675 4275 ipsos
727 4221 879 4260 more
936 4208 1102 4263 solito
1153 4208 1333 4265 civilis
1377 4221 1686 4266 commotus
1742 4220 1827 4267 est
1877 4212 2110 4281 gladius,

530 4300 849 4369 ferrumque
877 4299 943 4355 de
961 4301 1195 4370 partium
1236 4303 1551 4358 diversitate
1575 4303 1920 4369 decernebat,
1954 4314 2116 4376 atque

528 4392 580 4445 in
620 4378 865 4447 mutuum
920 4395 1152 4450 ruebant
1227 4396 1481 4462 exitium,
1551 4396 1863 4452 latrocinali
1923 4399 2109 4476 p0ti_us

2209 3297 2307 3350 καὶ
2336 3296 2445 3367 γὰρ
2482 3296 2644 3350 τοῦτο
2698 3295 2965 3359 πολλάκις
2994 3296 3172 3348 ποιεῖν
3204 3295 3393 3359 αὐτοῖς
3432 3294 3660 3357 εὐπετὲς,
3682 3291 3751 3345 an

2213 3388 2571 3461 βαρϐαρικοῖς
2627 3388 2817 3461 ἤθεσιν
2862 3386 3306 3459 ἐντρεφομένοις,
3364 3388 3464 3442 καλ⁵
3516 3386 3629 3457 διχῆ
3668 3384 3752 3444 τοῖς

2214 3481 2441 3550 μέρεσιν
2466 3480 2543 3543 ὡς
2574 3478 2644 3533 τὰ
2675 3478 2846 3533 πολλὰ
2870 3478 3295 3550 διαιρουμένοις,
3319 3480 3451 3534 ὅταν
3473 3477 3639 3533 αὐτῶν
3662 3475 3753 3535 ταῖς

2215 3570 2433 3640 βουλαῖς
2482 3568 3052 3641 ἀντικαθισταμένους
3078 3569 3297 3622 ἴδωσιν·
3330 3569 3360 3623 ὃ
3410 3570 3476 3641 δὴ
3530 3569 3617 3622 καὶ
3638 3582 3753 3635 τηνι-

2213 3661 2391 3717 καῦτα
2442 3663 2471 3715 ὁ
2504 3661 2712 3716 τούτων
2742 3661 2935 3734 κύριος
2986 3662 3485 3733 ἐπιϐουλευόμενος
3534 3656 3750 3718 πέπονθεν

2212 3751 2440 3815 Σαϐῖνος
2468 3753 2531 3823 (ί)
2559 3750 2731 3823 ὄνομα
2767 3748 2836 3823 ἦν
2887 3750 3056 3823 αὐτῷ,
3110 3753 3206 3806 καὶ
3253 3752 3437 3821 φυγάς
3484 3750 3612 3823 πρὸς
3654 3747 3754 3800 Ῥω-

2216 3843 2410 3914 μαίους
2442 3842 2714 3914 ἀπῲχετο.
2763 3844 2901 3897 Τότε
2947 3842 3042 3898 οὖν
3083 3842 3233 3915 αύτῷ
3264 3844 3298 3914 ἡ
3332 3836 3631 3904 τοῦδὲθνους
3658 3837 3751 3892 καθ’

2214 3936 2376 3990 ἑαυτὸ
2405 3935 2642 4006 διαφορὰ
2668 3935 2764 3989 καὶ
2794 3935 3008 4001 στάσις,
3044 3934 3189 3989 κατά
3214 3935 3394 4007 βραχὺ
3427 3933 3556 4003 γοῦν
3585 3931 3754 3985 5660::-

2218 4026 2392 4097 μῆσαι
2428 4027 2774 4098 παρέσχετο·
2828 4027 2956 4089 τοὺς
3009 4025 3066 4079 δὲ
3118 4027 3256 4097 πρὸς
3308 4027 3466 4099 ἥλιον
3512 4024 3755 4094 ἀνίσχοντα

2218 4118 2531 4191 βαρϐάρους
2572 4119 2669 4173 καλ⁸
2713 4119 2794 4182 εἰς
2823 4119 3049 4190 μνήμην
3089 4118 3271 4182 ἰόντας
3302 4119 3496 4172 ἐδεδίει
3531 4117 3753 4188 μάλιστα·

2217 4211 2293 4275 ὡς
2332 4213 2429 4265 καὶ
2452 4211 2539 4265 ἐπ’
2573 4200 2879 4280 ἐκκλησίας
2934 4211 3256 4282 κηρύσσειν,
3294 4209 3373 4283 μὴ
3421 4211 3637 4283 θαρρεῖν
3664 4203 3756 4260 κατ’

2216 4304 2432 4373 ὀλίγους
2462 4303 2667 4367 αὐτῶν,
2697 4302 2775 4374 τῷ
2806 4304 2898 4358 ὑπ’
2946 4303 3097 4374 αὐτῷ
3142 4304 3258 4374 ἅμα
3304 4305 3473 4358 παντὶ
3513 4295 3756 4366 ὁπλιτικῷ,

2219 4398 2300 4460 είς
2320 4395 2517 4449 ταυτὸν
2549 4395 2730 4466 μάχης
2775 4394 2911 4448 ίέναι
2942 4392 3163 4448 πώποτε
3186 4410 3200 4424 ·
3243 4394 3453 4449 ὁπόταν
3478 4394 3536 4447 δὲ
3572 4390 3757 4447 αὐτοὺς,

526 4501 688 4552 quam
725 4486 950 4541 militari
998 4502 1151 4543 more
1202 4504 1301 4545 ceu
1336 4489 1648 4560 incognitus
1693 4490 1947 4545 Armena:
1986 4506 2111 4558 pro-

2218 4486 2360 4541 οὕτω
2385 4486 2726 4556 συνενεχθὲν,
2747 4487 3015 4558 ἐμφύλιος
3041 4486 3260 4541 διέλαϐε
3304 4488 3568 4559 μάχαιρα,
3602 4482 3684 4537 καὶ
3704 4477 3759 4531 σί·

528 4578 739 4631 vineias
781 4578 1064 4645 invadens,
1115 4581 1335 4635 castella
1393 4568 1502 4635 illic
1539 4582 1686 4649 cepit
1714 4581 2117 4635 consentienti-

527 4668 630 4721 bus
649 4670 860 4724 incolis.
881 4670 1126 4725 Armenii
1147 4683 1327 4725 autem
1351 4671 1582 4745 Syrique
1600 4671 1898 4727 Christiani
1916 4683 2073 4727 erant
2096 4689 2113 4739 ;

529 4774 711 4828 neque
746 4761 890 4814 enim
948 4764 1088 4816 hosti
1141 4778 1351 4833 pagano
1405 4778 1642 4833 unquam
1693 4763 1807 4834 ipse
1834 4764 2113 4819 occurris-

527 4858 656 4914 set;
698 4865 834 4917 quos
862 4849 1028 4903 etiam
1051 4852 1188 4922 (84),
1216 4862 1408 4905 contra
1443 4853 1623 4906 datam
1656 4851 2014 4920 jurejurando
2050 4852 2116 4906 fi-

527 4941 678 5008 dem,
703 4940 921 4997 exsules
977 4944 1257 4999 transtulit
1304 4945 1371 4999 ad
1407 4942 1658 5000 Thracia;
1716 4945 1894 4999 lines:
1956 4945 2116 5015 cujus

628 5099 1015 5225 ἓέὲνῗπέξδνοε
1040 5110 1095 5156 et
1125 5100 1371 5169 llunnos,
1406 5112 1466 5157 ut
1500 5102 1577 5157 ait
1600 5102 1745 5197 idem.
1786 5102 2122 5175 Nicephorus

531 5171 588 5226 in
617 5171 809 5225 Brévia
819 5173 919 5227 rio.
1208 5208 1217 5219 ι
1740 5192 1745 5197 ο

607 5241 721 5313 (δε)
744 5242 925 5321 ᾼριιιιι.
950 5240 1231 5321 Petavium
1262 5243 1316 5297 in
1336 5242 1500 5321 _dicto
1533 5242 2121 5321 Nicepliorouescerpto

532 5311 998 5384 ϐτποεἊχελὼν,
1030 5316 1306 5379 mendose,
1330 5314 1575 5384 itemque
1600 5311 1821 5369 omnino
1842 5311 1981 5384 apud
2014 5312 2121 5368 Ha-

539 5382 838 5451 rnartoluur
890 5395 944 5436 et
997 5385 1265 5439 Siculum.
1327 5382 1583 5440 Petavius
1643 5382 1889 5451 scripsit
1926 5383 2118 5439 Latine

538 5450 847 5516 Acheloum,
873 5454 1194 5509 existimans
1218 5455 1291 5509 ita
1318 5457 1648 5517 emendare;
1673 5450 1768 5508 sed
1798 5468 1922 5506 vera
1957 5454 2118 5508 lectio

540 5531 625 5595 est
671 5522 879 5595 codicis
922 5526 1103 5595 nostri
1131 5523 1380 5579 Vaticani
1445 5524 1756 5595 Ἀγχίαλον,
1779 5524 2117 5595 Anchialum.

544 5589 613 5644 Et
639 5591 855 5656 quidem
887 5594 1127 5647 vocabuli
1169 5606 1372 5648 rectam
1409 5589 1733 5661 scripturam
1769 5594 1933 5646 habet
1966 5593 2121 5647 Nice-

412 5698 431 5704 -
545 5661 753 5728 phorus
780 5662 831 5715 in
871 5662 1156 5719 Breviario
1198 5667 1264 5718 ad
1292 5680 1382 5716 an.
1421 5663 1547 5723 765,
1579 5664 1667 5716 ubi
1707 5663 1975 5716 infelicem
2015 5661 2120 5717 Co-

544 5730 794 5799 pronymi
847 5733 914 5786 ad
967 5732 1286 5788 Anchialum
1337 5748 1568 5803 pugnam
1635 5732 1924 5801 describit;
1985 5749 2120 5803 pra“

2222 4579 2385 4649 δηρος
2415 4574 2483 4650 ἦν
2514 4580 2542 4631 6
2562 4578 2801 4643 δικάζων
2822 4577 2932 4632 τῶν
2954 4577 3188 4649 γνωμῶν
3205 4579 3265 4631 τὸ
3293 4580 3451 4648 άμςρή
3463 4592 3652 4649 ριστον,
3678 4569 3756 4621 καὶ

2222 4670 2322 4740 τὴν
2342 4671 2427 4723 ἐπ’
2449 4669 2701 4741 ἀλλήλοις
2728 4669 3116 4741 ἐχειρούργουν
3143 4669 3548 4740 πανωλεθρίαν,
3575 4666 3758 4738 λῃστρι·

2223 4759 2463 4829 κὼτερόν
2490 4775 2608 4823 πως
2641 4758 2895 4830 μᾶλλονῆ
2930 4759 3446 4831 στρατηγικώτερον
3503 4758 3575 4819 ὡς
3615 4756 3758 4823 λήσων

2225 4841 2398 4904 ἐπιὼν
2460 4852 2573 4914 τοῖς
2598 4851 2698 4919 τῆς
2741 4851 3034 4923 Ἀρμενίας
3098 4849 3354 4922 χωρίοις,
3406 4852 3515 4904 τῶν
3581 4842 3759 4907 ἐκείνης

2223 4944 2503 5018 φρουρίων
2560 4944 2711 5015 αἱρεῖ
2778 4942 3045 5014 ὁμολογίᾳ
3126 4941 3236 4995 τῶν
3322 4941 3754 5014 προσοικούντων·

2231 5113 2313 5159 ter
2361 5103 2523 5158 aliam
2580 5102 2943 5158 calamitatem
3003 5100 3143 5170 apud
3188 5100 3435 5156 eamdem
3483 5094 3756 5153 Anchialum

2227 5190 2316 5229 an.
2352 5173 2478 5229 766.
2662 5240 2671 5241 ί
3062 5240 3065 5241 ν
3154 5240 3159 5241 γ
3298 5239 3309 5241 _
3706 5228 3715 5241 ο

2298 5244 2412 5314 (85)
2439 5243 2628 5298 Sabini
2659 5240 3014 5314 Bulgarorum
3041 5240 3196 5314 duris
3221 5239 3571 5314 defectionem
3596 5250 3621 5288 a
3646 5239 3755 5314 suis,

2228 5322 2281 5368 et
2307 5309 2399 5367 'atl
2419 5309 2822 5386 Coproirrymuin
2860 5310 3162 5386 perfugi_um
3192 5350 3208 5386 ,_
3238 5309 3758 5386 narrat_iuter_ga'te-

2227 5398 2350 5443 ros.
2385 5372 2569 5437 uoster
2595 5372 2930 5452 Nicephorius
2964 5372 3450 5452 ianreiviario,rad
3477 5392 3563 5431 an.
3594 5372 3702 5428 765.

2298 5452 2646 5529 (δέχ-Ναξίοι-
2679 5451 2739 5507 in
2768 5452 3073 5529 Breviarjo.
3104 5451 3169 5529 ad
3206 5468 3295 5529 an,
3328 5451 3451 5506 755.
3487 5522 3499 5529 _
3589 5517 3600 5529 .
3636 5514 3668 5529 ._
3701 5509 3711 5529 ε

2296 5521 2368 5594 (k)
2392 5520 2483 5576 De
2516 5522 2843 5594 Copronymi
2878 5521 3040 5594 modo
3076 5521 3344 5587 victoriis,
3381 5522 3534 5575 modo
3558 5520 3755 5571 vicissim

2224 5592 2469 5647 cladibus
2503 5592 2783 5647 Cedremis
2810 5603 2941 5648 tom.
2972 5592 3064 5644 cit.

2296 5663 2358 5728 (ί)
2394 5663 2467 5715 De
2502 5663 2606 5717 hoc
2635 5663 2840 5718 Sabino
2887 5663 3099 5730 legatur
3128 5658 3485 5730 Thesphanes
3517 5660 3564 5715 iu
3592 5653 3751 5711 Chron.

2226 5731 2292 5787 ad
2326 5726 2660 5804 Coprouytui
2717 5748 2917 5788 annum
2943 5726 3057 5799 ⁷24,
3085 5726 3297 5786 Christi
3320 5732 3439 5787 756.
