4004 6428
292 360 405 426 609
998 358 1629 421 ANTIRRHETICUS
1667 357 1763 418 IlI
1803 356 1971 416 ADV.
2014 350 2615 414 CONSTANTINUM
2647 346 2863 409 COPR.
3472 334 3576 401 510

305 467 593 540 ’Δρμένιοι
614 466 672 521 δὲ
700 466 795 520 καὶ
817 464 981 539 Σύροι
1011 468 1334 539 Χριστιανοὶ
1363 467 1518 533 ὄντες
1546 466 1844 535 ἐτύγχανον
1876 484 1891 501 ο
1922 515 1924 523 .

2031 479 2241 535 erfidite
2271 479 2539 534 ultionem
2572 474 2872 530 Thracicus
2918 482 3143 539 campus
3180 476 3237 522 ut
3282 480 3406 522 reor
3433 481 3579 520 nunc

295 561 363 613 οὐ
392 560 501 629 γὰρ
524 556 709 629 ἐχθρῷ
743 556 1027 628 ἀλλοφύλῳ
1056 558 1365 628 ὐπηντήκει
1396 557 1644 624 πώποτε,
1676 557 1768 619 οὓς
1792 558 1890 612 καὶ

2035 574 2223 627 hnnat.
2270 572 2531 629 Saraceni
2589 583 2721 623 vero
2772 580 2895 621 cum
2963 560 3333 617 incursionem
3375 573 3579 625 cogno-

300 649 673 721 μετανάστας,
700 648 811 702 τῶν
847 650 1228 720 συγκειμένων
1283 651 1580 720 ἐνωμότων
1626 651 1805 719 λόγων
1830 650 1893 704 τὸ

2031 667 2228 733 issent,
2248 667 2539 735 quamdam
2556 662 2738 734 gravis
2757 665 3051 713 armaturae
3066 652 3352 725 phalangis
3363 651 3580 705 obviam

298 744 546 812 ἀσφαλὲς
604 741 914 813 ὴθετηκὼς,
973 742 1117 796 κατά
1167 740 1238 795 τά
1283 742 1377 795 ἐπὶ
1429 742 1656 813 Θρᾴκης
1717 740 1917 811 χωρία

2031 760 2295 823 niserunt,
2355 773 2477 828 quat
2534 756 2776 825 quinque
2836 749 3067 804 millium
3127 759 3411 799 numerum
3473 755 3580 795 non

304 840 638 908 πεποίηκεν’
676 829 752 907 ὧν
781 836 880 901 τῆς
928 833 1284 906 παρασασίας
1319 833 1475 897 δίκας
1519 832 1580 885 τδ
1608 831 1888 905 Θρᾳκικὸν

2031 850 2321 903 :xcedcbat.
2352 847 2595 914 Quorum
2625 846 2861 897 adventu
2892 839 3134 907 cognito,
3178 834 3360 902 fugam
3394 831 3580 885 statim

308 930 491 994 πέδον,
520 930 597 993 ὡς
627 926 1036 1000 οἶμαι,τιννύει
1079 926 1143 980 τὸ
1186 926 1449 997 σήμερον.
1488 925 1801 996 Σαρακηνοὶ
1841 925 1899 979 δέ

2031 954 2119 992 um
2148 949 2415 1009 sequente
2444 934 2791 991 multitudine
2814 929 3067 997 arripuit,
3116 933 3170 981 et
3200 939 3267 978 ne
3288 921 3584 992 appropin-

307 1023 432 1074 ἐπεὶ
464 1020 563 1092 τὴν
584 1021 801 1075 ἐκείνου
828 1019 1017 1088 ἐφοδον
1046 1019 1405 1090 ἠκηκόεισαν,
1437 1018 1749 1089 ἀπόμοιράν
1778 1035 1899 1072 τινα

2037 1044 2169 1084 uare
2222 1029 2442 1099 quidem
2505 1026 2613 1083 illis
2666 1033 2753 1080 est
2810 1035 2996 1076 ausus.
3034 1016 3160 1071 llaec
3216 1015 3381 1084 igitur
3424 1010 3584 1065 fortia

302 1112 594 1183 ὁπλιτικῆς
620 1112 902 1180 φάλαγγος
948 1110 1235 1165 ἐπιθέσθαι
1284 1110 1438 1180 αὐτῷ
1491 1111 1890 1182 ἐκπέμπουσιν,

2031 1122 2145 1176 llius
2176 1120 2442 1186 facinora,
2480 1127 2536 1174 et
2565 1121 2631 1171 de
2664 1115 2917 1171 hostibus
2951 1113 3123 1179 relata
3158 1108 3399 1177 trophaea
3433 1110 3582 1157 sunt.

304 1206 390 1267 εἰς
407 1204 881 1275 πεντακισχιλίους
906 1203 1105 1273 ἄνδρας
1126 1201 1281 1257 οὔπω
1303 1202 1889 1280 πλέονὴριθμημένην·
1928 1204 2005 1265 ὧν
2036 1213 2135 1284 τῆς
2156 1212 2335 1283 ὁρμῆς
2398 1209 2819 1279 ἐπαισθόμενος,
2889 1203 3070 1274 φυγὰς
3115 1200 3316 1255 αὐτίκα
3359 1196 3476 1265 ἅμα
3507 1192 3585 1263 τῷ

304 1297 565 1368 ἑπομένῳ
623 1295 819 1366 πλήθει
854 1293 1050 1366 ᾤχετο.
1087 1295 1223 1365 μηδὲ
1281 1295 1358 1359 ὡς
1405 1295 1775 1364 πλησιαίτατα
1850 1301 2060 1367 τούτοις
2090 1304 2350 1372 γενέσθαι
2414 1297 2525 1367 οίός
2552 1319 2612 1355 τε
2639 1299 2736 1354 ὢν.
2784 1296 3024 1351 Τοιαῦτα
3073 1293 3174 1364 μὲν
3203 1291 3301 1347 οῦν
3337 1290 3404 1343 τὰ
3438 1285 3584 1343 ἐκεί-

305 1405 407 1445 νου
436 1387 924 1458 ἀνδραγαθήματα,
954 1385 1051 1440 καὶ
1096 1387 1168 1440 τά
1196 1386 1319 1441 κατ’
1362 1385 1575 1458 ἐχθρῶν
1603 1388 2004 1462 σχεδιαζόμενα
2032 1395 2291 1464 τρόπαια.

383 1530 485 1593 ογ’.
520 1524 582 1577 Et
622 1522 680 1577 δέ
732 1519 839 1593 χρὴ
883 1520 1083 1585 νίκαις,
1143 1519 1237 1574 καὶ
1286 1520 1761 1593 ἀνδραγαθήμασι,
1809 1525 1905 1579 καὶ

308 1617 521 1689 χρόνων
550 1616 780 1687 μακρῶν
807 1612 1102 1684 περιόδοις,
1137 1612 1233 1666 καὶ
1266 1614 1379 1675 τοῖς
1406 1612 1589 1675 ἀλλοις
1621 1608 1703 1677 οἷς
1740 1615 1775 1685 ὴ
1803 1613 1900 1668 τοῦ

2081 1531 2167 1604 75.
2201 1531 2367 1598 Quasi
2388 1544 2517 1584 vero
2542 1526 2741 1597 alioqui
2775 1517 3287 1595 oporteatvictoriis
3322 1513 3593 1570 strenuis-

2011 1639 2117 1692 que
2162 1622 2349 1692 gestis,
2399 1629 2454 1675 et
2513 1620 2673 1691 longo
2709 1615 2924 1687 imperii
2961 1611 3210 1684 periodo,
3254 1607 3484 1675 aliisque
3510 1620 3596 1660 re-

309 1708 583 1780 παρόντος
619 1706 735 1776 βίου
764 1704 1083 1775 εὐδαιμονία
1112 1704 1209 1757 καὶ
1242 1704 1523 1775 εὐπραγία
1546 1704 1899 1776 γνωρίζεται,

2031 1730 2109 1769 ms
2164 1714 2364 1784 quibus
2424 1712 2587 1783 hujus
2642 1711 2789 1765 vitar-
2829 1706 3070 1763 felicitas
3141 1700 3595 1773 prosperitasque

310 1800 506 1853 πίστιν
535 1799 778 1869 μετρεῖν,
818 1796 955 1851 ἀλλά
1000 1796 1075 1867 μὴ
1109 1795 1188 1865 τῷ
1239 1794 1369 1867 θείῳ
1418 1796 1513 1849 καὶ
1559 1796 1905 1869 ἀποστολικῷ

312 1890 613 1964 προσέχειν
637 1888 961 1959 κηρύγματι
984 1905 997 1919 ο
1021 1889 1208 1941 ἐκεῖνα
1238 1887 1297 1941 δέ
1329 1890 1443 1951 τοῖς
1487 1888 1581 1941 τοῦ
1627 1888 1764 1943 θεοῦ
1796 1908 1904 1944 πα-

319 1976 590 2057 ραχωρεῖν
620 1984 910 2056 κρίμασιν,
943 1981 1003 2047 ὃς
1035 1982 1096 2035 οὐ
1121 1982 1305 2035 πίστιν
1339 1982 1499 2052 μόνον
1524 1981 1714 2053 ὀρθὴν,
1769 1983 1907 2038 ἀλλά

318 2079 419 2131 καὶ
445 2076 558 2147 βίον
586 2078 736 2148 ἡμᾶς
766 2077 860 2130 καὶ
888 2074 1168 2128 πολιτείαν
1205 2074 1438 2146 ἀρίστην
1470 2076 1566 2129 καὶ
1618 2076 1909 2145 εὐαγγελι-

324 2170 435 2240 κὴν
464 2166 869 2221 ἐπιδείκνυσθαι
918 2166 1202 2237 βούλεται·
1250 2167 1512 2238 ἑκάτερον
1546 2166 1654 2238 γάρ
1703 2167 1911 2221 τούτων

228 2305 234 2310 .
329 2261 565 2331 θατέρου
597 2261 721 2315 ἄνευ
749 2259 966 2331 νεκρὸν,
1003 2259 1101 2315 καὶ
1124 2261 1151 2313 ὁ
1180 2258 1256 2329 τῷ
1281 2258 1362 2311 ἐνὶ
1386 2258 1672 2323 ἐλλείπων,
1710 2262 1807 2313 καὶ
1849 2261 1912 2314 τὸ

324 2351 515 2422 ἕτερον
562 2351 1014 2422 ζημιωθήσεταιο
1063 2344 1139 2409 ὧν
1198 2350 1455 2421 οὐδαμῶς
1510 2353 1625 2414 τοῖς
1658 2352 1900 2416 ἀνοσίοις

321 2445 563 2515 ἐμέλησε
597 2445 820 2499 πώποτε
840 2462 853 2475 ·
886 2445 1013 2498 ὅτου
1047 2444 1111 2514 δὴ
1136 2443 1299 2514 χάριν
1343 2444 1418 2514 μὴ
1447 2442 1641 2496 τοῦτον
1672 2444 1908 2512 ἀφέντες

318 2535 663 2608 ἐρριμμένον
694 2536 791 2589 καλ⁷
819 2534 1290 2605 κατεπτυσμένον,
1315 2534 1413 2587 καὶ⁴
1445 2533 1571 2603 μηδ’
1603 2534 1687 2587 ὅτι
1719 2533 1913 2587 ἐϐασίο

315 2627 509 2692 λευσε,
544 2627 668 2699 μηδ’
695 2628 777 2681 ὅτι
838 2626 1167 2700 ἐστράτευσε
1192 2668 1205 2688 ,
1237 2626 1360 2698 μηδ’
1391 2628 1474 2681 ὅτι
1520 2627 1657 2690 ὅλως
1684 2626 1878 2696 γέγονε
1897 2643 1913 2658 ·

318 2718 427 2772 καὶ
457 2718 532 2781 ὡς
569 2719 743 2789 μικρά
795 2718 863 2771 τὰ
895 2720 1025 2789 παρ’
1054 2716 1236 2770 αὐτῶν
1293 2717 1642 2787 ἐπαιρόμενα
1691 2716 1913 2784 λογιζό-

325 2825 508 2880 μενοι,
530 2811 622 2863 ἐπὶ
650 2811 778 2874 τοὺς
808 2810 877 2864 τὰ
931 2809 1143 2881 μεγάλα
1170 2810 1228 2863 ἐν
1250 2808 1328 2877 τῷ
1354 2808 1453 2879 βίῳ
1482 2808 1917 2879 κατωρθωκότας

321 2902 718 2973 ἁποτρέχοιεν,
752 2903 848 2958 καὶ
896 2900 1184 2966 νίκαςάνά
1230 2902 1415 2956 πᾶσαν
1441 2899 1541 2971 τὴν
1589 2900 1919 2970 οἰκουμένην

326 2998 478 3051 κατά
509 2997 730 3051 πάντων
770 2997 960 3067 σχεδὸν
993 2996 1165 3050 ἐθνῶν
1195 2997 1530 3067 ἀραμένους,
1556 2996 1650 3048 καὶ
1677 2996 1921 3066 τρόπαια

2010 1806 2304 1870 indicatur.
2337 1805 2497 1861 fidem
2526 1804 2835 1874 religiosam
2865 1799 3045 1854 metiri
3070 1814 3086 1864 ;
3114 1807 3299 1850 etnon
3333 1789 3595 1861 apostoli-

2009 1914 2086 1954 ειη
2116 1898 2294 1968 pOtius
2337 1897 2598 1951 doclrina:
2629 1892 2931 1954 attendere,
2962 1888 3051 1942 illa
3102 1896 3284 1939 autem
3321 1882 3413 1936 Dei
3444 1879 3594 1947 judi-

2010 1993 2111 2047 ciis
2129 1990 2289 2062 139
2310 1989 2647 2060 permittere,
2681 1986 2772 2055 qui
2794 1998 2899 2036 non
2923 1981 3084 2035 fidem
3110 1986 3319 2031 rectam
3348 1981 3595 2025 tanturn-

2012 2085 2175 2138 modo
2208 2082 2302 2136 sed
2339 2088 2394 2135 et
2428 2079 2598 2132 vitam
2627 2091 2685 2130 -a
2741 2073 2901 2128 nobis
2936 2081 3231 2136 moresque
3278 2063 3517 2133 Optimos
3540 2068 3599 2114 et

2011 2172 2359 2244 evangelicos
2412 2169 2662 2241 praestari
2724 2166 2860 2219 vult.
2907 2162 3109 2217 l‘lorum
3157 2157 3304 2213 enim
3361 2154 3594 2205 alterum

1996 2275 2135 2321 ‘sine
2159 2267 2335 2320 altero
2389 2271 2661 2318 mortuum
2711 2266 2822 2322 est;
2875 2264 2931 2309 et
2966 2252 3057 2323 qui
3093 2264 3202 2304 uno
3254 2244 3594 2303 destituitur.

2016 2359 2243 2413 alterum
2272 2368 2487 2427 quoque
2533 2348 2867 2406 desiderabit
2901 2363 2915 2400 :
2955 2357 3185 2415 quarum
3238 2352 3418 2392 rermn
3454 2350 3596 2388 nun-

2017 2465 2183 2521 quam
2234 2445 2502 2518 improbis
2557 2457 2689 2498 cura
2734 2440 2855 2496 fuit.
2898 2434 3269 2505 Quamobrem
3308 2444 3406 2483 cur
3462 2440 3594 2489 non,

2019 2519 2122 2598 hoc
2148 2540 2358 2596 omisso
2388 2538 2779 2606 despectoque,
2816 2530 2971 2600 quasi
3006 2542 3106 2581 nec
3143 2519 3470 2593 regnaverit,
3501 2531 3602 2570 ue-

2016 2649 2123 2706 qne
2150 2631 2288 2687 bella
2321 2629 2578 2702 gesserit,
2610 2640 2787 2695 neque
2829 2620 3054 2678 omnino
3084 2615 3305 2679 vixerit,
3336 2615 3597 2706 atque-ut

2018 2697 2211 2797 exigua
2251 2697 2569 2793 reputantes
2618 2734 2680 2774 ea
2718 2730 2840 2787 quae
2892 2711 2983 2767 isti
3014 2708 3305 2771 extollunt,
3356 2700 3423 2755 ad
3478 2697 3603 2797 illos

2021 2789 2443 2883 transeant—qui
2499 2827 2585 2867 res
2648 2821 2878 2879 magnas
2922 2804 2979 2859 in
3034 2802 3144 2855 vita
3191 2812 3288 2854 sua
3341 2789 3605 2883 praeclare

2020 2916 2329 2980 gesserunt,
2380 2902 2758 2970 victoriasque
2792 2913 2889 2969 per
2922 2895 3242 2949 universum
3288 2886 3498 2980 orbem.
3528 2881 3598 2933 de

2024 2972 2237 3053 cunctis
2260 2995 2654 3065 propemodum
2687 2988 2900 3060 populis
2922 2984 3247 3042 retulerunt,
3272 2986 3327 3031 et
3359 2972 3606 3042 troplnea

325 3088 458 3139 κατ’
499 3084 716 3158 ἐχθρῶν
765 3064 1167 3156 στησαμένους,
1204 3064 1460 3138 πλεῖστόν
1491 3100 1551 3137 τε
1588 3064 1924 3154 ὃσονίδιαζή-

2031 3064 2292 3145 adversns
2322 3088 2510 3141 hostes
2552 3088 2887 3143 erexerunt;
2922 3078 3124 3145 diuque
3156 3071 3425 3133 viventes,
3465 3074 3522 3119 et
3549 3064 3603 3117 in

328 3193 543 3242 σαντας
572 3178 786 3249 χρόνον,
809 3180 902 3232 καὶ
931 3177 1228 3240 εὐπαθείας
1258 3179 1335 3239 εἰς
1361 3178 1508 3246 μέγα
1535 3177 1795 3247 ἥκοντας,
1831 3177 1925 3229 καὶ

330 3268 485 3321 κατά
546 3268 648 3339 τὴν
705 3268 879 3340 ἀρχὴν
940 3268 1347 3338 ἐνεγκαμένους
1404 3265 1464 3320 τὸ
1520 3265 1771 3328 ἐπικλεὲς
1829 3264 1925 3319 καὶ

332 3355 710 3427 μεγάλαυχον,
758 3357 836 3420 ὡς
880 3356 980 3428 τὴν
1017 3356 1245 3410 ἐκείνων
1283 3355 1588 3430 θρησκείαν
1623 3356 1718 3409 καὶ
1745 3354 1927 3426 ζηλῶ-

330 3465 436 3502 σαι
468 3449 564 3503 καὶ
594 3449 925 3520 μεγαλῦναι·
962 3448 1267 3519 Θαυμάζειν
1305 3466 1365 3501 τε
1391 3449 1460 3502 τὰ
1490 3447 1924 3520 κατορθούμενα,

329 3539 441 3593 καὶ
481 3520 903 3610 ἐκπλήττεσθαι,
934 3540 1031 3593 καὶ
1066 3539 1159 3592 τὸν
1200 3538 1316 3609 βίον
1374 3538 1651 3609 αἱρεῖσθαι
1689 3538 1787 3592 καὶ
1835 3537 1928 3591 τὸν

330 3629 546 3703 τρόπον
570 3645 585 3661 ⁸
626 3628 770 3683 ὥστε
800 3630 903 3684 κάν
936 3632 1050 3694 τοῖς
1083 3630 1373 3700 μέλλουσιν
1409 3629 1595 3692 αίῶσι,
1641 3630 1753 3693 τοῖς
1795 3629 1930 3681 ἀπο-

330 3721 789 3794 κεκληρωμένοις
822 3724 1006 3786 αὐτοῖς
1040 3723 1135 3776 καὶ
1188 3723 1618 3793 ἡτοιμασμένοις
1667 3738 1929 3793 συμπαρ-

331 3813 659 3869 απολαῡσαι
723 3813 1046 3867 δικαιότατα
1074 3831 1088 3844 ·
1128 3814 1223 3867 καὶ
1283 3814 1375 3867 ἵνα
1423 3813 1533 3866 τῶν
1569 3812 1785 3866 πολλῶν
1821 3815 1930 3882 ἀφ-

331 3905 557 3975 έμενοι,
604 3903 805 3972 ὀλίγων
883 3902 1339 3974 ἐπιμνησθῶμεν,
1414 3903 1507 3955 τὸν
1579 3901 1931 3972 Ἀλέξανδρον

332 3995 587 4054 ἐνταῦθά
636 4014 730 4067 μοι
771 3997 906 4060 νόει,
951 3995 1043 4050 τὸν
1095 3995 1394 4062 Φιλίππου,
1454 3993 1547 4048 τὸν
1600 3993 1927 4048 Μακεδόνα·

337 4088 553 4163 μικροῦ
575 4092 758 4155 πᾶσαν
790 4090 892 4160 τὴν
921 4090 1256 4160 οἰκουμένην
1285 4089 1803 4160 παραστησάμενον,
1840 4086 1934 4140 καὶ

338 4183 533 4238 πάντα
585 4183 879 4254 Ἐλληνικά
914 4183 1010 4235 καὶ
1053 4181 1307 4253 βάρσαρα
1335 4181 1463 4250 ἐθνη
1516 4180 1934 4252 χειρωσάμενόν

335 4293 414 4331 τε
444 4275 539 4328 καὶ
575 4274 987 4346 δουλωσάμενον
1010 4290 1023 4305 ⁸
1054 4275 1113 4339 ὃς
1168 4275 1226 4327 ἐν
1269 4273 1369 4344 ἴσῳ
1423 4275 1649 4344 πτηνοῖς
1680 4271 1933 4337 διαθέων,

339 4366 431 4438 τῷ
466 4369 621 4438 τάχει
673 4366 896 4439 περιῄει
944 4366 1044 4437 τὴν
1091 4365 1421 4436 σύμπασαν,
1471 4363 1565 4416 καὶ
1595 4363 1655 4415 τὸ
1704 4362 1934 4433 σφοδρὸν

2030 3195 2279 3252 magnam
2353 3163 2671 3233 felicitatem
2724 3171 2880 3234 elati,
2946 3164 3275 3237 imperiique
3336 3158 3607 3252 illustrem

2028 3248 2255 3343 gloriam
2321 3269 2634 3336 famamque
2683 3260 2964 3319 consecuti
3018 3254 3184 3312 sunt?
3216 3254 3372 3307 itaut
3411 3248 3611 3303 horum

2029 3340 2347 3434 religionem
2387 3370 2440 3415 et
2486 3356 2808 3413 aemulemur
2835 3363 2889 3407 et
2941 3347 3395 3420 magnificemus;
3443 3340 3613 3393 inire-

2030 3469 2265 3524 murque
2312 3451 2550 3506 feliciter
2586 3457 2763 3518 gesta,
2805 3455 2861 3501 et
2909 3452 3131 3509 stupore
3189 3442 3610 3524 prosequamur,

2031 3520 2334 3614 eorumque
2367 3543 2534 3596 vitam
2566 3553 2631 3595 ac
2676 3550 2858 3592 mores
2908 3532 3216 3593 imitemur;
3256 3524 3396 3579 utin
3430 3520 3615 3573 futuro

2030 3651 2251 3709 quoque
2281 3633 2483 3690 saeculo
2510 3640 2754 3702 paratam
2790 3627 2899 3683 illis
2924 3616 3456 3687 sortemjustissime
3479 3627 3611 3665 con-

2032 3708 2501 3803 sequamur(85).
2557 3725 2734 3793 Atque
2792 3728 2852 3774 ut
2902 3715 3089 3770 multis
3124 3708 3617 3803 ortiissis,_pattct)s

2034 3792 2427 3878 meinorcmu's,
2461 3792 2835 3870 Alexandrum
2868 3807 2957 3862 hic
2988 3800 3222 3870 Philippi
3270 3795 3401 3850 mihi
3439 3792 3617 3860 t'Ogila

2034 3911 2411 3971 Macedonem,
2443 3905 2535 3974 qui
2567 3902 2755 3958 orbem
2793 3911 2964 3967 prope
3006 3894 3319 3948 universqu
3355 3881 3617 3945 obtinuit,

2034 4014 2374 4073 cunctosque
2424 3998 2649 4054 Graecos
2699 4009 2764 4048 ac
2809 3990 3084 4045 Barbaros
3134 3981 3361 4055 populos
3410 3974 3621 4031 domuit

2036 4096 2252 4167 sibique
2284 4067 2512 4161 subjecit
2540 4105 2554 4154 ;
2584 4087 2675 4159 qui
2708 4086 2888 4141 instar
2937 4080 3054 4133 avis
3096 4075 3318 4136 volans,
3366 4067 3623 4167 Celeriter

2038 4159 2303 4247 mnu-dum
2351 4159 2632 4246 discurrit,
2690 4186 2747 4234 et
2818 4169 3164 4229 vehementia
3208 4181 3274 4221 ac
3327 4159 3623 4217 velocitate

2040 4281 2331 4354 pardaleos
2357 4278 2592 4350 speciem
2643 4261 2755 4341 prae
2799 4286 2858 4325 se
2906 4264 3142 4321 ferebat.
3173 4258 3280 4354 Sic
3311 4255 3455 4354 enim
3491 4265 3625 4354 non—

2042 4341 2179 4429 nulli
2234 4341 2565 4440 interpretes
2637 4365 2817 4420 locum
2862 4360 3011 4414 illum
3048 4351 3314 4425 (Itanielis
3339 4344 3408 4418 ἰ¹)
3451 4341 3625 4410 expli-

342 4461 453 4514 atat
483 4458 809 4530 ὀξύρροπον,
841 4457 921 4528 τῷ
959 4459 1057 4527 τῆς
1084 4456 1406 4527 παρδάλεως
1437 4454 1567 4507 εἴδει
1614 4452 1693 4525 τῷ
1735 4452 1924 4524 ὁρῶντι

2044 4473 2260 4538 carunt,
2294 4462 2424 4533 quia
2470 4457 2745 4515 efﬁcacius
2788 4465 2951 4521 quam
2985 4447 3226 4502 humana
3276 4451 3403 4507 spes
3464 4442 3626 4535 autu-

347 4556 818 4624 προῦπεγραφετο
840 4569 855 4583 ο
897 4550 1042 4604 οὕτω
1081 4550 1191 4620 γάρ
1219 4565 1328 4602 τισι
1361 4548 1470 4600 τῶν
1501 4546 1841 4600 διδασκάλων
1868 4546 1937 4599 τὰ

348 4644 503 4698 κατά
526 4644 619 4697 τδν
653 4644 815 4696 τόπον
839 4640 1199 4710 τεθεώρηται,
1221 4634 1345 4693 ἐπεὶ
1374 4637 1470 4690 καὶ
1499 4634 1938 4705 δραστικῶτερον

350 4739 388 4810 ἢ
431 4738 548 4791 κατ’
591 4735 815 4800 ἐλπίδας
864 4732 1239 4804 ἀνθρωπίνας,
1280 4731 1349 4784 τὰ
1408 4727 1555 4782 κατὰ
1606 4727 1735 4781 νοῦν
1781 4725 1936 4810 αὐτῷ

346 4805 716 4901 ἐπεραίνετοο
767 4828 825 4881 οὐ
867 4827 978 4898 γὰρ
1018 4826 1270 4895 σχολαῖον
1299 4817 1417 4893 εἶχε
1453 4819 1515 4874 τὸ
1541 4822 1796 4891 ὅρμημα,
1820 4805 1939 4873 ἀλλ’

343 4925 436 4988 ὠς
461 4921 521 4987 ἐξ
549 4920 849 4991 ἐπιδρομῆς
876 4918 970 4971 ἰὼν
1008 4909 1153 4969 εἷλεν
1176 4916 1455 4976 ἆπανταςυ
1497 4913 1677 4981 ἕτεροι
1707 4910 1819 4982 γὰρ
1847 4910 1943 4964 ἐπὶ

346 5017 460 5088 τῆς
496 5015 723 5087 Περσῶν
751 5011 1075 5074 δυναστείας
1106 5008 1266 5063 τοῦτο
1294 5006 1671 5075 ἐξειλήφασιν.

439 5109 510 5161 Ἦ
562 5108 654 5161 τὸν
703 5103 968 5177 Καίσαρᾶ
1002 5119 1091 5174 μοι
1140 5099 1319 5173 φράζε
1368 5098 1460 5151 τὸν
1510 5096 1846 5167 Αὐγουστον,
1882 5096 1943 5160 δς

362 5199 556 5275 μεῖξον
606 5198 726 5271 μετ’
751 5199 961 5251 ἐκεῖνον
992 5195 1061 5249 τὰ
1093 5192 1306 5247 ἐκείνου
1356 5190 1766 5261 διαδεξάμενος,
1800 5188 1945 5242 κατά

357 5300 470 5370 τὴν
497 5295 672 5369 ἀρχὴν
704 5295 768 5349 τὸ
798 5293 959 5357 κλέος
985 5291 1277 5362 ἐκέκτητο,
1309 5286 1544 5358 ἐπείπερ
1587 5287 1656 5340 τὰ
1697 5283 1949 5339 Μακεδό-

408 5474 455 5505 ⁸¹
482 5472 617 5529 Dan.
650 5487 752 5538 vn,
779 5472 835 5527 6.

446 5656 560 5727 (85)
586 5651 790 5727 Nempe
832 5649 999 5727 etiam
1034 5644 1316 5727 Zningiins
1342 5641 1397 5697 in
1430 5639 1551 5727 fidei
1594 5652 1712 5727 suae:
1737 5632 1954 5727 confes:

2038 4532 2172 4625 mat,
2207 4526 2407 4611 mentis
2436 4566 2549 4607 suae
2589 4547 2868 4619 cogitatus
2920 4535 3260 4609 perficiebat.
3316 4530 3433 4584 Non
3468 4526 3619 4580 enim

2035 4650 2249 4707 tardum
2281 4645 2517 4702 habebat
2561 4642 2844 4709 impetum,
2880 4634 2978 4689 sed
3010 4639 3268 4698 tanquam
3304 4635 3413 4677 uno
3448 4628 3622 4709 cursu

2036 4745 2254 4797 irruens
2282 4748 2510 4795 cunctos
2549 4706 2774 4788 devicit.
2803 4726 2908 4782 Alii
2956 4734 3136 4777 tamen
3169 4718 3345 4773 locum
3385 4712 3531 4766 hunc
3554 4706 3620 4760 de

2040 4834 2332 4889 Persarum
2365 4824 2614 4901 dynastia
2644 4818 3051 4876 intellexerunt.

2123 5101 2220 5157 Vel
2252 5099 2524 5156 Caesarem
2555 5094 2687 5148 mihi
2731 5104 2894 5145 narra
2924 5088 3252 5155 Augustum,
3293 5073 3383 5146 qui
3425 5067 3635 5138 majore

2053 5194 2229 5264 Spatio
2275 5201 2398 5260 post
2428 5189 2599 5251 illum,
2631 5184 2893 5240 ditionem
2935 5177 3055 5248 ejus
3093 5183 3389 5239 occupans,
3417 5162 3622 5264 glorio-

2056 5252 2176 5339 sittu
2206 5252 2495 5350 imperium
2519 5275 2619 5332 sibi
2643 5270 2928 5329 constituit
2951 5284 2967 5332 ;
2988 5259 3427 5337 quandoquidem
3456 5252 3641 5305 Mace-

2061 5632 2116 5686 in
2145 5627 2387 5699 paradisi
2415 5624 2634 5681 sedibus
2664 5617 2973 5699 “ﬁrmem.
2999 5605 3643 5699 Τ¹¹⁸⁸9¹¹¹.¹ἶῖὲ⁴ἷῖτ³ὶῗῗξῖἷῖξ

446 5675 560 5727 (δῦ)
589 5675 790 5722 ιηθιιψισ
832 5675 999 5705 cum"
1035 5675 1316 5714 υυιιιδιιιιθ
1344 5675 1396 5697 ιιι
1430 5675 1551 5694 ιιυνι
1594 5675 1706 5692 uua.
1737 5675 1926 5714 ιον-..υτ
2063 5675 2115 5686 ...
2146 5675 2379 5699 ...η-ν.-.
2415 5675 2630 5681 --μ-ν-
2668 5675 2706 5676 η
2745 5693 2755 5703 .
2962 5675 2970 5679 ,
3020 5691 3026 5697 ⁸
3334 5679 3343 5688 ι

367 5731 531 5785 sione
568 5724 633 5778 ad
680 5721 1034 5776 Franciscutn
1077 5716 1095 5769 Ι
1129 5714 1319 5785 Gallia:
1352 5726 1557 5785 regem.
1594 5722 1717 5763 cum
1746 5715 1954 5761 sanctis
2063 5701 2293 5782 Numam
2311 5697 2616 5785 .IQatonem
2639 5735 2655 5762 ,
2689 5693 2929 5759 altosque
2962 5688 3167 5757 aliquot
3196 5680 3445 5736 ethnicos
3477 5675 3652 5728 rebus

683 5768 1032 5851 ϊεέῖᾶίιίἑῆιῖ
1051 5768 1356 5844 hominibus
1389 5768 1615 5837 collocat
1652 5784 1961 5849 portentosa
2069 5771 2233 5841 gestis
2260 5768 2521 5825 celebres.
