4004 6494
416 386 516 452 5H

1444 390 1505 449 S.
1547 389 1963 450 NICEPIIORI
2003 385 2511 449 I’ATRIARCILE
2547 385 2655 445 (ΖΡ.

3590 378 3689 445 512

415 512 615 555 (tonum
677 499 919 568 polentia
979 500 1157 556 minor
1196 518 1361 573 quam
1429 504 1800 559 Romanorum
1855 504 1989 566 fuit;

2119 520 2204 555 μων
2254 504 2370 563 τοῖς
2414 499 2705 569 Ῥωμαίων
2752 498 3072 565 ἠλάττωτο·
3121 494 3218 550 καὶ
3251 492 3324 547 τὰ
3369 493 3472 564 τῆς
3521 494 3689 566 ἀρχῆς

415 591 679 658 regnique
714 598 927 655 tempus
956 601 1062 645 tam
1086 594 1134 647 ei
1171 594 1438 662 prolixum
1472 595 1595 659 fuit,
1632 611 1795 666 quam
1830 610 1998 664 prope

415 682 733 737 universum
815 683 917 737 fuit
993 686 1209 741 vivendi
1291 688 1631 742 intervallum
1711 687 1995 742 Mamonze.

418 773 545 829 Scio
577 776 829 843 equidem
893 776 1097 832 Christi
1150 779 1546 847 professionem
1591 782 1682 835 tibi
1746 781 1997 836 ruborem

418 882 526 919 non
584 881 707 921 esse
786 868 1437 940 illaturam,-quominus
1509 883 1722 941 gratum
1795 873 2000 927 habeas

419 954 653 1012 llerodis
727 972 946 1027 quoque
1018 958 1422 1014 infauticidium
1503 960 1749 1027 laudari;
1837 964 2001 1031 idque

424 1062 586 1100 unum
646 1048 871 1115 dolere,
954 1051 1096 1119 quod
1169 1052 1430 1121 qumsitus
1496 1053 1624 1119 ille,
1695 1057 2000 1110 occisorum

423 1154 651 1193 numero
722 1155 827 1193 non
861 1142 931 1197 sit
971 1144 1418 1212 comprehensus,
1453 1149 1548 1200 sed
1589 1145 1712 1216 fuga
1753 1147 1807 1200 in
1833 1146 2003 1217 Egy-

424 1237 571 1295 ptum
623 1232 880 1284 evaserit.
930 1231 1069 1286 Ecce
1114 1234 1258 1288 enim
1300 1246 1509 1303 septem
1570 1252 1734 1303 supra
1778 1238 1999 1306 triginta

423 1320 582 1375 anuis
615 1337 839 1391 regnum
861 1323 1118 1390 llerodis,
1155 1338 1208 1380 ut
1237 1330 1413 1391 aiunt,
1442 1329 1776 1396 perduravit.
1808 1331 2004 1384 Mirare

427 1411 556 1464 mihi
587 1415 748 1466 etiam
780 1417 1172 1470 Atheniensem
1201 1416 1547 1473 Timotheum
1588 1420 1701 1491 (8(3)
1736 1422 1826 1489 qui
1869 1422 2002 1474 bea-

426 1511 514 1556 tus
551 1503 824 1559 fortunam
898 1507 1087 1561 habuit
1140 1509 1192 1561 in
1240 1512 1349 1563 vita
1396 1515 1755 1581 gerendarum
1821 1529 2003 1568 rerum

427 1595 702 1648 comitem.
724 1596 835 1651 Cur
870 1598 995 1652 item
1020 1597 1468 1654 Senacherimum
1502 1617 1605 1655 non
1624 1602 1804 1671 jactus
1834 1604 1996 1659 alios-

429 1701 533 1754 que
587 1686 934 1757 Assyriorum
1000 1691 1218 1758 reges?
1275 1699 1332 1745 ut
1375 1693 1542 1746 etiam
1587 1696 1653 1745 ad
1706 1694 2005 1748 vetustiora

429 1778 558 1833 hinc
597 1795 1017 1849 convertamur;
1042 1795 1096 1839 et
1125 1795 1246 1855 post
1295 1786 1417 1841 illos
1442 1788 1525 1842 vel
1552 1798 1681 1843 ante
1709 1789 1869 1855 illos;
1902 1774 2031 1843 Na?

429 1869 943 1927 buchodonosorum
973 1875 1199 1945 ejusque
1232 1891 1457 1946 regnum
1481 1895 1659 1933 nonne
1694 1882 2007 1937 admirabe-

431 1960 553 2014 ris?
583 1965 937 2030 quamobrem
970 1967 1135 2020 etiam
1164 1966 1391 2022 malleus
1426 1970 1698 2024 universa!
1726 1980 1884 2025 terra:
1943 1972 2011 2025 ab

427 2052 667 2108 oraculis
690 2053 929 2122 Spiritus
956 2058 1338 2114 denominatus
1363 2060 1467 2115 fuit
1487 2062 1553 2126 ⁸³,
1589 2063 1655 2115 ad
1676 2065 2009 2118 conterenda

430 2144 813 2215 perdendaque
848 2148 1031 2202 omnia
1073 2151 1273 2219 quibus
1301 2151 1601 2219 ingrueret.
1627 2151 1767 2207 Medi
1800 2168 1928 2207 vero
1958 2162 2013 2206 et

430 2234 633 2300 Persae,
706 2251 978 2306 quatenus
1012 2255 1039 2293 a
1082 2242 1192 2296 Deo
1248 2231 1642 2300 sanctificati“
1669 2253 1723 2299 et
1767 2246 2010 2310 deducti,

429 2325 789 2395 gigantesque
823 2329 1181 2386 advenientes
1217 2348 1341 2387 cum
1376 2336 1574 2402 gaudio
1600 2333 1759 2388 simul
1790 2344 1847 2389 et
1874 2351 2007 2389 con-

432 2418 675 2481 tumelia,
700 2433 893 2487 nempe
910 2430 966 2473 ut
984 2420 1121 2474 iram
1136 2424 1526 2478 sanctilicantis
1544 2440 1638 2480 eos
1655 2426 2010 2495 complerent.

432 2502 498 2558 Et
526 2505 772 2562 christus
812 2508 903 2563 Dei
924 2508 1124 2580 Cyrus,
1160 2513 1252 2582 qui
1274 2512 1490 2568 illorum
1514 2517 1622 2569 dux
1652 2525 1792 2579 erat,
1828 2517 2007 2585 appel-

430 2595 573 2651 latur
596 2597 680 2665 ⁸⁸;
716 2599 824 2666 hic,
882 2601 1133 2672 inquam,
1170 2620 1349 2659 nonne
1386 2616 1438 2660 te
1485 2606 1717 2661 celerius
1746 2608 1813 2661 ad
1852 2607 2010 2662 fidem

431 2691 731 2756 perducet?
764 2690 917 2747 Mitto
942 2694 1123 2763 plura,
1170 2697 1568 2754 ne,verborum
1610 2699 1863 2753 cumulus
1894 2698 2010 2753 fiat.

435 2780 544 2836 Sed
576 2782 743 2847 dices,
766 2776 1082 2839 Mamurram
1116 2785 1363 2841 Thracia:
1393 2789 1611 2843 castella
1644 2790 1817 2844 muris
1858 2806 2010 2844 com-

433 2874 677 2929 munisse
709 2873 845 2946 (87).
879 2878 951 2930 At
994 2878 1251 2945 quoniam
1296 2880 1392 2933 tibi
1442 2881 1543 2934 hoc
1587 2881 1654 2934 ad
1692 2881 1849 2936 fidem
1892 2883 2013 2937 reli-

431 2967 639 3034 giosam
699 2969 878 3035 magni
916 2973 1175 3024 momenti
1218 2982 1323 3033 est,
1357 2972 1536 3026 tribue
1576 2972 1805 3042 gloriam
1852 2974 2013 3041 hujus

434 3055 559 3111 fidei
588 3057 834 3114 Romulis
856 3068 1020 3130 atque
1045 3061 1247 3127 Remis,
1287 3062 1446 3134 ιω
1470 3075 1521 3117 et
1550 3063 1733 3119 Romae
1758 3067 2013 3121 maxima

431 3150 609 3220 cogita
646 3152 1044 3220 celebritatem,
1100 3163 1156 3208 et
1192 3156 1463 3210 excelsum
1508 3156 1846 3213 fundationis
1895 3158 2014 3229 ejus

434 3241 625 3295 decus.
683 3241 968 3299 IEmulare
1025 3246 1345 3316 religionem
1384 3247 1556 3313 illius,
1616 3250 1707 3318 qui
1761 3266 2015 3322 magnam

437 3333 679 3389 condidit
700 3336 1107 3405 Alexandriam,
1138 3339 1242 3393 loci
1276 3341 1608 3409 obstupesce
1635 3344 2020 3412 Opportunita-

436 3434 569 3488 tem,
619 3422 835 3494 Nilique
892 3442 1023 3482 arva
1082 3429 1366 3499 irrigantis
1424 3428 1762 3485 incrementa
1814 3448 2019 3498 annua,

436 3532 672 3586 eumque
701 3527 756 3570 ut
798 3517 1138 3574 fructiferum
1201 3522 1408 3577 honore
1452 3537 1805 3593 prosequere,
1860 3532 2023 3594 atque

440 3609 513 3664 ita
548 3625 575 3661 a
600 3612 805 3665 veteris
833 3611 1219 3682 Egyptiorum
1250 3616 1663 3683 superstitionis
1689 3631 1880 3672 errore
1913 3633 2019 3673 non

446 3701 648 3755 aberis.
700 3701 872 3756 Ninus
908 3705 1002 3757 tibi
1033 3715 1196 3775 caput
1240 3707 1604 3780 professionis
1631 3718 1772 3777 esto,
1803 3710 1894 3780 qui
1925 3725 2025 3765 suo

444 3792 863 3848 uoutiueurbem
912 3793 1141 3851 Niniveu
1195 3798 1478 3863 excitavit,
1543 3775 1699 3871 cujus
1758 3803 2026 3859 transitus

446 3886 605 3938 trium
632 3886 841 3941 dierum
884 3887 1083 3944 itinere
1116 3890 1333 3945 demum
1366 3891 1779 3962 perficiebatur.

517 4145 607 4201 74.
643 4146 839 4204 Transi
871 4149 1024 4217 hinc,
1073 4151 1120 4207 si
1157 4153 1253 4208 tibi
1295 4152 1499 4209 volenti
1541 4162 1648 4219 est,
1690 4154 1759 4209 ad
1805 4154 2022 4211 Israeli-

449 4237 571 4293 ticae
599 4239 777 4308 gentis
799 4256 974 4311 reges,
1007 4256 1307 4312 eorumque
1331 4243 1648 4301 felicitatem
1679 4255 1734 4301 et
1767 4247 2028 4316 regnandi

446 4330 678 4397 spatium
755 4335 1062 4389 considera.
1135 4337 1286 4392 Unus
1352 4338 1451 4392 tibi
1521 4341 1697 4393 instar
1775 4341 2027 4394 omnium

447 4420 701 4491 sufﬁciet,
765 4425 934 4481 decus
969 4429 1249 4484 enimvero
1290 4431 1486 4500 ingens
1522 4441 1577 4486 et
1605 4432 1835 4502 gloriam
1890 4434 2027 4490 reli-

2100 592 2249 660 αὺτῷ
2280 590 2639 661 παρετέτατο,
2672 591 2751 653 είς
2771 589 2896 641 ὅσον
2914 589 2975 642 τὸ
2997 590 3107 643 πᾶν
3126 588 3230 658 τῆς
3267 588 3532 655 Μαμωνᾶ
3556 584 3691 656 ζωῆς

2102 685 2311 754 σχεδον,
2344 681 2931 752 συμπαρατεινόμενον
2956 680 3083 750 ἔσχε
3119 680 3179 732 τὸ
3212 678 3507 747 διάστημα
3531 694 3549 707 ο
3582 674 3693 730 οἴδα

2099 774 2210 844 γὰρ
2243 773 2318 835 ὡς
2344 772 2445 825 οὐκ
2476 773 2541 826 ἄν
2578 788 2637 823 σε
2676 771 2765 825 τὸν
2792 771 3056 842 ὑϐριστὴν
3087 773 3125 840 ή
3149 768 3255 823 τοῦ
3294 768 3541 839 Χριστοῦ
3572 769 3695 822 ἀπο-

2100 864 2286 935 γραφὴ
2314 865 2692 934 δυσωπήσειεν
2711 880 2725 894 ·
2755 863 2831 926 ὡς
2858 862 3052 933 χάριέν
3077 879 3158 915 σοι
3190 862 3293 915 καὶ
3322 860 3426 930 τὴν
3465 859 3694 930 Ἡρώδου

2103 955 2488 1010 παιδοκτονίαν
2514 953 2864 1017 ἀσπάζεσθαι
2890 971 2902 984 ·
2937 954 3025 1022 ἐφ’
3050 953 3132 1006 ἐνὶ
3155 953 3213 1006 δέ
3249 969 3312 1004 σε
3347 954 3515 1022 μόνον
3548 952 3695 1020 χαλε-

2102 1049 2317 1102 παίνειν
2344 1048 2440 1101 καὶ
2487 1046 2796 1116 ἄχθεσθαι,
2831 1047 2915 1101 ὅτι
2952 1047 3027 1117 μὴ
3065 1047 3159 1100 καὶ
3193 1048 3222 1099 ὁ
3257 1045 3606 1115 ζητούμενος
3645 1046 3700 1097 ὲν

2101 1144 2217 1204 τοῖς
2246 1139 2620 1211 ἀνῃρημένοις
2640 1138 3138 1209 συμπεριείληπτο,
3162 1139 3351 1206 φυγὰς
3376 1137 3436 1189 δέ
3454 1136 3698 1206 ἀπῴχετο

2104 1232 2240 1304 πρὸς
2268 1232 2367 1299 τὴν
2395 1232 2693 1297 Αἴγυπτον,
2721 1231 2913 1301 ἐπειδὴ
2934 1232 3075 1284 ἐπτὰ
3103 1231 3245 1301 πρὸς
3266 1232 3389 1293 τοῖς
3405 1230 3697 1300 τριάκοντα

2105 1324 2251 1376 ἔτεσι
2278 1322 2424 1375 κατά
2456 1321 2555 1392 τὴν
2584 1321 2751 1374 αὑτοῦ
2786 1320 3086 1391 βασιλείαν,
3107 1320 3183 1383 ὣς
3211 1337 3411 1389 φασιν,
3460 1318 3698 1389 Ἡρώδης

2104 1415 2386 1484 διήρκεσε.
2421 1412 2685 1483 Θαύμαςέ
2711 1430 2800 1482 μοι
2829 1412 2925 1466 καὶ⁹
2951 1413 3043 1465 τὸν
3079 1412 3383 1483 Ἀθηναῖον
3418 1409 3695 1480 Τιμόθεον,

2106 1507 2168 1571 ὃς
2202 1507 2303 1577 τὴν
2331 1506 2502 1576 τύχην
2532 1505 2791 1558 εὐπαθῶν
2812 1508 2869 1558 ἐν
2894 1504 2973 1573 τῷ
3009 1504 3111 1576 βίῳ
3134 1505 3264 1574 ἔσχε
3306 1502 3692 1574 συμπράττου-

2110 1615 2235 1651 σανο
2270 1599 2322 1650 τί
2374 1598 2431 1650 δέ
2471 1598 2593 1666 οὐχί
2644 1596 2723 1667 τῷ
2756 1597 3102 1667 Σεναχηρεὶμ
3141 1594 3544 1664 ἐγκαλλωπίζῃ
3567 1633 3582 1654 ,
3612 1593 3697 1647 καὶ

2108 1692 2221 1752 τοῖς
2248 1689 2431 1751 ἄλλοις
2471 1688 2520 1741 οἶ
2553 1690 2662 1741 τῶν
2710 1688 3016 1758 Ἀσσυρίων
3063 1686 3537 1757 βεῦασιλεύκασιν
3569 1702 3585 1751 ;
3613 1686 3697 1739 ἴνα

2111 1783 2249 1853 πρὸς
2294 1782 2365 1835 τὰ
2415 1780 2751 1851 παλαιότερα
2783 1779 3036 1833 ἐντεῦθεν
3086 1779 3540 1850 ἀναδράμωμεν·
3586 1779 3694 1848 μετ’

2111 1875 2356 1937 ἐκείνους
2406 1873 2461 1926 δέ
2499 1873 2592 1926 καὶ
2624 1874 2765 1939 ὑπὲρ
2792 1872 3037 1932 ἐκείνους
3057 1914 3071 1937 ,
3101 1871 3192 1924 τὸν
3221 1868 3694 1939 Ναϐουχοδονόσορ

2113 1967 2206 2020 καὶ
2258 1967 2359 2034 τὴν
2411 1965 2624 2017 ἐκείνου
2680 1964 3003 2017 δυναστείαν
3055 1963 3155 2033 οὐχ
3227 1960 3691 2031 ὑπερεκπλήττης

2111 2055 2233 2108 ὅθεν
2270 2056 2363 2107 καὶ
2405 2053 2590 2125 σφύρα
2631 2053 2813 2123 πάσης
2848 2055 2947 2123 τῆς
3003 2051 3105 2121 γῆς
3137 2052 3298 2122 πιρά
3350 2050 3462 2103 τῶν
3498 2048 3687 2117 λογίων

2112 2145 2204 2198 τοῦ
2255 2146 2577 2212 Πνεύματτης
2621 2144 3055 2213 ἐπωνόμασται,
3085 2144 3163 2211 τῷ
3212 2142 3563 2213 διαφθείρειν
3611 2140 3694 2193 καὶ

2113 2235 2406 2289 ἀπολλύειν
2440 2235 2687 2297 ἅπαντας
2718 2234 2843 2287 καθ’
2876 2228 2950 2287 ὧν
2983 2235 3048 2287 ἂν
3099 2233 3415 2287 ἐπετίθετο.
3454 2232 3622 2300 Μῆδοι
3642 2229 3691 2283 δὲ

2113 2326 2209 2379 καὶ
2254 2326 2502 2395 Πέρσαι,
2533 2326 2656 2377 ἐπεὶ
2693 2325 2791 2377 καὶ
2841 2325 3168 2394 ἡγιασμένοι
3222 2322 3383 2393 παρὰ
3433 2321 3569 2374 Θεοῦ
3610 2320 3694 2373 καὶ

2112 2417 2414 2485 ἀγόμενοι,
2457 2417 2553 2469 καὶ
2600 2416 2863 2484 γίγαντες
2910 2417 3199 2487 ἐρχόμενοι
3251 2413 3542 2484 χαίροντες
3589 2412 3691 2479 ἅμα

2115 2510 2207 2563 καὶ
2239 2507 2575 2580 ὑϐρίζοντες,
2610 2507 2685 2571 ὡς
2721 2507 2813 2561 τὸν
2859 2506 3034 2575 θυμὸν
3082 2505 3177 2559 τοῦ
3208 2504 3537 2573 ἀγιὰζοντος
3569 2504 3692 2555 ἀποο

2114 2602 2436 2672 πλήσοντες,
2468 2601 2564 2652 καὶ
2593 2599 2774 2670 Κύρος
2805 2599 3028 2670 χριστὸς
3058 2600 3086 2651 ὁ
3108 2597 3202 2651 τοῦ
3235 2596 3400 2661 Θεοῦ,
3424 2596 3484 2657 ὃς
3506 2593 3693 2647 τούτων

2112 2687 2216 2763 ἦγε
2244 2691 2305 2743 τὸ
2334 2691 2564 2761 ὅρμημα
2595 2690 3060 2759 προσηγόρευται,
3092 2689 3193 2741 οὐκ
3220 2689 3288 2742 ἄν
3327 2705 3389 2739 σε
3412 2686 3599 2739 θᾶττον
3623 2685 3691 2746 εἰς

2115 2788 2304 2837 πίστιν
2337 2783 2747 2852 ἐπαγάγοιντο;
2801 2782 3048 2853 Παρίημι
3089 2780 3146 2834 δὲ
3179 2781 3248 2833 τὰ
3291 2778 3468 2833 πολλὰ
3498 2777 3584 2831 διὰ
3612 2776 3689 2829 τὸν

2113 2873 2271 2944 ὄχλον
2300 2874 2407 2926 τῶν
2437 2875 2719 2944 ῥημάτων.
2757 2872 2922 2926 Ἀλλά
2962 2874 3179 2943 φήσεις,
3212 2872 3296 2925 ὅτι
3344 2872 3413 2924 τὰ
3444 2872 3536 2923 ἐπὶ
3562 2869 3690 2938 Θρᾴ-

2114 2983 2217 3034 κης
2239 2965 2543 3036 ἐπετείχισε
2569 2965 2827 3037 φρούρια,
2850 2965 2945 3017 καὶ
2969 2966 3017 3017 εί
3054 2964 3196 3035 μέγα
3226 2981 3312 3017 σοι
3330 2961 3491 3016 τοῦτο
3511 2963 3586 3024 είς
3612 2960 3690 3012 πί-

2118 3073 2257 3121 στιν,
2280 3056 2425 3109 δίδου
2451 3058 2511 3110 τὸ
2532 3057 2689 3119 κλέος
2719 3056 2819 3125 τῆς
2842 3055 3082 3118 πίστεως
3118 3053 3360 3123 Ῥώμοις
3391 3053 3501 3105 τισί
3522 3067 3578 3103 τε
3606 3048 3687 3102 καὶ

2130 3150 2374 3219 Ῥήμοις,
2407 3151 2502 3202 καὶ
2533 3150 2634 3219 τῆς
2677 3148 2943 3218 μεγίστης
2985 3146 3206 3217 Ῥώμης
3242 3146 3422 3199 ἐννόει
3457 3145 3518 3199 τδ
3545 3160 3687 3213 περι-

2124 3240 2291 3308 φανὲς
2320 3240 2417 3293 καὶ
2446 3239 2758 3311 ἐπῃρμένον
2788 3238 2889 3308 τῆς
2923 3241 3188 3301 κτίσεως⁶
3236 3238 3406 3309 ζήλου
3443 3237 3538 3307 τὴν
3568 3234 3686 3305 θρη-

2124 3331 2315 3384 σκείαν
2348 3330 2557 3385 ἐκείνου
2580 3373 2595 3399 ,
2625 3331 2683 3395 ὃς
2716 3332 2816 3399 τὴν
2868 3330 3117 3399 μεγάλην
3150 3329 3412 3400 ἐδείματο
3457 3326 3689 3393 Ἀλεξάν-

2121 3424 2335 3495 δρειαν,
2367 3423 2464 3476 καὶ
2501 3423 2562 3476 τὸ
2593 3422 2688 3476 τοῦ
2738 3421 2942 3494 χωρίου
2978 3423 3281 3492 θαυμάζων
3324 3421 3566 3484 εὔθετον,
3608 3416 3690 3471 καὶ

2121 3515 2217 3569 τοῦ
2246 3504 2637 3580 ἐπικλύζοντος
2689 3515 2887 3569 Νείλου
2930 3515 3040 3569 τῶν
3076 3515 3264 3587 ἐκείνῃ
3296 3516 3365 3568 τὰ
3411 3514 3534 3585 ὅρια
3562 3552 3576 3574 ,
3605 3508 3690 3571 τὰς

2124 3608 2423 3672 ἀναϐάσεις
2439 3608 2537 3671 τὰς
2562 3606 2835 3678 ἐτησίους,
2861 3608 2956 3660 καὶ
2974 3607 3051 3670 ὡς
3080 3607 3431 3677 καρποδότην
3450 3601 3688 3668 δοξάζων,

2125 3702 2224 3771 τῆς
2252 3701 2494 3763 παλαιᾶς
2524 3699 2619 3753 καὶ
2649 3698 3052 3769 δεισιδαίμονος
3092 3697 3202 3750 τῶν
3233 3694 3553 3763 Αἰγυπτίων
3601 3690 3691 3744 οὐκ

2126 3792 2428 3863 ἀποσταίης
2489 3791 2721 3859 πλάνης.
2793 3789 2850 3843 Ὀ
2918 3790 3082 3852 Νῐνός
3138 3806 3224 3842 σοι
3261 3789 3370 3858 τῆς
3427 3782 3691 3857 ὁμολογίας

2125 3882 2367 3953 ἡγείσθω
2383 3885 2405 3949 ,“
2430 3882 2488 3947 ὂς
2519 3881 2814 3951 ἐπώνυμον
2844 3880 3025 3949 ἐαυτῷ
3052 3880 3152 3952 τὴν
3184 3879 3346 3932 πόλιν
3392 3879 3578 3949 ήγειρε
3606 3871 3691 3942 τὴν

2126 3975 2357 4045 Νινευῆ,
2380 3969 2448 4044 ἧς
2478 3974 2513 4044 ἡ
2533 3973 2652 4036 ὁδὸς
2680 3971 2908 4043 ἡμερῶν
2936 3970 3106 4041 τριῶν
3126 3969 3202 4042 τῷ
3230 3969 3500 4043 περιιόντι
3525 3968 3690 4021 διανυ-

2132 4064 2414 4135 σθήσεται.

2201 4157 2292 4211 οδ’.
2323 4155 2613 4224 Μετάϐηθι
2641 4154 2913 4220 ἐντεῦθεν,
2934 4153 2986 4208 εἴ
3012 4171 3095 4209 σοι
3113 4154 3282 4221 δοκεῖ,
3313 4155 3407 4209 ἐπὶ
3424 4153 3547 4215 τοὺς
3569 4143 3691 4202 κατά

2130 4248 2223 4302 τὸν
2263 4247 2606 4319 Ἰσραηλίτην
2639 4245 2767 4300 λαὸν
2795 4248 3143 4318 ὑπάρξαντας
3167 4248 3424 4321 βασιλέας
3444 4287 3457 4311 ,
3487 4243 3576 4297 καὶ
3608 4239 3691 4305 τὴν

2134 4340 2221 4392 ἐπ’
2251 4340 2437 4402 αὐτοῖς
2481 4338 2787 4408 εὐημερίαν
2820 4342 2914 4391 καὶ
2942 4340 3034 4393 τὸν
3064 4340 3256 4411 χρόνον
3302 4330 3656 4410 περιεργάζθυ
3675 4344 3686 4357 ·

2133 4424 2213 4494 εἷς
2235 4430 2292 4483 δέ
2327 4448 2411 4484 σοι
2442 4431 2566 4484 ἀντὶ
2597 4430 2817 4483 πάντων
2847 4431 3157 4502 ἀποχρήσει
3189 4473 3204 4495 ,
3240 4433 3399 4493 κλέος
3435 4430 3570 4499 μέγα
3611 4419 3690 4474 καὶ

447 4514 625 4581 gionis
656 4517 897 4573 habens!
939 4519 1031 4574 Est
1065 4521 1151 4576 hic
1204 4521 1565 4579 Jcroboamus
1615 4540 1809 4581 servus
1853 4536 1908 4581 et
1943 4543 2017 4581 re-

2132 4523 2360 4596 αὔχημα
2393 4523 2760 4594 προκείμενος
2795 4524 3056 4586 πίστεως.
3075 4523 3363 4595 Ἰεροϐοὰμ
3382 4515 3532 4582 οὗτός
3562 4519 3689 4569 ἐστιν

448 4604 619 4660 bellis.
653 4605 947 4679 Postquam
978 4612 1122 4666 enim
1177 4612 1435 4669 Salomon
1495 4617 1773 4686 propheta:
1806 4618 2028 4674 Davidis

450 4694 593 4749 Iilius
615 4711 680 4749 ex
716 4698 815 4752 hac
855 4700 965 4753 vita
1004 4701 1280 4770 migravit,
1332 4703 1421 4758 ille
1463 4718 1527 4757 ex
1559 4703 1797 4774 AEgypto
1839 4707 2021 4771 rediit,

451 4787 539 4840 ubi
578 4788 836 4859 profugus
862 4803 1018 4846 antea
1062 4793 1319 4848 latuerat.
1360 4797 1535 4850 Tanta
1561 4812 1692 4853 vero
1716 4796 1931 4853 fortuna
1966 4814 2032 4854 ac

451 4880 713 4936 felicitate
748 4899 876 4937 usus
914 4893 1017 4953 est,
1048 4895 1104 4938 ut
1126 4897 1342 4955 gentem
1381 4890 1431 4942 iu
1464 4890 1600 4942 duas
1631 4902 1815 4956 partes
1838 4906 2031 4947 secare

450 4973 711 5042 potuerit,
736 4985 789 5029 et
813 4975 1107 5044 plurimum
1140 4980 1377 5032 tribuum‘
1415 4994 1703 5033 numerum
1732 4982 2028 5050 abducere,

450 5064 842 5134 propriamque
874 5066 1135 5121 ditionem
1160 5084 1223 5123 ac
1252 5085 1476 5138 regnum
1508 5071 1612 5125 sibi
1639 5087 1948 5142 segregare,
1979 5082 2036 5129 et

456 5156 597 5225 regia
622 5159 873 5225 prmtoria
918 5168 1182 5225 statuere,
1216 5170 1378 5230 atque
1402 5178 1428 5214 a
1463 5161 1557 5217 Dei
1589 5164 1733 5218 cultu
1770 5167 2030 5236 populum

453 5247 794 5315 abstrahere,
865 5251 1315 5322 daemonibusqtte
1383 5254 1632 5309 exitiosis
1714 5259 2031 5322 admovere,

455 5353 650 5395 aureas
708 5341 926 5409 vitulas,
984 5341 1104 5399 loco
1155 5360 1329 5431 sacra:
1384 5347 1684 5418 religionis,
1740 5349 2032 5404 stultorum

2133 4624 2162 4675 ὁ
2189 4619 2377 4683 δοῦλος
2416 4620 2509 4672 καὶ
2538 4618 2885 4686 ἀποστάτης·
2914 4616 3106 4686 ἐπειδὴ
3139 4618 3250 4688 γὰρ
3276 4612 3526 4684 Σολομὼν
3555 4610 3581 4661 ό
3608 4602 3686 4659 τοῦ

2138 4714 2419 4785 προφήτου
2448 4712 2614 4765 Δαόὶδ
2660 4713 2788 4774 παῖς
2828 4714 2929 4781 τῆς
2970 4708 3216 4765 ’ἐνταῦθα
3256 4709 3404 4779 ζωῆς
3433 4699 3685 4760 ἀπαλλάτ-

2137 4821 2295 4858 τεται
2320 4846 2335 4869 ,
2366 4805 2425 4871 ἐξ
2465 4803 2743 4872 Αἰγύπτου
2774 4802 3046 4865 ἐπάνεισι,
3077 4801 3255 4873 φυγὰς
3284 4803 3461 4854 ἐκεῖσε
3488 4795 3548 4848 τὸ
3574 4789 3686 4860 πρὶν

2138 4895 2379 4965 ἀποδράς
2410 4911 2423 4924 ο
2454 4895 2535 4956 εἰς
2564 4893 2824 4947 τοσοῦτον
2847 4893 2904 4946 δέ
2936 4895 3005 4946 τὰ
3039 4893 3136 4961 τῆς
3166 4891 3339 4962 τύχης
3364 4889 3455 4943 καὶ
3481 4887 3579 4954 τῆς
3614 4879 3689 4932 εὖ·

2139 5003 2171 5053 η
2182 4984 2377 5055 μερίας
2411 4983 2562 5054 αὑτῷ
2602 4983 2926 5045 ἐπιδέδοται,
2955 4982 3031 5045 ὼς
3073 4983 3273 5045 ἱκανῶς
3306 4982 3449 5052 ἔχειν
3477 4977 3560 5029 τὸν
3579 4971 3688 5025 λαὸν

2148 5075 2420 5129 διελέσθαι
2459 5075 2626 5146 διχῆ,
2654 5075 2752 5128 καὶ
2815 5075 2914 5134 τὰς
2968 5074 3227 5137 πλείστας
3258 5074 3366 5126 τῶν
3408 5066 3580 5139 φυλῶν
3606 5065 3689 5114 ἔπ·
3724 5078 3731 5084 ’

2142 5167 2485 5237 αγαγέσθαι,
2520 5167 2613 5220 καὶ
2654 5167 2828 5236 ἀρχὴν
2855 5164 3067 5218 οἰκείαν
3111 5165 3207 5218 καὶ
3260 5159 3542 5251 βασιλείαν-
3568 5155 3686 5251 ἀπο-

2142 5255 2445 5326 τεμέσθαι,
2488 5257 2577 5309 καὶ
2617 5254 2868 5325 βασίλεια
2928 5253 3410 5324 καταστήσασθαι,
3464 5248 3552 5301 καὶ
3602 5248 3687 5307 τῆς

2146 5348 2277 5417 περὶ
2344 5348 2477 5401 Θεὸν
2530 5348 2786 5417 λατρείας
2851 5347 2944 5399 τὸν
2996 5345 3125 5397 λαὸν
3190 5343 3538 5412 ἀπαγαγεῖν,
3603 5327 3687 5385 καὶ

527 5491 798 5552 “lere-tn.
827 5516 879 5564 ι,
912 5498 1004 5553 ‘25.
1080 5499 1127 5532 °"
1149 5498 1353 5556 Jercm.
1394 5518 1530 5568 χχιι,
1561 5503 1617 5557 7.
1692 5503 1738 5535 ⁸⁵
1770 5502 1873 5558 Isa.
1900 5518 2023 5568 ην,
2064 5501 2114 5554 1.

535 5652 648 5725 (86)
686 5653 761 5708 De
826 5655 1027 5725 celebri
1076 5657 1177 5711 hoc.
1217 5655 1541 5718 Timotheo,
1588 5655 1856 5725 discipulo
1900 5671 2033 5715 suo.

463 5718 557 5775 diu
586 5718 821 5791 loquitur
865 5722 1130 5780 Isocrates
1171 5728 1224 5778 in
1251 5726 1512 5779 orationis
1546 5724 1620 5777 De
1646 5718 2033 5793 permutatione

470 5803 622 5861 parte
646 5810 811 5859 nova,
834 5811 993 5865 quam
1028 5813 1123 5850 nos
1154 5795 1436 5850 Mediolani
1467 5795 1593 5850 olim
1631 5796 1872 5850 Latinam
1900 5795 2033 5849 feei-

723 5876 739 5899 \

2142 5671 2264 5709 mus
2311 5663 2472 5723 atque
2527 5656 2956 5716 illustravimus,
3010 5672 3145 5724 quo
3176 5667 3415 5727 tempore
3465 5637 3680 5705 litterarii

2144 5741 2337 5779 cursus
2374 5728 2542 5780 nostri
2575 5727 2882 5780 tirocinium
2920 5729 3220 5791 posuimus.

2220 5797 2331 5865 (37)
2366 5794 2700 5866 Nircplmrus
2733 5799 2784 5851 iu
2824 5797 3120 5861 Bx‘cviartu,
3156 5800 3219 5851 ad
3255 5816 3342 5852 an.
3378 5792 3491 5847 733.
